4120 6378
402 400 523 468 683

1712 397 2019 464 SYMEON
2030 394 2098 462 IS
2136 395 2492 466 JUNIORIS

3681 395 3804 462 684

485 533 627 598 148.
660 535 810 597 Cum
841 534 955 615 piis
984 533 1268 598 fratribus
1299 533 1351 596 si
1397 533 1702 612 contingat
1753 531 1856 594 tibi
1893 551 2060 613 pran-

2229 522 2384 613 ρμη’.
2427 530 2557 590 Μετ’
2615 529 2850 589 εῦλαϐων
2887 530 3127 612 ἀδελφῶν
3182 533 3227 588 εἰ
3269 527 3446 609 συμϐῃ
3475 531 3805 602 ἑστιαθῆναι,

403 622 570 698 dere,
601 623 676 686 de
699 623 977 686 omnibus
1003 622 1524 685 indiscriminatim
1558 629 1790 703 oportet
1813 630 1868 682 te
1892 641 2063 683 man-

403 711 646 790 ducare,
675 731 1046 794 quaecunque
1078 718 1217 774 sint.
1252 711 1315 774 Si
1343 711 1476 793 quis
1531 711 1832 792 prohibuit
1860 730 1936 771 ne
1967 711 2064 791 pi-

403 819 568 865 scem
631 813 735 866 aut
791 802 1023 885 quidvis
1079 801 1240 864 aliud
1296 800 1674 880 comederes,
1727 799 1831 860 tibi
1861 807 2059 860 autem

402 891 531 954 haec
553 893 900 968 offerantur,
933 900 1097 970 tunc,
1124 891 1174 953 si
1197 890 1306 953 sub
1334 909 1510 952 manu
1553 889 1772 952 habeas
1798 907 1933 950 eum
1959 887 2058 968 qui

403 982 734 1061 prohibuit,
759 990 894 1064 pete
915 982 988 1044 ab
1011 982 1140 1063 ipso
1156 981 1389 1043 veniam
1405 980 1480 1042 de
1497 979 1614 1040 illis
1631 976 2016 1040 comedendis
2039 997 2055 1047 ς

403 1071 454 1132 si
486 1091 625 1134 vero
657 1072 832 1154 absit,
867 1080 966 1134 aut
993 1070 1146 1134 scias
1205 1089 1341 1132 eum
1397 1071 1510 1132 hoc
1541 1067 1648 1130 tibi
1679 1086 1797 1129 non
1829 1065 2058 1154 condo-

404 1177 573 1237 nare,
600 1161 732 1223 illos
748 1153 944 1223 autem
971 1159 1374 1222 scandalizare
1392 1158 1568 1230 nolis,
1591 1163 1725 1235 post
1745 1153 2060 1236 prandium

399 1267 528 1311 rem
552 1249 607 1311 ei
629 1269 885 1332 expone,
902 1249 1206 1330 postulans
1230 1248 1484 1322 veniam,
1508 1245 1676 1320 Quod
1707 1247 1756 1307 si
1780 1251 2060 1306 neutrum

399 1338 547 1400 velis
577 1339 791 1401 melius
824 1338 930 1400 tibi
963 1349 1058 1402 est
1112 1338 1250 1400 illos
1297 1356 1414 1400 non
1473 1336 1641 1398 adire
1674 1353 1690 1410 ;
1747 1334 1865 1396 duo
1901 1332 2060 1393 enim

398 1425 766 1491 lucraberis:
798 1427 1026 1490 scilicet
1049 1426 1245 1490 inanis
1269 1425 1474 1506 gloriae
1490 1425 1818 1486 daemonem
1847 1420 2058 1500 fugies,

399 1515 654 1597 illosque
683 1537 717 1580 a
748 1516 1027 1580 seandalo
1060 1527 1118 1578 et
1152 1515 1423 1578 molestia
1481 1512 1788 1577 liberabis.
1828 1510 1888 1573 Si
1924 1508 2060 1588 pin-

399 1605 638 1684 guiores
668 1607 789 1668 sint
817 1606 960 1684 cibi,
995 1624 1165 1669 serva
1220 1603 1503 1684 Regulam
1538 1625 1554 1683 ;
1619 1601 1831 1664 melius
1863 1606 1953 1661 est
1982 1607 2063 1659 ta-

402 1713 540 1757 men
575 1696 753 1758 etiam
814 1695 889 1758 de
946 1695 1041 1757 his
1099 1693 1376 1758 omnibus
1434 1693 1740 1776 paululum
1793 1707 2055 1752 sumere.

399 1782 632 1847 Pariter
661 1804 795 1848 cum
855 1785 1076 1848 alicubi
1139 1785 1419 1847 invitatus
1476 1783 1682 1854 fueris,
1710 1783 1878 1862 juxta
1908 1779 2060 1858 Apo-

401 1873 540 1936 stoli
574 1883 964 1956 praeceptum,
1001 1873 1076 1936 de
1104 1873 1386 1937 omnibus
1427 1871 1533 1934 tibi
1563 1870 1779 1933 oblatis
1809 1866 2059 1932 comede

402 1961 534 2026 sine
563 1962 687 2026 ullo
717 1963 1068 2026 discrimine
1100 1971 1346 2046 propter
1377 1961 1826 2025 conscientiam.

485 2159 621 2222 149.
658 2159 741 2235 Si,
783 2167 844 2223 te
873 2169 1196 2244 peragente
1226 2161 1288 2223 in
1325 2168 1422 2223 tua
1449 2157 1671 2221 cellula
1701 2155 2058 2230 orationem,

408 2249 606 2330 pulset
631 2251 848 2333 aliquis
869 2253 1138 2334 januam,
1174 2251 1230 2314 ei
1279 2249 1472 2332 aperi.
1519 2249 1596 2312 Et
1624 2247 1840 2310 sedens
1872 2245 2062 2307 collo-

405 2355 592 2419 quere
620 2339 953 2420 humiliter,
987 2341 1039 2404 si
1095 2340 1237 2423 quid
1272 2339 1376 2402 tibi
1411 2344 1700 2420 proponat
1730 2336 1804 2398 ad
1835 2334 2062 2396 utilita-

406 2431 527 2488 tem
559 2429 946 2506 conducens;
973 2431 1098 2493 etsi
1121 2447 1238 2512 qua
1260 2427 1531 2490 molestia
1561 2435 1855 2505 gravetur,
1894 2423 2064 2484 stude

400 2514 585 2577 verbo
613 2516 706 2579 vel
738 2537 921 2600 opere
979 2518 1147 2582 illum
1210 2534 1446 2580 sanare.
1506 2515 1590 2577 Eo
1650 2521 1853 2576 autem
1886 2529 2059 2574 rece-

401 2605 606 2684 dente,
640 2615 703 2670 tu
726 2609 913 2689 janua
940 2609 1141 2672 clausa
1168 2615 1536 2688 resumptam
1589 2603 1919 2666 orationem
1951 2601 2060 2662 ab-

403 2693 568 2756 solve
596 2714 610 2759 :
647 2715 784 2759 nam
817 2698 1111 2780 aequanda
1141 2705 1230 2760 est
1259 2692 1737 2760 reconciliationi
1786 2709 1929 2753 cura
1958 2690 2064 2751 ad-

405 2784 674 2847 euntium
709 2786 862 2868 (22).
895 2787 981 2850 De
1037 2786 1422 2849 saacularibus
1477 2801 1618 2845 vero
1649 2782 2060 2843 consulentem

403 2889 526 3021 {ron
551 2873 634 2936 ita
659 2867 894 2958 excipe,
927 2875 1035 2939 sed
1068 2875 1308 2938 nonnisi
1362 2871 1640 2936 absoluta
1669 2869 1938 2933 oratione
1967 2867 2059 2930 al-

429 2979 676 3021 oonere.

429 2979 676 3044 oquere.

493 3175 627 3240 150.
649 3175 800 3238 Dum
823 3194 978 3252 oras,
999 3176 1048 3239 si
1072 3176 1206 3255 quis
1239 3183 1454 3250 terror,
1501 3179 1601 3235 aut
1622 3169 1932 3252 strepitus,
1964 3177 2066 3231 aut

405 3261 600 3341 fulgor
655 3265 825 3347 quasi
879 3265 1150 3348 luminis,
1213 3271 1312 3326 aut
1361 3262 1687 3345 quidquam
1739 3258 1900 3322 aliud
1934 3276 2064 3348 su-

406 3354 766 3433 pervenerit,
794 3362 856 3416 tu
883 3373 960 3417 ne
985 3347 1268 3436 turberis,
1290 3352 1394 3415 sed
1424 3351 1694 3414 tenacius
1715 3347 2065 3430 inﬁoratione
2084 3359 2124 3409 C

406 3458 752 3522 persevera:
779 3462 916 3510 nam
943 3463 978 3506 a
992 3442 1364 3506 daamonibus
1386 3440 1704 3504 suscitatur
1718 3437 2063 3515 commotio,

406 3545 470 3593 et
497 3531 793 3608 fremitus,
827 3541 886 3595 et
915 3532 1252 3610 distractio,
1285 3540 1352 3594 ut
1382 3530 1584 3593 animo
1615 3528 1908 3592 deficiens
1931 3546 2062 3590 ora-

404 3619 629 3682 tionem
659 3621 922 3698 omittas,
974 3629 1034 3685 et
1089 3622 1205 3684 hoc
1256 3619 1544 3700 deinceps
1595 3617 1658 3681 in
1690 3616 2067 3680 consuetudi-

407 3728 547 3771 nem
577 3710 957 3787 deveniente,
989 3711 1283 3792 captivum
1317 3725 1376 3772 te
1405 3708 1516 3772 sub
1569 3727 1748 3771 manu
1778 3707 2058 3769 habeant.

409 3797 471 3861 Si
504 3819 641 3862 vero
686 3800 794 3862 tibi
852 3801 1182 3864 orationem
1241 3800 1548 3882 peragenti
1603 3799 1763 3861 aliud
1788 3798 2065 3876 aﬂ'ulgeat

407 3887 613 3950 lumen
644 3889 718 3951 de
747 3909 863 3971 quo
896 3890 1058 3970 loqui
1089 3909 1206 3952 non
1260 3889 1448 3970 valeo,
1482 3888 1704 3970 tibique
1736 3887 1837 3948 fiat
1865 3887 2063 3950 anima

408 3976 624 4057 gaudio
645 3979 967 4055 exsultans,
989 3987 1046 4040 et
1074 3978 1459 4060 perfectionis
1478 3976 1867 4051 desiderium,
1897 3985 1954 4038 et
1969 3977 2060 4038 la-

407 4083 740 4148 crymarum
775 4067 985 4130 effusio
1017 4088 1150 4130 cum
1184 4066 1666 4149 compunctione,
1700 4065 2061 4146 hicagnosce

409 4154 520 4218 Dei
544 4155 940 4219 visitationem
965 4165 1023 4220 et
1051 4157 1360 4220 auxilium:
1400 4164 1460 4219 et
1488 4156 1540 4218 si
1571 4155 1672 4217 diu
1709 4173 2059 4236 persevera-

406 4243 580 4325 verit,
611 4251 670 4306 te
691 4245 1083 4309 nihilominus
1113 4246 1360 4308 humilia
1392 4264 1462 4308 eo
1492 4245 1650 4326 quod
1683 4244 1831 4306 nihil
1865 4245 2061 4325 perfe-

410 4332 567 4395 ceris
590 4351 658 4395 ex
679 4335 790 4397 hac
821 4335 1210 4417 lacrymarum
1246 4333 1658 4409 continuitate,
1693 4333 1850 4414 quod
1881 4352 2057 4395 men-

409 4431 526 4485 tem
562 4430 720 4484 tuam
753 4422 826 4486 ad
857 4424 1079 4506 aliquid
1131 4424 1370 4486 carnale
1420 4422 1731 4485 ducturum
1764 4429 1872 4485 est.
1907 4421 2059 4486 Ora-

408 4512 634 4574 tionem
665 4529 806 4574 vero
831 4532 971 4577 cave
993 4534 1068 4577 ne
1098 4515 1403 4595 relinquas
1419 4516 1494 4575 ob
1525 4512 1903 4575 inimicorum
1934 4513 2058 4575 for-

408 4600 694 4665 midinem
722 4621 738 4679 ;
766 4604 894 4686 sed,
921 4604 1074 4666 sicut
1096 4623 1243 4685 puer
1271 4602 1626 4685 quibusdam
1666 4601 1861 4664 lamiis
1883 4602 2064 4665 terri-

407 4697 501 4752 tus
530 4690 592 4752 in
622 4690 792 4752 ulnas
823 4693 1030 4755 matris
1089 4693 1348 4777 patrisve
1395 4691 1754 4774 aufugiendo
1784 4691 1930 4753 tales
1958 4709 2059 4754 re-

407 4787 600 4843 movet
635 4787 914 4858 terrores,
949 4782 1034 4846 sic
1065 4791 1124 4845 et
1153 4791 1213 4845 tu
1246 4801 1353 4864 per
1406 4783 1738 4844 orationem
1767 4780 1841 4842 ad
1871 4779 2060 4844 Deum

404 4886 657 4932 currens
687 4869 1032 4950 hujusmodi
1063 4871 1338 4937 timorem
1368 4870 1581 4951 fugies.

489 5079 596 5142 151
616 5129 630 5145 .
651 5078 716 5143 Si
739 5087 797 5143 te
816 5080 877 5144 in
894 5081 1046 5146 cella
1065 5082 1372 5146 sedentem
1385 5080 1607 5163 aliquid
1619 5080 1802 5143 frater
1813 5079 2060 5145 veniens

405 5167 741 5249 interroget
770 5170 930 5235 circa
962 5190 1216 5254 pugnam
1252 5173 1578 5254 carnalem,
1629 5189 1705 5233 ne
1754 5170 1922 5234 illum
1952 5189 2054 5234 re-

408 5261 618 5341 pellas,
649 5261 753 5322 sed
810 5280 946 5324 cum
998 5262 1462 5345 compunctione
1516 5280 1648 5343 qua;
1707 5259 1814 5322 tibi
1873 5261 2060 5340 gratia

403 5358 681 5430 suggeret
711 5358 769 5413 et
799 5370 932 5432 quae
961 5370 1031 5415 ex
1063 5361 1162 5415 tua
1197 5351 1580 5436 experientia
1617 5351 1901 5430 didicisti,
1935 5351 2060 5414 haec

401 5439 491 5500 illi
519 5439 596 5501 ad
628 5439 814 5522 ipsius
867 5441 1182 5506 utilitatem
1242 5441 1620 5505 communica
1683 5458 1942 5521 eumque
1971 5440 2060 5504 sic

403 5527 616 5593 libera.
650 5529 1074 5610 Egredientem
1121 5539 1319 5595 autem
1373 5536 1722 5593 reverenter
1769 5529 2056 5608 salutans,

2144 630 2252 680 τῶν
2318 621 2680 701 προκειμένων
2748 619 3058 701 ἆδιακρίτως
3144 623 3256 702 χρή
3333 643 3392 678 σε
3449 616 3805 697 μεταλαμϐά-

2144 735 2273 787 νειν,
2300 711 2353 768 εἴ
2386 735 2436 768 τι
2465 710 2509 768 δ’
2566 711 2628 768 ἂν
2678 713 2831 770 ὦσιν.
2871 709 3020 800 ὶἘὰν
3076 709 3130 767 δὲ
3191 710 3410 782 ἐντολήν
3468 732 3609 774 τινος
3640 708 3803 789 ἔχῃς,

2142 800 2178 870 ἢ
2209 801 2392 881 ἰχθύος
2423 804 2460 870 ἢ
2490 801 2667 880 ἐτέρου
2698 801 2815 858 ο’ῗου
2873 798 2949 876 μὴ
3009 799 3360 876 μεταλαϐεῖν,
3406 802 3502 858 εἰσὶ
3552 798 3607 856 δὲ
3634 819 3809 878 παρα-

2141 891 2405 966 τιθέμενα,
2444 892 2486 946 εί
2514 892 2812 971 προχείρως
2872 891 2908 967 ᾖ
2959 893 2986 946 ὁ
3048 891 3148 957 τὴν
3205 890 3425 958 ἐντολὴν
3457 889 3598 964 δοὺς,
3631 887 3808 945 ἀπελ-

2141 981 2244 1036 θὼν
2315 993 2505 1036 πεῖσον
2593 982 2748 1036 αὒτὸν
2826 981 3177 1060 συγχωρῆσαί
3253 1003 3335 1037 σοι
3409 989 3501 1039 τοῦ
3573 976 3808 1054 μεταλα-

2142 1065 2280 1127 ϐεῖν.
2330 1071 2388 1125 Εἰ
2437 1067 2490 1124 δὲ
2548 1070 2606 1125 οὗ
2659 1069 2932 1148 πάρεστιν,
3084 1071 3172 1126 καὶ
3227 1069 3506 1148 γινώσκεις
3555 1069 3634 1145 μὴ
3669 1089 3804 1146 συγ-

2145 1171 2349 1238 χωρεῖν
2408 1181 2516 1233 σοι,
2577 1160 2665 1214 καὶ
2718 1157 2878 1214 παλιν
2937 1160 3121 1222 αὖτοὺς
3178 1161 3238 1216 οὒ
3285 1158 3462 1235 βούλει
3518 1155 3804 1215 σκανδαλί-

2144 1270 2254 1321 σαι,
2287 1248 2421 1323 μετὰ
2477 1249 2574 1315 τὴν
2631 1247 2884 1322 ἑστίασιν,
2953 1248 3144 1306 ἀνάθο·›
3201 1251 3342 1324 αὐτῷ
3383 1250 3451 1304 τὰ
3505 1253 3604 1315 τῆς
3659 1246 3804 1325 πρά-

2144 1335 2295 1409 ξεως,
2357 1339 2516 1393 αἰτῶν
2574 1338 2936 1416 συγχώρησιν.
3017 1340 3075 1396 Εἰ
3129 1337 3183 1393 δὲ
3241 1338 3302 1394 ἐκ
3352 1339 3552 1394 τούτων
3595 1335 3804 1394 ούδέτε-

2144 1447 2232 1504 ρον
2261 1425 2459 1505 βούλει,
2503 1427 2745 1504 κρεῖτεόν
2806 1427 2887 1482 σοὶ
2944 1426 3022 1501 μὴ
3076 1425 3328 1483 ἀπελθεῖν
3383 1429 3515 1506 πρὸς
3546 1425 3748 1488 αὐτούς
3782 1443 3798 1456 ⁸

2143 1512 2249 1569 δύω
2278 1514 2376 1593 γὰρ
2431 1512 2726 1593 κερδανεῖς,
2777 1516 2866 1570 καὶ
2921 1517 3010 1571 τὸν
3069 1521 3169 1582 τῆς
3228 1513 3522 1580 κενοδοξίας
3579 1513 3804 1589 δαίμονα

2143 1602 2390 1682 ἐκφεύξῃ,
2463 1604 2550 1659 καὶ
2608 1604 2793 1668 αὐτοὺς
2840 1603 3132 1661 σκανδάλου
3187 1605 3276 1661 καὶ
3330 1602 3561 1679 θλίψεως
3617 1601 3801 1659 ἀπαλ-

2141 1691 2326 1770 λάξῃς,
2379 1693 2437 1749 Εἰ
2487 1690 2542 1747 δὲ
2598 1699 2705 1748 τῶν
2758 1693 3075 1773 παχυτέρων
3134 1695 3255 1766 εἰσὶ,
3318 1691 3546 1774 φύλαξον
3587 1694 3679 1749 τὸν
3710 1713 3805 1748 κα-

2142 1783 2289 1841 νόνα.
2327 1791 2581 1860 Κρεϊσσον
2614 1779 2668 1837 δὲ
2698 1783 2786 1838 καὶ
2832 1782 2914 1838 ἐπὶ
2951 1785 3118 1839 αὐτῶν
3149 1783 3208 1840 ἐκ
3250 1785 3464 1840 πάντων
3493 1784 3680 1862 μικρὸν
3709 1803 3807 1858 με·

2141 1868 2419 1929 ταλαϐεἶν.
2457 1861 2682 1946 Ὀμοίως
2713 1873 2800 1928 καὶ
2830 1871 2914 1928 ἐπὶ
2946 1872 3334 1952 παρακλήσεώς
3364 1895 3531 1947 τινος,
3555 1873 3693 1929 κατὰ
3711 1873 3803 1928 τὸν

2144 1957 2470 2017 Ἀπόστολον
2517 1963 2897 2034 νομοθετοῦντα
2924 1969 3027 2018 πᾶν
3057 1963 3116 2018 τὸ
3148 1963 3561 2043 παρατιθέμενον
3591 1959 3803 2042 ἐσθίειν,

2080 2073 2120 2123 Β
2145 2047 2322 2125 μηδ-ὴν
2351 2049 2721 2127 ἀνακρίνοντας
2753 2047 2836 2106 διὰ
2864 2051 2960 2118 τὴν
2990 2049 3307 2119 συνείδησιν,

2229 2128 2371 2218 ρμθ’,
2435 2135 2558 2195 Ἐὰν
2615 2139 2890 2204 ποιοῦντός
2947 2163 3039 2197 σου
3090 2141 3145 2197 ἐν
3187 2148 3266 2217 τῷ
3319 2139 3515 2215 κελλίῳ
3556 2161 3648 2197 σου
3703 2139 3805 2207 τὴν

2147 2228 2339 2307 εὐχὴν,
2397 2227 2596 2306 κρούσῃ
2651 2250 2737 2283 τισ
2793 2229 2892 2296 τὴν
2965 2230 3142 2308 θύραν,
3203 2229 3404 2297 ἄνοιξον
3473 2231 3638 2304 αύτῷ.
3705 2229 3804 2288 Καὶ

2146 2317 2412 2382 καθεσθεὶς
2465 2315 2724 2392 ὁμίλησον
2783 2319 2916 2393 μετὰ
2971 2319 3367 2395 ταπεινώσεως,
3425 2317 3479 2376 εἴ
3530 2341 3582 2375 τι
3639 2316 3684 2375 δ’
3738 2317 3803 2375 ἂν

2146 2402 2424 2483 προϐάλλῃ
2479 2412 2585 2461 τῶν
2644 2407 3015 2464 συντεινόντων
3073 2409 3146 2473 εἰς
3201 2407 3462 2489 ὠφέλειαν
3496 2424 3510 2438 ⁸
3587 2409 3674 2464 καὶ
3756 2409 3802 2465 εἰ

2144 2496 2248 2551 ὑπὸ
2276 2493 2505 2570 θλίψεώς
2535 2491 2646 2550 ἐστι
2703 2492 3085 2575 βεϐαρημένος,
3147 2495 3435 2554 σπούδασον
3493 2496 3530 2566 ἢ
3574 2495 3626 2553 ἐν
3655 2495 3802 2575 λόγῳ

2145 2582 2182 2652 ἢ
2235 2582 2289 2638 ἐν
2321 2581 2457 2662 ἔργῳ
2503 2589 2814 2660 θεραπεῦσαι
2872 2585 3050 2648 αὐτόν,
3115 2587 3211 2644 Καὶ
3266 2586 3426 2644 πάλιν
3483 2588 3642 2643 αὐτοῦ
3669 2586 3801 2645 ἀναο

2145 2680 2471 2752 χωροῦντος,
2563 2670 2804 2745 κλείσας,
2885 2672 3348 2752 ἐπαναλαϐόμενος
3446 2677 3548 2743 τὴν
3631 2677 3804 2756 εῦχήν

2145 2761 2398 2821 ἐπιτέλει.
2457 2762 2556 2819 Καὶ
2613 2763 2712 2840 γὰρ
2763 2763 2958 2838 ὁμοίως
3015 2769 3113 2832 τῆς
3169 2764 3512 2842 καταλλαγῆς
3573 2766 3804 2845 ὑπάρχει

2143 2852 2232 2908 καὶ
2260 2853 2294 2919 ἡ
2347 2851 2594 2930 θεραπεία
2647 2857 2752 2906 τῶν
2809 2852 3156 2929 προσιόντων.
3219 2855 3326 2910 Οόκ
3379 2853 3466 2910 ἐπὶ
3519 2854 3796 2929 κοσμικῶν

2147 2938 2200 2997 δὲ
2243 2939 2409 3004 οὕτως
2467 2937 2550 2995 δετ
2591 2953 2766 2996 ποιεῖν
2799 2957 2814 2972 °
2875 2939 3012 2996 ἀλλὰ
3061 2939 3390 3018 πληροῦντας
3466 2942 3565 3009 τὴν
3621 2941 3796 3023 εὐχὴν

2147 3028 2311 3094 οὕτως
2342 3031 2485 3104 αύτῷ
2515 3027 2748 3104 ὁμιλεῖν,

2229 3202 2328 3293 ρν”.
2381 3212 2709 3298 Ἐὒχομένου
2757 3211 2811 3272 δέ
2869 3237 2983 3296 σου,
3044 3214 3088 3272 εί
3143 3211 3307 3272 δειλία
3361 3237 3441 3280 τις
3497 3214 3534 3284 ἢ
3579 3213 3802 3282 κτύπος,

2147 3300 2185 3370 ἢ
2247 3304 2321 3368 ὡς
2408 3311 2518 3384 φῶς
2604 3302 2910 3384 επιλάμψῃ,
2989 3303 3024 3372 ἢ
3105 3301 3235 3361 ἄλλο
3311 3327 3362 3361 τι
3439 3304 3683 3384 γένηται,
3742 3305 3806 3362 σὺ

2151 3391 2230 3468 μὴ
2285 3395 2535 3470 θροηθῇς,
2618 3391 2756 3449 ἀλλὰ
2838 3391 3041 3470 μᾶλλον
3097 3391 3454 3474 ἐκτενέστερον
3509 3400 3579 3472 τῇ
3633 3415 3802 3474 προσ-

2149 3487 2289 3561 ευχῇ
2397 3482 2722 3563 καρτέρησον
2757 3502 2772 3518 ’
2878 3484 3092 3564 ταραχὴ
3188 3485 3287 3565 γὰρ
3385 3485 3584 3565 γίνεται
3684 3483 3806 3542 δαι-

2148 3571 2373 3648 μονικὴ,
2429 3574 2518 3630 καὶ
2575 3573 2758 3653 φρίκη,
2819 3574 2907 3630 καὶ
2978 3571 3247 3647 ἔκστασις,
3307 3571 3454 3638 ὅπως
3512 3575 3804 3655 χαυνωθεὶς

2145 3659 2244 3727 τὴν
2275 3661 2444 3741 εὐχὴν
2473 3661 2635 3738 ἐάσῃς
2669 3679 2686 3694 ⁶
2735 3663 2822 3718 καὶ
2873 3660 3060 3720 λοιπὸν
3117 3663 3170 3719 ἐν
3229 3662 3330 3729 ἕξει
3359 3664 3545 3721 τούτου
3573 3662 3806 3742 γενομέ-

2143 3771 2245 3822 νου,
2287 3751 2592 3831 ὑποχείριόν
2650 3773 2708 3807 σε
2763 3747 2986 3808 λάϐωσι.
3053 3754 3109 3809 Εἰ
3164 3749 3219 3808 δὲ
3275 3753 3376 3820 τὴν
3434 3753 3602 3833 εὐχὴν
3650 3751 3806 3810 ἐκτε-

2143 3837 2384 3914 λοῦντος,
2452 3839 2629 3919 ἕτερον
2700 3845 2812 3920 φῶς
2871 3838 3151 3917 ἐπιλάμψῃ
3213 3863 3317 3916 σοι,
3379 3839 3510 3922 ὅπερ
3567 3839 3808 3899 ἀδυνατῶ

2143 3929 2358 4008 φράσαι,
2410 3936 2582 4008 χαρᾶς
2639 3951 2696 3985 τε
2753 3928 2966 4008 πλήρης
3023 3931 3058 3997 ἡ
3114 3930 3268 4010 ψυχὴ
3323 3929 3570 4008 γένηται,
3623 3931 3806 3988 ἐπιθυ-

2145 4017 2240 4092 μία
2296 4039 2354 4073 τε
2401 4023 2506 4073 τῶν
2561 4017 2897 4096 κρειττόνων,
2941 4018 3030 4074 καὶ
3083 4015 3319 4098 δακρύων
3373 4018 3609 4098 ἐπίῤῥοια
3666 4021 3806 4097 μετὰ

2142 4105 2492 4187 κατανύξεως,
2548 4108 2775 4186 γίνωσκε
2830 4107 2969 4163 θείαν
3026 4106 3326 4177 ἐπισκοπὴν
3383 4109 3526 4167 εἶναι
3585 4113 3678 4167 καὶ
3702 4110 3805 4166 ἆν-

2141 4194 2359 4271 τίληψιν
2407 4203 2560 4253 τοῦτο
2589 4215 2602 4230 ⁸
2663 4197 2751 4254 καὶ
2809 4197 2852 4252 εἰ
2881 4197 3106 4274 ἐπιμένῃ
3139 4197 3300 4280 μέχρι
3331 4198 3557 4274 πολλοῦ,
3626 4197 3714 4256 διὰ
3740 4201 3806 4258 τὸ

2142 4287 2218 4360 μή
2251 4307 2299 4340 τι
2348 4283 2510 4342 πλέον
2554 4307 2635 4342 σοι
2686 4285 2924 4364 γενέσθαι
2975 4286 3038 4343 ἐκ
3087 4293 3186 4354 τῆς
3243 4295 3350 4344 τῶν
3404 4287 3639 4368 δακρύων
3671 4310 3804 4346 συν-

2143 4379 2308 4454 οχῆς,
2342 4375 2745 4455 αἰχμαλώτισον
2787 4377 2879 4432 τὸν
2907 4384 3026 4433 νοῦν
3076 4399 3169 4434 σου
3217 4376 3300 4442 εἴς
3333 4401 3384 4435 τι
3412 4385 3522 4435 τῶν
3552 4400 3801 4455 σωματι-

2141 4470 2275 4545 κῶν,
2307 4465 2396 4520 καὶ
2427 4464 2480 4520 ἐν
2507 4467 2677 4541 τούτῳ
2718 4468 3090 4546 ταπεινωθήσῃ
3125 4483 3138 4498 ⁸
3197 4468 3298 4535 τὴν
3329 4465 3384 4524 δὲ
3428 4470 3598 4550 εὐχὴν
3639 4469 3809 4546 πρόσο

2145 4575 2240 4634 εχε
2301 4554 2380 4629 μὴ
2437 4554 2491 4611 ἐν
2551 4561 2619 4632 τῇ
2668 4561 2772 4610 τῶν
2829 4553 3034 4635 ἐχθρῶν
3105 4555 3388 4638 ἐκφοϐήσει
3445 4556 3802 4634 καταλετψαι.

2145 4639 2296 4699 Ἀλλ’
2344 4643 2522 4723 ὥσπερ
2563 4656 2696 4708 παῖς
2753 4645 2854 4700 ὑπό
2904 4667 3062 4701 τινων
3117 4645 3515 4726 μορμολυκείων
3568 4643 3807 4703 δεδιττό-

2082 4753 2302 4824 1>μενος
2345 4733 2447 4789 ὑπὸ
2495 4733 2590 4797 τὰς
2647 4731 2884 4811 ἀγκάλας
2943 4740 3042 4802 τῆς
3100 4738 3302 4814 μητρὸς
3361 4735 3398 4804 ἢ
3453 4742 3547 4793 τοῦ
3600 4736 3806 4816 πατρὸς

2142 4821 2513 4901 προσφεύγων,
2559 4823 2650 4878 τὸν
2706 4822 2906 4880 τούτων
2959 4822 3255 4883 ἀπωθεῖται
3313 4823 3496 4906 φόϐον,
3553 4823 3692 4882 οὕτω
3715 4827 3809 4885 καὶ

2141 4909 2204 4968 σὺ
2254 4908 2338 4966 διὰ
2392 4917 2487 4975 τᾶς
2547 4913 2743 4992 εὐχῆς,
2807 4915 2938 4993 πρὸς
2996 4916 3088 4971 τὸν
3147 4916 3279 4972 Θεὸν
3331 4913 3669 4996 ἀναδραμὼν,
3713 4915 3811 4973 τὸν

2139 4998 2341 5082 τούτων
2377 4996 2537 5079 φόϐον
2567 4998 2846 5082 διαφεύξει.

2221 5077 2356 5166 ρνα’.
2392 5077 2518 5146 Ἒὰν
2561 5077 2912 5167 καθεζομένου
2972 5116 3066 5151 σου
3117 5092 3172 5150 ἐν
3227 5100 3306 5170 τῷ
3333 5093 3551 5170 κελλίῳ,
3578 5091 3807 5175 ἀδελφός

2137 5198 2218 5240 τις
2269 5175 2432 5234 ἐλθὼν
2491 5177 2746 5257 ἐρωτήσει
2797 5204 2879 5238 σοι
2937 5184 3056 5262 περὶ
3111 5191 3364 5262 σαρκικοῦ
3415 5182 3678 5260 πολέμου,
3723 5185 3806 5261 μὴ

2139 5265 2480 5344 ἀποστρέψῃς
2536 5270 2628 5324 τὸν
2684 5278 2944 5347 τοιοῦτον,
3025 5271 3162 5331 ἀλλὰ
3243 5274 3378 5350 μετὰ
3449 5272 3806 5356 κατανύξεως,

2142 5354 2194 5421 ἐξ
2222 5359 2297 5410 ὧν
2325 5358 2361 5425 ἡ
2408 5365 2501 5414 τοῦ
2549 5366 2681 5418 Θεοῦ
2736 5361 2894 5442 χάρις
2956 5361 3351 5443 ἐπιχορηγήσει
3403 5385 3508 5436 σοι,
3567 5364 3657 5420 καὶ
3687 5365 3717 5421 ὃ
3747 5354 3811 5421 ἐκ

2140 5444 2377 5525 πράξεως
2407 5447 2688 5527 κέκτησαι,
2747 5450 3028 5531 ὠφέλησον
3080 5454 3262 5534 αὐτὸν,
3319 5454 3408 5510 καὶ
3463 5451 3632 5519 οὕτως
3658 5452 3805 5510 ἀπό-

2142 5533 2321 5595 λυσον.
2388 5533 2772 5618 Ἐξερχομένου
2824 5538 2904 5618 δὲ,
2963 5542 3142 5618 βαλὼν
3199 5533 3483 5620 μετάνοιαν
3540 5545 3670 5621 πρὸς
3701 5541 3807 5600 αὺ-

488 5725 608 5822 βὲ)
650 5723 718 5788 Id
749 5724 1576 5808 est,sicutinterrumpenda
1605 5731 1699 5789 est
1734 5724 1948 5808 oratio,
1994 5724 2245 5812 ipsaque
2284 5729 2488 5795 altaris
2533 5730 2782 5814 oblatio,
2827 5740 2896 5799 ut
2945 5755 3082 5801 cum
3134 5738 3320 5804 fratre
3364 5736 3806 5822 reconcilieris,

405 5817 492 5882 ita
520 5818 702 5882 etiam
733 5829 802 5884 ut
827 5821 962 5914 ejus
989 5821 1200 5886 salutis
1228 5839 1434 5888 curam
1463 5839 1660 5903 geras.
