4176 6380
358 419 367 427 ’
446 447 563 518 687

1770 441 1922 505 SYM
1930 439 2076 505 EON
2084 441 2154 504 IS
2193 441 2332 505 JUN
2343 439 2545 506 IORIS

3733 444 3860 512 688

441 587 656 650 intimo
685 582 1264 647 communicantem:
1323 602 1346 637 (ι
1384 580 1699 658 Nunquam
1732 573 2139 636 sacriﬁcium!

2201 580 2533 658 παρρήσαντός
2594 606 2684 658 μοι
2740 586 2814 646 ὡς
2871 581 3154 663 προσφιλεῖ
3198 586 3376 657 αὐτοῦ,
3439 581 3520 638 ὅτι
3590 582 3858 642 Οὐδέποτε

445 675 656 750 obtuli,
717 674 863 756 quin
917 672 1168 736 viderim
1242 669 1532 750 Spiritum
1594 673 1893 756 sanctum,
1956 664 2110 725 sicut

443 767 642 849 ipsum
666 754 787 826 vidi
818 764 879 825 in
911 781 1008 824 me
1036 762 1528 830 descendentem,
1555 754 1797 836 quando
1815 771 1997 834 super
2015 771 2108 814 me

447 845 928 920 extendebantur
958 870 1190 926 manus,
1226 845 1736 925 sacerdotalisque
1784 861 2104 904 consecra-

447 943 631 1010 tionis
657 943 987 1006 orationem
1022 938 1398 1020 metropolita
1452 934 1762 1008 recitabat,
1799 941 1858 1020 et
1890 932 2109 992 eucho-

446 1034 669 1114 logium
706 1033 924 1094 misero
957 1029 1134 1111 capiti
1161 1019 1291 1091 meo
1317 1023 1754 1106 imponebatur.
1784 1047 1810 1078 »
1839 1019 2106 1082 Interro-

447 1109 616 1204 gaius
647 1122 825 1200 igitur
852 1140 887 1182 a
918 1138 1014 1181 me
1034 1109 1342 1199 quomodo
1387 1114 1557 1204 illum
1604 1121 1742 1204 tunc
1774 1109 2016 1172 vidisset
2049 1115 2107 1170 et

448 1201 559 1275 sub
585 1230 703 1293 qua
729 1211 940 1290 forma,
995 1205 1356 1288 respondit:
1411 1229 1438 1260 α
1489 1201 1756 1293 Simplex
1815 1205 1962 1279 erat,
1997 1217 2107 1293 nec

447 1287 638 1365 videri
667 1287 934 1382 poterat,
957 1297 1076 1359 nisi
1103 1287 1174 1358 ut
1202 1296 1302 1358 lux
1331 1319 1347 1369 ;
1385 1303 1444 1356 et
1473 1311 1608 1354 cum
1642 1289 1900 1372 primum
1932 1287 2110 1348 mira-

447 1411 571 1468 rer,
604 1391 813 1452 videns
873 1388 1033 1470 quod
1092 1403 1399 1466 nunquam
1454 1382 1747 1454 videram,
1782 1387 1840 1441 et
1871 1396 2106 1438 mecum

451 1483 775 1563 cogitarem
807 1469 1090 1562 quidnam
1124 1478 1237 1540 hoc
1269 1482 1449 1550 esset,
1491 1473 1640 1563 dixit
1669 1471 1769 1533 ille
1802 1469 1951 1563 mihi
1976 1487 2104 1548 my-

449 1560 622 1649 stice,
658 1560 843 1653 quasi
876 1568 1137 1649 linguam
1199 1566 1452 1628 sciens:
1512 1588 1539 1619 α
1599 1561 1721 1641 Ego
1781 1560 1868 1621 sic
1899 1577 2109 1620 omnes

450 1662 592 1724 olim
627 1649 954 1742 prophetas
983 1665 1041 1720 et
1089 1655 1416 1739 apostolos,
1467 1661 1531 1716 et
1561 1670 1722 1713 nunc
1750 1649 2112 1742 Deigelectos

449 1737 800 1832 frequenter
853 1748 1072 1810 visito:
1127 1737 1268 1808 sum
1323 1743 1483 1808 enim
1553 1749 1790 1804 sanctus
1848 1737 2110 1820 Spiritus

452 1830 586 1905 Dei.
622 1861 655 1902 ι
689 1839 800 1904 Cui
828 1838 1017 1917 gloria
1045 1845 1106 1901 et
1131 1837 1317 1899 virtus
1345 1835 1408 1897 in
1434 1831 1671 1896 saecula.
1707 1830 1923 1893 Amen.

2190 667 2586 749 ἐλειτούργησα,
2623 672 2700 747 μὴ
2756 671 2876 729 ἰδὼν
2935 673 2994 727 τὸ
3056 678 3266 746 Πνεῦμα
3323 673 3382 726 τὸ
3441 671 3613 750 ἅγιον,
3677 675 3856 739 καθὼς

2193 760 2318 816 αὒτὸ
2347 757 2492 816 εἶδον
2521 761 2670 817 ἐλθὸν
2728 758 2812 818 ἐπ’
2863 761 3000 838 ἐμοὶ,
3065 759 3152 816 ὅτε
3213 782 3280 835 με
3338 758 3727 840 ἐχειροτόνουν,
3761 765 3856 820 καὶ

2191 849 2289 916 τὴν
2346 849 2512 929 εὐχὴν
2571 858 2660 907 τοῦ
2714 850 2891 930 ἱερέως
2969 853 2996 907 ὁ
3064 849 3463 930 μητροπολίτης
3523 849 3696 928 ἔλεγε,
3756 860 3855 909 τοῦ

2193 937 2520 1017 Εὐχολογίου
2550 939 2884 1014 ἐπικειμένου
2914 945 2981 1015 τῇ
3039 939 3189 1012 ἆθλίᾳ
3246 962 3346 1015 μου
3402 938 3634 1019 κεφαλῇ.
3671 937 3852 1020 Ἐρω-

2189 1028 2365 1094 τηθεὶς
2395 1028 2484 1083 οὖν
2542 1027 2664 1108 παρ’
2731 1029 2858 1104 ἐμοῦ
2907 1036 3020 1092 πῶς
3077 1039 3230 1087 τοῦτο
3290 1026 3403 1085 εἶδε
3461 1028 3604 1108 τότε,
3659 1031 3747 1086 καὶ
3792 1030 3851 1086 ἐν

2189 1117 2338 1173 ποίου
2382 1115 2554 1181 εἴδους
2586 1125 2782 1198 μορφῇ,
2821 1118 2973 1174 εἶπεν
3009 1132 3022 1146 ⁸
3077 1108 3301 1173 Ἀπλοῦν
3343 1117 3440 1192 μὲν
3473 1118 3558 1172 καὶ
3589 1116 3851 1194 ἀνείδεον,
3939 1118 3951 1128 ’

2189 1205 2331 1273 πλὴν
2376 1208 2448 1271 ὡς
2481 1213 2592 1287 φῶς
2628 1228 2642 1243 ·
2676 1210 2764 1264 καὶ
2793 1209 2865 1270 ὡς
2897 1207 3185 1282 ἐὸαύμαζον
3215 1203 3334 1261 κατ’
3395 1206 3568 1286 ἀρχὰς
3626 1204 3773 1281 ἰδὼν,
3819 1208 3852 1263 ὃ

2191 1293 2437 1352 οὐδέποτε
2495 1296 2793 1372 ἐθεασάμην
2831 1313 2842 1326 ⁸
2903 1299 2990 1353 καὶ
3047 1298 3094 1351 τί
3158 1293 3217 1351 ἂν
3263 1294 3353 1360 εἴη
3407 1305 3559 1354 τοῦτο
3603 1293 3852 1375 διαλογι-

2190 1383 2411 1460 ζομένου
2443 1407 2565 1461 μου,
2624 1383 2773 1462 ἔλεγέ
2834 1407 2923 1461 μοι
2983 1383 3247 1460 μυστικῶς
3301 1383 3502 1464 ἐκεῖνο,
3560 1383 3737 1463 ὥσπερ
3793 1384 3852 1442 ἐν

2191 1475 2381 1553 γνώσει
2440 1481 2621 1555 φωνῆς
2659 1491 2671 1504 ⁸
2740 1477 2883 1553 Ἐγὼ
2954 1473 3091 1531 οὕτω
3147 1481 3306 1530 πᾶσιν
3376 1475 3702 1554 προφήταις,
3759 1474 3854 1530 καὶ

2193 1564 2532 1644 ἀποστόλοις,
2565 1567 2653 1621 καὶ
2681 1580 2799 1628 το⁴ς
2830 1572 2914 1621 νῦν
2947 1563 3221 1628 ἐκλεκτοῖς
3252 1564 3344 1621 τοῦ
3374 1571 3529 1644 Θεοῦ,
3559 1565 3650 1620 καὶ
3676 1563 3852 1642 ἅγίοις

2193 1655 2450 1733 ἐπιφοιτῶ
2485 1677 2497 1690 ·
2535 1656 2595 1710 τὸ
2627 1656 2726 1734 γὰρ
2756 1653 2905 1733 ἅγιον
2955 1654 3163 1729 Πνεῦμα
3195 1656 3300 1709 sint
3328 1663 3420 1712 τοῦ
3451 1660 3602 1715 Θεοῦ.
3641 1655 3849 1728 Αὒτῷἡ

2195 1743 2339 1819 δόξα,
2371 1745 2458 1800 καὶ
2485 1745 2544 1800 τὸ
2573 1745 2764 1824 κράτος
2797 1747 2868 1808 εἷς
2899 1745 3020 1809 τοὺς
3054 1746 3268 1806 αἰῶνας,
3305 1745 3480 1819 Αμήν,

477 2045 3812 2077 _________________________—————-———————————————————————-——

1696 2190 1976 2256 SANGTI
2013 2187 2296 2252 PATRIS
2331 2187 2619 2253 NOSTRI

561 2382 1528 2520 SYMEONIS
1687 2375 2584 2506 JUNlORIS

2749 2374 3734 2508 THEOLOGI

1375 2649 1621 2699 ABBATIS
1660 2646 2020 2697 MONASTEBII
2064 2645 2115 2693 S.
2162 2644 2473 2694 MAMANTIS
2513 2642 2575 2690 IN
2618 2642 2968 2693 XEROCERCO

750 2834 908 2930 DE
984 2825 2086 2928 ALTERATIONIBUS

2173 2823 2603 2918 ANIMZE
2706 2821 2863 2914 ET
2945 2821 3546 2920 CORPORIS

714 3053 883 3141 Quae
921 3073 999 3125 ex
1039 3047 1370 3124 varietate
1408 3043 1564 3121 coeli
1603 3052 1724 3119 aut
1758 3042 1963 3135 aeris,
2002 3063 2296 3139 quaeque
2335 3063 2416 3115 ex
2451 3039 2842 3133 elementis,
2886 3065 2964 3116 ex
3001 3041 3200 3130 cibis,
3245 3043 3598 3120 interdum

1224 3168 1436 3245 etiam
1475 3191 1561 3243 ex
1599 3164 2069 3252 daemonibus,
2113 3163 2444 3242 exsistere
2481 3165 2554 3240 in
2593 3165 2798 3242 nobis
2842 3167 3092 3256 solent,
3162 3176 3166 3178 ’

1900 3361 2423 3428 DlSSERTATIO.

1234 3537 1590 3617 Interprete
1618 3535 1804 3600 Petro
1831 3535 2115 3616 Possino,
2165 3532 2484 3600 societatis
2511 3535 2545 3598 J
2549 3549 2660 3598 esu
2693 3536 3088 3620 presbytero.

545 3931 786 3992 Fratres
807 3931 870 3988 et
893 3926 1120 3993 Patres,
1146 3911 1672 3979 debetmonaclms
1689 3909 1900 3992 quaein
1925 3910 2123 3974 anima
2144 3919 2182 3970 Β
2207 3914 2429 3979 tionem
2458 3917 2719 3998 patiens,
2752 3923 2816 3978 ut
2841 3917 3015 3978 vitam
3049 3918 3224 3982 etiam
3256 3931 3514 3988 recuset.
3555 3924 3719 3990 Alias
3747 3944 3859 3990 au-

463 4017 821 4095 contingunt
848 4007 1234 4075 alterationes
1256 4000 1756 4095 mutationesque,
1785 4020 1902 4062 non
1930 4000 2120 4062 solum

461 4125 644 4172 nosse
675 4089 736 4166 et
782 4098 1140 4179 intelligere,
1199 4093 1304 4156 sed
1364 4091 1542 4154 etiam
1599 4108 1806 4154 causas
1836 4089 2122 4172 ipsarum,

465 4197 678 4280 quales
710 4191 948 4280 tandem
1005 4190 1149 4280 sint,
1202 4181 1481 4280 undeque
1533 4179 1606 4280 in.
1653 4180 1784 4280 ipso
1814 4179 2126 4280 exsistant.

461 4268 798 4367 Aliquando
823 4279 982 4343 enim
1009 4273 1206 4338 subita
1226 4269 1492 4367 exoritur
1510 4268 1725 4330 animae
1745 4269 1968 4345 laetitia,
2008 4269 2122 4331 ali-

463 4358 704 4458 quando
734 4370 918 4434 simili
942 4365 1118 4458 modo
1145 4359 1635 4458 mmstitia‘ipsam
1655 4358 1879 4458 invadit
1897 4366 1956 4458 et
1983 4378 2119 4441 gn-

459 4449 612 4530 vedo
639 4462 987 4526 vehemens.
1022 4455 1213 4536 Atque
1242 4449 1543 4512 interdum
1576 4449 1816 4530 quidem
1845 4449 1919 4511 ad
1952 4467 2116 4510 com-

462 4552 803 4639 punctionis
834 4556 1057 4614 motum
1088 4563 1160 4607 ac
1215 4559 1457 4639 sensum
1485 4538 1794 4639 facillima
1852 4545 1942 4601 est
1973 4556 1987 4601 ε
2018 4537 2118 4601 in-

461 4627 699 4709 terdum
731 4635 1102 4711 obcallescit,
1136 4639 1194 4694 et
1248 4630 1322 4693 ad
1383 4627 1600 4709 lapidis
1629 4627 1907 4691 duritiem
1941 4629 2116 4708 riget.

459 4733 624 4798 Alias
653 4748 860 4794 rursus
884 4731 1194 4789 mansueta
1223 4729 1280 4783 et
1301 4717 1547 4782 humilis
1563 4725 1678 4794 est,
1696 4725 1755 4778 at
1785 4717 1960 4798 paulo
1988 4729 2120 4798 post

458 4843 605 4903 vaga
633 4828 856 4895 mente,
891 4811 1470 4903 cogitationibusque
1526 4807 1814 4903 dispersis
1848 4815 1968 4903 tum
1992 4807 2120 4870 ira-

463 4895 658 4976 cunda
683 4919 743 4974 et
798 4895 1102 4970 rabiosula
1155 4901 1228 4964 ad
1287 4915 1496 4962 omnes
1554 4897 1789 4959 fratres.
1851 4895 1922 4958 Et
1963 4916 2121 4960 nunc

460 5001 704 5085 quidem
733 4995 986 5060 remissa
1006 5013 1075 5056 ac
1097 4989 1372 5070 languida
1401 4987 1466 5048 ﬁt
1495 4985 1905 5085 segnisque‘ad
1940 5005 2119 5048 omne

458 5074 647 5171 opus:
679 5088 824 5151 alias
845 5104 985 5147 vero
1004 5086 1351 5164 experrecta
1368 5084 1426 5171 et
1472 5074 1634 5171 vigil,
1670 5094 1738 5136 ac
1769 5075 1842 5136 ad
1875 5093 2116 5137 omnem

457 5163 862 5243 obedientiam
895 5163 1188 5255 prompta,
1225 5175 1289 5230 ut
1316 5165 1494 5255 etiam
1517 5163 1985 5255 circumstantes
2013 5173 2120 5229 aut

2207 4005 2418 4106 temin
2449 4013 2674 4106 tantum
2706 4025 2844 4106 sese
2871 4007 3124 4070 dilatans
3153 4007 3214 4070 in
3242 4009 3370 4092 ipsa
3401 4013 3568 4094 quasi
3600 4016 3862 4079 exundat

2207 4093 2426 4188 laetitiae
2454 4095 2562 4188 vis,
2597 4104 2662 4157 ut
2691 4095 2974 4160 cohibere
3031 4098 3291 4180 seipsam
3351 4093 3634 4186 nequeat,
3663 4125 3858 4188 quan—

2211 4184 2424 4246 tumvis
2451 4184 2511 4247 id
2545 4194 2814 4248 conetur.

2285 4273 2424 4336 Haec
2445 4283 2654 4336 natura
2676 4283 3080 4356 comparatum
3109 4278 3293 4342 estita
3323 4281 3456 4344 ﬁeri
3492 4283 3652 4347 circa
3679 4293 3858 4350 natu-

2206 4362 2364 4455 rales
2384 4363 2797 4455 innovationes
2813 4365 3028 4455 anisz
3049 4380 3107 4428 et
3135 4370 3429 4452 corporis,
3455 4372 3594 4435 dum
3619 4393 3728 4437 nos
3750 4395 3860 4455 pro

2204 4451 2360 4514 virili
2391 4451 2809 4515 contendimus
2839 4453 2900 4516 in
2932 4456 3217 4518 exercitio
3257 4451 3488 4523 virtutis
3519 4470 3577 4524 et
3607 4451 3859 4527 manda-

2201 4549 2394 4603 torum
2411 4540 2855 4622 adimpletione.
2873 4547 3090 4607 Verum
3109 4549 3609 4628 quemadmodum
3625 4554 3686 4615 in
3700 4554 3863 4618 hunc

2206 4630 2450 4692 modum
2481 4629 2766 4693 alteratur
2793 4633 3014 4710 anima,
3048 4635 3126 4697 ita
3159 4645 3218 4698 et
3246 4657 3419 4702 mens
3451 4651 3670 4719 nostra,
3706 4662 3860 4706 con-

2205 4719 2508 4802 similique
2540 4721 2663 4783 haec
2712 4741 2850 4784 cum
2905 4723 3007 4786 illa
3061 4725 3473 4792 vicissitudine
3527 4750 3594 4794 ac
3626 4731 3863 4796 ratione

2204 4821 2626 4873 commutatur.
2663 4809 2764 4872 Est
2795 4812 2956 4873 enim
2987 4813 3290 4877 interdum
3325 4827 3500 4882 acuta
3526 4821 3601 4883 ad
3630 4821 3860 4884 intelli-

2203 4900 2468 5000 gendum
2489 4918 2508 5000 Δε
2535 4901 2764 5000 acutior
2785 4911 2843 4964 et
2861 4903 3196 4979 micantior
3217 4907 3335 5000 illis
3357 4928 3488 4990 quae
3509 4910 3860 4992 intelligen-

2205 4989 2289 5084 tia
2313 4997 2504 5084 versat
2525 4989 2689 5084 intra
2745 5009 2811 5052 se
2871 4994 3295 5084 percurrendis
3327 4989 3391 5058 et
3413 4989 3857 5084 discernendis,

2201 5079 2500 5141 celeriter.
2523 5077 2960 5162 Nonnunquam
2979 5083 3052 5145 ad
3068 5091 3387 5166 utrumque
3409 5089 3566 5151 lenta
3583 5099 3642 5152 et
3663 5077 3856 5156 tarda.

2200 5170 2288 5232 Ac
2314 5168 2630 5249 aliquando
2661 5169 2904 5251 quidem
2939 5172 3148 5234 eadem
3185 5175 3346 5237 velut
3372 5196 3580 5241 amens
3610 5186 3668 5241 et
3697 5186 3862 5243 muta

458 5269 668 5333 obvios
695 5252 974 5349 provocet
1004 5269 1064 5323 et
1093 5256 1264 5341 quasi
1293 5253 1570 5350 convicio
1601 5252 1822 5350 ex‘citet
1850 5253 1925 5314 ad
1947 5261 2117 5350 recte
2138 5259 2177 5309 C
2203 5259 2501 5342 surdaque
2523 5259 2612 5341 ﬁt,
2630 5259 2777 5350 alias
2797 5261 2988 5324 solers
3005 5261 3245 5344 quidem
3271 5273 3328 5327 et
3376 5266 3618 5350 diserta,
3653 5277 3857 5332 atten-

456 5342 777 5438 agenduin.
803 5353 1238 5438 Nonnunquam
1263 5363 1500 5408 rursum
1524 5342 1854 5438 inseipsam
1871 5343 2120 5405 collecta

460 5429 524 5510 et
561 5446 792 5520 devota,
826 5461 962 5504 mox
994 5429 1219 5521 passim
1249 5435 1435 5498 effusa
1468 5450 1484 5508 ;
1534 5440 1657 5521 tum
1689 5429 2119 5521 subcontumax

456 5553 525 5598 ac
557 5518 896 5615 impudens.
932 5518 1376 5605 Nonnunquam
1425 5519 1694 5583 omnium
1741 5518 2029 5582 benevole
2060 5527 2120 5582 et

457 5641 592 5686 cum
638 5608 927 5685 charitate
957 5614 1381 5687 reminiscens,
1440 5627 1663 5690 eosque
1693 5608 1767 5670 ad
1798 5626 1864 5670 se
1896 5627 2114 5690 provo-

453 5739 596 5785 cans
629 5741 644 5782 :
675 5718 823 5781 alias
855 5734 1051 5799 neque
1083 5713 1241 5790 illos,
1295 5725 1489 5794 neque
1542 5708 1638 5799 qui
1667 5725 1873 5799 coram
1899 5706 2115 5770 adsunt

456 5808 680 5875 intueri
702 5794 982 5872 sustinet.
1048 5802 1487 5882 Nonnunquam
1545 5794 1804 5878 denique
1832 5803 2118 5860 contrusa

459 5899 528 5963 in
555 5916 622 5962 se
647 5901 838 5981 ipsam
863 5894 1132 5976 undique
1159 5899 1219 5954 et
1249 5887 1421 5973 quasi
1450 5885 1515 5950 in
1541 5884 1832 5966 angustiis
1857 5885 2116 5949 suﬂ‘oca-

2203 5354 2374 5447 taque
2432 5355 2491 5447 et
2548 5349 2831 5447 prudens,
2893 5351 3586 5447 expeditiqueconsilii,
3647 5373 3858 5418 rursus

2199 5437 2520 5518 aliquando
2552 5455 2729 5515 caeca,
2755 5439 3071 5520 aliquando
3098 5442 3578 5525 perspicax,acie
3601 5445 3757 5508 oculi
3785 5462 3857 5508 eo

2200 5546 2390 5626 usque
2421 5526 2555 5626 acri.
2571 5527 2889 5626 aevivida,
2923 5537 2987 5591 ut
3047 5531 3224 5593 etiam
3285 5553 3474 5615 usque
3503 5534 3574 5596 ad
3605 5533 3856 5617 profun-

2199 5615 2445 5677 ditatem
2457 5614 2952 5698 altitudinemque
2967 5614 3390 5700 mysteriorum
3398 5614 3858 5704 contemplanda

2199 5712 2494 5807 penetret,
2530 5724 2684 5807 pene
2715 5705 2870 5807 ultra
2925 5726 3102 5789 quam
3156 5711 3474 5807 pervenire
3504 5710 3737 5774 homini
3765 5710 3859 5775 fas

2199 5803 2315 5897 est,
2347 5795 2502 5897 viam
2529 5795 2650 5897 sibi
2683 5815 2800 5897 per.
2817 5796 2936 5859 vim
2996 5799 3314 5881 quamdam
3342 5801 3645 5884 aperiens.
3671 5800 3864 5866 Inter-

2203 5883 2348 5950 dum
2370 5883 2625 5970 simplex
2652 5893 2712 5949 et
2729 5885 2804 5949 ad
2827 5904 3069 5954 omnem
3087 5883 3613 5976 contemplationis
3627 5899 3860 5962 motum
