4176 6386
305 261 427 334 689

1668 281 1943 346 CAPITA
1987 279 2356 348 MORALIA.

3578 275 3700 344 690

300 403 609 497 procincta
644 414 704 471 et
731 407 939 473 libera.
974 411 1272 496 Septaque
1323 417 1536 478 eadem
1568 433 1638 479 ac
1665 415 1728 478 in
1761 435 1826 479 se
1854 433 1958 479 re-
1981 424 2023 475 Α
2045 434 2163 497 quo
2195 414 2251 476 ei
2281 411 2467 476 semel
2498 410 2856 494 agglutinato
2873 411 3196 475 concrevit.
3221 408 3400 494 Cujus
3423 409 3489 472 in
3517 427 3691 474 cano

300 489 498 581 ducta,
533 514 786 581 seseque
815 519 1012 563 coram
1037 489 1402 566 ostentantes
1432 504 1723 567 malorum
1755 505 1955 569 illece-

300 576 438 673 bras
470 602 546 646 ne
573 576 893 650 attendens
917 590 1158 670 quidem
1190 599 1294 655 aut
1343 593 1522 654 ullam
1558 612 1762 656 earum
1795 593 1955 673 cogi-

301 669 585 762 tationem
611 677 885 755 capiens:
915 669 1002 740 sic
1025 687 1300 762 tanquam
1329 700 1570 762 prorsus
1593 703 1712 744 non
1729 669 1948 745 essent.

301 761 608 825 Interdum
631 784 769 828 vero
789 768 1155 850 voluptatnm
1178 761 1466 852 imagines
1486 772 1675 834 varias
1697 773 1950 853 ﬁngens,

298 868 544 914 versans
565 861 623 916 et
643 856 1025 938 reciprocans
1051 859 1277 921 alterno
1331 869 1498 938 astu,
1525 880 1711 943 seque
1735 861 1796 924 in
1818 881 1950 924 om-

301 958 442 1032 nem
467 943 755 1023 nequitia
775 949 1038 1028 speciem
1062 948 1339 1023 induens,
1356 950 1952 1032 autpotiustanquam

295 1029 538 1118 ﬂamma
566 1032 626 1093 in
657 1033 987 1098 virentibus
1018 1038 1192 1118 lignis
1223 1059 1255 1100 a
1292 1029 1481 1100 multo
1509 1040 1673 1102 fumo
1705 1029 1954 1102 suffoca-

209 1141 216 1146 '
300 1117 526 1182 tionem
559 1125 877 1202 quamdam
929 1117 1182 1207 patiens,
1224 1147 1340 1190 .res
1397 1130 1650 1191 maxime
1698 1129 1956 1192 nefarias

297 1209 456 1270 ultro
488 1209 830 1292 designans,
865 1235 982 1276 non
1035 1217 1226 1278 solum
1281 1237 1394 1298 qua
1449 1218 1684 1299 objecta
1713 1219 1959 1280 invitant

299 1299 680 1389 occasionum
712 1306 1117 1386 prasentium,
1151 1307 1256 1368 sed
1289 1307 1560 1369 absentia
1580 1307 1754 1370 etiam
1788 1327 1955 1389 qua-

297 1385 436 1477 dam
469 1391 674 1471 procul
707 1412 1044 1477 accersens,
1081 1385 1313 1477 sibique
1345 1397 1671 1460 admovens
1700 1385 1878 1459 stulta
1900 1405 1957 1459 et

297 1473 533 1539 fallacia
567 1479 682 1542 sibi
712 1481 773 1543 in
811 1502 876 1545 se
903 1473 1039 1565 ipsa
1061 1473 1354 1548 deformat
1385 1486 1546 1548 idola
1578 1486 1953 1549 mendacium

299 1566 749 1645 cogitationum.
782 1571 906 1646 Qua
938 1574 1066 1637 vice
1115 1595 1315 1638 rerum
1375 1595 1498 1653 cor,
1534 1577 1674 1640 licet
1705 1577 1954 1639 multum

293 1673 546 1736 gemens
580 1668 639 1722 et
665 1660 966 1725 reluctans
996 1666 1290 1746 anxieque
1321 1674 1682 1743 contestans,
1725 1685 1951 1749 nequa-

2038 505 2155 568 sibi
2181 505 2396 586 placet,
2446 503 2771 566 immunda
2828 502 2953 565 suis
3011 501 3198 564 instar
3252 499 3530 563 obscenis
3558 518 3694 564 sese

2036 595 2269 675 gaudiis
2317 595 2678 674 immergere
2737 593 3120 674 volutareque
3157 590 3440 671 gestiens.
3498 587 3692 652 Nemo

2037 684 2219 764 igitur
2240 684 2312 746 ad
2336 685 2462 746 hac
2479 704 2514 746 a
2538 683 2777 764 proprio
2807 699 3058 764 corpore
3079 680 3307 762 impelli
3327 698 3393 742 se
3418 679 3692 762 trahique

2038 775 2336 854 opinetur.
2370 773 2500 835 Non
2529 773 2611 835 ita
2640 780 2754 836 est.
2793 771 2947 845 Quid
2967 769 3156 850 ergo?
3184 769 3498 833 commoda
3529 787 3696 832 men-

2038 871 2155 924 tem
2187 870 2498 945 attentam,
2562 861 2727 924 tinvit
2783 859 2941 924 Deus
2997 860 3328 936 hominem,
3381 859 3692 940 pulvereo

2037 960 2196 1013 terra
2225 959 2486 1032 sumpto.
2517 951 2602 1013 En
2623 970 2730 1030 ego
2765 949 2872 1012 tibi
2901 949 3138 1013 ostendi
3170 967 3409 1031 corpus,
3444 947 3693 1011 ostende

2031 1043 2154 1123 jam
2193 1055 2252 1104 et
2286 1050 2347 1103 tu
2379 1042 2526 1103 mihi
2583 1059 2715 1122 qua
2761 1039 3086 1122 qualesque
3117 1038 3594 1121 perturbationes
3623 1055 3692 1099 ac

2039 1131 2395 1212 cupiditates
2423 1129 2484 1192 in
2517 1131 2648 1212 ipso
2684 1131 2825 1203 sint,
2859 1128 3124 1210 profecto
3182 1128 3403 1190 nullam
3434 1126 3693 1188 demon-

2038 1228 2225 1282 strare
2247 1228 2437 1301 potes.
2461 1220 2615 1294 Quid
2641 1218 2900 1283 deinde?
2943 1219 3024 1282 Et
3044 1218 3373 1298 insufflauit
3392 1218 3459 1279 in
3474 1216 3695 1296 faciem

2035 1312 2166 1388 ejus
2189 1311 2483 1372 Dominus
2511 1309 2698 1386 Deus,
2729 1316 2789 1371 et
2806 1309 3011 1388 factus
3025 1316 3114 1370 est
3129 1307 3306 1370 homo
3330 1313 3398 1368 in
3418 1308 3693 1369 animam

2036 1400 2339 1462 viventem
2367 1400 2413 1474 ί,
2450 1407 2506 1460 et
2527 1399 2783 1461 surrexit
2825 1417 2858 1460 e
2889 1404 3067 1472 terra,
3104 1404 3163 1458 et
3192 1395 3535 1458 ambulabat
3562 1395 3691 1477 spi-

2036 1487 2153 1548 ritu
2184 1489 2414 1551 scilicet
2443 1489 2545 1571 qui
2572 1491 2697 1570 jam
2729 1489 2789 1549 in
2822 1487 2950 1568 ipso
2981 1494 3108 1549 erat
3137 1505 3243 1567 pro
3275 1493 3565 1567 potestate
3594 1503 3693 1548 ar-

2039 1577 2340 1660 bitrioque
2370 1597 2476 1640 suo
2508 1584 2780 1640 movente
2809 1594 3044 1657 corpus,
3093 1575 3284 1636 fomes
3315 1593 3476 1657 vero,
3508 1575 3688 1637 inde-

2037 1666 2808 1747 liberatusirrationalisque
2823 1673 3014 1727 motus
3025 1671 3390 1728 secretarum
3408 1664 3688 1745 partium:

298 1766 478 1839 quam
500 1768 565 1814 se
586 1752 995 1834 acquiescere,
1010 1756 1159 1819 nihil
1181 1739 1376 1819 tamen
1398 1759 1631 1838 proﬁcit
1647 1739 1719 1820 ad
1737 1739 1951 1820 sedan-
1979 1739 2015 1787 Β
2039 1757 2610 1839 furor,inquam,ille
2626 1774 2692 1818 ac
2703 1739 2890 1838 libido
2905 1771 3278 1836 nequaquam
3292 1739 3485 1816 adhuc
3497 1761 3689 1831 erant,

297 1835 435 1928 (iam
460 1846 894 1922 tempestatem,
923 1855 1301 1928 mentemque
1325 1835 1412 1908 abi
1445 1848 1670 1910 insanis
1688 1847 1956 1926 cogitatis

296 1926 740 2016 deducendam.
773 1932 845 1994 Et
875 1935 1000 1997 hac
1032 1926 1272 2016 quidem
1307 1938 1601 2000 hactenus
1632 1938 1706 1998 tle
1732 1939 1956 2000 altera-

297 2015 560 2109 tionibus
582 2022 799 2085 mentis
824 2034 880 2088 et
922 2015 1346 2088 intellectualis
1380 2035 1597 2088 nostra
1625 2027 1956 2109 divinaque

295 2106 534 2198 anima.
555 2110 698 2184 Qua
720 2132 857 2176 vero
881 2116 1234 2194 contingunt
1254 2117 1415 2178 circa
1438 2135 1654 2196 corpus
1686 2106 1954 2198 inaqua-

297 2195 517 2275 litates,
541 2203 807 2281 quamvis
823 2204 893 2265 ad
928 2204 1394 2268 discernendum
1422 2195 1737 2282 notabiles,
1759 2195 1958 2286 cogni-

296 2295 487 2367 tuque
515 2289 690 2352 nobis
723 2292 927 2355 faciles
982 2289 1316 2371 videantur,
1353 2314 1725 2376 nequaquam
1758 2304 1955 2357 tamen

301 2376 449 2438 tales
478 2387 636 2443 sunt.
663 2380 850 2462 Hujus
881 2383 1043 2444 enim
1076 2383 1265 2464 partis
1297 2385 1583 2466 pleraque
1614 2385 1810 2446 omnis
1831 2384 1956 2446 fere

301 2468 549 2529 mutatio
572 2487 605 2530 a
629 2479 836 2534 natura
861 2479 973 2534 est.
997 2474 1213 2536 Nostra
1234 2473 1454 2555 quippe
1496 2473 1694 2535 anima
1727 2474 1950 2535 immu-

298 2555 500 2619 tabilis
525 2566 736 2622 natura
767 2561 1214 2642 substantiaque
1245 2571 1356 2624 est.
1418 2561 1707 2625 Similiter
1758 2572 1955 2624 autem

302 2652 365 2709 et
395 2666 564 2710 mens
597 2650 808 2711 eodem
837 2651 1014 2712 modo
1047 2660 1105 2713 et
1151 2652 1495 2714 conditione
1530 2661 1755 2715 natura
1778 2652 1954 2715 simul

302 2755 438 2802 cum
469 2741 600 2822 ipsa
629 2761 663 2803 a
695 2743 975 2806 Creatore
1007 2745 1185 2806 edita.
1226 2744 1364 2807 Sola
1391 2754 1643 2828 utraque
1673 2745 1955 2807 nimirum

301 2829 553 2893 arbitrio
587 2850 724 2894 sese
753 2853 998 2896 movens
1028 2835 1269 2916 proprio
1297 2843 1353 2897 et
1382 2836 1573 2899 libero
1595 2836 1822 2917 impetu
1849 2853 1958 2895 vo-

302 2919 550 2982 luntatis
597 2921 873 2984 virtutem
921 2923 1197 2986 vitiumve
1253 2926 1631 3006 participans.
1691 2925 1817 2987 Hoc
1869 2930 1960 2986 est

2038 1846 2143 1908 sed
2167 1853 2294 1908 erat
2316 1847 2377 1908 in
2402 1847 2531 1927 ipso
2553 1846 2669 1908 vita
2690 1863 2942 1908 concors
2962 1843 3036 1905 ab
3050 1843 3351 1905 intestinis
3372 1842 3694 1925 tranquilla

2039 1935 2304 1996 dissidiis
2326 1935 2730 1997 etindividuae
2767 1932 3184 1996 consensionis
3219 1932 3538 1996 securitate
3553 1931 3696 1996 felix

2039 2032 2244 2086 status.
2275 2025 2598 2087 Videamus
2618 2024 2798 2105 igitur
2818 2042 2894 2086 ne
2925 2025 3074 2086 forte
3104 2041 3175 2085 eo
3204 2022 3361 2105 quod
3385 2041 3505 2084 non
3536 2029 3695 2085 esset

2041 2113 2278 2190 mulier,
2303 2121 2405 2175 aut
2426 2114 2565 2196 quia
2581 2133 2700 2176 non
2719 2122 2846 2176 erat
2867 2121 3078 2194 prasto
3102 2113 3274 2193 COpia
3289 2111 3562 2175 ciborum
3593 2129 3692 2175 sa-

2041 2202 2217 2265 livam
2235 2203 2853 2278 moventium,idcirco
2864 2220 3063 2284 neque
3079 2202 3148 2264 ad
3166 2201 3479 2264 libidinem
3496 2221 3696 2284 neque

2039 2292 2111 2353 ad
2140 2293 2336 2371 gulam
2367 2294 2546 2355 homo
2577 2303 2935 2355 moveretur.
2982 2290 3230 2365 Quando
3259 2291 3438 2371 igitur
3467 2290 3694 2372 produ-

2039 2383 2122 2444 xit
2147 2384 2220 2444 de
2245 2383 2424 2444 humo
2454 2382 2610 2444 Deus
2639 2382 2888 2446 arbores
2917 2400 3095 2444 omne
3118 2397 3311 2462 genus
3330 2380 3686 2460 fructiferas,

2043 2471 2347 2552 speciosas
2363 2471 2512 2547 visu,
2531 2479 2764 2550 gustatu
2787 2472 3035 2534 suaves?
3072 2468 3320 2544 Quando
3343 2487 3482 2531 vero
3502 2469 3693 2532 Adam

2040 2571 2096 2622 et
2128 2563 2246 2624 Eva
2272 2561 2416 2622 nudi
2446 2561 2622 2623 simul
2679 2569 2847 2624 erant
2901 2561 2963 2622 in
3021 2559 3296 2642 paradiso
3326 2577 3440 2620 nec
3471 2558 3692 2622 erube-

2041 2650 2287 2714 scebant
2313 2652 2344 2703 2
2371 2653 2402 2713 ‘2
2433 2651 2613 2714 Vides
2644 2670 2840 2732 neque
2894 2650 3052 2732 quod
3113 2657 3272 2712 esset
3298 2647 3414 2710 Eva
3443 2648 3689 2726 femina,

2039 2760 2151 2803 nec
2180 2743 2339 2823 quod
2364 2742 2559 2804 nudus
2580 2748 2832 2822 uterque
2853 2741 3038 2802 ullum
3067 2740 3416 2820 cujusquam
3447 2738 3688 2800 illorum

2039 2830 2422 2892 continentiae
2447 2829 2826 2911 dispendium
2859 2846 2990 2890 esse
3046 2827 3332 2890 oblatum.
3367 2825 3484 2890 Sed
3513 2845 3691 2909 quam

2040 2917 2186 2980 libet
2211 2919 2376 2995 nudi,
2412 2919 2599 2981 mutui
2629 2925 2820 2980 tactus
2851 2916 3218 2999 experientia
3267 2917 3572 2980 carebant.
3605 2917 3693 2981 Ac

305 3009 463 3091 quod
494 3009 624 3073 aliis
653 3012 856 3074 verbis
879 3013 998 3075 dici
1024 3015 1198 3090 solet,
1224 3003 1378 3077 locis
1398 3003 1530 3078 illas
1559 3024 1657 3077 aut
1679 3015 1956 3078 tenebra-
1977 3003 2016 3054 ο
2044 3026 2235 3090 neque
2267 3009 2388 3071 ulla
2420 3007 2865 3091 perturbatione
2898 3006 3163 3088 pudoriS,
3190 3025 3386 3088 neque
3407 3007 3695 3070 naturalis

304 3117 437 3162 rum
474 3117 580 3180 pro
612 3101 858 3164 arbitrio
893 3103 1205 3164 electionis
1260 3123 1382 3166 sua
1413 3104 1954 3186 participandarum
2039 3097 2390 3179 corporibus
2449 3097 2774 3178 pruriginis
2831 3097 3073 3158 stimulo
3153 3096 3695 3186 tentabantnraAt
3795 3150 3806 3159 .

305 3193 703 3252 communiter
729 3191 790 3254 in
849 3212 1026 3254 omne
1081 3212 1267 3255 aevum
1327 3194 1598 3257 dominas
1629 3185 1685 3257 et
1709 3213 1955 3276 capaces
2040 3194 2506 3268 ροειρθοοίιίυῐη
2528 3185 3692 3276 “transgressionem.eiectisambobus

309 3296 378 3340 ac
406 3279 570 3360 quasi
601 3281 871 3344 haredes
902 3283 1270 3345 constitutas.
1325 3283 1561 3361 Anima,
1599 3273 1861 3366 inquam,
1898 3294 1956 3346 et
2038 3296 2069 3338 e
2092 3276 2390 3358 paradiso,
2416 3277 2661 3366 Deoque
2684 3275 2945 3366 nudatis,
2968 3273 3284 3356 divinaque
3299 3275 3436 3366 ejus
3465 3275 3693 3339 exclusi

310 3385 477 3429 mens
504 3369 675 3432 alteri
705 3372 945 3449 horum,
979 3381 1042 3434 ut
1072 3373 1300 3434 dictum
1356 3380 1471 3448 est,
1504 3364 1748 3435 arbitr—io
1778 3364 1948 3436 dele-
2036 3367 2246 3446 gloria,
2279 3375 2403 3430 tum
2437 3365 2706 3447 demum,
2739 3373 2798 3427 ut
2829 3364 3121 3445 scriptum
3181 3371 3273 3426 est
3297 3365 3353 3440 5,
3413 3366 3692 3445 cognovit

304 3463 430 3519 ctus
453 3465 513 3520 et
543 3459 875 3523 voluntaria
905 3461 1242 3523 adhasione
1273 3462 1520 3525 affectus
1550 3461 1728 3524 liberi
1755 3463 1948 3538 aﬂixa,

300 3546 620 3629 siquidem
681 3549 862 3627 bono,
923 3551 1095 3613 bona
1150 3552 1350 3627 ﬁunt;
1410 3552 1502 3613 sin
1537 3560 1733 3614 autem
1770 3551 1948 3628 malo,

301 3639 470 3700 mala
502 3640 780 3706 evadunt.
827 3642 902 3703 At
942 3661 1160 3723 corpus
1193 3649 1251 3704 et
1281 3651 1491 3704 natura
1519 3641 1825 3718 mutabile,
1855 3649 1954 3702 ut-

301 3737 438 3810 pote
465 3731 858 3810 compositum
894 3739 952 3793 et
981 3732 1310 3795 substantia
1339 3734 1582 3809 ﬂuxum,
1611 3740 1672 3793 ut
1701 3731 1858 3814 quod
1882 3751 1950 3793 ex

303 3819 551 3881 materia
571 3821 942 3902 corruptibili
964 3823 1236 3904 ﬂuxaque
1259 3831 1510 3897 constet,
1537 3823 1953 3885 commistione

301 3918 403 3972 aut
423 3911 976 3990 contemperatione
998 3914 1315 3975 conﬂatum
1343 3912 1776 3975 contrariorum
1805 3913 1955 3975 invi-

302 4017 456 4061 cem.
476 3999 560 4061 Ex
583 3999 774 4061 calido
797 4001 1090 4082 siquidem
1117 4010 1175 4064 et
1196 4001 1434 4084 frigido,
1463 4010 1526 4064 ut
1568 4003 1771 4064 talium
1803 4022 1952 4064 con-

299 4088 440 4150 sulti
469 4107 611 4152 vere
634 4089 860 4172 dicunt,
899 4110 1090 4172 exque
1121 4092 1280 4155 sicco
1312 4099 1490 4174 atque
1519 4091 1767 4154 humido
1800 4091 1946 4154 sub-

297 4178 512 4240 stantia
540 4179 668 4258 ejus
700 4187 809 4244 est.
849 4178 1138 4243 Caterum
1162 4181 1357 4262 ipsum
1388 4200 1499 4262 per
1528 4181 1790 4262 seipsum
1826 4181 1948 4244 ele-

297 4267 499 4332 ctione
524 4268 893 4352 arbitrioque
923 4290 1154 4332 cassum
1215 4283 1328 4345 est,
1391 4275 1508 4333 imo
1542 4271 1592 4334 si
1625 4271 1944 4334 dicendum

300 4365 412 4439 est,
453 4366 510 4420 et
565 4368 780 4421 motu:
841 4360 954 4423 nisi
1015 4360 1065 4422 si
1114 4361 1248 4442 quis
1306 4361 1700 4424 caducitatem
1737 4363 1866 4443 ejus
1897 4369 1956 4425 et

301 4449 524 4512 ﬂuxum
557 4448 616 4510 in
648 4451 1093 4532 corruptionem
1156 4460 1378 4513 motum
1437 4451 1782 4515 substantia
1825 4453 1955 4532 ejus

302 4539 632 4602 naturalem
657 4540 974 4621 quemdam
1000 4539 1238 4616 dixerit,
1273 4541 1374 4622 qui
1407 4541 1608 4624 utique
1639 4541 1956 4603 irrationa-

301 4627 378 4689 lis
408 4636 517 4690 est.
547 4627 608 4691 Si
631 4637 825 4692 autem
859 4629 1236 4704 irrationalis,
1269 4639 1328 4692 et
1356 4631 1544 4714 culpa
1575 4649 1810 4712 expers,
1841 4649 1955 4694 ne—

303 4735 418 4800 que
450 4717 739 4781 obnoxius
771 4719 874 4782 Dei
919 4719 1176 4800 judicio.
1232 4719 1446 4783 Fomes
1474 4741 1639 4798 vero,
1675 4721 1957 4802 concupi-

300 4809 554 4890 scentia,
619 4809 828 4887 libido,
894 4809 1191 4890 voluptas,
1250 4810 1407 4892 gula,
1467 4811 1954 4892 intemperantia,

299 4897 723 4980 somnolentis,
781 4898 1040 4974 desidia,
1101 4899 1274 4961 luxus
1326 4901 1575 4963 vestium
1631 4915 1687 4961 et
1739 4899 1960 4962 similia

298 4987 526 5068 omnia,
560 5006 692 5068 qua
723 4989 990 5070 plerique
1036 4989 1272 5070 corpori
1324 4991 1641 5071 imputant,
1675 4997 1949 5072 tanquam

298 5078 360 5140 id
386 5077 448 5138 in
471 5095 540 5139 ea
561 5077 804 5155 feratur,
831 5097 948 5140 non
972 5087 1108 5140 sunt
1131 5088 1327 5141 tamen
1345 5081 1474 5160 ejus
1499 5079 1739 5163 propria
1761 5079 1952 5161 ;quod

301 5176 548 5249 apparet
577 5167 636 5228 in
673 5177 884 5248 morte,
918 5169 1153 5250 quando
1184 5179 1415 5232 remota
1443 5171 1642 5233 anima
1663 5171 1812 5233 nihil
1844 5172 1954 5232 ho-

300 5275 435 5319 rum
468 5275 686 5339 corpus
717 5258 956 5340 appetit.
988 5259 1214 5321 Anima
1237 5258 1416 5339 igitur
1443 5279 1549 5342 per
1569 5279 1787 5340 organa
1817 5276 1958 5323 cor-

305 5345 470 5428 poris
500 5347 602 5410 isti
636 5355 828 5409 motus
858 5355 1018 5410 sunt.
1069 5347 1206 5410 Hac
1237 5348 1338 5410 illa
1369 5349 1483 5411 sibi
1515 5349 1805 5430 indulget,
1833 5350 1960 5410 hac

301 5436 530 5517 appetit
557 5435 803 5500 delinita
832 5437 1282 5500 necessitudine
1331 5437 1637 5501 lutulenta
1663 5439 1860 5501 carnis
1891 5457 1962 5501 ex

387 5657 409 5701 ι
444 5654 610 5734 ,δοκι
646 5675 712 5736 ιι,
746 5658 807 5720 ’7.
891 5656 926 5711 3
963 5657 1115 5723 Ibid.
1147 5659 1248 5724 25.
1332 5659 1368 5711 δ
1395 5658 1551 5726 Gen.
1585 5677 1665 5726 Iv.
1699 5663 1761 5736 1,

2032 3455 2226 3519 Adam
2257 3473 2503 3517 uxorem
2538 3473 2705 3516 suam
2735 3473 2866 3535 qua
2893 3453 3170 3535 concepit
3198 3461 3257 3516 et
3284 3454 3533 3534 peperit.
3565 3453 3691 3533 Igi-

2038 3554 2150 3618 tur,
2186 3543 2556 3618 charissime,
2591 3544 2641 3605 si
2669 3543 2855 3605 Deum
2904 3543 3141 3605 sincere
3193 3542 3486 3604 amaveris
3516 3551 3574 3605 et
3603 3550 3690 3620 tu,

2038 3641 2096 3695 et
2123 3633 2182 3694 in
2215 3635 2344 3715 ejus
2377 3633 2699 3695 dilectione
2730 3632 3046 3708 manseris,
3099 3633 3261 3695 nulla
3290 3631 3397 3694 tibi
3426 3651 3690 3715 unquam

2038 3723 2405 3804 perturbatio
2424 3722 2851 3802 dominabitur,
2870 3741 2983 3784 nec
3006 3731 3063 3784 te
3083 3721 3194 3784 sub
3218 3721 3504 3784 ditionem
3519 3741 3690 3786 suam
3748 3742 3764 3748 ‘

2035 3831 2334 3895 corporea
2368 3812 2738 3876 necessitatis
2770 3812 3030 3894 tyrannis
3084 3831 3346 3895 unquam
3378 3812 3500 3876 ulla
3526 3813 3693 3876 redi-

2035 3917 2156 3984 get.
2192 3903 2707 3977 Quemadmodum
2734 3904 2895 3965 enim
2925 3904 2999 3965 ad
3031 3903 3182 3965 nihil
3215 3923 3434 3986 corpus
3466 3908 3698 3973 moveri

2038 3999 2229 4070 potest
2276 3992 2407 4052 sine
2438 3993 2676 4053 anima:
2723 3991 2810 4054 sic
2841 4011 3038 4074 neque
3067 3992 3190 4054 Deo
3221 3991 3388 4054 unita
3412 4010 3519 4073 per
3547 3992 3694 4054 cha-

2034 4083 2268 4144 ritatem
2292 4081 2490 4143 anima
2517 4081 2658 4143 inde
2689 4081 2906 4144 abduci
2937 4081 3057 4144 ulla
3087 4084 3143 4143 vi
3188 4090 3386 4165 potest
3412 4081 3485 4144 ad
3518 4081 3694 4144 volu-

2033 4180 2220 4253 ptates
2249 4171 2684 4253 cupiditatesve
2707 4191 3043 4254 corporeas.
3071 4170 3188 4234 Sed
3217 4190 3410 4254 neque
3439 4172 3513 4233 ad
3544 4171 3694 4234 alias

2038 4261 2554 4342 concupiscentias
2579 4260 2815 4342 quasvis
2836 4261 3155 4324 visibilium
3179 4269 3279 4324 aut
3300 4260 3693 4324 invisibilium

2037 4372 2236 4415 rerum
2266 4365 2371 4414 aut
2400 4355 2700 4432 vitiorum,
2737 4360 2972 4415 tenetur
3003 4352 3164 4415 enim
3217 4353 3499 4415 astrictus
3531 4351 3694 4414 dulci

2038 4443 2145 4506 Dei
2179 4443 2467 4504 charitate
2498 4442 2757 4523 impetus
2788 4442 2987 4504 cordis
3011 4443 3166 4522 ejus.
3189 4440 3297 4504 Illa
3320 4441 3501 4522 igitur
3521 4439 3697 4503 Crea-

2041 4533 2213 4609 toris,
2247 4542 2311 4594 ut
2335 4532 2557 4594 dictum
2592 4540 2702 4608 est,
2735 4533 2828 4594 sui
2860 4532 3178 4611 complexu
3206 4531 3552 4605 constricta,
3586 4549 3698 4610 age

2041 4643 2157 4706 qua
2179 4624 2418 4685 tandem
2442 4622 2672 4683 ratione
2695 4629 2870 4702 queat
2893 4621 3164 4702 corporei
3204 4620 3428 4683 fomitis
3457 4621 3698 4682 ﬂamma

2041 4713 2287 4794 corripi,
2321 4720 2425 4774 aut
2452 4710 2698 4773 omnino
2743 4709 3044 4791 cupidinis
3103 4710 3281 4773 ullius
3313 4709 3574 4773 carnalis
3604 4709 3698 4772 af-

2041 4804 2220 4868 fectui
2255 4802 2592 4884 mancipare
2649 4819 3011 4863 consensum
3066 4819 3264 4882 suum,
3320 4801 3482 4861 nullo
3532 4807 3695 4862 certo

2043 4893 2239 4956 modo.
2275 4891 2444 4965 Quod
2479 4911 2616 4955 vero
2649 4892 3007 4954 mutationes
3062 4890 3196 4952 illas
3225 4889 3434 4951 attinet
3461 4907 3593 4971 quae
3624 4908 3697 4952 ex

2041 4982 2293 5046 naturali
2350 4979 2694 5044 conditione
2753 4979 3024 5060 corporis
3080 4978 3419 5041 necessario
3475 4978 3534 5040 in
3564 4977 3698 5060 ipso

2038 5073 2354 5154 exsistunt,
2387 5091 2472 5134 ea
2500 5089 2644 5133 sane
2693 5069 3021 5132 manifesta
3077 5078 3238 5145 sunt,
3286 5069 3504 5132 cadunt
3532 5068 3697 5132 enim

2038 5181 2207 5245 aque
2238 5161 2300 5222 in
2349 5179 2562 5224 omnes
2620 5159 2798 5222 etiam
2863 5166 3123 5236 sanctos,
3183 5157 3502 5241 aliquando
3535 5158 3698 5221 enim

2041 5254 2196 5315 bene
2215 5252 2413 5314 valere
2435 5249 2652 5312 dicitur
2670 5267 2804 5312 cum
2829 5252 3036 5330 prima
3083 5249 3398 5330 qualitates
3425 5245 3700 5310 inducias

2041 5351 2240 5424 agunt,
2273 5341 2588 5424 aliquando
2620 5341 2680 5402 in
2712 5339 2986 5401 morbum
3036 5338 3214 5415 trahi,
3248 5337 3480 5421 quoties
3509 5355 3695 5399 unum

2044 5431 2366 5518 quodpiam
2398 5449 2466 5494 ex
2527 5437 2778 5513 quatuor
2835 5428 3151 5494 elementis
3204 5437 3305 5492 aut
3333 5443 3700 5510 exsuperans
