4176 6378
514 291 628 363 691

1826 287 2212 364 SYMEONIS
2249 293 2602 362 IUNIORIS

3791 291 3912 360 692

510 426 927 505 abundaverit,
959 428 1379 494 autinfirmius
1420 429 1485 494 in
1526 430 1792 496 minores
1820 450 1994 515 quam
2026 437 2370 512 pro-Aque
2416 429 2547 512 ipso
2595 437 2761 514 aptas
2812 440 2873 496 et
2926 449 3253 516 suspensas
3306 430 3656 494 habeamus.
3685 426 3910 492 Verum

514 518 711 600 pertio
748 521 1205 602 temperamenti
1233 521 1506 604 requirit,
1541 523 1633 585 sui
1661 522 1852 604 ipsius
1884 519 2167 602 reliquias

514 605 826 690 defecerit,
861 610 1018 692 quod
1051 611 1332 674 nimirum
1383 621 1486 674 aut
1514 611 1709 693 ipsum
1743 630 1923 692 supra
1953 615 2169 672 caetera

515 697 888 778 praevaluerit
924 722 936 761 :
973 709 1077 764 aut
1125 701 1270 784 ipsis
1307 705 1366 765 in
1414 721 1480 764 se
1533 700 1980 779 insurgentibus
2007 698 2166 761 resi-

515 787 730 850 stendo
762 787 956 871 impar
985 791 1346 854 succuberit.
1372 792 1458 854 Ex
1479 789 1698 872 quibus
1734 788 2167 853 destillationes

515 877 928 963 fluxionesque
962 882 1276 959 exsistunt,
1330 889 1391 947 et
1437 890 1838 944 extremarum
1871 880 2168 943 interdum

514 967 771 1050 partium
819 972 1278 1034 resecandarum
1337 973 1714 1036 necessitas:
1780 979 1838 1034 et
1891 969 2172 1033 videlicet

2251 519 2555 584 enimvero
2583 541 2702 583 non
2726 523 2851 586 haec
2873 541 3082 585 omnes
3103 522 3465 602 intelligunt.
3485 521 3600 585 Sed
3614 519 3910 583 animales

2250 609 2491 691 quidem
2523 611 2914 674 alterationes
2969 631 3038 674 ac
3096 611 3452 674 mutationes
3507 609 3776 692 corporis
3805 609 3911 690 qui

2253 700 2489 780 paulum
2523 700 2680 763 ultra
2711 701 3008 783 principia
3038 701 3429 783 aliquousque
3457 699 3520 760 in
3550 697 3786 761 virtutis
3815 697 3912 759 via

2251 798 2698 869 processerunt,
2747 809 2853 872 per
2905 799 3100 871 partes
3157 790 3366 852 horum
3425 787 3622 869 aliqua
3651 787 3908 870 quisque

2251 877 2558 942 sentiunt:
2595 889 2768 960 prout
2820 879 3048 942 scilicet
3103 879 3166 940 in
3225 879 3368 960 ipsis
3433 877 3562 940 ﬁeri
3594 876 3902 958 quidpiam

2251 966 2589 1046 contigerit.
2622 968 2707 1030 De
2736 967 2810 1030 iis
2842 971 3000 1031 enim
3030 968 3133 1051 qui
3186 967 3290 1030 toti
3319 967 3515 1029 adhuc
3545 966 3607 1028 in
3638 965 3908 1028 tenebris

512 1057 787 1120 animalis
816 1061 1115 1123 interdum
1146 1061 1325 1124 totius
1381 1062 1706 1144 corruptio,
1767 1061 1919 1123 nihil
1973 1079 2045 1122 ex
2075 1059 2172 1121 his
2244 1055 2468 1136 jacent,
2497 1057 2696 1118 nullus
2718 1057 2888 1120 nobis
2921 1077 3142 1120 sermo.
3179 1056 3528 1119 Mutationes
3551 1064 3748 1118 autem
3770 1073 3906 1144 qum

515 1145 861 1210 detrimenti
891 1151 1165 1232 capiente
1196 1160 1399 1214 nostra
1443 1143 1662 1213 anima.
1727 1150 2016 1223 Quoniam
2050 1147 2173 1230 ple—
2252 1145 2313 1206 in
2347 1152 2548 1208 mente
2578 1147 2890 1222 exsistunt,
2925 1159 2992 1210 ut
3039 1147 3319 1223 diximus,
3373 1155 3433 1208 et
3461 1143 3908 1208 vicissitudines

511 1249 650 1296 rare
679 1236 891 1298 horum
923 1256 994 1300 ex
1045 1239 1504 1320 intemperantia
1553 1239 1672 1301 cibi
1704 1248 1995 1321 potusque
2026 1255 2169 1318 pro-
2251 1233 2363 1296 soli
2395 1237 2911 1316 perturbationum
2941 1238 3193 1300 victores
3251 1236 3623 1320 perfectique
3654 1242 3710 1296 et
3742 1233 3903 1316 puri,

511 1325 757 1387 veniunt
787 1345 803 1387 :
840 1345 1169 1410 eorumque
1199 1348 1271 1391 ex
1318 1329 1636 1410 indigesta,
1689 1329 1964 1410 maleque
1996 1326 2173 1388 mista
2252 1323 2543 1404 expedita:
2581 1325 2738 1388 vitiis
2769 1326 2987 1390 anima;
3018 1334 3076 1388 et
3105 1325 3440 1388 libertatem
3471 1323 3686 1386 virtute
3717 1329 3905 1386 nacta)

513 1420 574 1474 et
603 1424 883 1495 congesta
913 1419 1104 1500 capia.
1147 1417 1429 1491 Quaedam
1484 1429 1682 1481 tamen
1711 1427 1905 1480 ortum
1945 1416 2172 1480 habent
2254 1431 2601 1495 perspectas
2620 1415 2853 1479 scilicet
2875 1416 3213 1480 habuerint.
3239 1415 3444 1498 Neque
3467 1415 3529 1477 id
3563 1412 3679 1496 ipsi
3708 1431 3778 1476 ex
3810 1430 3903 1495 se,

513 1521 587 1566 ex
615 1514 924 1569 ventorum
955 1508 1283 1572 mutatione
1343 1518 1520 1591 atque
1573 1509 1752 1584 aeris,
1787 1527 1929 1588 quo,
1963 1515 2168 1587 utpote
2256 1503 2360 1565 sed
2392 1504 2524 1584 ejus
2551 1506 2719 1586 cujus
2761 1513 2919 1582 sunt,
2975 1506 3196 1589 quique
3253 1505 3388 1568 illos
3443 1513 3508 1567 ut
3536 1523 3676 1568 suos
3707 1509 3899 1579 curat,

511 1602 725 1658 natura
753 1595 996 1678 frigido,
1030 1599 1214 1677 frigus
1271 1598 1624 1681 saepiuscule
1656 1596 2032 1678 concipiente
2062 1616 2168 1659 so-
2250 1592 2624 1657 institutione
2649 1595 2832 1672 docti,
2861 1595 3297 1678 Nonnunquam
3321 1595 3621 1678 siquidem
3645 1613 3716 1656 ex
3745 1591 3900 1655 inae-

511 1682 617 1746 lito
650 1687 864 1767 majus,
899 1708 1030 1770 quae
1082 1689 1410 1770 frigidioris
1465 1697 1690 1750 naturae
1720 1695 1859 1750 sunt
1887 1687 2164 1749 imbecil-
2191 1719 2230 1767 Β
2253 1682 2632 1764 qualitatibus
2650 1705 2782 1768 quae
2803 1686 3056 1749 subinde
3080 1699 3342 1750 mentem
3366 1684 3751 1767 interpolant,
3773 1681 3902 1744 ani—

512 1771 667 1836 liora
689 1775 923 1840 scilicet
954 1778 1125 1840 ﬁunt.
1159 1778 1304 1851 Quin
1336 1796 1477 1840 vero
1508 1777 1686 1840 calidi
1709 1776 2170 1859 temperamenti
2251 1791 2347 1834 ma
2376 1783 2710 1837 coarctatur
2739 1784 3066 1858 maestaque
3096 1777 3180 1852 ﬁt,
3241 1777 3526 1840 afﬂuente
3558 1772 3732 1856 paulo
3763 1777 3901 1834 ante

513 1870 674 1952 sunt,
715 1864 1053 1930 robustiora
1083 1867 1521 1948 vegetioraaue.
1547 1946 1554 1952 _
1578 1865 1723 1930 Cum
1779 1885 1924 1930 vero
1955 1885 2167 1930 rvrsus
2249 1861 2460 1942 gaudio
2482 1872 2729 1946 repente
2749 1865 3452 1929 multata.Verumtamen
3467 1863 3681 1926 virtute
3699 1871 3900 1952 utens,

514 1949 749 2015 fervore
779 1956 1211 2019 vehementiori
1238 1975 1341 2019 aer
1368 1949 1766 2033 incanduerit,
1802 1955 2012 2036 frigida
2041 1957 2167 2037 qui-
2249 1959 2652 2034 conatumque
2674 1955 3309 2037 intendens,emergit,
3335 1964 3393 2018 et
3417 1962 3675 2016 mentem
3699 1950 3899 2032 erigit,

513 2039 654 2104 dem
685 2044 1031 2108 refoventur
1058 2053 1118 2108 et
1142 2047 1314 2128 quasi
1343 2045 1742 2108 reviviscunt:
1802 2053 1866 2107 ut
1895 2044 2166 2108 videmus
2247 2041 2392 2105 Vice
2417 2061 2590 2105 versa
2607 2063 3034 2128 nonnunquam
3059 2066 3127 2110 ex
3155 2046 3230 2108 iis
3253 2065 3383 2128 quas
3421 2043 3644 2126 patitur
3671 2040 3896 2115 anima,

512 2129 589 2192 ad
621 2131 807 2194 solem
838 2152 1098 2214 muscas,
1134 2144 1193 2198 et
1220 2135 1279 2196 id
1311 2153 1498 2214 genus
1543 2135 1791 2212 insecta,
1823 2136 2023 2214 vigere
2050 2151 2162 2197 vo-

513 2216 804 2302 litareque
834 2221 992 2285 vitali
1024 2232 1231 2303 tepore
1252 2225 1592 2287 collustrata
1610 2231 1671 2286 et
1695 2223 1930 2286 confota
1959 2223 2164 2287 radio-

511 2326 647 2372 rum
681 2312 833 2393 ejus,
867 2311 1118 2376 valentia
1141 2315 1266 2395 jam
1299 2325 1358 2376 et
1386 2322 1628 2376 strenua
1682 2314 1753 2376 ad
1786 2333 2025 2376 omnem
2055 2332 2164 2377 ex-

513 2399 703 2480 pediti
728 2413 925 2466 motus
956 2403 1179 2466 micare
1209 2403 1568 2467 facultatem.
1615 2401 1834 2466 Contra
1867 2421 2006 2466 vero
2035 2423 2168 2485 qum

513 2487 865 2552 calidiorem
899 2493 1341 2556 concretionem
1372 2492 1598 2556 habent
1650 2511 1894 2574 prorsus
1922 2492 2164 2554 inflam-

515 2586 754 2642 mantur
786 2588 842 2643 et
863 2580 1178 2663 liquefacta
1193 2583 1605 2644 resolvuntur:
1638 2589 1814 2663 atque
1829 2581 1902 2643 ad
1924 2600 2163 2644 omnem

515 2669 812 2732 actionem
835 2688 904 2735 ac
929 2679 1152 2734 motum
1188 2671 1408 2752 pariter
1436 2671 1737 2733 imbecilla
1767 2671 1914 2732 ﬁunt
1943 2681 2002 2734 et
2030 2671 2165 2732 lan-

516 2760 716 2842 guida.
743 2759 1027 2840 Adeoque
1049 2761 1110 2822 in
1133 2761 1474 2823 universum
1497 2778 1865 2840 unaquaeque
1887 2778 1986 2822 res
1996 2760 2168 2840 juxta

2249 2142 2606 2214 propagatur
2635 2137 2969 2218 compassio
3018 2137 3079 2198 in
3137 2145 3423 2210 mentem,
3485 2152 3614 2216 quae
3663 2139 3721 2194 et
3769 2131 3903 2213 ipsa

2249 2239 2428 2284 sensu
2448 2221 2763 2287 involutur
2782 2226 3073 2288 malorum
3099 2225 3250 2306 ejus,
3285 2232 3343 2287 et
3373 2232 3547 2285 nocte
3577 2221 3900 2301 ingruente

2247 2311 2426 2374 veluti
2448 2331 2754 2395 oppressa,
2779 2316 3030 2378 subesse
3055 2315 3296 2396 quidem
3325 2312 3592 2376 tenebris
3622 2309 3894 2389 cogitur;

2249 2421 2370 2465 non
2387 2403 2713 2485 acquiescit
2736 2413 2958 2479 tamen,
2985 2406 3089 2470 sed
3116 2405 3310 2467 lucem
3331 2404 3420 2465 vel
3434 2403 3714 2465 amissam
3732 2399 3897 2461 omni

2249 2491 2300 2552 vi
2315 2493 2544 2575 quaerit,
2569 2493 2662 2556 vel
2687 2494 3024 2558 elabentem
3048 2501 3303 2557 retentat
3329 2492 3664 2555 mordicus:
3692 2507 3764 2552 ex
3783 2505 3900 2571 qua

2248 2581 2547 2644 interdum
2561 2583 2769 2646 victrix
2782 2584 3129 2646 auxiliarem
3144 2601 3384 2664 quoque
3412 2581 3643 2644 radium
3674 2579 3738 2641 in
3761 2576 3897 2641 ani-

2251 2689 2406 2731 mam
2433 2672 2628 2733 mittit.
2657 2673 2818 2736 Alias
2838 2693 2908 2736 ex
2939 2673 3212 2755 inaequali
3248 2691 3454 2734 rursus
3483 2667 3896 2734 vicissitudine

2248 2759 2616 2824 habitudinis
2631 2762 2900 2844 corporis
2923 2771 3175 2844 utraque
3193 2770 3454 2836 vexatur,
3481 2769 3538 2823 at
3557 2759 3725 2843 quasi
3756 2756 3894 2820 sub-

517 2850 970 2932 pruportionem
1009 2849 1465 2930 temperamenti
1524 2849 1749 2930 proprii
1805 2849 1865 2910 in
1895 2849 2075 2923 aeris,
2109 2858 2168 2910 et
2239 2851 2524 2930 jugantur
2571 2851 2730 2930 gravi
2786 2852 3119 2933 tyrannide.
3166 2851 3604 2931 Nonnunquam
3637 2846 3896 2909 obsessa:

514 2946 826 3000 ventorum
859 2937 1205 3013 mutatione,
1241 2938 1625 3000 mutationem
1671 2938 1941 3020 suscipit.
1973 2941 2160 3002 Caete-
2184 2967 2224 3016 (ς
2249 2939 2389 3002 licet
2417 2939 2762 3022 circumque
2793 2949 3142 3022 oppugnata;
3164 2943 3444 3020 exterius,
3477 2937 3618 3000 belli
3648 2935 3893 3017 quidem

515 3047 648 3092 rum
683 3035 896 3110 praeter
923 3029 1048 3090 haec
1077 3046 1207 3108 quae
1239 3026 1497 3089 diximus
1526 3027 1640 3090 alia
1692 3040 1782 3089 est
1833 3029 2012 3090 etiam
2043 3027 2169 3089 ani-

518 3117 809 3180 mantium
839 3117 1080 3199 propria
1112 3116 1379 3198 mutatio,
1410 3135 1540 3198 qua:
1594 3116 1688 3179 vel
1721 3136 1797 3179 ex
1829 3117 2023 3179 cibatu
2057 3137 2164 3199 po-

523 3216 703 3289 tuque
734 3206 943 3282 nimio,
967 3207 1056 3267 vel
1091 3225 1159 3269 ex
1180 3207 1412 3288 jejunio
1435 3225 1668 3268 summo
1687 3206 1938 3272 exsistit.
1962 3206 2170 3287 Neque

516 3297 645 3361 hac
675 3296 890 3374 solum,
923 3294 1028 3358 sed
1061 3296 1238 3358 etiam
1271 3315 1341 3358 ex
1371 3296 1558 3358 multo
1588 3315 1798 3359 somno
1853 3305 1954 3359 aut
1978 3298 2165 3360 multa

514 3387 738 3467 vigilia,
773 3405 843 3449 ex
873 3385 1076 3449 labore
1125 3395 1227 3448 aut
1280 3385 1511 3450 desidia
1569 3405 1857 3468 corporea
1887 3388 1953 3448 fit
1982 3388 2162 3450 etiam

513 3477 632 3541 alia
654 3476 924 3558 quaedam
969 3476 1218 3539 mutatio
1250 3475 1311 3536 in
1344 3475 1538 3539 nobis.
1571 3476 1707 3539 Alia
1727 3494 1933 3540 rursus
1963 3495 2033 3540 ex
2064 3479 2164 3540 in-

515 3567 836 3632 exsistente
866 3565 1106 3647 corpori
1164 3565 1413 3627 materia
1463 3573 1521 3627 et
1571 3566 1825 3628 naturali
1881 3567 1943 3629 in
1991 3567 2166 3630 nobis

513 3655 710 3719 calido
742 3661 1038 3717 commoto
1070 3653 1299 3717 exsistit
1327 3654 1510 3717 motio
1534 3657 1906 3736 evaporantis
1927 3676 2164 3720 sursum

514 3745 732 3808 fumosi
777 3742 1067 3818 incendii,
1100 3752 1163 3805 ut
1211 3746 1275 3806 tit
1333 3763 1468 3806 cum
1523 3763 1676 3825 aqua
1737 3764 1921 3827 super
1949 3749 2168 3827 injecta

516 3834 1008 3917 prunaeardentes
1027 3830 1630 3915 existinguuntur,qui
1650 3853 1831 3916 vapor
1851 3835 2168 3918 aliquando

515 3926 579 3989 in
604 3925 795 3988 solum
817 3930 1018 4003 caput,
1042 3922 1358 4003 aliquando
1379 3929 1496 3984 toto
1518 3942 1768 4005 corpore
1792 3925 2163 3991 diffunditur.

517 4019 714 4094 Super
741 4014 869 4076 haec
899 4011 1100 4074 omnia
1127 4029 1292 4093 vero,
1323 4012 1437 4075 alia
1494 4031 1701 4076 rursus
1757 4028 1864 4092 est,
1898 4019 2163 4095 permis-

516 4105 684 4166 sione
714 4101 857 4164 boni
887 4101 1078 4163 nostri
1109 4101 1222 4162 Dei
1253 4109 1312 4162 et
1355 4102 1616 4179 Domini,
1651 4103 1935 4183 ingruens
1966 4105 2026 4168 in
2058 4126 2166 4168 nos

515 4214 552 4260 a
580 4190 951 4258 daemonibus
984 4189 1056 4252 ad
1088 4190 1486 4253 eruditionem
1521 4199 1578 4253 et
1607 4193 1924 4256 salutarem
1955 4214 2163 4257 corre-

2249 3028 2418 3110 quasi
2443 3029 2739 3108 fragorem
2763 3031 3032 3109 audiunt,
3052 3041 3109 3093 et
3131 3030 3288 3092 facili
3320 3049 3500 3092 sensu
3530 3027 3895 3108 repulsuque

2249 3118 2673 3199 defunguntur,
2708 3121 2866 3183 salvo
2894 3121 3053 3183 intus
3111 3128 3258 3182 statu
3319 3119 3507 3181 beata).
3563 3115 3745 3198 pacis,
3780 3129 3897 3195 qua

2249 3208 2770 3289 gaudentinterim
2803 3211 2862 3273 in
2913 3211 3068 3273 sinu.
3127 3211 3288 3274 Alias
3341 3227 3513 3270 versa
3564 3206 3693 3268 vice
3723 3203 3895 3267 civile

2251 3299 2730 3380 perturbaturum
2771 3302 3087 3364 affectuum
3121 3300 3340 3363 bellum
3370 3307 3426 3360 et
3457 3295 3776 3360 seditiosus
3809 3306 3898 3356 tu-

2250 3391 2468 3451 multus
2490 3389 2798 3472 fertatque
2818 3391 3108 3470 agitintus
3128 3390 3347 3452 omnia.
3384 3387 3574 3450 tristie
3612 3385 3761 3447 facie
3790 3401 3896 3446 re-

2246 3495 2379 3540 rum
2411 3487 2468 3541 et
2496 3478 2826 3542 miserabili
2883 3480 3110 3554 labore,
3164 3487 3230 3542 ut
3285 3497 3478 3559 neque
3509 3475 3607 3537 illa
3635 3483 3901 3536 extrema

2249 3567 2495 3648 patienti
2525 3586 2661 3648 spes
2690 3577 2874 3631 restet
2918 3568 3361 3650 tranquillitatis
3410 3584 3760 3628 reversurae.
3796 3563 3899 3627 Sic

2248 3657 2356 3718 ista
2374 3673 2508 3720 sese
2530 3657 2786 3720 invicem
2816 3657 3122 3739 infestant,
3149 3659 3289 3720 dum
3325 3665 3384 3720 et
3407 3655 3606 3718 anima
3634 3662 3695 3717 et
3725 3672 3898 3715 mens

2248 3764 2282 3807 a
2313 3763 2586 3827 corpore,
2621 3755 2680 3808 et
2709 3765 2876 3810 mens
2905 3747 2978 3809 ab
3009 3748 3206 3808 anima
3255 3766 3462 3809 rursus
3493 3746 3621 3827 ipsa
3655 3768 3668 3806 :
3700 3743 3904 3806 anima

2249 3853 2388 3896 vero
2410 3835 2670 3897 vicissim
2692 3855 2725 3897 a
2745 3843 2946 3898 mente
2973 3845 3030 3898 et
3050 3855 3300 3918 corpore
3320 3835 3766 3898 incommodum
3785 3853 3895 3897 ac-

2250 3924 2416 3997 cipit.
2441 3924 2650 4008 Neque
2671 3945 2811 3988 vero
2836 3927 3138 3991 individue
3163 3945 3402 4007 semper
3419 3927 3639 4002 anima,
3657 3933 3904 3988 etmens

2254 4016 2585 4087 turbantur,
2607 4034 2812 4078 verum
2837 4035 2908 4078 ex
2933 4016 3025 4078 his
3046 4017 3400 4098 quandoque
3421 4017 3618 4078 anima
3639 4016 3764 4078 sola
3787 4033 3899 4096 pa-

2250 4103 2411 4180 titur,
2437 4114 2636 4168 mente
2658 4106 2846 4188 ipsam
2875 4107 3040 4187 quasi
3064 4126 3167 4187 pro
3191 4107 3380 4168 otlirio
3426 4106 3709 4169 naturalis
3740 4104 3901 4168 ami-

2248 4193 2405 4256 citiae
2434 4195 2802 4259 consolante.
2851 4196 3188 4276 Aliquando
3241 4214 3408 4260 mens
3460 4209 3788 4264 excaecatur
3838 4211 3906 4267 et

517 4283 802 4362 ctionem,
836 4280 1104 4378 tentatio.
1141 4279 1342 4378 Qualis
1371 4300 1508 4343 vera
1562 4281 1828 4378 baec_est
1862 4301 1878 4359 ;
1912 4285 2163 4364 gravedo
2187 4283 2540 4378 Dobruitur,
2561 4285 2701 4346 dum
2724 4286 3130 4348 animalibera
3171 4305 3525 4366 permanens
3555 4291 3771 4355 virtute
3801 4292 3904 4356 di-

515 4373 646 4456 ipsa
675 4369 947 4450 corporis
977 4381 1036 4430 et
1067 4387 1141 4431 ex
1173 4369 1430 4431 maxime
1454 4370 1836 4433 terrestribus
1861 4392 1931 4435 ac
1947 4375 2166 4436 crassis
2189 4369 2226 4378 ”
2250 4373 2368 4434 vini
2399 4374 2553 4453 ignis
2584 4374 2764 4454 abigit
2785 4375 3122 4455 caliginem,
3148 4385 3206 4438 et
3234 4377 3427 4439 velum
3463 4379 3636 4452 tollit,
3669 4382 3902 4445 visum-

517 4464 646 4543 ejus
670 4459 903 4524 feci'ous
959 4459 1296 4522 lentescens
1350 4467 1554 4540 torpor
1611 4461 1884 4524 tristitia.
1919 4463 2165 4536 Quando

516 4551 697 4614 etiam
739 4548 870 4612 sine
899 4566 1050 4610 nova
1103 4557 1428 4630 apparente
1487 4569 1662 4613 causa
1716 4552 1776 4613 in
1811 4571 2045 4633 pmnam
2083 4553 2162 4614 ti-

520 4639 830 4704 tillationis
885 4643 1062 4700 unius
1121 4655 1286 4700 vanae
1343 4639 1628 4718 gloriolae,
1719 4641 1814 4702 cui
1873 4642 2024 4705 forte
2079 4643 2166 4705 in-

519 4727 884 4791 dulserimus
912 4744 1270 4789 consensum
1304 4738 1407 4791 aut
1459 4729 2022 4792 delectatiunculam
2053 4751 2163 4794 vo-

519 4817 862 4887 luntariam,
921 4823 1023 4878 aut
1102 4815 1260 4897 quod
1340 4818 1399 4878 in
1476 4819 1821 4900 superbiam
1883 4821 2020 4883 elati
2078 4822 2165 4884 si-

518 4925 674 4987 mus,
707 4905 985 4988 quodque
1019 4905 1093 4967 de
1122 4903 1255 4967 aliis
1307 4918 1536 4970 temere
1559 4909 1852 4989 judicium
1886 4912 2166 4993 praecipi-

523 4995 867 5068 taverimus,
901 4995 1002 5077 qui
1035 4997 1354 5057 multorum
1415 4998 1798 5079 quotidianus
1828 5009 1917 5061 est
1942 5001 2164 5082 lapsus,

515 5085 606 5147 vel
629 5086 776 5147 alias
801 5085 1017 5148 multas
1039 5085 1115 5147 ob
1139 5103 1345 5148 causas
1366 5086 1460 5147 isti
1484 5087 1738 5150 dmmoni
1765 5089 2172 5152 condonamur

513 5176 578 5239 in
599 5175 903 5238 interitum
926 5173 1166 5256 quidem
1191 5175 1408 5250 carnis,
1433 5176 1850 5240 contritionem
1875 5198 2012 5242 vero
2033 5180 2166 5242 ani-

517 5283 651 5342 mae,
675 5263 1228 5346 probationemque,
1246 5265 1796 5329 etexercilationem
1816 5269 2166 5350 ampliorem

517 5355 672 5436 ejus,
709 5362 828 5415 tum
856 5361 918 5415 ut
939 5362 1110 5435 capto
1128 5354 1367 5416 interim
1386 5356 1794 5437 experimento
1821 5358 2168 5421 misericor-

513 5444 778 5508 dissima).
793 5444 1222 5525 compassionis
1250 5445 1357 5510 Dei
1380 5465 1518 5525 erga
1542 5466 1648 5509 nos
1673 5456 1856 5511 totum
1887 5449 1948 5512 in
1973 5451 2169 5532 ipsum

514 5553 588 5596 ex
605 5533 837 5596 sincera
860 5533 1289 5615 praaparatione
1311 5535 1496 5597 animi
1537 5538 1968 5602 transferamus
1995 5559 2167 5603 amo-

513 5641 667 5704 rem,
697 5621 1120 5707 desideriaque
1151 5621 1352 5688 omnia
1381 5630 1441 5685 et
1471 5641 1611 5707 spes
1643 5625 1850 5709 inipso
1869 5628 2036 5711 ﬁxas,
2071 5647 2159 5693 ex-

2247 4483 2365 4544 que
2396 4465 2579 4526 menti
2610 4466 2896 4528 restituit.
2930 4469 3248 4546 Propterea
3303 4466 3447 4541 dixi,
3503 4489 3536 4528 ο
3585 4473 3788 4535 Patres
3839 4483 3905 4538 et

2247 4553 2508 4637 Fratres,
2539 4562 2819 4637 oportere
2849 4575 2967 4617 non
2997 4557 3188 4618 solum
3225 4562 3394 4619 notas
3425 4577 3556 4621 esse
3588 4561 3760 4626 nobis
3789 4583 3902 4627 va-

2245 4644 2488 4707 rietates
2519 4645 3016 4726 mutationesque,
3078 4664 3146 4706 ac
3203 4647 3544 4727 contingere
3604 4651 3806 4714 solitas
3835 4653 3903 4717 in

2249 4735 2424 4797 nobis
2453 4734 2836 4797 alterationes
2865 4754 2879 4800 :
2915 4735 3021 4797 sed
3055 4737 3210 4799 scire
3233 4737 3407 4798 etiam
3435 4742 3904 4818 praetereaunde

2248 4825 2392 4906 ipsae
2423 4832 2483 4886 et
2509 4825 2809 4905 quomodo
2854 4833 2912 4887 et
2965 4844 2999 4886 a
3050 4826 3264 4907 quibus
3321 4828 3644 4911 qualesque
3673 4831 3906 4912 spirent

2249 4914 2674 4994 cogitationum
2707 4915 2904 4992 venti;
2939 4924 2998 4977 et
3021 4935 3087 4976 ex
3119 4916 3334 4998 quibus
3364 4918 3627 4982 fontibus
3657 4921 3905 4985 effluant

2251 5013 2428 5087 atque
2459 5002 2761 5066 exundent
2791 5004 3035 5066 flumina
3068 5008 3580 5086 perturbationum
3614 5013 3901 5073 tentatio-

2253 5114 2539 5177 numque,
2575 5102 2636 5155 ut
2669 5103 2727 5156 et
2769 5095 2993 5157 donum
3038 5095 3251 5157 anima:
3309 5097 3793 5162 constabiliamus
3823 5102 3899 5165 ad

2253 5185 2595 5247 firmitatem
2618 5184 2950 5247 resistendo
2975 5203 3199 5265 parem,
3227 5193 3284 5246 et
3310 5186 3773 5264 gubernaculum
3797 5210 3904 5254 na-

2251 5274 2339 5336 vis
2369 5281 2590 5336 nostraa
2617 5273 2944 5354 dirigamus
2975 5274 3251 5349 feliciter,
3289 5295 3407 5337 non
3459 5284 3657 5342 autem
3687 5279 3903 5345 inscite

2251 5364 2580 5444 ignaveque
2612 5370 2954 5425 tractemus.
2993 5361 3217 5425 Horum
3267 5374 3462 5427 autem
3496 5367 3900 5447 cognitionem

2250 5472 2392 5515 usus
2413 5453 2688 5517 assiduus
2709 5459 2766 5514 et
2789 5472 2854 5514 ex
2866 5452 3157 5532 perientia
3188 5453 3361 5533 longe
3386 5455 3515 5518 vitae
3536 5458 3898 5538 suppeditat,

2251 5562 2386 5605 cum
2412 5542 2722 5606 exactione
2751 5541 2885 5603 vitae
2913 5541 3068 5603 intra
3100 5541 3396 5605 inviolata
3437 5545 3771 5628 disciplinae
3797 5547 3903 5610 ob-

2249 5633 2647 5697 servationem
2664 5639 2872 5696 sancte
2901 5639 3235 5697 transactze.
3263 5630 3420 5698 Sane
3437 5654 3591 5718 opus
3614 5645 3704 5700 est
3731 5637 3899 5722 quis-
