4176 6372
1672 274 1952 345 GAPITA
1992 272 2370 341 MORALIA.

3570 264 3693 341 694

292 405 754 491 quemonachus
763 423 1013 488 scopum
1026 404 1143 470 sibi
1155 423 1226 471 ac
1246 407 1430 472 ﬁnem
1443 408 1711 492 quotidie
1730 406 1956 492 praesti-
1972 416 2017 475 Α
2037 424 2315 471 currens.
2349 404 2477 481 Quo
2504 404 2568 469 id
2598 423 2837 490 quoque
2853 411 3254 488 consequetur
3277 408 3348 469 ut
3373 421 3586 470 eorum
3615 404 3693 470 de

288 503 441 573 tuat,
469 494 961 578 pr0positumque
1005 494 1165 559 velut
1215 496 1278 559 in
1308 498 1639 580 exemplari
1667 498 1951 562 continuo

288 593 520 659 cernat,
547 603 665 667 quo
686 602 984 667 quamque
997 584 1157 648 diem
1181 586 1511 668 transigere
1526 587 1720 668 ipsum
1744 586 1955 651 deceat

289 674 474 737 modo
498 696 512 733 :
531 680 597 736 ut
614 683 894 736 strenuus
914 673 987 736 ad
1007 674 1355 738 exercitium
1378 675 1611 740 virtutis
1630 676 1732 753 sit,
1756 695 1951 759 neque

290 764 417 827 ullo
441 761 517 826 ab
541 761 656 825 isto
678 781 858 825 cursu
876 761 1198 844 imperitia:
1225 764 1659 846 impedimento
1681 765 1954 829 retarde-

287 852 548 923 tur.‘Sic
570 851 731 915 enim
769 852 1048 934 quamvis
1085 871 1360 935 asperam
1382 862 1445 917 et
1465 853 1825 918 laboriosam
1857 853 1952 917 di-

282 942 561 1025 sciplinae
587 941 743 1004 viam
773 941 1141 1004 consuetudo
1171 953 1230 1005 et
1258 943 1414 1009 bene
1439 944 1657 1025 agendi
1683 964 1829 1007 usus
1853 952 1951 1008 at-

287 1050 416 1116 que
445 1030 682 1094 habitus
702 1031 874 1113 quasi
889 1030 1241 1112 coaequabit.
1275 1033 1492 1114 Sicque
1522 1035 1646 1096 Deo
1691 1031 1951 1115 placebit

278 1120 532 1185 assidue
562 1122 888 1202 proﬁciens
913 1129 970 1184 et
993 1120 1381 1185 assensiones
1396 1121 1461 1185 in
1481 1121 1665 1185 corde
1696 1141 1804 1185 suo
1835 1121 1953 1185 dis-

281 1230 546 1297 ponens,
578 1230 648 1276 οι
673 1211 925 1276 modicis
953 1211 1029 1274 ad
1061 1211 1291 1294 majora
1322 1219 1381 1275 et
1410 1211 1769 1295 perfectiora
1800 1230 1947 1295 pro-

2034 497 2253 580 quibus
2280 496 2512 578 egimus
2545 496 2813 559 omnium
2844 495 3170 578 perfectam
3199 494 3510 559 scientiam
3538 514 3690 558 con-

2032 595 2337 669 sequatur,
2373 585 2716 669 peritusque
2771 584 3096 668 aliquando
3148 584 3429 666 magister
3481 584 3693 649 evadat

2034 677 2357 739 multorum
2388 675 2636 738 aliorum
2673 693 2687 739 :
2738 674 3091 738 illuminans
3137 682 3195 737 et
3222 674 3388 737 verbi
3419 673 3695 737 doctrina
3791 702 3800 727 ι

2034 775 2095 829 et
2124 766 2259 828 vitae
2289 766 2563 849 exemplo
2590 771 3013 829 éonversantes
3058 783 3285 843 secum,
3315 769 3520 845 utpote
3544 762 3691 827 illu-

2033 855 2292 917 minatus
2328 862 2392 917 et
2418 854 2550 937 ipse
2578 854 2862 938 desuper,
2896 863 2955 918 et
2982 854 3258 918 revelans
3288 852 3584 936 profunda
3614 852 3691 916 iis

2029 944 2134 1026 qui
2193 944 2333 1006 dum
2391 943 2693 1007 desiderio
2742 950 3013 1026 quaerunt
3085 941 3381 1025 profunda
3435 940 3692 1025 Spiritus

2031 1032 2256 1096 direre.
2290 1031 2359 1095 In
2387 1032 2623 1096 Christo
2653 1032 2792 1097 Jesu
2827 1033 3080 1096 Domino
3120 1041 3348 1111 nostro,
3379 1031 3477 1096 cui
3502 1030 3695 1114 gloria

2032 1131 2093 1186 et
2134 1131 2398 1205 potestas
2424 1122 2486 1185 in
2515 1122 2734 1186 saecula
2755 1123 3139 1187 saeculorum.
3181 1121 3406 1188 Amen.

1250 1493 1379 1546 ΤΟΥ
1423 1493 1623 1546 ΟΣΙΟΥ
1668 1492 1786 1546 ΚΑΙ
1830 1491 2180 1545 ΘΕΟΦΟΡΟΥ
2226 1490 2489 1545 ΠΑΤΡΟΣ
2533 1490 2733 1544 ΗΜΩΝ

1589 1677 2413 1844 ΣΥΜΕΩΝ

1006 1986 1359 2117 ΤΟΥ
1458 1981 1936 2114 ΝΕΟΥ
2020 1970 2985 2117 ΘΕΟΛΟΓΟΥ

773 2248 1138 2338 ΛΟΓΟΣ
1229 2248 1495 2337 ΠΕΡΙ
1582 2246 2103 2353 ΠΙΣΤΕΩΣ,
2198 2245 2387 2331 ΚΑΙ
2464 2246 3204 2335 ΔΙΔΑΣΚΑΛΙΑΣ

1488 2449 1597 2504 ΕΙΣ
1650 2449 1989 2504 ΕΚΕΙΝΟΥΣ
2033 2447 2211 2502 ΟΠΟΥ
2255 2446 2523 2501 ΛΕΓΟΥΝ
2562 2404 2565 2413 1

1096 2624 1189 2676 Οτι
1217 2615 1304 2675 δὲν
1332 2615 1474 2674 εἶναι
1503 2611 1720 2674 δυνατὸν
1750 2611 1971 2689 ἐκεῖνοι,
2003 2611 2139 2670 ὁποῦ
2167 2611 2492 2692 εὑρίσκονται
2523 2611 2659 2690 μέσα
2680 2603 2762 2677 ἐἰς
2792 2613 2885 2670 τὸν

464 2752 693 2834 κόσμον,
724 2753 814 2811 καὶ
843 2750 1006 2835 ἔχουν
1033 2750 1301 2834 φροντίδες
1330 2762 1621 2830 κοσμικαῖς
1653 2748 1729 2827 μὰ
1756 2746 1981 2831 φθάσων
2015 2745 2089 2810 εἷς
2120 2746 2219 2815 τὴν
2245 2742 2559 2814 τελειότητα
2586 2749 2686 2813 τῆς
2714 2744 2908 2826 ἀρετῆς
2939 2760 2953 2777 ⁸
2987 2748 3075 2805 καὶ
3103 2746 3353 2830 ὃιὴγησις
3381 2751 3502 2832 περῖ

753 2888 940 2947 τούτου
968 2890 1043 2955 εἰς
1071 2889 1170 2959 τὴν
1201 2889 1404 2971 ἀρχὴν,
1437 2885 1614 2946 πολλὰ
1640 2881 1912 2966 ὠφέλιμος
1937 2900 1953 2917 ’
1986 2881 2074 2938 καὶ
2103 2877 2565 2960 ἐμεταγλωττίσθη
2595 2882 2670 2947 εἰς
2697 2883 2759 2940 τὸ
2789 2880 3013 2963 ἁπλοῦν,
3044 2881 3131 2942 διὰ
3159 2884 3238 2963 μὰ

1526 3021 1588 3080 τό
1615 3014 2004 3095 καταλαμϐάνῃ
2033 3013 2149 3074 κᾶθ’
2179 3012 2298 3080 ἕνας

374 3273 618 3358 Ἀδελφοί
677 3300 780 3355 μου
848 3276 1217 3355 περιπόθητοι,
1288 3277 1378 3334 καὶ
1448 3272 1700 3355 Πατέρες,
1769 3268 1943 3329 πολλὰ
1962 3275 2004 3327 Β
2023 3268 2122 3338 τὴν
2153 3270 2481 3351 εὑρίσκομεν.
2516 3267 2737 3339 Ἐπειδὴ
2792 3272 2881 3328 καὶ
2934 3272 2970 3340 ἡ
3030 3272 3206 3338 πίστις
3257 3272 3402 3332 εῖναι
3450 3275 3694 3356 χάρισμα

299 3361 461 3421 καλὸν
529 3366 616 3423 καὶ
677 3364 1160 3448 ψυχωφελέστατον
1218 3371 1437 3446 πρᾶγμα
1491 3364 1656 3435 εἶναι,
1731 3362 1796 3419 νά
1836 3382 1949 3428 κη-

295 3453 561 3533 ρύττωμεν
629 3458 703 3520 εἷς
773 3454 928 3521 ὅλους
983 3461 1177 3520 κοινῶς
1246 3458 1308 3512 τὸ
1378 3453 1518 3533 μέγα
1574 3453 1663 3511 καὶ
1732 3449 1949 3530 ἄπειρον

290 3540 438 3609 ἔλεος
466 3552 560 3603 τοῦ
612 3546 918 3625 παναγάθου
971 3546 1061 3603 καὶ
1092 3543 1382 3603 πολυελέου
1436 3549 1569 3600 Θεοῦ
1624 3543 1803 3618 ἡμῶν,
1862 3539 1950 3596 καὶ

290 3633 354 3690 νὰ
383 3634 768 3716 φανερώνωμεν
815 3636 890 3701 εἷς
947 3633 1103 3700 ὅλους
1154 3634 1276 3698 τοὺς
1332 3630 1584 3714 ἀδελφούς
1643 3652 1754 3708 μασ
1811 3636 1946 3708 Χρι-

288 3725 529 3789 στιανοὺς
556 3726 619 3783 τὸ
659 3723 1054 3807 ἀνεξιχνίαστον
1112 3722 1345 3803 πέλαγος
1400 3727 1500 3790 τῆς
1554 3718 1946 3800 εὖσπλαγχνίας

289 3815 502 3883 καὶτῆς
558 3814 885 3894 ἀγαθότητος
943 3821 1039 3871 τοῦ
1095 3819 1227 3871 Θεοῦ
1282 3816 1417 3870 ὁπιοῦ
1473 3813 1592 3893 ἔχει
1649 3812 1722 3875 εἷς
1775 3811 1943 3885 ἡμᾶς.

291 3899 436 3982 Ἐγὼ
480 3903 692 3978 λοιπὸν,
745 3904 921 3970 καθὼς
974 3903 1038 3960 τὸ
1095 3901 1340 3980 βλέπετε,
1402 3899 1616 3981 ἀδελφοί
1672 3921 1797 3976 μου,
1859 3897 1947 3953 καὶ

290 3996 466 4061 καθὼς
534 3995 597 4051 τὸ
651 3991 873 4073 ἰξεύρετε
927 3991 1235 4068 καλώτατα,
1294 3992 1434 4068 μήτε
1491 3989 1735 4057 νηστείας
1803 3984 1945 4044 πολ-

290 4083 389 4152 λὰς
444 4084 534 4142 καὶ
587 4081 933 4163 δπερϐολικᾶς
996 4082 1191 4161 ἐκαμα,
1251 4081 1391 4157 μήτε
1447 4079 1756 4158 ἀγρυπνίας,
1807 4076 1947 4152 μήτε

293 4172 703 4255 χαμαικοιτίας,
764 4170 902 4230 ἀλλά
951 4172 1090 4249 μήτε
1146 4168 1334 4236 ἄλλαις
1391 4169 1708 4249 παρόμοιαις
1739 4164 1946 4255 σκληρ-

291 4253 548 4343 αγωγίαις
612 4268 707 4343 τοῦ
775 4260 1022 4337 σώματος
1092 4256 1495 4339 ῦπερϐολικαϊς,
1569 4255 1707 4314 ἀλλά
1775 4253 1947 4335 ἐγνώ-

294 4340 434 4434 ρισαν
484 4353 587 4420 τὴν
609 4340 971 4433 ’ἀναξιότητάέ
1012 4373 1138 4427 μου,
1184 4348 1560 4430 ἐστοχάσθηκα
1616 4348 1711 4411 τὰς
1769 4347 1948 4434 ἁμαρ-

2030 3365 2125 3416 τοῦ
2153 3359 2454 3438 παναγάθου
2503 3365 2636 3416 Θεοῦ
2681 3362 2815 3417 ὀποῦ
2869 3364 2976 3436 μᾶς
3033 3361 3096 3417 τὸ
3145 3359 3365 3442 ἐχάρισε
3409 3364 3603 3445 φυσικὰ
3630 3365 3695 3424 νὰ

2029 3448 2093 3504 τὸ
2122 3447 2337 3529 ἔχωμεν
2386 3448 2460 3513 εἷς
2506 3447 2607 3515 τὴν
2653 3448 2951 3528 προαίρεσίν
2999 3470 3131 3529 μας,
3187 3451 3278 3507 καὶ
3333 3449 3463 3509 ὅταν
3515 3450 3693 3510 θέλω·⁸

2031 3558 2128 3612 μεν
2159 3536 2223 3595 νά
2244 3536 2307 3593 τὸ
2336 3533 2575 3615 ἔχωμεν,
2629 3536 2727 3592 Διά
2782 3543 2938 3595 τοῦτο
2993 3535 3262 3615 βλέπυμεν
3311 3540 3340 3596 6
3396 3546 3501 3598 ποῦ
3527 3541 3615 3599 καὶ
3646 3544 3694 3599 οἱ

2031 3625 2280 3707 Τάτειροι,
2340 3626 2428 3682 καὶ
2485 3628 2531 3683 οἱ
2586 3622 2836 3706 βάρϐαροι
2883 3626 2973 3683 καὶ
3024 3624 3124 3683 ὅλα
3153 3626 3221 3683 τὰ
3244 3625 3366 3696 ἔθνη
3397 3625 3557 3709 ἔχουν
3585 3651 3691 3711 cpu-

2028 3713 2152 3770 σικὰ
2179 3714 2277 3781 τὴν
2306 3714 2504 3787 πίστιν,
2558 3715 2648 3772 καὶ
2702 3713 2937 3771 πιστεύει
2995 3716 3024 3771 6
3080 3713 3202 3781 ἕνας
3260 3716 3334 3780 εἷς
3379 3724 3476 3776 τοῦ
3528 3715 3692 3776 ἄλλου

2027 3804 2095 3860 τὰ
2143 3802 2322 3883 λόγια,
2379 3806 2467 3863 καὶ
2517 3802 2755 3887 δείχνουν
2796 3804 2982 3881 πίστιν
3038 3804 3333 3882 ἁναμεταξύ
3380 3829 3529 3873 τους.
3590 3809 3693 3868 Καὶ

2028 3890 2113 3950 διὰ
2183 3895 2245 3950 νά
2317 3900 2412 3959 σᾶς
2481 3892 2736 3961 ἀποδείξω
2805 3893 2987 3953 ἐτοῦτο
3054 3897 3187 3953 ὀποῦ
3256 3894 3397 3976 λέγω
3468 3897 3537 3973 μὲ
3588 3897 3690 3965 τὴν

2027 3980 2235 4063 πρᾶξιν,
2294 3984 2383 4041 καὶ
2438 3981 2532 4065 ὅχι
2582 3985 2651 4061 μὲ
2703 3983 2858 4063 λόγια
2913 3984 3122 4060 μονακᾶ
3169 3984 3428 4042 ἀκούσατε
3455 3986 3556 4054 τὴν
3584 3986 3691 4045 κά-

2026 4075 2192 4129 τωθεν
2260 4070 2507 4153 διήγησιν
2542 4092 2557 4106 ·
2634 4072 2868 4140 Κόξποιος
2956 4072 3219 4154 Γεώργιος
3274 4075 3690 4156 ὀνομαζόμενος,

2029 4160 2145 4226 νέος
2200 4160 2373 4219 πολλὰ
2428 4164 2500 4228 εἰς
2576 4163 2677 4231 τὴν
2750 4161 2989 4243 ἠλικίαν,
3045 4162 3148 4230 ἕως
3202 4163 3378 4222 εἴκοσι
3451 4164 3691 4246 χρόνων,

2032 4250 2366 4310 ἐκατοικοῦσε
2426 4250 2564 4328 μέσα
2619 4254 2694 4318 εἷς
2760 4252 2862 4320 τὴν
2933 4252 3485 4312 Κωνσταντινούπολιν
3548 4253 3733 4334 τώραπ

2033 4342 2105 4406 εἷς
2160 4342 2282 4407 τοὺς
2332 4341 2544 4419 καιροὺς
2594 4342 2716 4408 τοὺς
2773 4339 2975 4405 ἑδικοὺς
3032 4363 3139 4418 μας
3173 4358 3186 4374 ·
3241 4345 3270 4399 6
3316 4343 3508 4409 όποϊος
3557 4341 3691 4410 ἦτον

291 4427 409 4507 τίσς
483 4462 608 4521 μου,
668 4427 1041 4519 ἰκατηγόρησα
1104 4440 1196 4496 τὸν
1255 4427 1441 4495 ἑαυτὸν
1497 4459 1620 4513 μου,
1679 4435 1768 4494 καὶ
1823 4432 1949 4490 ἐτα-
2034 4427 2291 4510 εὔμορφος
2361 4429 2533 4521 πολλά
2605 4432 2679 4521 είς
2752 4430 2852 4521 την
2926 4430 3170 4511 θεωρίαν,
3243 4432 3332 4488 καὶ
3401 4431 3470 4508 μὲ
3525 4431 3692 4521 τόσην

291 4517 617 4605 πεινῶθηκαν,
675 4530 766 4587 καὶ
833 4517 862 4585 6
906 4517 1437 4607 -πολυεόσπλαγχνος
1487 4526 1576 4583 καὶ
1641 4522 1942 4602 πανάγαθος
1961 4526 2002 4578 C
2025 4521 2312 4600 φαντασίαν
2384 4518 2696 4599 ἐξωτερικὴν
2789 4518 3225 4607 ἐπεριπατοῦσεν,
3314 4522 3447 4607 ὀποῦ
3503 4517 3692 4579 πολλοὶ

293 4621 482 4701 Κύριος
512 4619 580 4697 μὲ
607 4620 734 4676 αὐτὸ
763 4640 831 4695 με
862 4617 1050 4697 ἔσωσε,
1082 4617 1257 4682 καθὼς
1286 4617 1349 4673 τὸ
1394 4613 1537 4695 λέγει
1587 4615 1675 4670 καὶ
1717 4615 1745 4670 6
1799 4614 1943 4701 θεῖος

294 4698 455 4768 Δαϐίδ
485 4726 500 4742 ’
537 4729 563 4771 ς
629 4705 1044 4787 Ἐταπεινώθην,
1089 4707 1177 4763 καὶ
1234 4703 1399 4762 ἔσωσέ
1457 4726 1548 4780 με,
1617 4726 1640 4759 u
1703 4702 1803 4761 Καὶ
1859 4698 1946 4757 διὰ

289 4800 368 4858 πᾶ
398 4804 494 4865 σᾶς
542 4798 606 4856 τὸ
641 4798 774 4855 εἶττῶ
829 4794 898 4873 μὲ
952 4793 1106 4874 ὀλίγα
1158 4793 1335 4874 λόγια,
1396 4793 1675 4851 ἐπίστευσα
1730 4789 1946 4870 μοναχᾶ

288 4890 364 4954 εἷς
393 4888 461 4950 τὰ
487 4885 643 4967 λόγια
669 4892 763 4944 τοῦ
805 4890 961 4964 Θεοῦ,
1017 4885 1107 4941 καὶ
1154 4883 1223 4960 μὲ
1278 4880 1473 4965 ἐδέχθη
1530 4883 1558 4937 6
1616 4880 1802 4959 Κύριος
1858 4878 1946 4967 καὶ

290 4977 423 5043 Θεός
635 4974 703 5051 μὲ
759 4974 924 5042 αὐτὴν
965 4973 1066 5041 τὴν
1094 4973 1272 5030 πίστιν
1306 4991 1319 5005 ⁸
1383 4968 1568 5037 ἐπε;δὴ
1622 4969 1711 5025 καὶ
1764 4968 1827 5024 τὸ
1854 5053 1857 5054 ν
1884 4966 1949 5023 νά

290 5066 577 5144 ἀποκτήσῃ
605 5064 750 5129 τινὰς
803 5063 902 5131 τὴν
954 5062 1296 5142 ταπείνωσιν,
1341 5061 1565 5139 εὕρισκει
1616 5055 1791 5114 πολλὰ
1847 5053 1945 5131 ἐμ-

284 5154 445 5216 πόδια
474 5157 608 5212 ὀποῦ
633 5154 724 5210 τὸν
752 5150 1058 5228 ὲμποδίζουν
1094 5167 1107 5181 ⁸
1141 5150 1257 5226 ἀμὴ
1302 5151 1365 5206 τὸ
1422 5149 1486 5204 νά
1542 5145 1668 5228 εῦρη
1716 5145 1817 5214 τὴν
1849 5145 1945 5202 πί-

291 5267 408 5304 στιν
435 5245 524 5302 καὶ
551 5244 617 5301 νὰ
643 5241 903 5318 πιστεύσῃ
934 5242 1007 5306 είς
1051 5241 1120 5296 τὰ
1147 5238 1304 5318 λόγια
1329 5245 1422 5297 τοῦ
1464 5243 1618 5313 Θεοῦ,
1663 5235 1747 5293 δὲν
1797 5233 1941 5293 εἶναι

290 5333 484 5394 κάνένα
511 5327 762 5409 ἐμπόδιον
813 5331 946 5386 ὀποῦ
998 5329 1063 5386 νὰ
1132 5330 1225 5386 τὸν
1280 5325 1541 5404 ἐμποδίσῃ
1573 5342 1588 5359 '
1651 5323 1787 5382 διατὶ
1841 5323 1942 5382 ἀν-

287 5424 415 5489 ίσως
443 5424 532 5480 καὶ
557 5418 869 5494 θελήσωμεν
925 5416 978 5485 ἐξ
1032 5416 1164 5485 ὅλης
1209 5438 1312 5495 μας
1359 5421 1458 5485 τῆς
1509 5419 1695 5496 ψυχῆς
1750 5413 1820 5471 κὰ
1848 5410 1943 5469 εὖ..

289 5532 467 5595 ρωμεν
517 5510 615 5580 τὴν
698 5507 897 5587 πίστιν,
955 5509 1211 5588 παρευθὺς
1279 5507 1448 5589 χωρὶς
1515 5503 1709 5562 κάνένα
1774 5501 1943 5560 κόπον

2026 4611 2119 4666 τὸν
2149 4610 2316 4689 εἶχαν
2347 4610 2420 4672 εἷς
2472 4608 2729 4688 ἀχαμνην
2774 4606 3069 4684 ὑπόληψιν,
3123 4606 3380 4690 μάλιστα,
3414 4606 3529 4666 ὅσοι
3560 4630 3693 4666 συν-

2026 4699 2233 4769 ηθίςουν
2292 4698 2354 4754 νά
2421 4697 2694 4769 κοιτάζουν
2765 4696 2929 4773 μόνον
2983 4698 3046 4754 τὸ
3115 4696 3465 4781 ἒξωτερικὸνί
3495 4702 3692 4779 σχῆμα

2026 4794 2123 4845 τοῦ
2149 4786 2443 4867 ἀνθρώπου,
2495 4788 2583 4843 καὶ
2618 4787 2786 4868 χωρὶς
2833 4787 2899 4843 νὰ
2949 4783 3177 4868 ἷξεύρουν
3224 4788 3291 4850 τὰ
3336 4788 3542 4868 κρυπτὰ
3598 4794 3694 4847 τοῦ

2027 4875 2152 4934 κάθε
2223 4876 2363 4956 ἐνὸς,
2434 4877 2525 4932 τὸν
2614 4874 2984 4954 κατακρίνουν,
3057 4876 3147 4933 καὶ
3214 4877 3446 4955 γίνονται
3517 4877 3691 4956 κριταὶ

2026 4965 2315 5046 ἀδιάκριτοι
2385 4966 2458 5031 εἷς
2529 4965 2652 5032 τοὺς
2723 4962 2936 5031 ἄλλους.
3015 4971 3211 5031 Τοῦτος
3281 4967 3312 5022 6
3368 4964 3484 5032 νέος
3532 4962 3691 5023 ἔλαϐε

2025 5056 2314 5135 γνωριμίαν
2399 5056 2468 5132 μὲ
2554 5053 2646 5113 ἕνα
2734 5056 2980 5137 μοναχὸν
3052 5054 3351 5133 ἁγιώτατον
3419 5053 3689 5136 ἄνθρωπον

2028 5146 2161 5203 ὀποῦ
2230 5143 2596 5204 ἑκατοικοῦσεν
2666 5145 2739 5210 εἷς
2797 5141 2890 5201 ἕνα
2945 5144 3304 5224 μοναστήριον
3355 5149 3456 5213 τῆς
3530 5153 3690 5204 Κων-

2025 5232 2535 5308 σταντινουπόλεως,
2634 5234 2723 5291 καὶ
2817 5232 3226 5315 φανερώνωντάς
3296 5239 3393 5292 τοῦ
3448 5230 3547 5289 ὅλα
3622 5231 3690 5291 τὰ

2022 5324 2227 5404 κρυπτά
2255 5328 2353 5391 τῆς
2384 5321 2597 5404 καρδίας
2655 5345 2750 5381 του
2796 5328 2891 5380 τοῦ
2938 5322 3094 5380 εἶπεν
3151 5321 3315 5398 ἀκόμι
3352 5323 3441 5380 καὶ
3470 5319 3552 5379 ὅτι
3578 5343 3690 5380 πο-

2023 5417 2108 5471 θεῖ
2136 5413 2237 5470 τ’ὶιν
2267 5413 2531 5494 σωτηρίαν
2575 5418 2675 5482 τῆς
2733 5416 2920 5495 ψυχῆς
2967 5434 3084 5485 του,
3134 5412 3224 5469 καὶ
3271 5409 3388 5493 ἔχει
3441 5408 3688 5491 μεγάλην

2025 5500 2299 5579 ἐπιθυμίαν
2354 5502 2419 5559 νὰ
2487 5501 2822 5584 ἀναχωρήσῃ
2890 5500 2997 5559 ἀπὸ
3063 5502 3156 5559 τὸν
3208 5499 3433 5580 κόσμον,
3477 5500 3568 5558 καὶ
3625 5500 3691 5561 νὰ

384 5681 472 5765 (a)
502 5674 1185 5781 Trapslationemhistam
1197 5673 1292 5781 _i_n_
1303 5672 1690 5741 vernaculum
1718 5687 2064 5758 sermonem
2091 5670 2364 5738 Graecum
2383 5677 2448 5735 ut
2464 5670 2784 5738 Latinitate
2812 5672 3175 5740 donaremus
3202 5687 3404 5756 opera}
3427 5668 3686 5765 pretium

291 5755 429 5832 fore
449 5755 576 5829 non
603 5756 910 5828 duximus.
937 5759 1109 5826 Eutr.
1138 5755 1322 5823 Pars.
