4176 6374
344 273 467 343 697
1857 273 1963 341 DE
2000 273 2209 341 FIDE.
3012 294 3031 303 ’
3618 283 3740 355 ωε

343 414 455 485 λῶς
497 418 574 486 εἰς
613 420 706 478 τὸν
747 421 867 478 νοῦν
906 437 1025 493 του,
1069 415 1188 493 ἀμὴ
1230 409 1579 491 ἀλησμόνησε
1615 409 1831 479 τελείως
1873 408 1998 469 ὅλον
2015 411 2171 471 Δκαὶ
2197 410 2293 497 ὄχι
2318 413 2479 482 ἄλλος
2506 434 2526 494 ;
2554 418 2658 478 Καὶ
2687 418 2753 479 νὰ
2791 418 2926 479 61:06
2953 420 3030 487 είς
3082 427 3268 482 τοῦτον
3322 409 3416 481 έδν
3467 419 3588 482 νέον
3615 421 3749 484 ἀπο.

345 509 440 567 τὸν
480 508 703 588 κόσμον,
747 510 836 568 καὶ
877 505 1166 585 ἀνταμὼοη
1208 503 1357 577 ὅλος,
1401 503 1492 561 καὶ
1559 500 1729 582 ἔγινεν
1798 499 1893 561 ἕνα
1935 500 2005 579 μὲ
2086 503 2310 574 λούθησε
2351 508 2721 589 περισσότερον
2749 509 2856 568 ἀπὸ
2895 511 2989 570 τὸν
3044 509 3226 589 Δαϐὶδ,
3291 512 3440 577 Διατὶ
3493 515 3524 572 6
3584 511 3745 572 Δαϐἶδ

348 599 413 656 τὸ
457 604 569 683 φῶς
611 600 789 659 ἐκεῖνο
829 601 892 658 τὸ
931 600 1136 673 θεϊκὸν,
1169 597 1259 654 καὶ
1289 599 1383 652 τοῦ
1424 592 1664 684 ἐφαίνετο
1696 596 1841 684 ,πῶς
1864 590 2006 671 ἔγινε
2086 592 2244 652 ἔλαϐε
2270 596 2371 665 τὴν
2397 598 2678 678 μαρτυρίαν
2708 597 2814 657 ἀπὸ
2889 600 2980 658 τὸν
3020 598 3160 658 ἴδιον
3213 602 3306 660 τὸν
3374 604 3526 677 Θεὸν,
3588 602 3740 684 ἐχρι-

350 690 443 747 καί
471 678 641 756 ἀὐτὸς
682 695 820 771 φῶς,
863 690 951 748 καὶ
989 688 1118 757 ἦτον
1159 684 1283 752 ὅλος
1339 682 1574 764 γεμάτος
1616 681 1724 771 ἀπὸ
1785 678 2003 771 δάκρυσι,
2089 686 2188 752 σθη
2271 687 2361 743 καὶ
2439 688 2742 770 προφήτης,
2814 690 2905 747 καὶ
2964 689 3236 768 βασιλεὺς,
3282 688 3436 749 ἔλαϐε
3491 693 3580 749 καὶ

351 780 443 837 καὶ
483 779 589 837 ἀπὸ
617 769 742 856 μίαν
1017 773 1402 855 ἀνεκδιήγητον
1435 790 1451 808 ⁸
1517 772 1605 829 καὶ
1670 769 1862 851 ὕστερα
1895 769 2008 861 ἀπὸ
2090 774 2251 855 χάριν
2290 784 2383 836 τοῦ
2424 777 2574 856 ἁγίου
2634 777 2963 855 Πνεύματος.
3010 778 3231 846 Ἀνίσως
3292 778 3479 839 λοιπὸν
3521 781 3612 839 καὶ
3665 782 3742 846 εἰς

351 874 508 927 τοῦτο
550 868 712 939 ἀνέϐη
742 872 771 927 6
973 890 1066 926 :06
1108 868 1182 932 εἷς
1243 864 1365 928 τοὺς
1428 861 1699 943 οὒρανοὺς,
1761 861 1851 917 καὶ
1892 857 2011 916 ἐκεῖ

352 954 497 1016 εἶδεν
539 956 673 1016 ἄλλο
714 964 827 1040 φῶς
867 957 1031 1016 πλέον
1092 953 1481 1036 λαμπρότερον,
1548 952 1637 1008 καὶ
1684 949 1867 1040 κοντά
1934 949 2009 1015 είς

352 1046 530 1106 ἐκεῖνο
556 1050 618 1106 τὸ
800 1054 891 1106 τοῦ
918 1046 1086 1129 ἐφανη
1132 1050 1248 1110 πῶς
1291 1040 1534 1099 ἐστέκετο
1572 1043 1602 1097 6
1654 1039 1824 1130 61:0;

350 1159 442 1203 νος
471 1136 639 1217 γέρων
660 1125 802 1196 61:06
827 1146 921 1198 :06
960 1125 1185 1216 ἔδωκεν,
1233 1135 1309 1197 ὣς
1377 1130 1633 1206 εἴπαμεν,
1686 1130 1750 1186 τὸ
1804 1125 2005 1206 βιϐλίον

350 1233 447 1285 σοῦ
513 1226 649 1285 ἀϐϐἆ
705 1229 944 1310 Μάρκου,
1014 1227 1103 1284 καὶ
1181 1226 1274 1282 τὸν
1358 1222 1552 1281 κανόνα
1608 1223 1742 1310 ὀποῦ
1797 1218 2001 1310 ἔκανεν.

347 1313 495 1397 Ἐγὼ
520 1315 707 1376 λοιπὸν
761 1308 939 1382 καθὼς
994 1317 1062 1374 :6
1116 1313 1314 1373 ἀκουσα
1369 1312 1476 1370 ἀπὸ
1519 1312 1611 1369 τὸν
1660 1308 1802 1387 νέον,
1846 1308 2005 1366 ἐστο-

350 1406 603 1486 χάσθηκα
670 1414 787 1473 πῶς
856 1409 946 1465 καὶ
1013 1408 1050 1476 ἡ
1120 1400 1369 1485 πρεσϐεία
1413 1412 1506 1463 τοῦ
1557 1400 1705 1481 ἀγίου
1760 1399 2006 1480 γέροντος

350 1495 666 1578 ἐσυνέργησε
708 1497 884 1557 πολλά
943 1499 1016 1563 είς
1071 1501 1249 1576 τοῦτο,
1293 1494 1383 1550 καὶ
1440 1490 1545 1565 ἔτζι
1596 1493 1659 1548 τὸ
1714 1488 2005 1566 οίκονόμη·

349 1607 441 1643 σεν
470 1589 499 1644 6
542 1589 670 1653 Θεὸς
698 1586 782 1645 διὰ
812 1589 875 1645 νά
899 1584 1038 1665 δείξῃ
1087 1594 1182 1645 τοῦ
1222 1582 1339 1642 νέου
1369 1584 1443 1647 είς
1484 1594 1643 1640 ποῖον
1691 1579 1825 1657 ὕψος
1875 1579 2001 1660 ἀρε-

350 1681 453 1744 τῆς
483 1676 747 1758 εὑρίσκετο
789 1680 817 1735 6
845 1677 997 1758 ἅγιος
1065 1674 1269 1739 ἐκεῖνος
1341 1673 1531 1754 γέρων,
1580 1669 1665 1728 6:6
1705 1676 1861 1728 τοῦτο
1913 1670 2006 1726 τὸν

2089 866 2272 945 καιρὸν
2325 866 2456 923 61:06
2511 864 2736 949 ἔσφαλεν
2790 868 2866 935 είς
2914 869 3007 927 τὸν
3091 870 3243 948 Θεὸν,
3288 871 3379 928 καὶ
3420 869 3588 951 ἔχασε
3642 870 3743 939 τὴν

2089 954 2249 1035 χάριν
2275 962 2369 1012 τοῦ
2396 955 2547 1037 ἁγίου
2587 957 2918 1035 Πνεύματος,
2963 959 3053 1017 καὶ
3093 960 3156 1016 τὸ
3196 958 3401 1036 ἀξίωμα
3453 964 3555 1028 τῆς
3599 981 3740 1040 1:90-

2087 1045 2330 1126 φητείας,
2390 1046 2479 1103 καὶ
2541 1046 2903 1127 ἀπεμάκρυνεν
2969 1047 3076 1106 ἀπὸ
3143 1049 3245 1117 τὴν
3313 1050 3743 1131 συναναστροφὴν

2085 1139 2177 1190 τοῦ
2219 1141 2372 1208 Θεοῦ,
2430 1135 2621 1202 ἀνίσως
2690 1134 2834 1217 λέγω
2890 1136 3048 1207 ἦλθεν
3102 1136 3293 1219 ὕστερα
3349 1140 3424 1206 εἷς
3466 1136 3739 1216 αἴσθησιν,

2085 1223 2176 1279 καὶ
2216 1222 2480 1301 ἐνθυμήθη
2523 1226 2590 1283 τὰ
2628 1224 2769 1283 καλά
2810 1228 2943 1284 ὀποῦ
3006 1226 3135 1309 εἶχε
3177 1228 3266 1285 καὶ
3307 1228 3373 1285 τὰ
3414 1226 3605 1310 ἔχασε,
3651 1229 3741 1288 καὶ

2086 1311 2153 1371 :6
2193 1313 2419 1385 ἐζήτησε
2460 1313 2623 1372 πάλιν
2692 1316 2755 1374 νά
2820 1317 2887 1374 :6
2954 1317 3261 1396 ἀποκτήσῃ.
3306 1318 3357 1376 τί
3398 1319 3738 1400 θαυμαστῶς

2087 1407 2161 1465 Τὸ
2198 1405 2496 1481 θαυμαστὸν
2538 1404 2681 1463 εἶναι
2722 1406 2811 1463 καὶ
2880 1405 3203 1485 ἀξιέπαινον,
3264 1410 3396 1467 ὀποῦ
3436 1407 3558 1475 ἕνας
3621 1406 3742 1474 νέος

2086 1494 2358 1576 ἄνθρωπος
2412 1493 2584 1551 εἴκοσι
2654 1494 2885 1575 χρόνων,
2932 1498 3066 1555 ὀποῦ
3136 1497 3201 1557 v6
3260 1496 3404 1554 εἶναι
3457 1495 3742 1577 προσηλω-

2087 1584 2248 1662 μένος
2303 1582 2427 1648 ὅλος
2481 1580 2656 1641 διόλου
2711 1585 2784 1649 εἷς
2835 1585 2902 1643 :6
2970 1586 3201 1663 κοσμικά
3266 1585 3579 1667 πράγματα,
3648 1580 3741 1644 καὶ

2087 1679 2162 1742 είς
2219 1675 2352 1735 αὑτὰ
2400 1676 2468 1733 :6
2521 1675 2814 1755 πρόσκαιρα
2874 1676 2940 1735 νὰ
2991 1675 3098 1758 ἔχῃ
3164 1678 3256 1734 τὸν
3327 1684 3444 1735 νοῦν
3477 1699 3595 1751 του,
3648 1677 3737 1735 καὶ

350 1764 467 1825 εἶδε
507 1772 625 1832 πῶς
668 1766 911 1825 ἒστέκετο
962 1766 1126 1824 κοντᾶ
1180 1765 1255 1829 εἷς
1311 1764 1489 1821 ἐκεῖνο
1542 1762 1603 1819 τδ
1646 1766 1782 1843 φῶς.
1815 1758 1947 1818 Τότε
1976 1761 2004 1815 6
2025 1793 2066 1844 Β
2087 1765 2187 1833 ἔξω
2228 1765 2334 1823 ἀπὸ
2375 1765 2507 1825 αὒτά
2547 1764 2679 1823 ἄλλο
2731 1765 2941 1832 τίποτες
2988 1765 3317 1847 ὑψηλότερον
3358 1767 3423 1825 νά
3466 1767 3574 1843 μὴν
3619 1788 3741 1825 στο-

347 1854 467 1920 νέος
525 1855 759 1931 ἐκεῖνος,
812 1857 957 1914 ὡσάν
1023 1854 1274 1936 ἐπέρασεν
1347 1852 1480 1921 αὐτὴ
1553 1853 1589 1921 ἡ
1643 1849 1855 1930 θεωρία,
1915 1849 2004 1906 καὶ

346 1944 478 2016 ἦλθε
505 1945 666 2003 πάλιν
695 1948 768 2011 εἰς
796 1949 889 2004 τὸν
920 1945 1106 2003 ἑαυτόν
1158 1966 1273 2024 του,
1330 1943 1459 2011 ἦτον
1515 1940 1771 2021 γεμάτος,
1830 1940 2003 2003 καθὼς

345 2034 551 2117 ἔλεγεν,
583 2036 690 2093 ἀπὸ
733 2037 907 2117 χαρὰν
948 2036 1037 2093 καὶ
1089 2035 1423 2112 θαυμασμὸν,
1498 2033 1587 2089 καὶ
1655 2028 1870 2110 εῦγανεν
1899 2029 2005 2085 ἀπὸ

345 2126 448 2194 τὴν
490 2123 702 2206 καρδίαν
737 2148 829 2184 :06
872 2126 939 2183 :6
980 2123 1199 2207 δάκρυα,
1257 2124 1346 2181 καὶ
1411 2122 1554 2200 μαζὴ
1598 2120 1665 2197 μὲ
1708 2119 1889 2207 ἐκεῖνα
1939 2118 2008 2176 :6

348 2213 545 2296 δάκρυα
600 2215 946 2276 ἀκολουθοῦσε
1013 2206 1102 2273 καὶ
1160 2213 1255 2292 μία
1323 2212 1587 2292 γλυκύτης
1658 2206 2005 2291 ὑπερϐολική.

350 2304 516 2369 Τέλος
544 2304 757 2362 πάντων
807 2304 993 2363 ἔπεσεν
1033 2306 1107 2369 είς
1150 2306 1211 2363 τὸ
1253 2298 1501 2382 κρεϐϐάτι
1543 2298 1629 2359 6:6
1670 2300 1733 2359 νά
1775 2301 2010 2375 κοιμηθῇ

350 2394 553 2476 ὀλίγον,
584 2396 674 2453 καὶ
700 2398 801 2464 τὴν
842 2393 987 2452 ἴδιαν
1024 2393 1165 2475 ὥραν
1217 2390 1476 2475 ἐφώναξεν
1521 2392 1550 2447 6
1600 2389 1863 2469 πετεινὸς,
1923 2389 2011 2445 καὶ

349 2483 437 2543 δέν
505 2484 758 2566 ἐπέρασεν
827 2484 1029 2565 ὀλίγον,
1102 2485 1191 2541 καὶ
1261 2483 1553 2558 ἐσήμαιναν
1607 2481 1643 2557 ᾖ
1703 2477 2010 2566 ἐκκλησίαις

349 2571 437 2631 διὰ
477 2576 569 2632 τὸν
605 2564 814 2656 ἠὸρθρον,
848 2564 936 2632 καὶ
979 2574 1226 2641 ἐσηκώθη
1269 2575 1298 2630 6
1355 2570 1470 2636 νέος
1514 2567 1599 2627 6:6
1653 2568 1718 2625 νά
1785 2564 2010 2644 διαϐάσῃ

348 2664 443 2722 τὸν
478 2662 681 2745 ὄρθρον,
714 2666 850 2724 κατά
892 2666 991 2733 τὴν
1032 2662 1308 2734 συνήθειάν
1336 2683 1450 2736 του,
1500 2662 1590 2718 καὶ
1647 2658 1853 2726 ἐκείνην
1909 2657 2010 2725 τὴν

348 2753 513 2811 νύκτα
583 2754 721 2830 μὴτε
806 2753 1069 2830 ἐκοιμήθη
1160 2750 1400 2824 τελείως,
1503 2749 1640 2825 μὴτε
1696 2748 2008 2828 στοχασμὸς

346 2842 510 2902 ὕπνου
538 2851 631 2901 τοῦ
660 2843 789 2912 ἦλθε
816 2843 1115 2908 παντελῶς.
1162 2842 1306 2899 Αὒτά
1356 2849 1458 2911 μοῦ
1514 2838 1785 2917 ἐδιηγεϊτο
1812 2839 1840 2894 6
1891 2836 2009 2902 νέος

346 2942 464 2997 πῶς
506 2931 870 3001 ἠκολούθησαν
899 2935 971 2998 εἰς
1026 2932 1206 2994 αὗτὸν.
1266 2921 1325 2989 Ὀ
1384 2932 1573 2993 ὁποῖος
1620 2927 1753 2985 ἄλλο
1795 2927 2008 2991 τίποτες

2086 1857 2333 1937 χάζεται,
2380 1856 2518 1932 μήτε
2576 1857 2649 1920 εἷς
2697 1856 2789 1914 τὸν
2829 1862 2950 1913 νοῦν
3002 1879 3094 1915 του
3148 1858 3213 1913 νά
3268 1854 3393 1935 ἔλθῃ
3431 1855 3563 1914 ποτέ
3603 1878 3740 1937 παρ-

2086 1947 2270 2023 όμοιος
2312 1945 2590 2026 λογισμὸς,
2632 1948 2719 2004 καὶ
2762 1946 2924 2023 μόνον
2965 1948 3097 2004 ὀποῦ
3127 1945 3317 2006 ἄκουσε
3358 1946 3536 2025 ὀλίγον
3578 1947 3738 2004 τίπο-

2086 2057 2175 2101 τες
2230 2036 2336 2093 ἀπὸ
2403 2037 2496 2093 τὸν
2561 2035 2712 2115 ἅγιον
2781 2036 2988 2094 ἐκεῖνον
3042 2036 3283 2117 γέροντα,
3355 2038 3443 2094 καὶ
3498 2033 3740 2095 ἐδιάϐασε

2087 2128 2175 2184 καὶ
2241 2127 2309 2183 :6
2361 2127 2480 2206 τρία
2561 2125 2744 2184 ἐκεῖνα
2812 2126 3076 2209 κεφάλαια
3143 2134 3236 2185 τοῦ
3300 2125 3437 2185 ἀϐϐἆ
3502 2127 3740 2208 Μάρκου,

2090 2216 2344 2296 παρευθὺς
2399 2216 2466 2274 νὶ
2528 2216 2788 2293 πιστεύσῃ
2843 2214 3170 2281 ἀδιστάκτως
3227 2218 3301 2282 είς
3352 2216 3431 2275 τὰ
3498 2237 3744 2296 γεγραμ-

2093 2304 2246 2383 μένα,
2292 2306 2381 2362 καὶ
2427 2306 2490 2362 v6
2542 2305 2610 2363 :6
2650 2304 2790 2383 βάλῃ
2835 2306 2906 2371 εἷς
2977 2304 3162 2385 πρᾶξιν
3218 2305 3288 2382 μέ
3343 2303 3527 2363 ἐλπίδα
3576 2306 3746 2382 ἀναμ-

2093 2391 2329 2475 φίϐολον,
2373 2395 2463 2451 καὶ
2499 2394 2568 2471 μὲ
2636 2392 2840 2462 ἐκείνην
2894 2395 2993 2462 τὴν
3063 2393 3249 2474 ὀλίγην
3319 2393 3567 2474 ἐργασίαν
3611 2396 3745 2452 ὀποῦ

2092 2483 2280 2565 ἔκαμε,
2324 2484 2389 2541 v6
2430 2482 2625 2561 ἀξιωθῇ
2673 2483 2736 2539 v6
2789 2483 2982 2561 ὑψώσῃ
3026 2483 3116 2540 τὸν
3176 2489 3296 2540 νοῦν
3337 2505 3431 2543 του
3495 2481 3596 2548 ἕως
3667 2485 3743 2550 εἰς

2092 2576 2179 2632 τὸν
2223 2574 2462 2654 οὐρανὸν,
2505 2573 2592 2631 καὶ
2654 2573 2719 2630 νά
2758 2573 2908 2650 κάμῃ
2961 2573 3062 2641 τὴν
3105 2574 3361 2631 Θεοτόκον
3419 2572 3483 2629 νά
3521 2574 3614 2630 τὸν
3659 2576 3745 2634 εὖ·

2091 2662 2488 2747 πλαγχνισθῇ,
2547 2663 2638 2719 καὶ
2724 2662 2793 2738 μὲ
2857 2664 2955 2730 τὴν
3038 2660 3316 2743 πρεσϐείαν
3369 2667 3469 2730 τῆς
3519 2664 3592 2729 εἷς
3647 2664 3741 2720 τὸν

2093 2755 2247 2828 Θεὸν,
2294 2753 2358 2810 νά
2396 2754 2486 2809 τὸν
2529 2751 2759 2834 φιλιώσῃ
2806 2752 2965 2810 τόσον
3008 2753 3075 2829 μὲ
3119 2754 3296 2833 αὑτὸν,
3343 2755 3476 2810 61:06
3530 2753 3596 2810 νά
3648 2759 3742 2810 τοῦ

2091 2842 2272 2921 στείλη
2300 2842 2406 2900 ἀπὸ
2446 2845 2537 2900 τὸν
2581 2844 2796 2924 ούρανὸν
2838 2844 2929 2900 τὸν
2983 2842 3130 2900 θετόν
3171 2864 3263 2900 του
3312 2843 3609 2923 φωτισμὸν,
3654 2841 3743 2899 καὶ

2090 2933 2190 3001 τὴν
2226 2932 2384 3013 χάριν
2413 2939 2504 2990 τοῦ
2548 2934 2806 3012 παναγίου
2873 2933 3199 3013 Πνεύματος,
3246 2934 3282 3002 ἡ
3327 2932 3484 2990 ὁποία
3533 2933 3597 2991 v6
3648 2934 3742 2989 τὸν

345 3024 432 3083 δὸν
473 3022 662 3099 ἔκαμε,
707 3024 879 3088 καθὼς
913 3024 981 3099 μὲ
1024 3019 1335 3079 ἐϐεϐαίωνεν
1366 3022 1394 3077 6
1433 3017 1597 3097 ἴδιος,
1660 3015 1823 3098 πάρεξ
1877 3017 2068 3097 αὑτάο
2092 3020 2377 3098 δυναμώσῃ
2426 3023 2490 3079 v6
2544 3022 2717 3102 φθάσῃ
2765 3020 2866 3088 ἕως
2921 3024 3013 3080 τὸν
3066 3023 3306 3103 οὒρανὸν,
3352 3023 3438 3079 καὶ
3491 3022 3557 3079 νά
3612 3021 3746 3081 ἀπο-

349 3117 482 3173 ὁποῦ
521 3113 781 3181 ἠκούσατε
825 3113 1007 3189 μόνον,
1056 3110 1200 3180 πλὴν
1267 3110 1396 3191 εἶχε
1454 3110 1629 3166 πίστιν
1691 3108 1783 3165 καὶ
1824 3103 2009 3163 ἐλπίδα

352 3201 680 3278 ἀόίστακτον,
744 3203 833 3259 καὶ
895 3200 979 3259 διὰ
1020 3211 1177 3261 τυῦτο
1246 3198 1447 3269 ἠξιώθη
1519 3199 1583 3254 v6
1650 3194 1734 3276 ἰδῇ
1802 3196 2008 3254 τέτοιαν

354 3293 587 3373 θεωρίαν.
622 3293 722 3352 Καὶ
780 3292 889 3369 μὴν
959 3297 1062 3368 μοῦ
1122 3292 1249 3368 είπῇ
1303 3290 1450 3353 τινὰς
1506 3295 1621 3353 πῶς
1682 3287 1887 3352 ἐκεῖνος
1944 3286 2011 3341 τὰ

355 3380 546 3459 ἔκαμεν
586 3382 717 3442 αὒτά
758 3380 844 3438 6:6
912 3383 977 3439 v6
1044 3378 1331 3459 δοκιμάσῃ,
1379 3376 1513 3436 δ’,ατὶ
1561 3377 1741 3453 αυτὸς,
1789 3378 1862 3440 ὡς
1907 3381 2010 3451 μοῦ

353 3470 525 3553 ἔλεγε,
557 3474 695 3548 μήτε
738 3471 806 3549 με
848 3472 939 3529 τὸν
981 3469 1238 3550 λογισμόν
1280 3490 1374 3528 του
1414 3470 1476 3525 τὸ
1520 3467 1705 3525 ἔϐαλεν
1737 3467 1885 3546 αὐτὸ,
1925 3462 2010 3520 6:6

349 3562 414 3621 v6
454 3559 717 3639 δοκιμάσῃ
759 3561 912 3635 ποτὲ,
958 3559 1097 3618 ἀλλά
1138 3559 1268 3641 εἶχε
1296 3558 1470 3616 πίστιν
1514 3556 1842 3629 ἀδίστακτον,
1891 3553 2009 3611 ὅθεν

345 3651 777 3731 ἀπορῤίπτωντας
821 3650 928 3707 ἀπὸ
970 3648 1132 3728 λόγου
1186 3671 1278 3706 του
1346 3649 1472 3706 κάθε
1526 3645 1688 3705 ἄλλον
1745 3644 2005 3724 λογισμὸν

344 3742 595 3822 σαρκικὸν
659 3742 750 3798 καὶ
816 3740 1099 3816 κοσμικὸν,
1172 3738 1337 3807 τόσην
1382 3736 1625 3819 μεγάλην
1694 3734 2003 3812 ἐπιμέλειαν

343 3830 502 3889 ἔκαλε
538 3828 622 3888 6:6
649 3831 713 3888 νά
739 3827 941 3912 φυλάξῃ
969 3829 1070 3899 τὴν
1101 3826 1391 3896 συνείδησίν
1440 3850 1555 3903 του,
1602 3827 1690 3884 καὶ
1746 3825 1809 3882 νά
1865 3846 2003 3882 κατ-

344 3920 553 4001 ορθώσῃ
605 3919 787 3977 ἐκεῖνα
829 3921 963 3976 61:06
1004 3924 1096 3975 :06
1145 3914 1324 3996 ἔλεγεν
1396 3919 1431 3987 ἡ
1478 3914 1795 3991 συνείδησις,
1872 3916 2005 3971 61:06

347 4012 422 4075 εἰς
466 4008 565 4067 ὅλα
592 4010 659 4067 :6
689 4006 824 4066 ἀλλα
876 4007 1165 4088 πράγματα
1218 4006 1403 4065 τούτου
1459 4013 1551 4063 τοῦ
1605 4006 1808 4082 κόσμον
1864 4002 2004 4084 εὑρί-

347 4098 505 4158 σκέτο
538 4100 681 4157 ὡσάν
726 4098 1065 4177 ἀναίσθητος,
1122 4097 1211 4154 καὶ
1253 4094 1340 4153 δὶν
1392 4096 1461 4153 :6
1529 4096 1804 4153 αἶσθάνετο
1860 4116 2004 4151 παν-

346 4188 538 4255 τελῶς.
571 4187 740 4247 Ἀλλά
768 4188 906 4265 μήτε
948 4186 1011 4243 νά
1039 4185 1209 4267 φάγῃ,
1242 4186 1277 4254 ἢ
1321 4186 1386 4246 v6
1426 4185 1524 4262 πίῃ
1579 4185 1708 4266 εἶχε
1767 4183 2006 4261 κάμμίαν

352 4277 540 4359 ὄρεξιν,
572 4278 709 4337 ὥστε
764 4279 899 4336 61:06
952 4276 1040 4331 καὶ
1093 4274 1325 4340 πολλαῖς
1382 4287 1574 4355 φοραῖς
1632 4271 1785 4351 ἔμενε
1827 4295 2009 4341 νηστι-

348 4368 464 4432 κός,
538 4365 849 4445 Ἀκούσατε,
907 4362 1122 4446 ἀδελφοί
1203 4387 1303 4442 μου
1368 4364 1659 4444 ἀγαπητοὶ.
1716 4364 1767 4421 τί
1835 4362 2005 4443 λογῆς

345 4457 634 4537 πράγματα
686 4456 1002 4535 κατορθώνει
1047 4456 1083 4524 ἡ
1126 4455 1324 4534 πίστις,
1399 4454 1488 4511 καὶ
1554 4453 1728 4522 πόσην
1788 4451 2003 4529 δύναμιν

230 4568 237 4573 '
343 4544 483 4627 ἔχει,
531 4544 656 4603 ὅταν
686 4545 1031 4627 στερεώνεται
1062 4544 1129 4621 μὲ
1158 4545 1222 4602 νά
1279 4541 1407 4624 ἔργα
1448 4541 1515 4600 :6
1566 4542 1749 4625 καλά;
1805 4542 2006 4623 Ἐγνω-

343 4636 511 4718 ρίσετε
539 4641 654 4701 πῶς
687 4636 824 4713 μὴτε
854 4637 890 4705 ἡ
935 4635 1128 4703 νεότησ
1169 4640 1274 4711 μᾶς
1304 4633 1528 4712 βλάπτει
1577 4634 1812 4708 τίποτες,
1865 4634 2004 4709 μήτε

345 4724 507 4783 πάλιν
548 4727 609 4783 τὸ
636 4737 926 4806 γηρατεϊον
956 4730 1060 4799 μᾶς
1104 4722 1328 4805 ὠφελεῖ,
1372 4723 1567 4789 ἀνίσως
1622 4724 1711 4781 καὶ
1741 4728 1845 4800 μᾶς
1888 4721 2004 4779 λεί-

346 4837 437 4874 πει
480 4817 509 4873 6
551 4811 713 4897 φόϐος
743 4820 836 4870 τοῦ
885 4820 1061 4894 Θεοῦς
1108 4811 1363 4889 Ἐμάθετε
1419 4814 1587 4894 τώρα,
1646 4820 1761 4877 πῶς
1806 4814 1943 4891 μήτε
1974 4814 2004 4870 6

347 4905 578 4984 κόσμος,
619 4904 771 4980 καὶῇ
824 4900 1116 4967 πολιτείαις
1164 4909 1268 4980 μᾶς
1337 4900 1647 4979 ἐμποδίζουν
1702 4904 1777 4966 είς
1832 4905 1895 4960 τὸ
1941 4902 2006 4959 v6

349 4994 611 5071 κάμωμεν
666 4993 762 5057 τὰς
817 4990 1032 5058 ἐντολὰς
1091 5000 1183 5050 τοῦ
1239 4999 1393 5075 Θεοῦ,
1449 4993 1641 5058 ἀνίσως
1696 4994 1784 5050 καὶ
1839 4995 2004 5069 ἡμεῖς

350 5084 554 5166 ἔχομεν
595 5083 883 5163 προθυμίαν
917 5100 931 5116 ⁸
1000 5083 1139 5159 μήτε
1206 5081 1366 5140 πάλιν
1421 5084 1458 5152 ἡ
1512 5082 1858 5164 ἀναχώρησις
1915 5089 2007 5140 τοῦ

351 5173 578 5249 κόσμου,
649 5174 737 5231 καὶ
791 5173 827 5241 ἡ
900 5170 1093 5253 ἐρημία
1157 5177 1263 5249 μᾶς
1338 5171 1597 5253 ὠφελοῦν,
1657 5171 1849 5237 ἀνίσως
1917 5173 2008 5229 καὶ

350 5265 515 5341 ἡμεῖς
584 5262 997 5344 εὖρισκώμεσθεν
1081 5264 1154 5327 εἷς
1223 5263 1472 5342 ὀκνηρίαν
1544 5261 1634 5319 καὶ
1707 5260 1999 5343 ἀμέλειανς

370 5352 496 5413 Ολοι
539 5374 643 5431 μας
675 5352 931 5430 ἀκούομεν
974 5353 1067 5410 τὸν
1127 5349 1289 5410 Δακὶδ
1341 5356 1458 5417 πῶς
1514 5349 1582 5427 μὲ
1638 5350 1798 5416 τόσας
1842 5373 2006 5433 φρον-

346 5439 516 5519 τίδας,
570 5445 659 5502 καὶ
713 5441 991 5521 βασιλικὰς
1036 5442 1330 5517 ὑποθέσεις,
1390 5440 1520 5522 εἶχε
1576 5441 1668 5498 τὸν
1737 5447 1858 5499 νοῦν
1912 5464 2007 5502 του

344 5530 485 5598 ὅλως
514 5531 689 5591 διόλου
735 5531 1093 5613 ἀφιερωμένον
1136 5534 1210 5599 είς
1266 5532 1361 5590 τὸν
1419 5531 1576 5607 Θεὸν,
1646 5530 1735 5587 καὶ
1792 5530 2005 5608 θαυμά-

343 5629 505 5702 ζομεν
533 5624 606 5691 είς
636 5628 816 5701 τοῦτο,
844 5622 933 5681 καὶ
982 5620 1237 5704 λέγομεν,
1274 5626 1391 5691 πῶς
1446 5619 1568 5687 ἕνας
1613 5616 1777 5680 Λαϐὶδ
1830 5617 1999 5702 ἔγινε,

2091 3111 2261 3190 λαύσῃ
2291 3114 2353 3169 τὸ
2380 3117 2492 3194 φίις
2521 3111 2719 3185 ἐκεῖνο,
2766 3113 2826 3169 τὸ
2853 3115 3039 3170 ὁποῖον
3083 3109 3272 3170 πολλοὶ
3330 3113 3393 3169 τὸ
3435 3111 3742 3188 ἐπιθυμοῦν,

2093 3202 2169 3278 μὰ
2210 3201 2376 3280 ὀλίγοι
2419 3203 2481 3259 τὸ
2522 3200 2912 3283 ἐπιτυχαίνουν.
2948 3203 3027 3259 M6
3056 3201 3179 3260 ὅλον
3210 3208 3362 3259 τοῦτο
3391 3204 3419 3258 6
3449 3201 3563 3265 νέος
3592 3203 3744 3267 οὗτος

2091 3292 2180 3348 καὶ
2222 3289 2577 3370 εὐλογημένος
2645 3290 2928 3372 Γεώργιος,
2974 3294 3108 3349 ὀποῦ
3165 3292 3303 3367 μήτε
3344 3290 3570 3371 χρόνους
3613 3288 3747 3347 πολ-

2092 3379 2216 3445 λοὺς
2286 3380 2615 3455 ἐνήστευσεν,
2688 3380 2726 3450 ἢ
2788 3380 3145 3462 ἀγρύπνησεν,
3202 3380 3238 3448 ἢ
3295 3378 3487 3445 ἄλλους
3530 3379 3742 3458 ἀγῶνας

2090 3471 2406 3539 ἀσκητικοὺς
2460 3469 2654 3548 ἔκαμεν
2687 3488 2703 3505 °
2779 3471 2915 3530 ἀλλὰ
2974 3472 3111 3547 μὴτε
3153 3469 3285 3529 ποτέ
3339 3492 3434 3527 του
3476 3469 3739 3545 ἐκοιμήθη

2089 3561 2257 3642 χάμω
2282 3608 2300 3636 ,
2385 3561 2523 3638 μὴτε
2590 3562 2813 3643 τρύχινα
2889 3560 3104 3641 ἐφόρεσε
3136 3608 3153 3640 ,
3228 3560 3366 3636 μὴτε
3441 3558 3743 3639 καλόγηρος

2089 3647 2250 3729 ἔγινε,
2286 3652 2425 3728 μὴτε
2486 3651 2594 3708 ἀπὸ
2641 3653 2731 3709 τὸν
2794 3651 2994 3726 κόσμον
3052 3650 3374 3731 ἀναχώρησε
3414 3649 3738 3731 σωματικάῗ

2090 3728 2251 3819 μόνον
2315 3739 2400 3798 6:6
2455 3740 2642 3820 ὀλίγην
2719 3740 3028 3821 ἀγρυπνίαν,
3099 3728 3195 3797 καί
3243 3728 3552 3820 προσευχὴν
3609 3728 3743 3795 ὀποῦ

2085 3830 2304 3908 ἔκαμεν,
2392 3829 2561 3910 ἔγινεν
2659 3829 2884 3910 ἄγγελος
2968 3829 3223 3910 ἐπίγειος,
3297 3830 3386 3886 καὶ
3468 3828 3743 3909 ἀνθρωπος

2085 3921 2392 4002 ἐπουράνιος
2424 3935 2439 3951 ⁸
2472 3918 2745 4000 ἅνθρωπος
2814 3921 2889 3984 είς
2944 3921 3005 3976 τὸ
3060 3919 3399 4001 φαινόμενον,
3457 3919 3547 3975 καὶ
3584 3916 3747 3999 ἄσαρ-

2084 4034 2179 4078 κος
2250 4012 2322 4076 είς
2381 4011 2443 4068 τὸ
2502 4011 2783 4086 νοούμενον
2818 4026 2832 4041 ⁸
2893 4011 3180 4089 κρατητὸς,
3253 4010 3343 4065 καὶ
3395 4007 3692 4087 ἀκράτητος
3727 4026 3745 4044 ο

2086 4101 2410 4180 βλεπόμενος
2463 4100 2570 4157 ἀπὸ
2638 4098 2815 4172 ὅλους,
2873 4101 2964 4157 καὶ
3029 4099 3194 4175 μόνος
3252 4098 3618 4178 εὑρισκόμενος
3676 4096 3747 4173 μὲ

2087 4192 2251 4269 μόνον
2309 4191 2400 4247 τὸν
2444 4184 2591 4248 Θεὸν
2624 4192 2757 4247 61:06
2815 4187 2997 4269 ίξεύρει
3052 4189 3117 4248 :6
3172 4189 3368 4247 πάντα.
3439 4189 3538 4245 Διά
3591 4193 3749 4245 τοῦτο

2088 4282 2177 4338 καὶ
2217 4278 2416 4349 ἠξιώθη
2474 4281 2540 4339 νά
2605 4276 2691 4357 ἰδῇ
2744 4280 2807 4337 τὸ
2875 4278 3196 4359 γλυκύτατον
3253 4277 3430 4335 ἐκεῖνο
3499 4281 3612 4357 φῶς
3653 4282 3748 4333 τοῦ

2089 4377 2281 4438 νοητοῦ
2365 4361 2543 4428 Ἡλίου
2611 4374 2714 4437 τῆς
2782 4367 3143 4437 δικαιοσύνης.
3229 4368 3327 4427 Καὶ
3408 4365 3745 4447 πρεπόντως.

2092 4461 2241 4518 Διατὶ
2270 4461 2304 4529 ἡ
2333 4460 2517 4539 ἀγάπη
2571 4461 2660 4517 καὶ
2690 4461 2719 4517 6
2774 4460 2933 4523 πόθος
2962 4461 3094 4517 61:06
3133 4458 3292 4539 εἶχεν
3348 4458 3422 4522 είς
3465 4458 3555 4513 τὸν
3587 4455 3744 4529 Θεὸν,

2086 4551 2177 4606 τὸν
2206 4546 2372 4626 ἔκαμε
2429 4548 2493 4604 νά
2548 4548 2677 4627 γένῃ
2734 4546 2834 4613 ἔξω
2885 4547 3089 4624 κόσμου
3136 4551 3531 4622 πνευματικῶς,
3564 4545 3654 4602 καὶ
3682 4544 3747 4600 νά

2085 4637 2441 4716 ἀλησμονήσῃ
2485 4638 2573 4694 καὶ
2601 4637 2823 4713 κόσμον,
2857 4637 2945 4693 καὶ
3000 4635 3188 4716 σάρκα,
3249 4637 3337 4693 καὶ
3379 4633 3478 4692 ὅλα
3534 4634 3601 4690 :6
3628 4632 3745 4709 μά-

2084 4749 2208 4785 ταια
2284 4728 2573 4807 πράγματα
2650 4732 2741 4783 τοῦ
2840 4724 3045 4801 κόσμου
3068 4770 3086 4801 ,
3130 4724 3220 4782 καὶ
3288 4723 3353 4780 νά
3421 4720 3746 4804 προσηλωθῇ

2085 4816 2209 4885 ὅλος
2265 4815 2440 4875 διόλου
2496 4818 2569 4880 είς
2624 4816 2715 4874 τὸν
2776 4816 2928 4891 Θεὸν,
2993 4817 3082 4871 καὶ
3140 4813 3246 4886 ἕτζι
3301 4814 3367 4872 νά
3420 4813 3550 4893 γένῃ
3616 4810 3742 4875 ὅλος

2086 4908 2467 4983 πνευματικὸς,
2498 4906 2586 4962 καὶ
2615 4903 2739 4969 ὅλος
2766 4908 2902 4986 φῶς,
2954 4905 3042 4962 καὶ
3072 4896 3153 4960 ’νά
3209 4902 3293 4982 ἰδῇ
3350 4903 3561 4961 τέτοιαν
3601 4905 3744 4960 θεω-

2088 4996 2224 5077 ρίαν,
2255 4998 2344 5053 καὶ
2398 4996 2464 5052 νά
2508 4993 2785 5072 ἀπολαύσῃ
2841 4992 3051 5051 τέτοιαν
3104 4992 3393 5053 ἀπόλαυσιν
3419 5012 3435 5029 ·
3500 4994 3589 5050 καὶ
3646 4993 3749 5069 μά-

2088 5083 2244 5142 λιστα
2273 5087 2406 5142 ὀποῦ
2463 5083 2800 5142 ἐκατοικοῦσε
2863 5082 3002 5161 μέσα
3057 5084 3130 5150 είς
3186 5082 3481 5165 πολιτείαν,
3538 5084 3628 5140 καὶ
3672 5084 3747 5148 είς

2087 5173 2298 5232 τέτοιαν
2326 5172 2618 5250 πολιτείαν,
2669 5175 2759 5231 καὶ
2802 5169 3056 5255 ἐδιάτριϐε
3110 5173 3199 5231 καὶ
3238 5175 3312 5238 είς
3378 5174 3446 5230 :6
3501 5171 3747 5250 βασιλικὸ

2088 5263 2345 5341 παλάτια,
2377 5265 2466 5322 καὶ
2505 5264 2633 5346 εἶχε
2686 5264 2776 5322 καὶ
2830 5262 3136 5321 ἐπιστασίαν
3197 5262 3377 5324 ἐπάνω
3417 5269 3510 5321 τοῦ
3550 5261 3747 5344 ἀρχον-

2084 5360 2234 5412 τικοῦ
2290 5352 2548 5434 μεγάλου,
2790 5353 2975 5418 τόσους
3066 5350 3349 5428 σκλάϐους,
3420 5353 3509 5409 καὶ
3550 5350 3745 5418 ἄλλους

2085 5440 2355 5522 ὑπηρέτας
2435 5441 2689 5518 πολλοὺς,
2760 5443 2849 5502 καὶ
2899 5441 3209 5523 ὑπηρεσίας,
3295 5442 3386 5501 καὶ
3470 5440 3744 5509 ὑποθέσεις

2087 5530 2328 5611 μεγάλας
2356 5532 2445 5589 καὶ
2486 5531 2762 5613 περισσάς.

2167 5619 2339 5683 Ἀλλά
2402 5620 2602 5704 ἀρκετά
2670 5621 2817 5682 εἶναι
2890 5621 3025 5682 αῦτά
3076 5622 3209 5684 61:06
3257 5620 3489 5701 εἴπαμεν
3530 5620 3620 5682 καὶ
3659 5616 3747 5681 6:6
