4176 6394
1736 273 2126 345 ΒΥΜΕΟΝῐε
2161 274 2518 346 ΙΠΝῙΟΗῙὸ

3711 272 3836 342 700

423 413 637 474 ἔπαινον
698 423 794 476 :06
849 413 967 474 νέου
1022 415 1243 492 ἐκείνου,
1304 415 1393 474 καὶ
1449 414 1534 474 6:1
1575 417 1925 496 παρακίνησιν
1978 415 2087 472 ἐδι-
2109 421 2155 472 Δ
2175 417 2306 472 Θεὸν
2357 418 2490 474 61:06
2544 423 2637 476 :06
2671 417 2737 474 :1
2799 414 2986 491 ἔδωκε,
3045 416 3134 473 καὶ
3193 413 3426 496 γνωρίσῃ
3480 412 3571 472 τὸν
3624 407 3834 491 εὐεργέ-

428 506 529 576 κήν
599 527 696 570 σας
769 507 904 566 61:06
971 506 1035 563 v1
1104 503 1290 572 ἐλθῆτε
1355 505 1443 562 καὶ
1517 514 1612 565 :06
1681 504 1940 585 λόγουσας
2013 507 2087 569 εἷς

426 594 592 652 πόθον
660 604 919 675 τοιοῦτον,
994 595 1083 652 καὶ
1165 595 1228 651 v1
1317 595 1409 650 τὸν
1481 598 1778 672 μιμηθῆτε,
1873 593 1958 652 6:1
2024 595 2088 651 νᾶ

422 681 680 763 ἀξιωθῆεε
749 684 815 740 νὰ
903 682 1091 741 λάϐετε
1175 683 1474 763 παρόμοιαν
1560 684 1719 763 χάριν
1805 683 1912 740 ἀπὸ
1993 685 2084 741 τὸν

426 773 582 835 Θεόν.
627 753 681 831 ’ᾗ
734 771 912 831 θέλετε
959 773 1022 829 v1
1064 778 1160 836 σᾶς
1216 753 1375 852 εἰπέύῄ
1404 773 1492 829 καὶ
1551 753 1687 828 ἀλλα
1743 771 2085 852 μεγαλήτερα

423 864 532 923 ἀπὸ
601 865 734 923 αὐτὰ
788 869 921 923 61:06
978 871 1075 929 σᾶς
1133 865 1308 945 ε’ίπα;
1349 845 1520 939 ⁸ὅμως
1564 865 1613 920 τί
1641 845 1771 921 ἄλλο
1815 845 1958 923 εἶναι
1991 845 2085 942 με·

423 955 719 1035 γαλήτερον
776 956 882 1014 ἀπὸ
938 955 1031 1011 τὸν
1097 952 1258 1034 φόϐον
1313 961 1404 1010 :06
1450 961 1602 1028 Θεοῦ,
1662 955 1834 1018 καθὼς
1878 954 2021 1035 λέγει
2053 958 2082 1012 6

427 1043 690 1124 Θεολόγος
720 1043 1010 1124 Γρηγόριος
1035 1062 1052 1121 ;
1110 1050 1225 1107 πῶς
1255 1041 1459 1111 δηλαδὴ
1489 1045 1525 1112 ἡ
1569 1043 1715 1125 ἀρχὴ
1767 1049 1865 1112 τῆς
1897 1045 2082 1125 σοφίας

426 1133 570 1192 εἶναι
601 1135 629 1190 6
672 1131 832 1214 φόϐος
861 1132 953 1190 :06
983 1139 1112 1190 Θεοῦ
1138 1152 1154 1214 ;
1203 1133 1352 1190 Διατὶ
1396 1131 1512 1190 ἐκεῖ
1561 1136 1692 1190 61:06
1750 1134 1893 1192 εἶναι
1924 1137 1952 1191 6
1980 1137 2082 1216 φό-

423 1219 518 1288 ϐος
573 1230 666 1281 :06
751 1229 904 1300 Θεοῦ,
992 1221 1108 1279 ἐκεῖ
1197 1221 1339 1279 εἶναι
1398 1223 1486 1280 καὶ
1543 1221 1757 1304 φύλαξις
1827 1229 1932 1281 τῶν
1989 1223 2080 1281 ἐν-

421 1309 594 1368 τολῶν
627 1315 643 1345 ‘
716 1312 805 1369 καὶ
860 1311 992 1368 ὅπου
1050 1309 1194 1368 εἶναι
1252 1313 1287 1381 ἡ
1342 1309 1556 1392 φύλαξις
1627 1319 1732 1370 τῶν
1801 1311 2026 1371 ἐντολῶν
2062 1329 2077 1345 ⁶

419 1400 537 1458 ἐκεῖ
564 1401 700 1459 εἶναι
755 1404 782 1459 6
830 1403 1154 1482 καθαρισμὸς
1212 1406 1311 1469 τῆς
1361 1402 1577 1480 σαρκὸς,
1631 1404 1668 1471 ἡ
1725 1404 1881 1460 ὁποία
1937 1403 2082 1461 εἶναι

420 1489 512 1547 ἕνα
553 1491 703 1572 παχὺ
732 1491 984 1572 σύγνεφον
1040 1489 1242 1570 ἐμπρὸς
1297 1492 1371 1555 είς
1428 1491 1527 1558 τὴν
1585 1492 1792 1572 ψυχὴν,
1855 1493 1943 1550 καὶ
1997 1491 2082 1549 δὲν

418 1580 519 1649 τὴν
547 1580 714 1662 ἀφίνει
744 1580 809 1638 v1
857 1578 943 1658 ἰδῇ
998 1581 1262 1660 παστρικὰ
1290 1581 1388 1649 τὴν
1446 1577 1651 1658 λάμψιν
1709 1582 1809 1650 τὴν
1863 1583 2078 1653 θεϊκήν,

2169 528 2268 573 την
2297 528 2410 586 του,
2443 507 2532 563 καὶ
2561 507 2651 562 τὸν
2707 504 3076 576 καλοθελητήν
3137 527 3252 581 του,
3313 504 3399 562 καὶ
3455 504 3520 560 v1
3573 502 3664 559 τὸν
3720 523 3830 558 πο-

2167 595 2329 672 θήσῃ,
2365 597 2452 652 καὶ
2510 595 2574 651 νὰ
2641 597 2732 652 τὸν
2787 597 3174 676 εὐχαριστήσῃ,
3229 596 3317 652 καὶ
3373 595 3440 671 9.6
3492 592 3828 673 εὐχαριστίαν

2169 682 2352 764 λόγου,
2414 686 2502 741 καὶ
2563 685 2630 761 μὲ
2689 687 3027 766 εὐχαριστίαν
3083 684 3376 764 θεαρέστων
3433 680 3694 763 πράξεων,
3739 679 3830 735 καὶ

2169 773 2274 846 ἕτζι
2305 776 2366 831 να
2425 773 2622 852 ἀξιωθῇ
2671 777 2735 832 v1
2789 774 2929 852 λάϐῃ
2986 776 3073 834 καὶ
3131 773 3315 840 ἄλλαις
3374 773 3690 853 εὐεργεσίαις
3719 769 3826 825 ἀπὸ

2165 866 2256 920 τὸν
2327 866 2481 944 Θεὸν,
2549 866 2638 922 καὶ
2695 866 3002 945 χαρίσματα
3073 864 3412 944 μεγαλήτερα
3468 864 3557 920 καὶ
3612 860 3822 919 αίώνια.

2164 950 2332 1010 Ἀλλὰ
2385 955 2572 1028 ἡμεῖς,
2643 952 2960 1030 ἀλήμονονΞ
3007 953 3244 1028 τελείως,
3309 952 3393 1011 66v
3423 950 3824 1033 ἐγνοιαζόμεσθε

2163 1039 2247 1098 διὰ
2272 1042 2453 1098 ἐκεῖνα
2507 1043 2574 1100 :1
2629 1041 2915 1124 μέλλοντα,
2976 1043 3138 1120 μόνον
3195 1043 3408 1120 εἴμεσθε
3452 1040 3696 1118 δοσμένοι
3746 1039 3820 1102 εἷς

2163 1131 2229 1188 :1
2255 1131 2511 1213 παρόντα,
2571 1133 2658 1189 καὶ
2713 1131 2799 1189 διὰ
2854 1133 3036 1190 ἐκεῖνα
3090 1135 3452 1214 φροντίζομεν,
3503 1132 3592 1188 καὶ
3624 1130 3819 1204 ἐπιμε-

2163 1218 2392 1297 λούμεθα
2419 1227 2534 1286 πῶς
2565 1221 2628 1278 v1
2656 1222 2722 1279 :1
2750 1222 3164 1304 ἀποκτήσωαεν,
3217 1229 3332 1288 πῶς
3391 1222 3456 1277 v1
3510 1221 3576 1278 :1
3629 1238 3820 1298 περισ-

2163 1311 2457 1386 σεύσωμεν,
2488 1311 2576 1369 καὶ
2625 1309 2710 1371 διὰ
2767 1311 2971 1371 ἐκεῖνον
3025 1315 3157 1373 61:06
3213 1319 3316 1389 μᾶς
3371 1311 3438 1368 :1
3467 1308 3658 1367 ἔδωκεν
3689 1305 3820 1365 ὁλό-

2161 1398 2290 1456 τελα
2319 1398 2404 1456 δὲν
2460 1406 2564 1478 μᾶς
2621 1399 2902 1481 ἐγνοιάζει,
2935 1401 3048 1480 ἀμὴ
3105 1401 3384 1484 δείχνομεν
3434 1400 3522 1458 καὶ
3579 1395 3820 1477 μεγάλην

2164 1489 2479 1570 ἀχαριστίαν
2547 1491 2620 1554 εἰς
2688 1491 2865 1568 αὐτὸν,
2941 1494 3030 1550 καί
3097 1494 3350 1573 γινόμεθα
3395 1488 3681 1570 παρόμοιοι
3751 1485 3820 1562 9.6

2162 1579 2283 1644 τοὺς
2314 1575 2588 1660 δαίμονας,
2621 1578 2658 1649 ἢ
2707 1581 2796 1638 καὶ
2847 1581 3168 1662 χειρότεροι,
3227 1580 3290 1638 ἂν
3331 1580 3510 1660 πρέπῃ
3569 1578 3631 1636 v1
3687 1577 3822 1634 εἶπῶ

421 1671 520 1729 Καὶ
560 1669 721 1728 πάλιν
769 1670 885 1727 ἐκεῖ
927 1672 1060 1728 61:06
1129 1670 1272 1728 εἶναι
1319 1672 1644 1750 καθαρισμὸς
1700 1676 1800 1739 τῆς
1857 1673 2078 1752 σαρκὸς,
2101 1666 2263 1736 Βτὴν
2329 1666 2601 1740 ἀλήθειαν.
2677 1670 2777 1728 Καὶ
2844 1668 2929 1728 6:1
2993 1681 3147 1730 τοῦτο
3193 1671 3379 1751 πρέπει
3439 1670 3503 1726 νὰ
3570 1688 3819 1747 τιμωρη-

417 1757 534 1817 ἐκετ
563 1758 706 1816 ε’ίναι
739 1757 1006 1834 ’έλλαμψις
1063 1760 1218 1830 θεῖκή
1255 1773 1270 1790 ⁸
1327 1759 1414 1816 καὶ
1469 1757 1602 1816 ὅπου
1646 1758 1788 1817 εἶναι
1818 1761 1852 1829 ἡ
1885 1759 2081 1838 ἐλλαμ-

415 1853 510 1925 ψις
553 1849 798 1925 ’λ’-θεϊκή,
834 1847 951 1905 ἐκεῖ
1001 1847 1143 1905 εἶναι
1195 1849 1230 1916 ἡ
1288 1846 1558 1913 τελείωσις
1611 1855 1705 1906 τοῦ
1759 1853 1942 1910 θεϊκοῦ
1970 1850 2078 1908 πό-

414 1920 530 1999 θου.
593 1920 746 1995 Ὥστε
785 1920 952 1996 61:06
1007 1939 1043 2006 ἡ
1100 1935 1366 2014 ἕλλαμψις
1423 1940 1459 2006 ἡ
1509 1939 1665 2009 θεῖκή
1714 1941 1802 1996 καὶ
1835 1941 1862 1997 6
1906 1941 2075 2021 φωτί-

415 2029 552 2103 σμὸς
610 2033 703 2084 :06
755 2027 906 2107 ἁγίου
982 2027 1283 2104 Πνεύματος
1358 2027 1501 2085 εἶναι
1557 2026 1708 2093 τέλος
1763 2028 2076 2088 ἀτελείωτον

415 2118 541 2174 κάθε
571 2117 787 2197 ἀρετῆς,
818 2117 908 2173 καὶ
949 2115 1132 2182 ὅποιος
1167 2116 1291 2194 ἔλθῃ
1348 2118 1422 2180 είς
1470 2118 1596 2177 αὐτὸ
1643 2119 1703 2174 τὸ
1744 2117 1920 2194 τέλος,
1952 2119 2074 2176 ἐτε-

416 2205 632 2265 λείωσεν
663 2206 761 2264 ὅλα
792 2206 860 2262 :1
888 2207 1135 2282 αἰσθητὰ,
1167 2207 1256 2263 καὶ
1297 2205 1490 2288 ἅρχισε
1531 2207 1595 2264 v1
1623 2205 1838 2289 ἔρχεται
1868 2210 1943 2273 εἷς
1971 2209 2070 2278 τὴν

413 2303 609 2378 γνῶσιν
639 2298 743 2355 τῶν
773 2303 1164 2374 πνευματικῶν,

496 2387 638 2447 Αὐτὰ
692 2387 859 2464 εἶναι,
914 2384 1129 2466 ἀδελφοί
1170 2408 1293 2463 μου,
1352 2386 1419 2444 :1
1458 2385 1724 2463 θαυμάσια
1779 2393 1869 2444 :06
1921 2389 2071 2468 ἁγίου

417 2485 572 2537 Θεοῦ.
634 2477 733 2534 Διὰ
783 2483 939 2533 τοῦτο
997 2475 1284 2556 φανερώνει
1354 2477 1383 2532 6
1440 2475 1709 2556 πάνσοφος
1759 2477 1893 2541 Θεὸς
1945 2478 2068 2543 τοὺς

414 2568 673 2645 κρυπτοὺς
729 2565 907 2645 ἁγίους
957 2587 1074 2645 του,
1136 2564 1173 2634 ἢ
1231 2562 1315 2622 διὰ
1369 2565 1434 2622 v1
1511 2565 1635 2630 τοὺς
1691 2569 1954 2640 μιμτιθοῦν
2025 2569 2073 2624 οἱ

411 2655 588 2736 ἄλλοι,
651 2657 740 2712 καὶ
793 2655 857 2711 νὰ
911 2657 1345 2734 μεταχειρισθοῦν
1391 2655 1480 2711 καὶ
1537 2656 1681 2713 αὐτοὶ
1750 2657 1850 2724 τὴν
1906 2654 2070 2713 πολι-

408 2745 552 2804 τείαν
619 2767 764 2821 τους,
823 2744 860 2814 ἢ
917 2742 979 2801 ἂν
1057 2741 1148 2802 66v
1202 2744 1326 2807 τοὺς
1395 2747 1682 2825 μιμηθοῦν,
1740 2745 1804 2802 νὰ
1862 2746 2069 2820 μείνουν

411 2833 827 2914 ἀναπολόγητοι,
873 2835 960 2892 καὶ
1016 2835 1078 2891 νὰ
1128 2833 1236 2909 μὴν
1293 2832 1455 2915 ἔχουν
1514 2834 1752 2909 κάμμίαν
1809 2835 2068 2915 πρόφασιν

2160 1761 2349 1834 θοῦμεν
2419 1759 2506 1815 καὶ
2555 1758 2923 1840 περισσότερον
3005 1761 3110 1818 ἀπὸ
3189 1760 3444 1841 ἐκείνους,
3513 1755 3648 1814 διατὶ
3731 1756 3821 1813 καὶ

2159 1847 2554 1928 περισσότεραις
2654 1851 2973 1930 εὐεργεσίαις
3067 1848 3354 1928 ἐλάϐαμεν,
3435 1845 3656 1917 Ἐπειδὴ
3726 1845 3816 1904 καὶ

2158 1937 2321 2012 ἡμεῖς
2377 1936 2738 2018 ἐγεννήθημεν
2799 1941 3123 2019 Χριστιανοὶ,
3189 1937 3452 2010 ἐλάϐαμεν
3505 1937 3638 1995 τόσα
3706 1956 3812 2012 μυ-

2157 2028 2369 2107 στήρια,
2442 2029 2572 2085 τόσα
2644 2029 2951 2109 χαρίσματα
3017 2030 3369 2110 πνευματικὰ,
3429 2025 3520 2085 καὶ
3571 2025 3816 2084 πιστεύο-

2159 2138 2253 2192 μεν
2308 2116 2400 2175 ἕνα
2455 2119 2584 2176 Θεὸν
2639 2121 2772 2179 ὀποῦ
2821 2117 2962 2198 ἔγινε
3018 2117 3103 2179 διὰ
3173 2121 3315 2196 ἡμᾶς
3359 2117 3654 2198 ἄνθρωπος,
3726 2114 3814 2172 καὶ

2155 2204 2313 2264 ἔπαθε
2404 2206 2534 2264 τόσα
2603 2209 2829 2286 βάσανα,
2923 2210 3012 2266 καὶ
3090 2207 3242 2274 τέλος
3308 2208 3520 2265 πάντων
3589 2205 3812 2262 θάνατον

2155 2298 2430 2378 σταυρικὸν
2488 2295 2573 2354 διὰ
2626 2299 2689 2355 νὰ
2746 2305 2849 2375 μᾶς
2879 2297 3202 2378 ἐλευθερώσῃ
3259 2298 3366 2356 ἀπὸ
3434 2298 3531 2366 τὴν
3601 2294 3810 2362 πλάνην

2154 2396 2247 2446 τοῦ
2295 2385 2564 2460 διαϐόλου,
2625 2389 2714 2445 καὶ
2760 2387 2866 2446 ἀπὸ
2935 2389 3034 2457 τὴν
3089 2387 3372 2468 ἀμαρτίαν.
3435 2387 3536 2446 Καὶ
3587 2385 3656 2462 9.6
3710 2381 3811 2441 ὅλα

2153 2481 2318 2533 ταῦτα
2347 2478 2439 2535 σὸν
2472 2477 2790 2554 πιστεύομεν
2853 2477 2920 2556 9.6
2962 2479 3029 2536 :1
3082 2477 3239 2558 λόγια
3299 2475 3538 2557 μοναχᾶ,
3591 2475 3681 2533 καὶ
3738 2473 3806 2551 9.6

2154 2564 2220 2623 :1
2248 2563 2374 2645 ἔργα
2406 2588 2510 2642 μας
2539 2567 2630 2624 τὸν
2660 2568 2950 2648 ἀρνούμεθα
2980 2565 3223 2632 τελείως.

2239 2653 2336 2711 Δὲν
2366 2654 2675 2734 κηρύττεται
2715 2657 2777 2712 τὸ
2806 2654 2974 2732 ὄνομα
3025 2663 3117 2713 :06
3164 2663 3392 2736 Χριστοῦ
3433 2655 3530 2723 τὴν
3575 2653 3808 2731 σήμερον

2154 2739 2391 2816 ὁλοῦθεν,
2447 2744 2534 2800 καὶ
2588 2745 2660 2808 εἰς
2732 2758 2856 2809 ταῖς
2911 2743 3224 2822 πολιτείαις,
3280 2744 3368 2801 καὶ
3440 2745 3511 2808 εἰς
3541 2743 3608 2799 :1
3637 2741 3811 2823 χωρία

2151 2832 2238 2887 καὶ
2295 2833 2367 2896 εἷς
2410 2833 2476 2888 :1
2531 2836 2884 2914 μοναστήρια,
2955 2836 3043 2891 καὶ
3100 2837 3173 2898 είς
3231 2835 3324 2897 τὰς
3382 2833 3640 2912 ἐρημίας;
3697 2830 3807 2904 Μὰ,

447 2925 473 2959 ἓ-
516 2926 697 2959 .z-Arltl
783 2932 806 2959 Δ
822 2925 923 2959 ιον-ἓ
986 2925 1068 2959 ναὶ
1131 2923 1320 2959 ἒυετιιλί
1558 2924 1872 2959 ειιιλίηυλιιηηι
1933 2925 2066 2959 ..ζου

2158 2919 2213 2959 ἓν
2267 2920 2477 2959 λυκηῗῦρ
2822 2921 3050 2959 λςιλίᾶιτιρ
3105 2925 3167 2959 ιιι
3224 2923 3295 2959 ..Α

447 2925 460 2942 \
542 2926 556 2946 ν
640 2930 663 2940 υ
876 2925 923 2958 _\
1133 2923 1147 2944 θ
1489 2930 1511 2939 υ
1588 2925 1600 2944 ι
1987 2925 1996 2940 r
2171 2920 2182 2938 π
2277 2920 2290 2938 ’
2420 2927 2445 2937 ~
2595 2921 2676 2959 ς’,
2716 2921 2737 2946 r
2831 2923 2868 2958 ν,
2986 2930 3011 2940 ~
3141 2925 3154 2942 ι
3283 2923 3295 2942 ι

411 2947 475 2982 να
515 2946 720 2986 ειπουν.
777 2932 926 2980 Διαιι
986 2925 1072 2980 καὶ
1131 2936 1325 2980 εκεϊνοι
1383 2926 1516 2980 ὅπου
1558 2924 1878 3002 ευρίσκονται
1933 2920 2213 3000 μεσαοὰν
2267 2943 2504 2999 αγαπᾳς,
2566 2922 2768 2988 ἐςειαςε
2821 2921 3050 3002 ακριϐως
3105 2946 3168 2980 να
3224 2927 3398 3000 μαθῃς
3455 2921 3612 2978 πόσοι
3670 2927 3806 2996 Χρι-

411 3017 486 3079 είς
550 3014 672 3078 τοὺς
740 3014 1142 3094 περισπασμοὺς
1227 3013 1315 3070 καὶ
1383 3013 1647 3092 ταραχὰς,
1719 3013 1909 3077 ἀνίσως
1979 3012 2068 3070 καὶ

2149 3011 2349 3066 στιανοὶ
2399 3009 2690 3091 φυλάττουν
2747 3012 2841 3077 τὰς
2898 3011 3114 3076 ἐντολάς
3155 3035 3248 3069 του
3282 3028 3297 3044 ⁸
3352 3011 3437 3067 καὶ
3501 3010 3636 3086 μετὰ
3689 3006 3806 3084 βίας

409 3103 789 3163 πολιτεύωνται
846 3105 1020 3168 καθὼς
1085 3103 1294 3182 πρέπει,
1389 3103 1670 3176 σώνονται,
1743 3103 1832 3159 καὶ
1901 3101 2064 3169 ἀξιώ-
2147 3099 2385 3175 ἀνάμεσα
2445 3102 2518 3164 εἰς
2588 3101 2774 3166 τόσους
2844 3101 3012 3167 θέλεις
3073 3100 3199 3182 εὕρῃ
3247 3102 3367 3159 ἕναν
3397 3103 3529 3158 61:06
3572 3099 3636 3158 νεὶ
3663 3097 3806 3154 εἶναι

411 3216 588 3252 νονται
660 3193 723 3249 νὰ
778 3190 969 3255 λάϐουν
1025 3191 1130 3250 ἀπὸ
1173 3194 1261 3248 τὸν
1325 3193 1454 3248 Θεὸν
1517 3189 1725 3270 μεγάλα
1773 3190 1934 3267 καλὰ,
1982 3189 2067 3248 6:1
2147 3187 2370 3256 ἀληθινὰ
2428 3193 2740 3269 Χριστιανὸς
2798 3194 2886 3249 καὶ
2947 3192 3014 3269 9.6
3088 3193 3155 3249 :1
3219 3191 3400 3272 λόγια,
3460 3190 3548 3247 καὶ
3617 3188 3685 3263 μὲ
3740 3185 3808 3241 :1

406 3283 662 3364 μοναχὴν
707 3282 805 3350 τὴν
860 3283 1034 3339 πίστιν
1092 3284 1224 3338 61:06
1280 3280 1438 3362 ἔχουν
1495 3281 1568 3344 εἷς
1625 3280 1805 3344 αὐτὸν.
1866 3283 2063 3338 Λοιπὸν
2148 3276 2298 3358 ἔργα.
2362 3278 2461 3335 Δὲν
2516 3280 2670 3337 εἶπεν
2727 3283 2755 3337 6
2815 3283 3000 3360 Κύριός
3063 3305 3167 3358 μας
3228 3284 3300 3346 εἷς
3357 3283 3420 3338 τὸ
3467 3280 3604 3359 ἱερὸν
3631 3276 3808 3355 Εὐαγ-

407 3372 678 3440 λυπηθῆτε
735 3372 834 3440 τὴν
891 3373 1076 3452 ψυχήν
1131 3393 1227 3434 σας
1293 3369 1529 3450 ἀδελφοὶ,
1602 3371 1691 3426 καὶ
1760 3372 2064 3427 πιστεύσετε

453 3463 470 3484 κ
552 3462 563 3481 1
919 3461 933 3482 \
1133 3458 1173 3480 ’ἦν
1277 3459 1332 3478 ἐἴ
1436 3460 1447 3480 Ι
1663 3460 1676 3480 ν
1789 3461 1802 3478 \
1936 3460 1947 3480 1
2023 3459 2033 3481 Ι

411 3485 479 3540 με
535 3463 668 3530 ὃλην
725 3484 821 3526 σας
878 3483 977 3529 την
1024 3475 1238 3540 καροιαν
1267 3479 1594 3523 αοιστακτως
1636 3480 1710 3524 εις
1754 3481 1844 3516 τον
1877 3470 2064 3540 Κύριον

408 3575 538 3630 μας,
569 3553 660 3609 καὶ
689 3553 762 3616 εἰς
819 3551 886 3607 :1
941 3549 1098 3630 λόγιά
1147 3573 1262 3629 του,
1309 3551 1399 3606 καὶ
1451 3550 1711 3624 μισήσαιτε
1761 3548 1946 3608 ἐτοῦτα
2001 3549 2066 3604 :1

408 3643 630 3718 ψεύτικα
680 3641 968 3720 πράγματα
1028 3649 1121 3698 :06
1178 3641 1405 3719 κόσμου,
1476 3639 1564 3693 καὶ
1593 3638 1824 3718 ἀφήσετέ
1871 3661 1960 3718 τα,
1992 3641 2066 3702 ὡς

407 3731 707 3812 προσωρινὰ
763 3733 895 3787 61:06
955 3729 1119 3807 εἶναι,
1166 3731 1253 3786 καὶ
1312 3725 1627 3808 προσέλθετε
1685 3729 1757 3792 εἷς
1788 3729 1878 3783 τὸν
1909 3729 2061 3802 Θεὸν,

407 3822 496 3878 καὶ
553 3817 990 3901 προσκολληθῑηε
1049 3819 1116 3895 9.6
1168 3818 1346 3877 αὐτὸν.
1410 3819 1562 3913 Λιὲιτὶ
1614 3818 1780 3897 χωρὶς
1815 3819 1906 3873 τὸν
1935 3819 2065 3873 Θεὸν

408 3907 492 3966 66v
518 3909 660 3966 εἶναι
691 3908 899 3972 τίποτες
951 3909 1024 3971 εἷς
1066 3908 1156 3964 τὸν
1209 3909 1435 3982 κόσμον.
1478 3905 1600 3965 νΟλα
1656 3907 1721 3962 :1
1777 3906 2064 3984 πράγματα

2148 3367 2323 3446 γέλιον
2359 3387 2373 3400 ·
2415 3392 2443 3423 (ι
2510 3379 2705 3435 Οποιος
2777 3372 3010 3428 πιστεύει
3064 3374 3135 3436 εἰς
3189 3371 3306 3452 ἐμὲ,
3357 3369 3495 3428 θέλει
3526 3368 3677 3444 κάμῃ
3721 3364 3809 3422 καὶ

2148 3457 2305 3522 αὐτὸς
2351 3457 2449 3515 ὅσα
2477 3459 2634 3535 κάμω
2678 3463 2766 3518 καὶ
2816 3461 2946 3542 ἐγὼ,
2992 3463 3080 3519 καὶ
3141 3461 3301 3537 ἀκόμι
3358 3457 3739 3539 μεγαλήτεραί
3776 3477 3802 3511 ⁸

2149 3546 2301 3626 Τώρα
2331 3561 2490 3612 ποῖος
2541 3549 2647 3605 ἀπὸ
2707 3552 2849 3626 ἡμᾶς
2910 3551 3150 3624 ἀποκοτᾷ
3205 3552 3267 3608 v1
3311 3552 3458 3627 εἷπῇ,
3518 3555 3634 3611 πῶς
3664 3543 3809 3624 Ἐγὼ

2148 3636 2294 3691 κάνω
2321 3637 2388 3692 :1
2437 3635 2564 3716 ἔργα
2620 3648 2713 3698 τοῦ
2770 3647 3016 3719 Χριστοῦ,
3078 3643 3166 3698 καὶ
3225 3641 3454 3697 πιστεύω
3510 3639 3673 3718 ὀρθῶς
3731 3635 3805 3697 εἷς

2148 3727 2348 3805 αὐτὸν;
2409 3725 2662 3803 Βλέπεσε,
2725 3729 2964 3812 ἀδελφοὶ,
3021 3733 3155 3788 61:06
3211 3729 3412 3811 ἔχομεν
3469 3729 3532 3784 v1
3563 3727 3804 3806 εὑρεθοῦ-

2149 3835 2245 3890 μεν
2315 3813 2525 3874 ἄπιστοι
2582 3819 2654 3881 εἰς
2705 3818 2912 3886 ἐκείνην
2982 3820 3079 3887 τὴν
3169 3818 3390 3900 φοϐερὰν
3441 3816 3643 3895 ἡμέραν
3703 3818 3804 3881 τῆς

2147 3905 2389 3985 κρίσεως,
2431 3907 2537 3988 *καὶ
2585 3906 2782 3987 ἔχομεν
2841 3909 2904 3968 νὰ
2958 3907 3319 3984 κολασθοῦμεν
3376 3907 3654 3988 χειρότερα
3697 3904 3803 3960 ἀπὸ

409 3999 553 4056 εἶναι
597 3996 766 4076 οὐδὲν,
800 3995 924 4053 ὅταν
985 3995 1143 4074 λείπῃ
1173 3998 1201 4052 6
1232 3996 1383 4059 Θεός.
1421 3995 1519 4051 Διὰ
1575 4001 1726 4052 τοῦτο
1754 3994 1946 4074 κλαίω,
1977 3996 2065 4051 καὶ
2147 3992 2371 4058 ἐκείνους
2429 3985 2577 4052 ὀποῦ
2614 3985 2717 4053 νδὲν
2773 3999 3050 4077 γνωρίζουν
3119 3997 3331 4063 τελείως
3380 3985 3480 4054 τὸν.
3549 3985 3796 4077 Χριστὸν,

405 4092 608 4168 θρηνῶ,
663 4088 751 4144 καὶ
805 4085 1070 4163 λυποὺμαι
1136 4083 1475 4166 ὑπερϐολικὰ,
1541 4083 1665 4141 ὅταν
1737 4083 2065 4164 συλλογισθῶ
2149 4083 2284 4157 μήτε
2313 4085 2404 4139 τὸν
2433 4086 2750 4166 πιστεύουνς
2787 4089 2934 4143 Διατὶ
2985 4088 3193 4166 ἀνάγκη
3254 4089 3422 4164 εἶναι,
3453 4087 3489 4156 ἢ
3543 4089 3708 4162 ἡμεῖς
3738 4085 3802 4142 v1

407 4178 522 4240 πῶς
553 4176 752 4257 ἔχομεν
809 4176 1010 4234 τέτοιον
1064 4175 1316 4243 αὐθέντην
1374 4172 1762 4254 πλουσιόδωρον
1805 4177 1894 4230 καὶ
1937 4173 2062 4253 φιλ·
2087 4171 2629 4257 Βκαταδικασθοῦμεν
2685 4176 2827 4232 ὡσὰν
2884 4175 3118 4252 ἑίπιστοι,
3174 4178 3210 4246 ἢ
3261 4179 3446 4258 Κύριος
3495 4179 3650 4252 ἡμῶν
3680 4172 3794 4243 Ἰη-

406 4269 699 4348 άνθρωπον,
734 4270 865 4326 ὀποῦ
902 4264 985 4323 διὰ
1041 4266 1212 4342 μόνην
1267 4267 1364 4333 την
1421 4267 1596 4321 πίστιν
1666 4267 1798 4323 61:06
1848 4262 2064 4345 δείχνο-
2148 4267 2268 4348 σοῦς
2302 4263 2546 4340 Χριστὸς,
2580 4265 2614 4332 ἡ
2649 4261 3020 4338 αὐτοαλῆθεια,
3067 4267 3132 4322 νὰ
3160 4264 3456 4346 ἀποδειχθῇ
3512 4265 3744 4341 ψεύστης
3780 4279 3795 4294 ⁸

405 4379 504 4435 μεν
546 4359 619 4422 εἰς
649 4357 769 4420 τοὺς
801 4355 990 4436 λόγους
1021 4377 1137 4437 του,
1181 4357 1270 4412 καὶ
1329 4357 1404 4418 εἷς
1448 4356 1542 4418 τὰς
1599 4352 1918 4433 ὑποσχέσεις
1973 4375 2066 4411 του
2146 4350 2207 4405 τὸ
2241 4341 2444 4408 ιοποϊον
2477 4351 2617 4408 εἶναι
2647 4351 2921 4414 ἀδύνατον.
2970 4357 3070 4414 Καὶ
3098 4355 3230 4413 αὐτὰ
3279 4359 3344 4411 :1
3373 4355 3604 4435 ἔγραψα,
3637 4351 3800 4409 ἀδελ-

405 4447 472 4526 9.6
529 4448 626 4516 τὴν
683 4445 892 4526 πρᾶξιν,
953 4452 1059 4522 μᾶς
1117 4446 1322 4526 χαρίζει
1380 4445 1558 4502 τέτοια
1608 4443 1938 4524 χαρίσματα,
1970 4465 2064 4499 κα·
2146 4442 2232 4521 φοῖ
2276 4463 2400 4517 μου,
2433 4441 2524 4523 ὅχι
2569 4443 2636 4519 9.6
2666 4446 2864 4502 σκοπὸν
2913 4443 2996 4503 διὰ
3053 4446 3114 4501 v1
3172 4442 3441 4521 ἐμποδίσω
3493 4443 3618 4506 τοὺς
3663 4451 3796 4522 Χρι-

401 4539 505 4602 θὼς
534 4537 601 4594 τὰ
630 4536 956 4614 ἠκούσαμεν,
991 4537 1082 4591 καὶ
1135 4535 1201 4591 τὰ
1245 4533 1489 4611 εἴδαμεν.
1538 4535 1636 4592 Καὶ
1683 4537 1846 4609 ἡμεῖς
1905 4531 2062 4589 ἀσυλ-
2145 4533 2386 4594 στιανοὺς
2419 4531 2522 4588 ἀπὸ
2552 4533 2648 4595 τὴν
2679 4534 3020 4615 ἀναχώρησιν
3077 4535 3165 4590 καὶ
3222 4534 3320 4602 τὴν
3373 4533 3626 4612 ἡσυχίαν,
3659 4554 3798 4611 προ-

403 4625 624 4705 λόγιστα
655 4625 797 4682 ώσὰν
824 4626 890 4680 :1
919 4623 1087 4703 ἄλογα
1131 4630 1241 4696 ζῶα
1270 4630 1612 4704 προ-τιμῶμεν
1667 4622 1933 4703 καλήτερα
1963 4625 2062 4690 τὴν

404 4723 531 4795 γῆν,
563 4717 651 4772 καὶ
677 4715 744 4772 :1
773 4716 938 4792 γήϊνα
967 4715 1054 4772 καὶ
1083 4715 1287 4795 φθαρτὰ
1340 4714 1650 4792 πράγματα,
1705 4713 1770 4770 τὰ
1826 4715 1992 4770 61:0‘71
2035 4715 2063 4768 6

405 4806 707 4883 πανάγαθος
739 4805 866 4868 Θεὸς
899 4801 983 4860 6:1
1010 4803 1109 4870 τὴν
1139 4801 1302 4882 ἄρκαν
1357 4825 1450 4861 του
1504 4799 1898 4880 εὐσπλαγχνίαν
1958 4808 2062 4877 μᾶς

404 4895 471 4951 :1
501 4892 622 4950 δίδει
655 4891 1092 4972 πλουσιοπάροχα
1123 4889 1207 4947 διὰ
1257 4893 1356 4959 τὴν
1400 4892 1585 4971 χρείαν
1641 4900 1734 4948 :06
1787 4891 2061 4965 σώματος,

405 4981 490 5040 διὰ
521 4983 585 5039 v1
613 4978 921 5060 κυϐερνᾶται
955 4981 1061 5038 ἀπὸ
1091 4981 1222 5038 αὐτὰ
1252 4979 1463 5059 μέτρια,
1510 4978 1609 5035 ὅσα
1635 4985 1728 5035 :06
1758 4978 1900 5036 εἶναι
1926 4978 2062 5036 ἀνα-

2145 4620 2410 4695 τιμῶντας
2469 4619 2736 4702 καλήτερα
2788 4625 2886 4692 τὴν
2942 4622 3210 4680 πολιτείαν
3265 4622 3366 4690 τὴν
3396 4622 3661 4698 κοσμικὴν
3696 4619 3799 4700 (μὴ

2145 4709 2350 4787 γένοιτο
2407 4721 2560 4770 τοῦτο
2614 4711 2744 4769 ποτέ
2797 4712 2869 4794 ί),
2927 4711 3064 4768 ἀλλὰ
3111 4703 3156 4768 ²ο
3205 4712 3402 4774 σκοπός
3431 4733 3532 4787 μου
3561 4711 3703 4768 εἶναι
3735 4711 3800 4769 νὰ

2145 4798 2539 4881 πληροφορήσω
2609 4801 2763 4867 ὅλους
2821 4792 3059 4867 ἐκείνους
3144 4792 3292 4859 εοττοῡ
3367 4798 3642 4858 διαϐάσουν
3700 4799 3799 4867 τὴν

2146 4896 2414 4969 παροῦσαν
2471 4889 2742 4973 διήγησιν,
2788 4894 2902 4958 πῶς
2945 4893 3148 4957 ἐκεῖνος
3211 4883 3360 4949 εοποζ»
3404 4889 3542 4948 θέλει
3573 4891 3658 4946 καὶ
3687 4912 3795 4948 πο-

2147 4982 2231 5035 θεῖ
2257 4977 2308 5045 ἐξ
2355 4977 2487 5047 ὅλης
2544 5003 2635 5038 του
2688 4987 2874 5064 ψυχῆς
2916 4985 3004 5040 καὶ
3062 4979 3274 5062 καρδίας
3333 4981 3396 5039 νὰ
3438 4980 3587 5056 κάμῃ
3614 4980 3677 5034 τὸ
3706 5001 3798 5035 κα-

403 5084 572 5152 γκατα
600 5069 684 5127 6:1
711 5071 775 5127 νὰ
803 5075 891 5146 ζῇ.
927 5070 1078 5137 Καὶὴ
1112 5070 1266 5148 ψυχὴ
1293 5069 1356 5124 v1
1385 5069 1492 5144 μὴν
1523 5067 1630 5148 ἔχῃ
1675 5066 1867 5123 κάνὲνα
1899 5066 2065 5144 ἐμπό-
2145 5067 2237 5125 λὸν
2267 5071 2355 5125 καὶ
2402 5071 2501 5138 τὴν
2550 5071 2765 5149 ἀρετὴν,
2826 5071 2978 5129 ἔλαϐε
3038 5070 3254 5147 δύναμιν
3309 5071 3416 5126 ἀπὸ
3470 5071 3560 5126 τὸν
3591 5090 3796 5126 παντο-

404 5158 539 5234 διον,
584 5158 720 5216 ἀλλὰ
749 5159 814 5216 νὰ
843 5157 948 5238 ἔχῃ
979 5158 1076 5225 τὴν
1105 5155 1283 5228 ἐδικήν
1310 5179 1408 5224 της
1441 5155 1671 5236 ἕγνοιαν,
1701 5157 1788 5212 καὶ
1819 5157 1880 5212 νὰ
1909 5155 2060 5214 πολι·
2145 5156 2371 5235 δύναμον
2424 5161 2552 5216 Θεὸν
2604 5162 2668 5218 νὰ
2724 5163 2962 5242 ἠμπορετ
3029 5161 3094 5219 v1
3143 5162 3204 5216 :6
3258 5159 3394 5236 κάνῃ
3453 5159 3526 5221 εἰς
3555 5158 3680 5214 κάθε
3709 5157 3797 5214 τό·

403 5251 608 5308 τεύεται
665 5249 754 5304 καὶ
809 5247 944 5315 αὐτὴ
1026 5248 1201 5310 καθὼς
1278 5247 1487 5327 πρέπει,
1545 5249 1631 5303 καὶ
1701 5247 1764 5302 v1
1818 5245 2058 5328 τρέφεται
2140 5271 2262 5323 πον,
2295 5249 2382 5305 καὶ
2413 5249 2472 5305 v1
2531 5247 2726 5328 ἀξιωθῇ
2756 5253 2820 5308 v1
2869 5249 3008 5329 λάϐῃ
3061 5251 3148 5307 καὶ
3190 5249 3497 5330 χαρίσματα
3550 5268 3794 5324 πνευμα-

407 5341 494 5396 καὶ
538 5337 674 5406 αὐσῆ
731 5338 797 5413 9.6
843 5338 943 5404 τὴν
993 5337 1176 5416 νοερὰν
1233 5338 1458 5418 τροφὴν,
1514 5339 1602 5393 καὶ
1656 5335 1722 5412 μὲ
1767 5335 1867 5404 τὴν
1900 5337 2059 5416 χάριν
2139 5338 2283 5412 τικὰ,
2312 5339 2400 5394 καὶ
2447 5340 2586 5404 θείας
2643 5342 2884 5420 θεωρίας,
2925 5341 3070 5400 ὦσαν
3129 5339 3217 5396 καὶ
3269 5344 3451 5396 τοῦτον
3506 5337 3595 5393 τὸν
3651 5333 3793 5410 νέον,

406 5435 498 5485 τοῦ
551 5428 701 5506 ἁγίου
751 5427 1076 5502 Πνεύματος.
1141 5428 1290 5485 Διατὶ
1346 5431 1374 5484 6
1426 5425 1696 5506 ἅνθρωπος
1768 5422 1852 5481 δια
1904 5434 2058 5484 τοῦτο
2138 5429 2229 5483 τὸν
2261 5426 2616 5508 εὐλογημένον
2667 5418 2809 5510 λέγω
2866 5431 3153 5510 Γεώργιον.
3213 5429 3315 5486 Τὸν
3375 5418 3604 5500 ὀποτον,
3639 5424 3706 5500 9.6
3734 5425 3796 5482 :6

401 5515 572 5597 ἕγινεν
641 5519 713 5580 εἷς
782 5518 874 5572 τὸν
929 5515 1129 5592 κόσμον
1187 5524 1392 5579 τοῦτον,
1455 5515 1539 5572 διὰ
1589 5516 1652 5575 v1
1707 5512 1832 5592 ε”ίρῃ
1890 5514 2057 5571 αἰτίαν
2139 5517 2205 5574 v1
2232 5519 2319 5575 τὸν
2351 5531 2483 5598 ετχα
2537 5520 2624 5576 καὶ
2672 5519 2780 5599 ἐγὼ
2829 5521 3118 5600 γνώριμον,
3173 5518 3262 5574 καὶ
3313 5515 3464 5597 φίλον
3505 5536 3607 5591 μου
3635 5514 3793 5594 ἀκρι-

403 5605 510 5672 ἀπὸ
577 5605 764 5671 ἐτοῠτα
829 5606 896 5664 :1
963 5606 1198 5682 κοσμικὰ
1252 5607 1543 5689 πράγματα
1583 5604 1646 5664 v1
1716 5601 1909 5688 δοξάσῃ
1966 5605 2056 5664 τὸν
2139 5604 2232 5664 ϐὸν
2261 5607 2352 5670 τὸν
2401 5607 2803 5692 ἐπαρακάλεσα,
2851 5613 2940 5670 καὶ
2991 5615 3095 5689 9.06
3149 5607 3219 5666 :1
3276 5604 3563 5688 ἐδιηγήθη,
3619 5603 3795 5667 καθὼς
