4176 6448
378 258 502 329 703

380 401 628 484 ἀδελφόν.

381 491 489 551 61:6
518 494 610 551 16v
638 491 902 571 διάϐολον,
936 492 1027 550 1:61
1054 490 1403 573 ἐφονεύθηκαν
1447 491 1679 573 μοναχοί
1733 513 1856 555 τους
1892 508 1907 523 ⁸
1952 491 2044 549 καὶ

383 582 535 643 ἄλλοι
564 582 988 663 ἐκρημνίσθηκαν
1026 599 1040 617 ⁸
1095 582 1184 640 1:61
1236 580 1388 640 ἄλλοι
1449 581 1861 664 ἐφουρκίσθησαν
1895 600 1909 615 ’
1956 582 2044 638 καὶ

384 686 542 737 ποτος
601 673 840 753 ἦμπορεῐ
896 672 961 730 νὰ
1019 670 1270 752 διηγῆναι
1336 684 1458 736 ταῖς
1517 669 1788 753 διάφοραις
1816 669 2043 735 πλάναις

384 772 479 822 τοῦ
505 758 772 839 διαϐόλου,
809 763 877 841 9.6
906 775 1029 827 ταῖς
1086 763 1294 827 ὁποίαις
1348 762 1471 825 τοὺς
1512 760 1710 835 πλανᾷ,
1745 764 1877 819 ὀποῦ
1902 761 2045 817 εἶναι

391 849 758 933 ἀδιήγηταιςς
836 850 985 920 Πλὴν
1066 850 1172 910 61:6
1241 850 1373 907 αὐτὰ
1441 852 1572 911 61:06
1630 850 1860 927 εἴπαμεν
1920 849 2046 907 κάθε

387 941 643 1025 φρόνιμος
699 941 971 1021 ἅνθρωπος
1028 942 1268 1021 ἠμπορετ
1334 941 1399 998 νὰ
1440 938 1719 1018 καταλάβῃ
1774 941 1824 997 τί
1877 938 2045 1019 λογῆς

388 1031 556 1108 ζημία
607 1030 924 1112 προέρχεται
998 1030 1105 1087 ἀπὸ
1183 1030 1367 1088 τοότον
1443 1030 1533 1088 τὸν
1590 1035 1799 1110 πρῶτον
1854 1030 2047 1111 τρόπον

391 1124 492 1187 τῆς
521 1124 800 1201 προσοχῆς
843 1121 931 1177 καὶ
992 1124 1322 1200 προσευχῆς.
1382 1120 1440 1176 Εἰ
1497 1116 1553 1175 δὲ
1595 1121 1684 1176 καὶ
1725 1142 1869 1201 τυχῃ
1897 1120 2045 1184 τινὰς

391 1207 499 1266 ἀπὸ
568 1207 809 1277 ἐκείνως,
855 1211 989 1266 61:06
1041 1208 1495 1289 μεταχειρίζονται
1553 1210 1710 1268 αύτὸν
1766 1211 1858 1266 τὸν
1913 1209 2044 1290 τρό-

389 1320 514 1375 πον,
573 1298 659 1355 1:61
720 1296 802 1354 δὲν
855 1297 998 1375 πάθῃ
1050 1297 1247 1356 κάκένα
1326 1300 1489 1356 κακὸν
1564 1298 1670 1355 ἀπὸ
1724 1298 1858 1355 αὒτά
1914 1302 2046 1359 61:06

391 1387 648 1464 εἴπαμεν,
682 1386 865 1456 ἐπειδὴ
927 1389 1014 1445 καὶ
1070 1389 1358 1467 εὑρίσκεται
1417 1390 1485 1465 9.6
1541 1386 1775 1446 06vo6v'6v
1806 1386 2044 1471 ἆδελφῖὗν

395 1474 553 1557 (διατὶ
580 1477 712 1537 αὐτὰ
741 1477 808 1533 τὰ
854 1478 994 1535 κακὰ
1024 1478 1088 1534 νὰ
1129 1479 1191 1536 16
1245 1478 1526 1535 παθαίνουν
1574 1477 1804 1555 μάλιστα
1833 1482 1880 1535 οἱ
1909 1479 2045 1536 ἀνα-

391 1568 638 1647 χωρηταὶ
680 1569 813 1626 ὁποῦ
848 1569 991 1625 εἶναι
1023 1569 1254 1649 μοναχοί
1282 1572 1448 1645 τους),
1509 1566 1655 1645 ὅμως
1686 1566 1885 1648 ἀπερνᾷ
1913 1566 2045 1636 ὅλην

390 1678 483 1715 του
512 1656 609 1725 τὴν
639 1658 785 1730 ζωὴν
814 1656 1141 1737 ἀπρόκοπος.

767 1798 791 1835 ι
828 1779 951 1859 Περὶ
980 1785 1072 1836 τοῦ
1100 1777 1337 1859 δευτέρου
1364 1779 1581 1858 τρόπου.
1634 1800 1660 1839 6

475 1891 535 1959 ’0
578 1898 1055 1986 δεύτεροςατρόπος
1098 1906 1197 1969 τῆς
1251 1908 1535 1984 προσοχῆς
1595 1904 1682 1960 καὶ
1740 1910 2049 1986 προσευχῆς

393 1992 536 2049 εἶναι
580 1990 738 2054 αὐτός
773 2009 784 2024 ⁴
826 1972 979 2049 εὈταν
1036 1993 1182 2055 τινὰς
1238 1992 1438 2071 συνάγῃ
1492 1994 1584 2049 16v
1643 2000 1761 2049 νοῦν
1789 2016 1882 2051 του
1913 1993 2048 2071 μέσα

396 2082 470 2144 εἰς
498 2080 589 2137 τὸν
632 2080 816 2137 ἑαυτόν
846 2101 958 2154 του,
1022 2081 1348 2159 εῦγάνωντάς
1402 2104 1491 2139 τον
1542 2081 1647 2139 ἀπὸ
1690 2080 1789 2139 ὅλα
1843 2083 1909 2139 τὰ
1958 2084 2046 2141 αἰ-

393 2171 583 2245 σθητὰ,
643 2171 731 2226 καὶ
785 2168 1022 2251 φυλάττῃ
1080 2170 1205 2234 ταῖς
1244 2171 1497 2239 αἴσθησές
1542 2194 1634 2229 του
1690 2175 1779 2229 καὶ
1828 2172 2045 2251 μαζώνῃ

393 2257 548 2322 ὅλους
577 2280 668 2316 του
709 2259 830 2322 τοὺς
882 2257 1169 2337 λογισμοὺς
1226 2257 1310 2316 διὰ
1366 2261 1429 2317 νὰ
1484 2262 1563 2337 μὴ
1618 2268 1938 2341 περιπατοῦν
1971 2264 2043 2326 εἰς

392 2350 460 2406 τὰ
516 2348 714 2424 μάταια
760 2348 1047 2429 πράγματα
1087 2350 1274 2407 τούτου
1322 2360 1415 2409 τοῦ
1468 2354 1672 2428 κόσμου
1705 2368 1720 2383 ⁸
1780 2353 1868 2408 καὶ
1915 2352 2044 2408 πότε

394 2436 619 2510 ἐξετάζει
674 2438 795 2502 τοὺς
837 2436 1123 2518 λογισμούς
1191 2461 1306 2520 του,
1367 2441 1497 2497 πότε
1553 2440 1808 2521 προσέχει
1851 2442 1925 2505 εἰς
1982 2441 2048 2497 τὰ

391 2526 548 2607 λόγια
601 2533 698 2595 τῆς
761 2534 1069 2610 προσευχῆς
1124 2533 1257 2588 61:06
1312 2527 1455 2609 λέγει
1490 2548 1504 2563 ·
1549 2532 1638 2587 καὶ
1688 2527 1855 2598 ἄλλην
1905 2531 2045 2611 ὥραν

391 2618 586 2699 γυρίζει
640 2617 811 2675 ὀπίσω
867 2619 989 2682 τοὺς
1051 2618 1336 2699 λογισμούς
1378 2643 1470 2677 του
1519 2620 1652 2677 61:06
1707 2619 2047 2701 αἰχμαλωτί-

392 2714 592 2777 σθηκαν
635 2709 740 2767 ἀπὸ
796 2712 887 2769 τὸν
933 2708 1198 2787 διάϐολον,
1245 2714 1332 2769 καὶ
1389 2713 1675 2792 ἐσύρθηκαν
1720 2715 1793 2776 εἰς
1844 2714 1910 2769 τὰ
1938 2736 2046 2771 πο-

394 2800 531 2879 νηρὰ
558 2799 645 2856 καὶ
675 2799 875 2875 μάταια
910 2819 927 2836 ο
978 2801 1067 2857 καὶ
1129 2799 1297 2869 ἄλλην
1355 2801 1496 2881 ὥραν
1551 2800 1732 2877 πάλιν,
1787 2801 1853 2877 μὲ
1883 2802 2047 2859 κόπον

394 2887 560 2947 πολὺν
600 2890 689 2946 1:61
731 2890 846 2966 βίαν
876 2889 1093 2971 ἔρχεται
1123 2892 1195 2955 εἰς
1254 2893 1346 2947 16v
1406 2891 1588 2949 ἑαυτόν
1617 2913 1732 2971 του,
1763 2893 1896 2950 61:06
1918 2891 2046 2959 ἦτον

394 2978 731 3058 κυριευμένος
790 2980 879 3036 καὶ
933 2980 1216 3056 νικημένος
1287 2980 1393 3037 ἀπὸ
1450 2980 1645 3037 κάκένα
1700 2981 1887 3045 11600:.

394 3066 637 3148 ἔχωντας
663 3074 847 3125 τοῦτον
875 3070 967 3125 τὸν
1025 3069 1206 3147 ἀγῶνα
1256 3071 1345 3126 καὶ
1398 3069 1631 3146 πόλεμον
1677 3072 1751 3133 εἰς
1807 3072 1897 3127 16v
1928 3070 2044 3126 ἐαυ-

393 3157 485 3214 τόν
528 3179 644 3239 του,
691 3156 776 3215 δὲν
834 3159 975 3217 εἶναι
1027 3158 1242 3216 δυνατὸν
1288 3162 1351 3217 νὰ
1393 3161 1668 3240 εἰρηνεύσῃ
1719 3159 1868 3230 1:016,
1909 3161 2047 3235 μήτε

394 3247 460 3305 νά
502 3246 626 3328 εὕρῃ
658 3250 839 3329 καιρὸν
897 3251 962 3306 τὰ
1017 3248 1244 3330 ἐργασθῃ
1273 3250 1393 3316 -τάς
1425 3250 1636 3330 ἀρετὰς,
1680 3252 1769 3306 καὶ
1817 3250 1879 3305 νὰ
1907 3246 2047 3325 λάϐῃ

394 3338 487 3394 τὸν
529 3337 785 3421 στέφανον
831 3344 930 3407 τῆς
975 3338 1334 3407 δικαιοσύνης.
1400 3340 1543 3397 Διότι
1588 3342 1616 3397 6
1671 3346 1908 3402 τοιοῦτος
1952 3337 2050 3395 6v-

393 3430 600 3508 θρωπος
630 3430 976 3509 παρομο;άζει
1036 3430 1104 3505 9.6
1162 3429 1368 3488 ἐκεῖνον
1426 3432 1558 3486 61:06
1611 3429 1757 3490 κάνει
1809 3427 2048 3505 πόλεμον

396 3517 464 3594 9.6
502 3519 625 3582 106:
682 3519 900 3601 ἐχθρούς
955 3541 1048 3575 του
1089 3520 1196 3601 τὴν
1245 3520 1405 3576 νύκτα
1462 3520 1534 3583 εἰς
1591 3520 1651 3575 16
1709 3517 1921 3575 σκοτάδι
1958 3534 1972 3549 ⁸
2020 3521 2049 3575 6

392 3609 582 3672 ὁποῖος
613 3598 791 3666 ἀκούει
847 3622 970 3673 ταῖς
1015 3598 1221 3691 φωναές
1274 3615 1380 3666 τῶν
1427 3609 1655 3689 ἐχθρῶν,
1714 3609 1802 3665 καὶ
1830 3605 2044 3689 δέχεται

392 3709 515 3760 ταῖς
562 3694 932 3774 λαὸωματιαΐς
988 3720 1134 3773 τους,
1182 3699 1257 3775 μὰ
1312 3697 1397 3755 δὲν
1438 3699 1671 3778 ἠμσορεϊ
1724 3698 1787 3754 νὸι
1826 3696 1911 3775 ἰδῇ
1953 3720 2047 3755 κα-

391 3790 544 3867 θαρὰ,
583 3800 733 3845 ποῖοι
786 3788 952 3864 εῖναι,
1000 3790 1088 3846 καὶ
1142 3790 1249 3846 ἀπὸ
1279 3798 1383 3850 1:06
1409 3788 1598 3870 ἦλθαν,
1645 3789 1733 3845 καὶ
1774 3794 1916 3866 πῶς,
1958 3789 2045 3846 καὶ

391 3876 527 3935 διατὶ
576 3879 668 3933 τὸν
725 3875 1065 3955 πληγώνουν.
1131 3875 1350 3946 Ἐπειδὴ
1406 3880 1495 3935 καὶ
1550 3879 1610 3934 16
1667 3877 1854 3941 σκότος
1913 3879 2046 3935 61:06

394 3968 535 4025 εἶναι
569 3969 641 4032 εἰς
685 3968 775 4023 τὸν
819 3974 936 4024 νοῦν
965 3989 1081 4049 του,
1126 3969 1216 4025 1:61
1255 3969 1290 4037 ἡ
1332 3966 1468 4039 ζάλη
1499 3969 1631 4024 ὀποῦ
1669 3966 1787 4047 ἔχει
1825 3968 1897 4031 εἰς
1927 3967 2048 4030 106:

393 4056 704 4137 λογισμοὺς,
768 4063 861 4116 106
916 4055 1197 4138 προξενοῦν
1234 4059 1396 4125 αὐτὴν
1446 4060 1546 4125 τὴν
1588 4058 1806 4133 ζημίαν,
1845 4057 1934 4113 καὶ
1964 4053 2047 4111 66v

393 4148 537 4205 εἶναι
592 4144 807 4203 δυνατὸν
867 4149 998 4203 ποτὲ
1054 4147 1119 4204 νὰ
1173 4145 1421 4225 γλυτώσῃ
1479 4146 1585 4204 ἀπὸ
1642 4146 1763 4209 τοὺς
1828 4144 2047 4225 ἐχθρούς

392 4259 484 4294 του
510 4237 633 4301 τοὺς
677 4235 927 4312 δαίμονας
971 4238 1103 4294 61:06
1145 4237 1210 4293 v6
1265 4237 1374 4312 μὴν
1429 4236 1521 4292 τὸν
1578 4233 1901 4316 συντρίϐουν,
1952 4235 2049 4293 Καὶ

392 4325 641 4403 ὑπομένει
672 4329 700 4383 6
742 4323 1008 4406 δυστυχὴς
1057 4327 1148 4383 τὸν
1197 4327 1364 4383 κόπον
1423 4324 1683 4406 ματαίως,
1730 4322 1864 4382 διατὶ
1892 4324 2047 4405 χάνει

392 4417 485 4472 τὸν
517 4416 726 4492 μισθὸν,
760 4414 826 4492 9.6
877 4416 939 4471 τὸ
995 4416 1058 4475 v6
1101 4415 1243 4472 εἶναι
1294 4413 1630 4494 κυριευμένος
1686 4414 1792 4470 61:6
1821 4414 1917 4482 τὴν
1949 4435 2047 4469 κε-

392 4502 647 4580 νοδοξίαν,
707 4506 874 4584 χωρὶς
922 4506 986 4561 νὰ
1039 4506 1101 4563 16
1144 4501 1553 4581 καταλαμϐάνῃ,
1599 4505 1688 4560 καὶ
1739 4513 1833 4563 τοῦ
1859 4503 2045 4584 φαίνε-

391 4617 479 4653 ται
508 4600 623 4659 πῶς
652 4608 792 4652 εἶναι
823 4595 970 4675 τάχα
1023 4594 1392 4675 προσεκτικός,
1456 4594 1554 4652 Καὶ
1595 4591 1826 4657 πολλαῖς
1857 4605 2048 4673 φοραῖς

391 4698 715 4767 καταφρονεῖ
758 4684 865 4741 61:6
912 4685 1012 4752 τὴν
1066 4682 1452 4764 ὑπερηφάνειάν
1504 4704 1596 4740 του
1649 4682 1771 4746 106:
1830 4679 2045 4757 ἄλλους,

392 4776 481 4832 καὶ
529 4776 651 4840 τοὺς
707 4786 1024 4854 κατηγορεῖ,
1086 4775 1173 4830 καὶ
1231 4773 1493 4829 συσταίνει
1567 4772 1659 4829 τὸν
1717 4771 1903 4828 ἑαυτόν
1959 4793 2050 4827 του

392 4863 780 4945 φανταζόμενος
852 4863 919 4940 9.6
972 4863 1069 4931 τὴν
1139 4860 1317 4933 ἐδικήν
1374 4884 1466 4919 του
1544 4860 1857 4941 φαντασίαν,
1933 4867 2048 4926 πῶς

394 4953 537 5010 εἶναι
578 4950 717 5017 ἄξιος
749 4952 811 5008 νὰ
840 4952 969 5033 γένῃ
1018 4951 1275 5029 ποιμένας
1332 4948 1634 5030 προϐάτων,
1666 4949 1755 5006 καί
1786 4950 1849 5005 νὰ
1879 4948 2051 5028 ὁδηγῇ

393 5041 583 5105 ἄλλους
618 5057 633 5072 ⁶
696 5042 783 5099 καὶ
832 5042 1070 5117 ὁμοιάζει
1122 5041 1191 5117 9.6
1258 5038 1349 5097 τόν
1405 5037 1603 5119 τυφλὸν
1655 5035 1862 5096 ἐκεῖνον
1919 5041 2050 5099 61:06

392 5132 689 5213 ὁπόσχεται
721 5130 785 5187 νὰ
813 5127 985 5210 ὁδηγῇ
1015 5128 1205 5194 ἄλλους
1249 5127 1497 5209 τυφλούς.

474 5274 667 5333 Τοῦτος
719 5265 863 5323 εἶναι
920 5268 949 5322 6
982 5262 1240 5345 ’δεύτερος
1296 5264 1516 5345 τρόπος,
1577 5264 1665 5321 καὶ
1719 5262 1866 5320 κάνει
1897 5264 2051 5343 χρεία

1695 257 2075 329 SYMEONIS
2112 259 2465 332 IUNIORIB

733 402 896 463 A110:
946 401 1034 477 ,δὲ
1120 399 1228 459 61:6
1305 399 1495 467 αὖτοὺς
1571 399 2035 483 ἐπαρακινήθηκαν
2055 418 2100 457 Α
2119 397 2319 479 λήτερη
2349 399 2438 457 1:61
2491 400 2528 470 ἡ
2586 399 2749 460 νύκτα
2802 399 2979 472 ἐκείνη
3024 403 3159 462 61:06
3211 402 3330 487 ἔχει
3372 403 3623 487 φεγγάρι,
3669 402 3778 463 61:6

1946 2981 2045 3039 Καὶ
2064 2989 2104 3040 C

3657 265 3780 336 τοι

2124 490 2222 558 τὴν
2263 489 2425 661 ζγυεζκτα
2451 491 2550 558 τὴν
2580 492 2881 570 σκοτεινὴν,
2924 493 3015 551 καὶ
3040 493 3246 565 ἐκείνην
3276 497 3410 557 ὀποῦ
3436 495 3580 554 εἶναι
3607 498 3776 578 χωρὶς

2125 600 2261 661 φεγγ
2330 602 2369 641 ι.

2125 600 2369 661 φεγγαρι·

2538 731 2567 765 α
2601 710 2725 791 Περὶ
2752 716 2844 768 τοῦ
2870 712 3041 791 τρίτου
3074 712 3295 794 τρόπου.
3331 735 3358 774 ι

2211 860 2271 929 Ὀ
2325 871 2496 959 τρίτος
2544 872 2737 952 τρόπος
2798 872 2941 931 εἶναι
3008 874 3232 944 ἀληθινὰ
3287 882 3508 958 πρᾶγμα
3548 876 3779 959 παράδο-

2129 957 2238 1040 ξον,
2296 961 2385 1017 καὶ
2453 958 3021 1043 δυσκολοερμήνευτον,
3091 966 3180 1023 καὶ
3235 957 3338 1030 εἰς
3367 966 3599 1032 ἐκείναυς
3631 957 3781 1030 61:06

2130 1046 2214 1136 δέν
2243 1049 2334 1105 τὸν
2361 1047 2587 1130 ἰξεύρουν
2630 1050 2723 1132 ὅχι
2775 1052 2937 1129 μόνον
2987 1053 3130 1112 ε’ίναι
3186 1053 3775 1136 δυσκολοκατάληπτος,

2128 1134 2266 1193 ἀλλὰ
2318 1138 2440 1203 τοὺς
2492 1139 2728 1220 φαίνεται
2780 1139 2974 1222 σχεδὸν
3023 1144 3113 1201 καὶ
3166 1143 3499 1222 ἀπίστευτος,
3565 1147 3653 1204 1:61
3695 1134 3782 1205 δὲν

2127 1230 2188 1286 16
2216 1229 2491 1287 πιστεύουν
2542 1236 2657 1294 πῶς
2716 1231 2914 1310 γίνεται
2969 1234 3261 1314 παρόμοιον
3303 1242 3545 1317 πρᾶγμα,
3597 1236 3781 1308 ἐπειδὴ

2126 1320 2215 1376 καὶ
2274 1321 2347 1384 εἰς
2416 1319 2541 1383 τοὺς
2582 1320 2796 1399 καιροὺς
2852 1322 3065 1388 τούτους
3112 1321 3197 1380 δέν
3256 1326 3544 1405 εὑρίσκεται
3598 1334 3782 1393 τοῦτος

2127 1413 2157 1469 6
2197 1412 2392 1491 τρόπος
2449 1413 2523 1476 εἰς
2566 1410 2819 1489 πολλοὺς,
2864 1412 3002 1473 ἀλλὰ
3056 1417 3129 1480 εἰς
3174 1413 3350 1476 πολλὰ
3404 1416 3637 1496 ὀλίγους.
3681 1420 3784 1479 Καὶ

2129 1502 2301 1565 καθὼς
2334 1501 2442 1579 ἐγὼ
2468 1499 2702 1580 λογιάζω
2758 1503 2886 1561 6616
2940 1504 3002 1561 16
3057 1503 3221 1562 1:616v
3260 1504 3448 1587 ἔφυγεν
3501 1506 3609 1565 61:6
3636 1511 3783 1585 ἡμᾶς

2130 1596 2273 1667 μαζὴ
2303 1591 2371 1667 9.6
2400 1591 2497 1660 τὴν
2551 1591 2813 1661 ὑπακοήν.
2850 1595 2999 1651 Διατὶ
3052 1597 3087 1663 ἠ
3142 1596 3352 1664 ὑπακοὴ
3399 1597 3533 1655 ὀποῦ
3578 1598 3726 1659 κάνει
3753 1600 3784 1657 6

2069 1657 2108 1707 Β
2131 1657 2271 1738 1:60:
2303 1657 2466 1747 '6v6:
2503 1683 2576 1746 :1:
2632 1683 2723 1739 16v
2750 1657 3133 1760 ⁷πνευματικόν
3199 1708 3292 1743 του
3334 1657 3562 1767 Πατέρα,
3608 1657 3783 1758 ἐκείνη

2130 1770 2222 1827 τὸν
2271 1771 2419 1832 κάνει
2461 1772 2750 1852 ἀμέριμνον
2780 1773 2886 1831 ἀπὸ
2930 1773 3051 1851 ὅλα,
3097 1773 3280 1844 ἐπειδῆ
3322 1777 3412 1833 καὶ
3455 1774 3630 1855 έῤῥιψε
3683 1779 3783 1848 τὴν

2133 1858 2388 1939 μέριμνάν
2449 1883 2544 1922 του
2598 1864 2671 1927 εἰς
2723 1865 2813 1921 τὸν
2869 1865 3224 1939 πνευματικόν
3283 1887 3375 1923 του
3419 1865 3648 1946 Πατέρα,
3695 1869 3783 1926 καὶ

2132 1948 2274 2005 εἶναι
2303 1947 2467 2007 πλέον
2510 1952 2715 2032 μακρὰν
2773 1952 2880 2009 ἀπὸ
2935 1953 3036 2021 τὴν
3089 1953 3446 2033 προσπάθειαν
3474 1955 3660 2014 τούτου
3688 1964 3781 2015 τοῦ

2130 2037 2358 2119 κόσμου,
2416 2040 2502 2096 καὶ
2554 2038 2730 2098 πολλὰ
2785 2042 3052 2121 πρόθυμος
3134 2043 3222 2100 καὶ
3302 2042 3491 2109 ἄοκνος
3552 2044 3780 2125 ἐργάτης

2130 2128 2314 2185 τούτου
2342 2134 2434 2186 τοῦ
2492 2128 2663 2209 τρίτου
2713 2130 2910 2211 τρόπου
2944 2150 2959 2165 ο
3006 2130 3201 2197 ἀνίσως
3255 2131 3403 2209 ὅμως
3455 2135 3544 2192 καὶ
3599 2134 3783 2203 ἤθελεν

2128 2214 2361 2298 ἐπιτύχῃ
2421 2215 2752 2295 διδάσκαλον,
2821 2221 2909 2277 καὶ
2962 2222 3317 2297 πνευματικὸν
3374 2222 3581 2303 Πατέρα
3638 2223 3782 2294 ἀλη-

2126 2307 2267 2363 θινὸν
2332 2307 2420 2363 καὶ
2474 2306 2710 2389 ἀπλανῆ,
2765 2311 2933 2390 χωρὶς
2977 2311 3042 2367 νὰ
3101 2309 3207 2391 ἔχη
3265 2311 3505 2389 κάμμίαν
3546 2312 3778 2382 πλάνην.

2133 2396 2277 2453 Διότι
2334 2395 2538 2462 ἐκεῖνος
2592 2399 2726 2457 ὀποῦ
2780 2398 3049 2480 ἀφιερώσῃ
3120 2402 3210 2458 τὸν
3280 2402 3463 2458 ἑαυτόν
3521 2424 3637 2484 του,
3697 2407 3783 2463 καὶ

2129 2483 2260 2552 ὅλην
2315 2507 2408 2543 του
2458 2485 2555 2553 τὴν
2616 2486 2874 2567 μέριμναν
2935 2490 3009 2553 εἰς
3051 2490 3143 2545 τὸν
3204 2491 3357 2565 Θεὸν,
3422 2493 3511 2549 1:61
3559 2483 3633 2557 εἰς
3691 2495 3781 2552 τὸν

2128 2576 2482 2654 πνευματικόν
2526 2600 2617 2635 του
2678 2578 2904 2659 Πατέρα,
2965 2582 3059 2641 6.61
3117 2580 3184 2657 μὲ
3233 2583 3333 2645 τῆν
3384 2583 3625 2651 ὑπακοὴν
3684 2586 3782 2653 τὴν

2128 2664 2409 2740 ἀληθινὴν,
2468 2665 2553 2723 δέν
2608 2673 2675 2744 ζῆ
2728 2667 2890 2726 πλέον
2947 2669 3089 2741 ζωὴν
3151 2668 3330 2741 ἐδικήν
3378 2694 3488 2746 του,
3538 2675 3670 2731 61:06
3719 2677 3784 2736 νᾶ

2129 2755 2267 2832 κάνῃ
2298 2756 2359 2812 τό
2406 2754 2615 2832 θέλημά
2668 2777 2783 2833 του,
2844 2755 2980 2813 ἀλλὰ
3030 2762 3264 2835 νεκρωθῇ
3306 2760 3412 2817 ἀπὸ
3455 2761 3579 2819 κάθε
3608 2786 3781 2843 προσ-

2130 2844 2349 2900 πάθειαν
2405 2854 2497 2904 τοῦ
2571 2845 2799 2926 κόσμου,
2876 2848 2964 2903 καὶ
3017 2856 3110 2906 τοῦ
3177 2847 3304 2905 ἰδίου
3356 2872 3449 2906 του
3505 2852 3777 2930 σώματος,

2131 2931 2337 2998 ἐκεῖνος
2403 2934 2509 2991 ἀπὸ
2563 2948 2721 2992 ποῖον
2780 2942 3000 3015 πρᾶγμα
3057 2939 3381 3017 προσωρινὸν
3432 2939 3673 3019 ἠμπορεϊ
3718 2942 3782 2997 νὰ

2128 3025 2320 3099 νικηθῇ
2393 3023 2479 3080 καὶ
2535 3024 2600 3081 νὰ
2653 3022 2935 3106 δουλωθῇ;
3015 3026 3051 3095 ἢ
3129 3028 3282 3084 ποίαν
3355 3026 3635 3107 μέριμναν,
3692 3030 3780 3087 1:61

2128 3110 2370 3191 φροντίδα
2398 3112 2637 3192 ἧμπορεῖ
2680 3115 2742 3170 να
2773 3112 2879 3194 ἔχῃ
2903 3118 2931 3171 6
2974 3122 3212 3180 τοιοῦτος
3264 3114 3533 3197 ἅνθρωπος
3567 3137 3583 3199 ;
3643 3115 3779 3176 Ἀπὸ

2129 3210 2314 3261 τοῦτον
2363 3203 2455 3259 τὸν
2512 3204 2705 3282 τρόπον
2767 3202 2954 3261 λοιπὸν
2998 3207 3130 3264 ὀποῦ
3185 3204 3327 3262 εἶναι
3383 3208 3526 3283 μαζὴ
3571 3207 3638 3283 9.6
3679 3208 3781 3276 τὴν

2132 3292 2373 3360 ὑπακοὴν
2420 3290 2568 3357 ὅλαις
2628 3295 2665 3370 ῃ
2720 3293 2941 3374 τέχναις
2993 3300 3101 3350 τῶν
3144 3291 3432 3376 δαιμόνων,
3491 3298 3579 3353 καὶ
3630 3295 3780 3363 ὅλαις

2132 3403 2252 3445 τους
2296 3383 2332 3459 ῃ
2391 3381 2662 3463 ἐφεύρεσες
2718 3385 2851 3443 61:06
2907 3381 3272 3459 μεθοδεύονται
3332 3382 3417 3441 διὰ
3486 3385 3549 3441 νὰ
3598 3386 3783 3466 σύρουν

2131 3472 2220 3528 16v
2250 3478 2370 3529 νοῦν
2397 3473 2470 3536 εἰς
2527 3470 2756 3537 πολλοὺς
2810 3475 2897 3530 καὶ
2940 3471 3216 3554 διαφόρους
3268 3472 3580 3554 λογισμοὺς,
3632 3474 3782 3541 ὅλαις

2133 3561 2468 3642 ἀφανίζονται
2498 3563 2586 3618 καὶ
2635 3560 2959 3622 διαλύονται.
3012 3564 3112 3621 Καὶ
3167 3562 3287 3620 τότε
3330 3566 3359 3620 6
3412 3570 3533 3628 v06:
3584 3564 3786 3625 ἐκείνου

2127 3658 2219 3708 τοῦ
2266 3650 2539 3731 ἀνθρώπου
2585 3650 2730 3727 μένει
2774 3650 3039 3731 ἐλεύθερος
3082 3652 3189 3709 ἀπὸ
3243 3651 3363 3727 ὅλα,
3423 3655 3512 3709 καὶ
3569 3654 3635 3730 9.6
3692 3676 3786 3731 με-

2127 3739 2299 3820 γάλην
2341 3739 2519 3798 ἄδειαν
2574 3743 2661 3798 καὶ
2720 3742 2982 3822 εὐκαιρίαν
3037 3741 3262 3814 ἐξετάζει
3319 3742 3440 3807 τοὺς
3495 3742 3782 3822 λογισμοὺς

2128 3832 2261 3890 ὀποῦ
2315 3839 2408 3890 τοῦ
2460 3830 2645 3911 φέρουν
2709 3834 2756 3887 01
2812 3828 3077 3907 δαίμονες,
3123 3832 3211 3888 καὶ
3249 3832 3318 3906 9.6
3376 3830 3785 3901 ἐπιτηδειότητα

2132 3919 2373 3998 μεγάλην
2415 3921 2538 3985 τοὺς
2598 3919 2946 4000 ἀποδιώχνει,
3004 3921 3092 3976 καὶ
3148 3919 3217 3995 9.6
3274 3918 3487 4001 καρδίαν
3556 3923 3784 4002 καθαρὰν

2130 4009 2414 4088 προσφέρει
2488 4008 2582 4073 τὰς
2636 4009 2941 4089 προσευχάς
2997 4030 3092 4067 του
3144 4010 3216 4072 εἰς
3273 4009 3367 4065 16v
3423 4009 3579 4070 Θεόν.
3640 4011 3785 4080 Αὐτὴ

2131 4098 2275 4155 εἶναι
2301 4100 2337 4167 ἡ
2391 4098 2538 4179 ἀρχὴ
2584 4104 2684 4166 τῆς
2734 4096 2992 4165 ἀληθινῆς
3051 4097 3344 4173 πολιτείας,
3404 4101 3493 4156 καὶ
3545 4098 3660 4157 ὅσοι
3701 4099 3784 4157 66v

2068 4187 2329 4250 D1:66.0.1v
2374 4186 2577 4244 v:'10:6v
2620 4187 2820 4268 ἀρχὴν,
2870 4185 3107 4263 ματαίως
3148 4187 3457 4269 κοπιάζουν,
3487 4191 3577 4247 καὶ
3610 4188 3696 4246 δὲν
3724 4191 3786 4247 16

2130 4276 2435 4355 γνωρίζουν.

2214 4366 2311 4423 Καὶ
2363 4367 2398 4434 ἡ
2460 4365 2607 4446 ἀρχὴ
2664 4366 2849 4423 τούτου
2904 4375 2998 4426 τοῦ
3044 4366 3219 4447 τρίτου
3265 4367 3459 4449 τρόπου
3500 4366 3585 4426 δὲν
3615 4370 3782 4445 εἶναι,

2129 4455 2191 4511 16
2238 4455 2303 4511 v6
2353 4456 2573 4533 κοιτάζῃ
2610 4457 2758 4520 τινὰς
2802 4457 2874 4519 εἰς
2932 4457 3023 4513 16v
3077 4457 3318 4537 οὐρανὸν,
3371 4458 3459 4514 καὶ
3512 4458 3576 4514 v6
3642 4458 3787 4526 ἀση-

2128 4543 2276 4621 κώνῃ
2308 4545 2374 4601 τὰ
2403 4545 2561 4625 χέριά
2585 4568 2674 4603 του
2719 4543 2926 4622 ὑψηλὰ,
2987 4545 3076 4601 1:61
3106 4545 3169 4600 νὰ
3226 4543 3333 4626 ἔχῃ
3390 4547 3483 4602 16v
3525 4556 3644 4607 v06v
3696 4570 3788 4605 106

2131 4635 2204 4698 εἰς
2235 4634 2300 4692 τὰ
2352 4635 2588 4715 ούράνια,
2643 4635 2731 4692 καὶ
2772 4635 2976 4692 ἐκεῖθεν
3035 4633 3097 4693 νὰ
3152 4640 3290 4711 ζητῇ
3342 4635 3592 4711 βοήθειαν
3627 4657 3643 4674 ο
3703 4637 3785 4696 ὅτι

2132 4723 2286 4805 αὒτὰ,
2345 4726 2519 4789 καθὼς
2577 4724 2832 4805 εἴπαμεν,
2893 4723 3037 4781 εἶναι
3111 4721 3371 4799 ἰδιώματα
3425 4732 3519 4783 τοῦ
3573 4728 3787 4807 πρώτου

2132 4814 2350 4893 τρόπου,
2409 4816 2498 4871 καὶ
2541 4814 2684 4871 εἶναι
2741 4819 2839 4881 τῆς
2897 4812 3131 4880 πλάνης.
3186 4814 3336 4884 Μήτε
3390 4814 3551 4874 πάλιν
3581 4818 3647 4878 νὰ
3698 4843 3791 4900 φυς-

2131 4901 2301 4980 λάττῃ
2333 4904 2475 4967 τινας
2505 4904 2574 4980 9.6
2605 4905 2693 4960 16v
2747 4912 2867 4962 νοῦν
2918 4924 3010 4960 του
3066 4915 3188 4968 ταῖς
3245 4901 3501 4972 αἴσθησές
3558 4929 3672 4983 του,
3701 4914 3792 4970 καὶ

2132 4993 2195 5049 νᾶ
2224 4991 2469 5074 προσέχῃ
2499 4991 2623 5057 ὅλος
2654 4991 2721 5049 δι’
2752 4992 2877 5051 ὅλου
2937 4994 3011 5057 εἰς
3063 4998 3218 5050 τοῦτο
3252 5011 3267 5029 ⁶
3325 4994 3413 5050 καὶ
3468 4995 3590 5059 106:
3619 4994 3789 5054 πολέ-

2132 5104 2264 5159 μους
2320 5084 2441 5147 τοὺς
2486 5083 2829 5164 ἐσωτερικοὺς
2884 5087 2983 5150 τῆς
3044 5086 3231 5161 ψυχῆς
3275 5083 3407 5139 61:06
3453 5091 3545 5142 106
3600 5085 3790 5148 1:6v06v

2130 5176 2179 5229 οἱ
2208 5173 2389 5253 ἐχθροὶ
2416 5173 2480 5231 v6
2508 5173 2618 5249 μὴν
2660 5174 2782 5245 τοὺς
2843 5171 3039 5250 βλέπῃ,
3095 5172 3233 5247 μήτε
3286 5172 3351 5229 νά
3401 5174 3650 5256 προσέχῃ
3679 5175 3787 5234 61:6

2114 5262 2319 5327 ,αὐτοὺς
2365 5260 2445 5318 ὅτι
2477 5262 2607 5320 αὐτὰ
2657 5263 2800 5321 εἶναι
2846 5259 3107 5337 ἰδιώματα
3149 5270 3242 5320 τοῦ
3296 5258 3536 5343 δευτέρου
3564 5264 3787 5346 τρόπου,

393 5360 423 5416 6
450 5355 568 5416 καθ’
596 5357 719 5421 ἕνας
775 5358 908 5416 61:06
959 5354 1097 5413 θέλει
1152 5355 1252 5423 τὴν
1306 5353 1569 5435 σωτηρίαν
1624 5375 1738 5428 του,
1808 5354 1870 5409 να
1901 5354 2043 5431 μάθῃ
2127 5353 2214 5410 καὶ
2263 5349 2445 5416 ὅποιος
2492 5352 2557 5413 τὰ
2614 5352 3061 5432 μεταχειρίζεται,
3124 5346 3442 5428 λαϐώνεται,
3501 5352 3607 5410 61:6
3667 5353 3789 5419 106:

395 5449 496 5517 τὴν
538 5448 734 5524 ζημίαν
790 5449 923 5505 61:06
978 5454 1079 5525 106
1125 5443 1371 5525 προξενεῖ
1425 5446 1498 5510 εἰς
1547 5444 1648 5512 τὴν
1690 5444 1898 5524 ψυχὴν,
1956 5445 2046 5501 καὶ
2127 5440 2399 5520 δαίμονας,
2438 5443 2513 5520 μὰ
2537 5440 2623 5500 δὲν
2679 5440 2906 5499 λαϐώνει
2943 5460 2958 5475 ⁸
3018 5437 3385 5520 πληγώνεται,
3439 5443 3530 5500 1:61
3586 5439 3671 5500 66v
3727 5444 3791 5503 16

393 5537 457 5595 v6
498 5521 746 5619 προσέχῃ
795 5534 998 5601 καλῶς.
1051 5521 1224 5612 ’ὅμως
1266 5542 1450 5601 τοῦτος
1494 5536 1523 5593 6
1582 5521 1819 5614 δεύτερος
1849 5533 2044 5613 τρόπος
2124 5530 2307 5613 ἰξεύρει
2342 5549 2358 5565 ·
2402 5529 2762 5592 σκλαϐώνεται
2830 5532 2919 5589 καὶ
2973 5527 3331 5619 δουλώνεται,
3354 5533 3443 5589 1:61
3483 5529 3568 5592 66v
3597 5532 3787 5612 ἠμπο-

394 5625 518 5687 ιϊνα
569 5624 863 5707 καλήτερος
910 5624 1020 5686 61:6
1069 5625 1160 5685 16v
1228 5629 1438 5709 πρῶτον
1494 5623 1669 5689 καθὼς
1737 5621 1880 5683 εἶναι
1947 5644 2049 5681 κα-
2127 5635 2215 5704 ρετ
2283 5622 2350 5682 νὰ
2415 5622 2567 5702 κάμῃ
2619 5621 2719 5692 τὴν
2772 5620 3040 5690 ἐκδίκησιν
3094 5620 3168 5685 εἰς
3225 5618 3455 5688 ἐκείνως
3513 5622 3651 5684 61:06
3689 5622 3783 5683 16v
