4176 6386
323 429 449 498 709

1299 428 1690 498 APPENDIX
1728 428 1834 496 AD
1876 428 2300 496 SYMEONEM
2337 427 2730 498 JUNIOREM

3610 433 3735 502 710

325 589 468 646 ματα
514 573 614 637 τῆς
660 573 846 650 ψυχῆς
889 569 955 627 νά
993 569 1084 627 τὸν
1127 571 1320 650 θεωρῇ,
1379 567 1468 626 καὶ
1522 569 1587 626 νά
1627 567 1982 650 προσεύχεται
2002 565 2153 626 Ακαὶ
2210 562 2296 620 δεύ
2309 585 2446 644 ςερος
2499 563 2692 646 τρόπος
2749 561 2836 620 δὶν
2891 565 3229 643 προττόπτοον
3284 565 3377 621 τδν
3432 564 3728 646 ἄνθρωπον.

327 661 570 739 καθαρῶς
611 658 668 716 ἐν
704 658 926 733 ἀληθείᾳ
951 660 1126 725 καθὼς
1152 658 1365 740 πρέπει,

409 840 560 910 Πλὴν
588 842 650 898 τὸ
679 842 744 898 va:
772 839 948 919 βλέπῃ
1007 843 1080 906 εἷς
1131 842 1225 898 τὸν
1281 842 1520 921 οὐρανὸν,
1581 839 1757 899 πολλὰ
1786 839 1991 920 ὀλιγαις

329 945 522 1012 φοραῖς
567 930 756 1010 πρέπει
800 931 864 987 νά
905 933 968 987 τὸ
1019 929 1157 1008 κάνῃ
1185 928 1271 987 διὰ
1313 931 1404 987 τὸν
1462 927 1622 1012 φόϐον
1669 936 1774 986 τῶν
1820 952 1990 998 πονη-

333 1027 438 1100 ρῶν
489 1019 808 1096 πνευμάτων
865 1022 1000 1080 ὀποῦ
1059 1026 1342 1078 κατοικιῶν
1401 1021 1474 1085 εἷς
1527 1021 1619 1077 τὸν
1676 1019 1829 1101 ἀέρα,
1905 1021 1994 1077 καὶ

332 1106 416 1164 διὰ
470 1117 625 1165 τοῦτο
683 1109 1034 1185 ὀνομάζονται
1090 1109 1298 1188 ἐναέρά
1353 1109 1649 1185 πνεύματα,
1708 1109 1774 1164 τὰ
1829 1110 1994 1165 ὁποῖα

327 1196 608 1276 προξενῶν
683 1196 916 1262 πολλαῖς
997 1199 1086 1255 καὶ
1151 1195 1422 1278 διάφοραις
1483 1197 1708 1261 πλάναις
1770 1197 1842 1260 εἷς
1899 1199 1987 1254 τὸν

327 1284 454 1365 ἀέρα
492 1300 506 1314 ·
581 1286 669 1343 καὶ
740 1285 928 1365 πρέπει
1000 1287 1065 1343 νά
1118 1285 1494 1365 προσέχωμεν.
1560 1282 1778 1352 Ἐπειδὴ
1835 1291 1989 1342 τοῦτο

327 1375 548 1455 μοναχά
593 1381 749 1446 ζητεῖ
779 1378 808 1432 ὁ
839 1376 969 1440 Θεὸς
1027 1375 1135 1432 ἀπὸ
1191 1377 1364 1451 ἡμᾶς,
1425 1376 1486 1431 τὸ
1514 1374 1579 1432 νὰ
1608 1375 1748 1432 εἶναι
1776 1377 1987 1454 καθαρι-

329 1463 500 1541 σμένη
539 1466 575 1532 ἡ
604 1462 790 1544 καρδία
840 1486 945 1539 μας
1002 1464 1070 1540 με
1126 1465 1225 1532 τὴν
1283 1462 1495 1543 φύλαξιν
1545 1465 1632 1521 καὶ
1682 1466 1985 1544 προσοχήν.

329 1553 430 1611 Καὶ
458 1552 648 1617 ἀνίσως
698 1554 733 1620 ἡ
783 1553 894 1630 ῥίζα
941 1554 1084 1611 εἶναι
1145 1553 1292 1634 ἁγία,
1344 1555 1516 1618 καθὼς
1566 1553 1710 1632 λέγει
1755 1556 1783 1611 ὁ
1814 1551 1986 1610 Ἀπό-

328 1639 544 1714 στολος,
589 1643 813 1723 φανερὸν
857 1643 1025 1720 εἶναι,
1067 1649 1184 1707 πῶς
1229 1643 1316 1699 καὶ
1358 1645 1404 1699 οἱ
1433 1641 1614 1702 σκάδοι
1645 1643 1788 1700 εἶναι
1819 1643 1985 1724 ἅγιοι,

325 1733 414 1788 καὶ
484 1735 513 1788 ὁ
566 1733 793 1812 καρπός,
860 1735 1031 1812 Χωρὶς
1073 1731 1130 1789 δὲ
1182 1735 1272 1790 τὸν
1316 1733 1512 1812 τρόπον
1555 1736 1686 1790 ὀποῦ
1731 1732 1983 1814 εἴπαμεν,

2077 655 2228 712 Διατὶ
2268 655 2442 720 καθὼς
2505 653 2630 711 ὅταν
2673 652 2910 731 θέλωμεν
2967 655 3031 712 νά
3090 656 3354 731 κτίσωμεν
3412 653 3502 712 ’ἶνα
3544 662 3731 735 σπῆτι,

2074 741 2159 799 δὲν
2189 743 2419 820 βάνομεν
2477 750 2686 824 πρῶτον
2737 745 2836 808 τὴν
2894 743 3125 822 σκέπην,
3185 746 3273 800 καὶ
3323 742 3510 824 ὕστερα
3548 747 3611 802 τὸ
3639 750 3733 804 θε-

2075 832 2286 914 μέλιον,
2349 832 2485 890 διατὶ
2540 840 2698 891 τοῦτο
2754 833 2897 891 εἶναι
2956 832 3209 892 ἀδύνατον
3244 849 3260 866 ⁶
3322 831 3459 890 ἀλλά
3527 836 3736 914 πρῶτον

2076 923 2305 999 βάνομεν
2351 923 2408 978 τὸ
2436 921 2702 1002 θεμέλιον,
2752 925 2842 979 καὶ
2895 921 3085 1002 ὕστερα
3140 922 3383 998 κτίζομεν
3425 925 3488 980 τὸ
3543 929 3732 1005 σπῆτι,

2075 1013 2165 1069 καὶ
2221 1013 2344 1068 τότε
2403 1013 2633 1089 βάνομεν
2687 1013 2776 1068 καὶ
2829 1013 2928 1079 τὴν
2971 1011 3176 1080 σκέπην
3213 1032 3226 1046 ⁶
3276 1011 3380 1084 ἒτζι
3429 1013 3616 1092 πρέπει
3671 1016 3737 1072 νὰ

2074 1101 2330 1176 κάμωμεν
2362 1103 2450 1158 καὶ
2481 1103 2555 1166 εἰς
2590 1104 2650 1158 τὰ
2699 1102 3031 1178 πνευματικά
3060 1118 3074 1132 ’
3123 1107 3334 1181 πρῶτον
3391 1104 3456 1162 τὰ
3486 1103 3734 1181 βάλωμεν

2073 1189 2346 1266 θεμάλιον,
2399 1191 2559 1269 ἤγουν
2609 1193 2671 1248 νά
2725 1191 3038 1273 φυλάξωμεν
3087 1192 3186 1260 τὴν
3229 1190 3466 1272 καρδίαν,
3525 1195 3614 1250 καὶ
3669 1195 3733 1252 νά

2071 1279 2540 1358 ὀλιγωστεέσωμεν
2570 1281 2676 1338 ἀπὸ
2733 1283 2899 1350 αὒτὴν
2956 1282 3021 1340 τὰ
3077 1282 3247 1358 πάθη,
3306 1283 3394 1339 καὶ
3450 1280 3638 1362 ὕστερα
3669 1284 3733 1343 νά

2069 1371 2334 1446 κτίσωμεν
2364 1373 2424 1426 τὸ
2455 1373 2812 1447 πνευματικὸν
2868 1377 3032 1439 σπῆτι
3069 1391 3084 1405 ⁸
3145 1369 3310 1450 ἤγουν
3355 1373 3418 1428 να
3463 1369 3732 1450 διώξωμεν

2071 1463 2170 1531 τὴν
2221 1464 2469 1544 ταραχὴν
2510 1471 2621 1520 τῶν
2652 1472 2900 1546 πονηρῶν
2956 1464 3271 1541 πνευμάτων
3330 1467 3462 1526 ί.ποῦ
3491 1472 3594 1543 μᾶς
3624 1490 3732 1525 πο-

2069 1552 2264 1630 λεμοῦν
2295 1553 2360 1629 μὲ
2391 1567 2513 1618 ταῖς
2557 1554 2813 1623 αἴσθησες
2844 1572 2858 1586 ⁶
2891 1556 2980 1612 καὶ
3037 1555 3098 1610 να
3142 1554 3419 1634 φεύγωμεν
3467 1556 3527 1612 τὸ
3570 1555 3728 1636 ἀγλε-

2069 1644 2364 1724 γωρότερον
2398 1646 2489 1700 τὸν
2546 1644 2783 1720 πόλεμον
2842 1644 3036 1720 cat-3:17»),
3097 1645 3184 1700 καὶ
3240 1643 3360 1700 τότε
3388 1645 3452 1702 νά
3481 1645 3728 1722 βάνωμεν

2068 1733 2157 1789 καὶ
2197 1734 2295 1800 τὴν
2326 1733 2529 1802 σκέπην
2563 1751 2578 1767 ⁸
2629 1733 2792 1814 ἤγουν
2843 1735 2906 1790 νά
2943 1734 3326 1813 ἀιεαχωροῦμεν
3375 1733 3589 1800 τελείως
3619 1735 3726 1794 ἀπὸ

325 1817 509 1884 ὅποιος
539 1820 809 1888 ἀσηκώνει
853 1823 919 1878 τά
975 1822 1140 1898 μάτιά
1195 1845 1286 1882 του
1340 1824 1428 1879 καὶ
1483 1825 1575 1880 τὸν
1631 1830 1752 1880 νοῦν
1781 1846 1871 1880 του
1914 1825 2047 1915 εἰςΒ
2071 1822 2169 1880 ὅλα
2238 1824 2292 1880 εά
2349 1824 2660 1905 πράγματα,
2706 1826 2793 1880 καὶ
2853 1824 2915 1879 να
2966 1823 3317 1902 εἶρηνεύωμεν
3374 1825 3547 1888 καθὼς
3591 1826 3726 1905 πρέ-

505 1910 518 1930 ,
835 1911 947 1932 ,,
1127 1912 1137 1922 .
1361 1912 1374 1932 ,
1609 1911 1634 1928 .,
1932 1910 2042 1927 .—
2254 1911 2535 1934 ...μη
2673 1912 2763 1946 ..τ
2939 1911 2960 1929 .,,
3523 1913 3660 1936 .,

321 1911 414 1965 τὸν
471 1913 712 1990 ουρανὸν,
765 1935 854 1968 και
895 1911 1033 1968 θελει
1089 1934 1155 1971 να
1209 1919 1523 1993 φανταζεται
1565 1935 1764 1970 καποια
1794 1935 1978 1982 νοητα,
2068 1934 2156 1970 πει
2184 1936 2272 1970 και
2304 1935 2367 1969 να
2422 1917 2680 1990 οιοωμεθα
2737 1913 2874 1978 υλως
2933 1911 3106 1970 οιόλου
3157 1913 3229 1976 εἰς
3287 1935 3375 1970 ἰον
3435 1921 3586 1978 Θεον,
3622 1917 3725 1974 Καὶ

323 1998 481 2064 αὐτὸς
532 2001 822 2081 φαντασίας
880 2001 1062 2078 βλέπει
1119 2003 1208 2058 καὶ
1252 2001 1475 2078 ψεύτικα
1529 2003 1840 2084 πράγματα,
1899 1995 1987 2059 καὶ

325 2087 419 2169 ὄχι
490 2088 735 2166 ἀληθινὰ,
797 2089 865 2165 μὲ
921 2093 986 2147 τὸ
1041 2091 1106 2147 νά
1161 2090 1304 2148 εἶναι
1363 2091 1655 2172 ἀκάθαρτος
1710 2093 1747 2160 ἡ
1803 2089 1986 2171 καρδία

324 2198 443 2238 του.
478 2180 577 2236 Καὶ
624 2179 796 2244 καθὼς
846 2179 1078 2257 εἴπαμεν
1134 2178 1367 2244 πολλαῖς
1420 2193 1634 2261 φοραῖς,
1694 2183 1723 2238 ὀ
1776 2188 1984 2261 πρῶτος

2069 1999 2173 2074 ’ἐτζι
2230 2001 2581 2080 τελειώνομεν
2634 2005 2695 2061 τὸ
2751 2003 3108 2080 πνευματικὸν
3179 2006 3344 2069 σπῆτι
3395 2001 3449 2060 ἐν
3517 2010 3728 2084 Χριστῳ

2070 2089 2246 2159 ἰησοῦ
2275 2100 2350 2167 τῷ
2399 2095 2566 2173 [inp-5;:
2622 2095 2779 2170 ἡμῶν
2817 2108 2831 2122 ⁶
2893 2097 2939 2168 ᾧ
2980 2095 3015 2162 ἡ
3070 2089 3193 2158 δόξει
3248 2093 3321 2158 εἷς
3381 2093 3500 2157 τοὺς
3531 2095 3725 2161 αἰῶνας

2068 2188 2174 2241 τῶν
2205 2182 2432 2245 αἰώνων.
2464 2181 2664 2259 Ἀμήν,

1640 2517 2383 2632 APPENDIX.

460 2981 1363 3270 SﬂﬂﬂllSTlﬂl
1463 2797 2170 3214 ﬂUJUSDlll
2267 2986 2947 3212 ΝΛΜ)ίίυὸ
3047 2987 3218 3209 ΒΕ
3321 2987 3588 3212 Ι)Εο

1451 3381 1554 3444 ΑΙ)
1609 3371 2029 3441 SYMEONEM
2086 3372 2582 3440 THEOLOGUM.

399 3729 850 3827 Iurannocarlo.
883 3739 1039 3814 Quid
1070 3752 1197 3808 erat
1248 3745 1312 3807 in
1355 3743 1618 3826 .mundo,
1646 3749 1966 3826 antequam
1987 3755 2026 3805 C
2052 3762 2168 3827 que
2199 3759 2462 3824 praesens
2481 3741 2578 3814 sit,
2606 3739 3454 3824 quemadmodumafﬁrmasli,
3477 3741 3551 3806 ab
3575 3761 3704 3806 om-

325 3821 640 3888 exsisteret
655 3829 684 3890 Τ

322 3914 752 4064 ὄίΒεδΡοΝειο.
779 3921 958 3998 Deus,
1007 3921 1194 4004 ipsius
1245 3923 1454 3988 mundi
1488 3941 1707 4006 parens
1737 3930 1797 3986 et
1822 3941 1972 3986 con-

363 4021 501 4064 ιον.

363 4021 501 4065 ΠΟΓ.

403 4090 701 4160 IN’LCum
720 4099 984 4164 nondum
1015 4103 1570 4182 exstaretmundus,
1599 4123 1714 4186 quo
1732 4101 1974 4165 tandem

321 4189 493 4263 pacto
524 4185 585 4248 in
617 4189 838 4251 mundo
871 4200 996 4254 erat
1027 4190 1060 4251 ‘l

401 4271 881 4365 Ijestuoniam
902 4281 1184 4358 mundus,
1215 4282 1392 4346 etiam
1418 4282 1762 4365 priusquam
1777 4282 1968 4364 ﬁeret,

2055 3833 2232 3897 nibus
2262 3841 2460 3894 tamen
2492 3832 2827 3912 sejungiiur
2855 3831 2886 3894 ?

2136 3922 2308 3985 ΡιεδΡ.
2338 3920 2474 3984 Hmc
2496 3921 2743 4002 quaestio
2757 3920 3060 3984 difﬁcilem
3079 3920 3563 4001 intelligentiam,
3587 3941 3710 3985 non

2055 4011 2197 4074 item
2229 4010 2536 4072 difﬁcilem
2569 4010 3028 4091 explicationem
3088 4012 3290 4074 habet.
3353 4014 3477 4076 Deo
3507 4020 3708 4074 autem

2059 4100 2209 4163 nihil
2240 4107 2330 4161 est
2358 4099 2752 4178 impossibile.
2782 4102 2988 4182 Itaque
3012 4107 3208 4181 potest
3233 4099 3338 4161 tibi
3365 4101 3544 4182 hujus
3563 4121 3716 4183 quo-

2058 4207 2175 4270 que
2199 4187 2288 4249 rei
2311 4187 2548 4268 plenam
2572 4187 2748 4252 [idem
2763 4189 2984 4252 facere.
3008 4194 3156 4271 Age,
3177 4188 3586 4270 intelligenter
3603 4208 3715 4252 au-

2057 4277 2268 4340 sculta.
2303 4274 2494 4340 Sicuti
2518 4296 2686 4340 mens
2717 4279 2976 4342 humana
3010 4297 3123 4341 nec
3153 4277 3472 4342 cohibetur
3500 4281 3710 4358 muris,

319 4361 383 4454 in
407 4359 532 4454 Deo
564 4369 741 4447 plane
771 4376 1049 4452 tanquam
1082 4371 1270 4436 factus
1297 4359 1497 4435 inerat
1525 4393 1539 4433 :
1575 4359 1970 4454 quemadmo;
2054 4385 2168 4428 nec
2187 4366 2317 4428 loco
2341 4365 2858 4430 circumscribitur
2884 4390 2898 4432 :
2949 4368 3054 4430 sed
3086 4386 3305 4448 corpus
3337 4376 3563 4428 tantum
3595 4367 3711 4429 do-

321 4449 463 4514 dum
483 4453 759 4520 homines
779 4449 1040 4541 quoque,
1066 4463 1320 4524 necdum
1343 4462 1405 4524 in
1424 4449 1801 4525 banclucem
1823 4461 1968 4538 nati,
2053 4455 2350 4517 munculaa
2370 4454 2718 4529 includitur,
2754 4465 2812 4518 et
2831 4456 3085 4519 vinculis
3109 4454 3562 4537 constringitur,
3585 4455 3716 4536 ipsa

323 4548 388 4602 ut
399 4542 524 4634 jam
549 4547 667 4608 nati
688 4549 845 4630 apud
870 4551 1057 4614 Deum
1083 4560 1244 4615 sunt.
1271 4551 1486 4615 Omnia
1525 4551 1766 4634 quippe,
1792 4550 1971 4614 etiam

319 4633 584 4722 nondum
605 4645 936 4718 procreata,
959 4639 1020 4702 in
1042 4659 1107 4703 se
1123 4640 1273 4722 ipso
1289 4641 1617 4714 constituit,
1645 4641 1757 4703 etsi
1783 4640 1844 4703 id
1877 4645 1975 4702 in-

320 4721 661 4803 telligentia
693 4737 908 4792 nostras
938 4721 1412 4795 imbecillitatem
1447 4731 1708 4813 effugiat.

399 4813 520 4876 IN'r.
555 4813 617 4878 Si
652 4817 831 4897 igitur
860 4819 922 4881 in
953 4820 1176 4884 mundo
1234 4828 1360 4884 erat
1416 4819 1596 4896 Deus,
1659 4828 1977 4901 antequam

2057 4551 2221 4607 extra
2242 4562 2464 4625 corpus
2490 4543 2686 4608 libere
2718 4545 2938 4627 ubique
2965 4554 3206 4626 vagatur
3232 4563 3245 4607 :
3274 4563 3386 4608 nec
3415 4544 3656 4607 interim
3679 4564 3716 4610 a

2056 4655 2308 4719 corpore
2338 4646 2670 4720 separatur,
2705 4657 2817 4701 nec
2847 4657 2882 4701 a
2937 4638 3240 4701 domicilio
3271 4638 3476 4720 procul
3508 4636 3711 4720 distat,

2057 4745 2265 4788 verum
2299 4735 2360 4790 et
2390 4727 2607 4790 absens
2632 4728 3098 4810 quodammodo,
3134 4727 3228 4790 his
3257 4728 3453 4808 adest,
3487 4735 3546 4788 et
3574 4746 3711 4790 cum

2059 4815 2179 4878 illis
2199 4817 2370 4880 adest
2389 4815 2579 4894 abest,
2608 4817 3110 4900 praesentiamque
3121 4835 3255 4880 cum
3273 4815 3542 4880 absentia
3558 4835 3708 4879 con-

319 4903 606 4992 mundum
628 4906 974 4982 aediﬁcaret,
995 4909 1186 4986 utais,
1211 4910 1356 4992 quid
1380 4928 1450 4972 eo
1481 4909 1701 4972 factum
1731 4917 1841 4983 est,
1875 4908 1981 4974 ubi
2053 4904 2252 4986 jungit
2279 4924 2294 4969 ε
2342 4905 2425 4968 ila
2476 4905 2636 4969 Deus
2666 4905 2912 4988 ubique,
2947 4915 3006 4968 et
3035 4906 3098 4968 in
3126 4904 3428 4982 omnibus,
3461 4913 3518 4968 θῐ
3547 4913 3713 4970 extra

313 4987 484 5052 illum
519 4993 845 5072 produxit?
865 4999 1020 5062 Num
1043 4997 1116 5061 ab
1163 4987 1548 5072 eo—secessit;
1583 5017 1659 5061 an
1687 4999 1884 5062 adhuc
1913 4997 1977 5060 in

315 5095 389 5140 eo
422 5087 621 5142 manet
649 5081 681 5142 ‘?

395 5165 580 5232 RESP.
617 5171 774 5234 Loco
819 5173 1062 5255 quidem
1118 5194 1155 5238 a
1211 5177 1506 5240 creaturis
1554 5174 1679 5239 suis
1709 5175 1974 5258 ipsarum

316 5268 550 5323 creator
567 5259 728 5324 Deus
749 5273 1060 5346 separatus
1076 5285 1194 5329 non
1219 5274 1333 5330 est.
1360 5268 1486 5340 Quo
1509 5266 1670 5328 enim
1690 5285 1754 5328 se
1787 5273 1976 5327 trans-

315 5350 525 5429 ferret,
546 5371 771 5434 quaeso.
794 5353 896 5435 qui
917 5354 1138 5437 ubique
1160 5374 1423 5438 praesens
1442 5356 1634 5426 adest,
1670 5363 1729 5418 et
1747 5353 1970 5416 divini-

313 5447 432 5504 tate
465 5461 570 5505 sua
597 5442 807 5524 implet
837 5444 1135 5520 universa,
1186 5453 1540 5527 naturaque,
1593 5453 1654 5508 et
1682 5443 1967 5519 essentia,

311 5537 377 5596 et
404 5531 806 5608 subsistentia,
837 5534 1186 5617 caeterisque
1237 5533 1702 5618 proprietatibus
1731 5552 1972 5597 omnem

303 5630 574 5685 naturam
599 5622 898 5684 conditam
932 5625 1190 5704 excedit,
1224 5625 1300 5687 ab
1333 5642 1523 5706 eaque
1577 5625 1876 5686 immenso
1909 5630 1970 5686 et

307 5711 810 5796 incomprehenso
844 5711 1196 5777 discrimine
1225 5713 1585 5778 secernitur.

2060 4993 2284 5071 omnia,
2309 5001 2367 5058 et
2386 5013 2681 5078 nusquam
2723 5004 2814 5057 est
2852 5003 3085 5077 natura,
3109 4993 3389 5072 essentia,
3414 4998 3476 5058 et
3495 4993 3708 5075 gloria,

1994 5085 2038 5135 D
2057 5083 2196 5165 quia
2215 5083 2632 5147 circumscribi
2662 5084 2951 5148 limitibus
2980 5084 3136 5149 haud
3171 5089 3385 5166 potest.

2136 5171 2256 5236 INT.
2293 5171 2405 5246 Qui
2447 5191 2588 5254 ergo
2645 5193 2766 5238 non
2815 5173 3354 5249 circumscribitur,
3405 5172 3709 5255 quomodo

2055 5261 2266 5344 implet
2297 5263 2548 5325 omnia?
2578 5263 2691 5338 Qui
2714 5265 2923 5347 implet
2950 5265 3171 5337 omnia,
3204 5262 3504 5346 quomodo
3533 5261 3714 5326 incir-

2054 5352 2454 5434 cumscriptus
2483 5359 2595 5435 est,
2629 5362 2688 5417 et
2716 5374 3007 5438 nusquam
3039 5363 3131 5418 est
3155 5353 3187 5409 ‘1

2137 5439 2318 5505 Rnsp.
2345 5439 2500 5504 Sane
2522 5443 2766 5524 quidem
2784 5462 3078 5509 concessu
3099 5441 3363 5506 omnium
3387 5439 3546 5504 Deus
3569 5439 3711 5504 ubi-

2055 5550 2172 5614 que
2205 5539 2296 5594 est
2323 5552 2338 5608 ;
2371 5539 2428 5595 et
2456 5551 2590 5595 cum
2623 5534 2870 5617 impleat
2901 5534 3124 5612 omnia,
3158 5531 3253 5596 his
3279 5549 3411 5614 quae
3438 5530 3710 5595 videmus

2055 5624 2298 5685 omnino
2326 5640 2444 5684 non
2477 5625 2906 5703 permiscetur:
2951 5625 3058 5687 sed
3089 5641 3161 5686 eo
3190 5620 3369 5684 modo
3397 5639 3514 5703 quo
3543 5619 3708 5685 dixi-

2055 5731 2190 5775 mus
2220 5711 2577 5779 secernitur.
2607 5714 2911 5799 Nusquam
2942 5723 3140 5779 antem
3170 5719 3281 5791 est,
3312 5712 3471 5794 quod
3501 5710 3576 5774 ad
3604 5730 3710 5777 ca-

388 5803 511 5868 IN'r.
544 5801 672 5877 Qua
697 5799 954 5879 ratione,
985 5821 1126 5868 cum
1155 5803 1290 5870 loco
1318 5821 1442 5867 non
1457 5801 1664 5878 distet,
1696 5801 1807 5866 sed
1835 5799 1965 5866 nbi-
2049 5807 2218 5884 ptum
2245 5807 2520 5865 nostrum
2546 5803 2778 5870 attinet.
2801 5803 2990 5870 Nemo
3006 5802 3171 5869 enim
3192 5799 3384 5877 novit,
3409 5818 3489 5864 ne
3506 5799 3710 5881 angeli
