4176 6374
444 399 559 468 711

1295 402 1784 478 SCHOLASTICI
1822 401 2217 474 CUJUSDAM
2258 401 2641 476 DIALOGUS
2685 407 2787 474 DE
2830 407 3003 474 ΠΕΟ.

3733 403 3854 473 712

449 539 718 622 quidem,
742 537 847 602 ubi
871 539 947 603 sit
969 538 1151 604 Deus.
1174 539 1302 604 Etsi
1325 541 1488 605 enim
1511 542 1648 606 illos
1675 542 1960 606 assistere
1988 562 2097 606 au-
2117 550 2162 601 Α
2182 541 2507 621 intuentes,
2533 545 2596 608 in
2629 545 2760 627 ipsa
2790 551 2849 608 et
2877 543 3118 622 Filium,
3156 550 3216 608 et
3274 545 3515 609 Patrem
3567 551 3848 609 cernunt.

449 629 568 712 dis,
599 628 704 691 sed
735 629 950 692 throno
983 629 1188 711 gloriae
1215 649 1228 694 :
1254 638 1314 694 et
1334 651 1469 694 cum
1508 633 1938 714 procedentem
1964 631 2106 695 inde

449 717 783 782 claritatem
807 727 1014 782 contra
1042 720 1311 801 aspicere
1329 730 1654 802 nequeant,
1685 722 1900 784 timore
1920 721 2106 784 facies

450 825 587 870 suas
617 808 838 887 velant,
866 817 1225 892 stuporeque
1238 811 1498 888 attoniti,
1528 812 1811 892 hymnum
1838 811 2104 873 divinum

451 917 756 983 nunquam
812 901 1182 964 conticentes
1253 902 1656 966 modulantur.
1739 902 2106 966 Intolerabili

450 1009 713 1073 namque
736 992 1044 1073 majestate
1067 993 1347 1072 perculsi,
1365 1011 1475 1055 nec
1493 993 1814 1075 concipere
1829 999 2103 1076 possunt,

453 1101 567 1146 nec
593 1083 853 1163 cogitare
878 1082 980 1145 ubi
1010 1083 1299 1146 Dominus
1354 1083 1453 1160 sit,
1511 1091 1613 1146 aut
1642 1083 1833 1166 qualis
1863 1084 1960 1146 sit.
1995 1083 2105 1146 Et-

451 1173 610 1234 enim
644 1173 696 1234 si
724 1172 928 1234 oculos
958 1172 1020 1232 in
1050 1190 1364 1234 coruscum
1379 1173 1760 1254 splendorem
1793 1173 2110 1236 intendere

451 1279 570 1323 non
591 1261 789 1324 valent
809 1259 1105 1342 quomodo
1130 1261 1285 1324 ultro
1301 1261 1896 1342 curioseinquirant?
1919 1263 2107 1325 Deum

447 1350 631 1431 igitur
659 1369 815 1425 esse,
841 1357 900 1412 et
919 1349 1141 1432 ubique
1167 1369 1322 1427 esse,
1357 1359 1417 1414 et
1465 1352 1720 1434 implere
1753 1353 1955 1415 omnia
1982 1359 2109 1414 tum

450 1439 668 1519 angeli,
706 1446 828 1501 tum
859 1440 1072 1515 sancti,
1098 1441 1198 1521 qui
1225 1441 1474 1521 seipsos
1523 1450 1946 1522 purgaverant,
1987 1449 2047 1503 et
2076 1459 2111 1502 a

451 1529 652 1592 divino
673 1527 896 1610 Spiritu
920 1529 1238 1590 illuminati
1261 1529 1656 1612 illustratique
1678 1538 1838 1608 sunt,
1873 1530 2104 1593 sciunt:

451 1618 558 1681 ubi
588 1626 809 1696 autem,
840 1625 943 1681 aut
967 1618 1287 1700 quomodo,
1314 1627 1418 1681 aut
1436 1620 1631 1701 qualis
1650 1620 1747 1696 sit,
1783 1638 1963 1682 nemo
1986 1638 2112 1681 om-

452 1709 620 1770 nium
652 1707 991 1787 cognoscit:
1035 1707 1141 1769 sed
1170 1705 1344 1769 Pater
1372 1709 1536 1770 novit
1565 1707 1804 1790 Filium,
1840 1717 1899 1771 et
1927 1708 2112 1772 Filius

2187 634 2316 698 Non
2346 636 2427 698 ita
2458 648 2808 717 peccatores
2841 641 2900 696 et
2955 633 3274 696 immundi.
3337 633 3426 696 Illi
3461 634 3622 698 enim
3655 652 3851 696 caeco-

2186 744 2320 787 rum
2347 733 2405 788 et
2427 725 2578 787 nihil
2601 723 2991 788 sentientium
3011 723 3241 786 similes
3260 731 3417 788 sunt.
3444 722 3590 786 Nam
3615 731 3681 785 ut
3709 721 3852 785 caeci

2188 813 2491 876 sensibilis
2517 814 2694 894 hujus
2716 811 2860 874 solis
2881 811 3086 875 lumen
3110 813 3344 892 fulgens
3366 831 3486 875 non
3511 813 3744 887 vident,
3769 811 3851 874 ita

2188 902 2305 983 ipsi
2333 902 2607 964 divinum
2642 902 2843 964 lumen
2875 920 3117 984 semper
3173 902 3384 966 lucens
3410 900 3658 964 minime
3685 899 3850 982 aspi-

2189 992 2375 1068 ciunt,
2410 1010 2522 1054 nec
2553 991 2812 1054 calorem
2842 991 2972 1071 ejus
2999 991 3287 1056 sentiunt.

2269 1079 2391 1145 INT.
2424 1079 2577 1154 Quid
2605 1099 2745 1160 ergo
2773 1081 2956 1142 corde
2987 1087 3048 1142 et
3079 1079 3281 1143 animo
3316 1080 3449 1161 puri
3480 1077 3732 1142 vident?

2269 1169 2449 1233 RESP.
2479 1170 2629 1244 Quia
2656 1172 2813 1232 Deus
2832 1168 2942 1231 lux.
2955 1177 3069 1251 est,
3111 1177 3170 1232 et
3199 1170 3297 1232 lux
3328 1189 3608 1252 suprema
3635 1187 3703 1231 ac
3733 1186 3845 1230 no-

2191 1260 2504 1343 bilissima,
2531 1259 2695 1322 aliud
2722 1259 2872 1321 nihil
2895 1259 3010 1322 nisi
3033 1261 3228 1324 lucem
3267 1261 3490 1337 vident,
3525 1261 3626 1342 qui
3652 1261 3845 1341 ipsum

2191 1351 2427 1414 \ident:
2453 1350 2608 1433 quod
2630 1357 2789 1431 patet
2807 1368 3012 1411 eorum
3043 1350 3408 1428 testimonio,
3432 1351 3534 1432 qui
3571 1350 3851 1411 viderunt

2192 1441 2404 1503 faciem
2421 1441 2549 1521 ejus
2571 1438 2958 1520 resplendere
2975 1446 3039 1500 ut
3060 1440 3270 1515 solem,
3289 1443 3706 1504 etvestimenta
3718 1437 3848 1517 ejus

2192 1530 2326 1593 alba
2346 1529 2499 1591 facta
2520 1537 2584 1590 ut
2612 1528 2808 1588 nivem
2827 1529 2880 1590 5.
2907 1527 2979 1588 Et
3000 1528 3349 1591 testimonio
3374 1528 3544 1593 Pauli
3569 1525 3847 1608 apostoli,

2194 1620 2295 1702 qui
2318 1623 2503 1682 [lcum
2539 1618 2736 1680 lucem
2777 1616 2942 1698 vidit,
2993 1625 3168 1698 atque
3217 1617 3291 1680 ad
3325 1620 3455 1699 ejus
3483 1617 3846 1696 agnitionem

2194 1727 2516 1772 conversus
2542 1715 2631 1770 est
2655 1706 2688 1755 ϐ
2723 1727 2740 1783 ;
2767 1714 2826 1768 et
2855 1725 2925 1768 ex
2957 1706 3087 1768 aliis
3123 1708 3286 1770 mille
3319 1709 3558 1774 sanctis.

450 1801 711 1871 Patrem,
738 1805 796 1860 et
819 1795 1075 1878 Spiritus
1097 1805 1337 1859 saucius
1353 1800 1614 1875 Patrem,
1652 1805 1711 1860 et
1739 1797 1978 1880 Filium,
2011 1808 2104 1862 ut-
2125 1811 2165 1862 B
2265 1798 2388 1862 INT.
2421 1801 2540 1862 Cur
2567 1797 2766 1877 igitur,
2801 1814 2938 1858 cum
2971 1795 3048 1858 sit
3081 1804 3304 1861 aeterna
3333 1798 3431 1860 lux
3462 1799 3644 1875 Deus,
3677 1813 3847 1858 sem-

451 1896 590 1970 pote
612 1887 731 1949 illis
762 1885 1286 1948 consubstantialis
1348 1895 1407 1949 et
1463 1896 1816 1951 coaeternus.
1850 1887 1988 1950 Haec
2017 1887 2104 1950 si-

452 1976 697 2059 quidem
721 1975 832 2037 tria
848 1993 983 2037 cum
1002 1993 1188 2038 unum
1219 1976 1357 2053 sint,
1387 1983 1445 2038 et
1464 1983 1832 2054 cognoscunt
1859 1995 1926 2038 se
1949 1977 2098 2058 ipsa,

453 2074 517 2130 et
544 2074 986 2144 cognoscuntur
1016 2064 1297 2141 invicem,
1334 2065 1490 2146 quod
1524 2065 1653 2146 ipse
1685 2074 1894 2128 natura
1923 2065 2101 2142 Deus,

455 2154 640 2219 etDei
659 2153 843 2216 Filius
870 2153 1159 2234 prodidit:
1183 2154 1377 2217 Nemo
1391 2155 1560 2218 novit
1579 2155 1856 2238 Patrem,
1888 2154 2102 2238 inquit,

450 2244 931 2319 nisiFilius,nee
965 2242 1193 2306 Filium
1232 2245 1366 2323 quis
1391 2245 1584 2320 novit,
1605 2246 1731 2306 nisi
1748 2244 1937 2308 Pater
1957 2245 2003 2309 ¹.
2037 2243 2108 2306 Et

450 2350 689 2397 rursum
721 2331 1070 2412 Apostolus:
1118 2331 1272 2407 Quis
1295 2335 1458 2396 enim
1488 2334 1803 2396 hominum
1830 2335 1941 2398 scit
1968 2351 2100 2414 qua:

450 2430 602 2486 sunt
613 2422 898 2496 hominis,
912 2421 1038 2484 nisi
1047 2422 1299 2502 spiritus
1312 2421 1580 2486 hominis
1596 2424 1702 2502 qui
1713 2425 1776 2485 in
1792 2425 1918 2504 ipso
1930 2422 2056 2486 est2
2069 2429 2098 2486 ‘t

451 2514 539 2577 sic
559 2530 688 2592 quae
711 2511 824 2573 Dei
843 2518 987 2572 sunt
1009 2528 1116 2573 seu
1136 2511 1367 2589 divina,
1394 2518 1618 2593 praeter
1652 2511 1962 2594 Spiritum
1980 2511 2101 2575 Dei

450 2619 625 2664 nemo
655 2600 821 2663 novit
849 2598 902 2659 2.

531 2693 653 2754 ΙΝτ.
689 2688 840 2762 Quid
867 2707 1006 2768 ergo
1027 2695 1137 2764 est,
1169 2689 1328 2771 quod
1361 2689 1634 2756 Christus
1667 2691 1816 2755 dicit
1845 2712 1858 2750 :
1897 2691 2101 2753 Videte

451 2798 532 2844 ne
541 2781 936 2844 eontemnatis
949 2780 1886 2862 unumexhispusillis,quoniam
1903 2778 2104 2859 angeli

453 2888 662 2934 eorum
672 2886 903 2948 semper
913 2869 1120 2932 vident
1138 2871 1359 2949 faciem
1385 2869 1602 2932 Patris
1622 2876 1738 2932 mei
1754 2873 1788 2922 3
1802 2867 2061 2950 ?Et.alibi
2083 2887 2097 2931 :

452 2959 640 3023 Beati
655 2959 878 3022 mundo
897 2959 1086 3035 corde,
1107 2961 1399 3039 quoniam
1415 2960 1533 3039 ipsi
1544 2959 1739 3023 Deum
1751 2956 2098 3022 videbunt‘.

454 3053 547 3114 Tu
567 3068 679 3113 nec
700 3048 943 3129 angelos
967 3067 1144 3112 nosse
1177 3056 1469 3127 autumas,
1507 3049 1722 3130 qualis,
1762 3045 1995 3130 autjubi
2028 3045 2105 3108 sit

453 3138 638 3204 Deus.

535 3229 712 3294 Rssr.
746 3228 1257 3303 Quemadmodum
1289 3228 1416 3291 sole
1446 3229 1683 3292 lucente
1732 3229 1790 3291 in
1824 3227 2101 3310 meridie,

456 3321 615 3405 quod
643 3321 786 3382 inde
816 3319 1105 3382 emittitur
1134 3320 1357 3401 lumen,
1392 3319 1550 3382 clare
1574 3339 1643 3382 ac
1673 3319 1986 3382 manifeste
2013 3319 2108 3380 vis~

456 3413 695 3486 demus,
726 3410 922 3491 ipsum
951 3410 1138 3472 solem
1164 3409 1366 3472 videre
1395 3429 1464 3472 ac
1521 3428 1774 3473 noscere
1807 3428 1918 3472 nec
1953 3428 2107 3490 quo-

2187 1903 2413 1969 perque
2441 1885 2655 1961 luceat,
2688 1903 2809 1946 non
2837 1883 3090 1946 videtur
3119 1885 3194 1947 ab
3227 1885 3506 1948 omnibus
3535 1883 3566 1944 ?

2266 1975 2448 2038 REsr.
2481 1972 2774 2046 Quoniam
2830 1992 2864 2035 a
2917 1972 3219 2055 principio
3270 1975 3352 2038 ita
3408 1993 3534 2037 rem
3595 1969 3850 2035 instituit

2186 2064 2367 2140 Deus,
2397 2071 2462 2126 ut
2484 2063 2705 2124 nullam
2737 2061 3030 2124 haberent
3069 2063 3554 2126 communionem
3586 2061 3849 2125 tenebrae

2188 2173 2323 2217 cum
2355 2152 2601 2226 lumine,
2637 2169 2750 2213 nec
2781 2151 3058 2232 impurus
3116 2159 3175 2213 et
3227 2153 3506 2234 profanus
3535 2171 3668 2216 cum
3701 2169 3846 2232 puro

2189 2249 2248 2305 et
2277 2249 2507 2304 sancto.
2539 2239 2855 2314 Quocirca,
2882 2239 3064 2302 etiam
3096 2241 3260 2303 velut
3298 2261 3544 2322 magnus
3575 2242 3768 2303 hiatus
3792 2246 3851 2301 et

2186 2349 2414 2412 murus,
2440 2337 2682 2411 peccata
2704 2341 2903 2391 nostra
2923 2347 2958 2390 a
2979 2329 3099 2391 Deo
3133 2349 3242 2393 nos
3276 2339 3567 2412 separant
3587 2331 3617 2380 7
3649 2351 3664 2414 ;
3698 2346 3846 2412 prm-

2183 2423 2358 2502 cipue
2389 2419 2776 2499 cogitationes
2797 2437 3117 2501 perversae,
3150 2430 3207 2482 et
3231 2421 3724 2484 ratiocinationes
3753 2437 3848 2481 va-

2184 2529 2278 2572 nae
2332 2519 2507 2590 atque
2556 2508 2794 2570 inutiles
2849 2509 3020 2586 quasi
3085 2528 3292 2573 murus
3349 2512 3618 2573 excelsus
3673 2508 3847 2574 nobis

2186 2602 2356 2681 ﬁunt,
2407 2616 2634 2679 nosque
2689 2598 2981 2660 alumine
3013 2597 3144 2660 vitae
3178 2599 3519 2662 dissociant
3543 2619 3614 2662 ac
3645 2600 3843 2662 seclu-

2185 2688 2355 2750 dunt.
2387 2689 2547 2750 Deus
2577 2685 2736 2747 enim
2770 2687 2896 2768 lux,
2936 2695 2996 2748 et
3041 2690 3158 2749 vita
3197 2696 3322 2752 est:
3358 2709 3475 2771 quo
3495 2690 3607 2771 qui
3637 2687 3848 2770 privati

2185 2784 2344 2853 sunt,
2381 2775 2599 2837 mortui
2621 2785 2760 2837 sunt
2780 2776 3111 2838 secundum
3135 2777 3402 2840 animam
3429 2796 3443 2840 :
3472 2779 3689 2860 quibus
3710 2795 3846 2841 cum

2185 2865 2318 2926 aliis
2345 2863 2554 2926 aeterni
2582 2863 2737 2944 ignis
2767 2865 3108 2942 haareditas,
3172 2885 3241 2928 ac
3275 2867 3545 2928 societas
3572 2867 3844 2928 debetur.

2263 2953 2378 3018 Lvr.
2411 2953 2642 3035 Ecquid
2670 2953 2782 3028 illi,
2815 2953 2917 3035 qui
2946 2953 3020 3015 ad
3051 2955 3204 3018 hanc
3241 2964 3465 3018 metam
3495 2975 3613 3018 non
3638 2971 3849 3037 perve-

2183 3045 2292 3119 nit,
2329 3044 2489 3106 salus
2517 3045 2888 3124 desperanda
2921 3052 3008 3106 est
3039 3044 3070 3105 ?

2123 3141 2178 3194 c-
2267 3137 2451 3200 ltEsr.
2486 3135 2632 3198 Cum
2664 3133 2950 3196 Dominus
2971 3134 3171 3198 dicat:
3196 3135 3272 3200 In
3298 3137 3473 3202 domo
3493 3140 3697 3200 Patris
3720 3137 3845 3198 mei

2187 3226 2531 3289 mansiones
2551 3222 2756 3287 multa:
2773 3226 2976 3302 sunt8,
3001 3224 3247 3304 planum
3273 3228 3358 3303 tit,
3389 3227 3566 3292 etiam
3599 3227 3721 3289 vias
3754 3244 3847 3286 sa-

2189 3315 2328 3378 lutis
2351 3313 2567 3376 multas
2589 3331 2743 3387 esse,
2771 3332 2901 3395 quae
2917 3315 3204 3378 omnesin
3233 3317 3456 3380 unavia
3479 3314 3844 3398 poenitentiae

2191 3411 2702 3486 consummantur,
2728 3411 2787 3465 et
2811 3423 2918 3485 per
2940 3403 3407 3469 abstinentiama
3429 3415 3672 3489 peccato
3690 3427 3706 3482 ;
3723 3406 3846 3468 sive

456 3503 878 3583 modocunque
909 3518 1246 3582 possumus,
1280 3507 1338 3561 et
1364 3507 1564 3563 tamen
1597 3519 1705 3563 nos
1735 3519 1872 3563 eum
1895 3499 2098 3561 videre
2181 3497 2644 3576 eleemosynam,
2677 3496 2802 3556 sive
2834 3495 3410 3578 peregrinationem,
3445 3500 3568 3558 sive
3595 3493 3844 3578 quodvis

455 3592 614 3657 haud
645 3591 791 3652 falso
839 3590 1177 3652 dictitamus
1213 3613 1227 3650 ς
1280 3590 1409 3672 pari
1465 3592 1642 3654 modo
1701 3599 1760 3654 et
1784 3590 2006 3671 angeli,
2039 3599 2099 3654 et
2181 3585 2343 3649 aliud
2373 3603 2561 3664 genus
2590 3583 3022 3658 sanctimoniae,
3055 3604 3172 3666 quo
3232 3587 3311 3649 ad
3339 3587 3442 3650 illa
3475 3587 3847 3668 sempiterna

451 3681 642 3747 sancti
672 3679 921 3760 fulguris
946 3680 1138 3744 instar
1193 3679 1515 3743 micantem
1563 3681 1820 3763 Spiritus
1848 3679 2097 3759 gloriam

2183 3674 2623 3752 contendimus,
2658 3672 2806 3735 mihi
2836 3673 3133 3736 nomines.

531 3852 556 3899 ¹
595 3855 869 3933 Ιλυοολχέ
900 3849 1000 3913 22.
1085 3849 1112 3893 ε
1141 3850 1172 3933 1
1207 3852 1340 3913 Cor.
1363 3868 1437 3933 _u,
1471 3851 1570 3916 11.
1651 3853 1685 3903 '5
1711 3852 1919 3919 Matth.
1953 3869 2120 3933 xvm,

2194 3855 2252 3914 0.
2337 3849 2371 3900 4
2403 3847 2614 3914 Matth.
2646 3862 2706 3924 v,
2747 3845 2806 3910 8.
2892 3847 2925 3898 5
2952 3845 3153 3911 Matth.
3189 3863 3330 3925 xvu,
3365 3848 3424 3913 2.
3511 3846 3545 3898 6
3571 3851 3704 3914 Act.
3737 3867 3821 3929 Ix,

461 3934 498 4002 3
529 3952 697 4017 seqq.
784 3932 815 3982 7
842 3929 958 3994 Isa.
989 3948 1113 4012 nx,
1146 3932 1210 3997 S2.
1295 3933 1326 3983 8
1353 3931 1524 3996 Joan.
1558 3949 1678 4014 xxv,
1711 3935 1772 4000 2.
