4176 6370
503 283 624 349 745
1881 275 2152 345 ΝΙΕΕΤΔ

2248 276 2544 345 ῊΟᾸΕΝΙ.
3579 317 3586 322 -
3777 276 3812 340 7
3827 273 3900 341 16

585 420 645 486 2.
678 416 801 484 Sub
829 415 1172 482 Theodosio
1203 419 1417 498 magno
1461 415 1852 499 imperatore,
1876 435 2023 508 cum
2058 433 2152 478 se-

2325 405 2399 493 β’.
2435 414 2553 474 Ἐπὶ
2585 413 2860 476 Θεοδοσίου
2889 414 3150 492 βασιλέως
3197 423 3290 474 τοῦ
3348 415 3608 496 μεγάλου,
3638 412 3902 508 τιμηθέν-ἶ

503 510 612 573 des
639 507 1297 592 Constantinopolitana
1354 508 1586 570 honore
1643 515 1816 568 aucta
1864 505 2076 568 fuisset
2130 523 2152 566 a

2248 527 2335 569 τος
2365 515 2457 565 τοῦ
2480 506 2662 584 θρόνου
2691 511 2790 573 τῆς
2853 505 3458 570 Κωνσταντινουπόλεως
3514 507 3657 586 παρὰ
3685 510 3789 560 τῶν
3820 525 3876 582 ρν

501 607 743 665 centum
767 599 1196 683 quinquaginta
1223 597 1523 679 episcopis
1539 596 1601 658 in
1626 595 1892 659 secunda
1912 595 2152 677 synodo,

2248 593 2550 652 ἐπισκόπων
2600 595 2654 651 ἐν
2683 601 2751 672 τῇ
2781 593 2992 674 δευτέρᾳ
3021 593 3243 671 συνόδῳ,
3273 595 3327 651 ἐν
3370 601 3406 674 ᾗ
3437 595 3551 654 οὐδὲ
3580 615 3896 672 τοποτηρη-

502 691 602 753 cui
631 679 896 770 neleéati
920 679 1162 770 quidem
1188 686 1446 750 Romani
1463 687 1814 765 intererant,
1843 685 2152 748 discidium

2248 689 2330 745 ταὶ
2399 693 2498 756 τῆς
2574 679 2784 765 Ῥώμης
2857 694 3122 768 παρῆσαν,
3188 687 3459 753 διάστασις
3536 689 3625 744 καὶ
3680 684 3896 765 ταραχὴ

504 787 564 843 et
598 779 964 862 perturbatio
997 779 1249 842 conﬂata
1281 786 1391 842 est.

2248 778 2482 858 γέγονεν,

586 860 646 932 5.
681 868 805 934 Sub
827 870 1123 931 Marciano
1153 885 1290 929 cum
1323 866 1438 930 Leo
1472 883 1622 947 papa
1653 863 2152 927 commonefactus

2327 860 2403 949 γ’.
2465 869 2587 928 Ἐπὶ
2657 879 2984 950 Μαρκιανοῦ,
3060 873 3488 948 ὑπομνησθέντος
3550 881 3643 930 τοῦ
3723 869 3898 926 πάντα

503 957 739 1033 fuisset,
759 957 1104 1040 episcopum
1133 954 1853 1036 Constantinopolitanum
1879 953 2152 1034 paulatim

2248 959 2490 1036 Λέοντος,
2544 960 2726 1039 ὅτιπερ
2790 964 2818 1018 6
2879 962 3486 1027 Κωνσταντινουπόλεως
3545 957 3664 1018 κατ’
3717 957 3896 1036 ὀλίγον

503 1047 578 1110 ad
609 1066 675 1110 se
706 1048 943 1111 trahere
999 1045 1225 1108 alienas
1273 1043 1471 1121 sedes,
1533 1061 1763 1125 suoque
1822 1041 2152 1125 prwsulatui

2248 1049 2529 1130 ἐφαρπάζει
2585 1049 2887 1131 ἀλλοτρίους
2945 1053 3158 1130 θρόνους
3227 1054 3316 1109 καὶ
3372 1059 3439 1129 τῇ
3492 1049 3594 1124 ἰδίᾳ
3647 1049 3894 1106 συνάπτει

502 1135 878 1216 adjungere;
935 1154 1053 1218 qua
1094 1152 1277 1216 super
1329 1152 1396 1197 re
1451 1133 1678 1196 litteras
1734 1152 1970 1214 quoque
2004 1135 2158 1213 Papa

502 1226 745 1307 scripsit
767 1225 857 1288 Ad
877 1224 1242 1299 Anatolium,
1277 1241 1410 1306 qua;
1464 1223 1616 1284 nihil
1649 1223 2000 1303 profuerunt
2036 1241 2052 1297 ;
2085 1239 2157 1284 ex

499 1311 605 1376 illo
634 1313 795 1378 enim
853 1321 1128 1396 tempore
1183 1312 1821 1393 Constantinopolitani
1877 1311 2159 1392 praesules

499 1404 742 1486 rapinas
771 1403 1118 1485 hujusmodi
1171 1401 1570 1484 multiplicare
1613 1420 1735 1464 non
1767 1401 2153 1481 desiverunt;

501 1493 766 1556 schisma
797 1493 1076 1556 obortum
1107 1501 1216 1556 est.
1853 1562 1858 1565 ,

582 1583 642 1647 4.
677 1583 801 1646 Sub
831 1583 1091 1659 Zenene,
1140 1581 1304 1645 Felix
1335 1580 1542 1644 Romae
1571 1579 1833 1662 pontifex
1867 1578 2160 1660 Separavit

499 1693 566 1737 se
596 1681 844 1756 propter
865 1672 1156 1736 Acacium
1181 1671 1528 1734 haereticum
1561 1669 2156 1749 Constantinopoleos

2238 1139 2384 1219 ἀρχῇ
2419 1159 2432 1172 ⁸
2468 1137 2550 1220 ἐφ’
2579 1143 2625 1214 ᾧ
2654 1141 2739 1196 καὶ
2787 1141 3074 1219 γράμματα
3135 1141 3452 1221 ἐγχαράττει
3510 1142 3538 1198 6
3592 1139 3774 1202 πάπας
3817 1142 3896 1210 τῷ

2239 1226 2550 1310 Ἀνιιιτολίῳ⁷
2625 1229 2723 1286 κᾶν
2793 1228 2938 1289 οὒδὲν
3005 1229 3289 1312 ὠφέλησαν
3326 1247 3340 1260 ⁶
3420 1230 3601 1287 ἔκτοτε
3669 1229 3769 1307 γὰρ
3829 1225 3888 1281 οὔ

2239 1315 2498 1376 διέλειπον
2556 1322 2604 1376 οἱ
2663 1321 3262 1384 Κωνσταντινουπόλεως
3348 1320 3506 1401 ἆρχιε
3581 1317 3663 1382 εἴς
3724 1315 3892 1381 αὔξειν

2239 1407 2340 1475 τὴν
2369 1407 2619 1475 τοιαύτην
2649 1407 2985 1488 ἐφαρπαγὴν,
3021 1409 3230 1488 σχίσμα
3259 1408 3463 1488 γέγονε.

2321 1577 2388 1645 δ’.
2463 1587 2562 1643 Επὶ
2633 1587 2898 1662 Ζήνωνος,
2960 1585 3130 1657 Φήλιξ
3187 1589 3215 1644 6
3277 1577 3489 1663 Ῥώμης
3548 1585 3772 1666 ἐσχίσθη
3826 1579 3894 1638 δι’

2239 1675 2487 1735 Ἀκάκιον
2552 1678 2643 1732 τὸν
2717 1677 2972 1756 αἱρετικὸν
3042 1679 3132 1733 τὸν
3163 1678 3500 1757 πατριάρχην
3563 1680 3662 1742 τῆς
3738 1684 3894 1732 Κων-

502 1761 925 1845 patriarcham,
960 1779 1142 1842 quem
1173 1761 1355 1824 etiam
1386 1761 1761 1824 anathemate
1781 1757 2070 1840 perculit:
2098 1765 2152 1819 et

2248 1764 2745 1839 παντινουπόλεως,
2819 1767 2875 1823 ὃν
2932 1764 2997 1834 δὴ
3050 1767 3138 1822 καὶ
3194 1767 3534 1843 ἀνεθεμάτισε
3568 1782 3583 1797 ⁸
3643 1766 3705 1820 τὸ
3768 1763 3896 1822 αὐτὸ

502 1851 671 1934 paria
691 1850 1332 1932 Constantinopolitani
1347 1850 1643 1923 fecerunt,
1670 1847 2154 1910 communionem

502 1940 736 2004 scilicet
765 1959 899 2003 cum
931 1941 1146 2016 Roma,
1181 1947 1241 2002 et
1270 1957 1492 2001 nomen
1521 1937 1852 2000 abolentes.

589 2033 651 2095 5.
685 2029 805 2094 Sub
837 2029 1146 2092 Anastasio
1176 2028 1564 2111 imperatore,
1624 2028 1906 2089 haeretico
1937 2025 2154 2088 Acacio

505 2126 761 2196 mortuo,
799 2126 1071 2200 promoto
1087 2125 1286 2180 autem
1305 2116 1663 2199 Euphemio,
1684 2135 1789 2178 seu
1813 2115 2153 2196 Euthymio,

501 2207 608 2290 qui
653 2207 856 2270 Acacii
904 2225 1126 2269 nomen
1158 2225 1191 2269 e
1221 2207 1406 2270 sacris
1438 2206 1734 2288 diptychis
1761 2224 1881 2266 non
1913 2205 2152 2282 delevit,

498 2296 760 2377 sejunxit
792 2314 858 2359 se
889 2315 1040 2379 papa
1073 2295 1442 2373 Anastasius,
1505 2295 1609 2378 qui
1637 2302 1773 2377 post
1800 2293 2066 2358 Felicem
2099 2301 2158 2356 et

501 2383 799 2449 Gelasium
835 2385 1098 2468 pontifex
1128 2385 1440 2467 processit.

582 2564 643 2630 6.
666 2563 796 2627 Tub
819 2565 1030 2630 eodem
1053 2564 1418 2646 imperatore
1432 2563 1772 2642 Anastasio,
1791 2562 2154 2645 perdurante

501 2653 852 2731 schismate,
883 2653 1295 2718 Theodoricus
1319 2653 1421 2735 qui
1453 2654 1659 2717 Romae
1686 2651 2038 2734 imperabat,
2071 2651 2161 2713 vir

504 2741 810 2806 Barbarus
825 2743 1186 2820 etArianus,
1218 2742 1296 2806 ad
1325 2747 1744 2822 imperatorem
1774 2741 1936 2802 misit
1961 2742 2155 2802 virum

501 2834 867 2897 senatorium
898 2833 1262 2911 Romanum,
1287 2833 1533 2896 nomine
1561 2832 1830 2896 Festum.
1851 2831 1998 2894 Huic
2017 2851 2156 2911 ergo

503 2921 681 2984 Festo
711 2923 967 3004 supplex
1016 2923 1130 2986 fuit
1184 2921 1784 3003 Constantinopoleos
1840 2920 2156 3002 episcopus

501 3011 912 3088 Macedonius,
944 3021 1010 3076 ut
1039 3030 1150 3094 pro
1185 3011 1408 3074 unione
1451 3009 1852 3073 Ecclesiarum
1886 3011 2154 3073 interce-

502 3100 698 3166 deret.

583 3191 644 3255 7.
665 3191 878 3256 Adhuc
898 3190 1008 3254 sub
1029 3190 1243 3254 eodem
1263 3187 1628 3271 imperatore
1662 3189 1996 3266 Anastasio,
2035 3188 2157 3252 Sil-

504 3299 688 3343 vanus
718 3279 1040 3344 Orientalis
1071 3279 1384 3357 diaconus,
1419 3279 1522 3362 qui
1553 3279 1806 3342 multum
1838 3299 1944 3362 pro
1975 3280 2158 3344 rectis

503 3369 882 3451 dogmatibus
906 3369 1357 3448 allaboraverat,
1375 3371 1625 3435 Romam
1647 3371 1900 3448 accessit
1917 3370 2158 3432 unionis

497 3459 675 3542 hujus
705 3461 1096 3542 procurandae
1126 3478 1324 3536 causa,
1358 3467 1536 3542 atque
1591 3470 1660 3520 ut
1717 3478 1868 3541 papa
1893 3457 2154 3541 Symma-

497 3551 644 3612 chus
674 3550 886 3613 unioni
906 3550 1301 3612 consentiret.
1333 3551 1761 3612 Verumtamen
1783 3549 2031 3612 minime
2051 3549 2156 3613 ad-

493 3637 742 3715 missus,
775 3658 843 3702 re
873 3639 1092 3701 infecta
1120 3639 1493 3703 retrocessit.

574 3727 635 3789 8.
673 3727 796 3791 Sub
828 3729 1043 3792 eodem
1080 3729 1444 3809 imperatore
1485 3728 1799 3791 Anastasio
1828 3727 1956 3791 zelo
1985 3747 2152 3791 com-

495 3827 696 3879 motus
727 3817 1082 3894 Vitalianus,
1108 3817 1485 3881 consurrexit
1523 3836 1629 3899 pro
1647 3816 1927 3881 Ecclesiis
1953 3818 2159 3882 adver-

495 3922 600 3967 sus
627 3904 1034 3970 Anastasium.
1069 3906 1332 3970 Cedente
1361 3915 1558 3969 autem
1612 3907 1919 3968 Anastasio
1951 3915 2016 3968 ut
2044 3926 2143 3988 sy-

495 3993 692 4057 nodus
725 3996 918 4072 ﬁeret,
965 3997 1319 4059 Heracleam
1353 4004 1496 4058 tunc
1527 4005 1933 4059 convenerunt
1965 3998 2144 4060 etiam

491 4085 1032 4168 Romani;cumque
1049 4086 1446 4148 ducentorum
1462 4085 1706 4148 omnino
1725 4087 2145 4167 episcoporum

494 4181 686 4236 caelus
715 4174 946 4250 fuisset,
999 4183 1262 4238 attamen
1313 4193 1380 4236 re
1436 4173 1654 4238 infecta
1713 4176 2143 4240 discesserunt.

491 4262 638 4325 Erat
670 4271 809 4327 tunc
840 4283 991 4345 papa
1019 4263 1390 4327 Hormisdas.

2238 1858 2327 1913 καὶ
2380 1859 2427 1913 οἱ
2496 1861 2595 1922 τῆς
2683 1854 3288 1920 Κωνσταντινουπόλεως
3367 1857 3719 1934 πεποιήκασι⁷
3791 1853 3890 1920 τὴν

2237 1945 2513 2003 κοινωνίαν
2541 1950 2632 2001 τοῦ
2666 1935 2878 2021 Ῥώμης
2907 1945 2996 2001 καὶ
3030 1949 3092 2001 τὸ
3122 1942 3289 2019 ὄνομα
3319 1943 3736 2019 ἀπαλείψαντες.

2319 2025 2366 2092 ε’
2415 2033 2534 2092 Ἐπὶ
2583 2033 2934 2092 Ἀναστασίου
2989 2041 3083 2092 τοῦ
3140 2033 3425 2114 βασιλέως,
3483 2033 3897 2103 τελευτήσαντος

2237 2133 2332 2184 τοῦ
2389 2123 2646 2183 Ἀκακὶου
2718 2132 2812 2181 του
2867 2127 3148 2205 αἱρετικοῦ³
3209 2126 3298 2181 καὶ
3349 2121 3735 2204 προϐληθέντος
3805 2143 3898 2178 του

2239 2217 2534 2296 Εὐφημίου,
2623 2215 2659 2283 ἢ
2727 2214 3002 2296 Εὖθυμίου,
3079 2215 3166 2271 καὶ
3249 2215 3326 2290 μὴ
3382 2213 3776 2289 ἀπαλείψαντος
3831 2212 3894 2268 τὸ

2238 2315 2331 2365 τοῦ
2380 2301 2626 2361 Ἀκακίου
2681 2303 2848 2380 ὄνομα
2905 2303 2965 2361 ἐκ
3023 2311 3128 2361 τῶν
3175 2307 3326 2383 ἱερῶν
3381 2301 3676 2384 διπτύχων,
3729 2302 3890 2382 ἐσχί-

2236 2398 2336 2461 σθη
2393 2396 2421 2451 6
2472 2394 2652 2459 πάπας
2713 2391 3079 2470 Ἀναστάσιος,
3140 2396 3168 2450 6
3225 2393 3360 2470 μετὰ
3402 2391 3614 2464 Φήλικα
3673 2392 3760 2448 καὶ
3798 2397 3888 2446 Γε-

2237 2481 2442 2546 λάσιον,
3675 2505 3680 2510 ·

2321 2563 2424 2647 ς’,
2503 2571 2624 2630 Ἐπὶ
2679 2577 2771 2628 τοῦ
2829 2574 2984 2629 αὒτοῦ
3053 2571 3315 2650 βασιλέως
3375 2569 3741 2652 Ἀναστασίου,
3799 2578 3894 2629 τοῦ

2241 2663 2539 2743 σχίσματος
2573 2661 2748 2742 ὄντος,
2809 2659 3124 2742 Θεοδέριχος
3176 2663 3233 2726 ὃς
3291 2662 3430 2743 ἦρχε
3489 2664 3608 2718 τότε
3769 2651 3896 2718 Ῥώ-

2241 2759 2373 2828 μῆς,
2422 2752 2555 2832 ἀνὴρ
2598 2749 2858 2830 βάρϐαρος
2913 2752 3001 2808 καὶ
3055 2752 3347 2831 Ἀρειανὸς,
3406 2749 3712 2808 ἀπέστειλεν
3763 2753 3893 2832 πρὸς

2239 2841 2458 2920 βασιλέα
2515 2839 2866 2919 συγκλητικὸν
2929 2839 3086 2920 ἄνδρα
3142 2832 3432 2915 Ῥωμαῖον,
3495 2847 3707 2908 Φῆστον
3765 2843 3891 2898 ὀνό-

2241 2954 2367 3008 ματι
2398 2949 2409 2964 '
2466 2940 2651 2989 τοῦτον
2691 2928 2779 2985 οὖν
2833 2935 3045 2997 Φῆστον
3103 2927 3220 3005 ᾔτει
3267 2928 3589 2990 Μακεδόνιος
3647 2932 3675 2985 6
3734 2941 3890 2988 Κων-

2238 3018 2721 3082 σταντινουπόλεως
2782 3019 3007 3094 μεσάσαι
3059 3018 3158 3086 τὴν
3213 3017 3458 3074 ἓνωσινδ
3511 3023 3617 3074 τῶν
3651 3015 3889 3087 Ἐκκλη-

2172 3119 2212 3171 C
2236 3113 2392 3172 σιῶν.

2322 3187 2391 3270 ζ’.
2425 3195 2547 3256 Ἐπὶ
2599 3204 2691 3254 τοῦ
2737 3200 2897 3256 αὐτοῦ
2957 3194 3216 3272 βασιλέως
3273 3195 3642 3272 Ἀναστασίου,
3693 3195 3894 3256 Σιλου-

2239 3289 2364 3350 ανὸς
2443 3285 2684 3351 διάκονος
2753 3285 3062 3351 ἀνατολικὸς
3143 3285 3320 3343 πολλὰ
3385 3287 3679 3363 κεκμηκὼς
3761 3288 3893 3368 ὑπὲρ

2237 3376 2517 3457 δογμάτων
2563 3377 2747 3455 ὀρθῶν,
2801 3382 2870 3454 τῇ
2932 3367 3112 3454 Ῥώμῃ
3158 3375 3496 3456 ἐπεφοίτησε,
3549 3382 3649 3444 τῆς
3707 3367 3893 3436 τοιαύᾲ

2237 3489 2336 3535 της
2407 3467 2648 3529 ἑνώσεως
2725 3464 2922 3537 ἕνεκεν,
3006 3466 3093 3522 καὶ
3182 3475 3242 3525 τῦ
3320 3465 3472 3522 πάπα
3530 3467 3835 3548 Συμμάχου
3863 3467 3896 3518 4

2236 3564 2550 3615 κατανεῦσαι
2603 3553 2704 3622 τὴν
2761 3553 2948 3611 ἕνωσιν
2983 3573 2998 3589 ·
3045 3553 3182 3614 ἀλλὰ
3229 3555 3308 3631 μὴ
3359 3553 3565 3634 δεχθεὶς
3623 3555 3891 3636 ἄπρακτος

2237 3645 2655 3724 ἀνθυπέστρεψεν
2684 3644 2739 3707 5,

2318 3722 2399 3802 η’.
2433 3722 2556 3791 Ἐπὶ
2598 3739 2692 3790 τοῦ
2721 3732 2876 3790 αὐτοῦ
2905 3733 3194 3810 ἱβασιλέως
3255 3730 3602 3793 Ἀναστασίου
3643 3734 3890 3806 ζηλώσας

2240 3826 2268 3881 6
2296 3821 2630 3899 Βιταλιανὸς,
2695 3822 2973 3902 ἀνταρσίαν
3019 3823 3147 3902 ὑπὲρ
3202 3829 3307 3880 τῶν
3363 3819 3700 3890 Ἐκκλησιῶν
3754 3827 3892 3884 κατὰ

2230 3911 2576 3970 Ἀναστασίου
2635 3909 2924 3987 ἐμελέτησε
2973 3931 2988 3945 ⁸
3064 3913 3152 3968 καὶ
3228 3909 3466 3976 ἐνδόντος
3549 3913 3891 3974 Ἀναστασίου

2226 4009 2320 4060 τοῦ
2361 4000 2616 4083 ,γενέσθαι
2665 3999 2880 4058 σύνοδον
2932 4000 2986 4056 ἐν
3047 3991 3328 4082 Ἡρακλείᾳ
3383 4001 3493 4080 (1),
3539 4004 3887 4083 συνήχθησαν

2226 4093 2347 4149 τότε
2372 4093 2460 4148 καὶ
2488 4093 2535 4146 οἱ
2591 4080 2870 4166 Ῥωμαῖοι,
2926 4092 3013 4147 καὶ
3057 4080 3392 4154 συνελθόντες
3435 4093 3484 4147 οἱ
3539 4080 3734 4156 πάντες
3765 4092 3887 4152 δια-

2226 4182 2398 4240 κόσιοι
2442 4179 2742 4254 ἐπισκοποι,
2792 4177 3071 4248 διέστησαν
3119 4179 3403 4261 ἄπρακτοι,
3460 4171 3738 4259 ιΟρμίσδου
3767 4183 3888 4241 τότε

2227 4272 2381 4328 πάπα
2411 4269 2799 4349 τυγχάνοντος.

573 4353 635 4414 9.
669 4352 796 4415 Sub
827 4354 1036 4415 eodem
1089 4355 1448 4434 imperatore
1506 4353 1848 4436 Anastasio,
1881 4353 2140 4436 quadra-

2303 4349 2376 4422 θ’.
2421 4359 2545 4418 Ἐπὶ
2586 4368 2680 4419 τοῦ
2745 4363 2903 4420 αὐτοῦ
2961 4357 3222 4438 βασιλέως
3274 4355 3620 4420 Ἀναστασίου
3688 4382 3886 4420 τεσσα-

488 4440 655 4520 ginta
706 4461 780 4504 ex
811 4441 1044 4523 Illyrico
1074 4450 1248 4523 atque
1300 4441 1526 4505 Graecia
1555 4443 1821 4524 episcopi
1864 4445 2142 4522 separati,

489 4530 802 4594 Timotheo
835 4533 1107 4596 Romano
1156 4531 1424 4614 pontiﬁci
1475 4542 1669 4596 semet
1719 4532 2143 4614 adjunxerunt.

569 4709 672 4775 40.
702 4709 842 4773 Post
887 4710 1106 4774 Justini
1161 4710 1561 4790 imperatoris
1598 4709 1849 4793 obitum,
1881 4710 2148 4774 Romana

489 4797 764 4863 Ecclesia
786 4801 1166 4864 concordiam
1191 4799 1508 4863 nobiscum
1538 4799 1798 4862 coluisse
1810 4801 2042 4864 videtur
2058 4803 2146 4866 :in

486 4888 833 4970 provinciali
873 4890 1096 4971 quippe
1126 4891 1352 4972 synodo
1383 4897 1592 4951 contra
1621 4887 1902 4951 Severum
1938 4899 1996 4952 et
2022 4893 2146 4956 An-

481 4976 738 5040 thimum
771 4977 1103 5054 celebrata,
1136 4977 1463 5041 adfuerunt
1495 4978 1673 5040 etiam
1714 4997 1786 5041 ex
1813 4977 1981 5041 Italia
2008 4981 2142 5061 epi-

480 5066 649 5149 scopi
677 5087 816 5131 cum
848 5087 1002 5151 papa
1029 5070 1300 5147 Agapeto
1335 5068 1398 5130 in
1417 5065 1569 5131 urbe
1597 5067 2138 5150 Constantinopoli.

2229 4449 2457 4530 ράκοντα
2515 4448 2793 4506 ἐπίσκοποι
2852 4450 2958 4506 ἀπὸ
3015 4448 3307 4529 Ἰλλυρικοῦ
3340 4449 3673 4530 σχισθέντες
3703 4449 3736 4499 6
3802 4455 3891 4513 καὶ

2225 4529 2327 4606 ’έῆς
2415 4529 2688 4616 Ἑλλάδος)
2784 4538 3024 4616 Τιμοθέῳ
3053 4539 3083 4588 ⁷
3164 4546 3242 4615 τῷ
3335 4529 3549 4616 Ῥώμης
3624 4543 3889 4620 προσετέ-

2225 4630 2393 4695 θησαν
2403 4677 2417 4691 ,

2310 4706 2370 4779 ι’.
2406 4717 2553 4800 Μετὰ
2595 4716 2696 4786 τὴν
2749 4715 3308 4796 τελευτὴνξβασιλέως
3369 4715 3648 4777 Ἰουστίνου
3705 4720 3888 4800 φαίνε-

2226 4826 2316 4861 ται
2373 4807 2408 4874 ἡ
2484 4796 2758 4882 Ῥωμαίων
2827 4805 3120 4875 Ἐκκλησία
3191 4809 3447 4864 ἐνωθεϊσσ
3479 4823 3494 4838 ⁸
3557 4807 3613 4865 ἐν
3662 4796 3790 4888 γάρ
3821 4816 3891 4888 τῇ

2227 4900 2425 4972 τοπικῇ
2455 4893 2751 4974 συνόδῳξτῇ
2805 4899 2942 4956 κατὰ
3000 4893 3236 4976 Σεϐήρου
3295 4897 3383 4954 καὶ
3427 4893 3675 4973 Ἀνθίμου
3727 4919 3888 4979 γενο-

2224 4983 2382 5065 μένῃ,
2427 4989 2672 5063 παρῆσαν
2729 4986 2817 5043 καὶ
2874 4989 2923 5045 οἱ
2973 4986 3079 5044 ἀπὸ
3150 4983 3376 5050 Ἰταλίας
3419 4985 3753 5053 συνελθόντες
3805 4996 3884 5064 τῷ

2224 5073 2378 5146 πάπᾳ
2455 5070 2753 5152 Ἀγαπητῷ
2836 5075 2891 5134 ἐν
2977 5075 3530 5134 Κωνσταντινουπόλει
3566 5093 3582 5110 ⁸
3653 5079 3741 5136 καὶ
3816 5085 3886 5156 τῇ

1894 5235 2091 5304 Variae
2116 5241 2426 5309 lectiones.

623 5419 718 5484 Al.
752 5420 888 5526 code
921 5422 1245 5526 Tﬁ‘ilvédetl.‘
1322 5423 1380 5526 of
1406 5421 1658 5526 {lodices
1687 5421 2021 5526 συμμαχίαν.

480 5499 594 5565 fuit
619 5471 1992 5586 ξ)ῖρἆῖἰηὶὁίἰὶὲᾶἑῖἑυτίὸεἷιῖἴέιῗξοῗὸἒὲῐέρὶᾷζ

2132 5425 2168 5478 5
2192 5425 2288 5491 ΑΙ.
2323 5427 2457 5492 cod.
2491 5431 2687 5491 καθυπ.

2797 5426 2831 5477 6
2865 5427 2955 5494 ΑΙ.
2990 5427 3130 5491 cod.
3160 5428 3493 5510 σχισθέντος.
3609 5430 3640 5480 7
3670 5428 3887 5495 Nullus

747 5671 766 5702 ε
2076 5636 2264 5705 Notae.

562 5763 651 5845 (1)
679 5763 1081 5862 Οιιωτριιᾶιιω
1112 5767 1190 5833 de
1217 5767 1328 5834 hac
1356 5767 1747 5835 Heracleonsi
1771 5767 2018 5851 synodo.
