4176 6438
430 409 544 472 721
1929 414 2275 480 ΝΟΤΙΤΙΑ.
3707 408 3831 479 722

425 551 581 630 part.
615 560 656 606 ιι
679 544 817 606 Act.
843 552 1195 609 sanctorum
1219 546 1456 609 ordinis
1481 545 1860 609 Benedictini
1879 545 2092 607 saeculi
2111 563 2169 608 v1
2193 545 2290 624 (ab
2309 564 2364 610 a.
2391 546 2549 611 1000
2568 547 2642 610 ad
2663 548 3268 630 1100),etAllatium,
3290 549 3378 612 De
3398 547 3571 612 libris
3590 545 3826 611 Eccles'

427 629 702 720 Gracor.
728 632 870 694 diss.
903 633 964 714 2,
991 653 1052 712 p.
1094 635 1204 698 158
1227 652 1354 715 sqq.
1385 633 1618 715 (ΓΑΒΒ.)
1644 633 1910 697 Florent.
1957 633 2017 694 in
2051 634 2162 696 cod
2189 637 2467 698 Laurent.
2497 637 2595 711 40,
2620 656 2679 699 ιι.
2711 629 2989 719 69,ρὶιιι.
3016 639 3073 712 5,
3096 644 3185 700 est
3205 655 3275 700 ex
3297 637 3550 720 epistola
3568 637 3828 701 Michae-

422 719 495 808 lis
530 720 882 801 patriarcha
911 722 1130 800 CPolit,
1165 722 1286 785 inc.
1323 721 1443 782 Ἐπὶ
1466 731 1572 780 τῶν
1604 724 1664 780 ἐκ
1705 733 1800 784 τοῦ
1826 725 1986 782 αὐτοῦ
2013 724 2071 802 γέ

2172 749 2196 789 ς
2230 743 2243 756 ’
2306 733 2364 786 et
2407 745 2468 786 ιι.
2525 727 2620 803 70,
2656 744 2728 790 ex
2756 726 2872 789 alia
2903 725 3098 808 ejusd.
3135 719 3409 808 epistola.
3457 725 3528 789 V.
3563 724 3819 789 Bandin.

421 806 547 871 Cat.
585 810 764 874 codd.
798 810 900 875 Gr.
935 813 1115 874 Laur.
1146 829 1189 888 ι,
1225 829 1360 893 pag.
1399 811 1494 888 79,
1517 811 1618 893 qui
1641 811 1782 874 citat
1801 810 2118 875 Leunclav.
2145 811 2258 876 .Ius
2279 813 2389 878 Gr.
2412 814 2672 879 Roman.
2697 814 2804 879 lib.
2830 834 2912 893 Iv,
3022 815 3142 880 263
3162 806 3252 897 sq.
3280 814 3516 892 (Hann)
3539 813 3818 878 Michael.

420 899 710 1048 Cet-guigrii
740 907 799 962 et
828 900 1044 964 Leonis
1074 920 1168 984 ep.
1194 900 1443 966 Achrid.
1464 900 1638 984 epist.
1662 901 1736 964 ad
1757 899 2050 965 Joannem
2075 920 2170 983 ep.
2207 901 2575 967 Tranensem
2596 905 2656 967 in
2680 903 2933 986 Basnag.
2963 906 3128 969 Thes.
3163 922 3328 976 mon.
3358 912 3505 969 tom.
3547 902 3648 980 ΙΙΙ,
3684 922 3739 985 p.
3775 919 3819 980 ι,

421 1005 480 1048 D.
664 1007 795 1048 SOU.

421 1005 480 1070 p.
513 989 632 1051 277
664 1007 795 1071 sqq.

503 1077 801 1160 Epistolce
822 1079 893 1143 II
907 1080 989 1142 ad
1009 1079 1258 1144 Petrum
1277 1079 1720 1144 Antiochenam
1736 1083 1896 1157 (cum
1913 1080 2073 1144 Petri
2093 1082 2376 1145 adversus
2397 1084 2638 1146 Latinos
2651 1082 3033 1164 responsoria
3056 1081 3500 1163 pag.145-162)
3532 1080 3734 1144 Grace
3763 1086 3824 1141 et

422 1166 546 1229 Lat.
577 1167 733 1247 apud
761 1168 1148 1246 Cotelerium,
1183 1176 1329 1234 tom.
1361 1167 1415 1232 II
1442 1170 1813 1236 Monument.
1848 1188 1909 1250 p.
1947 1168 2231 1246 135-145,
2267 1179 2326 1233 et
2355 1172 2652 1247 162-168,
2686 1191 2720 1234 e
2750 1171 2965 1254 quibus
2994 1173 3160 1253 prior
3187 1171 3342 1253 apud
3372 1170 3717 1246 Baronium,
3741 1167 3818 1230 ad

418 1270 495 1342 an
554 1255 735 1330 1054,
771 1257 976 1318 Latine
1007 1276 1068 1320 n.
1101 1258 1178 1320 28
1210 1277 1300 1339 sq.
1337 1257 1598 1320 Posterir
1626 1276 1718 1321 ms
1745 1257 1808 1320 in
1838 1255 1988 1320 bibl.
2019 1258 2287 1322 Casarea
2317 1260 2596 1324 Lambec.
2648 1259 2748 1340 III,
2785 1279 2915 1342 pag.
2957 1261 3092 1338 160,
3127 1268 3185 1323 et
3208 1261 3387 1322 simul
3419 1261 3592 1322 tertia
3620 1258 3816 1321 adhuc

417 1341 664 1419 inedita,
698 1365 831 1427 qua
859 1346 1070 1428 incipit
1103 1365 1118 1411 :
1154 1350 1262 1430 Πρὸ
1289 1357 1474 1428 καιροῦ
1513 1371 1656 1412 τινος
1706 1349 2061 1426 ἀναμαθόντες

2166 1351 2248 1430 ιρὰ
2303 1357 2410 1407 τῶν
2465 1351 2527 1407 ἐκ.
2580 1356 2678 1419 τῆς
2721 1341 3071 1432 πρεσϐυτέραις
3119 1343 3354 1428 Ῥώμης.
3390 1351 3606 1414 Prima
3633 1368 3666 1410 a
3697 1345 3815 1410 C0-

419 1432 626 1496 telerio
655 1435 831 1498 edita
852 1436 1090 1498 initium
1126 1453 1141 1500 :
1177 1439 1252 1496 Τὰ
1281 1439 1570 1517 γράμματα
1596 1443 1696 1505 τῆς
1759 1438 2068 1516 μακαροιόττ

2166 1461 2181 1501 :
2229 1461 2342 1498 σου.
2407 1435 2701 1501 Secunda
2734 1459 2747 1498 :
2809 1444 2881 1498 Οὔ
2937 1440 3194 1496 παύσεταί
3220 1461 3350 1497 ποτε
3378 1445 3482 1496 τῶν
3513 1435 3629 1495 καθ’
3660 1440 3815 1514 ἡμῶν

414 1519 733 1586 ἐπιϐουλῶν.
764 1523 988 1602 (FABRJ
1019 1523 1156 1588 Sive
1187 1545 1247 1607 p,
1281 1524 1397 1590 397
1427 1525 1522 1588 ed'
1559 1525 1784 1590 Kollar.
1816 1525 1894 1587 de
1926 1525 2060 1590 cod.

2160 1525 2320 1603 (VII,
2356 1545 2417 1588 n.
2451 1530 2530 1592 60
2559 1535 2618 1588 et
2646 1546 2709 1591 n.
2739 1528 2838 1603 61,
2876 1535 2968 1590 est
3011 1527 3189 1602 Petri,
3224 1528 3574 1606 patriarcha
3596 1525 3809 1588 Antio-

412 1611 592 1674 cheni
617 1613 808 1694 Epist.
849 1613 1232 1695 responsoria
1259 1613 1333 1676 ad
1361 1613 1736 1689 Michaelem,
1771 1613 2167 1695 patriarcham
2200 1614 2376 1678 CPol.
2409 1628 2588 1698 atque
2617 1615 2893 1678 Lambec.
2921 1615 3077 1680 Citat
3096 1617 3310 1678 Baron.
3336 1615 3570 1678 Annal.
3598 1614 3810 1678 eccles.

413 1706 563 1762 tom.
594 1701 696 1778 XI,
729 1721 826 1768 an.
869 1702 1046 1779 1043,
1080 1722 1141 1764 ιι.
1175 1703 1211 1767 4
1249 1723 1264 1780 ;
1297 1702 1382 1764 ib.
1427 1722 1526 1766 an.
1560 1702 1739 1778 1054,
1773 1722 1838 1766 n.
1870 1703 1973 1784 28,
2025 1704 2127 1784 qui
2175 1704 2467 1768 refutasse
2527 1705 2750 1768 dicitur
2771 1705 3082 1769 Michaelis
3115 1704 3424 1786 epistolam
3455 1703 3716 1778 tertiam,
3752 1709 3812 1764 et

413 1805 476 1851 ιι.
509 1789 716 1867 36·43,
753 1790 852 1854 ubi
881 1791 1039 1855 Petri
1077 1791 1347 1873 Epistola
1374 1791 1686 1869 laudatur;
1718 1791 1862 1854 item
1885 1791 2062 1856 edit.t

2158 1793 2453 1856 iciliorum
2474 1793 2811 1874 Binianam,
2838 1801 2982 1856 tom.
3003 1791 3105 1868 ΙΙΙ,
3131 1802 3283 1874 part.
3305 1811 3369 1872 Il,
3403 1815 3462 1872 p.
3494 1792 3755 1857 189-207
3790 1813 3807 1870 ;

411 1897 526 1942 nec
555 1899 675 1942 non
696 1880 1000 1958 Allatium,
1027 1881 1117 1944 De
1135 1879 1420 1945 Ecclesia
1444 1879 1743 1945 Occident.
1765 1888 1824 1944 et
1849 1883 2150 1945 Oriental.
2173 1891 2466 1965 perpetua
2486 1885 2902 1958 consensione,
2927 1881 3031 1945 lib.
3064 1899 3128 1964 ιι,
3154 1899 3286 1964 cap.
3313 1883 3376 1947 9.
3397 1917 3478 1928 —
3499 1882 3728 1945 Ibidem
3748 1880 3812 1943 in

411 1968 546 2034 cod.
581 1967 900 2048 CCXLVII,
923 1990 984 2034 n.
1009 1970 1114 2052 22,
1132 1977 1222 2033 est
1240 1971 1646 2033 Enumeratio
1668 1987 2018 2047 causarum,
2045 1981 2288 2053 propter
2316 1990 2468 2052 quas
2488 1974 2768 2054 pontifex
2795 1974 2964 2035 Rom.
3001 1989 3082 2033 ea:
3122 1971 3422 2053 diptychis
3455 1973 3810 2034 Graecorum

409 2061 633 2134 eiectus
662 2067 770 2135 est,
805 2077 876 2120 ex
909 2059 1213 2122 Michaelis
1243 2059 1532 2123 Cerularii
1565 2071 1626 2123 et
1653 2061 1815 2122 Petri
1841 2059 2220 2140 aliorumque
2251 2062 2676 2124 nonnullorum
2708 2061 2977 2143 epistolis
3013 2081 3030 2137 ;
3061 2079 3130 2123 ac
3159 2081 3218 2122 n.
3255 2062 3353 2135 23,
3389 2061 3570 2124 Mich.
3604 2059 3807 2124 Cerul.

406 2145 668 2228 Epistola
697 2148 781 2228 (ιι.
817 2151 872 2222 1)
902 2148 977 2212 ad
1009 2149 1248 2212 Petrum
1279 2149 1704 2231 patriarcham,
1736 2168 1871 2210 cum
1901 2149 2219 2231 subjuncto
2252 2169 2434 2232 opere
2463 2160 2676 2215 contra
2703 2151 2965 2214 Latinos.
2995 2149 3066 2212 V.
3105 2149 3379 2212 Lambec.
3414 2149 3487 2225 V,
3524 2168 3656 2230 pag.
3689 2148 3810 2213 264

406 2255 539 2319 sqq.
563 2237 788 2301 Kollar.
813 2272 892 2285 —
911 2240 1146 2302 Monac.
1165 2238 1228 2300 in
1243 2238 1378 2300 cod.
1406 2237 1658 2320 CXVIII,
1682 2237 1866 2303 Mich.
1889 2237 2156 2320 Epistula
2176 2241 2247 2302 ad
2271 2239 2540 2318 Petrum,
2569 2249 2627 2304 et
2646 2241 2825 2321 hujus
2843 2238 3181 2321 responsio,
3209 2256 3309 2300 sec
3357 2244 3472 2300 cat.
3497 2239 3600 2302 Gr.
3625 2235 3807 2299 codd.

406 2329 609 2390 Bavar.
641 2346 770 2408 pag.
796 2328 874 2390 50
902 2347 995 2409 sq.
1023 2363 1102 2374 -—
1132 2327 1377 2390 Taurini
1406 2327 1468 2390 in
1498 2327 1636 2390 cod.
1669 2328 1782 2402 GC,
1817 2346 1876 2389 n.
1915 2331 2015 2391 11.
2051 2338 2208 2391 extat
2236 2329 2397 2392 Petri
2425 2329 2690 2411 Epistola
2716 2348 2732 2406 ;
2787 2337 2847 2392 et
2875 2348 2936 2391 ιι.
2980 2331 3076 2408 14,
3101 2327 3278 2390 Mich.
3313 2326 3510 2391 Cerul.
3537 2325 3808 2408 Epistola

403 2419 491 2494 (ιι.
530 2416 585 2498 1)
620 2417 692 2479 ad
723 2417 893 2481 illum
922 2417 996 2483 V.
1031 2418 1156 2481 Cat.
1191 2417 1368 2480 codd.
1403 2419 1506 2482 Gr.
1543 2417 1788 2480 Taurin.
1828 2436 1958 2499 pag.
1990 2417 2131 2482 298.
2189 2453 2266 2465 —
2311 2419 2630 2482 Florentia
2679 2420 2743 2480 in
2775 2419 2909 2482 cod.
2943 2421 3229 2482 Laurent.
3261 2415 3358 2494 XI,
3395 2436 3456 2478 ιι.
3488 2414 3568 2480 20
3611 2421 3670 2478 et
3698 2414 3801 2492 21,

403 2505 550 2587 plut.
587 2505 688 2582 57,
722 2506 1102 2588 reperiuntur
1131 2506 1310 2571 Mich.
1346 2504 1542 2569 Cerul.
1584 2506 1853 2588 epistola
1895 2505 1948 2586 (Ι
1978 2518 2040 2570 et
2068 2507 2142 2588 ΙΙ)
2177 2526 2245 2570 ac
2274 2527 2337 2570 n.
2369 2509 2450 2570 22
2479 2508 2641 2573 Petri
2668 2506 3005 2588 responsio.
3044 2507 3115 2567 V.
3150 2513 3261 2568 cat.
3300 2505 3476 2567 codd.
3510 2503 3612 2568 Gr.
3648 2507 3803 2566 Lau-

402 2603 559 2659 rent.
590 2594 664 2671 ΙΙ,
699 2597 814 2659 col.
839 2597 960 2658 412
989 2615 1082 2677 sq.
1111 2631 1188 2642 —
1217 2594 1474 2660 Venitiis
1492 2595 1554 2658 in
1577 2595 1688 2659 cod
1709 2594 1985 2673 DLXXV,
2015 2598 2238 2660 eadem
2272 2598 2558 2679 epistola.
2594 2597 2667 2661 V.
2699 2596 2822 2660 Cat.
2857 2597 2994 2660 cod.
3029 2597 3131 2659 Gr.
3168 2593 3316 2656 bibl.
3350 2598 3529 2658 Marc.
3565 2613 3625 2674 p.
3658 2592 3806 2659 303.

402 2719 483 2732 —
512 2684 648 2749 Sec.
682 2687 810 2750 Cat.
844 2703 953 2747 ms.
980 2685 1226 2766 Anglia,
1251 2692 1369 2748 etc.
1395 2684 1471 2768 Il,
1493 2705 1558 2749 ιι.
1579 2687 1760 2761 5781,
1788 2685 1945 2748 inter
1958 2687 2136 2750 codd.
2159 2687 2306 2750 Abr.
2324 2686 2584 2763 Sellerii,
2601 2685 2993 2750 Mich.Cerul.
3022 2683 3302 2766 Epistola
3322 2683 3454 2746 dua
3475 2683 3548 2744 ad
3562 2686 3802 2746 Petrum

405 2773 682 2838 Antioch.
722 2808 796 2818 —
829 2775 1090 2838 Secund.
1122 2776 1448 2839 Montfauc.
1486 2775 1655 2839 Bibl.
1683 2775 1956 2841 biblioth.
1987 2777 2131 2840 Mss.
2155 2785 2214 2851 1,
2239 2796 2368 2858 pag.
2396 2776 2552 2859 500;
2579 2775 2647 2838 E.
2671 2774 3099 2855 Mediolani,in
3140 2772 3288 2835 bibl.
3316 2772 3596 2836 Ambros.
3621 2771 3802 2834 Mich.

407 2863 759 2948 patriarcha
781 2864 957 2926 CPol.
980 2864 1052 2925 ad
1079 2867 1334 2926 Marcum
1361 2864 1501 2945 (sic)
1522 2864 1884 2928 Antiochen.
1909 2883 2042 2927 cum
2066 2866 2455 2946 responsione
2474 2885 2496 2944 ;
2514 2865 2656 2927 item
2687 2863 2950 2946 Epistola
2969 2863 3042 2924 ad
3063 2860 3518 2942 Imperatorem.
3539 2896 3619 2908 —
3650 2859 3803 2922 Mos:

403 2971 535 3036 qua
565 2953 628 3015 in
660 2953 794 3017 cod.
827 2951 1089 3034 CCCLV,
1121 2953 1313 3034 Epist.
1343 2953 1433 3035 (ιι.
1471 2955 1527 3033 1)
1561 2961 1621 3015 et
1652 2953 1810 3016 Petri
1841 2952 2174 3034 Responsio
2208 2953 2276 3017 V.
2314 2955 2568 3016 Matthai
2598 2954 2768 3016 notit.
2805 2952 2981 3015 codd.
3004 2949 3107 3014 Gr.
3133 2949 3471 3032 Mosquens.
3498 2969 3626 3032 pag.
3654 2949 3798 3026 236,

401 3062 467 3108 ιι.
500 3043 578 3106 28
609 3051 666 3106 et
698 3044 797 3108 29.
833 3078 911 3089 —
943 3042 1130 3106 Paris.
1163 3042 1226 3104 in
1258 3042 1406 3105 bibl.
1442 3042 1613 3123 pubi.
1648 3043 1780 3105 cod.
1808 3042 2168 3119 MCLXVlll,
2190 3045 2366 3125 epist.
2392 3049 2451 3122 1,
2475 3043 2549 3105 ad
2573 3043 2838 3121 Petrum,
2863 3060 2981 3104 una
3002 3059 3139 3102 cum
3165 3039 3344 3120 hujus
3366 3038 3803 3121 Responsione,

403 3140 464 3194 et
491 3132 552 3194 in
577 3133 710 3195 cod.
741 3130 1150 3208 MCCLXVIII,
1178 3151 1244 3195 ιι.
1276 3133 1333 3210 1,
1367 3131 1632 3213 Epistola
1663 3132 1737 3195 ad
1771 3135 2037 3197 Petrum.
2073 3134 2321 3216 (HARL.)

481 3223 770 3285 Edictum
783 3220 1098 3304 synodale,
1123 3221 1246 3283 sive
1263 3224 1549 3300 σημείωμα
1568 3238 1667 3285 an.
1693 3221 1872 3303 1054,
1900 3221 1973 3284 de
1991 3226 2256 3301 proiecto
2279 3241 2317 3286 a
2333 3223 2543 3304 legatis
2563 3222 2860 3286 Romanis
2877 3221 2950 3283 in
2970 3237 3144 3281 sacra
3159 3237 3366 3282 mensa
3383 3220 3654 3301 pittacio,
3680 3219 3805 3281 sive

403 3308 617 3373 Charta
637 3311 1226 3388 excommunationis,
1259 3313 1460 3375 Crace
1488 3317 1547 3373 et
1574 3310 1699 3374 Lat.
1735 3310 1961 3372 editum
1992 3311 2065 3373 ab
2096 3312 2337 3384 Allatio,
2396 3315 2489 3375 De
2559 3313 2703 3376 libr.
2738 3309 2969 3374 Eccles.
3006 3308 3382 3386 Gracorum,
3418 3328 3476 3388 p.
3511 3306 3800 3370 161-273.

405 3396 595 3480 Incip.
629 3405 735 3460 Οὐκ.
775 3402 838 3470 ἦν
881 3400 1002 3482 ἄρα,
1049 3403 1122 3466 ὡς
1167 3399 1330 3476 ἔοικε,
1362 3401 1516 3481 κόρος
1545 3407 1623 3476 τῷ
1649 3406 1870 3478 πονηρῷ
1896 3406 2002 3459 τῶν
2031 3424 2054 3458 κ

2139 3409 2230 3464 ὧν.
2264 3401 2508 3484 (ΕἈΒιι.)
2562 3400 2954 3476 Vindobona,
2987 3396 3050 3460 in
3080 3396 3216 3459 cod.
3250 3395 3532 3475 LXXVII,
3566 3415 3629 3484 ιι.
3662 3395 3742 3460 62
3773 3411 3788 3458 :

406 3479 709 3565 Σημὲξωσις
738 3492 854 3570 περὶ
901 3479 992 3549 τοῦ
1040 3491 1277 3573 ῥιφέντος
1327 3479 1699 3570 πιττακίουξέν
1759 3497 1827 3568 τῇ
1875 3491 2000 3570 ἁγίᾳ
2053 3479 2289 3572 τραπέζῃ)
2343 3499 2442 3562 τῆς
2489 3479 2751 3573 ⁷Μεγάλης
2809 3491 3093 3558 ἐκκλησιας
3140 3489 3283 3568 παρὰ
3311 3495 3418 3546 τῶν
3446 3490 3552 3546 ἀπὸ
3585 3479 3797 3564 Ῥώμης

404 3575 671 3657 πρέσϐεων
713 3581 847 3636 κατὰ
887 3587 980 3638 τοῦ
1007 3581 1304 3659 ἁγιωτάτου
1346 3581 1680 3660 πατριάρχου
1737 3581 1914 3660 κυρίου
1958 3580 2206 3661 Μιχαήλ.
2272 3582 2680 3662 Προκαθημὲνου
2737 3581 2964 3663 Μιχαὴλ
3020 3613 3094 3624 -—
3153 3578 3209 3634 ἐν
3238 3589 3354 3640 τοῖς
3383 3575 3572 3642 δεξιοῖς
3618 3576 3800 3654 μέρεσι

403 3674 511 3725 τῶν
522 3670 964 3750 κατηχουμένων,
978 3676 1093 3731 etc.
1114 3669 1154 3731 f.
1170 3668 1406 3733 Relatio
1425 3668 1604 3731 Mich.
1630 3666 1964 3749 Cerularii,
1981 3686 2156 3749 quom
2164 3670 2282 3733 odo
2301 3671 2428 3752 ipse
2447 3689 2587 3734 cum
2607 3671 2966 3752 sequacibus
2985 3667 3114 3732 suis
3141 3664 3218 3727 ab
3241 3664 3663 3745 apocrisiariis
3671 3663 3802 3727 sive

404 3758 626 3838 legatis
646 3764 873 3822 sanctae
892 3758 1190 3823 Romano:
1213 3767 1268 3823 et
1287 3759 1626 3840 apostolica:
1644 3757 1801 3820 sedis
1819 3757 2166 3823 GPolitanae
2193 3765 2259 3822 in
2281 3760 2417 3841 ipsa
2436 3776 2664 3841 magna
2677 3761 2931 3823 ecclesia
2947 3757 2997 3821 S
3037 3753 3279 3833 Saphice
3291 3754 3369 3815 sit
3381 3753 3800 3841 excommuni-

399 3854 597 3910 catus.
623 3845 918 3909 Insertum
947 3856 1042 3912 est
1072 3839 1376 3929 exemplar
1403 3846 1676 3911 formula
1703 3839 2345 3930 excommunicatoria,
2407 3839 2584 3929 quam
2642 3847 2820 3929 legati
2849 3846 3001 3911 sedit
3025 3843 3367 3925 apostolica
3389 3840 3452 3902 in
3483 3839 3799 3930 prasentia

395 3935 577 3998 totius
606 3936 754 3998 cleri
787 3943 848 3998 et
876 3938 1076 4018 populi
1109 3937 1331 4003 CPolit.
1366 3938 1778 4018 deposuerunt
1804 3952 1986 4016 super
2015 3935 2348 4018 principale
2375 3937 2559 3999 altare
2587 3936 2858 4001 ecclesia
2887 3937 2952 4002 S.
2987 3934 3246 4017 Sophia.
3284 3933 3348 3998 V.
3374 3932 3656 3995 Lambec.
3688 3929 3790 4009 III,

393 4045 530 4109 pag.
563 4025 679 4090 398
706 4045 799 4107 sq.
835 4027 935 4107 qui
965 4026 1134 4090 illam
1162 4027 1512 4091 relationem
1544 4029 1708 4088 vocat
1744 4023 2173 4087 calumniosam
2205 4038 2263 4090 et
2297 4027 2649 4090 virulentam
2685 4047 2699 4088 :
2761 4027 2900 4090 add.
2952 4028 3236 4090 eumdem
3288 4044 3346 4105 p.
3381 4021 3522 4084 311.
3557 4020 3794 4104 (ΗΑιιιι.)

472 4117 564 4181 De
593 4117 783 4183 Missa
799 4115 1011 4179 citatur
1039 4135 1074 4178 a
1101 4116 1388 4180 Michaele
1416 4116 1542 4180 Nan
1569 4114 1632 4176 in
1661 4129 1801 4175 vera
1829 4114 2023 4191 eﬂigie
2052 4114 2332 4179 Ecclesia
2360 4116 2642 4180 Romana
2663 4117 3018 4198 Cracaque,
3043 4136 3173 4197 pag.
3201 4117 3343 4192 290,
3373 4133 3486 4178 ms.
3507 4112 3798 4176 Memorat

391 4205 668 4269 Lambec.
703 4203 808 4280 IIl,
841 4224 900 4286 p.
927 4209 1044 4268 160
1059 4205 1286 4289 (FABR.)
1309 4203 1636 4286 Explicatio
1655 4203 2072 4282 mysteriorum
2092 4223 2424 4282 sacrorum,
2450 4208 2658 4271 Roma
2675 4205 2739 4268 in
2779 4205 2916 4270 cod.
2961 4205 3115 4277 bibl.
3137 4205 3329 4270 Vatic.
3362 4206 3434 4267 V.
3468 4202 3795 4268 Montfauc.

393 4294 561 4360 Bibl.
596 4293 866 4359 biblioth.
897 4313 1037 4359 mss.
1073 4315 1133 4377 p.
1171 4297 1264 4360 11.
1303 4295 1378 4378 (A
1403 4295 1628 4376 HARL.)

478 4382 648 4466 Opus
675 4391 894 4449 contra
921 4375 1196 4463 Latinos,
1231 4375 1512 4468 Ep‘istola
1543 4391 1568 4449 1
1595 4375 1670 4451 ad
1682 4388 1924 4452 Petrum
1948 4384 2390 4448 Antiochenum
2414 4383 2813 4468 subjunctem,
2841 4385 2998 4467 quod
3021 4385 3270 4468 incipit:
3300 4375 3393 4448 Ὠς
3409 4382 3544 4441 πολὺ
3565 4383 3626 4440 τὸ
3646 4379 3798 4450 πλῆ-

393 4481 483 4540 θος
511 4481 610 4544 τῆς
640 4477 1014 4556 χρηστότητος
1043 4485 1136 4538 τοῦ
1163 4477 1468 4556 παναγάθου
1497 4478 1707 4559 Κυρίου.
1741 4479 1853 4542 MS.
1904 4475 1968 4539 in
2025 4474 2042 4536 Ι

2144 4475 2174 4539 l.
2231 4474 2521 4557 Casarea,
2579 4482 2733 4538 teste
2763 4475 2974 4539 eodem
2999 4475 3280 4539 Lambec.
3319 4468 3393 4538 V.
3425 4490 3484 4554 p.
3519 4470 3638 4536 123
3665 4488 3793 4552 seq.

399 4565 480 4646 [ρ.
511 4563 654 4639 265,
687 4563 785 4628 ed.
817 4563 1066 4645 Kollar.)

475 4653 745 4718 Homilia
759 4654 1014 4734 dictajin
1031 4655 1235 4737 prima
1246 4653 1570 4718 Dominica
1593 4654 2112 4737 Quadragesima,
2129 4657 2286 4734 festo
2297 4655 2718 4718 Restitutionis
2727 4656 3098 4737 imaginum,
3115 4654 3276 4718 circa
3287 4671 3383 4716 an.
3403 4651 3765 4733 1044.1ncip
3782 4697 3796 4713 .

388 4750 741 4824 Προφετικαϊς
773 4745 1025 4822 ἑπόμενοι
1079 4747 1316 4828 ῥήσεων,
1379 4744 1765 4810 ἀποστολικατς
1807 4769 1866 4804 τε
1919 4769 2037 4826 παρ(

2148 4768 2288 4802 σεσιν
2349 4746 2609 4811 εἴκοντες.
2669 4743 2733 4807 In
2789 4744 2900 4806 hac
2955 4745 3266 4809 Michaelis
3317 4741 3709 4824 metropolita
3737 4749 3797 4804 et

383 4831 581 4896 Photii
605 4839 829 4896 aterna
859 4835 1173 4908 memoria,
1207 4853 1339 4917 pag.
1375 4835 1478 4909 99,
1509 4853 1581 4896 ac
1609 4853 1745 4916 pag.
1779 4835 1923 4911 100,
1955 4833 2205 4898 Sisinuii
2246 4834 2599 4913 patriarcha
2627 4834 2804 4899 CPol.
2840 4833 2943 4915 qui
2973 4852 3073 4915 an,
3101 4834 3246 4896 Chr.
3278 4833 3397 4897 999
3425 4831 3593 4907 obiit,
3629 4832 3792 4895 cele-

383 4920 613 5004 bratur,
647 4922 864 5004 iisque,
897 4943 1029 5006 qua
1057 4931 1266 4987 contra
1296 4923 1575 4988 Photium
1605 4924 1832 5006 scripta
1857 4924 1952 4988 vel
2003 4925 2165 4987 dicta
2221 4932 2386 4997 sunt,
2442 4924 2758 4986 anathema
2811 4923 3162 5004 imponitur.
3191 4922 3330 4984 Hac
3358 4921 3605 4983 homilia
3634 4922 3796 4984 edita

383 5007 586 5075 Graue
617 5018 676 5073 et
700 5010 910 5074 Latine
939 5032 973 5076 e
1003 5013 1212 5076 codice
1241 5011 1611 5080 Coisliniano
1640 5013 1714 5076 ab
1749 5013 2052 5078 eruditiss.
2113 5013 2585 5094 Montfautcono,
2621 5032 2756 5094 pag.
2790 5013 3026 5076 96402
3058 5011 3321 5093 Calalogi
3351 5029 3496 5075 mss.
3531 5012 3792 5079 Gracor.

381 5099 545 5163 illius
570 5100 716 5162 bibl.
741 5101 850 5163 sub
873 5102 1043 5166 titulo
1065 5121 1079 5166 :
1105 5103 1389 5185 Epistola
1399 5102 1616 5183 synodi
1625 5101 1896 5167 Nicanor:
1911 5103 1994 5166 ad
2011 5109 2294 5166 sanctum
2307 5102 2869 5167 Alexandri-norum
2885 5101 3255 5184 Ecclesium,
3272 5102 3462 5166 Paris.
3494 5101 3670 5178 1715,
3689 5098 3793 5162 fol.

383 5191 540 5255 Vide
568 5193 897 5256 Memorias
935 5192 1315 5257 Trevoltinas
1341 5211 1441 5257 an.
1475 5193 1657 5269 1716,
1695 5212 1756 5274 p.
1790 5193 1871 5258 40
1899 5211 2027 5274 seq.
2067 5193 2172 5274 (1).

461 5283 773 5366 Synodica
802 5283 1043 5348 decreta
1071 5283 1398 5366 complura,
1433 5289 1497 5344 ut
1524 5284 1611 5346 De
1635 5285 1878 5365 nuptiis
1902 5286 1970 5347 in
1996 5285 2246 5365 septimo
2273 5284 2478 5365 gradu
2505 5302 2626 5347 non
2655 5285 3092 5351 contrahendis
3120 5281 3226 5345 lib.
3264 5298 3330 5346 ιιι
3356 5282 3388 5347 J
3395 5281 3518 5345 uris
3546 5279 3788 5345 Graco-

460 5391 540 5460 (1)
693 5389 803 5446 bac
828 5389 1066 5476 lgq'uutur
1097 5390 1284 5476 :.¢..Le
1494 5389 1566 5476 nde
1593 5388 1916 5476 Moptfaqcpn
1945 5388 2069 5476 s’e‘st
2090 5406 2165 5476 gn
2220 5407 2315 5476 pen
2340 5463 2353 5476 ‘
2372 5398 2480 5476 trop
2538 5392 2631 5476 se.
2735 5394 2938 5476 un-des
2966 5390 3362 5476 titresjie‘cette
3381 5389 3541 5472 piece,
3572 5389 3697 5476 tirée
3723 5389 3796 5446 du

387 5459 667 5518 manuscrit
693 5477 810 5534 grec
837 5459 989 5518 XXIV
1019 5463 1072 5518 in
1120 5459 1260 5532 folio,
1295 5461 1358 5518 de
1387 5461 1435 5517 la
1466 5460 1603 5543 riche
1632 5459 1974 5543 bibliotheque
2000 5461 2036 5516 αι

387 5532 552 5617 96_du
582 5533 873 5617 catalogus.
907 5533 1198 5617 La-lecture
1227 5533 1289 5617 de
1315 5549 1376 5617 ce_
1411 5538 1534 5617 petit
1562 5547 1778 5604 ouvrage
1822 5549 1854 5589 a
1897 5531 2002 5617 fait.
2031 5552 2036 5586 :

2149 5478 2193 5533 gr
2220 5459 2281 5518 ‘le
2326 5463 2424 5520 duc
2452 5459 2513 5519 de
2543 5464 2753 5531 Coislin,
2811 5464 3002 5537 éveque
3029 5463 3090 5519 de
3121 5463 3273 5526 Metz,
3299 5468 3352 5517 et
3377 5459 3641 5533 imprimée
3667 5477 3795 5533 page

2149 5535 2336 5617 'ce'voir.
2366 5535 2619 5617 ειη-,116610
2673 5535 2910 5617 editeur,_
2942 5535 3064 5617 qu’il
3090 5552 3125 5617 Ay,
3148 5534 3428 5617 canamus
3456 5533 3798 5617 d’elppereurs

382 5604 526 5680 etde
554 5603 859 5677 patriarchas
889 5605 1196 5680 postérieurs
1232 5605 1307 5680 Ade
1364 5605 1647 5680 longtemps
1697 5603 1763 5660 au
1819 5603 2006 5680 second
2058 5603 2248 5680 concile
2309 5605 2370 5663 de
2424 5605 2595 5680 Nicée,
2648 5614 2700 5663 et
2725 5603 3005 5680 cependant
3030 5603 3162 5680 cette
3189 5603 3430 5662 difﬁculté
3458 5622 3521 5661 ne
3549 5603 3678 5680 luia
3705 5603 3798 5661 fait

378 5675 734 5751 nattreaucuu
766 5675 989 5751 soupcon
1010 5693 1108 5751 sur
1136 5677 1180 5732 Ie
1207 5676 1324 5751 titre
1356 5695 1370 5743 ;
1402 5675 1598 5751 il_’s’est
1610 5676 1850 5751 contente
1874 5675 2112 5751 d’avertir
2139 5677 2349 5751 daus_sa
2375 5675 2696 5751 préiace'que
2735 5675 2811 5735 les
2840 5695 2988 5736 noms
3015 5679 3077 5751 de
3103 5693 3192 5751 ces
3219 5693 3510 5751 empereurs
3539 5682 3591 5732 et
3618 5676 3680 5732 de
3708 5693 3797 5734 cos

409 5749 692 5830 atriarches
721 5746 918 5830 avaieut
942 5748 1024 5830 eté
1053 5749 1250 5822 ajoutés
1277 5747 1403 5830 dans
1434 5747 1480 5803 le
1513 5747 1739 5830 onziéme
1758 5746 1938 5830 siccle.
1972 5747 2205 5830 Tachan
2259 5748 2321 5830 de
2375 5746 2559 5830 rendre‘
2680 5760 2854 5830 savant
2885 5749 3286 5830 Benedictinpn
3304 5746 3552 5830 'peu'plus
3577 5764 3795 5830 scrupu-

391 5817 495 5880 cux
533 5836 625 5876 sur
653 5820 734 5892 les
764 5820 911 5892 titres
929 5820 1023 5892 des
1045 5817 1351 5892 manuscrits
1375 5826 1627 5892 grecstet
1653 5820 1718 5892 de
1745 5817 1969 5892 montrer
1994 5835 2093 5892 que
2126 5820 2174 5892 la
2198 5820 2488 5892 ,prétendue
2541 5823 2688 5878 lettro
2735 5821 2803 5879 du
2850 5824 3037 5880 second
3076 5819 3270 5879 concile
3298 5817 3360 5878 de
3384 5817 3535 5877 Nicée
3566 5841 3602 5892 :7
3628 5817 3797 5877 '10'ne

373 5891 636 5973 s‘adresse
658 5891 800 5964 point
823 5891 868 5973 a_
884 5891 1089 5973 l’Eglise
1111 5887 1518 5973 d’AIegtandriej
1547 5889 1825 5973 _2o‘qu:ell‘e
1856 5889 1989 5973 n’est
2008 5887 2154 5973 point
2183 5887 2249 5973 dit
2277 5893 2482 5973 second_
2495 5892 2776 5973 concile_do
2813 5893 2974 5973 .Niceo
3000 5915 3016 5963 ;
3070 5892 3135 5952 3ο·
3147 5909 3254 5973 _qu_e
3279 5907 3338 5949 ce
3365 5892 3501 5973 n'est
3526 5891 3669 5973 point
3695 5906 3797 5973 uae

370 5965 522 6025 lettre
553 5984 570 6033 ;
611 5961 676 6020 46
699 5979 798 6038 que
823 5961 1084 6023 c’est'uno
1110 5962 1329 6023 homilia
1355 5962 1420 6021 de
1447 5962 1631 6023 Michel
1652 5961 1971 6032 Cérularius,
2000 5961 2284 6037 patriarcha
2328 5965 2391 6024 de
2445 5964 2882 6042 Constantinople,
2912 5961 3196 6042 pronuncéb
3221 5965 3270 6045 le
3293 5963 3510 6048 promitti;
3526 5961 3794 6049 dimanche
