4176 6444
394 406 518 472 725

1181 412 1506 479 HOMILIA
1547 417 1631 481 IN
1674 415 1911 480 FESTO
1953 409 2546 480 RESTITUTIONIS
2591 416 3014 484 IMAGINUM

3699 416 3816 483 726

389 545 536 600 θεϊον
603 542 786 619 ὕμνοις
868 549 955 602 καὶ
1011 545 1330 626 δοξολογίαις
1399 547 1791 625 θεραπεύουσιν,
1868 539 1928 607 Ὀ
1985 543 2060 601 δὲ

2147 537 2356 612 iumen
2381 549 2608 613 colunt.
2636 550 2964 632 Apostolus
2984 559 3187 615 autem
3207 552 3561 635 adidipsum
3581 554 3810 618 adhor-

396 628 723 698 Ἀπόστολος
755 636 881 694 αὐτὸ
928 646 1084 695 τοῦτο
1149 643 1419 716 παραινῶν
1478 637 1534 692 ἐν
1585 637 1862 705 καινότητι
1913 642 2056 709 ζωῆς

399 727 760 800 περιπατῆσαι
805 721 1186 806 διακελεύεται,
1238 727 1326 783 καὶ
1390 747 1414 782 α
1475 725 1545 784 Εἴ
1599 749 1681 790 τις
1735 727 1788 784 ἐν
1852 733 2061 806 Χριστῷ

396 811 556 878 καινὴ
610 813 803 888 κτίσις,
867 815 1283 886 ἀνακαινίζεσθε.
1350 839 1375 871 ιι
1453 816 1530 875 Τὰ
1586 815 1641 872 δὲ
1706 838 1767 896 γε
1829 817 2061 895 Κυριακὰ

397 897 554 979 λόγια
583 902 682 970 τὴν
706 906 1042 986 προφητικὴν
1093 903 1363 962 δεικνύντα
1421 906 1742 963 κατάστασιν
1777 921 1792 937 ⁹
1833 929 1862 962 α
1893 905 2055 984 Ἐγέ-

394 1009 537 1065 νετο,
618 1015 642 1051 ι
717 995 900 1076 φησὶν,
963 1018 992 1051 α
1053 994 1329 1074 Ἐγκαίνια
1387 995 1440 1053 ἐν
1517 987 1899 1077 Ἰεροσολύμοις
1970 997 2059 1053 καὶ

396 1081 608 1158 χειμὼν
636 1084 706 1150 ἧν
736 1103 766 1144 )
806 1100 820 1115 ⁸
855 1085 967 1142 εἴτε
1018 1088 1208 1154 νοητὸς
1251 1083 1372 1143 καθ’
1426 1087 1483 1144 ὃν
1539 1088 1602 1143 τὸ
1644 1092 1752 1144 τῶν
1795 1083 2059 1145 Ἰουδαίων

401 1164 546 1256 ἔνθος
575 1173 712 1230 κατὰ
770 1181 862 1232 τοῦ
915 1181 1096 1233 κοινοῦ
1143 1180 1393 1255 Σωτῆρος
1450 1176 1544 1241 τὰς
1599 1181 1698 1243 τῆς
1758 1174 2060 1256 μιαιφονίας

399 1255 556 1316 ἐκίνει
582 1261 886 1342 καταιγίδας
915 1266 1004 1322 καὶ
1033 1267 1124 1322 τὸν
1154 1265 1394 1346 τάραχον
1428 1285 1443 1300 ο
1503 1264 1616 1322 εἴτε
1643 1268 1733 1324 καὶ
1760 1268 1788 1323 6
1817 1255 1913 1330 τὰς
1943 1286 2058 1321 σω-

399 1351 630 1423 ματικὰς
660 1355 928 1425 αἰσθήσεις
973 1361 1040 1432 τῇ
1069 1363 1162 1415 τοῦ
1189 1355 1342 1436 ἀέρος
1377 1355 1461 1412 ἐπὶ
1489 1357 1551 1413 τὸ
1580 1354 1849 1436 κρυμῶδες
1879 1377 2060 1435 παρα-

400 1435 582 1497 λυπῶν
638 1442 932 1521 μεταϐολῇ,
998 1443 1193 1523 Γέγονε
1251 1435 1350 1522 γὰρ
1414 1443 1502 1518 δὴ,
1555 1435 1742 1524 γέγονε
1796 1446 1885 1502 καὶ
1941 1442 2057 1502 καθ’

399 1527 543 1604 ἡμᾶς
573 1535 782 1612 χειμὼν
813 1537 917 1616 οὐχ
947 1537 975 1592 6
1003 1535 1211 1615 τυχὼν,
1257 1533 1396 1590 ἀλλὰ
1423 1535 1502 1611 τῷ
1543 1535 1653 1591 ὄντι
1682 1540 1782 1604 τῆς
1815 1533 2058 1614 μεγάλης

399 1618 587 1685 κακίας
633 1621 839 1703 ἐκχέων
869 1624 968 1691 τὴν
996 1623 1276 1700 ὠμότητα,
1313 1620 1460 1680 Ἀλλ’
1513 1621 1740 1692 ἤνθησεν
1770 1625 1908 1700 ἡμῖν
1949 1629 2056 1680 τῶν

402 1709 638 1788 χαρίτων
667 1719 761 1770 τοὺ
791 1720 920 1770 Θεοῦ
949 1713 1010 1770 τὸ
1072 1711 1454 1793 πρωτοκαίριον
1510 1711 1621 1793 ἔαρ,
1682 1713 1737 1769 ἐν
1779 1717 1824 1789 ᾧ
1870 1714 1931 1770 τὸ
1959 1712 2052 1768 εύ-

2141 653 2299 728 tans,
2317 642 2373 699 in
2395 639 2796 704 novitatevita:
2825 640 3136 705 ambulare
3159 643 3463 724 praecipit:
3492 651 3574 720 et,
3596 644 3674 709 Si
3694 663 3818 728 qua

2139 729 2207 788 in
2231 727 2468 792 Christo
2482 747 2637 792 nova
2655 737 2962 806 creatura,
2988 734 3377 796 renovamini
3408 733 3459 796 9.
3497 727 3714 796 Domin
3721 735 3818 798 ica

2139 823 2335 878 autem
2363 818 2599 899 eloquia
2635 820 2986 900 prophetico
3028 839 3198 884 more
3227 820 3538 885 declarant
3569 843 3582 886 :
3620 825 3811 887 Facta

2139 913 2286 970 sunt
2305 907 2600 971 Encamia
2627 908 3092 991 Hierosolymis,
3127 917 3186 974 et
3211 911 3401 974 hiems
3435 919 3569 974 erat
3589 913 3661 990 3;
3691 913 3818 976 sive

2137 994 2328 1058 hiems
2347 997 2698 1076 spiritualis,
2726 1017 2846 1079 qua
2865 1016 3012 1076 gens
3023 997 3056 1061 J
3062 998 3372 1062 udaaorum
3389 1001 3808 1081 sanguinarias

2139 1088 2522 1167 tempestates
2555 1094 2615 1150 et
2645 1089 2966 1150 tumultum
3018 1097 3232 1151 contra
3263 1108 3646 1154 communem
3682 1089 3819 1154 Sal-

2139 1182 2408 1236 vatorem
2440 1176 2856 1239 commovebat
2891 1198 2908 1253 ;
2968 1177 3093 1240 sive
3143 1179 3340 1241 hiems
3390 1179 3513 1252 illa,
3550 1199 3681 1261 quae
3714 1199 3823 1260 per

2143 1265 2684 1328 commutationem
2720 1265 2877 1328 aeris
2928 1267 2989 1327 in
3039 1265 3227 1346 frigus
3256 1287 3580 1349 corporeos
3603 1287 3823 1333 sensus

2145 1351 2353 1415 dolore
2387 1353 2594 1416 afficit.
2628 1352 2768 1417 Fuit
2799 1355 3031 1436 utique,
3064 1355 3176 1417 fuit
3221 1365 3280 1418 et
3310 1365 3516 1419 nostro
3550 1367 3822 1438 tempore

2144 1441 2340 1504 hiems
2369 1462 2490 1504 non
2521 1441 2865 1524 mediocris,
2883 1444 2990 1506 sed
3009 1463 3141 1526 quae
3165 1444 3424 1524 ingentis
3440 1445 3677 1508 malitiae
3690 1466 3821 1510 cru-

2143 1530 2448 1594 delitatem
2473 1532 2746 1596 effundit.
2783 1531 2903 1596 Sed
2933 1533 3194 1596 efﬂoruit
3222 1533 3397 1596 nobis
3423 1553 3530 1617 per
3551 1535 3658 1598 Dei
3683 1555 3820 1616 gra-

2141 1618 2282 1680 tiam
2318 1621 2575 1700 primum
2608 1639 2806 1684 vernae
2861 1621 3238 1703 tempestatis
3293 1629 3554 1703 tempus,
3595 1623 3657 1686 in
3695 1643 3813 1706 quo

2136 1709 2211 1772 ad
2235 1711 2560 1789 gratiarum
2586 1710 2888 1772 actionem
2907 1713 3030 1775 Deo
3045 1730 3151 1792 pro
3172 1711 3604 1774 beneﬁciorum
3624 1733 3822 1778 messe

403 1802 747 1880 χαριστήριον
778 1803 881 1859 τῶν
911 1801 994 1860 ἐπ’
1046 1802 1269 1882 ἀγαθοῖς
1319 1805 1578 1882 θερισμῶν
1628 1807 1707 1879 τῷ
1736 1809 1852 1879 Θεῷ
1894 1825 2052 1860 συνε-

2147 1799 2506 1862 reddendam
2537 1801 2878 1880 congregati
2937 1819 3168 1878 sumus,
3231 1808 3298 1862 ut
3343 1803 3815 1881 congruentiore

400 1886 699 1966 ληλύθαμεν
747 1895 1091 1972 ποιήσασθαι,
1155 1893 1230 1955 ὡς
1283 1888 1344 1948 ἂν
1407 1893 1638 1974 φαίημεν
1698 1891 2050 1969 ψαλμικώτε-

2135 1889 2314 1951 modo
2340 1890 2714 1952 Psalmorum
2739 1889 2892 1952 illud
2944 1889 3356 1972 proferremus
3383 1910 3398 1952 :
3430 1891 3733 1956 jEstatem
3765 1901 3822 1957 et

403 1999 492 2055 ρον
526 1997 540 2014 ·
584 2003 612 2034 α
668 1980 829 2062 Θέρος
883 1983 971 2038 καὶ
1027 1979 1118 2062 ἔαρ
1175 1982 1237 2038 σὺ
1284 1979 1520 2045 ἔπλασας
1577 1983 1728 2063 αὒτὰ,
1789 1983 2050 2058 μνήσθητι

2147 1995 2242 2041 ver
2271 1987 2335 2042 tu
2362 1980 2690 2059 psalmasti
2717 1997 2817 2056 ea,
2853 1997 3094 2042 memor
3127 1987 3251 2043 esto
3282 1981 3466 2058 huius
3496 1983 3550 2046 4.
3583 1981 3821 2046 Etenim

400 2067 618 2136 ταύτης.
655 2088 684 2129 ι
733 2072 834 2129 Καὶ
878 2071 978 2151 γὰρ
1026 2072 1148 2134 τοὺς
1205 2067 1555 2134 ὸνειδίσαντας
1611 2072 1794 2151 Κύριον
1829 2071 2050 2152 ἐχθροὺς

2147 2068 2406 2131 inimicos
2431 2069 2682 2133 Domino
2708 2070 3160 2150 exprobrantes,
3196 2077 3255 2132 et
3278 2079 3552 2133 sanctam
3583 2071 3811 2135 adora-

403 2159 490 2215 καὶ
518 2159 616 2226 τὴν
657 2160 842 2217 τούτου
897 2161 1048 2240 ἁγίαν
1105 2160 1461 2240 προσκύνησιν
1519 2159 1575 2215 ἐν
1633 2159 1807 2238 ἁγίαις
1857 2161 2054 2218 εἰκόσιν

2147 2158 2365 2226 tionem
2399 2159 2513 2240 ipsi
2543 2159 2605 2220 in
2639 2159 2825 2223 sacris
2871 2157 3238 2239 imaginibus
3267 2159 3672 2223 exhibendam
3717 2163 3818 2224 in-

404 2244 840 2330 έξατιμάσαντας,
905 2249 1220 2329 ἐπαρθέντας
1304 2270 1363 2305 τε
1433 2250 1522 2306 καὶ
1583 2249 1884 2324 ὑψωθέντας
1940 2263 2058 2314 τοῖς

404 2335 789 2415 δυσσεϐήμασιν
857 2338 1165 2418 κατέῤῥαξεν
1234 2337 1421 2402 αὖτοὺς
1493 2341 1521 2395 6
1590 2344 1695 2395 τῶν
1750 2340 2058 2396 θαυπασίων

404 2428 534 2492 Θεὸς
592 2429 680 2485 καὶ
739 2435 830 2486 τοῦ
881 2435 980 2496 τῆς
1037 2427 1358 2491 ἀποστασίας
1414 2427 1755 2509 φρυάγματος
1811 2427 2056 2496 κατηδά-

403 2540 577 2599 φισεν,
639 2519 754 2580 οὐδὲ
799 2518 1018 2599 παρεῖδε
1070 2525 1169 2588 τῆς
1215 2523 1399 2599 φωνῆς
1454 2524 1560 2574 τῶν
1614 2519 1863 2595 βοώντων
1922 2521 2059 2598 πρὸς

406 2611 561 2668 αὐτόν
599 2627 613 2641 ·
691 2633 720 2665 ι
801 2611 1098 2680 Μνήσθητι,
1185 2608 1362 2688 Κύριε,
1449 2616 1542 2667 τοῦ
1597 2605 1899 2684 ὀνειδισμοῦ
1955 2613 2060 2666 τῶν

403 2698 600 2756 δούλων
643 2721 757 2774 σου,
817 2701 877 2758 οὗ
931 2697 1172 2779 ὑπέσχον
1228 2698 1283 2754 ἐν
1353 2698 1431 2772 τῷ
1497 2695 1683 2771 κόλπῳ
1755 2718 1857 2773 μου
1913 2695 2054 2755 πολ-

404 2789 511 2847 λῶν
567 2789 748 2866 ἐθνῶν,
812 2791 874 2848 οὗ
953 2785 1224 2845 ὠνείδισαν
1309 2789 1356 2844 οἱ
1441 2787 1626 2867 ἐχθροί
1685 2806 1803 2862 σου,
1881 2787 2057 2867 Κύριε,

405 2883 466 2938 οὗ
517 2878 786 2937 ὠνείδισαν
859 2880 920 2936 τὸ
1000 2876 1350 2956 ἀντάλλαγμα
1408 2887 1500 2937 τοῦ
1557 2884 1784 2956 Χριστοῦ
1845 2899 1962 2938 σου.
2023 2899 2051 2932 n

2138 2246 2526 2318 honorantes,
2555 2248 2657 2331 qui
2674 2248 2734 2309 in
2758 2247 3168 2328 impietatibus
3193 2248 3318 2310 suis
3337 2267 3469 2310 esse
3484 2250 3824 2313 etferebant

2142 2344 2201 2398 et
2233 2337 2688 2418 superbiebant,
2724 2336 3021 2416 confregit
3075 2337 3182 2401 ille
3215 2337 3588 2401 mirabilium
3621 2341 3824 2421 opifex

2149 2429 2314 2490 Deus
2345 2436 2404 2490 et
2438 2445 2472 2489 a
2523 2426 2881 2490 defectionis
2935 2426 3178 2489 fremitu
3235 2427 3593 2507 deturbavit,
3627 2449 3826 2512 neque

2145 2516 2422 2598 deSpexit
2451 2535 2659 2579 vocem
2689 2517 3073 2579 clamantium
3103 2516 3178 2579 ad
3229 2536 3293 2580 se
3327 2535 3341 2580 ε
3405 2519 3640 2585 Memor
3667 2527 3820 2598 esto,

2145 2605 3069 2688 Domine,opprobriiservorum
3081 2609 3517 2689 tuorum,quod
3531 2611 3816 2672 continui

2144 2697 2366 2760 insilia
2378 2696 2882 2772 meo,~multarum
2893 2696 3206 2775 gentium;
3219 2699 3386 2778 quod
3403 2699 3816 2779 exprobrave-

2144 2793 2288 2850 rnnt
2336 2788 2578 2850 inimici
2611 2787 2725 2861 tui,
2769 2787 3041 2862 Domine,
3073 2787 3232 2868 quod
3271 2789 3815 2869 exprobrauerunt

2144 2878 2681 2941 commutationem
2741 2877 2973 2939 Christi
2997 2877 3088 2939 tui
3108 2878 3162 2938 5.
3192 2877 3591 2940 Commutatio
3622 2886 3819 2942 autem

408 2966 786 3047 Ἀντάλλαγμα
850 2965 894 3023 δ’
942 2965 1005 3025 ἂν
1063 2966 1175 3024 εἶεν
1219 2973 1313 3024 τοῦ
1360 2967 1686 3054 Χριστοῦῗοὶ
1741 2972 1825 3054 τῷ,
1865 2964 3819 3054 θανατῳοΟιιι-ἱειίΐυθτίηιἱὶίιυίωοτῐεεῇιιετοόθῐῃριὶδιιηι,θεοτθς

404 3060 559 3115 αὒτοῦ
615 3055 1050 3137 ἐξαγορασθέντες
1125 3057 1216 3112 καὶ
1293 3053 1704 3115 πεπιστευκότες
1776 3053 1918 3128 αύτῷ
1981 3050 2060 3108 διά

2150 3056 2433 3119 diderunt
2449 3060 2500 3119 ei
2520 3054 2886 3138 perverbum
2899 3050 3818 3140 praedicationisetperimaginis

402 3169 459 3204 τε
513 3146 676 3228 λόγου
727 3144 1096 3226 ἀνακηρύξεως
1153 3146 1242 3201 καὶ
1301 3147 1566 3212 είκονικῆς
1620 3143 2011 3206 ἀνατυπώσεως
2045 3159 2059 3174 ⁸

2149 3148 2280 3228 ejus
2309 3145 2931 3227 repraesentationem;
2967 3163 3078 3226 per
3105 3163 3238 3227 quae
3269 3165 3551 3227 magnum
3581 3165 3816 3213 oecono-

403 3235 470 3294 δι’
496 3240 571 3293 ῶν
600 3239 662 3294 τὸ
720 3235 859 3315 μέγα
915 3241 1012 3303 τῆς
1071 3234 1370 3311 οἰκονομίας
1428 3233 1581 3313 ἔργον
1631 3244 1750 3296 τοῖς
1781 3230 2056 3311 λελυτρω-

2151 3236 2284 3298 miae
2313 3254 2463 3318 opus
2491 3255 2527 3298 a
2582 3234 2911 3316 redemptis
2969 3238 3364 3313 cognostitur,
3433 3255 3541 3318 per
3571 3255 3815 3300 crucem

405 3326 582 3402 μένοις
647 3326 1076 3406 ἐπιγινώσκεται,
1141 3323 1225 3380 διὰ
1280 3331 1502 3404 σταυροῦ
1550 3344 1608 3380 τε
1651 3323 1740 3378 καὶ
1796 3327 1904 3378 τῶν
1962 3322 2060 3400 πρὸ

2151 3324 2385 3387 scilicet
2403 3343 2473 3387 ac
2497 3343 2605 3405 per
2627 3323 2936 3405 passiones
2962 3330 3022 3386 et
3046 3323 3336 3388 miracula
3356 3342 3490 3406 quas
3511 3332 3570 3388 et
3591 3333 3731 3389 ante
3760 3334 3822 3390 et

405 3425 499 3475 τοῦ
566 3424 786 3496 σταυροῦ
850 3416 938 3472 καὶ
995 3416 1129 3492 μετά
1186 3416 1277 3472 τὸν
1334 3415 1556 3492 σταυρὸν
1611 3415 1794 3469 παθῶν
1854 3432 1912 3467 τε
1969 3412 2060 3468 καὶ¹

2150 3422 2284 3495 post
2305 3432 2549 3476 crucem
2574 3412 2834 3476 exhibita
2856 3419 2994 3474 sunt
3019 3432 3036 3490 ;
3062 3429 3134 3476 ex
3176 3412 3397 3493 quibus
3420 3415 3549 3494 ejus
3583 3415 3815 3495 passio-

404 3505 684 3580 θαυμάτων
718 3524 732 3538 ·
778 3502 829 3570 ἐξ
880 3507 952 3561 ῶν
1005 3506 1094 3561 καὶ
1149 3505 1184 3572 ἡ
1227 3507 1334 3559 τῶν
1390 3506 1549 3562 αὐτοῦ
1591 3500 1924 3576 παθημάτων
1960 3500 2060 3576 μί-

2158 3522 2302 3566 num
2331 3503 2582 3564 imitatio
2606 3501 2681 3564 ad
2703 3500 3032 3582 apostolos,
3074 3500 3414 3583 deindeque
3433 3502 3506 3564 ad
3529 3511 3819 3586 martyres

409 3616 573 3672 μησις
620 3595 694 3658 εἰς
743 3593 1068 3658 ἀποστόλους
1112 3593 1314 3650 ἐκεῖθέν
1365 3613 1422 3648 τε
1481 3594 1555 3655 εἱς
1609 3590 1876 3671 μάρτυρας
1933 3587 2058 3646 δια-

404 3681 594 3758 ϐαίνει,
629 3684 716 3741 καὶ
749 3680 815 3740 δι’
858 3682 1029 3740 αὒτῶν
1089 3681 1282 3764 μέχρις
1339 3680 1692 3760 ὁμολογητῶν
1747 3681 1835 3736 καὶ
1885 3679 2068 3746 ἀσκη-

411 3778 519 3830 τῶν
560 3773 824 3834 κάτεισιν.

480 3862 673 3920 Τούτου
728 3861 898 3919 τοίνυν
958 3886 985 3918 α
1034 3872 1125 3922 τοῦ
1179 3860 1500 3938 ὁνειδισμοῦ,
1561 3861 1620 3918 ὃν
1674 3857 1945 3917 ὠνείδισαν
2009 3861 2058 3916 oi

401 3955 582 4038 ἐχθροὶ
639 3953 851 4035 Κυρίου,
909 3954 969 4010 ὃν
1051 3951 1322 4011 ὠνείδισαν
1400 3953 1461 4008 τὸ
1538 3948 1887 4028 ἀντάλλαγμα
1960 3955 2058 4007 τοῦ

404 4052 630 4124 Χριστοῦ
671 4048 831 4104 αὖτοῦ
877 4065 902 4101 »
965 4042 1302 4119 ἐπιμνησθεὶς
1361 4044 1390 4098 6
1434 4041 1564 4104 Θεὸς
1612 4040 1794 4116 ἡμῶν,
1856 4041 1886 4096 6
1941 4051 2062 4102 τοῖς

401 4135 548 4201 ἰδίοις
613 4133 951 4213 σπλάγχνοις
1028 4133 1116 4189 καὶ
1173 4144 1294 4195 ταῖς
1370 4141 1662 4209 μητρικατς
1724 4127 1883 4184 αὒτοῢ
1932 4125 2063 4198 δεή-

402 4247 546 4282 σεσιν
603 4221 1090 4298 ἐπικαμπτόμενος,
1152 4219 1228 4277 ἔτι
1286 4218 1342 4276 δὲ
1385 4220 1474 4276 καὶ
1529 4215 1917 4298 ἀποστολικαϊς
1973 4217 2062 4273 καὶ

402 4318 615 4375 πάντων
677 4314 864 4394 ἁγίων,
938 4315 990 4370 οἳ
1062 4307 1524 4389 συνεξυϐρίσθησαν
1584 4292 1728 4383 δινότῷ
1786 4308 1872 4363 καὶ
1929 4328 2062 4365 συν-

407 4401 824 4472 εξουδενώθησαν
878 4415 1002 4465 ταῖς
1061 4400 1280 4477 εἰκόσιν,
1354 4399 1449 4456 ’ίνα
1517 4397 1697 4476 ὥσπερ
1773 4395 2062 4454 συνέπαθον

405 4494 580 4574 σαρκὶ,
609 4490 775 4555 οὕτως
825 4489 924 4570 ἄρα
965 4493 1039 4556 ὡς
1098 4490 1266 4547 ἔοικεν
1325 4491 1413 4546 καὶ
1469 4501 1591 4553 ταῖς
1636 4488 1773 4544 κατά
1817 4491 1924 4542 τῶν
1986 4491 2068 4542 εἱ-

410 4584 578 4640 κόνων
658 4581 802 4656 αὒτῷ
881 4581 1378 4660 συγκοινωνήσωσιν
1458 4575 1689 4659 ὕϐρεσιν,
1774 4576 2069 4657 ἐνήργησεν

409 4673 626 4752 ὕστερον
682 4667 712 4726 ὅ
793 4691 852 4726 τε
927 4668 1240 4747 βεϐούληται
1319 4669 1576 4749 σήμερον,
1652 4666 1742 4723 καὶ
1819 4666 2069 4746 πέπραχε

411 4762 646 4842 δεύτερον
730 4757 860 4839 ὅπερ
949 4758 1156 4816 ἐτέλεσε
1236 4759 1516 4839 πρότερον.
1610 4757 1872 4837 Πρότερον
1958 4757 2062 4836 γὰρ

413 4851 550 4927 μετά
602 4847 837 4916 πολυετῆ
883 4869 1002 4905 τινα
1057 4848 1254 4930 χρόνον
1308 4853 1408 4915 τῆς
1465 4849 1570 4903 τῶν
1628 4845 1794 4925 ἁγίων
1850 4845 2067 4902 εἰκόνων

411 4937 764 5020 ἐκφαυλίσεως
820 4940 910 4996 καὶ
988 4938 1224 5018 ἀτιμίας,
1297 4935 1652 5016 ἐπανέστρεψε
1728 4935 1827 5003 τὴν
1906 4932 2063 4990 εὗσέ-

413 5028 560 5087 ϐειαν
617 5029 690 5092 εἰς
736 5028 918 5086 ἑαυτόν
953 5047 967 5061 ’
1014 5029 1123 5086 νυνὶ
1179 5025 1256 5102 δὲ,
1317 5025 1445 5106 ὅπερ
1503 5025 1612 5082 ἐστὶ
1665 5023 1929 5104 δεύτερον,
1965 5046 2063 5100 μι-

413 5128 541 5199 κροῦ
598 5117 734 5194 μετὰ
801 5114 1297 5197 τριακονταετηρίδα
1370 5115 1656 5178 κακώσεως
1710 5114 2065 5194 κατηρτίσατο

411 5221 532 5272 τοῖς
587 5203 815 5272 ἀναξίοις
882 5209 1018 5282 ἡμῖν
1078 5208 1178 5275 τὴν
1235 5211 1341 5263 τῶν
1399 5203 1672 5287 δυσχερῶν
1715 5203 2064 5283 ἀπαλλαγὴν,

410 5298 500 5355 καὶ
541 5302 650 5354 τῶν
691 5294 994 5354 λυπούντων
1062 5297 1163 5365 τὴν
1234 5294 1625 5375 ἀπολύτρωσιν,
1681 5295 1771 5352 καὶ
1813 5295 1914 5364 τὴν
1971 5295 2064 5351 εὖ·

410 5384 616 5449 σεϐείας
675 5385 774 5454 τὴν
830 5384 1166 5467 ἀνακήρυξιν,
1236 5387 1324 5443 καὶ
1393 5391 1492 5454 τῆς
1565 5387 1832 5453 εἶκονικῆς
1890 5406 2066 5463 προσ-

409 5477 682 5546 κυνήσεως
737 5476 838 5544 τὴν
893 5476 1211 5558 ἀσφάλειαν,
1285 5479 1374 5535 καὶ
1429 5477 1529 5545 τὴν
1586 5474 1760 5532 πάντα
1813 5473 2070 5555 φέρουσαν

410 5567 552 5644 ἡμῖν
594 5567 660 5623 τὰ
687 5567 924 5645 σωτήρια
952 5567 1164 5646 ἑορτήν.
1215 5567 1305 5625 Ἐν
1361 5567 1462 5648 γὰρ
1515 5578 1640 5631 ταῖς
1697 5565 1894 5623 εἰκόσιν
1924 5566 2068 5644 ὁρῶ-

491 5730 520 5775 ε
547 5725 600 5794 ΙΙ
630 5729 771 5795 Cor.
803 5743 864 5804 γ,
901 5728 998 5794 17.
1083 5729 1117 5779 5
1141 5726 1316 5792 Joan.
1351 5745 1414 5806 x,
1447 5725 1546 5794 22.

1633 5727 1666 5778 4
1694 5722 1848 5788 Psal.
1879 5739 2088 5803 Lxxm,
2128 5725 2221 5790 17.

2153 3592 2452 3668 transivit,
2483 3601 2539 3655 et
2560 3609 2667 3675 per
2690 3609 2795 3655 eos
2815 3608 3005 3673 usque
3041 3589 3116 3654 ad
3157 3591 3538 3655 confessores
3559 3599 3620 3654 et
3645 3611 3816 3658 asce-

2151 3689 2241 3746 tas
2271 3682 2553 3746 devoluta
2583 3689 2698 3746 est.

2227 3859 2417 3941 Hujus
2434 3860 2634 3942 itaque
2647 3857 2986 3940 opprobrii,
3009 3858 3172 3942 quod
3182 3861 3672 3941 improbaverunt
3695 3863 3818 3926 ini-

2145 3949 2735 4029 miciDomini,quod
2745 3949 3818 4030 exprobraueruntcommutationem

2145 4039 2376 4104 Christi
2410 4041 2564 4119 eius,
2600 4037 2949 4100 recordatus
2985 4037 3144 4101 Deus
3181 4047 3407 4115 noster,
3441 4040 3702 4122 propriis
3727 4043 3822 4104 vi-

2145 4123 2416 4190 sceribus
2438 4135 2497 4190 et
2517 4125 3646 4209 maternisiuflexussupplicationibus,
3676 4147 3823 4192 nec-

2146 4237 2266 4280 non
2295 4217 2636 4298 apostolicis
2667 4224 2726 4279 et
2774 4216 3046 4278 omnium
3102 4224 3451 4280 sanctorum
3507 4217 3814 4299 precibus,

2147 4306 2381 4389 quiuna
2394 4325 2528 4368 cum
2551 4306 2653 4369 illo
2676 4305 3058 4369 contumeliis
3083 4305 3275 4370 aﬂ‘ecti
3304 4314 3362 4368 et
3383 4306 3656 4388 despecti
3680 4316 3826 4370 sunt

2150 4395 2214 4456 in
2233 4395 2594 4475 imaginibus
2632 4393 2781 4472 suis,
2822 4401 2886 4455 ut
2927 4394 3080 4457 sicut
3121 4413 3301 4458 carne
3332 4397 3628 4477 compassi
3660 4405 3819 4473 sunt,

2150 4485 2233 4546 ita
2263 4493 2455 4566 utpar
2485 4490 2613 4546 erat
2642 4483 2704 4545 in
2736 4485 3235 4546 contumeliarum
3269 4504 3418 4566 quas
3451 4489 3510 4546 in
3539 4485 3822 4566 imagini-

2151 4573 2265 4637 bus
2298 4592 2506 4655 passus
2537 4580 2666 4635 erat
2715 4572 3085 4635 consortium
3144 4575 3438 4655 venirent,
3471 4573 3716 4636 demum
3751 4576 3812 4638 id
3915 4581 3920 4586 ’

2151 4671 2432 4746 operatus
2463 4671 2550 4724 est
2579 4662 2740 4743 quod
2775 4661 2956 4724 hodie
2985 4662 3294 4740 decrevit;
3331 4663 3512 4744 idque
3541 4665 3814 4728 secundo

2151 4753 2294 4817 fecit
2323 4751 2479 4834 quod
2509 4751 2674 4832 prius
2704 4746 3240 4814 consummaverat.
3267 4749 3440 4814 Prius
3458 4751 3621 4816 enim
3654 4761 3822 4834 post-

2153 4861 2330 4925 quam
2365 4841 2550 4903 multo
2584 4858 2880 4902 annorum
2913 4841 3216 4904 curriculo
3274 4849 3494 4904 sanctae
3525 4841 3821 4922 imagines

2149 4933 2447 5014 despectas
2467 4930 2952 4993 etinhonorantae
2969 4931 3228 5010 fuerant,
3248 4930 3531 5012 pietatem
3552 4950 3692 5011 erga
3705 4931 3822 4995 sei-

2151 5041 2319 5104 psum
2351 5019 2626 5083 reduxit:
2661 5039 2821 5098 nunc
2850 5027 3072 5097 autem,
3107 5020 3169 5084 id
3200 5028 3292 5083 est
3314 5020 3610 5098 secundo,
3642 5021 3822 5102 paulo

2151 5119 2284 5192 post
2299 5110 2538 5190 triginta
2559 5108 2904 5173 afﬂictionis
2942 5127 3137 5174 annos
3171 5108 3347 5173 nobis
3379 5109 3642 5188 indignis
3673 5129 3820 5192 pro-

2152 5200 2378 5264 curavit
2403 5217 2803 5263 aerumnarum
2837 5199 3288 5281 liberationem,
3324 5207 3384 5262 et
3413 5198 3820 5280 afﬂigentibus

2147 5289 2647 5372 redemptionem,
2683 5288 2797 5370 piae
2823 5288 3117 5352 doctrinae
3149 5289 3633 5371 praedicationem
3666 5289 3820 5352 ado-

2150 5380 2403 5445 rationis
2424 5378 2753 5460 imaginum
2777 5378 3187 5456 securitatem,
3213 5387 3273 5440 et
3302 5377 3505 5441 omnia
3524 5376 3699 5441 nobis
3731 5397 3823 5442 sa-

2153 5470 2372 5535 lutaria
2397 5470 2690 5532 ferentem
2713 5467 3182 5534 solemnitatem.
3197 5465 3641 5548 Inimaginibus
3658 5467 3820 5531 enim

2152 5561 2424 5626 videmus
2451 5557 2672 5624 Christi
2701 5559 3022 5638 cruciatus,
3055 5578 3207 5643 quos
3262 5577 3368 5642 pro
3398 5555 3576 5622 nobis
3602 5557 3816 5638 subiit,

2307 5723 2341 5774 5
2370 5719 2530 5787 Psal.
2562 5736 2846 5798 Lxxxvm,
2879 5719 2981 5800 51,
3014 5721 3116 5786 52.
