4176 6430
452 383 572 456 729

1216 395 1547 460 HOMILIA
1590 392 1672 460 IN
1713 393 1952 459 Ε’ΕὸΤο
1993 394 2591 460 RESTITUTIONIS
2633 392 3056 460 IMAGINUM.

3702 372 3826 448 730

442 530 630 610 ταῦτα,
703 526 891 607 γέγονε
959 525 1015 584 δὲ
1101 529 1258 610 κόρη,
1343 532 1431 587 καὶ
1513 528 1744 607 διαμένει
1803 529 1941 606 μετά
1993 529 2078 596 τὴε

2180 526 2392 592 fuissse
2421 537 2620 592 autem
2651 528 2813 591 illam
2853 526 3139 606 duellam,
3169 523 3652 604 remansisseque
3679 521 3820 610 post

443 605 760 692 θεογνωσίαν
815 617 884 694 (Ι.
939 605 1254 698 θεογονίαν)⁷
1278 618 1532 700 παρθένος
1567 605 1610 654 ⁸-
1655 622 1744 677 καὶ
1800 605 1886 676 διὰ
1943 627 2096 677 τοῦτο

443 701 648 778 μᾶλλον
719 705 884 786 κόρην
953 708 1118 776 αὐτὴν
1185 722 1306 774 τοῖς
1381 709 1705 787 εἷκονίσμασι
1761 707 2092 790 γραφόντων,

443 792 629 850 αἰωνία
657 795 693 864 ἡ
725 796 942 873 μνήμη.

525 887 642 941 Τῶν
689 885 785 948 τὰς
839 887 1176 968 προφητικὰς
1232 887 1441 968 ὁράσεις
1504 890 1579 952 ὣς
1636 887 1764 945 αὐτὸ
1817 887 1881 945 τὸ
1935 893 2094 944 Θεϊον

442 973 603 1037 αὐτὰς
652 972 982 1056 ἐσχημάτιζε
1036 979 1126 1034 καὶ
1182 978 1445 1059 διετύπου,
1497 976 1707 1036 εἰδότων
1759 978 1846 1034 καὶ
1893 974 2092 1034 ἀποδε-

440 1061 718 1144 χομένων,
789 1066 879 1122 καὶ
933 1066 1290 1125 πιστευόντων
1357 1067 1490 1147 ἅπερ
1561 1070 1589 1124 6
1644 1073 1750 1124 τῶν
1805 1065 2090 1146 προφητῶν

437 1154 604 1232 χορὸς
633 1155 926 1234 ἑωρακότες
969 1155 1295 1236 διηγήσαντο
1326 1173 1342 1190 ⁶
1403 1160 1492 1216 καὶ
1542 1160 1642 1226 τὴν
1698 1155 1782 1214 διὰ
1810 1162 1915 1213 τῶν
1946 1155 2088 1212 ἀπο-

436 1241 641 1327 στόλων
698 1246 784 1302 καὶ
844 1247 918 1310 εἰς
969 1246 1199 1327 πατέρας
1255 1246 1536 1318 διήκουσαν
1591 1246 1851 1327 ἔγγραφόν
1889 1266 1948 1300 τε
2001 1245 2089 1300 καὶ

435 1326 670 1416 ἔγραφον
701 1333 985 1415 παράδοσιν
1031 1326 1416 1418 κρατυνόντων,
1474 1339 1563 1395 καὶ
1591 1326 1677 1394 stat
1704 1341 1860 1394 τοῦτο
1890 1336 2086 1391 εἰκονι-

432 1425 630 1498 ζόντων
672 1426 740 1483 τὰ
782 1426 911 1505 ἅγια
939 1429 1028 1484 καὶ
1057 1428 1360 1503 τιμώντων,
1397 1429 1579 1486 αἷωνία
1621 1429 1657 1496 ἡ
1688 1428 1903 1504 μνήμη.

515 1521 631 1574 Τῶν
674 1515 953 1576 συνιέντων
998 1516 1232 1581 Μωσέως
1288 1515 1577 1582 λαλοῦντος
1612 1532 1626 1547 ·
1696 1536 1725 1576 ι
1784 1514 2086 1596 Προσέχετε

433 1605 667 1681 ἑαυτοῖς,
730 1605 812 1662 ὅτι
866 1611 934 1682 τῇ
987 1606 1163 1686 ἡμέρᾳ
1218 1611 1255 1686 ᾗ
1325 1606 1556 1676 ὲλάλησε
1628 1609 1814 1688 Κύριος
1872 1609 1900 1662 6
1954 1606 2084 1670 Θεὸς

431 1695 487 1752 ἐν
543 1693 742 1776 Χωρὴϐ
815 1694 900 1752 ἐπὶ
968 1702 1062 1752 τοῦ
1128 1694 1303 1778 ὅρους,
1375 1699 1557 1779 φωνὴν
1615 1697 1868 1775 ῥημάτων
1926 1696 2083 1771 ὑμεῖς

428 1783 714 1859 ἠκούσατε,
774 1787 1020 1862 ὁμοίωμα
1077 1784 1132 1842 δὲ
1199 1791 1294 1846 οὒκ
1349 1785 1518 1844 εἴδετε
1551 1803 1567 1818 ⁹
1641 1809 1670 1842 ››
1728 1787 1817 1843 καὶ
1871 1782 2084 1841 εἰδότων

429 1873 777 1953 ἀποκριθῆναι
809 1877 972 1956 ὀρθῶς
1007 1891 1021 1905 ⁸

428 1985 527 2039 μεν
556 1949 630 2026 ὧς
666 1966 694 2020 6
721 1969 819 2032 τῆς
842 1949 1078 2043 βροντῆς
1130 1967 1250 2029 Υἱὸς
1302 1949 1445 2041 ἡμᾶς
1499 1964 1721 2032 ἐδίδαξεν
1755 1982 1771 1996 ⁸
1838 1949 1886 2021 «ί
1925 1949 1988 2022 r'0
2016 1963 2081 2032 ἦν

426 2049 520 2110 ἀπ’
571 2052 774 2134 ἀρχῆς,
848 2055 877 2110 ὃ
941 2055 1276 2132 ἀκηκόαμεν,
1350 2056 1379 2111 ὃ
1437 2057 1770 2136 ἑωράκαμεν,
1829 2057 1858 2112 ὂ
1929 2055 2080 2112 ἐθεα-

426 2143 627 2219 σάμεθα
682 2157 802 2208 τοῖς
854 2143 1175 2226 ὀφθαλμοῖς,
1237 2146 1327 2214 καὶ
1397 2150 1447 2204 αἱ
1491 2161 1680 2229 χεῖρες
1733 2149 1890 2224 ἡμῶν
1946 2145 2080 2222 ἐψη-

422 2231 670 2313 λάφησαν
745 2235 862 2314 περὶ
940 2241 1034 2292 τοῦ
1113 2235 1275 2314 λόγου
1351 2242 1450 2304 τῆς
1532 2244 1701 2312 ζωῆς,
1762 2237 1850 2294 καὶ
1913 2245 2078 2296 ταῦτα

423 2328 786 2403 μαρτυροῦμεν
822 2339 836 2354 ’
891 2346 915 2382 ι
977 2326 1066 2381 καὶ
1116 2325 1275 2382 πάλιν
1336 2328 1410 2390 ὡς
1465 2331 1512 2384 οἱ
1562 2326 1714 2384 ἄλλοι
1768 2336 1862 2386 τοῦ
1906 2326 2077 2405 Λόγου

423 2412 656 2488 μαθηταί
689 2428 704 2444 ⁸
771 2415 860 2470 καὶ
928 2415 1288 2495 συνεφάγομεν
1357 2420 1520 2493 αὐτῷ,
1594 2418 1682 2474 καὶ
1739 2416 2075 2490 συνεπίομεν,

423 2502 483 2559 οῦ
524 2504 626 2580 πρὸ
669 2509 762 2560 τοῦ
809 2503 1004 2568 πάθους
1050 2504 1234 2585 μόνον,
1286 2504 1424 2563 ἀλλὰ
1478 2509 1566 2564 καὶ
1622 2507 1757 2583 μετὰ
1797 2507 1859 2564 τὸ
1913 2506 2077 2569 πάθος

422 2593 511 2650 καὶ
577 2593 677 2661 τὴν
743 2593 1033 2651 ἀνάστασιν
1069 2609 1084 2624 ⁹
1153 2602 1260 2652 τῶν
1329 2603 1456 2676 γοῦν
1526 2594 1848 2653 διαστέλλειν
1902 2595 2079 2653 θεόθεν

422 2680 828 2759 δυναμωθέντων
896 2683 996 2752 τὴν
1065 2683 1120 2740 ἐν
1187 2691 1264 2760 τῷ
1332 2687 1481 2762 νόμῳ
1557 2685 1916 2766 παραγγελίαν
1991 2687 2080 2741 καὶ

419 2772 519 2840 τὴν
551 2772 606 2829 ἐν
652 2773 834 2853 χάριτι
882 2771 1238 2846 διδασκαλίαν,
1285 2776 1374 2832 καὶ
1414 2777 1477 2832 τὸ
1531 2775 1715 2851 ἐκείνῳ
1771 2776 1868 2852 μὲν
1909 2775 2078 2858 ἀόρα-

417 2883 510 2919 τον
542 2861 597 2918 ἐν
625 2863 792 2940 ταύτῃ
835 2861 890 2919 δὲ
930 2865 1018 2920 καὶ
1063 2866 1250 2944 ὁρατὸν
1295 2865 1382 2921 καὶ
1433 2863 1752 2945 ψηλαφητόν
1787 2883 1801 2896 ·
1851 2865 1938 2920 καὶ
1995 2861 2080 2920 διὰ

415 2961 571 3012 τοῦτο
600 2953 668 3010 τὰ
711 2951 963 3032 ὁραθέντα
1013 2953 1101 3011 καὶ
1150 2952 1533 3034 ψηλαφηθέντα
1563 2953 2076 3036 εἰκονογραφούντων

413 3043 501 3100 καὶ
528 3044 982 3123 προσκυνούντων,
1015 3044 1200 3101 αίωνία
1226 3045 1262 3114 ἡ
1294 3045 1507 3121 μνήμη,

502 3222 675 3305 (1)οἱ
713 3229 984 3304 προφῆται
1031 3227 1106 3289 ὡς
1161 3223 1328 3301 ε’ίδον,
1378 3228 1426 3282 οἱ
1486 3223 1775 3283 ἀπόστολοι
1833 3227 1906 3288 ὡς
1963 3221 2074 3280 ἐδί-

422 3309 601 3385 δαξαν,
632 3314 668 3381 ἡ
717 3311 1010 3380 Ἐκκλησία
1065 3316 1140 3378 ὡς
1183 3311 1501 3396 παρέλαϐεν,
1561 3317 1607 3371 οἳ
1665 3312 1968 3371 διδάσκαλοι
1999 3315 2074 3376 ὡς

422 3399 790 3480 ξδογμάτισαν,
872 3404 908 3471 ἡ
991 3403 1274 3481 οἰκουμένη
1360 3406 1434 3468 ὡς
1503 3408 1962 3485 ωμπεφρόνηκεν,
2038 3403 2072 3472 ἡ

423 3491 582 3571 χάρις
640 3493 713 3554 ὡς
766 3490 1030 3572 ἔλαμψεν,
1089 3494 1125 3562 ἡ
1184 3491 1405 3564 ἀλήθεια
1461 3495 1535 3558 ὡς
1590 3491 1979 3567 ἀποδέδεικται,
2011 3492 2072 3548 τὸ

423 3575 612 3655 ψεῦδος
667 3581 740 3644 ὡς
795 3578 1154 3661 ἀπελήλαται,
1211 3582 1247 3650 ἡ
1290 3583 1446 3663 σοφία
1501 3584 1574 3648 ὡς
1621 3580 2065 3661 ὲπαρῤησιάσατο,

421 3672 450 3727 6
523 3670 747 3750 Χριστὸς
805 3672 879 3734 ὡς
930 3667 1240 3750 ἐϐράϐευσεν
1274 3689 1290 3707 ’
1374 3671 1510 3730 οὕτω
1561 3682 1874 3754 φρονοῦμεν,
1933 3670 2070 3728 οὕτω

419 3757 703 3844 λαλοῦμεν,
777 3759 917 3844 οὕτω
967 3761 1324 3844 Δκηρύσσομεν
1381 3765 1604 3844 Χριστὸν
1659 3764 1768 3844 ,τὸν
1821 3763 2073 3831 ἀληθινὸν

419 3842 548 3898 Θεὸν
591 3842 748 3917 ἡμῶν
788 3841 1024 3905 καὶτοὺς
1085 3841 1244 3903 αὐτοῦ
1285 3841 1487 3922 ἁγίους,
1547 3843 1599 3902 ἒν
1657 3843 1836 3924 λόγοις
1864 3849 2074 3922 τιμῶν-

416 3952 530 4007 τος,
604 3930 658 3988 ἒν
717 3944 1075 4011 συγγραφαῖς,
1133 3931 1189 3989 ὲν
1275 3934 1562 4011 νοήμασιν,
1619 3933 1672 3991 ἐν
1742 3936 1967 4014 θυσίαις,
2020 3933 2076 3990 ἐν

415 4033 594 4096 ναοῖς,
628 4020 684 4077 ὲν
726 4021 1052 4098 εἶκονίσμασι
1085 4041 1103 4060 ⁸
1159 4024 1252 4079 τὸν
1308 4025 1406 4100 μὲν
1461 4027 1535 4090 ὡς
1568 4025 1698 4081 Θεὸν
1742 4027 1830 4082 καὶ
1862 4024 2074 4081 Δεσπό-⁹

413 4130 516 4176 την
577 4117 1017 4192 προσκυνοῦντες,
1075 4113 1196 4177 τοὺς
1253 4110 1308 4169 δὲ
1351 4113 1436 4170 διὰ
1490 4115 1582 4172 τὸν
1637 4116 1814 4172 κοινὸν
1865 4114 2076 4171 Δεσπό-

415 4220 517 4265 την
588 4202 677 4257 καὶ
746 4202 820 4264 ὡς
877 4203 1034 4260 αὐτοῦ
1103 4205 1352 4282 γνησίους
1411 4205 1733 4285 θεράποντας
1787 4210 2072 4281 τιμῶντες,

417 4288 508 4344 καὶ
589 4290 690 4358 τὴν
767 4289 905 4347 κατὰ
981 4290 1172 4372 σχέσιν
1247 4294 1604 4372 προσκύνησιν
1692 4293 2076 4370 ἀπονέμοντες,

421 4376 567 4446 Αὕτη
615 4379 650 4446 ἠ
705 4379 880 4444 πίστις
935 4386 1041 4437 τῶν
1097 4379 1435 4458 ἀποστόλων,
1488 4382 1621 4451 αὕτη
1678 4385 1714 4454 ᾗ
1771 4383 1946 4449 πίστις
1974 4388 2079 4441 τῶν

2179 618 2285 682 Dei
2314 628 2539 700 partu'n
2572 618 2860 698 virginem
2889 638 2905 694 ;
2937 615 3159 698 quique
3195 621 3514 695 propterea
3561 606 3820 700 illamin

2175 697 2533 792 imaginibus
2565 697 2824 792 puellam
2855 697 3206 790 depingunt,
3239 712 3461 768 aeterna
3505 697 3815 764 memoria.

2257 889 2474 953 Eorum
2508 889 2608 972 qui
2639 887 3020 972 propheticas
3048 887 3333 958 visiones,
3369 883 3430 946 ul
3451 882 3644 972 ipsum
3673 877 3816 941 divi-

2175 999 2316 1044 num
2349 971 2570 1043 numen
2603 971 2705 1044 eas
2741 977 3086 1041 eﬁ‘ormabat
3117 985 3174 1039 et
3203 973 3510 1055 ﬁgurabat,
3526 971 3721 1032 sicunt
3748 986 3818 1030 ac

2173 1071 2492 1153 recipiunt;
2525 1078 2582 1132 et
2611 1069 2861 1132 credunt
2891 1086 2961 1130 ea
2988 1085 3118 1148 quae
3145 1065 3567 1147 prophetarum
3597 1059 3818 1120 chorus

2172 1159 2247 1222 ab
2279 1179 2344 1223 se
2373 1161 2496 1222 visa
2526 1158 2864 1235 enarravit;
2898 1164 2956 1219 et
2983 1155 3084 1238 qui
3117 1153 3495 1217 traditionem
3531 1167 3637 1232 per
3663 1166 3810 1229 apo-

2173 1251 2359 1314 stolos
2381 1250 2442 1311 in
2475 1252 2681 1313 Patres
2709 1247 3041 1318 derivitam,
3074 1245 3197 1308 sive
3229 1243 3514 1323 scriptam
3547 1239 3672 1301 sive
3693 1255 3815 1298 non

2170 1341 2452 1422 scriptam
2486 1339 2899 1420 corroborant,
2921 1343 2982 1399 et
3007 1335 3140 1398 ideo
3162 1343 3365 1397 sancta
3386 1349 3494 1415 per
3516 1329 3810 1410 imagines

2168 1419 2596 1511 repraesentant
2627 1435 2686 1492 et
2715 1419 3034 1503 honorant,
3068 1432 3290 1486 aeterna
3319 1419 3629 1483 memoria.

2251 1507 2470 1582 Eorum
2501 1519 2600 1601 qui
2633 1518 2969 1597 intelligunt
2999 1518 3252 1596 Moysem
3286 1515 3666 1601 loquentem:
3695 1507 3812 1570 At-

2169 1612 2394 1674 tendite
2420 1599 2875 1689 vobismetipsis,
2908 1608 3054 1687 quia
3075 1623 3148 1668 ea
3169 1605 3289 1683 die,
3325 1619 3444 1681 qua
3474 1599 3702 1663 locutus
3725 1601 3815 1660 est

2166 1699 2469 1762 Dominus
2502 1701 2663 1761 Deus
2690 1699 2757 1760 in
2788 1694 3019 1757 Choreb
3055 1710 3244 1773 supra
3283 1696 3569 1762 montem,
3604 1703 3810 1749 vocem

2165 1806 2492 1852 vervorum
2507 1806 2608 1850 vos
2630 1787 2973 1860 audivistis,
2997 1781 3461 1846 similitudinem
3472 1784 3674 1840 autem
3691 1791 3813 1837 non

1073 1878 1130 1934 Εἰ
1185 1875 1240 1932 δὲ
1296 1875 1510 1952 εἴδομέν
1567 1900 1618 1934 τι
1676 1875 1895 1950 ἀληθὲς,
1925 1871 2078 1956 εἴδο-

2165 1879 2408 1940 vidistis
2434 1878 2502 1953 7;
2549 1876 2862 1956 sciuntque
2917 1880 3050 1953 apte
3088 1865 3586 1956 respondere:Si
3614 1873 3810 1956 autem

2164 1966 2468 2048 quidpiam
2500 1953 2930 2041 vidimus—veri,
2953 1962 3212 2023 vidimus
3241 1958 3444 2040 utique
3475 1955 3631 2019 sicut
3654 1953 3812 2048 ﬁlius

2163 2043 2546 2136 tonitruit’nos
2573 2055 2776 2118 docuit
2809 2076 2821 2115 :
2861 2053 3026 2127 Quod
3053 2057 3184 2113 erat
3213 2049 3290 2112 ab
3308 2047 3504 2120 initio,
3523 2043 3682 2126 quod
3701 2059 3808 2105 au-

2162 2148 2448 2228 divimus,
2482 2147 2640 2228 quod
2666 2145 2954 2219 vidimus,
2990 2141 3150 2222 quod
3183 2136 3574 2228 contemplati
3600 2151 3808 2228 sumus

2159 2236 2372 2313 oculis,
2396 2222 2678 2300 etmanus
2706 2241 2931 2297 nostra:
2955 2235 3486 2295 contreclaverunt
3519 2226 3593 2289 de
3625 2222 3803 2288 verbo

2159 2322 3019 2404 vitaa,ethazetestiﬁramur8;
3051 2339 3122 2382 ac
3151 2335 3386 2380 rursum
3418 2325 3482 2377 ut
3511 2315 3612 2378 alii
3635 2313 3817 2404 disci-

2163 2417 2288 2498 puli
2319 2415 2526 2496 Verbi,
2560 2421 2620 2476 et
2649 2403 2766 2475 una
2797 2410 3284 2474 manducavimus
3310 2415 3370 2469 et
3398 2423 3518 2469 una
3547 2403 3810 2466 bibimus

2161 2492 2298 2568 cum
2323 2505 2448 2580 illo,
2474 2492 2594 2565 non
2617 2503 2807 2566 solum
2826 2509 2964 2564 ante
2987 2500 3320 2581 passionem
3347 2504 3412 2559 et
3424 2492 3812 2557 resurrectio-

2160 2613 2324 2668 nem,
2348 2593 2453 2657 sed
2477 2595 2654 2656 etiam
2679 2599 2810 2672 post
2831 2590 3168 2672 passionem
3195 2596 3254 2650 et
3274 2583 3807 2661 resurrectionem;

2164 2703 2394 2759 eorum,
2418 2685 2684 2766 inquam,
2710 2682 2811 2763 qui
2835 2680 3114 2742 divinitus
3157 2677 3526 2756 distinguere
3565 2680 3814 2756 possunt

2162 2774 2313 2854 legis
2336 2763 2695 2855 pratcéptum
2727 2790 2758 2833 a
2790 2769 3061 2835 doctrina
3089 2767 3313 2848 gratiae,
3338 2774 3397 2827 et
3429 2763 3809 2855 invisibilita-

2162 2851 2283 2927 tein
2315 2851 2652 2945 quaelinfillo
2675 2858 3071 2922 avisibilitate
3113 2864 3174 2920 et
3216 2854 3496 2945 tangendi
3531 2851 3810 2945 facultate

2159 2972 2293 3036 quae
2322 2941 2883 3033 inhaereperitur;
2917 2957 2974 3011 et
2994 2948 3134 3010 ideo
3167 2944 3420 3008 visibilia
3452 2951 3511 3007 et
3540 2942 3648 3004 sub
3679 2941 3807 3003 fac-

2157 3033 2283 3106 tum
2316 3042 2590 3106 cadentia
2621 3039 2980 3118 imaginibus
3010 3033 3806 3120 repraesentantetadorant,

2094 3165 2135 3218 α
2157 3141 2383 3196 ωιθτηει
2418 3129 2733 3195 memoria.

2242 3223 2554 3305 Propheta;
2603 3227 2666 3282 ut
2723 3219 3020 3295 viderunt,
3071 3215 3322 3299 apostoli
3363 3224 3430 3276 ut
3481 3213 3803 3305 doceruut,

2158 3301 2428 3377 Ecclesia
2454 3320 2519 3373 ut
2547 3309 2800 3391 accepit,
2836 3309 3114 3371 doctores
3162 3314 3225 3369 ut
3253 3306 3612 3373 docuerunt,
3641 3301 3809 3391 orbis

2159 3413 2223 3466 ut
2253 3422 2369 3465 una
2403 3390 2734 3473 consensit,
2770 3398 2962 3477 gratia
2987 3405 3052 3460 ut
3075 3395 3318 3469 etfulsit,
3351 3393 3569 3458 veritas
3600 3400 3664 3453 ut
3695 3390 3809 3453 de-

2157 3498 2483 3556 monstrata
2503 3497 2612 3565 est,
2631 3488 3008 3552 mendacium
3031 3485 3415 3566 utexpulsum
3442 3490 3552 3558 est,
3578 3480 3812 3562 sapien-

2153 3585 2235 3646 tia
2259 3589 2324 3644 ut
2353 3580 2608 3643 ﬁdenter
2636 3579 2830 3640 locuta
2863 3585 2975 3657 est,
3010 3575 3279 3639 Christus
3321 3581 3382 3635 ut
3411 3571 3653 3654 praemia
3675 3570 3804 3632 dis-

2153 3671 2380 3747 tribuit,
2413 3669 2501 3731 sic
2528 3668 2841 3742 sentimus,
2862 3667 2948 3730 sic
2969 3663 3385 3747 loquimur,sic
3409 3660 3807 3744 pradicamus

2158 3761 2457 3825 Christum
2506 3774 2717 3822 verum
2761 3756 2946 3818 Deum
2995 3762 3264 3818 nostrum
3298 3761 3357 3814 et
3387 3757 3625 3814 sanctos
3656 3751 3809 3830 ejus,

2155 3850 2377 3926 verbis,
2399 3845 3157 3930 scﬁptis,jcogitationibus,
3176 3842 3514 3922 sacriﬁciis,
3541 3838 3804 3922 templis,

2158 3938 2519 4019 imaginibus
2538 3939 2908 3999 honorantes
2941 3956 2955 3998 :
2989 3935 3154 3998 illum
3190 3933 3431 4016 quidem
3454 3939 3519 3994 ut
3541 3933 3728 3992 Deum
3749 3937 3811 3992 et

2161 4029 2482 4092 Dominum
2507 4026 2849 4107 adorantes,
2882 4026 3017 4087 illos
3047 4043 3186 4087 vero
3237 4029 3482 4104 propter
3532 4039 3806 4084 commu-

2160 4138 2299 4183 nem
2330 4117 2650 4182 Dominum
2677 4123 3073 4197 ut'germanos
3096 4115 3224 4196 ejus
3247 4112 3500 4174 famulos
3517 4112 3813 4172 honoran-

2161 4219 2274 4284 tes,
2337 4215 2396 4270 et
2425 4207 2696 4287 Lrelative
2744 4206 2892 4288 ipsis
2943 4203 3358 4269 adorationem
3412 4201 3806 4264 ascribentes.

2162 4299 2300 4363 Haec
2331 4304 2420 4360 est
2451 4296 2600 4358 ﬁdes
2633 4295 3058 4378 apostolorum,
3094 4295 3216 4355 haec
3248 4301 3336 4355 est
3363 4291 3512 4352 ﬁdes
3542 4293 3808 4365 Patrum,

2162 4389 2290 4452 hac
2345 4395 2437 4449 est
2490 4385 2639 4448 ﬁdes
2685 4385 3191 4460 orthodoxorum,
3237 4382 3360 4444 haec
3408 4381 3558 4443 ﬁdes
3601 4378 3806 4441 orbem

426 4467 695 4546 Πατέρων,
754 4467 888 4536 αὕτη
957 4470 992 4538 ἡ
1071 4470 1246 4536 πίστις
1301 4478 1407 4529 τῶν
1463 4470 1772 4555 όρθοδόξων,
1844 4474 1980 4543 αὕτη
2036 4477 2072 4545 ἡ

2165 4478 2528 4542 sustentavit.

419 4557 594 4622 πίστις
623 4559 722 4628 τὴν
767 4558 1083 4635 οἰκουμένην
1125 4561 1414 4642 ἐστήριξεν.

500 4647 622 4707 Ἐπὶ
662 4648 870 4712 τούτοις
919 4648 1040 4713 τοὺς
1097 4655 1197 4718 τῆς
1241 4649 1504 4719 εὐσεϐείας
1558 4654 1793 4734 κήρυκας
1849 4652 2073 4736 ἀδελφι-

417 4747 526 4805 κῶς
556 4763 614 4798 τε
654 4742 742 4798 καὶ
798 4744 1232 4824 ποτροποθήτως,
1289 4747 1362 4810 εἰς
1418 4743 1569 4812 δόξαν
1621 4748 1710 4804 καὶ
1758 4747 1921 4823 τιμὴν
1970 4753 2072 4815 τῆς

417 4829 678 4894 εὒσεϐείας
748 4832 879 4912 ὑπὲρ
949 4834 1018 4900 ἧς
1087 4833 1415 4911 ἠγωνίσαντο
1483 4835 1910 4918 ἀνευφημοῦμεν,
1983 4839 2072 4894 καὶ

417 4919 645 4999 λέγομεν
680 4937 696 4954 ⁶
770 4926 1062 5000 Γερμανοῦ,
1130 4925 1412 5002 Ταρασίου,
1468 4925 1768 5006 Νικηφόρου
1821 4928 1909 4984 καὶ
1964 4934 2072 4983 Με-

415 5007 607 5084 θοδίου,
661 5013 770 5066 τῶν
831 5011 906 5074 ὡς
974 5009 1187 5078 ἀληθῶς
1246 5011 1540 5093 ἀρχιερέων
1600 5021 1756 5096 Θεοῦ,
1815 5017 1902 5072 καὶ
1969 5021 2069 5084 τῆς

418 5096 712 5178 ὀρθοδοξίας
793 5099 1094 5180 προμάχων
1178 5102 1266 5158 καὶ
1342 5099 1689 5179 διδασϐἀλων,
1772 5105 1955 5162 αἰωνία
2034 5108 2069 5175 ἡ

420 5188 638 5263 μνήμη.
1033 5250 1041 5255 .

500 5277 760 5357 Ἰγνατίου
789 5279 878 5335 καὶ
906 5278 1136 5354 Φωτίου,
1179 5286 1285 5338 τῶν
1313 5280 1647 5360 ἁγιωτάτων,
1678 5281 1961 5365 ὀρθοδόξων
1983 5286 2073 5343 καὶ

419 5365 675 5442 ἀοιδίμων
717 5374 1090 5448 πατριαρχῶν,
1136 5371 1319 5428 αἰωνία
1361 5371 1396 5439 ἡ
1441 5372 1656 5448 μνήμη.

499 5527 530 5576 7
563 5528 739 5594 Deut.
770 5545 848 5607 tv,
883 5503 981 5592 i5.
1067 5529 1101 5581 8
1129 5529 1351 5596 IJoan.
1383 5548 1425 5608 ι,
1461 5535 1522 5596 2.

2238 4655 2331 4718 Ad
2349 4654 2732 4734 haac'pietatis
2762 4652 3136 4734 praeconibus
3161 4651 3420 4713 fraterno
3440 4656 3810 4729 paternoque

2156 4745 2372 4808 affectu
2403 4743 2465 4805 in
2490 4743 2738 4824 gloriam
2765 4751 2826 4806 et
2853 4743 3143 4804 honorem
3176 4739 3412 4820 pietatis
3433 4758 3539 4820 pro
3567 4755 3680 4818 qua
3697 4738 3808 4799 de-

2155 4841 2483 4906 certarunt,
2539 4832 2957 4895 benedicimus
3014 4850 3082 4893 ac
3133 4830 3445 4893 dicimus:
3501 4826 3810 4903 Germani,

2154 4921 2406 4998 Tarasii,
2423 4920 2745 5003 Nicephori
2765 4930 2822 4984 et
2842 4919 3151 5001 Methodii,
3177 4919 3276 5002 qui
3298 4937 3438 4980 vere
3473 4916 3690 4979 summi
3719 4935 3808 4978 sa-

2153 5011 2430 5074 cordotes
2461 5010 2569 5073 Dei
2587 5011 2776 5086 fuere,
2821 5019 2997 5074 rectae
3046 5009 3186 5072 ﬁdei
3234 5013 3708 5091 propugnatores
3745 5013 3805 5068 et

2155 5103 2453 5178 doctores,
2493 5110 2720 5166 aeterna
2753 5101 3063 5164 memoria.

2236 5279 2447 5361 Ignatii
2491 5289 2550 5344 et
2589 5281 2814 5358 Pholii,
2852 5281 3385 5355 sanctissimorum,
3438 5277 3806 5340 orthodoxo-

2155 5386 2290 5432 rum
2311 5387 2381 5431 ac
2407 5370 2732 5434 celebrium
2746 5369 3222 5454 pariarcbarum,
3237 5378 3475 5433 aeternae
3492 5367 3807 5431 memoria.

504 5689 583 5769 (1)
613 5688 1401 5781 Ηφοιοὶιδηειιξ-ξρηξγηοάο
1429 5693 1536 5779 Cp.
1572 5693 1684 5758 sub
1715 5695 1928 5762 Alexio
1958 5699 2262 5766 Comneno
2293 5701 2446 5768 infra
2498 5701 2795 5781 exscripta
2841 5676 2912 5760 ex
2943 5695 3152 5761 codice
3179 5693 3429 5762 XXXVI
3461 5695 3548 5781 [et
3576 5712 3611 5756 a
3638 5693 3816 5761 nobis

415 5786 634 5865 recusa
663 5773 721 5837 in
747 5776 912 5836 torno
940 5772 1254 5858 CXXVII].
