4176 6392
379 372 492 438 731

385 607 443 662 et
470 602 864 665 orthodoxum
900 603 1391 685 patriarcharum,
1417 609 1638 664 aeterna
1671 600 1985 662 memoria.

463 689 676 754 Omnia
719 713 850 775 quae
897 703 1103 756 contra
1149 701 1384 756 sanctos
1423 692 1812 774 patriarchas,
1845 693 2030 754 Tara-

381 781 1001 866 sium,Nicephorum,
1032 783 1417 853 Methodium,
1446 782 1758 862 Ignatium,
1785 781 2032 862 Stepha-

383 890 550 947 num,
586 873 887 950 Photium,
925 873 1244 936 Antonium
1277 879 1335 936 et
1362 870 1666 934 Nicolaum
1689 871 1912 953 scripta
1933 877 2034 934 aut

383 963 543 1026 dicta
571 972 728 1040 sunt,
761 965 1079 1026 anathemu
1109 963 1251 1026 sint.

467 1053 684 1116 Omnia
712 1073 842 1134 qua:
873 1062 1086 1134 praeter
1123 1051 1590 1116 ecclesiasticam
1622 1050 2024 1124 traditionem,

384 1149 445 1206 et
463 1143 794 1206 doctrinam
823 1143 1418 1224 eXpIanationemque
1436 1149 1774 1204 sanctorum
1796 1149 1855 1204 et
1877 1139 2029 1202 cele-

384 1232 582 1296 brium
608 1236 847 1296 Patrum
870 1235 1168 1310 innovata,
1194 1241 1292 1294 aut
1313 1240 1483 1312 gesta
1510 1241 1612 1295 aut
1641 1232 1703 1293 in
1728 1240 2029 1313 posterum

383 1324 644 1405 garenda
676 1334 838 1398 sunt,
874 1325 1192 1387 anathema
1223 1323 1363 1386 sint.

463 1411 783 1492 Euthymii,
836 1413 1152 1495 Theophili
1203 1420 1262 1474 et
1319 1410 1644 1490 lEmiliani,
1703 1410 2030 1474 celebrium

385 1502 794 1565 conlessorum
826 1511 884 1566 et
915 1503 1448 1586 archiepiscorum,
1469 1509 1689 1565 aeterna
1711 1499 2034 1564 memoria.

387 1682 836 1764 Theophylacti,
873 1682 1060 1760 Petri,
1097 1681 1407 1747 Michaelis
1438 1687 1496 1744 et
1533 1679 1780 1761 Joseph,
1820 1679 2039 1742 beato-

389 1790 524 1834 rum
552 1772 1082 1855 Metropolitarum,
1114 1781 1340 1835 aeterna
1376 1771 1689 1833 memoria.

468 1862 742 1938 Joannis,
772 1861 1000 1925 Nicolai
1031 1871 1089 1925 et
1110 1861 1373 1941 Georgii,
1399 1867 1488 1922 ter
1516 1859 1776 1922 felicium
1808 1858 2038 1920 confes-

390 1970 590 2013 sorum
608 1951 1355 2033 etarchiepiscoporum,et
1368 1952 1630 2011 omnium
1647 1948 1747 2029 qui
1765 1948 2039 2027 ejusdem

390 2041 709 2104 sententiae
738 2042 978 2104 fuerunt
1009 2044 1447 2122 episcoporum,
1467 2046 1686 2100 aeterna
1725 2037 2034 2112 memoria,

475 2129 776 2192 Theodori
808 2130 1168 2192 sanctissimi
1200 2129 1524 2209 hegumeni
1554 2127 1781 2202 Studii,
1815 2141 2041 2188 ze‘erna

395 2221 705 2282 memoria.
764 2221 947 2283 lsaaci
993 2219 1439 2298 Thaumaturgi,
1485 2227 1542 2280 et
1569 2217 1863 2282 Joannicii
1901 2235 2040 2298 pro-

395 2310 630 2391 phetico
660 2310 874 2392 spiritu
905 2310 1257 2392 plenissimi,
1292 2317 1512 2372 aeterna
1539 2307 1847 2369 memoria.

473 2399 796 2464 Hilarionis
846 2401 1212 2463 sanctissimi
1258 2397 1736 2462 archimandritaa
1765 2405 1820 2459 et
1847 2397 2040 2475 hegu-

394 2491 554 2552 meni
598 2492 871 2568 Dalmati,
925 2499 1146 2554 aaterna
1195 2489 1503 2552 memoria.
1559 2487 1870 2569 Symeonis
1900 2503 2042 2547 san-

393 2581 644 2643 ctissimi
673 2581 926 2664 Stylataa,
963 2590 1188 2645 aeterna
1220 2579 1532 2642 memoria.

474 2671 855 2753 Theophanis
893 2669 1250 2733 sanctissimi
1293 2667 1614 2748 hegumeni
1656 2665 1849 2746 Magni
1879 2665 2040 2745 Agri,

397 2768 620 2824 reterna
649 2761 960 2823 memoria.

485 2850 892 2913 Conciliabqu
925 2849 1080 2931 quod
1097 2856 1301 2910 contra
1331 2845 1830 2924 sacrasjimagines
1857 2844 2046 2908 infre-

401 2938 573 3013 muit,
627 2940 967 3001 anathema.
1016 2938 1094 3001 Iis
1143 2937 1245 3018 qui
1289 2936 1446 2997 dicta
1495 2935 1817 3016 Scripturae
1858 2952 2046 2996 sacra:

1283 371 1704 442 MICHAELIS
1743 375 2163 438 CERULARII
2204 376 2319 438 ΟΡ.
2366 375 2885 440 ΡΑΤΗΙΑΒΟΗᾸΕ

462 508 768 590 Stephani,
804 513 1047 576 Antonii
1101 521 1159 574 et
1211 510 1461 585 Nicolai,
1512 510 2064 574 sanctissimorumi

2191 508 2457 588 Στεφάνου
2468 557 2481 582 ,
2540 505 2821 564 Ἀντωνίου
2907 512 2991 566 καὶ

3078 509 3363 589 Νικολάου,
3439 516 3548 566 τῶν
3608 509 3774 586 ἁγιω-

2111 598 2284 692 τάτέυν
2315 599 2402 653 καὶ
2431 596 2713 676 ὀρθοδόξων
2742 604 3108 679 πατριαρχῶν,
3144 601 3326 656 αἰωνία
3354 602 3388 668 ἡ
3429 600 3641 676 μνήμη.

2214 687 2431 743 Απαντα
2486 687 2551 742 τὰ
2608 687 2744 742 κατᾶ
2819 688 2925 744 τῶν
3006 689 3166 766 ἁγίων
3224 694 3592 768 πατριαρχῶν,
3653 696 3767 745 Τα-

2115 779 2314 856 ρασίου,
2352 777 2652 856 Νικηφόρου
2695 779 2783 834 καὶ
2813 777 3086 849 Μεθοδίου,
3142 777 3418 858 Ἰγνατίου,
3476 778 3763 858 Στεφάνου,

2112 866 2342 940 Φωτίου,
2377 863 2658 922 Ἀντωνίου
2688 867 2775 924 καὶ
2807 867 3070 926 Νικολάου
3098 869 3362 950 γραφέντα
3387 868 3424 938 ἢ
3447 865 3766 946 λαληθέντα,

2113 954 2370 1031 ἆναθεμα.

2195 1051 2428 1106 Ἀπαντα
2478 1048 2545 1105 τὰ
2593 1050 2736 1128 παρὰ
2791 1050 2890 1119 τὴν
2946 1050 3396 1120 ὲκκλησιαστικὴν
3453 1049 3762 1131 παράδοσιν,

2113 1138 2199 1194 καὶ
2253 1139 2350 1206 τὴν
2399 1137 2734 1196 διδασκαλίαν
2785 1142 2873 1196 καὶ
2924 1141 3260 1198 ὑποτύπωσιν
3314 1147 3422 1198 τῶν
3476 1143 3638 1221 ἁγίων
3680 1140 3771 1197 καὶ

2113 1226 2364 1305 ἀοιδίμων
2396 1228 2643 1308 Πατέρων
2671 1229 3145 1306 καινοτομηθέντα,
3172 1231 3207 1299 ἢ
3233 1230 3538 1311 πραχθέντα
3566 1230 3602 1299 ἢ
3634 1228 3769 1306 μετὰ

2112 1327 2266 1377 τοῦτο
2294 1319 2742 1398 πραχθησόμενα,
2777 1319 3036 1396 ἀνάθεμα.

2197 1406 2474 1485 Εὖθυμίου,
2535 1407 2789 1486 Θεοφίλου
2845 1409 2933 1464 καὶ
3015 1407 3350 1485 Αἰμιλιανοῦ,
3426 1414 3533 1465 τῶν
3601 1407 3770 1465 ἀοιδί-

2123 1515 2237 1569 μων
2317 1493 2666 1573 ὁμολογητῶν
2756 1496 2844 1552 καὶ
2927 1497 3388 1578 ἀρχιεπισκόπων,
3465 1498 3647 1554 αἰωνία
3734 1497 3770 1564 ἡ

2124 1585 2341 1660 μνήμη.

2203 1671 2589 1752 Θεοφυλάκτου,
2625 1673 2841 1754 Πέτρου,
2877 1675 3103 1757 Μιχαὴλ
3131 1679 3220 1734 καὶ
3263 1675 3488 1758 Ἰωσὴφ,
3518 1682 3624 1734 τῶν
3670 1697 3772 1752 μα-

2120 1762 2312 1840 καρίων
2345 1761 2779 1841 μητροπολιτιῖιν,
2815 1767 2997 1822 αἰωνία
3027 1769 3061 1836 ἡ
3092 1770 3305 1844 μνήμη,

2204 1848 2466 1926 Ἰωάννου,
2500 1852 2765 1911 Νικολάου
2820 1857 2908 1912 καὶ
2958 1859 3242 1938 Γεωργίου,
3304 1862 3409 1914 τῶν
3465 1852 3777 1936 τρισολϐίων

2123 1938 2473 2019 ὁμολογητῶν
2542 1944 2631 1999 καὶ
2701 1944 3164 2024 ἀρχιεπισκόπων,
3234 1950 3324 2005 καὶ
3390 1949 3603 2004 πάντῶν
3671 1951 3777 2003 τῶν

2123 2031 2603 2110 ὁμοφρονησάντων
2634 2035 2819 2098 αὐτοῖς
2873 2034 3200 2110 ἐπισκόπων,
3253 2039 3435 2095 αἰωνία
3476 2039 3512 2106 ἡ
3561 2037 3774 2113 μνήμη.

2205 2117 2470 2199 Θεοδώρου
2541 2131 2635 2182 τοῦ
2706 2125 2956 2182 πανοσίου
3009 2127 3302 2205 ἡγουμένου
3358 2133 3464 2183 τῶν
3507 2123 3772 2200 Στουδίου,

2125 2209 2306 2264 αἰωνία
2364 2211 2398 2278 ἡ
2461 2213 2674 2287 μνήμη.
2737 2210 2997 2272 Ἰσαακίου
3043 2226 3134 2274 τοῦ
3203 2223 3633 2297 Θαυματουργοῦ,
3691 2216 3781 2271 καὶ

2126 2295 2444 2383 Ἰω-αννικίου
2469 2310 2558 2359 τοῦ
2589 2305 3088 2382 προφητικωτάτου,
3119 2306 3301 2363 αἰωνία
3331 2309 3366 2375 ἡ
3398 2295 3612 2383 μνήμη.

2211 2379 2504 2468 Ἰλαρίωνος
2547 2379 2638 2448 τοῦ
2682 2379 2976 2454 ἇσιωτάτου
3034 2379 3444 2476 ἀρχιμανδρίτου
3499 2379 3587 2452 καὶ
3614 2396 3782 2474 ἡγου-

2129 2475 2286 2552 μένου
2315 2483 2422 2533 τῶν
2478 2478 2783 2561 Δαλμάτου,
2846 2483 3029 2540 αἰωνία
3085 2475 3137 2552 ἠγ
3177 2475 3388 2561 μνήμη.
3443 2487 3663 2560 Συμεὼν
3691 2492 3783 2542 τοῦ

2128 2567 2418 2623 ὁσιωτάτου
2448 2567 2720 2644 Στυλίτου,
2756 2572 2942 2629 αἰωδία
2968 2574 3002 2640 ἡ
3036 2574 3253 2649 μνήμη,

2209 2658 2504 2738 Θεοφάνους
2550 2682 2643 2717 του
2700 2663 2990 2719 ὁσιωτάτου
3044 2663 3344 2741 ἡγουμένου
3397 2670 3489 2720 τοῦ
3538 2661 3784 2743 Μεγάλου

2129 2741 2341 2824 Ἀγροῦ,
2379 2749 2563 2803 αἰωνία
2593 2750 2626 2816 ἡ
2661 2752 2876 2827 μνήμη.

2212 2842 2298 2909 Τῷ
2355 2835 2699 2917 φρυκξαμένῳ
2753 2837 2998 2919 σλνεδρίῳ
3048 2842 3186 2898 κατὰ
3254 2849 3362 2899 τῶν
3422 2847 3630 2899 σεπτῶν
3700 2843 3782 2898 εἰ-

2128 2924 2322 2999 κόνων,
2382 2926 2638 3002 ἀνάθεμα.
2708 2937 2838 2991 Τοϊς
2896 2927 3282 3006 ἐκλαμϐάνουσι
3337 2932 3431 2995 τὰς
3495 2932 3637 3011 παρὰ
3679 2935 3779 2997 τῆς

398 3028 796 3105 contraidola,
815 3029 1099 3090 adversus
1111 3013 1366 3088 veneran
1377 3025 1481 3086 das
1501 3013 1718 3087 Christi
1744 3023 1845 3084 Dei
1859 3023 2046 3084 nostri

2161 3013 2267 3077 είας
2301 3020 2508 3093 Γραγῆς
2537 3016 2715 3094 ῥήσεις
2746 3018 2881 3073 κατὰ
2909 3021 3014 3074 τῶν
3044 3017 3275 3076 εἰδώλων
3335 3022 3407 3084 εἰς
3456 3020 3549 3084 τὰς
3581 3020 3777 3081 σεπτὰς

399 3127 458 3180 et
487 3125 828 3180 sanctorum
863 3118 992 3199 ejus
1023 3116 1315 3195 imagines
1343 3115 1664 3195 accipiunt,
1708 3114 2042 3175 anathema.

475 3207 553 3270 Iis
583 3207 684 3289 qui
714 3207 976 3270 scienter
1006 3205 1373 3288 participant
1425 3223 1557 3266 cum
1603 3203 2048 3266 contumeliosis

399 3315 538 3377 erga
575 3317 774 3360 sacras
814 3298 1126 3377 imagines,
1174 3297 1512 3358 anathema.
1546 3293 1622 3355 Iis
1657 3293 1755 3375 qui
1789 3293 2049 3355 dixerint

395 3389 574 3452 alium
598 3395 811 3470 praeter
839 3387 1140 3450 Christum
1172 3405 1282 3448 nos
1313 3386 1601 3448 liberasse
1624 3383 1711 3464 ab
1749 3383 2046 3446 idolorum

399 3495 628 3560 errore,
661 3479 1002 3541 anathema.

477 3655 556 3720 Iis
582 3656 685 3737 qui
706 3656 835 3718 ausi
856 3656 1313 3731 fuerintdicere,
1336 3655 1693 3720 catholicam
1711 3652 2045 3717 Ecclesiam

398 3745 560 3807 idola
584 3745 900 3827 aliquando
929 3746 1272 3823 admisisse,
1309 3755 1510 3829 utpote
1540 3746 1642 3827 qui
1676 3754 1860 3806 totum
1884 3763 2047 3823 mys-

402 3835 620 3899 terium
671 3844 959 3919 evertant,
1015 3845 1070 3899 et
1113 3837 1582 3902 Christianorum
1623 3835 1800 3898 tidem
1832 3843 2043 3896 contu-

402 3926 598 3988 meliis
627 3926 907 4003 afﬁciant,
942 3928 1278 3990 anathema.

484 4015 702 4079 Multos
727 4035 917 4078 annos
945 4037 1339 4099 apprecamur
1359 4013 1818 4099 imperatoribus
1844 4031 1858 4076 :
1886 4012 2046 4075 Deus

403 4107 697 4169 custodiat
726 4108 1046 4188 imperium
1085 4129 1290 4172 eorum
1319 4132 1334 4186 ;
1367 4112 1527 4172 Deus
1558 4107 1812 4188 imperio
1837 4122 2044 4166 eorum

405 4215 612 4278 pacem
641 4199 948 4261 concedat.
973 4201 1241 4264 Caelestis
1263 4201 1614 4282 Imperator,
1650 4205 1920 4259 terrenos
1937 4213 2046 4255 cu-

404 4286 582 4348 stodi.
629 4287 929 4351 Michaelis
969 4290 1282 4352 orthodoxi
1330 4287 1711 4370 imperatoris
1759 4284 1947 4346 nostri
1990 4291 2052 4345 et

403 4376 738 4440 Theodoraa
761 4378 962 4440 matris
986 4379 1137 4459 ejus,
1170 4388 1392 4443 aeterna
1415 4375 1725 4440 memoria.
1761 4372 1958 4435 Basilii
1994 4381 2050 4433 et

2131 3103 2334 3168 εἰκόνας
2368 3111 2592 3184 Χριστοῦ
2621 3113 2712 3163 τοῦ
2744 3113 2873 3162 Θεοῦ
2929 3109 3083 3184 ἡμῶν
3138 3110 3227 3166 καὶ
3272 3115 3376 3166 τῶν
3407 3110 3570 3188 ἁγίων
3600 3110 3782 3178 αὐτοῦ,

2131 3192 2366 3270 ἀνάθεμα
2377 3243 2390 3257 ,

2160 3354 2162 3356 ν
2210 3291 2337 3347 Τοῖς
2400 3291 2738 3342 κοινωνοῦσιν
2796 3284 2850 3341 ἐν
2913 3287 3106 3364 γνώσει
3172 3299 3290 3352 τοϊς
3362 3284 3619 3365 ὑϐρίζουσι
3687 3287 3783 3350 τὰς

2128 3374 2324 3436 σεπτὰς
2383 3373 2611 3448 εἰκόνας,
2686 3375 2945 3452 ἀνάθεμα.
3001 3387 3128 3441 Τοῖς
3201 3375 3444 3455 λέγουσιν
3502 3375 3583 3433 ὅτι
3641 3374 3783 3444 πλὴν

2131 3468 2356 3542 Χριστοῦ
2383 3469 2476 3520 τοῦ
2505 3469 2636 3520 Θεοῦ
2679 3465 2832 3539 ἡμῶν
2884 3462 3043 3530 ἄλλος
3097 3468 3241 3542 ἡμᾶς
3273 3465 3522 3546 ἐρρύσατο
3549 3471 3647 3532 τῆς
3678 3472 3784 3522 τῶν

2129 3551 2358 3608 εἰδώλων
2389 3551 2623 3633 πλάνης,
2669 3553 2926 3632 ἀνάθεμα,

2207 3652 2336 3705 Τοῖς
2405 3640 2644 3718 τολμῶσι
2715 3641 2889 3722 λέγειν
2961 3645 3061 3712 τὴν
3118 3643 3407 3713 καθολικὴν
3465 3643 3784 3712 Ἐκκλησίαν

2127 3728 2313 3788 εἴδολά
2369 3752 2498 3788 ποτε
2554 3729 2821 3812 δεδέχθαι,
2881 3735 2955 3797 ὡς
3007 3731 3129 3790 ὅλον
3184 3735 3246 3790 τὸ
3305 3735 3592 3814 μυστήριον
3650 3733 3784 3789 ἀνα-

2127 3820 2397 3899 τρέπουσι,
2450 3822 2539 3876 καὶ
2583 3821 2706 3900 *τὴν
2790 3828 3118 3902 Χριστιανῶν
3187 3820 3503 3902 ἐνυϐρίζουσι
3586 3825 3783 3900 πίστιν,

2127 3909 2392 3984 ἀνάθεμα.

2212 4001 2392 4059 Πολλὰ
2420 4003 2484 4062 τὰ
2541 4001 2634 4071 ἔτη
2693 4010 2800 4060 τῶν
2856 4003 3117 4080 βασιλέων
3153 4021 3168 4036 ⁸
3215 4008 3244 4062 ὁ
3298 4007 3428 4070 Θεὸς
3485 4004 3698 4088 φυλάξει
3727 4007 3790 4064 τὸ

2129 4092 2316 4169 κράτος
2391 4093 2561 4148 αὐτῶν
2595 4110 2618 4138 ⁸-
2694 4094 2723 4149 ὁ
2781 4096 2911 4157 Θεὸς
2969 4094 3069 4162 τὴν
3137 4093 3411 4172 βασιλείαν
3468 4098 3644 4153 αὐτῶν
3713 4099 3789 4153 εἰ·

2131 4179 2395 4260 ρηνεύσει.
2451 4182 2668 4261 Οὖράνιε
2722 4182 2968 4259 Βασιλεῦ,
3027 4186 3148 4248 τοὺς
3204 4185 3468 4263 ἐπιγείους
3540 4185 3788 4265 φύλαξον,

2132 4269 2358 4348 Μιχαὴλ
2388 4278 2481 4326 τοῦ
2527 4269 2797 4350 ὀρθοδόξου
2853 4274 3008 4348 ἡμῶν
3061 4271 3325 4349 βασιλέως
3370 4275 3459 4330 καὶ
3517 4273 3790 4352 Θεοδώρας

2131 4363 2231 4426 τῆς
2276 4360 2431 4416 αὐτοῦ
2475 4363 2701 4439 μητρὸς,
2760 4361 2942 4418 αἰωνία
3000 4363 3036 4430 ἡ
3095 4364 3313 4438 μνήμη.
3375 4362 3648 4420 Βασιλείου
3704 4367 3794 4422 καὶ

405 4463 796 4544 Constantini,
822 4440 1040 4532 Leonis
1076 4440 1136 4532 et
1171 4440 1952 4544 AlexandriChristOphori,
1991 4471 2050 4524 et

2156 4449 2548 4526 ἱωνσταντίνου,
2609 4451 2834 4515 Λὲοντος
2913 4453 3001 4508 καὶ
3076 4450 3416 4533 Ἀλεξάνδρου
3491 4456 3791 4533 Χριστοφό-

401 4555 676 4631 Romani,
697 4559 1353 4636 ConstantiniRomani,
1376 4554 1696 4638 Nicephori
1711 4562 1768 4615 et
1785 4551 2050 4626 Joannis,

401 4645 628 4726 Basilii,
658 4648 1053 4732 Constantini,
1077 4649 1332 4714 Romani
1355 4656 1413 4710 et
1447 4643 1772 4724 Michaelis,
1808 4643 1908 4722 qui
1931 4650 2058 4702 ter-

407 4751 624 4795 renum
651 4734 972 4817 imperium
999 4759 1132 4801 cum
1157 4737 1382 4800 cmlesti
1403 4738 1871 4802 commuturunt,
1899 4737 2067 4790 aater-

406 4840 482 4885 na
527 4830 841 4892 memoria.
878 4832 1025 4893 Zoes
1060 4827 1340 4911 piissimae
1370 4836 1428 4888 et
1457 4821 1814 4886 beatissima;
1836 4820 2067 4899 Augus~

406 4922 502 4992 ιω,
539 4925 763 4981 aeterna
796 4920 1106 4983 memoria.

484 5097 789 5175 Germani,
816 5099 1064 5173 Tarasii,
1110 5095 1432 5179 Nicephori
1462 5101 1520 5157 et
1559 5087 1846 5179 Methodii
1871 5104 2058 5149 vene-

402 5185 683 5248 rabilium
722 5189 1220 5268 patriarcharum,
1248 5178 1470 5248 aterna
1499 5178 1808 5243 memoria.

486 5265 735 5356 Ignatii,
776 5279 1058 5358 Stephani
1098 5286 1155 5340 et
1187 5265 1453 5349 Antonii,
1488 5269 1716 5335 Nicolai
1743 5265 2056 5358 etEuthy_-

407 5355 535 5447 mii,
552 5368 867 5448 Stephani,
885 5355 1243 5449 Tryphonis,
1259 5361 1709 5446 TheOphylacti,
1727 5355 2052 5436 Polyeucti,

407 5453 678 5538 Antonii,
735 5456 961 5518 Nicolai
1020 5464 1078 5519 et
1135 5455 1382 5518 Sisinnii
1441 5450 1908 5515 orthodoxorum
1949 5462 2058 5524 pa-

412 5544 830 5622 triarcharum,
853 5555 1077 5609 aeterna
1105 5545 1410 5606 memoria.

490 5633 1006 5711 Quemadmodum
1029 5637 1156 5699 haec
1178 5635 1631 5698 benedictiones
1661 5629 1734 5695 ab
1777 5627 1922 5710 ipsis
1945 5625 2062 5688 Pa-

2137 4561 2227 4618 ρου
2331 4541 2419 4595 καὶ
2476 4531 2766 4616 Ῥωμανου,
2817 4543 3207 4601 Κωνσταντίνου
3282 4533 3553 4618 εΡωμανοῦ
3611 4554 3789 4612 Νικη-

2143 4629 2302 4709 φόρου
2404 4631 2493 4686 καὶ
2595 4629 2861 4704 Ἰωάννου,
2965 4630 3255 4707 Βασιλείου,
3369 4634 3788 4711 Κωνσταντίνου,

2153 4712 2423 4795 (Ρωμανοῦ
2478 4720 2565 4776 καὶ
2621 4719 2841 4800 Μιχαὴλ
2911 4727 3016 4778 τῶν
3073 4722 3170 4788 τὴν
3227 4721 3463 4799 οὐράνιον
3523 4722 3793 4799 βασιλείαν

2150 4815 2274 4888 τῆς,
2297 4809 2528 4888 ἐπιγείου
2583 4808 2980 4886 ἀλλαξαμένων,
3038 4811 3220 4882 αἰωνία
3274 4813 3309 4878 ἡ
3367 4813 3580 4887 μνήμη.
3640 4817 3792 4877 Ζωῆς

2146 4906 2244 4968 τῆς
2315 4897 2694 4966 εὒσεϐεστάτης
2765 4902 3090 4978 Αῦγούστης,
3169 4901 3257 4957 καὶ
3324 4902 3793 4981 τρισμακαρίστου,

2145 4992 2328 5047 αἰωνία
2357 4993 2390 5059 ἡ
2424 4991 2638 5066 μνήμη.

2221 5085 2510 5158 Γερμανοῦ,
2565 5079 2842 5159 Ταρασίου,
2902 5078 3206 5161 Νικηφόρου
3261 5080 3349 5136 καὶ
3410 5077 3659 5136 Μεθοδίου
3687 5084 3794 5134 τῶν

2139 5168 2392 5245 ἀοιδίμων
2422 5175 2791 5249 πατριαρχῶν,
2825 5169 3009 5226 αἰωνία
3038 5173 3072 5239 ἡ
3104 5171 3320 5246 μνήμη,

2218 5256 2493 5336 Ἰγνατίου,
2583 5259 2874 5339 Στεφάνου,
2958 5261 3045 5316 καὶ
3131 5257 3434 5341 Ἀντωνίου,
3535 5256 3796 5317 Νικολάου

2138 5349 2224 5405 καὶ
2281 5347 2556 5429 Εὐθυμίου,
2643 5348 2934 5428 Στεφάνου,
3021 5349 3326 5430 Τρύφωνος,
3406 5345 3794 5428 Θεοφυλάκτου,

2143 5436 2493 5514 Πολυεύκτου,
2553 5438 2858 5518 Ἀντωνίου,
2917 5438 3179 5496 Νικολάου
3241 5441 3328 5496 καὶ
3384 5439 3637 5495 Ζισιννίου
3691 5443 3798 5494 τῶν

2143 5524 2425 5607 ὁρθοδόξων
2455 5533 2823 5606 πατριαρχῶν,
2857 5527 3042 5584 αἰωνία
3071 5529 3105 5596 ἡ
3136 5529 3352 5605 μνήμη,

2227 5619 2390 5674 Αῦται
2445 5619 2518 5680 ὡς
2575 5615 2806 5695 εῦλογίαι
2866 5617 3114 5697 Πατέρων
3170 5616 3265 5675 ἀπ’
3325 5621 3496 5677 αὐτῶν
3551 5620 3626 5684 εἰς
3654 5619 3800 5694 ἡμᾶς

2643 5348 2934 5428 Στεφάνου,

305 5753 325 5780 κ
413 5704 707 5807 ῑτὶθυεηίη
752 5743 862 5789 nos
913 5725 1090 5808 ﬁlios,
1139 5743 1345 5788 eorum
1380 5722 1662 5805 pietatem
1692 5704 2062 5792 aemulantes,

2156 5707 2269 5770 τοὺς
2337 5707 2477 5770 υἱοὺς
2549 5704 2840 5777 ζηλοῦντας
2915 5707 3085 5764 αὒτῶν
3152 5711 3252 5776 τὴν
3321 5705 3610 5784 εὐσέϐειαν,
3684 5706 3804 5765 δια-
