4176 6408
346 440 466 506 733

340 568 606 627 ϐαίνουσιν
641 586 655 602 ⁸

343 658 519 740 λοίας,
570 659 658 716 καὶ
713 665 817 716 τῶν
881 665 1217 717 Δεσποτικῶν
1273 658 1498 717 ἐντολῶν
1553 660 1850 738 ὑπερόπτας
1897 682 2002 715 κα-

345 746 769 826 ταλαμϐάνουσι.
797 750 890 808 Διὸ
909 755 1064 827 κοινῇ
1085 749 1277 816 πάντες
1295 749 1418 807 ὅσον
1436 747 1697 814 εὐσεϐείας
1713 748 2000 828 πλήρωμα,

1119 443 1447 507 HOMILIA
1495 442 1574 505 IN
1618 432 1858 506 FESTO
1902 434 2503 504 RESTITUTIONIS
2543 439 2955 507 IMAGINUM.

3619 434 3732 501 734
3813 419 3818 423 ’

733 571 985 633 ὡσαύτως
1054 568 1110 626 δὲ
1191 571 1280 627 καὶ
1333 573 1387 626 αἱ
1441 571 1560 650 ἀραὶ
1614 571 1735 634 τοὺς
1793 591 1990 648 πατρα-

2111 567 2458 633 [escendunt
2489 573 2602 635 :sic
2627 579 2682 634 et
2716 572 3166 636 maledictiones
3189 572 3518 654 parricidas
3541 579 3598 634 et
3621 573 3734 634 Do-

2086 659 2445 722 minicorum
2473 670 2903 742 prmceptorum
2941 670 3376 741 contemptores
3399 661 3736 742 apprehen-

2087 747 2258 814 dunt.
2283 749 2682 822 Quamobrem
2707 751 3014 813 communi
3035 769 3179 813 voce
3197 769 3432 831 omnes,
3449 757 3737 832 quotquot

347 837 516 903 οὕτως
545 843 729 905 αὐτοῖς
757 840 858 908 τὴν
901 839 1030 920 ἀρὰν
1071 840 1136 908 ῆν
1171 841 1316 897 αὐτοὶ
1365 839 1578 904 ἑαυτοῖς
1621 837 2000 915 ὑπεϐάλλοντο,

2111 837 2328 900 )ietatis
2349 847 2564 902 coetum
2589 848 2646 904 et
2670 839 3102 922 plenitudinem
3123 840 3560 916 constituimus,
3581 839 3734 901 itain

350 927 669 1011 ἐπιφέρομεν
682 975 698 991 .

434 1028 563 1082 Τοῖς
592 1017 740 1098 λόγῳ
802 1023 910 1094 μὴν
956 1020 1054 1088 τὴν
1110 1017 1358 1100 ἔνσαρκον
1421 1020 1722 1096 οἰκονομίαν
1751 1029 1844 1080 τοῦ
1874 1026 2006 1076 Θεοῦ

349 1107 524 1187 Λόγου
566 1105 912 1188 δεχομένοις,
971 1112 1094 1187 ὁρᾷν
1151 1108 1206 1166 δὲ
1269 1111 1464 1178 ταύτην
1516 1109 1584 1167 δι’
1641 1109 1857 1167 εἰκόνων
1911 1109 2008 1166 οὒκ

347 1196 701 1277 ἀνεχομένοις
736 1216 750 1231 ·
827 1201 914 1256 καὶ
994 1197 1078 1255 διὰ
1132 1207 1288 1257 τοῦτο
1343 1201 1540 1278 ῥήματι
1598 1200 1697 1277 μὲν
1757 1197 2005 1279 δέχεσθαι

351 1289 1004 1368 κατασχηματιζομένοις,
1040 1290 1310 1370 πράγματι
1343 1289 1396 1346 δὲ
1433 1291 1528 1359 τὴν
1559 1290 1820 1370 σωτηρίαν
1852 1290 2006 1366 ἡμῶν

351 1375 719 1456 ἀρνουμένοις,
752 1377 1011 1455 ἀνάθεμα.

435 1474 564 1530 Τοῖς
633 1473 710 1542 τῷ
766 1468 963 1546 ῥήματι
1019 1475 1111 1525 τοῦ
1161 1467 1552 1550 ἀπεριγράπτου
1609 1475 1786 1534 κακῶς
1845 1489 2010 1548 προσ-

354 1554 662 1637 φυομένοις,
693 1559 781 1614 καὶ
811 1555 894 1614 διὰ
922 1568 1074 1618 τοῦτο
1105 1559 1184 1635 μὴ
1232 1559 1573 1637 βουλομένοις
1604 1562 2008 1639 εἷκονογραφεϊ-

353 1646 472 1700 σθαι
503 1647 596 1701 τὸν
637 1646 1023 1727 παραπλησίως
1053 1649 1187 1725 ἡμῒν
1217 1651 1410 1729 σαρκὸς
1445 1651 1534 1707 καὶ
1566 1649 1796 1726 αἵματος
1828 1669 2009 1704 κεκοι-

351 1735 656 1808 νωνηκόυα,
688 1737 911 1816 Χριστὸν
941 1759 1031 1793 τον
1061 1736 1308 1805 ἀληθινὸν
1335 1739 1462 1795 Θεὸν
1485 1740 1638 1815 ἡμῶν
1667 1740 1756 1796 καὶ
1777 1737 2008 1796 ἐντεῦθεν

349 1838 770 1902 φαντασιασταϊς
802 1823 1184 1907 δεικνυμένοις,
1228 1827 1486 1903 ἀνάθεμα.

437 1921 568 1976 Τοῖς
618 1914 714 1978 τὰς
766 1915 862 1991 μὲν
920 1917 1253 1996 προφητικὰς
1297 1918 1528 1997 ὁράσεις,
1587 1915 1683 1974 κᾶν
1742 1917 1819 1987 μὴ
1877 1916 2008 1994 βού-

355 1998 558 2075 λοιντο,
607 2001 1064 2085 παραδεχομένοις
1100 2021 1113 2036 ⁸
1176 2007 1270 2070 τὰς
1322 2004 1366 2062 δ’
1421 2008 1663 2088 ὀφθείσας
1717 2008 1897 2072 αὐτοῖς
1930 2008 2010 2064 εἰ-

355 2094 708 2173 κονογραφίας
765 2093 832 2173 (ὢ
886 2097 1059 2170 θαῦμα
1095 2095 1132 2171 ί)
1220 2097 1308 2152 καὶ
1388 2097 1489 2174 πρὸ
1546 2096 1862 2176 σαρκώσεως
1919 2104 2012 2154 τοῦ

362 2180 536 2258 Λόγου
584 2183 661 2258 μὴ
718 2183 1194 2267 καταδεχομένοις,
1239 2184 1356 2243 ἀλλ’
1416 2187 1451 2257 ἢ
1502 2188 1666 2256 αὐτὴν
1725 2189 1824 2256 την
1868 2184 2010 2256 ἅλη-

358 2269 490 2326 πτόν
548 2293 605 2328 τε
660 2273 749 2329 καὶ
805 2273 1023 2332 ἀθέατον
1084 2277 1261 2332 οὐσίαν
1316 2277 1538 2358 ὀφθῆναι
1595 2290 1713 2342 τοϊς
1755 2277 2011 2354 τεθεαμέ-

356 2380 467 2424 νοις
523 2361 892 2443 κενολογοῦσιν
926 2381 941 2397 ⁸
1005 2365 1042 2435 ἢ
1102 2366 1305 2431 εἰκόνας
1361 2367 1457 2444 μὲν
1514 2374 1680 2424 ταῦτα
1720 2373 1820 2435 τῆς
1869 2366 2012 2434 ἀλη-

355 2448 495 2514 θείας
562 2453 649 2508 καὶ
718 2453 911 2519 τύπους
977 2457 1068 2512 καὶ
1137 2457 1396 2535 σχήματα
1454 2456 1834 2536 ἐμφανισθῆναι
1894 2470 2011 2519 τοῖς

357 2538 614 2618 ἐωρακόσι
712 2544 1120 2620 συντιθεμένοις,
1219 2547 1616 2627 εἷκονογραφετν
1715 2545 1770 2602 δὲ
1854 2547 2011 2604 ἐναν-

360 2630 716 2706 θρωπήσαντα
746 2634 836 2692 τὸν
881 2635 1052 2714 Λόγον
1081 2637 1169 2693 καὶ
1220 2637 1286 2692 τὰ
1338 2637 1467 2717 ὑπερ
1497 2638 1653 2712 ἡμῶν
1685 2635 1840 2695 αὒτοῦ
1870 2637 2012 2704 πάθη

361 2717 455 2772 οὐκ
483 2719 856 2801 ἀνεχομένοις,
891 2723 1149 2801 ἀνάθεμα.

440 2817 568 2874 Τοῖς
621 2811 871 2870 ἀκούουσι
920 2825 1012 2874 τοῦ
1068 2816 1255 2896 Κυρίου
1311 2819 1386 2882 ὡς
1423 2833 1438 2847 ⁸
1507 2841 1535 2873 α
1603 2819 1664 2874 Εἰ
1719 2816 2016 2875 ἐπιστεύετε

366 2904 577 2982 Μωσεϊ,
611 2901 910 2960 ἐπιστεύετε
941 2903 1003 2961 ἂν
1055 2905 1192 2981 ἐμοὶ,
1233 2929 1261 2962 n
1319 2907 1408 2964 καὶ
1463 2907 1529 2964 τὰ
1585 2904 1706 2974 ἑξῆς
1743 2923 1756 2937 ⁸
1791 2908 1879 2964 καὶ
1907 2908 1967 2964 τό
2002 2922 2016 2937 ⁸

370 3009 398 3042 α
459 2993 748 3073 Προφήτην
806 2995 935 3070 ὑμῖν
993 2995 1278 3067 ἀναστήσει
1357 2997 1543 3076 Κύριος
1600 2999 1628 3053 ὁ
1686 2997 1815 3061 Θεὸς
1865 2998 2019 3073 ἡμῶν

363 3077 423 3135 ἐκ
449 3086 555 3137 τῶν
585 3079 826 3164 ἀδελφῶν
870 3085 1038 3160 ὑμῶν,
1090 3087 1162 3150 ὡς
1221 3085 1321 3163 ἐμέ
1354 3105 1369 3122 ⁸
1422 3105 1454 3147 ι
1511 3095 1603 3146 τοῦ
1657 3085 1892 3152 Μωσέως
1923 3084 2020 3143 λέ-

363 3189 547 3245 γοντος
619 3180 906 3248 συνιοῦσιν,
993 3175 1116 3232 εἶτα
1200 3174 1412 3255 λέγουσι
1483 3173 1719 3242 δέξασθαι
1777 3177 1874 3252 μὲν
1932 3177 2020 3232 τὸν

368 3261 672 3338 προφήτην,
735 3267 828 3322 οὐκ
885 3263 1151 3344 εἰσάγουσι
1222 3263 1276 3322 δὲ
1345 3264 1412 3322 δι’
1485 3266 1865 3342 εἰκονισμάτων
1923 3266 2020 3333 τῆν

371 3353 466 3402 τού
493 3351 761 3430 προφήτου
806 3352 992 3432 χάριν,
1043 3356 1130 3411 καὶ
1186 3355 1283 3422 τὴν
1338 3356 1674 3433 παγκόσμιον
1731 3356 2020 3435 σωτηρίαν,

369 3437 444 3500 ὡς
497 3439 696 3515 ὡράθη,
757 3443 830 3505 ὡς
901 3443 1295 3524 συνανεστράφη
1377 3443 1693 3524 ἀνθρώποις,
1754 3445 1826 3506 ὡς
1879 3443 2022 3510 πάθη

371 3525 462 3612 καὶ
561 3526 741 3586 νόσους
840 3530 1032 3596 ἰάσεως
1129 3533 1371 3609 μείζονας
1475 3533 1835 3612 ἐθεράπευσεν,
1949 3534 2023 3596 ὡς

365 3611 692 3698 ἐσταυρώθη,
749 3621 824 3683 ὡς
879 3619 1070 3702 ἐτάφη,
1131 3625 1205 3686 ὡς
1267 3621 1483 3696 ἀνέστη,
1539 3611 1613 3687 ὥς
1671 3623 1841 3680 πάντα
1895 3621 2025 3699 ὑπὲρ

365 3704 519 3780 ἡμῶν
585 3704 746 3765 ’έπαθέ
801 3731 859 3766 τε
914 3712 1003 3767 καὶ
1058 3711 1307 3780 ἐποίησεν
1344 3730 1358 3744 ⁸
1417 3725 1534 3776 τοῖς
1593 3712 1682 3770 οὖν
1739 3714 1901 3768 ταῦτα
1961 3713 2027 3767 τὰ

367 3795 704 3883 παγκόσμια,
764 3801 854 3856 καὶ
889 3803 1146 3883 ⁵σωτήρια
1204 3800 1331 3883 ἔργα
1400 3801 1454 3860 ἐν
1513 3801 1708 3859 εἰκόσιν
1765 3805 1889 3882 ὁρᾷν
1947 3801 2024 3877 μὴ

367 3881 742 3972 ἀνεχομένοις,
803 3873 938 3965 μηδ
1007 3896 1230 3968 τιμῶσιν
1283 3892 1414 3952 αύτά
1478 3893 1566 3949 καὶ
1623 3893 2023 3972 προσκυνοῦσιν,

368 3969 625 4051 ἀνάθεμα.

451 4075 580 4132 Τοῖς
653 4069 960 4146 ἐπιμένουσι
1024 4077 1094 4150 τῇ
1156 4072 1500 4152 είκονομάχῳ
1553 4069 1769 4150 αἱρέσει,
1823 4068 2025 4146 μᾶλλον

371 4153 426 4210 δὲ
498 4163 568 4234 τῇ
625 4160 989 4242 χριστομάχῳ
1064 4161 1382 4235 ἀποστασία,
1447 4161 1536 4218 καὶ
1593 4161 1730 4236 μήτε
1788 4157 1872 4216 διὰ
1929 4164 2027 4227 τῆς

374 4251 673 4316 Μωσατκῆς
732 4252 1038 4327 νομοθεσίας
1125 4253 1256 4332 πρὸς
1339 4252 1438 4320 τὴν
1521 4251 1785 4329 σωτηρίαν
1857 4250 2029 4307 αὒτῶν

373 4333 674 4416 ἀναχθῆναι
753 4339 1120 4418 βουλομένοις,
1169 4336 1349 4418 ’μήτε
1436 4353 1559 4404 ταῖς
1644 4338 2028 4404 ἀποστολικαϊς

374 4420 730 4514 διδασκαλίαις
809 4430 1263 4514 ἐναναστραφῆναι
1345 4431 1444 4500 τὴν
1501 4426 1765 4486 εὐσέϐειαν
1833 4451 2028 4509 προαι-

373 4513 672 4593 ρουμένοις,
758 4521 896 4596 μήτε
979 4513 1123 4584 ταῖς
1191 4531 1608 4600 πατριαρχικαϊς
1691 4517 2028 4598 παραινέσεσι

375 4603 465 4658 καὶ
537 4607 845 4687 εἰσηγῆσεσι
925 4615 1024 4678 τῆς
1109 4609 1317 4676 πλάνης
1387 4609 1559 4665 αὐτῶν
1648 4608 2031 4688 ἐπιστραφῆναι

376 4691 748 4778 βουλομένοις,
801 4700 939 4775 μήτε
985 4705 1054 4778 τῇ
1097 4697 1371 4780 συμφωνία
1428 4702 1533 4753 τῶν
1576 4697 1675 4754 ἀνὰ
1730 4703 1904 4754 πᾶσαν
1934 4697 2030 4764 τὴν

377 4781 690 4860 οἰκουμένην
747 4784 1082 4856 Ἐκκλησιῶν
1167 4798 1259 4848 τοῦ
1345 4786 1477 4845 Θεοῦ
1553 4785 1976 4862 δυσωπουμένοις
2013 4801 2026 4816 ⁸

374 4867 496 4926 ἀλλ’
551 4873 757 4954 ἐφάπαξ
836 4878 1051 4942 ἑαυτοὺς
1119 4883 1188 4955 τῇ
1272 4883 1378 4934 τῶν
1437 4874 1700 4936 Ἰουδαίων
1755 4877 1844 4932 καὶ
1903 4866 2031 4934 Ἐλ-

376 4959 555 5032 λήνων
613 4966 779 5048 μερίδι
855 4967 1406 5046 καθυποϐἀλλομένοις
1443 4984 1457 5000 ⁸
1535 4967 1590 5048 (ἃ
1660 4967 1759 5046 γὰρ
1817 4965 2032 5043 ἀμέσως

377 5049 577 5140 ἐκεῖνοι
638 5059 712 5122 εἷς
781 5060 841 5116 τὸ
915 5060 1258 5140 πρωτότυπον
1317 5059 1680 5138 βασφημοῦσι,
1739 5057 1828 5113 καὶ
1889 5057 2032 5114 οὗτοι

377 5139 463 5198 διὰ
508 5151 609 5214 τῆς
653 5149 810 5206 αὐτοῦ
854 5139 1056 5213 εἰκόνος
1106 5150 1180 5212 εἰς
1237 5149 1444 5205 ἐκεῖνον
1499 5148 1589 5203 τὸν
1648 5145 2032 5221 εἶκονιζόμενον

376 5233 580 5311 τολμᾷν
642 5237 738 5295 οὒκ
793 5237 1145 5319 ἐρυθριῶσι
1191 5251 1309 5302 τοῖς
1367 5236 1455 5293 οὗν
1511 5235 1906 5314 ἀνεπιστρόφως
1964 5241 2032 5313 τῇ

379 5325 556 5408 πλάνῃ
612 5329 779 5406 ταύτῃ
840 5328 1257 5410 κατεχομένοις,
1314 5328 1401 5384 καὶ
1443 5330 1574 5406 πρὸς
1635 5326 1806 5382 πάντα
1863 5325 2032 5406 ψόγον

379 5430 524 5485 θετον
553 5424 642 5480 καὶ
683 5420 1046 5497 πνευματικὴν
1104 5415 1437 5475 διδασκαλίαν
1497 5417 1562 5472 τὰ
1615 5417 1728 5474 ὦτα
1769 5415 2030 5493 βεϐυσμέ-

381 5537 515 5590 νοις,
547 5515 621 5578 ὡς
677 5510 781 5582 ἤδη
836 5510 1020 5568 λοιπὸν
1079 5509 1364 5588 σεσηπόσι,
1422 5507 1511 5564 καὶ
1563 5506 1656 5564 τοῦ
1697 5515 1875 5565 κοινοῦ
1919 5505 2034 5562 σώ-

381 5625 550 5682 ματος
618 5606 718 5670 τῆς
775 5598 1100 5669 Ἐκκλησίας
1156 5598 1535 5675 ἀποτεμοῦσιν,
1608 5596 1850 5678 ἑαυτοὺς,
1909 5595 2036 5655 ἀνά-

380 5699 538 5772 θεμα.

459 5856 494 5908 9
519 5856 692 5920 Joan.
721 5853 785 5930 5,
817 5853 918 5920 46.
1006 5849 1062 5897 ιο
1085 5847 1262 5915 Deut.
1289 5848 1598 5930 xvm,_15.

2039 3154 2081 3206 C

2051 4567 2096 4616 D

2088 924 2224 988 illos
2252 927 2732 991 maledictionem
2758 929 2853 992 cui
2876 948 2939 992 se
2961 930 3369 1012 subjecerunt,
3394 928 3728 994 inferimus.

2169 1015 2246 1079 lis
2275 1017 2378 1098 qui
2408 1018 2588 1081 verbo
2621 1018 2864 1100 quidem
2896 1020 3006 1083 Dei
3035 1017 3220 1083 Verbi
3251 1019 3313 1080 in
3357 1036 3538 1082 carne
3569 1035 3735 1079 meo-

2091 1107 2354 1168 nomiam
2414 1108 2749 1189 recepiunt,
2810 1109 3001 1190 ipsam
3062 1128 3199 1172 vero
3255 1109 3318 1170 in
3373 1106 3738 1188 imaginibus

2091 1198 2441 1277 conspicere
2466 1206 2748 1260 recusant
2775 1219 2790 1276 ;
2821 1207 2997 1279 atque
3017 1197 3152 1260 ideo
3175 1199 3317 1260 dum
3350 1215 3413 1259 se
3431 1214 3561 1258 eam
3589 1193 3742 1256 reci-

2090 1303 2233 1365 pere
2263 1286 2442 1350 verbo
2468 1287 2774 1365 simulant,
2804 1306 3012 1351 revera
3040 1287 3292 1351 salutem
3331 1293 3595 1348 nostram
3626 1282 3736 1345 ab-

2090 1388 2328 1459 negant,
2363 1381 2697 1444 anathema.

2170 1469 2248 1532 Iis
2271 1471 2374 1552 qui
2405 1471 2584 1535 verbo
2622 1472 3208 1554 incircumscriptum
3232 1469 3494 1549 maligne
3515 1467 3737 1531 admit-

2091 1567 2246 1636 tunt,
2279 1561 2494 1624 etideo
2518 1561 2808 1624 noluntin
2833 1561 3089 1642 imagine
3120 1558 3538 1643 repraesentari
3575 1575 3738 1631 eum,

2091 1650 2194 1729 qui
2227 1651 2478 1731 perinde
2496 1658 2672 1731 atque
2691 1670 2800 1714 nos
2822 1661 2880 1714 et
2905 1651 3068 1714 carni
3089 1658 3147 1712 et
3167 1648 3443 1729 sanguini
3473 1665 3740 1709 commu-

2092 1741 2341 1804 nicavit.
2395 1741 2698 1804 Christum
2747 1759 2950 1804 verum
2997 1741 3184 1804 Deum
3235 1746 3526 1811 nostrum,
3562 1742 3740 1818 atque

2030 1867 2071 1918 Β
2094 1831 2234 1892 inde
2264 1830 2685 1912 phantasiasta:
2714 1829 3203 1910 comprobantur,
3237 1828 3575 1918 anathema.

2171 1918 2251 1983 Iis
2279 1919 2380 2001 qui
2412 1919 2791 2001 propheticas
2819 1918 3062 2000 quidem
3097 1917 3378 1998 visiones,
3409 1915 3596 1977 velint
3627 1932 3740 1975 no-

2093 2008 2228 2090 lint,
2262 2007 2618 2086 admittunt;
2655 2009 2814 2070 visas
2851 2015 3048 2069 autem
3082 2006 3229 2088 ipsis
3252 2002 3560 2087 prophetis
3587 2002 3743 2063 ima-

2094 2097 2264 2176 gines
2319 2097 2381 2179 (o
2439 2116 2537 2160 res
2589 2097 2803 2174 mira!)
2853 2098 3028 2159 etiam
3079 2107 3218 2159 ante
3265 2094 3741 2157 incarnationem

2097 2186 2279 2249 Verbi
2310 2205 2429 2249 non
2448 2187 2766 2268 recipiunt,
2792 2186 2898 2248 sed
2923 2187 3113 2268 ipsam
3150 2181 3744 2265 incomprehensibi-

2096 2283 2157 2338 et
2213 2273 2574 2338 invisibilem
2639 2274 3001 2336 subtantiam
3053 2274 3126 2337 ab
3184 2273 3302 2335 illis
3359 2279 3742 2352 conspectam

2097 2365 2409 2441 effutiunt;
2437 2373 2536 2426 aut
2560 2365 2684 2428 haec
2701 2364 2993 2442 imagines
3020 2364 3265 2446 quidem
3295 2362 3560 2424 veritatis
3585 2368 3642 2423 et
3669 2360 3744 2422 ﬁ-

2096 2477 2272 2540 guras
2305 2466 2362 2520 et
2403 2458 2623 2519 formas
2670 2455 3016 2518 videntibus
3059 2453 3414 2536 apparuisse
3463 2453 3742 2540 fatentur,

2097 2539 2206 2610 sed
2261 2546 2528 2613 Verbum
2568 2545 2872 2613 hominem
2913 2545 3131 2608 factum
3165 2545 3412 2624 ejusque
3440 2561 3544 2624 pro
3574 2539 3748 2602 nobis

2097 2646 2404 2720 susceptas
2441 2634 2747 2718 passiones
2780 2634 3142 2714 imaginibus
3181 2630 3604 2713 repraesentari
3633 2648 3744 2691 no-

2097 2729 2250 2802 lunt,
2276 2726 2614 2790 anathema.

2181 2818 2260 2881 lis
2287 2817 2388 2896 qui
2414 2815 2662 2878 audiunt
2679 2813 2997 2877 Dominum
3022 2811 3321 2874 dicentem
3347 2808 3455 2874 :Si
3474 2809 3752 2871 credere-

2104 2909 2178 2970 tis
2215 2905 2606 2987 Moysi,milzi
2633 2904 2839 2982 utique
2856 2902 3186 2965 crederetis
3204 2901 3258 2976 9,
3281 2906 3423 2978 etc.,
3451 2905 3566 2962 etc.
3595 2896 3752 2958 Pro-

2103 2999 2350 3078 phetum
2393 2993 2556 3058 vobis
2596 2993 2887 3057 excitabit
2914 2992 3219 3054 Dominus
3243 2989 3408 3053 Deus
3444 2995 3647 3078 noster
3677 3003 3754 3048 ex

2103 3077 2404 3168 fratribus
2423 3084 2668 3162 vestris,
2695 3085 2850 3146 sicut
2877 3100 2971 3145 me
2990 3082 3069 3159 40;
3096 3081 3474 3162 Moysemque
3503 3077 3752 3168 loquen-

2107 3164 2227 3240 tem
2262 3173 2623 3253 intelliguut,
2652 3172 2873 3235 deinde
2909 3171 3117 3234 dicunt
3144 3189 3210 3232 se
3241 3169 3593 3251 prophetam
3612 3164 3750 3246 qui-

2105 3269 2242 3331 dem
2273 3266 2569 3346 recipere,
2596 3263 2700 3326 sed
2736 3264 3039 3345 prophetae
3062 3261 3311 3340 gratiam
3335 3277 3442 3341 per
3466 3255 3758 3335 imagines

2106 3355 2528 3420 noninducunt
2552 3372 2620 3415 ac
2643 3353 2824 3416 totius
2847 3351 3056 3414 mundi
3077 3350 3354 3421 salutem,
3387 3354 3450 3409 ut
3479 3346 3601 3406 visa
3639 3351 3750 3420 est,

2107 3455 2171 3509 ut
2227 3451 2572 3508 conversata
2611 3461 2746 3504 cum
2798 3440 3166 3514 hominibus,
3220 3445 3283 3499 ut
3322 3435 3666 3519 affectiones
3699 3440 3754 3495 et

2109 3535 2352 3599 morbos
2383 3533 2542 3596 omni
2570 3532 2802 3595 medela
2822 3531 3166 3613 superiores
3196 3527 3440 3603 curavit,
3465 3533 3527 3586 ut
3555 3524 3752 3586 cruci-

2109 3629 2223 3690 ﬁxa
2281 3632 2340 3688 et
2390 3621 2626 3704 sepulta
2683 3630 2773 3684 est
2827 3640 2895 3684 ac
2944 3619 3292 3693 resurrexit,
3326 3623 3390 3677 ut
3420 3617 3620 3704 omnia
3647 3630 3755 3693 pro

2110 3715 2282 3780 nobis
2313 3703 2486 3796 passa
2525 3719 2584 3774 et
2613 3719 2854 3792 operata
2884 3718 3015 3791 est;
3049 3709 3146 3790 iis,
3179 3707 3446 3788 inquam,
3499 3703 3601 3785 qui
3630 3703 3758 3796 haec

2106 3807 2181 3869 ad
2214 3789 2623 3879 toti-usjmundi
2648 3789 2896 3862 salutem
2947 3789 3172 3881 patrata
3220 3813 3402 3879 Opera
3445 3802 3504 3856 et
3546 3789 3758 3871 imagi-

2109 3897 2287 3958 nibus
2333 3893 2539 3955 videre
2586 3909 2705 3953 non
2754 3889 3075 3963 sustinent,
3108 3904 3305 3968 neque
3335 3884 3438 3947 illa
3466 3884 3762 3947 honerant

2109 3986 2477 4064 adorantque
2509 3981 2845 4044 anathema.

2191 4075 2269 4140 lis
2297 4059 2400 4156 qui
2433 4077 2672 4132 manent
2700 4070 2761 4131 in
2783 4068 3311 4130 iconomachorum
3364 4060 3600 4136 haeresi,
3637 4059 3759 4120 imo

2113 4154 2404 4248 potius‘in
2433 4158 3025 4224 Christomachorum
3074 4154 3392 4237 apostasia,
3426 4168 3621 4232 neque
3653 4165 3763 4230 per

2111 4239 2428 4317 Mosaicam
2463 4250 2657 4327 legem
2686 4247 2758 4309 ad
2789 4249 3037 4308 salutem
3071 4263 3238 4307 suam
3269 4241 3488 4305 adduci
3531 4239 3761 4310 volunt,

2113 4361 2307 4424 neque
2328 4337 2741 4420 inﬁapostolica
2764 4335 3036 4409 doctrina
3063 4333 3346 4414 pietatem
3373 4327 3599 4424 versari
3623 4343 3764 4387 con-

2111 4415 2610 4510 sen'tiunt,'n_eque
2637 4423 3135 4507 patriarchalibus
3159 4415 3675 4510 adhortationibus
3707 4419 3766 4472 et

2113 4505 2589 4582 institutionibus
2620 4505 2694 4577 ab
2722 4531 2928 4574 errore
2958 4530 3066 4573 suo
3096 4507 3364 4572 converti
3393 4505 3620 4577 volunt,
3648 4518 3760 4562 ne-

2117 4629 2232 4692 que
2270 4607 2345 4670 ob
2375 4621 2738 4669 consensum
2769 4601 3037 4663 omnium
3069 4617 3176 4680 per
3206 4596 3410 4659 orbem
3439 4591 3767 4656 DeiEccle—

2116 4683 2340 4760 siarum
2400 4693 2628 4776 pudore
2671 4691 3033 4764 afﬁciuntur,
3085 4686 3188 4748 sed
3235 4704 3301 4747 se
3327 4683 3767 4776 Judaeorumac

2116 4767 2425 4870 gentilium
2451 4782 2595 4846 sorti
2627 4780 2867 4870 penitus
2906 4777 3290 4858 subjecerunt
3317 4774 3651 4870 _(nam‘quze
3679 4767 3764 4870 illi

2117 4860 2247 4939 sine
2277 4875 2396 4936 ullo
2437 4860 2796 4934 intermedio
2822 4868 2882 4929 in
2909 4874 3285 4949 prototypum
3317 4860 3759 4940 blasphemant,

2117 4966 2180 5028 hi
2209 4983 2317 5046 per
2343 4962 2533 5045 ipsius
2561 4958 2885 5038 imaginem
2916 4956 2979 5017 in
3005 4954 3197 5036 ipsum
3231 4949 3493 5046 imagine
3536 4962 3765 5044 reprae:

2117 5033 2412 5118 sentatum
2446 5049 2666 5112 audere
2688 5033 2815 5108 non
2847 5033 3272 5123 erubescunt);
3315 5039 3388 5101 iis
3435 5037 3634 5116 itaque
3667 5033 3768 5113 qui

2117 5144 2249 5207 sine
2273 5143 2393 5204 ulla
2424 5135 2840 5220 resipiscentia
2873 5135 2932 5196 in
2964 5135 3079 5196 hoc
3101 5149 3307 5194 errore
3333 5128 3768 5220 detinentur,et

2116 5234 2188 5297 ad
2223 5249 2463 5294 omnem
2497 5213 2758 5291 divinam
2791 5223 3272 5306 objurgationem
3302 5227 3361 5281 et
3392 5213 3765 5306 spiritualem

2116 5321 2450 5385 doctrinam
2501 5335 2676 5380 aures
2726 5301 3030 5393 obturant,
3069 5317 3275 5392 utpote
3325 5308 3448 5388 jam
3493 5301 3766 5393 putridis,

2117 5412 2222 5495 qui
2252 5429 2318 5472 se
2348 5429 2382 5472 a
2411 5405 2715 5472 communi
2765 5391 3048 5469 Ecclesiae
3094 5391 3347 5486 corpore
3375 5391 3766 5467 absciderint,

2116 5502 2454 5566 anathema.
