4176 6382
328 313 444 385 ἹὟῚ
1643 313 1986 385 EDICTUM
2032 256 2436 383 SliNODALE
3599 299 3720 376 733

325 454 415 511 καὶ
445 453 767 534 Συγκέλλου,
830 457 1036 527 Νικήτα
1093 453 1457 536 Χαλκηδόνος,
1517 456 1604 513 καὶ
1646 454 1997 534 Συγκέλλου,.

2080 453 2232 530 :ello,
2281 452 2491 516 Niceta
2534 447 2930 515 Chalcedonis
2975 458 3034 512 et
3064 445 3360 530 Syncello,
3394 445 3720 536 Laurentio

327 545 673 621 Λαυπεντίου,
763 545 1054 626 Δυῤῥκχίου
1140 547 1227 602 καὶ
1310 534 1630 625 Συγκέλλου,
1736 543 1979 621 Ἀνθίμου

2080 541 2368 624 )yrrachii
2399 549 2456 604 et
2487 539 2782 623 Syncello,
2815 539 3056 602 Antimo
3086 537 3280 614 Sides,
3303 536 3564 626 ilflicolao
3610 534 3716 626 Pi-

323 629 508 707 Σίδης,
597 624 863 694 Νικολάου
936 624 1331 709 ΠΠισινοῦντος,
1405 624 1668 698 νΛέοντος
1766 634 1975 713 Μύρων,

2080 629 2342 706 ςίηιιιιιίε,
2408 631 2602 692 Leone
2656 628 2974 710 Myrorum,
3034 627 3238 690 Leone
3299 624 3715 706 Trapezuntis,

323 721 548 787 Λέοντος
607 730 1024 804 Τραπεζοῦντος,
1083 723 1328 787 Ἰωάννου
1402 723 1672 804 Σμύρνης,
1737 719 1980 782 Εὐσεϐίου

2080 717 2292 782 loanne
2317 717 2612 801 Smyrnae,
2645 717 2905 781 Eusebio
2937 715 3384 798 Adrianopolis,
3419 715 3716 804 Consta_n-

321 801 832 892 Ἀδριανουπόλεως,
907 817 1303 892 Κωνσταντίνοο
1386 801 1718 886 Μιτυλήνης,
1812 821 1980 870 Νικο-

2080 811 2188 872 tino
2241 808 2576 890 Mitylenes,
2622 806 2866 871 Nicolao
2913 807 3278 884 Chonarum,
3329 803 3578 886 Hypatio
3611 801 3723 866 Hi-

326 900 456 958 λάου
488 909 710 980 Χωνῶν,
774 895 1022 964 ’Υπατίου
1065 895 1374 986 Ἰδρουντος,
1431 904 1519 960 καὶ
1545 901 1982 983 ἀρχιεπισκόπων

2080 897 2298 960 lr‘untis
2329 905 2388 960 et
2415 897 2888 979 archiepiscopis
2931 896 3130 960 Leone
3164 894 3522 986 Carabyziaa,
3563 895 3720 986 Gre-

331 991 555 1056 Λέοντος
590 990 945 1074 Καραϐιζύης,
996 982 1284 1075 Γρηγνορίου
1332 982 1678 1073 Μεσημϐρίας
1720 1012 1983 1072 παριστα-

2080 988 2231 1068 ςοιυὶο
2261 987 2635 1050 Mesembriae
2661 987 3085 1053 assistentibus
3124 993 3184 1048 et
3226 982 3724 1068 patriarchalibus

331 1080 506 1157 μένων
535 1083 622 1139 καὶ
664 1088 770 1140 τῶν
799 1091 1204 1166 πατριαρχικῶν
1234 1084 1536 1166 ἀρχόντων.

2080 1076 2393 1166 nobilibus.

414 1175 522 1231 Οὐκ
547 1171 612 1240 ἧν
643 1168 764 1252 ἄρα,
797 1175 871 1238 ὡς
928 1163 1091 1250 ἔοικε,
1151 1163 1441 1254 κόροςῃτῷ
1496 1179 1714 1252 πονηρῷ
1741 1177 1848 1229 τῶν
1875 1191 1981 1226 κα-

2145 1165 2410 1248 Nequam
2460 1185 2530 1229 ac
2579 1165 2858 1248 improbo
2908 1163 3168 1228 daemoni
3198 1183 3321 1228 non
3373 1181 3464 1254 sat
3491 1163 3624 1240 fuit,
3657 1169 3729 1226 ut

328 1267 462 1324 κῶν,
497 1261 596 1317 Διὰ
641 1262 796 1320 τοῦτο
851 1264 950 1344 γὰρ
993 1267 1054 1324 οὐ
1105 1265 1324 1321 παύεται
1385 1277 1503 1328 τοῖς
1561 1261 1824 1322 εόσεϐέσιν
1857 1259 1980 1316 ἐπι-

2080 1255 2302 1319 videtur
2333 1256 2648 1318 malorum.
2685 1256 3008 1338 Propterea
3053 1272 3313 1336 namque
3343 1253 3574 1316 nullum
3603 1272 3723 1316 un-

329 1350 611 1431 φυόμενος,
670 1353 758 1408 καὶ
810 1353 993 1410 καινόν
1046 1375 1097 1411 τι
1151 1353 1287 1410 κατὰ
1368 1351 1616 1420 ἀληθείας
1685 1351 1767 1408 ἀεὶ
1823 1349 1982 1430 ἐφευ-

2080 1363 2242 1428 1uam
2296 1346 2476 1409 ﬁnem
2534 1345 2695 1424 fecit,
2743 1347 2804 1408 in
2859 1349 2988 1428 pios
3018 1345 3293 1408 homines
3319 1362 3631 1427 arrepens,
3667 1351 3728 1407 et

328 1439 525 1518 ρίσκειν
583 1440 1068 1522 ἐκμηχανώμενος.
1128 1443 1406 1524 Τοιγάρτοι
1464 1443 1553 1499 καὶ
1610 1440 1815 1522 μυρίαις
1860 1439 1986 1514 μὲν·

2080 1453 2290 1524 novum
2339 1435 2482 1517 quid
2530 1435 2817 1524 adversus
2865 1435 3176 1524 veritatem
3207 1433 3722 1524 semper‘excogi-

329 1529 512 1592 τόσαις
570 1521 797 1594 ἀπάταις
853 1533 957 1606 πρὸ
1030 1535 1130 1599 τῆς
1212 1521 1305 1589 ἐν⁷
1351 1531 1503 1611 σαρκὶ
1562 1537 1653 1588 νοῦ
1688 1521 1984 1585 νΔεσπότου

2080 1531 2224 1588 ians.
2256 1521 2638 1605 Quapropter
2686 1523 3023 1587 innumeris
3072 1523 3198 1586 fere
3247 1521 3557 1585 fraudibus
3585 1529 3726 1585 ante

330 1618 618 1698 παρουσίας
699 1620 790 1677 τὸν
874 1618 1146 1700 ἄνθρωπον
1214 1620 1552 1699 ὑπηγάγετο.
1637 1617 1854 1699 Μυρίαις
1929 1613 1984 1671 δὲ

2080 1611 2306 1676 Domini
2336 1612 2398 1674 in
2428 1631 2609 1676 carne
2642 1613 2959 1676 adventum
2983 1632 3140 1694 genu
3163 1612 3488 1676 humanum
3511 1611 3722 1688 illusit,

330 1709 420 1764 καὶ
476 1708 611 1784 μετὰ
677 1719 841 1769 ταῦτα
908 1709 1134 1774 πλάναις
1207 1711 1296 1767 καὶ
1358 1708 1706 1785 δελεάσμασιν
1763 1708 1988 1762 ὑποσκεο

2080 1701 2405 1764 innumeris
2432 1719 2572 1764 vero
2605 1701 2979 1784 postmodum
3014 1701 3317 1766 erroribus
3340 1710 3399 1764 et
3428 1701 3728 1765 illecebris

332 1797 491 1869 λίζειν
567 1799 656 1855 καὶ
710 1800 1026 1880 παρασύρειν
1089 1799 1212 1863 τοὺς
1287 1798 1429 1874 αὐτῷ
1482 1795 1824 1874 πειθομένους
1885 1796 1989 1873 οὐχ

2080 1790 2460 1880 supplantare
2491 1798 2551 1854 et
2571 1791 2834 1873 dejicere
2856 1809 2960 1854 eos
2989 1791 3092 1873 qui
3123 1791 3211 1853 illi
3233 1790 3579 1870 credebant,
3603 1810 3729 1854 om-

334 1887 536 1966 δφῆκεν
592 1885 754 1961 ὅλως,
819 1886 944 1946 οὐδὲ
993 1887 1246 1946 διέλιπεν.
1307 1885 1474 1945 Ἀλλὰ
1527 1887 1616 1944 καὶ
1671 1885 1873 1942 τούτων
1929 1881 1991 1938 ἐκ

2080 1881 2214 1943 nino
2248 1900 2370 1944 non
2392 1879 2643 1959 destitit,
2677 1899 2872 1963 neque
2904 1899 3164 1963 unquam
3197 1881 3730 1945 cessavit.Verum-

334 1974 512 2034 ποδῶν
555 1976 880 2057 γενομένων,
930 1980 1020 2035 καὶ
1074 1977 1318 2042 εὐσεϐοῦς
1374 1979 1462 2035 καὶ
1514 1975 1725 2054 βαθείας
1780 1970 1987 2035 ἐλπίδος

2080 1977 2272 2033 tamen
2331 1969 2426 2032 his
2482 1989 2719 2052 quoque
2772 1971 2847 2033 de
2897 1970 3096 2033 medio
3146 1969 3424 2047 sublatis,
3456 1990 3592 2034 cum
3635 1970 3732 2052 pia

333 2079 454 2132 τοῖς
483 2064 720 2136 εὐσεϐεῖν
764 2068 1228 2149 ὑποστρεφομένης
1288 2066 1520 2126 ἐθέλουσι
1580 2062 1709 2143 μήτ’
1767 2061 1828 2119 ἂν
1873 2082 1990 2117 και-

2080 2077 2403 2142 magnaque
2434 2077 2574 2141 spes
2602 2067 2762 2149 esset
2808 2059 2869 2121 in
2913 2059 2992 2123 iis
3018 2060 3116 2141 qui
3151 2058 3428 2141 pietatem
3459 2059 3731 2141 amplec-

337 2155 562 2235 νοτέρων
645 2147 1056 2234 δυσσεϐημάτων
1144 2157 1422 2238 ἐφευτερὰς
1511 2153 1750 2234 γενέσθαι
1834 2150 1987 2226 ποτὲ,

2080 2154 2304 2238 tuntur,
2359 2166 2666 2230 nunquam
2723 2147 2786 2210 in
2845 2156 3149 2238 posterum
3204 2167 3354 2238 nova
3403 2149 3734 2230 impietatis

337 2243 392 2300 ἐν
421 2251 582 2302 πᾶσιν
625 2251 712 2310 οἷς
759 2248 897 2305 κατὰ
951 2255 1043 2306 τοῦ
1093 2235 1245 2328 ὀρθοῦ
1297 2235 1460 2326 λόγου
1507 2247 1536 2302 ὁ
1589 2243 1824 2322 πονηρὸς
1880 2261 1992 2296 πειο

2080 2235 2306 2301 semina
2356 2238 2707 2301 inventuros
2759 2237 2822 2299 in
2873 2236 3154 2300 omnibus
3209 2236 3306 2299 his
3362 2257 3496 2320 quae
3525 2247 3735 2301 contra

337 2335 483 2414 ράσει
535 2333 852 2393 ἐσπούδασεν
889 2354 904 2368 ·
968 2339 1042 2402 είς
1097 2325 1396 2395 τούναντίον
1454 2335 1596 2410 αὐτῷ
1643 2339 1747 2390 τῶν
1805 2351 1991 2410 μηχα-

2080 2334 2297 2389 rectam
2344 2327 2638 2389 rationem
2686 2325 2999 2409 improbus
3031 2325 3133 2389 ille
3175 2325 3580 2390 disseminare
3602 2334 3736 2389 stu-

338 2425 592 2502 νημάτων
645 2427 1073 2508 περιτραπέντων
1108 2445 1122 2459 ⁹
1184 2439 1271 2488 νῦν
1314 2449 1453 2491 τινες
1496 2420 1768 2487 δυσσεϐεῖς
1811 2419 1990 2508 ἄνδρες

2080 2416 2224 2490 duit,
2246 2435 2381 2479 cum
2399 2425 2606 2479 contra
2627 2435 2696 2479 ac
2718 2416 2847 2498 ipse
2875 2422 3239 2508 speraverat,
3263 2416 3552 2508 machinae
3570 2417 3736 2479 illius

338 2515 428 2571 καὶ
484 2515 856 2599 ἀποτρόπαιοι,
927 2518 1015 2575 καὶ
1085 2519 1137 2577 τί
1191 2519 1292 2598 γὰρ
1348 2517 1443 2576 οὐκ
1498 2514 1560 2573 ἄν
1616 2536 1694 2578 τις
1765 2507 1992 2569 εὐσεϐῶν

2083 2505 2383 2588 dissipata;
2410 2506 2684 2582 fuissent,
2717 2523 2876 2568 nunc
2902 2503 3143 2599 quidam
3175 2503 3451 2599 homines
3479 2505 3651 2587 impii
3677 2511 3740 2568 et

343 2604 558 2668 τούτους
615 2597 947 2688 ὀνομάσειεν,
1033 2597 1214 2688 ἄνδρες
1267 2597 1360 2666 ἐκ
1415 2606 1636 2670 σκότους
1694 2599 1997 2678 ἀναδύντες,

2085 2600 2460 2677 exsecrandi,
2494 2607 2552 2663 et
2581 2599 2721 2681 quid
2755 2618 2875 2661 non
2907 2597 3250 2680 quicunque
3279 2597 3558 2678 pietatem
3593 2599 3740 2661 colit

347 2693 464 2774 (τῆς
544 2695 646 2775 γὰρ
723 2686 996 2776 Ἐσπερίου
1082 2686 1267 2778 μοίρας
1338 2699 1588 2776 ὑπῆρχον
1642 2689 1996 2772 γεννήματα),

2085 2708 2189 2756 eos
2219 2710 2340 2753 non
2371 2691 2733 2768 nominaret,
2767 2690 3043 2752 homines
3073 2707 3106 2751 e
3138 2688 3736 2778 tenebriserumpen-

350 2785 424 2848 εἰς
496 2786 596 2853 τὴν
653 2785 842 2855 εὐσεϐῆ
897 2788 1095 2855 ταύτην
1147 2776 1385 2852 ἐλθόντες
1441 2785 1596 2843 πόλιν
1653 2784 1741 2840 καὶ
1808 2781 1997 2861 θεοφύ-

2086 2787 2196 2857 tes,
2231 2799 2366 2843 cum
2410 2799 2481 2842 ex
2532 2778 2825 2861 Hesperia
2873 2785 3070 2841 ortum
3121 2777 3362 2858 ducant,
3398 2776 3460 2839 in
3495 2778 3736 2858 pietatis

351 2871 568 2949 λακτον,
599 2875 690 2957 ἀφ’
740 2880 830 2950 ἧς,
877 2875 1056 2958 ὥσπερ
1111 2877 1216 2935 ἀπό
1267 2899 1413 2940 τινος
1465 2873 1675 2952 ὑψηλοῦ
1729 2872 1817 2929 καὶ
1848 2893 1997 2947 μετε-

2084 2867 2392 2932 cultricem
2442 2868 2595 2932 hanc
2625 2875 2684 2932 et
2712 2887 2746 2931 a
2780 2870 2900 2930 Deo
2954 2875 3359 2958 conservatam
3410 2866 3619 2958 urbem
3659 2868 3734 2930 ad

347 2963 482 3044 ώρου
547 2955 748 3045 χωρίου
803 2969 854 3023 αἱ
909 2955 1038 3034 τῆς
1079 2964 1368 3046 όρθοδοξίας
1439 2965 1610 3044 πηγαὶ
1667 2959 1996 3036 ἀναδύονται,

2082 2959 2414 3030 venientes,
2467 2977 2537 3020 ex
2587 2976 2704 3040 qua
2749 2966 3028 3038 tanquam
3079 2973 3150 3017 ex
3193 2955 3312 3018 alta
3339 2963 3400 3017 et
3428 2955 3736 3019 eminente

344 3054 433 3109 καὶ
486 3055 688 3134 καθαρὰ
753 3060 854 3123 τῆς
934 3054 1195 3121 εὐσεϐείας
1268 3056 1336 3113 τὰ
1391 3054 1599 3132 νάματα
1651 3051 1706 3118 ἐς
1777 3052 1844 3114 τὰ
1897 3055 1997 3118 τῆς

2080 3047 2324 3128 specula
2347 3046 2710 3110 orthodoxiae
2738 3047 2933 3110 fontes
2967 3053 3307 3127 erumpunt,
3342 3053 3400 3107 et
3431 3065 3578 3127 pura
3599 3047 3734 3128 pie-

347 3111 660 3219 οἰκουμένηὲ
715 3141 1005 3225 διαῤῥέουσι
1081 3144 1304 3225 πέρατα,
1378 3111 1470 3201 καί
1536 3146 1789 3218 ποταμῶν
1844 3137 1993 3207 δίκην

2080 3111 2218 3201 tatis
2272 3138 2494 3200 ﬂuenta
2540 3137 2604 3199 in
2650 3135 2815 3200 orbis
2863 3111 3158 3199 terraruni
3213 3111 3365 3225 ﬁnes
3404 3111 3727 3217 perﬂuiim,

346 3230 440 3295 τὰς
497 3231 552 3288 ἐν
608 3232 789 3312 ἁπάσῃ
834 3223 913 3312 τῇ
968 3232 1053 3315 ὑφ’
1112 3223 1266 3302 ἥλιον
1322 3234 1527 3314 ψυχὰς,
1589 3243 1708 3296 τοῖς
1763 3226 1994 3288 εὐσεϐέσι

2080 3234 2136 3289 et
2164 3225 2480 3291 ﬂuviorum
2519 3225 2706 3288 instar
2751 3225 3010 3315 animas,
3042 3242 3175 3315 quae
3205 3223 3315 3315 sub
3348 3224 3481 3315 sole
3507 3225 3734 3315 degunt

353 3317 575 3400 δόγμασι
603 3313 1029 3404 καταρδεύουσιν,
1074 3325 1148 3388 εἰς
1205 3313 1433 3400 ταύτην,
1487 3321 1665 3402 ὥσπερ
1719 3319 1996 3400 κεραυνὸς

2080 3334 2289 3379 omnes
2317 3315 2430 3398 piis
2460 3315 2835 3404 dogmatibus
2865 3313 3136 3404 irrigant,
3162 3313 3224 3375 in
3255 3313 3366 3376 hac
3395 3314 3576 3404 veluti
3612 3314 3734 3378 ful-

353 3411 392 3480 ἢ
434 3414 672 3490 σεισμὸς,
820 3414 1065 3496 χαλάζης
1119 3413 1325 3484 πληθος
1357 3429 1372 3444 ⁸
1436 3415 1481 3471 εί
1536 3411 1647 3493 χρὴ
1693 3409 1749 3466 δὲ
1794 3408 1994 3487 μᾶλλον

2080 3422 2213 3487 gur,
2263 3405 2386 3468 sive
2440 3403 2639 3483 turbo,
2689 3405 2815 3467 sive
2863 3403 3172 3482 grandinis
3215 3404 3409 3496 copia,
3468 3403 3618 3496 sive,
3669 3413 3736 3467 ut

357 3502 529 3559 εἰπεῖν
583 3503 911 3585 οἰκειότερον,
975 3506 1047 3570 ὡς
1107 3506 1290 3582 μονιὸς
1345 3502 1526 3584 ἄγριος
1583 3499 1997 3571 εἰσπηδήσαντες

365 3591 456 3650 τὸν
486 3591 634 3671 ὀρθὸν
681 3591 839 3675 λόγον
879 3601 951 3673 τῇ
1007 3593 1229 3676 διαφορᾷ
1267 3600 1373 3652 τῶν
1426 3591 1704 3672 δογμάτων
1762 3587 2000 3646 καταλυ-

353 3682 614 3758 μήνασθαι
693 3683 1072 3767 ἐπεχείρησαν,
1145 3687 1219 3749 ὡς
1292 3684 1382 3743 καὶ
1449 3681 1661 3762 Γραφὴν
1717 3678 1998 3767 ἀποθέσθαι

351 3769 404 3828 ἐν
460 3777 531 3849 τῇ
587 3779 819 3850 μυστικῇ
875 3778 978 3842 τῆς
1051 3766 1291 3853 μεγάλης
1351 3779 1444 3833 τοῦ
1499 3776 1630 3828 Θεοῦ
1679 3766 1997 3834 Ἐκκλησίας

349 3859 608 3938 τραπέζῃ,
640 3857 708 3918 δι’
753 3863 823 3928 ἧς
879 3863 1046 3940 ἡμᾶς,
1098 3861 1302 3939 μᾶλλον
1350 3859 1406 3918 δὲ
1456 3860 1556 3929 τὴν
1599 3855 1864 3940 όρθόδοξον
1906 3866 2000 3917 τοῦ

349 3955 482 4007 Θεοῦ
523 3947 867 4029 Ἐκκλησίαν,
913 3953 1003 4009 καὶ
1055 3953 1257 4016 πάντας
1310 3951 1430 4014 τοὺς
1487 3949 1566 4026 μὴ
1622 3945 1996 4028 συνυπαγομέ-

347 4061 466 4105 νους
522 4054 642 4106 τοῖς
708 4039 881 4098 αὐτῶν
927 4039 1319 4120 δυσσεϐήμασιν
1372 4037 1670 4120 ὀρθοδόξους
1709 4035 1996 4114 ἆναθέματι

350 4126 415 4185 δι’
458 4132 584 4190 αὐτὸ
611 4137 789 4212 τοῦτο,
849 4129 930 4188 ὅτι
988 4130 1223 4190 εὐσεϐεῖν
1278 4131 1368 4188 καὶ
1418 4130 1479 4186 τὸ
1537 4125 1805 4208 ὀρθόδοξον
1858 4148 1996 4206 προ-

347 4215 542 4276 ϐαίνειν
600 4218 869 4298 ἐθέλομεν,
950 4219 1335 4296 καθυπέϐαλον,
1423 4217 1804 4299 ἐγκαλέσαντες
1858 4218 1996 4293 ἡμῖν

348 4305 486 4364 ἄλλα
539 4306 597 4364 τέ
648 4331 790 4386 τινα,
835 4313 924 4368 καὶ
983 4310 1064 4370 ὅτι
1120 4313 1240 4375 τοὺς
1290 4310 1555 4389 πώγωνας
1609 4304 1995 4387 παραπλησίως

350 4397 577 4462 ἀκείνοις
626 4396 801 4478 ξυρᾷν,
857 4402 946 4458 καὶ
988 4400 1089 4470 τὴν
1143 4401 1280 4458 κατᾶ
1335 4400 1485 4482 φύσιν
1541 4396 1814 4476 ἀνθρώπου
1872 4418 1999 4476 μορ-

350 4487 454 4568 φὴν
508 4489 650 4568 παρὰ
705 4490 856 4571 φύσιν
911 4489 1246 4557 ἐξαλλάσσειν
1306 4494 1401 4552 οὐκ
1452 4488 1755 4569 ἀνεχόμεθα
1787 4503 1803 4518 ⁸
1865 4487 1999 4566 πρὸς

2083 3495 2271 3575 magis
2327 3495 2568 3577 proprie
2617 3512 2748 3557 rem
2802 3492 3147 3568 indicimus,
3211 3491 3392 3554 veluti
3443 3491 3734 3556 silvestris

2083 3601 2303 3666 porcus
2356 3584 2678 3665 irruentes,
2739 3591 2963 3646 rectam
3033 3584 3330 3644 rationem
3387 3580 3734 3647 diversitate

2082 3673 2420 3753 dogmatum
2451 3681 2808 3756 praevertere
2836 3669 3032 3734 conati
3061 3677 3202 3734 sunt
3229 3670 3332 3750 ita,
3382 3678 3450 3734 ut
3479 3678 3537 3734 et
3564 3670 3736 3736 Scri-

2083 3771 2315 3846 pturam
2345 3763 2408 3827 in
2439 3763 2686 3846 mystica
2733 3780 2962 3844 magnae
3005 3763 3115 3826 Dei
3145 3759 3434 3825 Ecclesia:
3474 3779 3738 3844 repone-

2079 3860 2216 3917 rent
2241 3871 2472 3930 mensa,
2503 3872 2622 3936 qua
2650 3871 2784 3929 nos,
2817 3853 2938 3916 imo
2966 3849 3358 3915 orthodoxam
3379 3849 3489 3913 Dei
3519 3849 3735 3915 Eccle-

2078 3942 2252 4017 siam,
2307 3961 2638 4024 omnesque
2682 3941 2786 4024 qui
2834 3940 3038 4022 impiis
3105 3957 3314 4005 eorum
3361 3939 3738 4021 dogmatibus

2078 4051 2199 4096 non
2227 4031 2459 4116 abrepti
2490 4040 2651 4112 sunt,
2702 4030 3069 4098 orthodoxos
3117 4028 3194 4092 ob
3241 4029 3305 4092 id
3351 4028 3542 4112 idem,
3573 4030 3733 4113 quod

2079 4126 2164 4209 pii
2194 4144 2329 4190 esse
2349 4133 2408 4189 et
2437 4125 2618 4189 ﬁdem
2648 4124 3036 4189 orthodoxam
3063 4122 3301 4186 dilatari
3332 4127 3727 4206 praecupiunt,

2078 4217 2459 4280 anathemate
2487 4215 2732 4290 feriunt,
2765 4214 3109 4277 incusantes
3138 4231 3248 4275 nos
3267 4213 3330 4274 in
3354 4213 3556 4275 multis
3575 4214 3730 4293 aliis,

2082 4314 2142 4369 et
2171 4313 2463 4387 praeterea
2489 4304 2648 4388 quod
2679 4303 2928 4367 barbam
2959 4321 3128 4384 aeque
3173 4321 3244 4365 ac
3272 4301 3362 4364 illi
3406 4310 3645 4380 radere,
3678 4312 3739 4368 et

2081 4414 2213 4458 eam
2245 4414 2378 4476 quae
2406 4403 2497 4459 est
2517 4393 2849 4458 secundum
2877 4399 3174 4474 naturam,
3200 4391 3463 4454 hominis
3486 4391 3735 4472 ﬁguram

2082 4483 2402 4547 immutare
2453 4502 2576 4546 non
2623 4481 3006 4544 sustinemus.
3041 4479 3165 4543 Nec
3221 4497 3342 4541 non
3399 4481 3556 4561 quod
3615 4500 3736 4544 non

350 4575 520 4634 δὲκαὶ
571 4575 650 4634 ὅτι
713 4569 790 4655 μὴ
847 4577 1231 4661 διακρινόμενον.
1274 4579 1381 4636 ἀπὸ
1435 4574 1799 4659 πρεσϐυτέρων
1841 4596 1997 4651 μετα-

2083 4573 2258 4635 divisi
2291 4589 2325 4636 a
2354 4571 2716 4654 presbyteris
2748 4569 3130 4632 matrimonio
3176 4569 3428 4661 junctis,
3455 4587 3734 4633 commu-

350 4664 636 4744 λαμϐάνειν
670 4656 1093 4751 φεγαμηκότωνξ
1148 4672 1285 4751 Πρὸς
1328 4669 1412 4726 ἐπὶ
1468 4656 1600 4725 πᾶσι
1653 4664 1709 4723 δὲ
1762 4666 1994 4741 τούτοις,

2083 4662 2326 4724 nionem
2378 4660 2732 4742 sucipimus.
2761 4658 3023 4751 Ad__ha3c
3071 4656 3229 4751 quod
3265 4665 3735 4751 __s_acrosanctum

480 4754 562 4814 ὅτι
613 4731 886 4836 τὸδῖέρδη
919 4761 1006 4817 καὶ
1059 4731 1209 4840 ἅγιον
1268 4731 1553 4838 σύμϐολον,
1610 4756 1639 4814 ὃ
1693 4761 1824 4822 πᾶσι
1880 4731 1997 4819 τοῖς

2084 4750 2454 4833 Symbolum,
2506 4731 2662 4840 quod
2714 4747 2992 4812 omnibus
3041 4731 3448 4840 sinedalibus,
3480 4755 3539 4810 et
3564 4767 3732 4840 oecu-

349 4845 671 4928 συνοδικοϊς,
758 4835 847 4906 καὶ
921 4835 1343 4928 οἰκουμενικοτςί
1379 4835 1709 4930 φηφίσμασιν
1784 4842 1997 4925 ἄμαχον

2086 4841 2339 4904 menicis
2355 4838 2616 4902 decretis
2633 4837 3058 4902 inconcussum
3081 4844 3259 4919 atque
3275 4835 3738 4918 inexpugnabile

351 4935 470 5017 ἔχει
497 4939 596 5006 τὴν
639 4926 820 5020 ἰσχύν,
883 4926 1080 5004 νόθοιςγ
1109 4926 1404 5018 λογισμοῖς
1435 4926 1522 4994 καὶ
1571 4935 1997 5016 παρεγγράπτοις

2085 4930 2272 5020 robur
2299 4929 2502 5011 habet,
2535 4928 2756 5020 spuriis
2787 4927 3057 5008 cogitatis
3087 4935 3142 5020 s_t
3163 4926 3543 5020 sermonibus
3571 4928 3737 4992 adul-

353 5015 535 5107 λόγοις
577 5031 666 5086 καὶ
698 5015 939 5108 ’θράσους
995 5015 1275 5109 ὑπερϐολῇ
1320 5029 1397 5105 μὴ
1453 5015 1775 5094 κιϐδηλεύειν
1827 5021 1997 5081 ἐθέλο-

2080 5019 2315 5099 terinis,
2366 5027 2424 5082 et
2446 5018 2707 5082 audaciae
2761 5036 3010 5080 excessu
3044 5015 3398 5109 adulterare
3434 5017 3736 5095 nolumus,

357 5105 478 5194 μεν,
512 5117 648 5193 μηδὲ
677 5105 1064 5199 παραπλησίως
1098 5105 1340 5182 ἐκείνοις
1383 5116 1444 5174 ἐκ
1495 5123 1586 5172 τοῦ
1641 5116 1868 5194 Πατρὸς,
1915 5114 1997 5170 καὶ

2084 5129 2198 5173 nec
2228 5117 2295 5199 ut
2317 5109 2433 5199 illi,
2465 5127 2540 5172 ex
2567 5107 2739 5199 Patre
2769 5115 2828 5199 et
2855 5105 3323 5199 FilioSpiritum
3364 5112 3660 5199 sanctum,
3693 5125 3728 5170 o

354 5216 449 5266 τοῦ
497 5209 620 5268 Υἱοῦ
668 5210 729 5264 τὸ
773 5215 985 5285 Πνεῦμα
1039 5211 1102 5266 τὸ
1155 5208 1331 5288 ἅγιον,
1374 5208 1420 5265 ὦ
1472 5209 1576 5264 τῶν
1634 5205 1726 5262 τοῦ
1768 5209 1997 5284 πονηροῦ

2084 5199 2164 5261 im
2174 5197 2344 5280 probi
2372 5197 2662 5261 daemonis
2682 5197 2989 5259 machinas
3014 5196 3030 5256 !
3064 5195 3171 5258 sed
3190 5213 3262 5288 ex
3284 5197 3458 5259 Patre
3479 5195 3740 5259 dicimus

353 5298 792 5378 μηχανημάτων,
851 5284 972 5355 ἀλλ’
1029 5299 1090 5356 ἐκ
1143 5284 1236 5358 τοῦ
1294 5295 1497 5376 Πατρός
1540 5316 1710 5376 φαμεν
1758 5292 1997 5373 ἐκπορεύ-

2086 5288 2454 5371 procedere;
2504 5305 2701 5368 neque
2741 5285 3064 5369 Scriptum
3113 5284 3378 5348 animum
3426 5285 3738 5349 advertere

354 5375 498 5467 εσθαι
535 5407 548 5420 ⁸
589 5388 727 5464 μήτε
785 5394 854 5466 τῇ
910 5393 1092 5470 Γραφῇ
1141 5387 1426 5468 προσέχειν
1482 5375 1770 5458 ἐθέλοντες,
1803 5384 1861 5460 ἢ,
1893 5382 1997 5440 Οὐκ

2082 5378 2372 5454 volentes,
2415 5395 2546 5470 qua;
2573 5375 2658 5439 Ne
2688 5375 3074 5470 deglabretis,
3105 5375 3211 5470 ait,
3260 5383 3481 5470 menta_
3501 5383 3736 5459 vestra;

330 5460 802 5556 ’ἀκομαδαράσετῃ
829 5460 993 5559 emi,
1186 5460 1468 5557 ’πώγωνας
1509 5476 1686 5552 ἡμῶν,
1730 5473 1847 5530 οὔτε
1892 5473 1997 5548 μὴν

2082 5485 2280 5550 neque
2331 5467 2578 5529 omnino
2626 5467 2826 5529 animo
2855 5466 3092 5529 volvere
3121 5465 3413 5543 volentes,
3448 5465 3738 5529 decorum

346 5562 549 5623 ἐννοεῖν
597 5554 770 5632 -8λως
853 5554 1189 5645 βουλόμενοι,
1269 5554 1350 5624 ὅτι
1423 5563 1659 5648 ,γυναιξὶν
1745 5561 1997 5644 εὐπρεπὲς

2083 5554 2547 5650 id_mulieribus
2591 5565 2926 5650 creatorem
2980 5554 3175 5650 Deum
3220 5555 3527 5650 statuisse,
3578 5556 3739 5650 quod

347 5661 504 5713 τοῦτο
546 5657 576 5713 ὁ
623 5657 803 5720 κτίσας
854 5643 1072 5726 ἐποίησε
1134 5643 1286 5735 Θεὸς,
1344 5643 1564 5736 ἀνδράσι⁷
1587 5652 1643 5712 δὲ
1672 5653 1997 5733 ἀνάρμοστον

2083 5646 2433 5712 indecorum
2465 5653 2626 5712 esset
2653 5645 3000 5712 hominibus
3026 5665 3044 5725 ;
3073 5645 3178 5710 sed
3201 5651 3264 5710 et
3290 5643 3566 5728 quintum
3588 5645 3744 5710 Gan-
