4176 6378
462 238 594 305 .739

1365 234 1785 321 MIGHAELIS
1824 231 2248 304 CERULARII
2291 237 2406 307 CP.
2450 238 2975 305 PATRIARGHIE

3751 229 3875 301 740

470 373 704 456 grensis
724 372 933 457 synodi
956 389 1250 436 canonem
1273 370 1350 434 de
1373 371 1450 434 iis
1469 371 1574 455 qui
1597 391 1631 435 a
1656 372 1884 455 nuptiis
1904 373 2125 438 abhor-

2211 367 2538 450 ἐδικαίωσεν,
2597 373 2735 432 ἀλλὰ
2790 375 2879 432 καὶ
2932 375 3024 433 τὸν
3077 371 3330 454 τέταρτον
3385 372 3486 439 τῆς
3542 371 3598 429 ἐν
3656 370 3869 450 Γάγγρᾳ

472 470 633 542 rent,
668 465 863 547 palam
907 468 1389 541 contemnentes,
1432 461 1536 544 qui
1585 462 1769 526 dicit:
1798 462 1878 527 Si
1906 466 2045 545 quis
2071 481 2133 526 se

471 553 700 617 dividit
719 571 758 616 a
776 551 1122 635 presbytero
1141 554 1678 632 conjugato,quasi
1691 570 1813 615 non
1832 559 2125 634 oporteat,

466 649 798 723 postquam
810 641 1170 705 illesacrum
1179 639 1421 720 fecerit,
1447 640 1621 703 illius
1637 640 1968 705 oblationis
1981 660 2133 724 par-

474 732 715 813 ticipem
736 732 897 813 ﬁeri,
922 729 1248 794 anathema
1273 730 1378 802 sit;
1408 737 1467 791 et
1487 729 1546 791 in
1571 729 1683 792 hoc
1702 729 1877 791 etiam
1904 738 2128 793 sextam

474 820 765 902 synodum
781 820 1151 901 rejicientes,
1172 826 1230 880 et
1249 826 1726 900 contemnentes,
1747 838 1878 900 quae
1896 819 1976 882 ait
1992 838 2122 895 can.

474 911 498 972 1
515 909 551 976 3
573 930 587 974 :
613 909 915 986 Quoniam
932 910 1223 973 Romana
1247 906 1546 971 Ecclesiae
1556 925 1671 988 pro
1686 925 1918 971 canone
1939 909 2130 972 tradi-

474 1011 602 1069 tum
631 1022 757 1067 esse
786 1003 1205 1084 cognovimus,
1237 1007 1309 1063 ut
1348 1002 1458 1081 qui
1486 1001 1565 1065 ad
1593 1001 2011 1079 diaconatum,
2034 1002 2130 1065 vel

472 1094 959 1176 presbyteratum
984 1089 1375 1171 promovendi
1402 1098 1569 1163 sunt,
1600 1091 2029 1171 proﬁteantur,
2066 1109 2131 1154 se

474 1201 600 1247 non
621 1182 890 1263 amplius
914 1183 1043 1243 suis
1062 1179 1361 1243 uxoribus
1382 1180 1861 1261 conjungendos,
1887 1197 2000 1243 nos
2023 1198 2133 1244 an-

476 1275 675 1352 tiquos
701 1287 967 1334 canones
994 1267 1338 1350 apostolica:
1352 1270 1759 1349 perfectionis,
1775 1270 2130 1351 ordinisque

473 1366 806 1437 servantes,
830 1359 1166 1431 hominum,
1193 1362 1304 1439 qui
1322 1365 1466 1421 sunt
1499 1360 1568 1422 in
1605 1361 1820 1441 sacris,
1841 1360 2131 1441 eoujugia

2213 460 2426 521 συνόδου
2507 467 2626 545 περὶ
2692 470 2800 522 τῶν
2878 465 3049 545 γάμον
3117 458 3548 541 βδελυσσομένων
3630 467 3868 544 φανερῶς

2212 549 2584 628 ἀτιμάζοντες,
2642 552 2701 618 ὅς
2766 576 2951 634 φησιν,
3006 571 3037 612 ε
3094 550 3163 611 Εἴ
3218 575 3299 618 τις
3354 550 3668 633 διακρίνοιτο
3724 550 3867 631 παρᾶ

2211 640 2556 723 πρεσϐυτέρου
2638 643 3013 724 γεγαμηκότος
3113 643 3188 708 ὡς
3286 641 3367 718 μὴ
3451 646 3651 722 χρῆναι
3744 638 3864 697 λει-

2210 733 2404 811 τουργή
2412 755 2601 799 σαντος
2738 735 2894 790 αὒτοῦ
3001 737 3303 813 προσφορᾶς
3412 726 3860 807 μεταλαμϐάνειν,

2211 818 2445 897 ἀνάθεμα
2475 820 2611 878 ἔστω
2647 839 2661 852 ·
2714 845 2742 877 ρ
2774 821 2898 879 κατ’
2927 822 3054 878 αὐτὸ
3091 818 3147 876 δὲ
3197 828 3353 879 τοῦτο
3402 820 3493 877 καὶ
3545 819 3644 887 τὴν
3700 816 3861 886 ἕκτην

2211 907 2419 967 σύνοδον
2501 911 2802 977 ἀθετοῦντες
2885 912 2974 968 καὶ
3058 910 3426 986 ἀτιμάζοντες,
3513 907 3551 976 ἥ
3634 930 3795 990 φησιν
3840 923 3860 943 ⁸

2217 1021 2245 1052 ιι
2307 996 2525 1068 Ἐπειδὴ
2568 1001 2622 1057 ἐν
2668 996 2741 1078 τῇ
2795 991 3071 1076 Ῥωμαίων
3123 996 3418 1071 Ἐκκλησία
3460 998 3513 1057 ἐν
3568 998 3711 1064 τάξει
3753 1019 3859 1054 κα-

2211 1088 2360 1155 νόνος
2453 1088 2832 1170 παραδεδόσθαι
2922 1088 3241 1168 διάγνωμεν,
3335 1088 3456 1154 τοὺς
3569 1086 3860 1165 μέλλοντας

2210 1175 2476 1260 διακόνου,
2568 1179 2605 1248 ἢ
2696 1177 3045 1259 πρεσϐυτέρου
3141 1177 3404 1245 ἀξιοῦσθαι
3500 1178 3855 1260 χειροτονίας,

2207 1266 2617 1350 καθομολογεῖν,
2677 1271 2761 1351 ὡφ
2826 1268 3000 1327 οὐκέτι
3064 1280 3186 1333 ταῖς
3257 1269 3428 1325 αὐτῶν
3511 1268 3860 1325 συνάπτονται

2208 1370 2494 1434 γαμεταῖς,
2568 1360 2733 1434 ἡμεῖς
2817 1358 3061 1439 ἀρχαίοις
3158 1354 3586 1422 ἐξακολοθοῦντες
3675 1354 3861 1413 κανόσι

2207 1448 2307 1512 τῆς
2386 1445 2744 1515 ἆποστολικῆς
2819 1444 3085 1527 ἀκριϐείας
3153 1447 3243 1502 καὶ
3324 1445 3546 1526 τάξεως,
3621 1445 3689 1501 τὰ
3754 1448 3861 1500 τῶν

2208 1535 2359 1614 ἱερῶν
2442 1533 2641 1616 ἀνδρῶν
2720 1536 2858 1593 κατὰ
2929 1536 3121 1612 νόμους
3191 1535 3510 1611 συνοικέσια,
3586 1536 3693 1591 ἀπὸ
3770 1540 3863 1589 τοῦ

450 1451 760 1531 .deinceps
787 1466 870 1512 ea:
900 1449 1014 1512 hoc
1043 1448 1328 1528 temporis
1358 1456 1653 1511 momento
1694 1449 1882 1529 ﬁrma
1910 1456 1967 1513 et
1992 1456 2125 1512 sta-

474 1538 624 1603 bilia
652 1555 779 1602 esse
803 1540 1108 1618 volumus,
1140 1553 1534 1616 nequaquam
1563 1554 1773 1600 eorum
1799 1555 1936 1600 cum
1962 1555 2126 1600 uxo-

473 1629 647 1693 ribus
669 1629 1157 1707 coniunctionem
1188 1625 1607 1703 dissoloentes,
1629 1626 1723 1689 uel
1752 1644 1852 1690 eos
1877 1633 2127 1705 mutua,

2210 1632 2297 1682 νῦν
2381 1623 2629 1704 ἐῤῥῶσθαι
2729 1623 3049 1703 βουλόμεθα,
3154 1621 3416 1701 μηδαμῶς
3497 1625 3669 1681 αὐτῶν
3760 1621 3860 1689 τὴν

473 1725 729 1799 tempore
737 1716 1145 1790 convenienti,
1164 1714 1601 1778 consuetudine
1617 1720 1954 1796 prioantes.
1966 1714 2133 1793 Qua-

2215 1714 2347 1792 πρὸς
2414 1715 2509 1780 τὰς
2578 1715 2814 1794 γαμετὰς
2890 1715 3169 1795 συνάφειαν
3234 1711 3555 1794 διαλύοντες,
3622 1712 3658 1783 ἢ
3729 1712 3862 1769 ἀπο-

473 1806 748 1870 mobrem
771 1806 824 1868 si
853 1806 991 1886 quis
1017 1804 1242 1885 dignus
1265 1805 1547 1867 inventus
1559 1805 1785 1882 fuerit,
1814 1809 1922 1884 qui
1938 1804 2132 1886 hypo-

2216 1812 2517 1885 στεροῦντες
2575 1805 2761 1870 αὐτούς
2847 1808 2947 1871 τῆς
3017 1804 3148 1884 πρὸς
3218 1802 3480 1875 ἀλλήλους
3551 1804 3687 1860 κατὰ
3743 1824 3860 1858 και·-

474 1896 800 1990 diaconus,
833 1893 930 1956 vel
958 1893 1276 1990 diaconus,
1309 1891 1402 1990 vel
1440 1892 1756 1974 presbyter
1783 1894 2126 1990 ordinetur,

2214 1894 2305 1972 ρὸν
2368 1890 2491 1950 τὸν¹
2527 1896 2866 1974 προσήκοντα
2936 1893 3171 1970 ὁμιλίας,
3264 1904 3402 1950 Ωστε
3454 1892 3509 1950 εἴ
3578 1916 3659 1957 τις
3717 1890 3859 1958 ἄξιος

476 1986 532 2049 is
560 1984 645 2047 ad
668 1985 855 2047 talem
872 1981 1132 2063 gradum
1155 1982 1387 2044 assumi
1407 1998 1797 2062 nequaquam
1817 1982 2130 2063 prohibea-

2214 1982 2395 2062 εὑρεθῇ
2477 1985 2610 2064 πρὸς
2703 1983 3031 2065 χειροτονίαν
3114 1981 3374 2055 διακόνου,
3462 1984 3499 2052 ἢ
3566 1980 3856 2040 ὑποδιακό-

478 2081 602 2149 tur,
636 2073 691 2134 si
721 2089 859 2135 cum
891 2071 1160 2148 legitima
1209 2088 1397 2132 uxore
1442 2069 1760 2135 cohabitet.
1789 2070 1909 2136 Sed
1936 2090 2131 2153 neque

2210 2093 2324 2152 νου,
2384 2075 2536 2139 οὗτος
2604 2072 2866 2150 μηδαμῶς
2943 2071 3224 2131 κωλυέσθω
3305 2071 3390 2129 ἐπὶ
3471 2075 3563 2129 τὸν
3618 2079 3858 2129 τοιοῦτον

476 2161 889 2225 ordinationis
920 2167 1181 2240 tempore
1226 2158 1301 2222 ab
1340 2176 1409 2221 eo
1438 2158 1805 2240 postuletur,
1839 2169 1906 2223 ut
1926 2162 2125 2242 proﬁ-

475 2256 674 2314 teatur
715 2266 780 2312 se
827 2266 867 2312 a
910 2247 1183 2328 legitima
1229 2264 1366 2310 cum
1431 2265 1631 2311 uxore
1687 2250 2127 2314 consuetudine

473 2340 923 2411 abstenturum,
956 2353 1035 2399 ne
1063 2356 1143 2397 ex
1176 2353 1245 2400 eo
1291 2354 1329 2398 a
1372 2338 1499 2400 Deo
1529 2336 1893 2402 constitutus
1924 2346 1984 2403 et
2014 2357 2129 2403 sua

467 2431 796 2511 praesentia
816 2426 1164 2490 benedictus
1192 2431 1453 2507 nuptias
1480 2427 1717 2506 injuria
1743 2428 1992 2509 afﬁcere
2021 2447 2124 2493 co-

471 2535 722 2600 gamur,
755 2515 1107 2597 evangelica
1136 2532 1277 2578 voce
1307 2514 1718 2581 exclamante:
1742 2537 1770 2578 α
1789 2517 1943 2595 Quae
1963 2518 2127 2584 Deus

472 2607 812 2688 conjunxit,
845 2605 1020 2668 homo
1048 2622 1175 2668 non
1212 2611 1456 2686 separet
1473 2605 1534 2667 4:
1569 2625 1599 2666 ‹
1624 2613 1681 2670 et
1698 2607 1985 2689 Apostolo
2014 2608 2124 2673 do-

474 2702 646 2762 cente
674 2717 689 2755 :
720 2718 744 2753 ιι
768 2693 1172 2758 Honorabiles
1191 2696 1464 2775 nuptias,
1491 2702 1547 2758 et
1571 2694 1817 2759 thorum
1836 2699 2128 2763 immacu-

475 2788 673 2850 latum
693 2783 726 2834 3
745 2806 765 2847 :
786 2791 866 2858 et,
896 2805 927 2845 ‹
947 2782 1252 2865 Alligatus
1282 2801 1340 2846 es
1370 2786 1586 2861 uxori,
1614 2801 1692 2847 ne
1722 2803 1923 2865 quaere
1950 2790 2121 2851 solu-

478 2874 800 2939 tionem3.»
826 2872 896 2937 Si
911 2874 1048 2954 quis
1077 2889 1217 2952 ergo
1234 2878 1459 2952 prater
1478 2876 1834 2953 apostolicos
1862 2893 2127 2942 canones

474 2964 765 3027 incitatus
796 2962 877 3025 sit
911 2960 1182 3042 aliquem
1221 2978 1461 3037 eorum,
1484 2967 1593 3042 qui
1628 2971 1769 3027 sunt
1801 2965 1870 3028 in
1905 2972 2121 3045 sacris,

466 3052 967 3136 presbyterorum
1007 3051 1339 3129 inquimus,
1373 3051 1471 3114 vel
1503 3052 1937 3129 diaconorum,
1971 3074 2123 3120 con—

472 3146 785 3220 iunctione
830 3157 966 3204 cum
1017 3142 1290 3219 legitima
1336 3158 1562 3224 umore,
1595 3145 1654 3206 ei
1690 3146 2128 3211 consuetudine

2207 2161 2410 2237 βαθμὸν
2518 2160 2987 2235 ἐπαναϐιϐάζεσθαι
3087 2161 3298 2239 νομίμῳ
3388 2169 3642 2219 συνοικῶν
3750 2183 3856 2239 γα-

2206 2257 2368 2328 μετῇ,
2441 2253 2579 2328 μήτε
2663 2252 2773 2329 μὴν
2844 2251 2900 2308 ἐν
2976 2254 3054 2327 τῷ
3118 2257 3219 2319 τῆς
3292 2252 3619 2331 χειροτονίας
3690 2256 3859 2331 καιρῷ

2207 2338 2526 2397 ἀπαιτείσθω
2608 2339 2919 2422 ὁμολογεῖν,
3008 2341 3084 2405 ὡς
3168 2339 3528 2412 ἀποστήσεται
3601 2345 3700 2408 τῆς
3776 2361 3861 2398 νο·-

2206 2431 2368 2505 μίμου
2451 2430 2583 2509 πρὸς
2654 2431 2756 2498 τὴν
2841 2428 3034 2488 οἰκείαν
3116 2430 3357 2508 γαμετὴν
3443 2428 3681 2511 ὁμιλίας,
3764 2428 3858 2487 ἵνα

2207 2519 2318 2595 μὴν
2396 2517 2627 2578 ἐντεῦθεν
2706 2522 2798 2577 τὸν
2880 2519 2942 2577 ἐκ
3028 2526 3161 2580 Θεοῦ
3247 2519 3687 2596 νομοθετηθέντα,
3770 2520 3859 2577 καὶ

2208 2606 2557 2688 εὖλογηθέντα
2660 2614 2730 2687 τῇ
2827 2609 2983 2667 αῦτοῦ
3078 2610 3359 2691 παρουσίᾳ,
3444 2610 3617 2689 γάμον
3694 2613 3857 2668 καθυ-

2205 2696 2395 2778 ϐρίζειν
2465 2695 2846 2775 ἐκϐιασθῶμεν,
2923 2704 3024 2767 τῆς
3104 2708 3195 2759 τοῦ
3280 2699 3599 2779 Εὗαγγελίου
3676 2705 3858 2781 φωνῆς

2208 2786 2507 2865 ἐκϐοώσης,
2586 2807 2614 2850 ς
2670 2791 2772 2855 Οὓς
2842 2791 2870 2846 ὁ
2940 2789 3071 2853 Θεὸς
3149 2787 3347 2862 ἔζευξεν
3422 2787 3718 2871 ἅνθρωπος,
3779 2791 3858 2867 μὴ

2207 2876 2506 2958 χωριζέτω,
2584 2901 2614 2934 ι
2698 2880 2788 2936 καὶ
2890 2884 2981 2952 τοῦ
3073 2877 3398 2935 Ἀποστόλου
3497 2877 3856 2961 διδάσκοντος,

2210 2986 2242 3027 (
2302 2967 2487 3043 Τίμιον
2569 2969 2663 3025 τὸν
2736 2967 2905 3047 γάμον
2983 2966 3038 3023 ἐν
3123 2973 3279 3043 πᾶσι,
3359 2967 3448 3024 καὶ
3516 2968 3617 3036 τὴν
3674 2969 3858 3036 κοίτην

2207 3056 2484 3133 ἀμίαντον,
2547 3080 2577 3114 ι»
2663 3058 2776 3135 καὶ,
2854 3079 2883 3112 α
2963 3053 3178 3113 Δέδεσαι
3262 3057 3490 3136 γυναικὶ,
3555 3059 3635 3134 μὴ
3709 3059 3857 3130 ζήτει

2207 3144 2383 3210 λύσιν,
2450 3168 2475 3202 ι
2536 3145 2609 3205 Εἴ
2663 3169 2745 3212 τις
2817 3145 2906 3203 οῦν
2956 3144 3207 3223 τολμήσῃ
3262 3147 3406 3227 παρὰ
3459 3149 3583 3211 τοὺς
3634 3146 3860 3205 ἀποστο-

471 3233 748 3314 privare,
783 3229 1143 3311 deponatur.
1170 3229 1471 3294 Similiter
1493 3241 1553 3294 et
1577 3238 1636 3295 si
1663 3238 1801 3314 quis
1810 3234 2146 3318 presbyter.

2210 3234 2389 3299 λικοὺς
2452 3235 2678 3301 κανόνας
2733 3235 3062 3312 κινούμενος,
3136 3236 3255 3292 τινὰ
3327 3241 3434 3292 τῶν
3515 3236 3856 3318 ἱερουμένων,

474 3323 577 3385 vel
595 3320 888 3384 diaconus
909 3335 1084 3383 suam
1111 3335 1359 3382 uxorem
1375 3325 1626 3401 pietatis
1650 3329 1953 3404 praetextu
1994 3330 2120 3406 eje-

2210 3321 2569 3406 πρεσϐυτέρων
2644 3325 2839 3406 φαμὲν,
2925 3324 2964 3391 ἣ
3032 3322 3308 3399 διακόνων,
3385 3325 3424 3393 ἢ
3501 3324 3862 3384 ὑποδιακόνων

473 3411 654 3486 cerit,
683 3415 1048 3490 segregetur,
1080 3414 1138 3471 et
1158 3409 1214 3471 si
1236 3415 1579 3494 perseveret
1597 3412 1971 3494 deponatur.

2205 3426 2523 3494 ηποστερεϊν
2551 3419 2649 3483 τῆς
2681 3416 2811 3495 πρὸς
2858 3413 2957 3482 τὴν
3007 3416 3233 3491 νόμιμον
3288 3427 3519 3493 γυναῖκα
3556 3417 3861 3496 συναφείας,

473 3501 564 3559 καὶ
617 3500 948 3589 κοινωνίας,Δ
972 3500 1353 3589 καθαιρείσθω,
1374 3491 1643 3566 Ὡσαύτως
1666 3491 1759 3559 καὶ
1802 3504 1856 3559 εἴ
1910 3528 1992 3571 τις
2048 3491 2419 3589 πρεσϐύτερος,
2496 3502 2534 3573 ἢ
2589 3491 2831 3568 διάκονος
2884 3503 2982 3572 τὴν
3050 3503 3236 3562 ἑαυτοῦ
3297 3491 3527 3583 γυναῖκα
3603 3491 3863 3588 προιράσει

474 3587 749 3655 εὒλαϐείας
806 3586 1109 3680 ἐκϐάλλω,
1146 3588 1469 3670 ἀφοριζέσθω
1502 3609 1517 3626 θ
1578 3591 1843 3669 ἐπιμένων
1912 3593 1968 3652 δὲ
2022 3586 2384 3680 καθαιρείσθω.

558 3680 778 3740 Praeter
805 3677 1154 3769 haec_omnia
1180 3680 1333 3742 nihil
1363 3681 1608 3744 omnino
1630 3683 1955 3766 sapientes,
1988 3685 2131 3769 Spi-

475 3769 658 3831 ritum
689 3785 812 3829 non
838 3785 909 3829 ex
928 3766 1128 3844 Patre,
1161 3769 1266 3832 sed
1289 3788 1359 3832 ex
1380 3769 1533 3833 Filio
1559 3791 1796 3855 quoque
1835 3766 2134 3839 aﬂirmant

476 3855 836 3938 procedere;
870 3874 1008 3917 cum
1037 3873 1242 3921 vocem
1265 3858 1428 3921 illam
1453 3877 1648 3941 neque
1667 3861 1740 3924 ab
1754 3864 2131 3944 evangelistis

474 3944 774 4036 habeant,
791 3962 989 4036 neque
1016 3944 1435 4029 blasphemum
1464 3950 1579 4013 hoc
1608 3950 1822 4031 dogma
1841 3972 1876 4015 a
1904 3955 2127 4036 synodo

475 4034 853 4098 tecumenica
875 4035 1215 4099 hauserint.
1246 4036 1534 4102 Dominus
1554 4039 1715 4102 enim
1738 4045 1896 4106 Deus
1926 4034 2130 4108 noster

475 4124 598 4187 ait:
632 4124 901 4205 Spiritus
925 4126 1224 4199 veritatis,
1248 4131 1353 4208 qui
1385 4146 1424 4191 a
1444 4137 1620 4210 patre
1653 4132 1927 4212 procedit
1949 4132 2128 4198 Uie-

472 4222 1009 4306 rumtamennovae
1032 4216 1284 4306 hujusce
1310 4218 1634 4298 impietatis
1663 4228 1941 4301 parentes
1986 4221 2128 4306 Spi-

473 4302 655 4366 ritum
676 4301 974 4385 inquiunt,
1012 4306 1117 4385 qui
1145 4323 1181 4367 a
1206 4305 1380 4369 Patre
1411 4315 1471 4370 et
1496 4307 1647 4370 Filio
1680 4310 1980 4391 procedit;
2007 4301 2128 4377 non

474 4392 627 4455 illud
656 4409 864 4482 rursus
887 4395 1288 4473 attendentes,
1320 4396 1373 4458 si
1410 4396 1474 4458 in
1516 4415 1634 4479 quo
1662 4416 1699 4460 a
1724 4401 1898 4465 Patre
1928 4402 2127 4482 Spiri-

476 4489 572 4544 tus
598 4480 895 4564 procedit,
923 4483 1255 4565 proprietas
1283 4484 1465 4561 illius,
1496 4488 1918 4568 cognoscitur;
1953 4480 2128 4555 simi-

2295 3688 2433 3768 Πρὸς
2462 3685 2549 3744 ἐπὶ
2586 3692 2717 3744 πᾶσι
2764 3683 2819 3743 δὲ
2874 3685 3081 3751 τούτοις
3136 3682 3272 3763 μηδὲ
3329 3684 3530 3745 ἐννοεῖν
3577 3685 3716 3752 ὅλως
3747 3686 3863 3747 ἐθέ-

2211 3776 2417 3858 λοντες,
2451 3776 2507 3832 ἐν
2565 3779 2651 3839 οἷς
2706 3776 2768 3833 τὸ
2824 3781 3039 3851 Πνεῦμα
3093 3777 3188 3832 οὐκ
3229 3775 3291 3832 ἐκ
3330 3782 3424 3833 τοῦ
3469 3778 3696 3859 Πατρὸς,
3725 3777 3862 3836 ἀλλᾶ

2210 3869 2300 3926 καὶ
2356 3867 2416 3924 ἐκ
2467 3872 2562 3923 τοῦ
2604 3868 2726 3923 Υἶοῦ
2779 3887 2937 3945 φασιν
2992 3864 3385 3946 ἐκπορεύεσθαι,
3444 3864 3526 3924 ὅτι
3581 3866 3699 3925 οὔτε
3755 3868 3861 3929 ἀπὸ

2211 3954 2598 4037 εῦαγγελιστῶν
2664 3957 2763 4023 τὴν
2826 3953 3007 4036 φωνὴν
3064 3953 3249 4036 ἔχουσι
3306 3957 3528 4033 ταύτην,
3594 3957 3713 4016 οὔτε
3755 3958 3862 4016 ἀπὸ

2210 4047 2580 4126 οἰκοῦμενικῆς
2626 4041 2841 4103 συνόδου
2897 4044 2958 4099 τὸ
3000 4042 3317 4126 βλάσφημον
3359 4052 3515 4104 τοῦτο
3573 4047 3859 4116 κέκτηνται

2208 4133 2404 4215 δόγμα.
2441 4124 2498 4192 Ὀ
2529 4134 2628 4209 μὲν
2675 4133 2776 4214 γὰρ
2826 4132 3012 4213 Κύριος
3074 4135 3102 4189 ὁ
3144 4124 3273 4200 Θεὸς
3325 4136 3479 4211 ἡμῶν
3508 4159 3663 4219 φησι,
3716 4157 3746 4198 ι
3789 4140 3862 4198 Τὸ

2208 4231 2423 4301 Πνεῦμα
2500 4228 2600 4292 τῆς
2670 4221 2940 4298 ἀληθείας,
3029 4223 3057 4279 ὃ
3130 4226 3272 4305 παρᾶ
3349 4235 3442 4285 τοῦ
3512 4229 3716 4308 Πατρὸς
3774 4228 3863 4286 ἐκ·

2208 4314 2510 4394 πορεύεται.
2569 4334 2593 4371 ι)
2664 4314 2725 4370 Ol
2789 4309 2843 4368 δὲ
2904 4316 3004 4380 τῆς
3060 4318 3251 4382 καινῆς
3306 4315 3504 4384 ταύτης
3561 4313 3861 4384 δυσσεϐείας

2207 4403 2431 4483 πατέρες
2485 4403 2548 4460 τὸ
2590 4402 2801 4478 Πνεῦμά
2843 4423 3023 4482 φασιν,
3086 4403 3116 4459 ὃ
3171 4404 3314 4483 παρὰ
3365 4415 3458 4465 τοῦ
3506 4408 3712 4487 Πατρὸς
3768 4409 3860 4466 καὶ

2207 4493 2301 4550 τοῦ
2397 4495 2518 4550 Υἶοῦ
2600 4491 2935 4573 ἐκπορεύεται
2970 4507 2985 4523 ⁶
3070 4490 3209 4550 ἀλλὰ
3307 4493 3446 4571 μηδὲ
3541 4502 3861 4578 συνορῶντες

477 4571 614 4668 liter
642 4569 782 4668 et_si
801 4570 865 4668 in
896 4590 1012 4654 quo
1034 4583 1356 4668 generatur
1374 4573 1582 4668 Ij‘ilius,
1780 4598 1797 4656 ;
1826 4587 1890 4643 et
1920 4599 2130 4662 proce-

2210 4581 2369 4640 πάλιν
2427 4584 2502 4647 ὡς
2559 4582 2604 4638 εἰ
2645 4581 2701 4637 ἐν
2841 4580 2983 4660 παρὰ
3022 4590 3115 4641 τοῦ
3157 4569 3362 4663 Πατρὸς
3419 4569 3756 4666 ἐκπορεύεται
3797 4590 3861 4646 τὸ

477 4658 590 4738 dit,
621 4668 685 4751 ut
712 4659 1176 4751 ipsinugantur,
1211 4671 1271 4726 et
1299 4662 1558 4744 Spiritus
1586 4683 1621 4727 a
1647 4664 1821 4747 Filio,
1857 4658 2129 4751 pluribus

475 4748 945 4843 proprietatibus
995 4751 1280 4843 Spiritum
1312 4770 1371 4843 ay
1392 4750 1580 4843 Patre:
1613 4748 1899 4837 discerni,
1947 4779 2128 4843 quam

476 4838 720 4931 Filium.
753 4837 1084 4903 Commune
1125 4842 1296 4931 enim~
1335 4840 1593 4931 Spiritui
1618 4850 1678 4906 et
1705 4845 1856 4910 Filio
1897 4837 2129 4931 eat—ipso

474 4930 650 4992 Patre
695 4944 1039 5009 processus,
1098 4929 1339 5012 propria
1385 4949 1525 4994 vero
1558 4928 1815 5013 Spiritus
1854 4954 1926 4999 ex
1954 4928 2128 5001 Patre

476 5014 810 5106 processio,
862 5035 983 5106 non
1011 5035 1152 5106 vero
1220 5037 1256 5081 a
1302 5018 1478 5082 Filio.
1530 5017 1701 5092 Quod
1757 5022 1809 5084 si
1856 5024 2129 5106 pluribus

475 5103 838 5168 differentiis
916 5105 1173 5189 Spiritus
1244 5126 1419 5190 quam
1480 5106 1669 5172 Filius
1734 5103 2124 5194 discernitur,

476 5194 821 5287 proximior
836 5195 952 5287 erit
984 5198 1255 5261 Paternae
1301 5197 1646 5262 substantiae
1692 5197 1905 5283 Filius,
1950 5223 2127 5287 quam

474 5281 752 5365 Spiritus.
775 5284 853 5347 Et
871 5285 957 5348 sic
976 5304 1188 5351 rursus
1207 5288 1544 5354 Macedonii
1567 5291 1627 5352 in
1649 5281 1934 5373 Spiritum
1960 5281 2131 5361 sanc-

474 5377 607 5438 tum
637 5379 886 5439 conatus
920 5386 1251 5457 emergant,
1308 5396 1516 5442 eorum
1560 5378 1799 5465 drama,
1846 5401 2128 5450 scenam-

2211 4677 2448 4748 Πνεῦμα,
2517 4673 2553 4740 ἡ
2588 4695 2593 4698 ·
2631 4668 2832 4738 ἰδιότης
2911 4669 3317 4749 ἐπιγινώσκεται
3395 4676 3553 4733 αὐτοῦ
3584 4692 3598 4706 '
3673 4679 3857 4735 ὡσαύ-

2209 4784 2317 4826 τως
2386 4761 2475 4819 καὶ
2542 4762 2587 4818 εἰ
2641 4759 2697 4816 ἐν
2753 4764 2799 4836 ᾧ
2847 4766 3091 4839 γεννᾶται
3163 4763 3192 4818 ὁ
3252 4762 3396 4844 Υἱὸς,
3452 4766 3489 4833 ἡ
3540 4772 3635 4824 τοῦ
3686 4770 3806 4825 Υἱοῦ
3836 4787 3856 4807 ο

2212 4850 2549 4931 ἐκπορεύεται
2595 4848 2651 4906 δὲ
2704 4852 2779 4916 ὡς
2822 4851 2851 4906 ὁ
2893 4851 3064 4906 αὐτῶν
3092 4848 3254 4930 λῆρος
3310 4854 3400 4910 καὶ
3454 4855 3516 4911 τὸ
3546 4854 3757 4934 Πνεῦμα
3799 4856 3860 4916 ἐκ

2211 4947 2305 4998 τοῦ
2378 4943 2523 5012 Υἱοῦ,
2599 4937 2836 4998 πλείοσιν
2918 4937 3278 4997 διαστέλλεται
3347 4943 3408 5000 τὸ
3478 4950 3692 5022 Πνεῦμα
3766 4957 3859 5008 τοῦ

2209 5030 2435 5111 Πατρὸς,
2469 5027 2605 5109 ἤπερ
2648 5030 2677 5086 ὁ
2732 5029 2878 5093 Υἱὸς.
2929 5029 3116 5087 Κοινὸν
3172 5030 3272 5107 μὲν
3327 5031 3428 5113 γὰρ
3478 5035 3740 5111 Πνεύματι
3768 5037 3858 5094 καὶ

2209 5120 2317 5195 Υἶῷ
2345 5121 2382 5188 ἡ
2425 5118 2489 5175 ἐκ
2525 5123 2620 5177 τοῦ
2648 5119 2805 5176 αὐτοῦ
2848 5119 3053 5197 Πατρὸς
3083 5117 3415 5200 ἐκπόρευσις,
3447 5124 3507 5181 οῦ
3535 5125 3646 5201 μην
3690 5127 3777 5184 καὶ
3818 5128 3855 5196 ἡ

2208 5214 2305 5266 τοῦ
2357 5209 2478 5267 Υἱοῦ
2509 5227 2525 5244 ⁸
2579 5210 2624 5266 εἷ
2678 5206 2734 5264 δὲ
2790 5205 2996 5266 πλείοσι
3051 5206 3329 5291 διαφοραῖς
3379 5209 3738 5271 διαστέλλεται
3794 5214 3857 5272 τὸ

2210 5304 2425 5375 Πνεῦμα
2450 5296 2587 5380 ἤπερ
2615 5300 2645 5357 ὁ
2682 5298 2827 5379 Υἱὸς,
2879 5296 3145 5379 ἐγγυτέρω
3198 5298 3260 5359 ἂν
3318 5300 3409 5371 εἴη
3451 5307 3551 5372 τῆς
3582 5308 3856 5385 Πατρικῇς

2210 5388 2387 5454 οὐσίας
2416 5390 2445 5446 ὁ
2487 5391 2610 5454 Υἱὸς
2636 5386 2775 5471 ἤπερ
2799 5389 2863 5446 τὸ
2918 5393 3153 5469 Πνεῦμα.
3216 5392 3315 5451 Καὶ
3367 5393 3536 5461 οὕτως
3578 5395 3615 5465 ἡ
3671 5401 3861 5454 Μακε-

557 5540 581 5585 ¹
614 5540 825 5611 Matth.
848 5560 978 5625 nx,
1008 5545 1074 5612 6.
1157 5545 1187 5591 ’3
1211 5546 1396 5614 Hebr.
1427 5566 1492 5630 x,
1520 5552 1583 5616 4.
1667 5553 1697 5602 ³
1723 5555 1748 5617 Ι
1778 5551 1914 5620 Cor.
1946 5574 2055 5640 vn,
2084 5560 2194 5631 1'7.
2270 5557 2305 5609 ⁸
2326 5556 2500 5626 Joan.
2531 5574 2635 5628 xv.
2665 5556 2769 5626 26.
