4176 6370
392 299 505 364 741
1676 297 2023 366 EDICTUM

2141 299 2495 367 ΓΝΟΒΑΙιΕ.
3668 301 3790 366 742

385 433 554 494 δονίου
605 433 767 491 πάλιν
823 435 958 492 κατὰ
1011 442 1104 493 τοῦ
1163 437 1468 513 Πνεύματος
1525 435 1858 514 παρακύψειε
1915 434 2047 492 τόλ-

2141 451 2250 516 que
2280 432 2560 495 induens.
2585 429 2808 493 Praeter
2829 430 2954 512 jam
2983 429 3141 494 dicta
3170 450 3371 515 neque
3400 431 3548 496 illud
3572 451 3788 516 capere

388 546 466 601 μα
495 525 556 580 τὸ
604 523 819 581 ἐκείνων
878 523 1209 602 ὑποδυομένη
1253 524 1451 607 δρᾶμα,
1508 527 1596 582 καὶ
1659 525 1758 592 τὴν
1820 525 2046 594 σκηνήν.

2141 523 2376 586 omnino
2423 523 2652 598 volunt,
2715 539 2918 601 omne,
2974 521 3135 602 quod
3180 540 3500 586 commune
3545 542 3666 585 non
3696 531 3788 586 est

395 614 566 692 Χωρὶς
619 611 675 668 δὲ
731 618 838 670 τῶν
899 615 1216 694 εἰρημένων,
1279 613 1394 672 οὑδὲ
1452 614 1678 673 συνιέναι
1729 613 1868 679 ὅλως
1932 613 2051 670 ἐθέ-

2141 611 2398 674 omnium
2433 609 2872 685 dominatricis,
2898 617 2955 672 et
2979 611 3502 674 consubstantialis
3524 611 3784 690 Triadis,

391 701 594 779 λουσιν,
627 697 708 756 ὅτι
752 702 796 756 εἰ
838 707 968 776 πᾶν,
1017 700 1147 782 ὅπερ
1195 705 1272 779 μή
1335 703 1445 759 ἐστι
1504 703 1680 759 κοινὸν
1733 707 1832 769 τῆς
1858 724 2052 758 παντο*

2141 701 2314 764 unius
2343 701 2754 762 tantummodo
2786 718 2852 762 ex
2877 697 3070 762 tribus
3112 718 3266 762 esse.
3300 699 3418 763 Sed
3449 700 3511 762 hi
3545 701 3786 782 quidem

394 794 734 870 κρατορικῆς,
798 791 888 846 καὶ
947 793 1227 867 ὁμοουσίου
1283 791 1524 872 Τριάδος,
1580 792 1695 856 ἑνός
1752 790 1862 848 ἐστι
1891 791 2053 868 μόνου

2141 791 2244 852 hac
2292 789 2544 871 ratione,
2599 797 2659 851 et
2708 797 2915 851 contra
2967 807 3101 864 nos,
3149 797 3209 851 et
3253 789 3642 852 orthodoxam
3683 789 3792 854 Dei

395 886 501 937 τῶν
550 886 709 960 τριῶν
748 896 763 911 ⁸
818 882 912 938 οὒκ
961 881 1070 939 ἔστι
1130 880 1184 938 δὲ
1241 884 1276 951 ἡ
1320 890 1413 939 τοῦ
1459 883 1758 958 Πνεύματος
1815 879 2056 961 προϐολῆ

399 970 577 1026 κοινὸν
646 976 752 1026 τῶν
821 977 1002 1049 τριῶν.
1065 969 1214 1028 Ἀλλ’
1285 975 1334 1028 οἱ
1405 971 1502 1048 μὲν
1554 970 1720 1035 οὕτως
1786 973 1941 1046 ἡμῶν
1997 992 2055 1027 τε

397 1063 590 1137 αὐτῶν,
669 1061 758 1117 καὶ
826 1067 926 1129 τῆς
997 1060 1269 1142 ὀρθοδόξου
1347 1073 1441 1122 τοῦ
1527 1070 1657 1119 Θεοῦ
1735 1060 2054 1130 Ἐοικλησίας

396 1147 873 1233 κατηναιδεύσαντο
905 1166 919 1180 ’
977 1149 1058 1232 ἐφ’
1118 1152 1299 1233 ἐτέρας
1357 1153 1454 1230 μὲν
1513 1153 1619 1208 ἀπὸ
1677 1157 1778 1219 τῆς
1826 1148 2055 1232 πρεσϐυ-

396 1239 551 1319 τέρας
638 1229 850 1316 (Ρώμης
933 1229 1064 1320 πρδς
1163 1229 1255 1300 τδν
1353 1239 1816 1324 φιλευσεϐέστατον
1871 1229 2055 1317 Ἵὴμῶν

400 1329 755 1408 αὒτοκράτορα
823 1329 1134 1410 ἀφικόμενοι
1180 1347 1194 1360 ⁸
1255 1329 1390 1389 ἄλλα
1445 1331 1500 1388 δέ
1571 1352 1690 1387 τινα
1758 1329 1896 1386 κατὰ
1963 1335 2056 1385 τοῦ

403 1415 673 1497 ὁρθοδόξου
720 1426 818 1490 τῆς
877 1418 1199 1487 Ἐκκλησίας
1257 1420 1620 1502 πληρώματος
1678 1418 2054 1498 σκαιωρήσαν-

400 1528 488 1570 τες
516 1521 530 1536 ⁶
587 1505 791 1582 μᾶλλον
835 1505 891 1590 δὲ
947 1509 1035 1565 καὶ
1090 1511 1256 1576 αὐτὴν
1312 1512 1411 1578 τὴν
1467 1510 1645 1590 ἀρχὴν
1675 1508 2053 1583 ποιησάμενοι,

399 1597 487 1652 καὶ
546 1595 606 1652 ἐκ
676 1601 775 1664 τῆς
839 1588 1049 1673 Ῥώμης
1107 1599 1206 1675 μὲν
1263 1588 1573 1681 ἀφικέσθαι,
1627 1599 1715 1656 καὶ
1770 1599 1912 1676 παρὰ
1967 1605 2060 1654 τοῦ

398 1686 552 1742 πάπα
618 1685 984 1754 ἀποσταλῆναι
1041 1689 1399 1768 σκηψάμενοι,
1471 1701 1596 1753 ταῖς
1660 1685 1714 1743 δὲ
1785 1685 2056 1753 ἀληθείαις

399 1787 524 1838 ταῖς
592 1775 734 1854 παρὰ
802 1785 893 1834 τοῦ
977 1774 1227 1858 Ἀργυροῦ
1306 1777 1549 1858 δολεραῖς
1622 1777 1912 1846 ὑποθήκαις
1970 1776 2058 1832 καὶ

401 1861 754 1945 συμϐουλαῖς,
814 1865 960 1921 αὐτοί
1027 1888 1084 1922 τε
1154 1865 1244 1948 ἀφ’
1317 1868 1516 1924 ἑαυτῶν
1573 1866 1908 1948 ἀφικόμενοι,
1969 1865 2058 1920 καὶ

406 1955 544 2030 μήτε
596 1954 738 2031 παρὰ
790 1961 884 2011 τοῦ
941 1955 1093 2013 πάπα
1145 1955 1530 2020 ἀποσταλέντες
1565 1969 1578 1986 ⁸
1639 1953 1782 2013 ἀλλὰ
1837 1954 1923 2010 καὶ
1989 1953 2057 2010 τὰ

2139 879 2467 942 Ecclesiam
2517 878 2899 959 impudenter
2934 895 3065 940 sese
3097 887 3433 958 gesserunt,
3475 878 3549 940 ab
3599 880 3792 942 altera

2139 987 2315 1050 quam
2346 988 2381 1030 a
2411 976 2609 1031 vetere
2639 967 2829 1029 Roma
2876 966 2949 1027 ad
2999 967 3335 1048 piissimum
3374 973 3644 1031 nostrum
3667 967 3786 1030 im-

2139 1066 2474 1139 peratorem
2506 1057 2930 1131 accendentes,
2956 1064 3014 1118 et
3029 1057 3144 1118 alia
3173 1056 3442 1138 quaedam
3477 1066 3791 1120 contraor-

2138 1146 2461 1208 thodoxum
2493 1146 2776 1210 Ecclesiae
2806 1152 3024 1207 ctutum
3064 1145 3202 1208 dolo
3253 1145 3406 1207 malo
3442 1145 3786 1222 machinati,

2137 1237 2258 1298 imo
2303 1255 2440 1299 vero
2491 1246 2550 1298 et
2606 1239 2799 1316 ipsum
2846 1253 3152 1297 accessum
3203 1234 3276 1296 ab
3328 1234 3499 1297 initio
3531 1237 3788 1319 mentiti,

2139 1344 2275 1388 cum
2321 1325 2921 1388 comminiscerentur
2961 1343 3030 1388 ex
3075 1324 3224 1388 urbe
3259 1324 3447 1387 Roma
3473 1326 3788 1403 accedere,

2139 1415 2475 1497 missosque
2529 1434 2663 1478 esse
2715 1434 2751 1478 a
2805 1435 2974 1498 papa,
3027 1434 3092 1478 re
3141 1421 3340 1476 autem
3389 1415 3520 1496 ipsa
3564 1415 3790 1480 fraudis

2139 1505 2331 1586 plenis
2356 1505 2619 1580 monitis,
2652 1514 2711 1567 et
2743 1506 3012 1568 consiliis
3043 1503 3281 1585 Argyri,
3330 1506 3442 1584 ipsi
3476 1523 3546 1566 ex
3578 1523 3644 1566 se
3674 1505 3783 1568 ad-

2139 1603 2450 1669 venerant,
2476 1595 2638 1656 nullo
2661 1594 2836 1657 modo
2861 1615 2894 1657 a
2917 1613 3068 1677 papa
3090 1593 3280 1655 missi.
3302 1591 3419 1655 Sed
3453 1602 3512 1654 et
3535 1593 3788 1671 litteras,

2140 1703 2284 1765 quas
2315 1683 2388 1746 ab
2420 1701 2492 1746 eo
2531 1683 2760 1748 scilicet
2808 1683 3181 1759 deferebant,
3235 1683 3557 1744 commenti
3600 1695 3737 1745 sunt
3769 1703 3784 1748 :

2140 1772 2298 1854 quod
2328 1771 2401 1834 ab
2432 1772 2565 1834 aliis
2615 1773 2790 1835 etiam
2850 1773 3052 1835 multis
3097 1771 3360 1851 agnitum
3414 1779 3526 1852 est,
3579 1771 3684 1835 sed
3717 1792 3788 1836 eo

2141 1861 2537 1943 potissimum,
2565 1863 2722 1944 quod
2754 1863 2944 1943 palam
2976 1862 3308 1926 litterarum
3338 1859 3531 1940 sigilla
3549 1861 3788 1925 adulte-

2138 1960 2265 2013 rata
2313 1971 2447 2014 esse
2495 1953 2872 2034 deprehensa
2915 1959 3076 2015 sunt.
3128 1949 3428 2032 Scriptum
3477 1958 3674 2012 autem
3713 1951 3787 2014 ab

408 2044 698 2122 γράμματα
789 2043 823 2098 ἃ
890 2046 965 2107 ὡς
1037 2044 1132 2102 ἀπ’
1213 2045 1412 2104 ἐκείνου
1490 2044 1642 2113 δῆθεν
1719 2042 2050 2123 ἐπεφέροντο,

2141 2041 2340 2122 impiis
2369 2042 2535 2104 hisce
2573 2051 2779 2104 contra
2825 2061 2934 2104 nos
2983 2040 3315 2122 repositum
3357 2038 3573 2104 Italicis
3600 2039 3792 2103 literis

409 2131 768 2208 πλασάμενοι.
823 2140 988 2192 Τοῦτο
1061 2135 1160 2215 γὰρ
1230 2136 1336 2192 ἀπό
1404 2157 1461 2192 τε
1533 2132 1708 2191 ἄλλων
1765 2130 2055 2211 διεγνώσθη

406 2219 644 2298 πολλῶν,
677 2223 766 2278 καὶ
819 2221 925 2278 ἀπὸ
970 2231 1065 2280 τοῦ
1107 2224 1202 2289 τὰς
1231 2230 1339 2281 τῶν
1380 2224 1708 2303 γραμμάτων
1763 2219 2057 2301 σφραγῖδας

405 2309 780 2388 νενοθευμένας
863 2318 1100 2392 φανερῶς
1174 2316 1478 2393 φωραθῆναι
1514 2329 1530 2345 ⁸
1604 2311 1731 2368 αὐτὸ
1802 2310 1900 2386 μὲν
1968 2309 2057 2366 οὖν

406 2402 468 2456 τὸ
525 2402 667 2480 παρὰ
722 2406 828 2457 τῶν
901 2399 1165 2459 δυσσεϐῶν
1234 2403 1432 2460 τούτων
1488 2401 1740 2459 ἀποτεθὲν
1797 2399 2058 2481 ἔγγραφον

409 2487 526 2546 καθ’
585 2492 761 2570 ἡμῶν,
835 2489 1122 2556 Ἰταλικοῖς
1182 2493 1456 2571 γράμμασι
1519 2488 1909 2571 γεγραμμένον,
1970 2490 2058 2545 καὶ

413 2577 496 2634 ἐπὶ
578 2581 860 2660 παρουσίαν
963 2587 1069 2637 τῶν
1171 2579 1532 2638 ὁποδιακόνων
1633 2585 1732 2647 τῆς
1817 2577 2057 2658 δευτέρας

411 2665 722 2750 ἑϐδομάδος,
780 2667 905 2750 παρ’
952 2673 1122 2727 αὐτῶν
1164 2675 1371 2751 πρῶτον
1432 2671 1529 2748 μὲν
1585 2676 1654 2748 τῇ
1695 2669 1929 2749 τραπέζη
1959 2675 2060 2737 τῆς

407 2765 500 2816 τοῦ
573 2765 704 2816 Οεοῦ
774 2758 1025 2838 Μεγάλης
1095 2758 1417 2829 Ἐκκλησίας
1489 2760 1724 2818 ἐπιτεθέν
1759 2777 1773 2792 ⁸
1847 2759 2059 2839 ὕστερον

409 2847 464 2904 δὲ
526 2847 611 2907 διὰ
659 2849 720 2904 τὸ
776 2849 897 2913 τοὺς
955 2847 1331 2914 ὑποδιακόνους
1384 2849 1697 2907 ἀπώσασθαι
1749 2856 1928 2923 τοῦτο,
1973 2850 2059 2904 καὶ

405 2943 504 3005 τῆς
592 2935 730 3002 δείας
811 2936 1095 3017 ἀποῤῥίψαι
1164 2939 1454 3018 τραπέζης,
1524 2941 1612 2998 καὶ
1690 2939 2059 3018 προτείναντας

407 3028 506 3104 μὲν
561 3040 680 3091 τοῖς
736 3030 876 3085 θεῖσι
950 3026 1160 3109 λαϐεῖν,
1214 3028 1441 3094 ἐκείνους
1497 3025 1551 3084 δὲ
1609 3028 1688 3105 μὴ
1736 3026 2058 3105 βουληθῆναι

405 3126 559 3176 τοῦτο
586 3116 724 3173 κατὰ
770 3126 862 3176 τοῦ
913 3114 1132 3198 ἐδάφους
1174 3117 1341 3200 ῥιφὲν,
1403 3119 1492 3176 καὶ
1549 3119 1621 3182 εἷς
1665 3131 1860 3198 χεῖρας
1888 3115 2058 3194 ξπολ-

2137 2139 2466 2208 exaratum,
2503 2131 2637 2193 etin
2665 2130 2981 2212 praesentia
2996 2128 3542 2211 hypodiaconorum
3566 2147 3790 2192 secun-

2138 2219 2229 2280 dae
2250 2217 2640 2282 hebdomadis
2660 2220 2734 2282 ab
2760 2219 2908 2301 ipsis
2947 2219 3206 2300 primum
3239 2216 3410 2279 altari
3429 2217 3539 2280 Dei
3562 2237 3791 2300 magna;

2139 2306 2426 2370 Ecclesiae
2460 2310 2828 2389 oppositum,
2878 2307 3283 2390 postmodum,
3313 2307 3473 2388 quod
3499 2307 3794 2388 hypodia-

2140 2397 2280 2459 coni
2307 2397 2452 2460 illud
2485 2399 2941 2480 submoverunt,
2965 2405 3024 2461 et
3053 2416 3086 2459 a
3115 2415 3284 2458 sacra
3315 2414 3519 2458 mensa
3548 2396 3793 2477 abjece-

2139 2495 2305 2569 runt,
2322 2494 2382 2549 et
2409 2487 2529 2550 illis
2558 2489 2658 2570 qui
2689 2495 3110 2570 apposuerant,
3129 2493 3197 2549 ut
3213 2486 3411 2547 denuo
3425 2485 3790 2566 reciperent,

2141 2579 2606 2652 contenderunt,
2640 2577 2728 2639 illi
2755 2578 3094 2640 noluerunt.
3119 2575 3283 2639 [llius
3305 2575 3367 2636 in
3391 2574 3793 2655 pavimentum

2143 2667 2386 2746 dejecti,
2424 2686 2558 2728 cum
2580 2667 2708 2748 jam
2740 2668 2802 2729 in
2836 2686 3046 2729 manus
3075 2665 3396 2728 multorum
3429 2665 3790 2744 pervenerit,

2143 2774 2220 2818 ne
2249 2755 2595 2838 blasphema
2624 2757 3164 2837 promulgarentur,
3185 2753 3566 2817 mediocritas
3594 2764 3797 2817 nostra

2140 2845 2203 2907 in
2235 2864 2299 2907 se
2329 2845 2560 2927 recepit
2592 2867 2606 2906 :
2645 2846 2901 2927 ideoque
2934 2845 3237 2907 nonnullis
3266 2843 3700 2926 advocatis,qui
3720 2862 3795 2907 ex

2141 2935 2344 2998 Italica
2374 2935 2574 3016 lingua
2603 2937 2664 2998 in
2696 2939 2967 2998 Graecam
2999 2943 3348 2998 convertere
3378 2933 3618 3009 callent,
3649 2953 3795 3016 pro-

2143 3025 2528 3105 tospatarium
2548 3023 3480 3100 duntaxatCosmam,Romanum
3495 3025 3800 3104 Pyrum,et

2142 3117 2498 3178 monachum
2520 3115 2846 3180 Joaannem
2873 3115 3226 3198 Hispanum,
3253 3116 3606 3196 scripturam
3633 3115 3792 3177 illam

404 3205 513 3264 λῶν
556 3205 728 3281 ἐλθὸν,
779 3204 873 3263 ἵνα
931 3207 1010 3282 μὴ
1054 3205 1378 3285 δημοσιευθῇ
1433 3209 1499 3264 τὰ
1555 3207 1616 3263 ἐκ
1651 3208 1792 3282 αὐτῷ
1819 3205 2057 3287 βλασφη-

2143 3206 2204 3267 in
2229 3213 2492 3268 nostram
2517 3206 2780 3286 linguam
2817 3205 3204 3268 transvehere
3233 3203 3538 3284 imposuit.
3567 3203 3796 3266 Trans-

409 3296 668 3372 μούμενα,
701 3297 737 3364 ἡ
790 3296 1074 3376 μετριότης
1299 3294 1604 3374 ἀνελάϐετο,
1641 3297 1766 3353 εἶτα
1798 3303 1903 3352 τῶν
1957 3297 2056 3364 τὴν

2141 3295 2295 3357 versi
2314 3313 2452 3358 vero
2469 3296 2766 3358 sententia
2790 3295 2884 3357 his
2900 3295 3116 3358 iisdem
3133 3292 3330 3355 verbis
3353 3293 3435 3354 ita
3458 3310 3524 3355 se
3547 3293 3792 3358 habeat.

413 3383 632 3442 Ἰταλίδα
704 3382 946 3464 γλῶτταν
1017 3385 1089 3449 εἷς
1161 3386 1259 3453 τὴν
1335 3376 1561 3443 Ἐλλάδα
1647 3382 1998 3462 μεταϐάλλειν
2063 3383 2261 3442 εἷδότον
2332 3385 2773 3464 προκαλεσαμένη
2841 3386 3009 3461 τινὰς,
3085 3384 3248 3462 ἤγουν
3277 3383 3368 3440 τόν
3435 3385 3797 3463 προτουπαθά-

413 3497 522 3554 ριον
578 3480 816 3549 Κοσμᾶν,
875 3475 966 3531 τὸν
1040 3465 1309 3552 Ῥωμαῖον
1378 3477 1470 3532 τὸν
1532 3478 1701 3556 Πυρὸν
1757 3475 1845 3531 καὶ
1909 3475 1999 3530 τὸν
2045 3476 2288 3556 μοναχὸν
2346 3475 2599 3543 Ἰωάννην
2653 3477 2745 3532 τὸν
2805 3465 3066 3550 Ἰσπανὸν,
3103 3473 3434 3554 μεταφράσαι
3482 3473 3544 3528 τὸ
3595 3472 3796 3553 ἔγγρα-

412 3587 508 3646 φον
565 3563 911 3644 ἐπετρέχατο.
973 3565 1074 3623 Καὶ
1141 3572 1236 3624 τοῦ
1305 3565 1569 3648 ἐγγράφου
1636 3566 1778 3646 παρὰ
1848 3564 2049 3621 τούτων
2107 3565 2563 3647 μεταφρασθέντος
2623 3566 2782 3646 εἶχεν
2848 3565 2884 3633 ἡ
2928 3565 3112 3622 τούτου
3165 3564 3272 3644 ὑφὴ
3329 3564 3510 3626 αὐτοῖς
3565 3563 3796 3641 ῥήμασιν

413 3655 601 3712 οὑτωσί
631 3673 648 3689 ο

495 3768 523 3801 α
564 3726 734 3809 (ὅστις
803 3742 866 3800 ἂν
935 3749 1004 3821 τῇ
1051 3745 1248 3826 πίστει,
1307 3745 1396 3802 καὶ
1451 3751 1521 3823 τῇ
1576 3743 1726 3816 θυσίᾳ
1779 3748 1878 3811 τῆς
1934 3732 2057 3800 Ῥω-

2224 3742 2582 3824 Quicunque
2609 3744 2776 3825 ﬁdei,
2793 3752 2848 3808 et
2866 3745 3164 3826 sacriﬁcio
3184 3743 3477 3806 Romanae
3491 3748 3546 3804 et
3563 3747 3799 3822 aposto-

410 3840 615 3912 μαϊκῆς
722 3834 811 3890 καὶ
934 3833 1298 3902 ἀποπολικῆς
1402 3833 1653 3914 καθέδρας
1765 3831 2055 3912 ἀντιλέγοι,

408 3926 643 4002 ἀνάθεμα
725 3922 883 3999 ἔστω,
977 3925 1067 3982 καὶ
1177 3927 1316 4001 μήτε
1433 3923 1669 4006 δεχέσθω
1765 3921 2056 4003 ὁρθόδοξος,

407 4014 546 4072 ἀλλὰ
629 4013 863 4092 λεγέσθω
961 4013 1311 4094 Προξυμίτης,
1411 4016 1500 4072 καὶ
1595 4014 1712 4078 νέος
1793 4011 2060 4092 Ἀντίχρι-

410 4127 556 4169 στος.
617 4102 872 4183 Οὕϐερτος
935 4111 1064 4160 Θεοῦ
1134 4105 1315 4185 χάριτι
1385 4110 1483 4172 τῆς
1559 4105 1713 4183 ἁγίας
1768 4107 1874 4160 τῶν
1933 4094 2061 4160 Ῥω-

413 4194 582 4271 μαίων
715 4189 1036 4261 Ἐκκλησίας
1174 4193 1480 4262 ἐπίσκοπος,
1614 4193 1812 4274 Πέτρος
1952 4195 2057 4248 τῶν

409 4281 769 4364 Ἀμαλφηνῶν
877 4283 1318 4365 ἀρχιεπίσκοπος,
1440 4281 1759 4364 Φρεδέριχος
1883 4280 2060 4338 διάκο-

409 4394 520 4446 νος,
594 4372 683 4430 καὶ
764 4371 1143 4454 σακελλάριοςν
1190 4380 1320 4432 πᾶσι
1395 4387 1515 4438 τοῖς
1590 4379 1689 4442 τῆς
1767 4370 2051 4439 καθολικῆς

410 4460 731 4529 Ἐκκλησίας
817 4461 1044 4527 τέκνοις,
1134 4453 1196 4520 ι11
1285 4464 1406 4543 ἁγία
1490 4455 1769 4540 Ῥωμαϊκὴ
1865 4460 2053 4540 πρώτη

408 4553 498 4609 καὶ
578 4549 909 4610 ἀποστολικῆ
973 4550 1218 4633 καθέδρα,
1289 4556 1422 4633 πρὸς
1490 4553 1556 4620 ἣν
1627 4552 1718 4609 ἆίτε
1802 4549 1868 4620 δὴ
1921 4551 2053 4629 πρὸς

409 4638 673 4721 κεφαλὴν,
773 4642 809 4709 ἡ
920 4642 1128 4722 φροντὶς
1230 4648 1415 4699 πασῶν
1521 4648 1626 4699 τῶν
1721 4639 2055 4708 Ἐκκλησιῶν

410 4728 590 4794 ἰδικῶς
688 4729 995 4812 ἐφαρμόζει,
1093 4737 1192 4800 τῆς
1288 4731 1736 4810 ἐκκλησιαστικῇς
1845 4731 2058 4810 εἰρήνης

412 4822 502 4878 καὶ
583 4821 768 4902 χρείας
843 4822 1026 4902 χάριν,
1113 4824 1244 4902 πρὸς
1331 4824 1528 4890 ταύτην
1608 4824 1708 4890 τὴν
1777 4819 2061 4898 βασιλικὴν

413 4908 570 4968 πόλιν
647 4911 791 4985 ἡμᾶς
889 4910 1313 4992 ἀποκρισιαρίους
1411 4914 1573 4980 αὐτῆς
1660 4917 1882 4980 ποιῆσαι
1971 4931 2065 4966 κα-

413 4997 667 5066 τηξίωσεν
701 5015 715 5030 ⁸
819 4999 938 5076 ἵνα,
1023 5002 1219 5072 ,καθὼς
1309 5001 1624 5081 γέγραπται,
1724 4998 2062 5075 κατέλθωμεν

415 5090 504 5146 καὶ
561 5086 765 5166 ἴδωμεν
840 5092 885 5146 εἰ
967 5088 1068 5170 ἄρα
1143 5090 1282 5172 ἐργω
1335 5090 1682 5172 πεπλήρωται
1738 5091 1774 5160 ἡ
1842 5089 1968 5166 βοὴ,
2029 5089 2066 5157 ἦ

415 5176 761 5244 ἀδιαστίκτως
877 5179 937 5238 ἐκ
1054 5180 1382 5250 τηλικαύτης
1489 5181 1700 5246 πόλεως

407 5269 546 5347 πρὸς
577 5269 644 5324 τὰ
671 5268 784 5325 ὦτα
838 5271 1001 5338 αὐτῆς
1032 5286 1047 5302 ⁶
1105 5271 1149 5327 εἰ
1204 5267 1260 5326 δὲ
1305 5272 1394 5328 καὶ
1449 5271 1528 5347 μὴ
1581 5270 1646 5338 ἧν
1689 5268 1879 5343 οὗτως,
1927 5274 2062 5348 γνῷ,

437 5361 566 5417 Οθεν
637 5358 1046 5437 γινωσκέτωσαν
1129 5361 1232 5440 πρὸ
1314 5360 1411 5437 μὲν
1485 5360 1698 5420 πάντων
1781 5361 1828 5416 οἱ
1909 5355 2061 5414 δεδο-

416 5445 663 5524 ξασμένοι
750 5447 1151 5530 αὐτοκράτορες,
1227 5450 1256 5506 ὁ
1325 5448 1548 5530 κλῆρος,
1633 5450 1670 5517 ἡ
1738 5444 2060 5526 σύγκλητος,

1521 4648 1626 4699 τῶν

487 5615 522 5670 3
550 5615 702 5694 Gen.
737 5633 904 5695 XVIII,
935 5617 1036 5685 2i.

1826 5177 2065 5236 ἀνέϐαινε
2086 5169 2130 5219 Ῑ)

2141 3830 2276 3895 licae
2314 3833 2471 3896 sedis
2517 3851 2578 3896 se
2617 3839 2888 3915 opponit,
2923 3834 3250 3898 anathema
3279 3835 3383 3910 sit,
3415 3849 3530 3895 nec
3559 3831 3801 3896 dicatur

2143 3923 2540 3986 orthodoarus.
2567 3925 2674 3988 sed
2683 3924 3072 4007 Proz-ymita,
3087 3931 3145 3988 et
3160 3942 3349 3987 novus
3360 3921 3794 3986 Antichristus.

2149 4011 2401 4075 Ubertus
2428 4013 2637 4077 divina
2673 4017 2879 4096 gratia
2916 4021 3142 4078 sancta:
3180 4013 3478 4078 Romanae
3509 4011 3800 4076 Ecclesia:

2142 4103 2469 4184 episcopus,
2503 4105 2720 4167 Petrus
2765 4104 3344 4186 Amalphitanorum
3382 4102 3797 4184 archiepisco-

2135 4209 2274 4273 pus,
2299 4192 2626 4256 Federicus
2667 4194 2981 4272 diaconus,
3008 4203 3070 4258 et
3090 4193 3471 4270 sacellarius,
3497 4195 3798 4255 universae

2142 4282 2458 4345 catholicos
2485 4282 2774 4347 Ecclesiae
2801 4283 2968 4364 ﬁliis.
2994 4283 3225 4347 Sancta
3238 4285 3516 4346 Romana
3521 4282 3728 4362 prima
3741 4286 3803 4345 et

2142 4373 2474 4451 apostolica
2493 4373 2684 4455 sedes,
2699 4374 2784 4436 ad
2797 4391 3012 4453 quam,
3031 4379 3375 4455 tanquama
3385 4371 3425 4434 d
3437 4379 3802 4452 caput,cura

2137 4465 2410 4522 omnium
2426 4460 2838 4525 Ecclesiarum
2852 4464 3195 4544 specialiter
3216 4461 3566 4542 adoptatur,
3596 4459 3795 4523 eccle-

2135 4551 2403 4613 siasticae
2429 4553 2622 4631 pacis,
2663 4569 2735 4615 ac
2777 4553 3160 4615 necessitatis
3181 4551 3393 4631 gratia
3418 4549 3500 4612 ad
3521 4549 3682 4612 hunc
3703 4567 3805 4611 re-

2138 4643 2303 4718 giam
2324 4640 2538 4703 urbem
2571 4658 2680 4703 nos
2709 4657 2851 4703 suos
2875 4642 3286 4722 apocrisiaros
3306 4639 3549 4701 mittere
3571 4638 3803 4701 consti-

2141 4729 2355 4810 tuit,ut
2370 4730 2878 4808 quemadmodum
2889 4733 3175 4812 scriptum
3193 4735 3275 4792 est
3289 4727 3802 4810 5,descendamus,

2144 4823 2202 4880 et
2219 4818 2556 4894 videamus,
2575 4821 2632 4881 si
2649 4836 2828 4900 apere
2841 4821 3141 4901 completa
3158 4826 3242 4883 est
3263 4836 3403 4895 voca,
3445 4834 3582 4898 quos
3604 4817 3804 4899 conti-

2143 4923 2265 4970 nuo
2293 4924 2376 4970 ea:
2403 4925 2473 4970 ea
2500 4909 2647 4970 urbe
2675 4909 2757 4971 ad
2777 4926 2956 4973 aures
2981 4909 3154 4972 illius
3176 4907 3470 4988 ascendit,
3492 4922 3806 4988 cognosce-

2147 5003 2377 5078 retque,
2393 5003 2447 5060 st
2471 5014 2570 5060 res
2588 5000 2770 5060 aliter
2783 5016 2844 5062 se
2865 4999 3136 5062 haberet.
3157 4997 3319 5061 Hinc
3347 5005 3560 5060 notum
3584 4997 3663 5059 sit
3673 5012 3808 5078 prce

2149 5085 2448 5169 omnibus,
2477 5085 2760 5168 gloriosis
2795 5087 3294 5170 imperatoribus,
3335 5087 3516 5164 clero,
3539 5087 3804 5165 senatui,

2147 5179 2491 5258 populoque
2513 5177 3225 5260 ConstantinOpolitano,
3246 5183 3664 5259 universasque
3700 5193 3806 5241 cao

2151 5267 2392 5330 tholicoe
2411 5267 2728 5351 Ecclesiae,
2747 5287 2859 5332 nos
2880 5271 2978 5332 hic
3000 5271 3326 5350 agnovisse
3356 5268 3518 5350 quod
3539 5268 3810 5330 maxime

2148 5354 2454 5432 laetamur,
2476 5355 2726 5438 bonum,
2742 5365 2798 5420 et
2815 5363 3176 5436 maximum,
3195 5358 3361 5440 quod
3381 5356 3671 5437 afﬂictum
3698 5355 3809 5417 do-

2144 5444 2360 5521 lemus,
2375 5443 2630 5509 malum.
2643 5447 2796 5508 Nam
2817 5449 2978 5530 quod
2985 5449 3256 5532 pertinet
3270 5446 3350 5511 ad
3369 5445 3684 5512 columnas
3698 5443 3811 5508 ima
