4176 6386
3604 365 3731 440 tto
3805 462 3811 469 δ

308 372 346 438 7
352 366 437 436 45
1610 360 1957 433 EDICTUM
2000 357 2428 433 SYNODALE.

314 505 610 587 ἀδιαιρέτου
723 501 970 587 Τριάδος,
1080 512 1233 593 τοῦτε
1329 500 1684 561 ἀποστολικοῦ
1792 501 1952 593 θρόνοι

2036 503 2339 593 ,amnibus
2364 505 2693 583 haereticis,
2716 506 2843 569 imo
2862 523 3002 570 vero
3023 524 3159 571 cum
3172 507 3418 574 diabolo
3442 516 3503 575 et
3521 529 3712 593 auge,

314 600 516 662 οὔτινος
615 596 715 665 τὴν
822 595 1101 675 ἀποκρισιν
1199 592 1475 672 διέπομεν,
1571 593 1661 650 καὶ
1730 591 1952 680 Απάντω·

2053 589 2129 655 lis
2152 592 2309 671 ejus,
2330 593 2384 656 si
2394 595 2756 676 resipiscere
2776 595 3238 678 nolunt.Amen,
3252 598 3472 680 Amen,
3495 589 3713 665 Amen.

315 693 423 743 τῶν
513 683 798 766 ὀρθοδόξων
881 683 1130 765 Πατέρων
1211 690 1318 741 τῶν
1387 682 1524 740 ἐπτά
1598 677 1848 755 συνόδων,
1952 679 2058 738 ἀπὸ
2143 683 2320 751 πάσης
2419 689 2517 751 τῆς
2599 685 2890 753 καθολικῆς
2975 677 3296 754 Ἐκκλησίας
3407 677 3484 764 τῷ
3579 690 3715 749 ἀνα-

317 774 527 853 θέματι,
612 773 742 852 ὅπερ
809 776 838 831 6
920 773 1100 853 κύριος
1182 775 1338 850 ἡμῶν
1403 775 1432 830 6
1516 766 1898 833 εὒλαϐέστατος
1966 770 2149 831 πάπας
2220 780 2298 849 τῷ
2357 772 2500 849 αὖτῷ
2566 772 2817 855 Μιχαὴλ,
2902 777 2991 833 καὶ
3047 789 3167 840 τοϊς
3238 778 3381 853 αύτῷ
3434 779 3716 856 ἑπομένοις

317 864 408 921 ἐὰν
487 865 565 942 μὴ
649 866 956 937 πεισθῶσιν,
1043 862 1361 944 ἀφεφένατο,
1457 860 1634 951 οὕτωΔ
1699 858 2195 951 καθυπογράφομενε
2279 861 2507 943 Μιχαὴλ
2586 863 2653 951 6A
2709 871 3157 946 καταχρηστικῶς
3240 868 3602 951 πατριάρχης,
3688 875 3717 929 6

316 954 591 1036 νεόφυτος,
688 953 778 1009 καὶ
873 952 1021 1027 μόνῳ
1120 951 1428 1032 ἀνθρωπίνῳ
1532 945 1682 1030 φόϐῳ
1782 949 1840 1005 τὸ
1944 950 2239 1037 μοναχικὸν
2338 957 2534 1032 σχῆμα
2636 945 2938 1036 δεξάμενος,
3046 964 3135 1014 νῦν
3231 952 3286 1013 δὲ
3351 945 3717 1037 ’ἐγ-κλήμασιν

314 1034 627 1111 ἀνηκέστοις
706 1043 851 1122 παρὰ
919 1039 1134 1099 πολλῶν
1227 1037 1744 1121 διαπεφημισμένος,
1831 1037 1920 1094 καὶ
1999 1034 2119 1113 μετ’
2186 1040 2343 1097 αὒτοῦ
2441 1040 2586 1098 Λέων
2684 1044 2713 1098 6
2788 1047 2887 1111 τῆς
2924 1034 2931 1036 ⁷
2975 1040 3223 1125 Ἀχρίδας
3308 1034 3712 1132 ἐπιλεγόμενος,

313 1133 401 1188 καὶ
487 1135 515 1190 6
600 1131 944 1212 σακελλάριος
1028 1141 1123 1190 τοῦ
1207 1131 1365 1187 αὒτοῦ
1449 1125 1675 1209 Μιχαὴλ
1757 1128 1804 1219 ὁΔ
1856 1125 2181 1219 Ιξῐικηιρόρος,
2269 1127 2421 1219 ὅστις
2496 1131 2594 1198 τὴν
2665 1136 2771 1188 τῶν
2856 1132 3094 1190 Λατίνων
3176 1136 3353 1194 θυσίαν
3429 1125 3714 1219 προφανῶς

312 1222 651 1289 κατεπάτησε
732 1235 850 1285 τοῖς
937 1221 1080 1297 ποσὶ,
1166 1222 1255 1277 καὶ
1337 1220 1532 1283 πάντες
1637 1219 1683 1273 οἱ
1786 1215 2037 1292 ἑπόμενοι
2141 1221 2324 1282 αὐτοῖς
2407 1218 2460 1277 ἐν
2543 1234 2660 1285 τοῖς
2743 1222 3112 1301 προκειμένοις
3187 1215 3558 1311 πλανίσμχάι,’
3623 1233 3712 1288 καὶ

310 1308 677 1387 τολμήμασιν,
762 1309 999 1366 ἔστωσαν
1100 1309 1335 1384 ἀνάθεμα
1437 1305 1723 1387 Μαραναθά
1833 1305 1925 1362 σὺν
2029 1318 2150 1393 τοῖς
2251 1315 2640 1383 Σιμωνιακοτς,
2738 1309 3032 1386 Βαλεσίοις,
3121 1310 3441 1393 Ἀρειανοῒς,
3522 1305 3709 1378 ’Δονα-

309 1413 543 1481 τισταϊς,
578 1398 950 1475 Νικολαΐταις,
980 1396 1353 1479 Σεϐηριανοῖς,
1382 1395 1726 1477 Μανιχαίοις,
1772 1395 1863 1450 σὺν
1906 1396 1993 1457 οἷς
2022 1390 2391 1491 δογματίζουσι
2436 1399 2523 1454 καὶ
2570 1413 2687 1464 τοῖς
2736 1397 2952 1491 ἄλλοις,
2988 1400 3069 1457 ὅτι
3115 1390 3431 1482 τδὲνζυμον
3457 1405 3707 1491 ἔμψυχον

311 1490 478 1570 εἶναι,
521 1491 609 1547 καὶ
634 1490 725 1548 σὺν
754 1495 885 1546 πᾶσι
915 1502 1034 1554 τοῖς
1064 1491 1374 1569 αἱρετικοϊς,
1405 1484 1609 1563 μᾶλλον
1653 1481 1708 1540 δὲ
1749 1483 1838 1541 καὶ
1867 1482 2003 1559 μετὰ
2044 1493 2136 1543 τοῦ
2186 1482 2452 1568 διαϐόλου,
2512 1488 2600 1543 καὶ
2642 1493 2747 1545 τῶν
2803 1487 3071 1571 ἀγγέλων,
3130 1491 3219 1550 ἐὰν
3276 1494 3355 1571 μὴ
3397 1481 3703 1563 “simsim,

309 1575 508 1656 Ἀμὴν,
541 1580 707 1657 ἀμὴν,
742 1579 909 1655 ἀμήν.
949 1603 977 1635 ι

390 1678 565 1729 Ταῦτα
618 1670 716 1746 μὲν
770 1667 858 1727 οὖν
915 1669 984 1727 ea
1058 1673 1158 1737 τῆς
1230 1665 1505 1732 δυσσεϐοῦς
1573 1665 1795 1746 ταύτης,
1868 1665 1952 1722 καὶ

2117 1661 2190 1724 Et
2205 1664 2333 1727 haec
2354 1665 2599 1747 quidem
2620 1666 2681 1729 in
2703 1666 2887 1749 impio
2905 1667 3008 1731 illo
3026 1666 3249 1750 scripto
3265 1678 3324 1733 et
3341 1669 3699 1739 detestando

307 1758 517 1815 ἀνοσίου
545 1766 750 1839 γραφῆς
786 1776 801 1792 ⁶
850 1759 886 1827 ἡ
943 1757 999 1814 δὲ
1031 1757 1313 1838 μετριότης
1357 1759 1514 1834 ἡμῶν
1565 1757 1663 1825 τὴν
1693 1754 1952 1824 τηλικαύ-

2039 1753 2526 1820 continebantur.
2574 1757 2960 1822 Mediocritas
3020 1776 3161 1821 vero
3222 1768 3426 1823 nostra
3473 1772 3699 1828 tantam

307 1870 408 1916 την
448 1833 593 1908 κατᾶ-
638 1833 736 1915 τῆς
785 1833 1047 1911 εὐσεϐείας
1100 1833 1325 1924 τόλμαν,
1384 1833 1474 1904 καὶ
1540 1847 1637 1914 τὴν
1693 1841 1952 1902 ἀναίδειαν

2041 1850 2247 1906 contra
2296 1843 2579 1924 pietatem
2622 1845 2922 1909 audiciam
2957 1853 3015 1909 et
3054 1847 3483 1929 impudentiam
3541 1852 3698 1916 haud

307 1937 406 2015 μὲν
449 1936 796 2018 ἀνασχομένη
845 1934 1280 2003 ἀνεπεξέλευστον
1347 1948 1550 2013 μεῖναι,
1605 1936 1694 1992 καὶ
1743 1934 1954 2011 ἀτιμώ-

306 2049 489 2108 ρητον,
536 2034 614 2102 τῷ
666 2033 904 2106 κραταιῷ
945 2028 1034 2083 καὶ
1087 2027 1222 2105 ἁγίῳ
1274 2028 1430 2102 ἡμῶν
1485 2022 1699 2103 βασιλεῖ
1746 2024 1812 2080 τὰ
1841 2025 1959 2104 περὶ

303 2118 490 2175 τούτου
544 2114 934 2195 κοινολογεϊται
966 2134 982 2152 ·
1040 2117 1131 2173 καὶ
1185 2115 1267 2190 ὃς,
1317 2115 1452 2183 ἦσαν
1494 2116 1594 2194 γὰρ
1643 2115 1786 2170 οὗτοι
1815 2113 1957 2170 ἀπό-

304 2204 465 2283 δημοι
534 2207 635 2286 πρὸ
707 2212 834 2281 μιᾶς
902 2206 990 2262 καὶ
1060 2206 1221 2281 μόνον
1274 2204 1476 2286 ἡμέρας
1533 2204 1668 2280 μετὰ
1723 2204 1787 2260 τὸ
1840 2204 1959 2283 περὶ

303 2297 490 2354 τούτου
557 2296 849 2376 ἀνεχθῆναι
904 2301 982 2370 τῷ
1050 2294 1230 2374 κράτει
1304 2298 1483 2366 αὐτοῦ,
1542 2294 1664 2357 τοὺς
1717 2294 1791 2356 ὡς
1862 2293 1961 2360 τὴν

307 2384 668 2465 μεγαλόπολιν
760 2384 979 2449 τούτους
1071 2383 1530 2461 μετασταλοῦντας
1628 2381 1891 2458 ἐκπέμπει
1939 2400 1955 2418 ο

305 2476 395 2533 καὶ
462 2478 650 2532 θᾶττον
720 2472 1179 2551 μεταπέμπονται,
1234 2475 1322 2551 ξοῦ
1400 2471 1678 2550 βούλονται
1750 2468 1806 2528 δὲ
1889 2476 1958 2549 τῇ

304 2564 544 2644 ἡμετέρᾳ
586 2563 890 2641 μετρίότητι
945 2561 1281 2644 προσελθεῖν,
1339 2562 1375 2632 ἢ
1431 2568 1500 2641 τῇ
1553 2565 1665 2640 ἱερᾷ
1720 2561 1808 2617 καὶ
1850 2582 1954 2636 με·

307 2653 448 2735 γάλῃ
521 2650 719 2727 συνόδῳ
777 2653 850 2716 είς
903 2651 1026 2728 ὄψιν
1083 2651 1275 2727 ἐλθεῖν,
1340 2652 1431 2709 καὶ
1497 2651 1772 2731 ἀπόκρισίν
1841 2672 1957 2707 τινα

310 2742 484 2801 δοῦναι
526 2744 643 2823 περὶ
697 2744 771 2798 ῶν
827 2739 1033 2800 ἀσεϐῶν
1091 2740 1452 2822 ἀπηρεύξαντο
1485 2757 1498 2771 ⁸
1550 2737 1670 2797 ἀλλ’
1729 2737 1958 2798 ἀκολού-

311 2837 413 2898 θως
471 2832 567 2909 μὲν
622 2839 699 2907 τῷ
749 2832 917 2911 παρὸν
982 2832 1154 2889 αὐτῶν
1228 2830 1486 2888 ἐκτεθέντι
1540 2829 1808 2910 ἐγγράφῳ,
1868 2829 1957 2886 καὶ

304 2921 473 2980 πλείω
514 2919 570 2978 δὲ
598 2928 705 2979 τῶν
735 2919 789 2976 ἐν
832 2920 975 2996 αὐτῷ
1002 2920 1304 3002 γραφέντων
1356 2920 1492 2976 κατὰ
1524 2924 1645 2997 ,τῆς
1694 2917 1955 2994 ἡμετέρας

304 3012 530 3076 πίστεως
602 3008 751 3091 ’έχειν
832 3011 1002 3067 εἰπεῖν
1088 3007 1430 3066 διατείνονται
1464 3026 1479 3042 ⁸
1569 3011 1824 3088 αἱρεῖσθαι
1901 3004 1955 3063 δὲ

300 3106 479 3159 θανεῖν
512 3098 739 3177 μᾶλλον,
770 3098 807 3169 ἢ
856 3101 929 3163 εἰς
972 3096 1094 3176 ὄψιν
1148 3101 1309 3180 ἡμῖν,
1371 3102 1461 3156 καὶ
1510 3103 1580 3175 τῇ
1622 3095 1820 3170 συνόδῳ
1862 3095 1956 3153 ἐλ-

2041 1932 2344 1997 sustinens
2371 1934 2502 1996 sine
2526 1933 2823 2011 examine,
2843 1944 2903 1998 et
2922 1936 3271 2026 impunitam
3288 1942 3696 2026 praetergredi,

2040 2020 2232 2083 valido
2264 2030 2321 2085 et
2351 2032 2561 2086 sancto
2606 2023 2954 2106 imperatori
2986 2033 3191 2089 nostro
3220 2025 3298 2090 de
3326 2028 3440 2092 hac
3472 2020 3537 2099 re
3567 2020 3703 2095 ser;

2040 2129 2283 2173 monem
2312 2112 2542 2175 habuit.
2565 2113 2642 2175 At
2663 2114 2787 2191 ille,
2814 2133 3071 2196 namque
3099 2123 3238 2179 ante
3260 2137 3445 2180 unum
3470 2127 3701 2185 tantum

2045 2198 2203 2262 diem
2226 2199 2299 2262 ab
2330 2200 2480 2263 urbe
2515 2200 2941 2277 discesserant,
2978 2212 3285 2287 postquam
3318 2207 3407 2270 illi
3440 2209 3697 2274 relatum

2041 2287 2257 2365 fuerat,
2306 2288 2487 2365 viros,
2540 2290 2642 2371 qui
2693 2310 2795 2354 eos
2841 2291 2903 2355 in
2952 2293 3108 2355 hanc
3160 2312 3437 2374 magnam
3485 2297 3697 2361 urbem

2038 2379 2416 2453 reducerent,
2473 2379 2676 2455 mittit,
2725 2390 3130 2464 vocanturque
3189 2384 3524 2465 citissime,
3586 2388 3697 2450 sed

2039 2467 2253 2530 nolunt
2296 2468 2770 2533 mediocritatem
2818 2481 3083 2535 nostram
3117 2476 3462 2553 convenire,
3503 2486 3605 2540 aut
3632 2477 3698 2540 in

2039 2566 2424 2638 conspectum
2459 2567 2679 2622 sanctae
2698 2570 2757 2622 et
2778 2580 3006 2641 magna
3022 2563 3231 2644 synodi
3255 2566 3614 2646 procedere,
3635 2577 3698 2631 et

2039 2664 2392 2729 responsum
2426 2648 2725 2739 utcunQue
2755 2651 2899 2715 dare
2929 2653 3005 2714 de
3037 2652 3131 2715 his
3161 2672 3294 2735 quae
3343 2655 3461 2737 ipsi
3513 2656 3698 2739 impie

2039 2737 2442 2813 enuntiarunt,
2476 2738 2583 2800 sed
2615 2748 2678 2800 nt
2706 2738 2822 2821 ipsi
2850 2741 2913 2802 in
2943 2741 3252 2824 Scriptura
3280 2744 3355 2807 ab
3389 2744 3535 2826 ipsis
3560 2737 3693 2809 eia-

2037 2833 2165 2887 rata
2219 2836 2656 2908 expresserant,
2709 2837 2768 2890 et
2818 2829 3004 2892 multo
3064 2831 3257 2912 plura,
3320 2853 3495 2915 quam
3525 2836 3588 2897 in
3620 2855 3690 2899 eo

2038 2914 2259 2996 scripta
2287 2917 2539 2991 fuerant,
2576 2926 2782 2980 contra
2812 2927 3073 2982 nostram
3098 2921 3278 2984 ﬁdem
3310 2914 3533 2988 habere
3556 2944 3693 2989 sese

2039 3008 2434 3099 contendunt,
2464 3006 2735 3089 velleque
2765 3027 2830 3070 se
2863 3008 3056 3090 potius
3087 3021 3337 3074 mortem
3377 3023 3686 3099 oppetere,

2041 3112 2159 3155 non
2193 3102 2389 3157 tamen
2419 3096 2481 3156 in
2512 3103 2899 3179 conspectum
2932 3107 3198 3162 nostrum
3244 3109 3306 3165 et
3346 3104 3552 3184 synodi
3583 3096 3688 3169 vet;

301 3194 437 3253 θεῖν,
486 3159 661 3249 Ἰζαῦτα
690 3159 807 3269 γάρ
837 3191 864 3245 6
916 3159 1199 3269 κραταιὸς..
1225 3159 1314 3245 καί
1357 3187 1519 3276 ,ἅγιος
1555 3159 1744 3262 ..ἡμῶν
1765 3275 1768 3276 ν
1793 3159 1952 3263 ’βασι-

2039 3185 2192 3247 uire.
2225 3183 2363 3246 Haec
2386 3184 2545 3246 enim
2569 3159 2850 3249 robustus
2884 3195 2942 3250 et
2971 3197 3212 3253 sanctus
3255 3159 3459 3255 noster
3487 3194 3685 3276 impe-

301 3280 422 3345 λεὺς
504 3277 572 3336 δι’
641 3277 968 3358 ἀποκρίσεως
1050 3300 1144 3337 του
1220 3273 1569 3357 περιϐλέπτου
1641 3275 1949 3355 μαγίστρου,

2036 3281 2217 3354 rator,
2274 3292 2381 3354 per
2426 3293 2781 3355 responsum
2832 3277 3177 3358 spectabilis
3228 3280 3521 3360 magistri,
3564 3273 3688 3348 éta

302 3371 391 3427 καὶ
433 3369 518 3428 ἐπὶ
562 3375 668 3426 τῶν
717 3365 970 3448 δεήσεων,
1030 3368 1119 3424 καὶ
1173 3373 1266 3423 τοῦ
1315 3363 1715 3454 θεοφιλεστάτου
1745 3386 1951 3445 χαρτο-

2036 3362 2568 3445 supplicationibus
2595 3363 2717 3446 .Dei
2762 3367 3154 3429 amantissimi
3185 3369 3683 3454 chartophylacis,

305 3458 562 3541 φύλακος,
610 3459 697 3515 καὶ
752 3464 846 3515 τοῦ
894 3455 1451 3536 ὕπομνηματογράφου
1505 3453 1680 3535 λέγειν
1737 3454 1950 3517 τούτους

2036 3459 2095 3515 et
2115 3455 2677 3543 commentariorum
2701 3454 3033 3536 scriptoris,
3055 3476 3159 3519 eos
3179 3457 3353 3521 nobis
3376 3469 3436 3523 et
3455 3453 3681 3543 synodo

302 3524 462 3626 ήμτν,
531 3524 621 3605 καὶ
684 3553 754 3625 τῇ
809 3524 1011 3620 συνόδῳ
1406 3562 1422 3577 ⁹
1474 3524 1594 3602 ἐπεί
1656 3542 1711 3600 δὲ
1762 3543 1948 3608 αὖτοὺς

2036 3542 2235 3605 dicere
2276 3542 2656 3606 renuntiavit.
2706 3524 2855 3606 Cum
2908 3563 3048 3607 vero
3105 3545 3181 3608 iis
3229 3524 3573 3614 nolentibus
3603 3552 3679 3616 ad

303 3639 401 3716 μὲν
449 3643 529 3714 μή
572 3634 918 3715 βουλομένους
974 3641 1043 3714 τῇ
1098 3632 1318 3710 συνόδῳ,
1367 3635 1453 3691 καὶ
1507 3636 1642 3711 ἡμῖν
1700 3632 1947 3700 ἀπαντῆ-

301 3751 412 3806 σαι,
440 3730 718 3807 βιασθῆναι
763 3729 791 3784 ὁ
833 3728 1083 3807 κραταιὸς
1130 3727 1219 3783 καὶ
1244 3724 1425 3805 ίᾶίγιος
1477 3725 1631 3801 ἡμῶν
1675 3721 1944 3801 βασιλεὺς,

301 3817 385 3876 διὰ
452 3819 514 3875 τὸ
570 3814 754 3876 δοκοῦν
837 3819 1168 3897 περικεῖσθαι
1234 3814 1449 3879 τούτους
1495 3836 1595 3882 της
1668 3809 1946 3893 πρεσϐείας

2030 3632 2323 3710 synodum
2355 3639 2415 3695 et
2443 3642 2563 3694 nos"
2587 3632 2900 3709 accedere,
2935 3633 3052 3697 vim
3093 3636 3325 3719 inferri,
3358 3639 3592 3704 validus
3621 3652 3682 3707 et

2030 3728 2268 3813 sanctus
2299 3729 2504 3784 noster
2539 3720 2887 3813 imperator,
2920 3733 3166 3806 propter
3195 3726 3508 3806 legationis
3530 3748 3677 3813 pro-

2039 3810 2324 3886 vinciam,
2350 3830 2524 3893 quam
2553 3830 2673 3893 prae
2703 3830 2768 3875 se
2798 3812 2955 3877 ferre
2985 3814 3364 3898 videbantur,
3386 3837 3506 3881 non
3531 3810 3679 3902 pro-

298 3907 561 3988 6:quixtov,
609 3906 706 3964 οὐκ
756 3904 1048 3974 ηὐδόκησεν
1082 3924 1099 3942 ⁶
1156 3902 1492 3994 ἀνεκδίκητον
1550 3901 1606 3960 δὲ
1659 3901 1830 3994 πάλινΔ
1848 3902 1948 3969 τὴν

2036 3899 2222 3994 baret,
2266 3919 2624 3994 rursumque
2657 3909 2879 3964 tantam
2911 3912 3120 3967 contra
3150 3906 3432 3987 pietatem
3475 3899 3682 3994 impu-

293 3987 621 4065 τηλικαύτην
689 3995 826 4053 κατά
893 3999 991 4063 τῆς
1078 3991 1340 4057 εὐσεϐείας
1427 4004 1608 4069 μεῖναι
1685 3987 1947 4046 ἀναίδειαν

2036 3989 2604 4053 dentiaminnoxiam
2630 4008 2981 4072 permanere
3004 3993 3162 4056 haud
3189 3994 3471 4061 decorum
3497 3987 3693 4078 esset,

296 4085 522 4166 ἐπρεπές
591 4084 681 4167 ἧν,
734 4084 825 4142 καὶ
891 4082 1067 4149 ἄλλως
1124 4081 1356 4158 ἀνάξιον,
1429 4080 1744 4159 ᾠκονόμησε
1800 4081 1950 4158 θερα-

2036 4087 2091 4141 et
2146 4098 2392 4160 prorsus
2445 4079 2786 4163 indignum,
2845 4082 3202 4146 medicinam
3264 4089 3546 4169 optimam
3591 4091 3687 4154 rei

295 4176 448 4234 πείαν
505 4175 723 4256 ἀρίστην
776 4181 854 4249 τῷ
908 4173 1204 4254 πράγματι,
1256 4174 1345 4229 καὶ
1392 4172 1589 4248 τίμιον,
1648 4171 1739 4261 καὶ
1784 4190 1948 4261 προσί-

2036 4169 2404 4261 praeparavit,
2427 4169 2837 4261 etpretiosum
2868 4179 2927 4234 et
2955 4175 3362 4239 venerandum
3391 4179 3683 4261 scriptum

294 4266 519 4333 κυνητὸν
546 4255 786 4345 γράμμα
824 4265 955 4344 πρὸς
1011 4264 1112 4331 τὴν
1169 4261 1430 4342 ἡμετέραν
1484 4259 1806 4341 μετριότητα
1864 4255 1948 4314 διὰ

2036 4258 2107 4322 ad
2138 4267 2338 4321 nostra
2368 4257 2838 4321 mediocritatem
2869 4280 2977 4342 per
3017 4261 3387 4343 Staphanum
3417 4255 3681 4332 sanctis-

295 4354 566 4435 Στεφάνου
593 4360 684 4411 τοῦ
727 4352 1025 4411 ὁσιογτάτου
1081 4359 1346 4432 μοναχοῦ,
1407 4351 1497 4408 καὶ
1541 4349 1821 4426 οἰκονόμου
1847 4352 1945 4415 τῆς

2036 4348 2246 4411 simum
2308 4349 2690 4425 monachum,
2745 4357 2804 4411 et
2847 4369 3076 4431 magna;
3117 4352 3405 4419 Ecclesia;
3433 4376 3682 4422 oecono-

294 4442 546 4523 Μεγάλης
617 4441 928 4517 ἐκκλησίας,
998 4444 1087 4500 καὶ
1170 4438 1417 4499 Ἰωάννου
1488 4440 1798 4519 μαγίστρου,
1858 4459 1950 4517 καὶ

2036 4457 2221 4516 mum,
2256 4447 2313 4500 et
2338 4439 2627 4500 Joannem
2662 4439 3032 4519 magistrum,
3075 4451 3134 4505 et
3161 4462 3196 4505 a
3222 4445 3678 4527 supplicationi-

293 4533 379 4591 ἐπὶ
435 4540 543 4590 τῶν
603 4529 858 4605 δεήσεων,
914 4532 1002 4588 καὶ
1074 4530 1419 4595 Κώνσταντος
1477 4528 1800 4618 βεστάρχου,
1862 4542 1952 4618 καὶ

2036 4527 2170 4602 bus,
2205 4536 2262 4589 et
2291 4530 2671 4618 Constantem
2693 4531 3087 4609 vestarchem,
3107 4541 3166 4595 et
3188 4533 3677 4618 philosophorum

288 4623 491 4682 ὑπάτου
544 4628 650 4679 τῶν
720 4619 1023 4703 φιλοσόφων
1090 4618 1478 4688 ἐξαπέστειλεν,
1559 4627 1694 4699 Εχει
1752 4616 1807 4675 δὲ
1865 4616 1952 4683 ἐπὶ

2036 4618 2310 4699 hypatum
2362 4617 2711 4694 transmisit,
2759 4619 2928 4699 cujus
2976 4629 3148 4684 tenor
3196 4623 3300 4686 ille
3346 4616 3438 4688 est
3465 4645 3480 4687 :
3516 4626 3679 4692 San-

288 4710 482 4779 λέξεως
513 4711 703 4768 οὑτωσί
735 4702 750 4748 ἕ
812 4735 840 4766 α
903 4702 1197 4791 Ἀγιώτατε
1252 4708 1504 4786 δέσποτα,
1536 4710 1655 4789 περὶ
1682 4717 1776 4768 τοῦ
1804 4730 1946 4786 συμ-

2036 4709 2297 4771 ctissime
2319 4708 2576 4800 domine,
2603 4709 2678 4770 de
2707 4725 2776 4771 eo
2791 4709 2950 4800 quod
2979 4712 3314 4791 acciderat,
3347 4733 3478 4778 mea
3502 4720 3679 4800 regia

288 4798 478 4866 ϐάντος
556 4801 592 4870 ἡ
677 4797 919 4878 βασιλεία
1011 4822 1115 4877 μου
1208 4798 1554 4879 ἐρευνήςασα,
1639 4799 1754 4877 εὗρε
1840 4797 1940 4866 τὴν

2036 4799 2317 4876 majestas
2336 4797 2707 4878 perquirens
2727 4798 3001 4877 offendit,
3022 4802 3172 4864 mali
3193 4803 3460 4868 radicem
3476 4797 3678 4872 ortum

286 4890 431 4970 ῥίζαν
496 4898 591 4949 τοῦ
672 4896 841 4947 κακοῦ
913 4888 1206 4969 γενομένην
1262 4889 1369 4947 ἀπὸ
1422 4894 1531 4945 τῶν
1599 4888 1937 4976 ἐρμητευτῶν

2036 4885 2305 4976 habuisse
2327 4885 2404 4949 ub
2434 4885 2895 4976 interpretibus,
2918 4896 2980 4951 et
3007 4891 3183 4952 sociis
3215 4895 3444 4976 Arggri
3469 4916 3486 4974 ;
3517 4904 3574 4959 et
3604 4898 3681 4963 de

288 4981 378 5037 καὶ
430 4985 523 5037 τοῦ
579 4978 768 5060 μέρους
828 4979 918 5037 νοῦ
985 4977 1263 5059 Ἀργύρου,
1334 4979 1425 5035 καὶ
1477 4976 1599 5041 τοὺς
1657 4975 1752 5052 μὲν
1807 4974 1940 5034 ἐθνι-

2036 4974 2386 5057 alienigenis
2410 4974 2659 5063 quidem,
2685 4982 2977 5057 tanquam
2988 4974 3358 5063 peregrinis,
3369 4985 3519 5048 etab
3536 4986 3679 5051 aliis

2020 5065 2352 5146 suppositis
2370 5063 2607 5143 aliquid
2628 5062 2839 5143 [acere
2856 5083 2983 5130 non
3007 5062 3347 5150 possumus,
3364 5074 3521 5136 mali
3538 5092 3680 5139 vero

2024 5161 2309 5218 auctores
2326 5152 2672 5217 verberatos
2692 5154 2770 5217 ad
2792 5162 2961 5221 tuam
2983 5161 3370 5225 sanctitatem
3393 5168 3681 5229 transmi-

2022 5244 2238 5320 simus,
2255 5251 2322 5306 ut
2335 5260 2452 5324 per
2474 5261 2572 5306 eos
2602 5244 3059 5310 instruerentur
3084 5254 3140 5312 et
3170 5250 3305 5329 alii,
3339 5270 3415 5315 ne
3440 5252 3677 5318 similia

286 5339 361 5403 ὡς
410 5337 473 5395 ἂν
516 5336 583 5395 δι’
632 5340 804 5396 αὐτῶν
874 5335 1324 5417 παιδαγωγηθῶσι
1379 5336 1468 5394 καὶ
1521 5333 1697 5410 ἄλλοι,
1740 5334 1803 5391 τὸ
1862 5334 1940 5412 μὴ

2036 5337 2091 5395 in
2103 5339 2415 5413 posterum
2437 5332 2740 5414 e/futiant.
2779 5333 3075 5401 Chartula
3102 5338 3227 5403 hac
3248 5348 3389 5422 post
3411 5344 3675 5408 anathe-

284 5425 540 5509 φλυαρεῖν
600 5434 818 5486 τοιαῦτα
851 5444 867 5461 '
931 5429 994 5484 τὸ
1058 5424 1113 5483 δὲ
1167 5427 1387 5508 χαρτίον
1444 5425 1577 5501 μετὰ
1629 5425 1692 5481 τὸ
1746 5423 1940 5480 ἀναθε-

2036 5441 2123 5483 ma
2143 5422 2375 5487 dictum
2397 5426 2453 5485 et
2474 5422 3016 5502 consiliariis,etiis
3031 5430 3138 5508 qui
3156 5429 3680 5511 publicaruntaut

285 5520 605 5593 ματισθῆναι
715 5519 803 5575 καὶ
925 5518 1048 5582 τοὺς
1173 5513 1747 5594 συμϐουλευσαμένους,
1853 5513 1941 5571 καὶ

2036 5512 2426 5593 scripserunt,
2441 5518 2552 5575 aut
2580 5529 2709 5575 rem
2730 5520 2798 5577 ut
2825 5524 2995 5596 gestu
3020 5526 3110 5581 est
3133 5519 3225 5584 vel
3264 5524 3525 5586 tenuiter
3550 5526 3679 5587 cal-

281 5605 409 5671 ταὺς
508 5604 888 5685 ἐκδεδωκότας,
974 5607 1064 5664 καὶ
1152 5607 1483 5688 γράψαντας,
1573 5606 1661 5663 καὶ
1748 5603 1940 5684 μικρὰν

2036 5602 2180 5684 tant,
2206 5619 2415 5667 eorum
2458 5601 2735 5667 omnibus
2772 5606 3185 5674 comburatar.
3217 5611 3349 5675 Mea
3374 5612 3675 5695 siquidem

606 5769 875 5850 ΡΑτιιοι..
908 5769 1025 5835 Gn.
1057 5768 1243 5837 CXX.

3275 5772 3354 5840 24

289 5070 415 5134 κοὺς
499 5070 575 5135 ὡς
658 5068 856 5150 ξένους,
927 5068 1017 5126 καὶ
1092 5064 1216 5149 παρ’
1287 5066 1479 5146 ἑτέρων
1548 5063 1938 5134 ὕποϐληθέντας

289 5181 342 5216 τι
423 5163 646 5227 ποιῆσαι
715 5162 814 5219 οὒκ
890 5156 1091 5240 ἔχομεν
1125 5176 1139 5191 ·
1226 5157 1345 5220 τοὺς
1414 5153 1469 5212 δὲ
1538 5156 1732 5221 αἰτίους
1801 5177 1937 5236 τυφ-

282 5247 464 5313 θέντας
547 5246 931 5326 ἀπεσνείλαμεν
1011 5249 1143 5328 πρὸς
1240 5250 1337 5316 τὴν
1432 5246 1731 5325 ἁγιωτύνην
1820 5266 1937 5321 σου,
