4176 6416
498 357 618 425 747

1410 357 1826 429 MICHAELIS
1865 359 2288 430 CERULARII
2329 365 2443 430 ΟΡ.
2489 361 3006 432 PATRIARCHE

3774 364 3892 432 748

494 494 663 574 regia
697 493 959 582 majesta
1002 493 1344 573 imperavit,
1377 502 1450 560 ut
1478 501 1539 561 et
1565 497 1914 562 vestarches
1941 499 2208 582 AgyriA

2200 499 2434 571 ,εἴδησιν
2516 506 2615 569 τῆς
2699 500 2899 558 τούτων
2985 500 3255 571 ποιήσεως
3343 499 3591 582 ἔχοντας,
3673 503 3889 571 καθήτω

497 601 707 666 gener,
723 591 780 647 et
798 581 994 647 Vestes
1003 583 1171 648 illius
1189 585 1356 666 filius
1367 587 1433 650 in
1438 586 1764 668 phylacam
1783 581 2146 654 concludan-

497 681 625 748 tur,
659 679 728 736 ut
747 673 836 736 ibi
856 673 1048 736 αἰτοίη
1069 673 1316 756 degant,
1339 675 1519 739 malis
1540 678 1840 760 divexati,
1860 681 2150 760 quemad-

494 765 739 829 modum
749 764 1075 844 stmtdigni
1090 773 1340 846 propter
1368 765 1527 829 hanc
1544 784 1810 843 causam,
1831 770 2149 832 MenseJu-

2228 591 2453 649 ἐνώπιον
2551 590 2787 652 πάντων.
2902 587 3191 668 Προσέταξε
3299 592 3400 670 γὰρ
3495 591 3531 658 ἡ
3647 589 3887 666 βασιλεία

2228 704 2329 739 μου
2383 681 2476 738 ’ἱνα
2527 681 2616 738 καὶ
2672 681 2764 737 τὸν
2820 679 3126 759 βεστάρχην
3169 681 3261 736 τὸν
3319 675 3561 760 γαμϐρὸν
3621 688 3714 738 τοῦ
3784 679 3884 759 ἀρ-

2225 778 2407 852 γυροῦ,
2478 771 2567 827 καὶ
2639 771 2730 826 τὸν
2816 769 3019 836 Βέστην
3102 769 3194 825 τὸν
3276 767 3476 826 ἐκείνου
3557 770 3667 824 υἱὸν
3754 767 3887 826 ἀπο-

493 855 577 919 ιίο
600 855 795 917 indict
809 852 944 916 7.Et
964 853 1090 915 hac
1109 853 1349 934 quidem
1378 855 1540 936 regia
1553 864 1613 918 et
1632 856 1831 919 divina
1851 861 2143 939 scriptura

2226 861 2503 918 κλείσωσιν
2558 860 2630 924 εἷς
2686 859 2787 926 τὴν
2869 856 3133 938 (ρυλακὴν,
3208 859 3284 923 ὡς
3358 857 3420 914 ἂν
3502 855 3755 937 διάγωσιν
3829 857 3882 914 ἐν

494 942 864 1008 continebat.
925 940 1264 1005 Secundum
1334 944 1540 1027 itaque
1601 945 1836 1027 pietatis
1895 948 2144 1012 cultoris

2225 953 2358 1028 αὐτῇ
2411 949 2831 1029 κακοχούμενοι⁹
2917 947 3091 1010 καθώς
3163 949 3292 1004 εἰσιν
3357 947 3491 1014 ἄξιοι
3558 946 3714 1004 ἕνεκα
3781 952 3882 1014 τῆς

489 1033 873 1117 imperatoris
915 1033 1371 1114 providentiam,
1409 1035 1603 1116 ipsum
1635 1036 1955 1117 impietatis
1984 1037 2139 1100 seri-
2221 1041 2470 1107 τοιαύτης

2591 1038 2906 1101 ὑποθέσεως.
3038 1037 3178 1104 Μηνὶ
3289 1034 3493 1112 Ἰουλίῳ
3599 1035 3869 1093 ἷνδικτιῶ-

489 1133 680 1208 ptum,
727 1141 836 1184 nec
887 1141 1006 1184 non
1053 1122 1154 1204 qui
1201 1122 1347 1185 illud
1400 1134 1821 1206 exposuerunt,
1858 1134 1915 1188 et
1944 1127 2032 1189 vel
2063 1128 2138 1191 ad

2221 1152 2309 1193 νος
2363 1118 2434 1201 ζ’,
2502 1152 2530 1184 ››
2580 1133 2754 1186 Ταῦτα
2799 1126 2897 1202 μὲν
2950 1127 2986 1194 ἡ
3028 1125 3304 1203 βασιλικὴ,
3362 1129 3450 1184 καὶ
3507 1127 3620 1184 θεία
3671 1127 3875 1206 γραφή.

484 1213 631 1276 illud
685 1211 1022 1274 faciendum
1081 1210 1378 1275 adhortati
1435 1223 1596 1291 sunt,
1647 1215 1739 1276 vel
1789 1216 2138 1280 auctoribus

2221 1219 2370 1277 Κατά
2422 1224 2546 1297 γοῦν
2615 1223 2705 1274 τοῦ
2789 1213 3122 1296 φιλευσεϐοὖς
3209 1218 3592 1297 αὗτοκράτορος
3664 1218 3874 1272 οἰκονο-

481 1303 765 1366 auxilium
799 1303 1229 1382 prmstiterunt,
1257 1303 1317 1364 in
1351 1303 1668 1382 praesentia
1707 1303 2023 1367 missorum
2055 1307 2129 1368 ab
2214 1371 2215 1374 η

2214 1307 2364 1388 μίαν,
2417 1307 2540 1364 αὐτό
2595 1328 2654 1363 τε
2709 1307 2770 1362 τὸ
2826 1303 3014 1368 ἀσεϐὲς
3073 1304 3358 1387 ἔγγραφον,
3407 1310 3454 1363 οἱ
3505 1314 3660 1364 τοῦτο
3721 1302 3873 1360 ἐκθέ-

479 1392 842 1473 imperatore
872 1390 934 1451 in
965 1407 1176 1470 magno
1208 1401 1441 1454 secreto
1479 1394 1855 1455 anathemate
1898 1393 2130 1456 subacti
2212 1422 2215 1471 λ

2212 1420 2386 1478 μενοι,
2431 1398 2520 1454 καὶ
2572 1396 2608 1465 ἢ
2654 1396 2876 1475 γνώμην
2929 1397 3000 1458 εἰς
3059 1395 3157 1464 τὴν
3203 1396 3390 1454 τούτου
3443 1397 3658 1464 ποίησιν
3705 1391 3872 1450 δεδω-

479 1489 658 1558 sunt;
703 1479 1031 1559 judicatum
1086 1497 1225 1541 vero
1283 1488 1375 1544 est
1429 1491 1637 1564 quarta
1693 1483 1814 1556 die,
1862 1502 1992 1564 qum
2037 1493 2129 1550 est
2209 1510 2215 1543 :

2209 1488 2384 1564 κότες,
2455 1486 2491 1555 ἢ
2576 1488 2758 1549 αὐτοῖς
2832 1499 2951 1549 τοῖς
3026 1487 3282 1556 ποιήσασι
3346 1487 3698 1566 συναράμενοι
3781 1482 3872 1538 ἐπὶ

475 1570 667 1652 prima
693 1567 989 1630 currentis
1022 1568 1424 1634 hebdomatis.

2205 1577 2462 1657 παρουσίᾳ
2519 1581 2625 1632 τῶν
2670 1576 2802 1655 πρὸς
2864 1573 3125 1652 βασιλέως
3169 1574 3608 1652 ἀπεσταλμένων,
3684 1574 3739 1630 ἐν
3793 1577 3872 1644 τῷ

473 1665 694 1744 μεγάλῳ
720 1668 952 1748 σεκρὲτῳ
992 1667 1278 1744 ἀναθὲματι
1320 1661 1693 1734 ὑπεϐλήθησαν
1729 1683 1744 1700 ⁸
1799 1663 1974 1744 ἐκρίθη
2018 1663 2072 1721 δὲ
2125 1667 2261 1723 κατὰ
2318 1667 2418 1735 τὴν
2472 1665 2729 1744 τετάρτην
2784 1664 3013 1745 ἡμέραν,
3057 1662 3179 1730 ἥτις
3233 1662 3342 1722 ἐστὶ
3383 1665 3571 1742 πρώτη
3626 1664 3723 1742 μὲν
3769 1669 3873 1731 τῆς

475 1754 774 1824 ἓνεστώσης
816 1755 1127 1834 ἑϐδομάδος.

550 1843 852 1908 Vicesima
903 1853 1112 1928 quarta
1162 1863 1304 1908 vero
1365 1843 1465 1906 die
1527 1843 1839 1924 pmsentis
1897 1841 2184 1906 mensisB

2284 1834 2372 1902 κδ’
2428 1843 2484 1901 δὲ
2531 1854 2626 1904 τοῦ
2681 1843 2942 1924 παρόντος
2987 1841 3206 1901 Ἰουλίου
3252 1845 3449 1926 μηνὸς,
3491 1842 3607 1901 καθ’
3659 1844 3726 1911 ἦν
3779 1847 3867 1902 καὶ

469 1930 635 2009 Julii,
689 1953 806 2016 qua
851 1943 916 1997 ut
965 1935 1188 2017 quinta;
1240 1932 1448 2016 synodi
1493 1933 1782 2015 expositio
1823 1951 1928 2013 pro
1960 1952 2128 1996 more
2210 1956 2215 1967 ·

2210 1933 2246 2001 ἦ
2307 1939 2407 2002 τῆς
2451 1934 2702 2011 πέμπτης
2763 1931 2980 1990 συνόδου
3037 1932 3236 1998 ἕκθεσις
3295 1935 3692 2013 ἀναγνωσθῆναι
3737 1934 3866 2010 μὲλ-

468 2022 724 2102 legenda
770 2035 882 2106 est,
936 2025 1217 2088 audiente
1266 2023 1688 2098 multitudine,
1745 2023 2126 2086 anathemate
2207 2021 2215 2078 Σ

2207 2021 2288 2079 λει
2359 2025 2496 2081 κατὰ
2564 2025 2626 2080 τὸ
2699 2023 2923 2090 σύνηθες
3000 2019 3086 2079 ἐπ’
3145 2024 3392 2102 ἀκροάσει
3447 2033 3540 2083 τοῦ
3603 2022 3862 2104 πλήθους,

467 2112 804 2176 feriendum
831 2133 963 2178 esse
989 2133 1232 2178 rursum
1259 2113 1509 2195 impium
1535 2113 1846 2194 scriptum,
1871 2131 1983 2176 nec
2003 2133 2122 2176 non
2205 2135 2215 2167 ι

2205 2111 2685 2190 ἀνάθεματισθῆναι
2752 2116 2813 2170 τὸ
2885 2113 3010 2171 αὐτὸ
3085 2111 3273 2177 ἀσεϐὲς
3330 2114 3418 2169 καὶ
3473 2113 3615 2177 αὖθις
3673 2113 3862 2192 ἔγγρα-

460 2211 521 2266 et
547 2207 648 2286 qui
681 2203 829 2267 illud
861 2205 1203 2280 ediderunt,
1237 2215 1295 2266 et
1327 2203 1722 2284 scripserunt,
1767 2210 1826 2264 et
1855 2221 2116 2268 consen-

458 2311 591 2355 sum
623 2293 882 2377 aliquem
913 2304 1014 2357 aut
1045 2293 1358 2357 consilium
1393 2301 1461 2354 ut
1489 2291 1639 2354 illud
1667 2293 1858 2372 ﬁeret,
1894 2292 2120 2371 praesti-

461 2391 690 2448 terunt.
725 2387 1102 2466 Prototypum
1135 2402 1274 2445 vero
1308 2381 1563 2464 projecti
1593 2381 1666 2446 eb
1690 2381 1912 2463 impiis,
1945 2380 2116 2463 impii

456 2472 927 2554 exsecrandique
957 2473 1167 2554 scripti
1195 2471 1573 2534 combustum
1619 2490 1736 2532 non
1770 2479 1881 2546 est,
1914 2469 2020 2533 sed
2052 2470 2114 2533 in

454 2581 627 2625 sacro
673 2561 1153 2644 chartophylacis
1199 2569 1434 2624 secreto
1479 2559 1836 2640 repositum,
1868 2560 1939 2621 ad
1970 2579 2108 2640 per-

454 2658 699 2732 petuum
723 2669 931 2714 eorum
961 2650 1246 2725 dedecus,
1267 2658 1325 2712 et
1345 2649 1712 2711 stabiliorem
1743 2649 2112 2712 condemna-

456 2741 706 2817 tionem,
735 2741 838 2822 qui
869 2740 1088 2804 similia
1107 2741 1391 2804 adversus
1423 2741 1612 2803 Deum
1647 2749 1920 2803 nostrum
1949 2740 2112 2803 blas-

451 2831 838 2912 phemarunt.
877 2830 1200 2893 Sciendum
1220 2839 1506 2912 praeterea
1518 2839 1627 2908 est,
1657 2830 1810 2911 quod
1826 2829 2110 2892 vicesimo

451 2919 550 2982 die
580 2920 888 3002 praesentis
918 2923 1165 3000 mensis,
1199 2939 1316 3001 quo
1342 2919 1430 2980 illi
1461 2919 1563 3000 qui
1593 2919 1880 2982 adversus
1905 2919 2101 2981 ortho-

449 3009 666 3072 doxam
722 3010 900 3072 ﬁdem
968 3009 1504 3090 blasphemarunt,
1570 3009 1950 3071 anathemate
2011 3007 2114 3072 icti

449 3108 611 3174 sunt,
643 3099 891 3162 aderant
938 3117 1057 3160 una
1103 3114 1236 3162 cum
1287 3097 1422 3160 aliis
1453 3097 1835 3179 praesulibus,
1865 3097 1966 3178 qui
1997 3116 2112 3158 no-

448 3187 677 3252 biscum
711 3188 1123 3269 considebant,
1157 3187 1420 3249 universi
1454 3187 1846 3268 metrOpolilm
1877 3195 1934 3248 et
1963 3185 2098 3268 epi-

445 3279 610 3360 scopi
654 3279 752 3361 qui
787 3279 845 3342 in
877 3277 1026 3371 urbe
1057 3277 1356 3371 degebant
1373 3299 1393 3371 _;
1431 3296 1652 3371 nempe
1682 3278 1797 3339 Leo
1828 3278 2096 3371 Athena-
2116 3321 2156 3371 ρ

2202 2224 2299 2283 (ρον
2331 2217 2346 2232 ⁸
2405 2205 2538 2284 πρὸς
2598 2201 2653 2260 δὲ
2711 2205 2799 2260 καὶ
2867 2203 2988 2266 τοὺς
3046 2209 3203 2260 τοῦτο
3243 2201 3551 2279 ἐκθεμένους
3606 2204 3694 2258 καὶ
3737 2205 3863 2283 γρὲ-

2199 2315 2406 2372 χαντας
2458 2294 2545 2350 καὶ
2591 2294 2875 2350 συναίνεσίν
2920 2315 3060 2368 τινα,
3114 2293 3152 2361 ἢ
3207 2291 3404 2370 βουλὴν
3460 2294 3533 2356 εἷς
3593 2293 3692 2359 τὴν
3747 2294 3860 2348 τού-

2196 2403 2289 2438 του
2357 2383 2574 2450 ποίησιν
2658 2380 2950 2446 δεδωκότας
2986 2402 3002 2416 ·
3089 2385 3150 2439 τὸ
3221 2380 3275 2438 δὲ
3347 2382 3691 2462 πρωτότυπον
3761 2390 3856 2438 τοῦ

2196 2471 2434 2554 ῥιφέντος
2487 2473 2633 2552 παρά
2687 2479 2794 2528 τῶν
2850 2470 3115 2530 δυσσεϐὦν
3169 2471 3381 2531 ἀνοσίου
3437 2471 3702 2553 ἐγγράφου
3767 2474 3855 2528 καὶ

2196 2568 2428 2641 μυσαροῢ
2480 2561 2539 2618 οὗ
2597 2563 2894 2629 κατεκαύθη
2931 2578 2944 2592 ·
3020 2559 3140 2618 ἀλλ’
3215 2561 3270 2617 ἐν
3353 2568 3430 2636 τῷ
3514 2561 3698 2640 εὐαγεῖ
3762 2568 3854 2618 τοῦ

2195 2649 2603 2731 χαρτοφύλακος
2661 2651 2883 2719 ἐπετέθη
2947 2651 3178 2731 σεκρέτῳ
3219 2653 3292 2714 εἷς
3343 2649 3571 2730 ἔλεγχον
3630 2649 3850 2719 διηνεκῆ

2193 2729 2300 2798 τῶν
2358 2729 2660 2807 ⁸τηλικαῦται
2725 2751 2818 2800 τοῦ
2887 2729 3054 2797 Θεοῦή
3088 2743 3242 2817 ἡμῶν
3314 2729 3846 2821 βλασφημησάντων,

2194 2829 2282 2885 καὶ
2324 2831 2396 2892 εἷς
2457 2829 2824 2910 μονιμωτέραν
2880 2831 3236 2909 κατάγνωσιν.
3302 2840 3400 2886 Δεῖ
3455 2828 3508 2884 ’δὲ
3567 2829 3846 2908 γινώσκειν

2195 2916 2276 2974 ὅτι
2305 2919 2442 2976 κατὰ
2469 2918 2569 2986 τὴν
2612 2921 2886 2987 εἰσκοστὴν
2932 2919 3135 2997 ἡμέραν
3179 2926 3271 2976 τοῦ
3327 2920 3614 2982 ἐνεστῶτος
3646 2921 3840 2994 μηνὸς,

2195 3005 2311 3064 καθ’
2353 3008 2420 3073 ἣν
2464 3008 2940 3084 ἀνεθεματίσθησαν
3000 3012 3047 3065 οἱ
3101 3009 3236 3065 κατὰ
3305 3015 3401 3086 τῇς
3440 3006 3704 3087 ὀρθοδόξου
3758 3009 3845 3063 πί-

2197 3118 2363 3162 στεως
2426 3095 2935 3179 βλασφημήσαντες,
2999 3104 3348 3178 συμπαρῆσαν
3421 3109 3538 3160 τοῖς
3609 3098 3841 3175 σήμερον

2184 3185 2601 3266 ωνεδριάζουσιν
2647 3189 2785 3263 ἡμῖν
2855 3188 3183 3268 ἀρχιερεῦσι,
3245 3189 3333 3244 καὶ
3388 3190 3435 3244 οἱ
3497 3184 3839 3263 ἐνδημοῦντες

2183 3277 2378 3342 πάντες
2423 3274 2846 3356 μητροπολϊται,
2891 3279 2979 3334 καὶ
3038 3281 3086 3334 οἱ
3143 3276 3579 3357 ἀρχιεπίσκοποι,
3627 3274 3786 3355 ἤγουν
3818 3295 3835 3311 ·

444 3386 577 3429 rum
635 3377 694 3430 et
749 3367 1085 3448 syncellus,
1135 3366 1387 3430 Michael
1439 3364 1609 3447 Sylaai
1662 3373 1713 3426 et
1774 3363 2215 3446 syncellus,"A

2200 3366 2327 3422 λέων
2380 3368 2408 3423 ὁ
2451 3363 2688 3433 Ἀθηνῶν
2731 3367 2819 3423 καὶ
2857 3365 3171 3445 σύγκελλος,
3205 3368 3432 3447 Μιχαὴλ
3481 3365 3706 3425 Συλαίου
3748 3367 3836 3422 καὶ

440 3456 723 3520 Nicolaus
753 3456 1071 3518 Euchaniae
1103 3467 1163 3517 et
1193 3455 1514 3536 syncellus;
1548 3455 1886 3518 Demetrius
1909 3458 2097 3517 Cariae
2177 3477 2215 3511 σ

2200 3454 2513 3534 τύγκελλοις,
2550 3453 2812 3518 Νικόλαος
2846 3457 3137 3536 Εὐχανείας
3167 3457 3254 3513 καὶ
3283 3455 3596 3534 σύγκελλος,
3651 3458 3839 3532 Δημή-

438 3551 500 3607 et
526 3546 1035 3627 archiepiscopus,
1069 3544 1284 3607 Paulus
1312 3543 1542 3626 Lemni,
1589 3544 1706 3608 Leo
1736 3544 2093 3621 Contradiae,
2177 3567 2215 3624 τι

2200 3567 2320 3624 ιριος
2353 3545 2549 3625 Καρίας
2592 3545 2680 3600 καὶ
2706 3543 3149 3624 ἀρχιεπίσκοπος,
3183 3544 3388 3608 Παῦλος
3420 3547 3662 3626 Λήμνου,
3690 3545 3837 3601 Λέων

438 3636 738 3698 Antonius
771 3635 1048 3700 Zicchiae.

2181 3632 2492 3714 Κοτραδίας,
2546 3629 2830 3700 Ἀντώνιος
2874 3635 3130 3716 Σικχίας.

1312 3994 2078 4106 MICHAELIS
2168 3994 2930 4108 CERULARII

1664 4221 1814 4284 GP.
1888 4219 2580 4284 PATRIARCHIE

1042 4396 1496 4503 'ALIA
1626 4413 2165 4500 EDICTA
2296 4415 3130 4518 SYNODALIA

1436 4610 1616 4688 (Vide
1647 4613 1892 4674 tomum
1921 4611 2132 4684 CXIX,
2167 4607 2290 4674 col.
2328 4607 2466 4686 747,
2499 4608 2641 4690 851),
2675 4612 2842 4692 851.)
