4176 6392
323 403 446 472 749

329 549 2976 586 W

1829 411 2244 482 EPISTOLIE.

3593 415 3717 495 750

2999 559 3711 589 εκε-

440 698 792 830 ΤΟΥ
891 699 2053 837 ΠΑΤΡΙΑΡΧΟΥ
2153 707 2818 838 ΚΥΡΙΟΥ
2918 706 3623 837 ΜΙΧΑΗΛ

1609 955 1850 1009 ΨἨΦΟΣ
1895 957 2055 1010 ΗΤΟὶ
2100 955 2439 1010 ΕΠΙΣΤΟΛΗ

1321 1115 1471 1168 ΠΕΡΙ
1517 1116 1854 1170 ΓΥΝΑΙΚΟΣ
1897 1120 2140 1172 ΙΕΡΕΩΣ
2186 1118 2712 1170 ΜΟΙΧΕΥΘΕΙΣΗΣ.

832 1501 1338 1610 DOMlNI
1429 1501 2190 1616 MICHAELIS
2280 1506 3215 1616 PA'I‘RIARCH/E

1511 1729 1928 1793 DECRETUM
1973 1731 2114 1794 SEU
2158 1730 2530 1796 EPISTOLA

839 1899 969 1974 DE
1021 1897 1644 1974 SACERDOTIS
1705 1897 2036 1974 UXORE
2086 1899 2666 1978 ADULTERIO
2717 1898 3218 1977 POLLUTA.

326 2089 436 2149 (Ex
467 2085 646 2150 codd.
683 2102 836 2151 mss.
872 2087 1066 2170 Paris,
1099 2087 1215 2153 277
1261 2095 1325 2153 et
1379 2085 1552 2168 1996,
1607 2103 1710 2169 ap.
1743 2086 2124 2152 Cotelerium
2162 2087 2230 2152 in
2259 2087 2426 2154 notis
2474 2087 2553 2153 ad
2615 2090 2934 2157 Hermam,
2970 2087 3138 2169 p.87
3196 2088 3299 2154 ed.
3332 2088 3712 2166 Amstelod.)

408 2381 660 2451 Ἰωάννης
731 2387 880 2452 οὗτος
948 2389 1112 2468 ἱερεὺς
1198 2391 1226 2445 6
1276 2389 1376 2456 τὴν
1445 2385 1711 2466 παροῦσαν
1769 2387 1981 2469 γραφὴν·

2145 2383 2408 2446 Joannes
2438 2380 2535 2444 hic
2563 2380 2866 2457 sacerdos,
2915 2381 3018 2463 qui
3076 2379 3229 2443 istul
3283 2379 3570 2462 scriptum
3604 2380 3714 2443 tibi

327 2470 580 2537 ἐπιδιδούς
609 2495 715 2546 σοι,
775 2475 1166 2556 θεοφιλέστατε,
1222 2477 1522 2556 ἐγχκήματι
1583 2477 1831 2556 μοιχείας
1876 2477 1975 2544 τὴν

329 2563 512 2617 ἑαυτοῦ
568 2560 785 2638 σύμϐιον
844 2566 967 2621 εἷπε
1038 2581 1370 2646 περιπεσεῖν,
1418 2567 1505 2622 καὶ
1550 2567 1706 2625 αὐτὸν
1747 2566 1860 2642 ἅμα
1901 2574 1977 2641 τῷ

328 2650 425 2717 τὴν
477 2653 725 2731 μοιχείαν
776 2651 1262 2730 πλημμεληθεῖσιν
1304 2658 1654 2730 καταμαθεῖν,
1702 2653 1977 2723 διαστῆναι

330 2743 510 2815 οὖτῆς,
599 2742 687 2797 καὶ
763 2743 956 2816 μηκέτι
1041 2745 1364 2825 ἀνασχέσθαι
1435 2749 1742 2811 συνοικῆσαι
1817 2749 1973 2822 αὒτῇ.

332 2837 504 2888 Ταῦτα
544 2831 633 2887 οὖν
687 2833 871 2906 εἰπὼν,
926 2833 1203 2912 ἠρώτησεν
1261 2833 1315 2890 εἴ
1382 2855 1483 2892 που
1539 2838 1638 2900 τῆς
1695 2835 1980 2912 ἱερωσύνης

332 2921 484 2982 αὒτὸς
510 2917 594 2975 διὰ
640 2921 738 2987 τὴν
790 2926 888 2988 τῆς
943 2924 1192 3001 γυναικὸς
1253 2925 1500 3003 μοιχείαν
1543 2921 1826 2986 κωλύεται,
1883 2926 1982 2980 Καὶ

330 3009 721 3088 ἀπεκρινάμεθα
810 3012 883 3075 ὡς
961 3013 1022 3068 οὗ
1108 3012 1367 3068 κωλύεται
1450 3010 1535 3067 διὰ
1614 3022 1766 3071 τοῦτο
1866 3026 1983 3076 τοῖς

329 3101 493 3178 ἱεροῖς
537 3098 830 3180 ἐγχειρεῖν,
880 3091 937 3158 εΟ
985 3102 1082 3177 μὲν
1138 3103 1238 3181 γὰρ
1293 3105 1393 3167 τὴν
1447 3099 1551 3168 ἤδη
1599 3105 1982 3182 μοιχευθεῖσαν

331 3189 684 3267 ἀγαγόμενος,
757 3193 1032 3270 ἱερωθῆναι
1105 3189 1366 3247 κωλύεται
1399 3207 1414 3223 ⁶
1490 3191 1534 3246 εἰ
1605 3189 1659 3246 δέ
1713 3213 1793 3255 τις
1849 3213 1981 3270 παρ·

333 3278 478 3335 θένον
555 3278 650 3353 μὲν
703 3292 933 3357 γυναῖκα
998 3279 1288 3358 ἀγάγηται,
1365 3279 1450 3337 καὶ
1519 3282 1554 3348 ἡ
1627 3281 1984 3350 συνοικήσασα

336 3370 477 3442 αύτῷ
530 3367 828 3447 μοιχεύσει,
901 3369 946 3425 εἰ
1002 3368 1098 3446 μὲν
1139 3378 1294 3428 τοῦτο
1348 3368 1502 3447 γνοὺς
1547 3371 1575 3425 6
1633 3369 1797 3449 ἱερεὺς
1857 3370 1984 3438 ἡσυ-

337 3457 520 3536 χάσει,
580 3459 668 3512 καὶ
726 3459 863 3532 μήτε
933 3465 1026 3514 τοῦ
1082 3458 1270 3517 οἰκείου
1325 3457 1480 3516 οἴκου
1528 3456 1836 3538 ἀποφέμψει
1894 3459 1986 3514 αύ-

335 3548 435 3614 τὴν
504 3548 639 3622 μήτε
705 3545 975 3616 διασθῆναι
1061 3550 1256 3618 ταύτης
1339 3551 1680 3629 πρώυμηθῇ,
1771 3547 1980 3628 ἆνᾴξιος

335 3634 418 3692 διὰ
470 3638 568 3704 τὴν
624 3643 714 3693 τοῦ
768 3638 1004 3695 τοιούτου
1059 3640 1252 3716 μύσους
1311 3636 1610 3717 ἀποδοχὴν,
1671 3642 1770 3705 τῆς
1833 3641 1981 3717 ἱερω-

2061 2471 2261 2542 tradit,
2300 2471 2420 2532 Deo
2452 2472 2827 2546 charissime,
2862 2489 3106 2533 uxorem
3139 2489 3305 2532 suam
3335 2470 3485 2532 dixit
3509 2470 3570 2532 in
3589 2470 3713 2533 cri-

2065 2578 2199 2620 men
2231 2559 2509 2622 adulterii
2539 2560 2863 2635 incidisse;
2897 2579 2964 2621 se
2998 2579 3135 2622 vero
3168 2559 3345 2621 simul
3388 2577 3457 2622 ac
3479 2559 3718 2623 adulte-

2065 2649 2223 2710 rium
2251 2649 2637 2710 commissum
2665 2649 3085 2730 deprehendit,
3112 2647 3427 2710 dissidium
3448 2648 3524 2710 ab
3555 2667 3626 2710 ea
3640 2648 3725 2710 fe-

2065 2739 2247 2812 cisse,
2307 2757 2417 2800 nec
2447 2739 2704 2820 amplius
2734 2738 3090 2801 sustinuisse
3119 2757 3255 2800 cum
3296 2737 3397 2799 illa
3425 2737 3717 2802 habitare.

2065 2827 2172 2890 His
2222 2829 2420 2910 itaque
2475 2830 2676 2905 dictis,
2709 2831 2999 2912 quaesivit,
3053 2848 3194 2890 num
3226 2829 3378 2910 ipse,
3413 2829 3489 2891 ob
3523 2829 3726 2891 uxoris

2068 2919 2410 2995 meechiam,
2445 2938 2478 2980 a
2528 2919 2861 2981 sacerdotio
2925 2919 3260 2982 exercendo
3312 2918 3723 2999 prohibeatur.

2069 3007 2188 3069 Nos
2220 3009 2660 3090 respondimus,
2696 3011 2850 3090 quod
2886 3027 2957 3070 ea
2988 3008 3063 3072 de
3095 3027 3274 3071 causa
3307 3027 3426 3070 non
3463 3007 3724 3089 impedi-

2071 3104 2238 3158 retur
2265 3115 2430 3158 sacra
2462 3104 2737 3159 tractare.
2774 3097 3006 3158 Etenim
3049 3098 3152 3178 qui
3191 3098 3315 3178 jam
3351 3099 3721 3159 aduteratam

2065 3185 2382 3265 conjugem
2427 3186 2613 3267 ducit,
2663 3189 2947 3248 sacerdos
2999 3186 3128 3248 ﬁeri
3175 3205 3293 3248 non
3343 3194 3559 3267 potest.
3603 3185 3721 3248 Sed

2067 3292 2201 3336 cum
2229 3275 2365 3354 quis
2396 3294 2643 3338 uxorem
2669 3277 2915 3356 quidem
2934 3276 3220 3355 virginem
3247 3274 3434 3356 duxit,
3461 3276 3563 3337 illa
3582 3293 3723 3337 vero

2067 3364 2366 3428 connubio
2417 3365 2629 3444 juncta
2673 3365 2751 3439 ei,
2813 3364 3170 3426 adulterium
3226 3363 3606 3427 admittitzsi
3655 3382 3724 3427 re

2068 3455 2302 3534 cognita
2333 3453 2616 3516 sacerdos
2648 3461 2888 3516 maneat
2915 3453 3180 3535 quietus,
3209 3472 3321 3516 nec
3337 3472 3470 3516 eam
3491 3472 3596 3515 sua
3617 3454 3726 3516 do-

2065 3561 2162 3604 mo
2194 3543 2446 3624 emittat,
2473 3561 2667 3624 neque
2695 3543 2768 3604 ab
2801 3545 2904 3605 illa
2933 3543 3201 3624 separari
3232 3542 3478 3605 inducat
3505 3543 3565 3605 in
3595 3545 3726 3607 ani-

2065 3650 2250 3708 mum,
2275 3632 2554 3710 indignus
2575 3633 2908 3695 sacerdotio
2933 3642 3232 3708 censetur,
3256 3639 3496 3714 propter
3515 3633 3724 3712 hujus-

333 3727 494 3794 σύνης
549 3728 837 3802 νομίζεται.
912 3729 971 3785 Ei
1028 3728 1124 3806 μέν
1194 3751 1273 3785 τοι
1343 3727 1498 3807 γνοὺς
1568 3728 1670 3789 τὴν
1731 3727 1979 3808 μοιχείαν

2066 3721 2301 3784 cemodi
2331 3721 2575 3782 sceleris
2607 3721 3003 3783 tolerantiam.
3038 3724 3112 3784 At
3138 3723 3189 3784 si
3219 3731 3523 3802 comperto
3543 3723 3720 3784 adul-

331 3816 554 3895 παρευῶ
607 3816 706 3884 τὴν
777 3817 1133 3896 μοιχεύουσαν
1189 3826 1282 3876 τοῦ
1339 3816 1532 3873 οἰκείου
1572 3815 1728 3875 οἴκου
1776 3817 1985 3872 ἀπώσε-

329 3927 441 3978 ται,
497 3905 586 3961 καὶ
639 3906 836 3972 ταύτης
906 3903 1147 3985 διαζυγῇ,
1215 3905 1360 3982 μένει
1415 3907 1476 3962 τὸ
1533 3911 1633 3973 τῆς
1697 3906 1983 3986 ἱερωσύνης

330 3994 418 4050 καὶ
447 3993 588 4057 αὖθις
640 3993 786 4074 ἔχων
829 3991 1054 4069 ἀξιωμα.
1109 3997 1170 4052 Εἰ
1228 4004 1316 4054 οὖν
1359 3992 1600 4061 ἀληθεύει
1645 3997 1673 4051 ὁ
1705 3991 1979 4075 Ἰωάννης,

330 4084 418 4138 καὶ
479 4083 608 4159 μεθὸ
677 4083 778 4146 τὴν
840 4093 1070 4162 γυναῖκα
1141 4083 1506 4164 μοιχεύσασαν
1569 4081 1729 4162 ἔγνω,
1801 4081 1980 4151 διέστη

330 4176 519 4248 αὐτῆς,
572 4174 662 4231 καὶ
729 4175 791 4229 τὸ
861 4174 1027 4251 ταύτῃ
1083 4187 1352 4231 συνοικεῖν
1407 4175 1781 4254 παρῃτήσατο,
1846 4172 1982 4230 ἔστω

330 4265 418 4320 καὶ
486 4263 629 4328 αὖθις
692 4264 880 4343 ἱερεὺς,
951 4266 1040 4321 καὶ
1109 4262 1376 4340 μηδαμῶς
1455 4269 1548 4319 τοῦ
1615 4275 1735 4328 τοῖς
1815 4263 1980 4342 ἱεροῖς

331 4353 601 4434 ἐγχειρεῖν
659 4354 802 4432 παρὰ
853 4353 952 4422 τὴν
1007 4357 1107 4420 τῆς
1159 4353 1408 4432 γυναικὸς
1452 4351 1703 4432 μοιχείαν
1759 4350 1982 4420 κωλύη-

330 4465 440 4506 ται,
474 4441 622 4500 Ἐπεὶ
673 4440 728 4498 δὲ
781 4444 870 4500 καὶ
925 4440 1094 4500 παῖδα
1150 4441 1210 4498 ἐκ
1260 4447 1361 4508 τῆς
1405 4441 1783 4521 μοιχευθείσης
1841 4440 1985 4520 λέγει

331 4533 480 4613 ἔχειν
521 4535 550 4589 6
593 4533 782 4614 ἱερεὺς,
832 4534 892 4590 τὸ
927 4533 1062 4609 -νμὴν
1117 4530 1352 4613 δίμοιρον
1409 4537 1509 4600 τῆς
1566 4533 1786 4610 προικὸς
1816 4555 1987 4612 παρα-

329 4623 609 4702 ητεχέτω
650 4621 796 4700 λόγῳ
848 4631 940 4680 τοῦ
1003 4619 1190 4685 παιδὸς
1246 4622 1274 4677 6
1342 4622 1534 4699 ἱερεὺς,
1593 4623 1654 4677 τὸ
1710 4619 1765 4678 δὲ
1807 4624 1982 4701 τρίτον

329 4709 536 4782 δοθήτω
575 4717 644 4789 τῇ
687 4712 920 4790 γυναικὶ,
962 4709 1039 4768 ἵν’
1094 4709 1149 4766 ἐν
1205 4711 1545 4789 μοναστηρίῳ
1599 4710 1978 4792 προσενέγχκῃ

329 4807 509 4883 τοῦτο,
531 4802 619 4858 καὶ
647 4801 916 4881 ἆποκαρῇ.

2065 3811 2240 3884 terio,
2273 3810 2708 3872 adulterantem
2733 3811 2914 3873 domo
2940 3830 3047 3872 sua
3064 3811 3382 3874 confestim
3405 3812 3720 3892 expulerit,

2066 3907 2124 3961 et
2153 3900 2469 3962 divortium
2495 3899 3012 3982 fecerit,_posthac
3046 3919 3284 3982 quoque
3312 3900 3372 3961 in
3404 3902 3725 3963 sacerdotii

2065 3989 2222 4070 quod
2243 3989 2421 4052 habet
2443 3989 2734 4067 dignitate
2755 3999 3088 4071 permanet.
3115 3989 3319 4072 Itaque
3345 3989 3394 4052 si
3411 4010 3552 4053 vera
3575 4010 3727 4072 prae-

2065 4079 2224 4141 dicat
2253 4081 2535 4154 Joannes,
2566 4089 2623 4142 et
2659 4088 2968 4162 postquam
3010 4082 3245 4160 agnovit
3273 4099 3518 4143 uxorem
3551 4082 3721 4143 adul-

2066 4169 2281 4230 terium
2306 4177 2710 4250 perpetrasse,
2735 4169 2808 4232 ab
2841 4171 2944 4233 illa
2980 4171 3242 4251 sejunxit
3272 4189 3362 4252 se,
3397 4170 3722 4234 habitatio-

2065 4275 2325 4338 nemque
2337 4277 2472 4319 cum
2499 4277 2568 4319 ea
2589 4257 2963 4340 detrectavit,
2979 4260 3068 4321 sid
3091 4259 3272 4321 etiam
3306 4266 3508 4340 postea
3528 4277 3725 4324 sacer-

2066 4347 2199 4430 dos,
2239 4366 2350 4410 nec
2387 4347 2682 4410 ullatenus
2718 4347 2792 4409 ob
2833 4349 3036 4410 uxoris
3071 4348 3426 4410 adulterium
3457 4366 3493 4409 a
3519 4367 3721 4411 rerum

2073 4455 2374 4499 sacrarum
2410 4439 2758 4499 tractatione
2787 4447 3080 4501 arceatur.
3105 4436 3599 4518 Quandoquidem
3619 4457 3724 4498 au-

2071 4535 2191 4590 tem
2221 4527 2306 4590 ait
2333 4526 2613 4588 sacerdos
2645 4545 2710 4588 se
2731 4527 2942 4590 ﬁilium
2967 4547 3039 4589 ex
3062 4527 3328 4589 adultera
3355 4525 3719 4607 suscepisse;

2065 4617 2210 4679 duas
2241 4616 2481 4698 quidem
2532 4623 2734 4696 partes
2781 4616 2960 4690 dotis,
3016 4615 3188 4697 pueri
3237 4634 3411 4677 causa
3465 4615 3722 4678 retineat

2060 4705 2364 4781 sacerdos;
2401 4705 2574 4765 tertia
2594 4722 2731 4766 vero
2757 4704 2994 4766 mulieri
3013 4707 3208 4781 detur,
3235 4721 3412 4784 quam
3434 4702 3496 4764 in
3518 4721 3720 4765 mona-

2059 4797 2307 4861 sterium
2339 4795 2570 4872 aderat,
2603 4801 2780 4876 atque
2811 4795 3146 4858 tondeatur.
