4176 6400
391 338 510 407 757

1887 339 2299 406 EPISTULAL

3655 338 3776 404 758

384 493 513 544 τατς
598 494 725 546 σαῖς
809 481 985 561 ἁγίαις
1066 477 1477 561 ἐπερειδόμεναι.
1570 475 1722 546 Πλὴν
1803 475 2007 556 ἐρυθριᾷ

2093 471 2285 555 .disti,
2307 475 2489 539 homo
2513 476 2647 554 Dei,
2674 477 2816 540 dum
2851 476 3080 558 magnis
3126 476 3600 541 mediocritatem
3644 495 3761 541 no-

384 571 529 646 ἠμᾶς
632 572 1025 649 παρεσκύασας,
1106 568 1343 649 ἄνθρωπε
1422 575 1517 626 τοῦ
1591 573 1748 641 Θεοῦ,
1831 564 2007 645 μεγάλ

2119 568 2301 625 stram
2327 566 2505 628 effers
2531 565 2844 645 laudibus;
2877 585 3128 649 quarum
3158 566 3384 629 nullius
3411 564 3584 630 nobis
3613 585 3764 629 con-

383 667 452 738 τῇ
547 660 784 741 ἡμετέρᾳ
864 659 1295 740 ἐπιγραψάμενος
1382 657 1687 737 μετριότητι
1756 656 2007 737 κατορθώ·

2116 651 2249 741 scii,
2278 653 2718 739 erubescimus,
2750 656 2901 719 mihi
2938 655 3141 721 crede.
3177 654 3379 738 Neque
3408 654 3570 718 enim
3601 656 3763 720 aliud

381 771 546 826 ματα,
605 752 680 806 ὧν
750 748 898 808 οὐδὲν
981 751 1193 814 ἑαυτοῖς
1270 746 1658 827 συνεγνωκότες
1729 743 2028 827 αἰδούμεθα,

2114 740 2175 803 in
2207 742 2381 807 nobis
2427 745 2825 826 agnoscimus,
2858 745 2973 808 nisi
3020 745 3083 808 id
3125 764 3335 823 unum,
3367 743 3525 828 quod
3554 764 3760 809 sumus

375 845 607 900 πίστευε.
655 838 784 899 036“:
816 840 921 920 γάρ
965 838 1098 897 ἄλλο
1146 862 1198 898 τι
1254 837 1525 914 σύνισμεν,
1588 837 1633 893 εί
1690 836 1769 913 μὴ
1826 834 1908 893 ὅτι
1967 861 2007 916 γι

2111 828 2433 897 Christiani
2464 835 2827 914 orthodoxi;
2859 835 3054 915 exigui
3083 835 3243 898 inter
3270 834 3381 898 Dei
3424 834 3760 915 pontiﬁces,

377 929 541 1005 μόνον
607 932 908 1006 Χριστιανοὶ
949 926 1207 1008 ὀρδόδοξοί
1247 927 1407 1003 ἐσμεν
1439 944 1455 961 ⁶

1528 926 1757 1006 βραχετς
1830 926 1929 1002 μὲν
1971 926 2026 985 ἐν

2111 920 2343 984 minimi
2367 923 2661 997 omnium,
2681 944 2750 988 ac
2784 924 2937 987 servi
2958 942 3272 987 servorum
3302 922 3543 987 Domini
3569 922 3761 986 nostri

377 1016 682 1098 ἀρχιερεῦσι
752 1024 885 1075 Θεοῦ
943 1015 1070 1099 [Αι.
1130 1016 1321 1079 inser.
1381 1012 1577 1093 ὄντεςΙ,
1634 1013 1911 1096 ἐλάχιστοι
1970 1014 2007 1072 δί

2106 1010 2247 1073 Jesu
2278 1013 2522 1077 Christi.
2559 1016 2796 1077 Erimus
2843 1022 3044 1078 autem
3097 1015 3296 1078 forsan
3346 1012 3513 1077 tales.
3550 1013 3760 1096 quales

376 1106 590 1164 πάντων
657 1108 746 1165 καὶ
803 1105 979 1167 δοῦλοι
1049 1112 1155 1163 τῶν
1224 1103 1422 1162 δούλων
1477 1110 1570 1162 τοῦ
1624 1103 1811 1184 Κυρίου
1869 1106 2007 1181 ἡμῶε

2108 1117 2217 1162 nos
2266 1119 2398 1165 esse
2444 1110 2716 1167 attestata
2762 1111 2854 1167 est
2905 1103 3157 1186 epistola
3204 1113 3326 1182 tua,
3358 1101 3412 1166 si
3441 1108 3570 1166 tuas
3612 1120 3753 1185 erga

376 1191 554 1263 Ἰησοό
611 1203 861 1277 Χριστοῦ.
920 1193 1185 1273 Ἐσόμεθα
1236 1192 1293 1250 δὲ
1348 1192 1485 1257 ἴσως
1560 1202 1814 1270 τοιοῦτοι,
1872 1195 2022 1261 οἵους

373 1284 519 1359 ἡμᾶς
546 1286 581 1353 ἡ
630 1286 700 1355 σὴ
746 1286 1143 1366 ἐπεμαρτύρησε
1195 1283 1398 1367 γραφὴ,
1454 1283 1501 1340 εἰ
1541 1282 1641 1351 τὴν
1691 1282 1822 1363 ὑπὲρ
1862 1285 2021 1361 ἡμῶν

369 1374 503 1453 πρὸς
534 1377 662 1432 Θεὸν
689 1374 978 1443 πληθυνεῖς
1009 1372 1215 1442 δέησιν.

447 1452 524 1541 β’.
586 1466 895 1546 Περιείχετο
975 1470 1046 1542 τῇ
1116 1463 1267 1540 τιμία
1343 1469 1523 1544 γραφῇ
1590 1467 1693 1532 τῆς
1746 1461 2015 1545 θεοφιλίας

367 1573 462 1613 σου
503 1552 618 1631 (9),
663 1556 780 1635 περὶ
834 1559 935 1622 τῆς
1003 1554 1107 1611 ὑπὸ
1176 1553 1237 1610 σὲ
1299 1552 1603 1631 ἁγιωτάτης
1666 1551 2012 1631 Ἐκκλησίας,

364 1642 439 1705 ὡς
490 1644 519 1698 6
564 1656 855 1724 κορυφαῖος
906 1643 1012 1700 τῶν
1070 1640 1383 1719 ἀποστόλων
1413 1641 1607 1723 Πέτρος
1659 1642 1856 1710 ταύτην
1914 1664 2011 1700 συ·-
2033 1684 2076 1736 Β

364 1731 721 1807 στησάμενος,
810 1732 1102 1813 ἐνεχείρισε
1189 1733 1267 1807 τῷ
1351 1731 1484 1811 ἁγίῳ
1559 1730 1843 1806 ἀποστόλῳ
1926 1734 2015 1790 καὶ

364 1818 715 1899 εὐαγγελιστῇ
761 1821 959 1901 Μάρκῳ
991 1840 1007 1855 ·
1052 1818 1137 1902 ὑφ’
1187 1821 1248 1878 οὖ
1289 1823 1318 1877 6
1368 1820 1564 1888 ταύτης
1615 1822 1887 1900 προεστὼς
1937 1823 2012 1887 εἷς

362 1907 507 1974 τάξιν
536 1910 625 1967 καὶ
675 1919 840 1986 τιμὴν
900 1910 1115 1991 ἀνήχθη
1157 1910 1489 1990 πατριάρχου
1524 1926 1538 1941 ·
1598 1909 1736 1968 ὥστε
1768 1924 2009 1991 ,κρατεῖν

361 1998 449 2053 καὶ
478 1995 665 2078 ἄρχειν
694 1996 779 2055 διὰ
834 2004 932 2067 τῆς
985 1989 1323 2064 διδασκαλίας
1357 2017 1372 2034 ⁸
1418 1989 1530 2054 κᾶν
1583 2011 1706 2063 ταῖς
1764 1989 2009 2075 Ῥωμαϊ-

359 2099 487 2149 καῖς
540 2086 902 2144 συνελεύσεσιν
972 2088 1033 2145 ἐκ
1099 2087 1279 2155 δεξιῶν
1361 2088 1503 2145 εἶναι
1571 2094 1664 2145 τοῦ
1721 2089 2011 2168 μακαρίτου

362 2173 498 2253 [ΑΗ.
572 2177 1005 2258 μακαριωτάτου]
1079 2178 1233 2238 πάπα
1308 2174 1655 2257 συγκάθεδρον
1689 2195 1704 2212 ο
1775 2177 1866 2235 καὶ
1932 2179 2009 2244 ὡς

358 2268 596 2345 εὐχερῶς
666 2263 814 2347 ἔχεις
884 2266 946 2323 ἔκ
1001 2264 1246 2323 παλαιῶν
1298 2264 1501 2344 [Αίίαι.
1561 2263 1795 2344 πολλῶν]
1850 2276 2007 2327 τοῦτο

356 2352 523 2420 δεῖξαι
598 2355 834 2434 πράξεων
868 2376 882 2388 ·
956 2354 1038 2412 ὅτι
1109 2355 1216 2412 ἀπὸ
1285 2364 1380 2414 τοῦ
1448 2355 1598 2433 ἁγίου
1655 2354 1855 2432 Πέτρου
1909 2358 2006 2426 τὴν

358 2449 629 2523 μονομερῆ
659 2446 1057 2526 πατριαρχικην
1109 2443 1327 2518 κλῆσιν,
1375 2446 1404 2501 6
1462 2445 1555 2508 σὸς
1611 2444 1792 2517 θρόνος
1848 2444 2009 2514 ἐκληο

357 2533 562 2612 ρώσατο
594 2552 613 2571 ⁶
659 2535 748 2591 καὶ
779 2532 864 2592 δεῖ
913 2555 981 2611 με
1021 2536 1096 2598 ὡς
1151 2534 1488 2614 πατριάρχου
1539 2534 1607 2590 τὰ
1661 2534 1729 2594 σὰ
1770 2532 2006 2601 δέξασθαι

356 2621 665 2701 γράμματα,
713 2624 801 2680 καὶ
862 2624 979 2704 περὶ
1032 2622 1260 2687 πίστεως
1320 2621 1710 2702 ἐγγραμμάτως
1753 2623 2009 2700 ὁμιλῆσαί

356 2732 462 2772 σοι.

436 2789 514 2879 γ’.
551 2801 649 2859 Καὶ
674 2802 710 2870 ἡ
739 2800 844 2877 ἐμὴ
901 2802 1179 2882 βραχύτης
1225 2798 1365 2880 [ΑΗ.
1424 2801 1730 2884 βριλύτης],
1763 2805 2012 2885 ἱερώτατε

358 2889 681 2967 πνευματιιιὲ
778 2889 991 2972 aenea,
1080 2893 1184 2973 οὐχ
1259 2893 1332 2954 ὡς
1415 2891 1750 2973 πατριάρχου
1845 2894 2011 2971 μόνου

2104 1187 2292 1252 Deum
2326 1210 2432 1274 pro
2463 1191 2636 1255 nobis
2666 1211 2879 1276 preces
2907 1192 3170 1257 auxeris.

2181 1457 2239 1522 2.
2276 1459 2834 1542 Complectebantur
2880 1458 3250 1525 honorandae
3290 1458 3503 1521 litterze
3542 1466 3662 1522 tua;
3686 1457 3750 1521 in

2097 1544 2285 1610 Deum
2354 1550 2704 1627 charitatis,
2763 1550 2840 1612 de
2894 1549 3270 1614 sanctissima
3335 1546 3602 1610 Ecclesia
3654 1547 3754 1612 cui

2101 1655 2308 1717 praaes,
2343 1639 2499 1719 quod
2520 1658 2791 1702 summus
2819 1638 3225 1721 apostolorum
3246 1640 3475 1716 Petrus,
3500 1654 3630 1699 eam
3662 1635 3753 1699 in-

2098 1727 2380 1811 stituerit,
2403 1728 2600 1792 tradid
2609 1729 2839 1810 eritque
2861 1736 3065 1791 sancto
3085 1726 3352 1808 apostolo
3375 1732 3435 1788 et
3453 1726 3754 1807 evangeli-

2094 1822 2199 1878 staa
2223 1820 2418 1880 Marco
2446 1838 2462 1900 ;
2495 1836 2564 1879 ex
2594 1836 2712 1900 quo
2743 1816 2903 1879 illius
2948 1815 3197 1879 antistes
3244 1814 3307 1877 in
3358 1813 3632 1877 ordinem
3679 1834 3749 1879 ac

2094 1904 2386 1969 honorem
2419 1906 2775 1986 patriarcha
2802 1912 3041 1968 evectus
3069 1903 3170 1981 sit,
3195 1912 3261 1967 ut
3305 1911 3655 1986 potestatem
3687 1911 3749 1968 et

2093 1995 2490 2076 principatum
2521 1995 2786 2058 obtineat
2813 2013 2920 2076 per
2947 1993 3304 2071 doctrinam,
3338 1992 3592 2076 atquein
3623 1992 3750 2056 Ro-

2094 2086 2285 2146 manis
2314 2084 2709 2148 conventibus
2737 2105 2771 2147 a
2793 2084 3018 2147 dextris
3046 2082 3203 2146 beati
3229 2102 3395 2165 papae
3414 2081 3747 2162 consideat;

2089 2172 2369 2255 quodque
2396 2174 2572 2237 facile
2604 2174 2820 2256 possis,
2854 2175 2969 2236 hoc
3001 2181 3092 2236 est
3127 2172 3388 2254 antiquis
3427 2171 3751 2255 multisque

2088 2264 2258 2337 actis,
2292 2262 2887 2346 ostendere,scilicet
2908 2262 3113 2325 sedem
3138 2270 3297 2326 luam
3327 2280 3361 2323 a
3389 2270 3597 2324 sancto
3626 2261 3745 2325 Pe-

2090 2358 2180 2413 tro
2207 2354 2472 2415 sortitam
2508 2371 2641 2415 esse
2673 2351 2996 2434 specialem
3031 2351 3467 2433 patriarchatus
3483 2351 3743 2432 appella.

2088 2440 2313 2503 tionem
2342 2462 2358 2517 ;
2389 2442 2671 2524 quodque
2700 2451 2968 2524 oporteat
2984 2448 3049 2503 ut
3072 2460 3181 2521 ego
3207 2440 3435 2503 litteras
3455 2446 3584 2502 tuas
3604 2445 3745 2505 tan-

2088 2549 2263 2612 quam
2296 2532 2651 2614 patriarchaa
2680 2530 3023 2613 suscipiam,
3046 2549 3113 2594 ac
3139 2530 3215 2594 de
3237 2529 3355 2593 tide
3377 2548 3485 2612 per
3516 2528 3746 2593 litteras

2092 2627 2288 2683 tecum
2324 2621 2657 2703 colloquar.

2175 2798 2236 2863 3.
2269 2800 2341 2861 At
2372 2817 2500 2860 mea
2537 2798 2818 2877 tenuitas,
2851 2797 3256 2863 sacratissime
3301 2794 3590 2879 Spiritalis
3622 2796 3745 2860 fra-

2094 2895 2204 2959 ter.
2244 2909 2363 2951 non
2393 2889 2571 2951 modo
2602 2899 2666 2953 ut
2697 2888 3073 2972 patriarchae,
3102 2887 3207 2951 sed
3231 2894 3296 2949 ut
3320 2886 3606 2968 apostolis
3633 2906 3745 2970 pa-

356 2979 424 3058 [Α
435 2979 501 3041 ιι.
575 2978 786 3059 μόνον],
868 2978 987 3037 ἀλλ’
1057 2983 1133 3045 ὡς
1215 2978 1569 3039 ἷσαποστόλου
1626 2983 1714 3040 καὶ
1771 2982 2007 3064 μεγάλου

2093 2978 2197 3053 ris,
2233 2979 2556 3061 magnique
2588 2978 2887 3061 pontiﬁcis
2916 2978 3047 3053 Dei,
3081 2978 3310 3041 litteras
3341 2983 3469 3038 tuas
3517 2976 3748 3059 recepit

352 3090 645 3150 αρχιερεως

352 3094 645 3151 αρχιερεως
741 3094 895 3141 σεου,
984 3094 1050 3127 τα
1133 3094 1423 3149 γραμματα
1508 3094 1603 3128 σου
1684 3094 1821 3148 μετα
1906 3096 2008 3144 της

351 3159 730 3239 προσηκούσης
785 3163 949 3234 τιμῆς
1034 3157 1243 3225 ἐδέξατο
1325 3160 1415 3216 καὶ
1491 3159 1796 3228 ἠσπάσατο.
1861 3160 2009 3234 Πλὴν

354 3247 416 3305 ἐκ
455 3250 646 3315 νηπίου
706 3246 852 3326 [Αιι.
912 3248 1102 3311 inser.
1154 3249 1260 3327 καὶΙ
1325 3247 1491 3328 μέχρι
1548 3250 1729 3328 γήρως
1770 3265 1889 3317 τοῖς
1924 3256 2006 3310 ἱε-

355 3350 471 3416 ροῖς
532 3336 800 3418 ἐντραφεὶς
856 3337 1158 3418 γράμμασι,
1229 3338 1317 3394 καὶ
1371 3344 1438 3415 τῇ
1494 3338 1696 3395 τούτων
1756 3339 2005 3420 ἀναγνώ-

355 3447 436 3482 σει
506 3425 788 3507 σχολάζων
859 3426 964 3507 ἆεὶ,
1050 3424 1255 3484 οὐδέπω
1334 3424 1564 3503 οὒδαμοῦ
1615 3426 1742 3508 παρ’
1795 3428 2004 3496 οὒδενὸς

357 3512 550 3591 ἔμαθον
604 3515 640 3583 ἢ
709 3514 911 3583 ἤκουσα
980 3512 1145 3596 μέχρι
1227 3520 1327 3601 τῆς
1400 3513 1539 3596 ἄρτι,
1607 3519 1697 3574 τὸν
1753 3517 2004 3601 πρόεδρον

353 3602 601 3669 ’Λκυλίας
633 3602 773 3685 [Αιι.
812 3602 1104 3673 Ἀκυληίας
1135 3609 1194 3667 et
1233 3600 1533 3685 Ἀκοιλίας]
1584 3604 1702 3674 ἤτοι
1732 3609 2000 3683 Βενετίας.

351 3694 690 3775 πατριάρχην
759 3695 1129 3770 ὀνομάζεσθαι.
1201 3693 1364 3751 Πέντε
1450 3695 1551 3775 γὰρ
1632 3693 1688 3752 ἐν
1761 3694 1873 3775 ὅλῳ
1927 3705 2004 3775 τῷ

346 3783 533 3860 κόσμον
601 3786 705 3841 ὑπὸ
784 3788 886 3851 τῆς
934 3784 1107 3865 ,θείας
1195 3784 1517 3859 ᾡκονομήθη
1575 3784 1798 3865 χάριτος
1858 3787 2003 3845 εἶναι

342 3874 702 3955 πατριάρχας,
774 3874 867 3929 τὸν
932 3863 1171 3949 Ῥωμης,
1242 3874 1337 3929 τὸν
1395 3863 2002 3942 Κωνσταντινουπόλεως

341 3964 433 4019 τὸν
490 3959 886 4042 Ἀλεξανδρείας
956 3964 1048 4019 τὸν
1118 3960 1475 4043 Ἀντιοχείας,
1548 3964 1637 4020 καὶ
1692 3964 1784 4020 τὸν
1847 3956 2001 4045 Ἰερο-

337 4050 611 4128 σολύμωι.
656 4048 805 4109 Ἀλλ’
872 4050 990 4109 οὔδε
1057 4052 1261 4110 τούτων
1332 4049 1557 4116 ἕκαστος
1625 4054 1817 4130 κυρίως
1885 4078 2000 4112 πα-

340 4142 604 4222 τριάρχης
634 4139 880 4198 καλετται
914 4158 930 4173 ⁸
986 4147 1439 4221 καταχρηστικῶς
1480 4139 1537 4198 δὲ
1582 4140 1735 4221 [ΑΗ.
1778 4143 1833 4200 δὲ
1857 4145 2001 4202 πάν-

338 4231 453 4311 τες]
556 4229 1003 4309 ἀνακηρύττονται
1110 4228 1258 4309 [Αίί.
1302 4310 1314 4314 Α
1365 4230 1780 4311 ἆνακηρύττεται
1877 4235 1996 4314 γὰρι

339 4318 395 4377 δέ
419 4310 546 4400 (10)
584 4333 600 4349 ⁸
635 4320 664 4376 6
708 4319 807 4390 μὲν
836 4318 1115 4401 ἀρχιερεὺς
1157 4320 1255 4388 τὴς
1301 4310 1539 4396 Ῥώμης,
1589 4321 1771 4386 πάπας
1812 4340 1826 4356 ⁶
1875 4310 1904 4380 6

347 4407 840 4468 Κωνσταντινουπό)
853 4430 977 4485 εως,
1072 4408 1494 4490 ὰρχιεπίσκοπος
1529 4428 1545 4444 °
1630 4413 1659 4467 6
1749 4408 2001 4478 Ἀλεξαν.

347 4497 542 4578 δρείας,
583 4497 766 4561 πάπας
802 4514 816 4529 ·
888 4500 979 4556 καὶ
1036 4501 1066 4555 6
1122 4489 1228 4555 τῶν
1293 4489 1692 4580 Ἰεροσολύμων,
1742 4500 2001 4583 ἀρχιεπί-

741 3076 895 3141 Θεοῦ,
984 3071 1050 3127 τὰ
1133 3070 1423 3149 γράμματά
1508 3092 1603 3128 σου
1684 3073 1821 3148 μετὰ
1906 3080 2007 3144 τῆς

2093 3076 2153 3130 et
2175 3070 2446 3151 amplexa
2470 3076 2559 3133 est
2588 3088 2723 3131 cum
2756 3069 2987 3131 honore
3025 3067 3424 3133 convenienti.
3456 3067 3682 3128 Verum
3711 3084 3748 3129 a

2090 3178 2278 3240 puero
2309 3159 2382 3221 ad
2414 3168 2782 3222 senectutem
2807 3176 2992 3240 usque
3022 3155 3209 3220 sacris
3235 3154 3558 3218 innutritus
3580 3154 3745 3219 litte-

2086 3247 2191 3310 ris.
2240 3266 2564 3331 earumque
2594 3246 2841 3310 lectioni
2871 3265 3088 3310 vacans
3135 3244 3398 3327 assidue,
3435 3263 3741 3326 nunquam

2087 3337 2257 3401 ullibi
2306 3337 2379 3400 ab
2429 3338 2549 3399 ullo
2607 3335 2816 3410 didici,
2867 3339 2957 3400 vel
2996 3335 3194 3398 audivi
3238 3352 3426 3415 usque
3456 3333 3532 3396 ad
3581 3335 3743 3397 hunc

2086 3426 2271 3496 diem,
2297 3426 2612 3508 praesulem
2643 3424 2931 3507 Aquileiae
2966 3444 3074 3488 seu
3100 3422 3509 3500 Venetiarum,
3536 3424 3738 3485 nomi-

2088 3516 2218 3577 nari
2251 3515 2673 3597 patriarcham.
2697 3513 2975 3594 Quinque
2999 3514 3160 3576 enim
3194 3514 3255 3575 in
3286 3511 3562 3576 universo
3597 3510 3744 3575 orbe

2089 3622 2158 3667 ex
2206 3605 2422 3667 divina:
2463 3602 2665 3683 gratia;
2704 3603 3154 3685 dispensatione
3196 3602 3549 3684 patriarcha
3578 3609 3739 3678 sunt,

2084 3692 2409 3775 Romanus,
2452 3692 3165 3776 Constantinopolitanus,
3209 3691 3644 3767 Antiochenus,
3684 3700 3746 3755 et

2086 3777 2833 3865 Hierosolymitanus.'Sed
2889 3801 3001 3845 nec
3058 3801 3268 3846 eorum
3327 3781 3742 3864 unusquisque

2088 3874 2327 3956 proprie
2359 3881 2733 3956 nuncupatur
2762 3873 3119 3954 patriarcha;
3154 3872 3259 3935 sed
3289 3871 3553 3935 abusive.
3587 3870 3739 3934 Pro-

2087 3963 2422 4026 clamantur
2442 3972 2665 4038 autem,
2693 3962 2954 4043 pontifex
2973 3961 3202 4038 Romae,
3235 3980 3386 4044 papa
3410 3979 3427 4039 ;
3452 3964 3743 4024 Constan-

2087 4053 2396 4135 tinopolis,
2422 4052 2936 4134 archiepiscopus;
2966 4052 3371 4124 Alexandria),
3391 4068 3566 4134 papa;
3594 4050 3743 4113 Hie-

2084 4144 2538 4223 rosolymorum,
2577 4140 3111 4222 archiepiscopus;
3144 4142 3308 4207 solus
3357 4160 3495 4203 vero
3526 4141 3744 4203 Antio-

2085 4231 2260 4313 chia,
2287 4230 2671 4311 peculiariter
2699 4230 2945 4292 sortitus
2974 4239 3086 4310 est,
3123 4238 3185 4292 ut
3207 4230 3541 4312 patriarcha
3568 4229 3744 4292 audi-

2086 4331 2180 4385 ret
2211 4329 2391 4401 atque
2420 4319 2747 4383 diceretur.
2784 4317 2968 4400 quue
2995 4318 3283 4397 inveniet,
3326 4319 3378 4381 si
3421 4318 3748 4398 diligenter

2084 4418 2346 4472 scrutata
2366 4408 2545 4470 fuerit
2563 4406 2857 4470 charistas
2883 4416 3000 4484 tua,
3014 4406 3076 4470 in
3095 4407 3259 4469 omni
3281 4407 3581 4487 scriptura
3606 4425 3740 4489 pro-

2083 4501 2334 4563 fessum.

343 4610 540 4655 σκοπος
578 4609 587 4619 ·
640 4589 801 4664 μόνος
831 4586 887 4645 δὲ
916 4591 945 4646 6
974 4588 1307 4670 Ἀντιοχείας
1337 4588 1638 4662 ἰδιαζόντως
1666 4589 1945 4672 ἐκληρώθη
1975 4593 2314 4674 πατριάρχης
2345 4591 2553 4649 ἀκούειν
2601 4590 2690 4647 καὶ
2730 4587 2994 4669 λέγεσθαι.
3032 4592 3129 4650 Καὶ
3155 4596 3307 4647 τδῦνο
3331 4589 3540 4669 εὓρήσει
3566 4585 3738 4646 πολυ-

338 4687 714 4758 πραγμονοῦσα
743 4681 779 4750 ἡ
824 4679 1015 4760 ἀγάπη
1047 4701 1165 4761 σου,
1198 4679 1283 4737 διὰ
1325 4680 1504 4748 πάσης
1548 4685 1757 4762 γραφῆς
1788 4681 2239 4763 ὁμολογούμενον.

1587 4839 1768 4906 Joan.
1801 4841 1979 4924 Bapt.
2009 4839 2293 4906 Cotelerii
2321 4850 2497 4906 notas.

420 5008 503 5090 (9)
552 5034 598 5094 ι
648 5011 958 5094 Περιεξχεειξ
1014 5017 1108 5094 τῇ,
1138 5011 1289 5094 τιμίςι
1333 5018 1544 5094 mea
1568 5013 1669 5094 τῆς
1724 5011 1994 5093 θεοφιλίας

420 5035 503 5090 (υ)
558 5035 583 5066 Ι
648 5035 958 5104 Περιειχετο
1014 5035 1084 5089 τῃ
1138 5035 1289 5107 τιμιφ
1333 5035 1545 5156 Ἰαφῃῃ
1568 5035 1669 5104 της
1724 5035 1994 5093 σεοφιΛιας

334 5112 452 5172 a_oo.
473 5115 517 5172 _n
552 5089 639 5154 Ex
668 5090 1055 5172 citationibus
1082 5090 1301 5154 Leonis
1403 5091 1548 5154 Ilatn
1600 5111 1663 5154 in
1694 5109 1879 5172 opere
1912 5093 1998 5154 De

336 5169 634 5235 Ecclesia:
664 5171 1073 5254 occidentalis
1098 5181 1159 5254 et
1179 5172 1527 5254 Orientalis
1543 5169 2001 5254 perpetuam»-

335 5258 636 5328 sensione,
657 5261 718 5315 et
745 5252 805 5313 in
846 5252 1386 5316 Exercitationibus
1424 5261 1629 5316 contra
1654 5252 1991 5333 'Creyghta-

2076 5012 2329 5095 patrius,
2355 5011 2512 5095 apud
2545 5010 2818 5075 .tllatium
2878 5009 3099 5095 laudati
3152 5031 3288 5095 mox
3303 5010 3516 5095 operis
3547 5008 3653 5072 lib.
3691 5029 3731 5086 ι,

2080 5090 2212 5175 cap.
2237 5094 2346 5175 712,
2379 5090 2436 5155 n.
2547 5112 2568 5175 ;
2595 5101 2654 5175 et
2682 5111 2815 5175 cap,
2852 5092 2969 5175 _18,
3028 5111 3088 5153 n.
3157 5094 3234 5175 t,_
3262 5090 3373 5175 ait'
3400 5090 3735 5175 Romanum

2082 5171 2427 5256 pontiﬁcem
2457 5181 2517 5235 et
2536 5171 3267 5256 Alexandrinum‘vocrri,
3291 5171 3734 5256 Antio‘chenum

2075 5251 2135 5336 et
2156 5255 2754 5336 Hierosolyinitanum
2767 5252 3132 5335 patriarchas
3148 5251 3729 5336 ;_Constantin0poli-

336 5324 1988 5425 num,varianteslectionesmarginibusapposuixtem-
2078 5324 2279 5425 timum
2330 5324 2470 5425 vero
2526 5324 2912 5425 subscribere
2943 5350 2969 5425 :_
3019 5324 3535 5425 .lrchigpiscopus
3566 5324 3737 5425 nocte

331 5430 453 5554 lque
477 5432 546 5475 ex
572 5433 683 5476 ms.
709 5412 820 5475 viri
849 5413 1167 5476 clarissimi
1199 5413 1425 5478 Claudii
1441 5412 1578 5475 Jolii
1601 5412 1989 5506 praecentoris
2072 5415 2281 5478 Romae
2300 5422 2359 5479 et
2380 5418 2783 5480 azcumenicus

383 5493 619 5554 cclesiaa
638 5493 1014 5554 Parisiensis.
1039 5493 1101 5554 in
1128 5514 1243 5554 auo
1267 5492 1796 5554 nauculaemstolte
1811 5493 1991 5554 huius
2073 5496 2423 5554 tinctionem
2480 5516 2653 5554 uvam
2711 5495 2783 5554 int

383 5493 619 5556 cclesiaa
638 5493 1015 5576 Parisiensis,
1039 5493 1101 5556 in
1128 5514 1243 5576 quo
1267 5492 1796 5576 pauculaepistolte
1811 5493 1991 5575 hujus

329 5584 695 5650 supersunt;
727 5575 960 5637 caeteris
991 5576 1066 5638 de
1097 5574 1393 5639 industria
1422 5574 1695 5638 resectis.

407 5656 529 5737 (10)
560 5681 589 5737 ξ
616 5655 1094 5737 ’ᾼνκκηρύττονται
1121 5655 1199 5718 δέ.
1227 5684 1253 5714 ι
1289 5655 1448 5718 Hinc
1468 5656 1787 5737 Balsamon
1802 5656 1993 5737 _Medi-

318 5740 467 5813 tato,
493 5734 522 5801 Ι
547 5734 711 5801 Juris
745 5734 1168 5803 Grieco-Rom.
1206 5755 1266 5821 μ
1302 5736 1442 5804 419.
1476 5736 1554 5801 At
1597 5734 1770 5802 Nilus
1796 5735 1989 5802 Dexa—

2777 5415 3185 5557 ilpatriarcho.
3212 5412 3596 5508 NequeIhanc
3617 5412 3736 5477 dis-

2821 5503 2943 5556 uctt
3026 5497 3239 5557 Petrus
3294 5496 3728 5557 Antiochenus.

2073 5496 2423 5558 tinctionem
2480 5516 2654 5577 qvam
2711 5495 2943 5557 inducit
3026 5497 3239 5577 Petrus
3294 5495 3728 5573 Autiochenus,

2078 5577 2331 5639 multum
2360 5594 2397 5658 a
2426 5575 2727 5658 veteribus
2763 5585 3058 5658 servatam
3090 5575 3361 5641 invenies
3389 5595 3406 5639 :
3444 5577 3592 5658 quin
3622 5594 3737 5640 nec

2077 5676 2115 5720 a
2141 5656 2582 5722 recentioribus
2615 5656 2780 5723 omni
2811 5674 2883 5721 ex
2917 5664 3106 5739 parte.
