4176 6412
412 372 528 441 761

1909 375 2325 442 ΕΡΙΒΤΟΙΛΕ.

3691 377 3812 447 762

408 513 461 568 αἱ
502 508 688 568 λοιπαὶ
730 514 829 579 τῆς
874 507 1043 579 ἄλλης
1078 508 1228 592 [ΑΗ.
1262 511 1416 593 ὅλης]
1446 510 1742 580 Ἀνατολῆς
1771 510 2021 592 ἐπαρχίαι
2057 528 2067 543 ·

2158 506 2529 590 Romagyris,
2559 507 2686 573 sive
2706 507 3037 585 Chorosan,
3064 525 3300 572 necnon
3320 506 3569 591 reliquae
3592 505 3812 573 Orien-

411 600 465 658 ἐν
538 604 631 663 αἷς
700 599 1113 681 ἀρχιεπίσκοποι
1192 600 1317 682 παρ’
1384 606 1544 680 ἡμῶν
1614 601 1915 678 πέμπονται
1986 601 2074 658 καὶ

412 689 705 764 καθολικοὶ,
785 692 1214 770 χειροτονοῦντες
1284 691 1338 749 ἒν
1415 692 1634 755 ἐκείνοις
1704 704 1822 755 τοῖς
1892 689 2072 769 μέρεσι

412 777 834 859 μητροπολίτας,
882 777 1112 860 ’ἔχοντας
1168 778 1257 839 ὑπ’
1314 780 1502 847 αὐτοὺς
1556 781 1873 844 ἐπισκόπους
1930 778 2072 837 πολ-

412 867 537 933 λούς
571 885 585 900 ’
643 865 764 925 ἀλλ’
814 872 896 933 εἷς
964 868 1016 935 ἐξ
1087 871 1259 927 αὐτῶν
1313 872 1655 951 πατριάρχης
1710 873 1805 928 οὐκ
1865 867 2066 936 ἐκληοη

413 957 575 1038 ποτε..
602 954 769 1013 Ἀλλὰ
809 958 929 1038 περὶ
958 958 1059 1033 μὲν
1098 959 1296 1017 τούτων
1326 958 1380 1017 ὲν
1410 961 1641 1023 τούτοις.

492 1036 596 1122 ς’,
648 1036 978 1124 Διελπὶμϐανε
1007 1045 1062 1104 δὲ
1091 1049 1125 1117 ἡ
1158 1050 1336 1130 γραφή
1366 1054 1464 1116 τῆς
1503 1049 1802 1130 ἁγιωσύνης
1831 1071 1948 1121 σου,
1980 1050 2067 1106 καὶ

411 1139 531 1218 περὶ
595 1146 690 1196 τοῦ
744 1137 1042 1215 ἁγιωτάτου
1116 1140 1205 1196 καὶ
1280 1140 1684 1220 μακαριωτάτου
1736 1138 2066 1220 πατριάρχου

416 1225 1045 1307 Κωνσταντινουπόλεως,
1119 1225 1201 1284 ὅτι
1269 1227 1367 1296 τὴν
1432 1219 1750 1304 θεοτίμητον
1825 1219 2066 1305 Ῥωμαϊ-

410 1315 513 1383 κήν
586 1313 908 1383 Ἐκκλησίαν
962 1313 1223 1381 ἒξουθενεϊ
1292 1318 1380 1373 καὶ
1434 1314 1703 1374 διάϐαλλει
1761 1318 1851 1375 καὶ
1905 1316 2071 1394 βλασ-

414 1416 590 1485 φημεῖ
619 1402 764 1483 [ΑΗ.
816 1402 962 1485 λέγει
1007 1403 1373 1488 βλασφημεῖν)
1415 1403 1499 1463 διὰ
1553 1407 1620 1463 τὰ
1661 1406 1858 1488 ἄζυμα,
1916 1406 2070 1464 ἅτινα

415 1495 488 1558 είς
544 1493 704 1550 τύπον
757 1502 851 1553 τοῦ
913 1501 1174 1573 Κυριακοῦ
1233 1494 1480 1570 σώματος
1560 1496 1797 1566 συνήθως
1853 1491 2068 1570 λαμϐά-

415 1604 590 1648 νοντες
644 1584 916 1640 πιστεύετε
973 1583 1275 1662 ἁγιάζεσθαι
1311 1603 1326 1617 ·
1401 1584 1488 1640 καὶ
1555 1597 1630 1647 ως
1699 1582 2069 1664 ωλοτριοῦώε

412 1668 501 1729 ὑπ’
546 1671 706 1731 αὐτοῦ
772 1670 840 1728 δι’
911 1671 1045 1728 αότὰ
1100 1677 1200 1740 τῆς
1257 1673 1415 1752 ὀρθῆς
1485 1673 1578 1741 καὶ
1630 1671 1929 1749 ἀμωμήτου
1985 1672 2071 1729 πί-

416 1782 606 1841 στεως,
665 1762 756 1819 καὶ
811 1760 970 1818 αὖτοῦ
1024 1770 1120 1821 τοῦ
1160 1761 1335 1837 τιμίου
1396 1771 1725 1821 Δεσποτικου
1794 1762 2062 1838 οώματος,

2157 595 2231 658 tis
2263 596 2612 679 provinciae,
2637 596 2713 659 ad
2745 615 2891 679 quas
2920 615 2954 658 a
2983 596 3159 660 nobis
3209 597 3522 660 mittuntur
3567 597 3809 660 archie-

2156 687 2385 769 piscopi
2416 696 2475 751 et
2505 688 2809 760 catholici,
2845 687 2946 770 qui
2978 687 3258 750 ordinant
3285 688 3347 749 iu
3377 688 3496 750 illis
3545 687 3811 770 partibus

2154 777 2643 858 MetrOpolitanos
2662 776 2888 859 quibus
2916 776 3166 840 subsunt
3199 776 3368 839 multi
3398 776 3662 858 episc0pi
3688 795 3702 841 :
3727 783 3812 838 at-

2155 856 2364 928 tamen
2399 867 2598 928 nullus
2646 856 2854 928 eorum
2903 884 3165 948 unquam
3210 856 3540 948 appellatus
3573 856 3664 928 est
3694 884 3807 947 pa-

2152 955 2436 1018 triarcha.
2468 958 2693 1018 Verum
2719 956 2795 1018 de
2827 956 2920 1018 his
2945 957 3256 1019 hactenus.

2230 1044 2293 1109 6.
2324 1043 2671 1108 Disserebat
2723 1045 2900 1108 etiam
2931 1045 3191 1127 epistola
3225 1044 3561 1108 sanctitatis
3593 1053 3706 1107 tum
3733 1045 3809 1108 de

2150 1133 2525 1196 sanctissimo
2558 1133 3030 1216 beatissimoque
3081 1134 3415 1216 patriarcha
3464 1133 3809 1198 Constanti-

2152 1221 2407 1303 nopolis,
2441 1222 2597 1305 quod
2630 1241 2667 1286 a
2696 1223 2817 1287 Deo
2847 1224 3199 1286 honoratam
3231 1223 3556 1287 Ecclesiam
3583 1222 3808 1285 Roma-

2151 1329 2288 1373 nam
2323 1320 2684 1385 contemnat,
2719 1320 2981 1390 accuset,
3011 1312 3278 1390 infamet,
3315 1321 3558 1395 propter
3581 1331 3805 1395 azyma,

2151 1419 2284 1483 quae
2310 1399 2375 1463 in
2405 1402 2594 1481 ﬁgura
2622 1401 2921 1465 Dominici
2949 1403 3221 1483 corporis
3251 1420 3321 1465 ex
3342 1421 3510 1464 more
3541 1420 3643 1464 vos
3672 1420 3805 1484 per-

2153 1490 2468 1571 cipientes,
2501 1490 2745 1553 creditis
2777 1491 3161 1568 sanctiﬁcari;
3184 1491 3468 1573 quodque
3493 1500 3807 1573 propterea

2153 1598 2261 1661 per
2291 1580 2571 1642 eumdem
2594 1579 3021 1642 aba!ienemini
3043 1599 3078 1641 a
3098 1588 3261 1641 recta
3283 1587 3340 1640 et
3370 1579 3669 1660 inculpata
3691 1577 3809 1641 (ide

2152 1668 2408 1750 ipsoque
2428 1667 2760 1731 venerabili
2781 1668 3166 1749 pretiosaque
3199 1667 3509 1730 Dominico
3532 1683 3805 1748 corpore,

2151 1757 2402 1819 abscissi
2427 1774 2460 1820 a
2488 1756 2782 1819 catholica
2800 1756 3278 1836 Ecclesia;cujus
3309 1764 3511 1819 tamen
3538 1756 3806 1835 regulam

394 1850 839 1927 ,ἀποτεμνόμενοι
897 1855 996 1918 τῆς
1084 1848 1370 1918 καθολικῑκ
1434 1848 1781 1931 Ἐκκλησίας,
1847 1854 1915 1919 ἧς
1987 1852 2065 1927 τῷ

2152 1847 2375 1923 sectati,
2410 1865 2547 1909 cum
2577 1845 2873 1909 universis
2920 1863 3028 1927 per
3065 1843 3457 1908 Occidentem
3488 1845 3798 1920 Ecclesiis,

412 1939 592 2020 κανόνι
658 1949 1000 2020 στοιχοῦντες
1070 1941 1205 2017 μετὰ
1294 1943 1479 1998 πασῶν
1557 1945 1663 1997 τῶν
1746 1942 1883 1998 κατά
1965 1941 2066 2009 τὴν

2152 1944 2431 2019 tanquam
2461 1943 2640 2018 caput
2671 1954 2890 2018 corpus
2928 1954 3063 1998 cum
3106 1936 3272 1996 omni
3302 1934 3676 2015 subjectione
3706 1953 3809 1997 se-

416 2018 670 2109 Ἐσπὲραν
742 2018 1100 2110 Ἐκκλησιῶν,
1184 2027 1364 2110 ὥσπερ
1439 2027 1648 2108 κεφαλῇ
1703 2036 1860 2106 σῶμα
1932 2030 2067 2106 μετὰ

2152 2018 2438 2108 quamini.
2492 2024 2915 2104 Adjiciebatur
2963 2023 3025 2085 in
3072 2023 3286 2085 litteris
3328 2023 3468 2099 tuis,
3522 2042 3632 2085 nos
3658 2042 3807 2085 con-

412 2118 592 2186 πάσης
654 2116 929 2197 ὒποταγῆς
997 2116 1207 2192 ἕπεσθε,
1269 2119 1589 2199 Προσὲκειτο
1645 2117 1700 2175 δὲ
1754 2126 1824 2197 τῇ
1890 2125 2067 2199 γραφῇ

2152 2117 2393 2179 trarium
2452 2119 2636 2178 veteri
2685 2114 3085 2197 apostolorum
3118 2112 3407 2176 doclrinaa
3450 2112 3674 2188 facere,
3704 2113 3810 2195 qui

416 2204 498 2264 ὅτι
567 2207 655 2264 καὶ
710 2211 811 2275 τῆς
887 2204 1124 2271 παλαιᾶς
1182 2204 1519 2273 διδασκαλίας
1591 2213 1699 2265 τῶν
1752 2207 2066 2267 ἀποστόλων

412 2295 687 2376 ἀλλότριον
728 2302 984 2372 ποιοῦμεν
1020 2311 1034 2327 '
1097 2295 1297 2361 ο⁹ίτινες
1338 2297 1439 2365 τὴν
1481 2301 1587 2355 τῶν
1630 2296 1846 2374 ἀζύμων
1888 2298 2067 2377 παρά-

414 2384 559 2444 δοσιν
617 2387 711 2443 οὖκ
768 2384 861 2443 ἀπ’
923 2386 1093 2443 αὐτῶν
1153 2390 1260 2443 τῶν
1314 2385 1625 2444 ἀποστόλων
1686 2387 1870 2467 μόνον,
1933 2385 2070 2444 ἀλλὰ

415 2477 504 2533 καὶ
582 2475 739 2532 αὒτοῦ
820 2482 912 2531 τοῦ
990 2474 1259 2532 Δεσπότου
1347 2483 1571 2555 Χριστοῦ
1648 2473 2017 2556 παρελάϐομεν
2049 2494 2062 2508 ·

420 2565 517 2622 οὒκ
569 2564 881 2643 ἀγνοοῦντες
939 2562 1020 2621 ὅτι
1076 2564 1271 2628 πάντες
1320 2567 1374 2643 οἱ
1430 2565 1569 2622 κατὰ
1621 2567 1721 2634 τὴν
1777 2562 2071 2633 Ἀνατολὶλν

417 2638 645 2729 ἀοίδιμοι
697 2653 948 2732 Πατέρες,
1006 2652 1106 2722 τὴν
1164 2650 1249 2710 διὰ
1304 2638 1397 2712 τοῦ
1439 2655 1652 2730 ζυμίτου
1705 2653 1863 2735 ἄρτου
1918 2654 2071 2711 ἀναί-

417 2764 619 2820 μακτον
660 2744 835 2800 θυσίαν
870 2741 1156 2823 ἐγίνωσκον
1194 2763 1208 2777 ’
1262 2745 1308 2800 οἱ
1358 2744 1449 2801 καὶ
1638 2745 1727 2801 καὶ
1769 2742 1915 2823 λόγῳ
1952 2741 2072 2800 δια-

418 2831 741 2912 πρέψαντες,
786 2832 875 2889 καὶ
926 2845 1048 2897 ταῖς
1107 2830 1466 2898 διδασκαλίαις
1511 2840 1687 2891 πᾶσαν
1730 2833 1831 2901 τὴν
1888 2835 2070 2890 οἰκου-

419 2919 586 2997 μένην
666 2918 1206 3000 παιδαγωγήσαντης,
1302 2923 1391 2979 καὶ
1470 2921 1551 2978 ὅτι
1641 2922 1839 2990 ταύτην
1920 2923 2072 3002 ἁγίαν

415 3010 704 3089 ἡγούμενοι
761 3009 940 3091 ὥσπερ
1000 3007 1066 3078 δὴ
1143 3011 1232 3068 καὶ
1317 3016 1421 3067 τῶν
1504 3011 1738 3088 ἀζύμων,
1812 3013 1903 3068 τὸν
1974 3012 2071 3088 μὲν

411 3101 633 3176 ζυμίτην
661 3097 820 3180 ἅρταν
850 3098 978 3179 (14)
1033 3097 1300 3179 λογίζεσθε
1356 3101 1448 3157 τὸν
1504 3097 1572 3156 δι’
1630 3102 1776 3177 ἡμᾶς
1809 3100 2073 3180 γεννώμε-

2148 2223 2484 2286 azymorum
2521 2203 2929 2283 traditionem,
2972 2221 3093 2264 non
3124 2210 3349 2264 tantum
3380 2204 3457 2265 ab
3484 2203 3632 2283 ipsis
3661 2220 3810 2283 apo-

2151 2293 2341 2368 stolis,
2368 2292 2475 2355 sed
2507 2292 2581 2355 ab
2614 2292 2750 2372 ipso
2781 2291 3034 2354 Domino
3066 2291 3305 2354 Christo
3336 2290 3752 2372 acceperimus
3783 2311 3797 2351 :

2152 2401 2272 2445 non
2315 2383 2660 2462 ignorantes
2707 2380 2868 2462 quod
2915 2380 3294 2443 incruentum
3339 2398 3410 2441 ex
3451 2382 3807 2441 fermentato

2154 2490 2307 2554 pane
2336 2471 2694 2534 sacriﬁcium
2725 2470 3079 2549 agnoverint
3104 2469 3301 2531 cuncti
3329 2468 3391 2530 in
3420 2467 3667 2533 Oriente
3697 2488 3803 2531 ce-

2154 2560 2356 2624 lebres
2386 2563 2612 2642 Patres,
2655 2560 2758 2642 qui
2803 2579 2936 2623 cum
2978 2559 3095 2620 vita
3146 2567 3270 2621 tum
3303 2576 3581 2619 sermone
3611 2557 3808 2621 incla-

2154 2657 2745 2731 ruerunt,tetumque
2769 2648 2977 2711 orbem
3007 2647 3358 2710 erudierunt
3385 2645 3653 2709 doctrina
3680 2666 3807 2723 sua,

2155 2739 2472 2811 Praeterea,
2505 2758 2609 2801 vos
2639 2740 2754 2801 hoc
2787 2738 3147 2801 sacriﬁcium
3191 2744 3461 2799 sanctum
3497 2736 3809 2799 existima-

2154 2847 2246 2904 re,
2281 2836 2338 2892 et
2366 2829 2511 2891 illud
2543 2828 2702 2913 quod
2735 2846 2805 2891 ex
2835 2828 3055 2910 azymis
3080 2826 3415 2901 conﬁcitur,
3447 2844 3516 2888 ac
3547 2826 3812 2889 fermen-

2153 2925 2340 2982 tatum
2373 2918 2617 3000 quidem
2668 2936 2882 3000 panem
2915 2925 3195 2998 reputare
3251 2915 3384 2977 loco
3415 2915 3544 2995 ejus
3574 2914 3674 2996 qui
3707 2934 3813 2997 pro

2153 3008 2330 3070 nobis
2382 3008 2570 3070 factus
2622 3014 2713 3070 est
2756 3007 2936 3069 homo
2995 3006 3316 3088 perfectus,
3368 3011 3570 3085 utpote
3600 3004 3704 3085 qui
3734 3004 3815 3066 sit

2156 3098 2338 3160 etiam
2364 3097 2521 3161 Deus
2551 3098 2893 3179 perfectus;
2932 3096 3277 3178 mysterium
3307 3101 3506 3156 autem
3537 3112 3646 3175 per
3672 3113 3808 3176 azy—

415 3211 504 3246 νον
551 3185 707 3269 [Αίί.
770 3188 1085 3270 γενόμενον]
1133 3187 1336 3246 τέλειον
1384 3188 1679 3269 ἄνθρωπον,
1731 3188 1824 3246 ἅτε
1878 3188 1943 3258 δὴ
1985 3190 2067 3247 καί

2157 3205 2253 3249 ma
2281 3186 2753 3250 celebrationem
2806 3185 3031 3247 habere
3076 3204 3185 3267 pro
3227 3200 3378 3265 pura
3423 3189 3482 3245 et
3525 3182 3809 3265 impassi-

393 3278 572 3335 αὒτὸν
601 3275 728 3335 ὄντα
787 3279 915 3335 Θεὸν
972 3276 1176 3335 τέλειον
1208 3295 1224 3311 ⁶
1286 3279 1384 3347 τὴν
1442 3275 1497 3334 δὲ
1557 3276 1644 3335 διὰ
1698 3283 1804 3335 τῶν
1860 3279 2067 3355 ἀζύμων

2156 3275 2262 3339 bili
2295 3276 2397 3340 Dei
2428 3275 2616 3339 Verbi
2645 3257 3083 3338 incarnatione;

422 3366 793 3445 μυσταγωγίαν
842 3369 905 3424 τὸ
960 3368 1185 3447 καθαρὸν
1237 3369 1327 3424 καὶ
1381 3367 1581 3432 ἀπαθὲς
1634 3372 1735 3435 τῆς
1791 3378 1884 3428 τοῦ
1941 3375 2074 3426 Θεοῦ

423 3457 594 3537 Λόγου
622 3455 1106 3537 ἒνανθρωπήσεως.

499 3534 570 3616 ζ’.
627 3534 798 3603 Ταῦτα
854 3550 954 3613 τῆς
1010 3551 1219 3625 γραφῆς
1270 3545 1721 3626 ὕπαγορευούσης,
1796 3547 2069 3627 ὑπεραπο-

415 3631 711 3712 λογούμεθκ
737 3636 868 3714 πρὸς
897 3635 997 3702 τὴν
1052 3636 1192 3692 κατά
1252 3637 1381 3693 Θεὸν
1441 3635 1644 3693 σύνεσιν
1709 3636 1798 3692 καὶ
1853 3636 2068 3715 ἀγάπην

413 3744 507 3782 σου
539 3738 554 3753 ⁸
590 3721 671 3779 ὅτι
728 3724 832 3805 οὔχ
889 3722 1056 3788 οὕτως
1111 3726 1140 3780 ὁ
1198 3725 1494 3804 ἁγιώτατος
1550 3726 1891 3806 πατριάρχης
1924 3736 2070 3783 Κων-

412 3811 897 3877 σταντινουπόλεως
950 3812 1259 3889 ἀποτόμως,
1321 3816 1395 3879 ὡς
1452 3812 1714 3892 ἔγραψας,
1774 3820 1875 3882 τῆς
1932 3817 2067 3890 ὑμε-

411 3900 565 3980 τέρας
610 3900 934 3977 ὑπολήψεως
994 3912 1352 3981 καταγινεται,
1412 3904 1501 3959 καὶ
1559 3900 1872 3969 κακοδόξους
1928 3905 2067 3979 ὑμᾶς

410 3989 703 4065 ἀποκαλεῖ,
763 3989 1034 4068 ἐκτέμνων
1107 3997 1205 4060 τῆς
1261 3994 1415 4071 ἁγίας
1468 3989 1757 4060 καθολικῆς
1827 3990 2065 4061 Ἐκκλη-

413 4080 529 4145 σίας
560 4100 578 4118 ο
640 4078 760 4137 ἀλλ’
817 4079 1116 4153 ὀρθοδόξους
1175 4083 1263 4139 καὶ
1298 4082 1621 4163 -ὁμόφρονας
1676 4082 1812 4157 ἡμῖν
1861 4083 1980 4163 περί
2008 4105 2066 4139 τε

409 4169 509 4238 τὴν
579 4168 793 4251 ἀσφαλῆ
863 4168 1137 4250 θεολογίαν
1198 4176 1298 4236 τῆς
1354 4175 1664 4252 ζωαρχικῆς
1718 4172 1806 4227 καὶ
1861 4173 2063 4247 ὁμοου-

413 4259 526 4318 σίου
579 4258 733 4337 ἁγίας
803 4257 1044 4339 Τριάδος,
1125 4261 1215 4318 καὶ
1285 4260 1384 4329 τὴν
1452 4258 1702 4340 ἔνσαρκον
1762 4261 2064 4337 οἰκονομίαν

408 4353 502 4405 τοῦ
547 4348 761 4427 Κυρίου
828 4350 917 4406 καὶ
988 4356 1120 4406 Θεοῦ
1190 4351 1278 4407 καὶ
1347 4354 1600 4430 Σωτῆρος
1676 4350 1829 4425 ἡμῶν
1888 4348 2066 4418 Ἰησοῦ

412 4442 661 4516 Χριστοῦ,
715 4435 894 4503 καλῶς
949 4437 1298 4516 ἐπιστάμενος
1337 4460 1345 4471 ⁸
1420 4440 1496 4496 ἑνὶ
1565 4437 1619 4495 δὲ
1694 4439 1842 4515 μόνῳ
1895 4441 2065 4516 τούτῳ

412 4526 723 4606 σκάζοννας,
808 4534 878 4605 τῇ
965 4534 1070 4585 τῶν
1155 4528 1364 4606 ἀζύμων
1440 4528 1699 4609 ἀταφορᾷ,
1762 4526 2065 4588 δεινοπαθεϊ

409 4615 497 4672 καὶ
524 4613 772 4675 λυπεῖται
801 4618 889 4674 καὶ
945 4616 1239 4697 ἀγανακτεῖ
1271 4622 1287 4653 ‘
1342 4616 1424 4674 ὅτι
1481 4617 1561 4693 μὴ
1617 4620 1736 4697 περὶ
1793 4617 1894 4687 τὴν
1924 4620 2064 4676 θείαν

2234 3547 2294 3609 7.
2339 3544 2477 3608 Haec
2508 3544 2805 3626 scriptura
2833 3549 2937 3606 tua
2963 3541 3328 3618 declarante,
3370 3540 3810 3623 respondemus

2156 3642 2269 3698 tuae
2292 3635 2625 3697 secundum
2648 3634 2838 3696 Deum
2864 3631 3196 3713 prudentiae
3222 3651 3290 3694 ac
3312 3631 3620 3695 dilectioni
3645 3653 3659 3690 :
3681 3630 3810 3693 Non

2149 3725 2299 3788 adeo
2315 3724 2649 3806 praefracte,
2672 3742 2740 3785 ac
2764 3722 3079 3805 scripsisti,
3105 3719 3521 3784 sanctissimus
3545 3720 3809 3802 patriar-

2153 3816 2263 3877 cha
2318 3813 3033 3896 ConstantinOpolitanus,
3094 3819 3357 3873 vestram
3415 3809 3811 3872 existimatio-

2151 3923 2288 3966 nem
2315 3903 2564 3980 invadit,
2598 3921 2821 3985 vosque
2851 3901 3109 3983 appellat
3133 3899 3465 3964 cacodoxos
3504 3917 3609 3960 seu
3644 3899 3815 3962 malae

2151 3992 2789 4067 sententizehomines,
2824 3990 3244 4071 abscinditque
3280 4007 3316 4051 a
3363 3995 3568 4051 sancta
3597 3989 3812 4051 catho-

2150 4083 2267 4146 lica
2325 4082 2653 4145 Ecclesia:
2715 4081 2821 4144 sed
2898 4079 3085 4162 probe
3160 4097 3530 4158 cognoscens
3598 4078 3809 4140 ortho-

2147 4171 2328 4235 doxos
2376 4190 2531 4249 esse,
2566 4171 2850 4252 idemque
2878 4169 3186 4232 nobiscum
3234 4167 3463 4230 sentire
3509 4168 3669 4229 circa
3699 4186 3805 4229 so-

2146 4261 2334 4323 lidam
2361 4259 2720 4339 theologiam
2754 4259 2999 4321 viviﬁcas
3041 4264 3101 4319 et
3130 4256 3624 4319 consubtantialis
3662 4273 3809 4319 san-

2147 4358 2258 4413 ctae
2280 4349 2610 4431 Trinitatis,
2645 4366 2881 4410 necnon
2911 4347 3073 4410 circa
3102 4346 3574 4408 incarnationem
3600 4344 3812 4407 Domi-

2086 4440 2234 4525 Dni,
2275 4439 2406 4515 Dei,
2449 4438 2899 4519 Servatorisque
2931 4436 3120 4498 nostri
3148 4435 3291 4499 Jesu
3341 4433 3557 4498 Christi
3595 4434 3657 4496 in
3688 4454 3810 4497 uno

2146 4538 2348 4592 autem
2372 4529 2499 4591 solo
2531 4530 2644 4591 hoc
2674 4527 3036 4603 claudicare,
3060 4525 3341 4587 nimirum
3374 4525 3435 4585 in
3458 4542 3806 4604 azymorum

2146 4618 2472 4699 oblatione,
2526 4616 2790 4697 graviter
2837 4616 2973 4693 fert,
3025 4613 3209 4691 dolet,
3245 4611 3614 4693 indignatur,
3644 4613 3807 4694 quod

1667 4748 1840 4811 Joan.
1878 4750 2050 4830 Bapt.
2087 4734 2373 4820 Cotelerii
2402 4755 2581 4811 notae.

410 4866 899 4950 num,7Cur-asan,
934 4869 1239 4935 Corasmia
1268 4868 1605 4950 diciturque
1634 4886 1669 4929 a
1697 4866 2067 4950 Theophane

411 4964 544 5009 esse
575 4947 771 5030 Persis
792 4952 1077 5030 interior.
1111 4951 1283 5015 Unde
1316 4947 1526 5030 populi
1549 4947 1886 5030 Chorasmi,
1912 4948 2065 5013 Cho-

413 5027 719 5112 rosanitm,
775 5028 1201 5112 Chorasanitae.
1287 5027 1650 5112 Chorasmii,
1711 5028 2066 5112 gorasmini,

415 5107 812 5190 Chorasmini,
824 5110 1225 5185 Chorosmini,
1242 5110 1688 5190 Choraisanitae,
1703 5107 2066 5190 Chorasme-L

412 5188 474 5250 ni
502 5196 559 5250 et
592 5189 987 5253 Choramnaai.
1022 5191 1145 5256 Nec
1202 5191 1392 5255 omitti
1448 5188 1682 5253 debent
1700 5189 1882 5252 verba
1911 5193 2065 5254 Pro-

409 5268 587 5351 c0pii,
620 5269 879 5352 Debello
900 5275 1160 5349 Persico,
1195 5274 1301 5338 lib.
1335 5291 1398 5344 ιι,
1434 5290 1566 5352 cap.
1603 5271 1682 5333 24
1712 5290 1735 5352 :_
1766 5273 1854 5352 Et;
1884 5273 1950 5329 τὰ
1977 5272 2066 5352 ἐπὶ

409 5350 773 5436 Χορζιανηνῆς
829 5354 1004 5434 χωρία
1057 5354 1236 5431 ἦλθον,
1330 5350 1834 5436 quia‘ernendari
1895 5351 2073 5414 debet

409 5431 931 5523 Χορρζιαγηνῆς,“ε)ι
962 5435 1253 5523 scriptura
1311 5431 1544 5523 codicis
1569 5431 1758 5523 Boici,
1794 5439 2058 5523 Χορμζια-

405 5510 595 5579 mag.
632 5510 870 5590 Legitur
898 5510 1099 5577 tamen
1131 5516 1193 5579 in
1243 5516 1453 5579 eodem
1511 5510 1818 5590 Procopio,
1855 5511 1959 5575 lib.
1995 5529 2062 5574 ιῐι

414 5591 502 5655 De
530 5590 828 5679 aediﬁciis,
885 5613 1016 5675 cap.
1067 5600 1156 5663 3:
1217 5598 1458 5679 Χορζάνη
1508 5595 1685 5677 χώρα.
1744 5591 1921 5654 Forte
1954 5611 2059 5674 pro

407 5673 705 5744 Χοροζάνη.

486 5697 682 5839 (9:15?
696 5721 800 5839 ira?
831 5755 927 5839 μξν
970 5757 1193 5839 ζυμίτην
1220 5757 1398 5839 ιίίρτον¹
1446 5781 1471 5816 ι
1490 5762 1625 5839 etc.
1662 5751 1850 5834 Supra
1878 5750 2059 5839 Epis-

403 5834 522 5897 tola
551 5833 811 5898 Domini.
844 5833 972 5899 Huc
1019 5835 1160 5900 facit
1212 5833 1407 5922 locus,
1462 5837 1565 5921 qui
1596 5833 1874 5918 tanquam
1908 5833 2063 5899 Gre-

2150 4870 2299 4950 gorii
2330 4868 2393 4950 in
2421 4866 2697 4949 Registro
2730 4866 2945 4929 citatur
2972 4886 3007 4950 a
3034 4866 3265 4950 Thom_a
3284 4862 3576 4950 Aquinate
3602 4881 3616 4927 :
3643 4864 3811 4950 Solet

2149 4944 2484 5014 horznullos
2515 4944 2802 5023 'movere,
2851 4948 3006 5028 quod
3061 4953 3132 5008 in
3188 4944 3465 5008 Ecclesia
3525 4946 3815 5028 ngimulti

2148 5031 2618 5112 oﬂ’eruntpones
2646 5025 2914 5112 azymo's,
2948 5028 3062 5092 alii
3084 5030 3504 5106 fermentatos.
3539 5025 3814 5088 Ecclesia

2148 5110 2711 5192 namqueﬂomana
2743 5110 2927 5188 offert
2957 5126 3199 5192 qzymns
3230 5123 3444 5192 partes,
3486 5115 3813 5192 propterea

2149 5187 2326 5269 quod.
2369 5190 2671 5254 Dominus
2725 5187 2862 5253 sine
2920 5187 3049 5252 ulla
3098 5189 3514 5269 commistione
3550 5187 3813 5267 suscepit

2149 5268 2424 5334 carnem.
2461 5272 2617 5334 Aliae
2639 5288 2781 5333 vero
2809 5270 3099 5333 Ecclesia
3123 5268 3383 5350 amarunt
3412 5268 3810 5347 fermentum,

2150 5369 2266 5433 pro
2297 5370 2366 5414 eo
2393 5350 2835 5433 quodgVerbum
2876 5353 3081 5414 Patris
3110 5349 3397 5433 indu-tum
3426 5355 3518 5409 est
3538 5364 3809 5433 carnem,

2142 5429 2199 5495 et
2216 5439 2308 5495 est
2333 5429 2513 5496 vei-us
2542 5431 2705 5494 Deus
2735 5437 2793 5495 et
2822 5449 2999 5493 verus
3043 5433 3241 5493 homo.
3281 5429 3440 5491 Nam
3469 5435 3524 5489 et
3546 5430 3813 5507 fermen-

2146 5520 2273 5574 tum
2293 5515 2711 5575 commiscetur
2731 5514 2980 5591 farinae.
3010 5512 3127 5574 Sed
3147 5517 3349 5573 tamen
3373 5518 3497 5572 tum
3519 5526 3811 5588 azymum

2142 5609 2325 5672 quam
2353 5594 2800 5672 fermentatum
2837 5593 2981 5654 dum
3013 5594 3314 5655 sumimus
3370 5608 3560 5651 unum
3592 5605 3813 5670 corpus

2150 5674 2393 5735 Domini
2447 5674 2785 5736 Saluatoris
2852 5675 3050 5735 nostri
3129 5672 3446 5750 efﬁcimur.
3512 5672 3810 5750 Praetereo

2143 5752 2459 5816 Humberti
2491 5753 2810 5817 cardiualis
2842 5763 3050 5816 contra
3079 5749 3318 5820 Graecos
3372 5758 3430 5812 et
3458 5758 3665 5821 contra
3693 5749 3808 5816 Ni-

2144 5842 2361 5898 cetam.
