4176 6434
361 340 482 408 763
1238 348 1651 416 MICHAELIS
1691 346 2110 414 CERULARII
2151 351 2266 414 GP.
2310 353 2852 418 PATRIARGHE.
3633 360 3750 427 764

361 491 483 571 non
511 475 575 539 in
599 496 766 571 sacra
791 483 1169 566 mystagogia,
1187 484 1515 548 secundum
1539 489 1768 546 sanctae
1791 481 2002 544 Eccle-

2090 486 2456 566 μυσταγωγίαν
2506 488 2644 545 κατᾶ
2721 488 2821 557 τὴν
2877 487 3163 569 παράδοσιν
3218 495 3319 559 τῆς
3388 493 3542 571 ἁγίας
3614 491 3755 553 Ἐκ-
3796 523 3805 527 ·

362 562 466 626 sia;
496 562 873 633 traditionem
922 562 1082 635 idem
1114 562 1468 648 sentientes,
1492 572 1824 655 sequamini
1854 591 2005 655 qua-

2090 562 2311 643 κλησίας
2355 562 2806 659 ρμοῳρονοῦντες
2888 562 3008 644 τοίς
3089 581 3365 662 τέσσαρσιν
3436 562 3752 649 ’ἐξακολου-

363 660 498 716 tuor
526 674 728 722 sacros
760 662 1146 743 patriarchas,
1182 682 1293 726 nec
1336 663 1400 724 in
1431 663 1693 745 perfecto
1734 681 1884 743 pane
1910 664 2005 723 in-

2090 668 2297 754 θοῦντες
2343 664 2504 745 [ΑΗ.
2551 666 2964 748 ἐξακολουθεττε]
3023 673 3188 751 ἱεροῖς
3243 660 3629 754 πατριάρχαις,
3666 677 3754 733 καὶ

361 754 671 833 eruentem
729 751 1094 815 consecretis
1148 751 1538 833 sacriﬁcium,
1589 751 1745 814 sicut
1791 751 1892 829 qui
1938 751 2012 813 ab

359 829 532 897 initio
588 848 949 919 spectatores
1006 849 1068 906 et
1120 841 1375 904 ministri
1425 829 1661 904 fuerunt
1718 841 2016 903 sermonis

364 924 737 1017 tradiderunt
766 929 940 992 nobis
969 931 1025 994 5.

2094 942 2189 992 τοῦ
2216 931 2380 1017 λόγου
2409 924 2703 1015 παρέδοσαν
2746 938 2877 1012 ὑμῖν
2909 935 3044 1014 [ΑΗ.
3072 938 3260 1017 ἡμῖν].

442 1014 504 1076 8.
536 1015 684 1079 Nam
735 1019 1083 1102 participem
1110 1037 1243 1082 esse
1264 1038 1625 1101 azymorum,
1647 1028 1737 1081 est
1768 1019 2005 1100 partici-

2177 1010 2259 1089 η’.
2297 1010 2379 1081 ⁷Τὸ
2409 1010 2509 1102 γὰρ
2565 1010 2815 1105 μετέχει-ν
2873 1010 3125 1105 ἀζύμων,
3154 1010 3254 1095 τῆς
3309 1026 3545 1092 παλαιᾶς
3573 1031 3751 1096 θυσίας

362 1121 497 1183 pem
531 1106 663 1168 ﬁeri
694 1110 910 1171 veteris
940 1108 1246 1190 sacriﬁcii,
1273 1128 1391 1171 non
1425 1117 1622 1171 autem
1646 1108 1790 1171 Novi
1812 1108 2005 1171 Testa-

2096 1110 2348 1192 μετέχειν
2390 1112 2522 1187 ἐστὶ,
2583 1115 2670 1171 καὶ
2737 1118 2798 1174 οὐ
2853 1119 2951 1182 τῆς
3013 1121 3211 1184 Καινῆς
3271 1119 3565 1188 Διαθήκης.
3623 1117 3752 1178 Οὐδὲ

363 1198 568 1290 menti.
586 1197 793 1279 Neque
817 1198 975 1260 enim
1000 1217 1267 1280 azymum
1289 1216 1533 1260 sumens
1553 1197 1867 1279 Dominus,
1886 1218 2005 1278 gra-

2095 1201 2201 1280 γὰρ
2230 1199 2426 1279 ἄζυμον
2480 1201 2657 1261 λαϐὼν
2715 1206 2744 1261 ὁ
2803 1204 3012 1285 Κύριος,
3075 1208 3468 1287 εὐχαριστήσας
3526 1205 3743 1290 ’έκλασε,

360 1281 475 1346 tias
503 1284 645 1362 egit,
669 1287 864 1367 fregit,
897 1288 1181 1370 deditque
1228 1286 1584 1368 discipulis;
1628 1288 1731 1350 sed
1765 1307 2001 1370 panem,

2092 1292 2329 1356 καὶτοῖς
2386 1296 2655 1369 μαθηταῖς
2710 1281 2951 1350 ἔδωκεν·
2998 1281 3361 1376 ⁷ἀλλ”-ἄρτον,
3420 1298 3495 1360 ὡς
3550 1301 3598 1354 oi
3621 1281 3747 1356 τέσί

361 1380 427 1434 ut
474 1384 725 1469 quatuor
770 1378 1148 1459 evangelista;
1207 1396 1323 1440 una
1374 1397 1515 1440 voce
1560 1397 1797 1459 unoque
1826 1397 2004 1441 sensu

2094 1402 2256 1469 cape;
2307 1380 2674 1469 εὐαγγελισταὶ
2724 1385 3137 1464 ὁμοφρονοῦντες
3195 1386 3263 1463 [Α
3275 1384 3341 1447 Η.
3402 1388 3747 1469 ὁμοφρονοῦν-

358 1462 878 1555 confirmaverunt,
912 1475 1279 1547 testaturque
1311 1467 1632 1548 Apostolus
1659 1468 1897 1545 Paulus,
1917 1468 2005 1530 his

2090 1468 2208 1550 τες]
2239 1467 2697 1547 διεϐεϐαιώσαντο,
2755 1462 3101 1537 καὶῃΠαῦλος
3160 1462 3417 1555 μαρτυρεῖ
3438 1462 3476 1534 ίὸ
3505 1462 3747 1535 ἄπόστο-

357 1550 553 1614 verbis
571 1574 585 1614 :
611 1555 742 1635 Ego
758 1560 964 1639 accepi
987 1576 1026 1620 a
1050 1557 1310 1620 Domino
1321 1558 1481 1638 quod
1492 1567 1547 1620 et
1562 1558 1793 1621 tradidi
1812 1559 2003 1636 vobis,

2092 1556 2186 1623 λος
2244 1557 2414 1637 λέγων
2449 1580 2464 1596 ·
2532 1580 2563 1621 ε
2612 1558 2757 1640 Ἐγὼ
2807 1559 3107 1641 παρέλαϐον
3150 1550 3255 1620 ἀπο
3326 1550 3420 1624 τοῦ
3476 1567 3664 1645 Κυρίου
3719 1567 3748 1623 ὃ

354 1646 643 1717 quoniam
664 1646 959 1710 Dominus
971 1647 1164 1721 Iesus,
1188 1651 1254 1707 in
1276 1664 1400 1727 qua
1421 1654 1593 1710 nocte
1622 1647 2005 1725 tradebatur,

2091 1651 2178 1705 καὶ
2230 1648 2510 1729 παρέδωκα
2578 1652 2731 1727 ὑμῖν,
2791 1650 2872 1707 ὅτι
2931 1654 2959 1708 ὁ
3021 1654 3208 1732 Κύριος
3264 1652 3499 1729 Ἰησοὺς,
3560 1655 3616 1712 ἐν
3672 1663 3743 1735 τῇ

354 1737 581 1825 accepit
603 1752 851 1814 panem,
883 1745 940 1798 et
968 1738 1207 1814 gratias
1231 1753 1417 1817 agens
1444 1737 1664 1815 fregit,
1698 1745 1754 1799 et
1788 1739 1955 1801 dixit
1987 1756 2001 1801 :

2092 1740 2235 1796 νυκτὶ
2307 1743 2345 1817 ᾗ
2424 1737 2752 1820 παρεδίδοτο,
2841 1738 3027 1798 ἔλαϐεν
3087 1742 3264 1822 ἄρτον,
3352 1745 3441 1801 καὶ
3522 1744 3741 1825 εὔχαρι-

353 1821 618 1903 Accipite
643 1834 698 1888 et
718 1828 1099 1899 manducata,
1118 1826 1229 1890 hoc
1255 1833 1340 1889 est
1369 1844 1592 1906 corpus
1624 1844 1824 1890 meum
1850 1829 2005 1909 quod

2090 1829 2296 1899 στήσασ
2353 1826 2543 1885 ἕκλασε
2598 1832 2688 1887 καὶ
2747 1830 2873 1887 εἶπε
2907 1846 2921 1860 ⁸
3006 1829 3230 1904 Λάϐετε,
3291 1833 3507 1913 φάγετε,
3590 1842 3744 1892 τοῦτο

352 1928 462 1984 pro
491 1913 659 1977 vobis
682 1914 1050 1996 frangetur:
1077 1916 1190 1979 hoc
1209 1918 1395 1995 facite
1422 1919 1488 1977 in
1507 1934 1703 1978 meam
1751 1934 2005 1980 comme-

2090 1940 2191 1994 μου
2274 1917 2383 1976 ἐστὶ
2460 1921 2521 1976 τὸ
2592 1923 2751 1995 σῶμα
2824 1921 2887 1975 τὸ
2956 1920 3086 2000 ὑπὲρ
3167 1922 3312 1997 ὑμῶν
3409 1922 3688 1999 Δώμενον
3725 1943 3739 1956 ·

354 2004 760 2066 morationem
782 2005 836 2078 4,
852 2014 1052 2087 etquae
1065 2012 1420 2087 sequuntur.
1448 2009 1531 2068 Ac
1551 2006 2003 2088 azymaquidem

2090 2013 2240 2064 τοῦτο
2307 2022 2516 2066 ποιεῖτε
2584 2010 2657 2073 εἷς
2725 2008 2826 2076 τὴν
2877 2007 3016 2085 ἐμὴν
3058 2010 3356 2086 ἀνάμνησιν
3404 2027 3419 2042 ⁶
3474 2038 3496 2070 u
3548 2015 3637 2069 καὶ
3675 2014 3743 2070 τὰ

350 2091 606 2183 sanctita
640 2103 779 2155 sunt
799 2093 1067 2157 Hebraeis
1090 2095 1164 2157 ad
1187 2094 1819 2183 commemorationem
1849 2097 2005 2159 cele-

2090 2094 2229 2165 ἑξῆς.
2280 2098 2380 2156 Καὶ
2422 2099 2487 2158 τὰ
2533 2097 2629 2175 μὲν
2672 2098 2842 2176 ἄζυμα
2886 2100 3243 2176 ἐνομοθετήθη
3286 2113 3404 2166 τοϊς
3449 2092 3732 2183 Ἑϐραίοις,

2093 752 2177 811 διὰ
2204 754 2408 813 τελείου
2436 756 2593 837 ἄρτου
2650 759 2749 827 τὴν
2807 758 3132 834 ἀναίμακτον
3188 752 3515 841 ἱερουργεέτεή
3547 765 3750 840 θυσίαν,

2092 844 2268 908 καθὼς
2299 848 2345 902 οἱ
2374 843 2467 903 ἀπ’
2516 846 2694 926 ἀρχῆς
2738 847 2992 906 αὐτόπται
3035 850 3123 905 καὶ
3180 849 3438 931 ὑπηρέται
3468 852 3749 931 γενόμενοι

349 2178 435 2240 ris
455 2199 523 2242 ex
556 2182 802 2264 ngypto
832 2184 1006 2264 fugae;
1039 2192 1100 2246 ut
1129 2182 1429 2246 recordati
1479 2183 1842 2246 mirabilium
1872 2204 2004 2267 quae

352 2286 495 2348 erga
514 2289 618 2333 eos
643 2273 915 2336 ediderat
944 2274 1122 2346 Deus,
1161 2272 1552 2351 persisterent
1599 2274 1659 2334 in
1711 2274 2002 2337 mandatis

352 2358 505 2437 ejus,
564 2379 677 2423 nec
722 2381 987 2444 unquam
1054 2362 1559 2426 oblivisceruntur
1605 2382 1784 2444 opera
1842 2364 2003 2426 illius

351 2454 527 2527 atque
569 2448 882 2514 beneﬁcia.
934 2451 1112 2515 Panis
1147 2470 1289 2514 vero
1343 2469 1451 2533 per
1502 2453 1999 2516 antefermentum

352 2537 676 2615 perfectus,
727 2541 832 2621 qui
889 2559 959 2604 ex
1010 2541 1465 2604 consecratione
1508 2550 1909 2604 commutatur
1937 2543 2000 2604 in

350 2624 799 2712 immaculatum
823 2649 1042 2712 corpus
1070 2630 1305 2695 Domini
1348 2640 1408 2693 et
1450 2629 1783 2694 Servatoris
1814 2632 2004 2694 nostri

348 2711 495 2776 Jesu
526 2713 768 2790 Christi,
803 2718 874 2779 ad
910 2711 1262 2780 memoriam
1310 2718 1480 2780 datus
1523 2726 1614 2780 est
1651 2720 2001 2782 oeconomiae

352 2820 460 2865 seu
488 2803 950 2886 dispensationis
981 2809 1113 2889 ejus
1159 2808 1222 2869 in
1270 2826 1450 2870 carne
1487 2807 1677 2871 factm.
1712 2807 1997 2885 Quoties-

349 2912 586 2975 cunque
597 2903 786 2973 em’m,
805 2899 1020 2980 inquit,
1044 2896 1498 2962 manducabitis
1516 2900 1928 2981 panemhunc,
1946 2907 2006 2965 et

350 2988 595 3052 calicem
609 2992 770 3054 hunc
793 2993 1030 3068 bibetis,
1050 2999 1306 3057 mortem
1330 2992 1585 3056 Domini
1600 2995 2003 3059 annuntiabi-

351 3080 429 3141 tis
448 3079 634 3142 donec
652 3084 915 3147 veniat5.
933 3085 1270 3165 lterumque
1291 3083 1506 3146 Paulus
1523 3083 1695 3145 dicit:
1715 3085 1899 3148 Catia:
1910 3084 2006 3148 be-

351 3167 721 3234 nedictionis
740 3173 847 3252 qui
865 3173 1298 3250 benedwimus,
1318 3190 1516 3237 nonne
1536 3175 2008 3238 communicatio

347 3259 669 3337 sanguinis
694 3262 925 3324 Christi
957 3261 1092 3325 est?
1119 3270 1175 3324 et
1197 3268 1380 3342 panis
1407 3280 1585 3342 quem
1625 3262 2005 3344 frangimus,

348 3364 548 3409 nonne
564 3352 950 3432 participatio
975 3351 1250 3432 corporis
1280 3351 1516 3415 Christi
1545 3360 1633 3414 est
1650 3359 1679 3415 ’ἶ
1706 3352 2004 3428 Quoniam

350 3441 728 3519 unuspam’s,
762 3459 955 3503 unum
1009 3459 1234 3521 corpus
1277 3443 1462 3505 multi
1488 3459 1716 3505 sumus.
1773 3442 2005 3507 Omnes

348 3528 511 3589 enim
541 3528 615 3592 de
640 3548 765 3593 uno
782 3532 1227 3614 participamus
1249 3529 1303 3591 ϐ.

433 3795 491 3860 9.
526 3796 971 3874 Animadverte,
997 3798 1398 3861 sacratissime
1447 3797 1770 3878 spiritualis
1798 3798 2002 3874 frater,

352 3883 577 3966 ubique
620 3888 789 3968 panis
816 3888 1177 3968 praedicatur
1220 3907 1437 3969 corpus
1486 3887 1723 3949 Domini
1760 3896 2008 3968 propter

354 3976 782 4054 perlectionem
817 3996 885 4039 ac
914 3977 1317 4057 integritatem
1346 4001 1361 4050 ;
1395 3996 1513 4039 non
1545 3996 1684 4040 vero
1711 3994 2002 4058 azymum.

351 4065 635 4146 Azymum
659 4066 844 4145 enim,
873 4075 1170 4129 mortuum
1196 4076 1285 4129 est
1305 4076 1363 4129 et
1392 4067 1746 4141 inanimum,
1779 4085 1848 4128 ac
1868 4085 2002 4127 om-

355 4152 497 4216 nino
527 4154 971 4237 imperl‘ectum.
1006 4157 1080 4219 At
1105 4158 1466 4220 fermentum
1496 4155 1557 4217 in
1590 4174 1845 4219 massam
1869 4156 2007 4218 fari-

354 4261 447 4304 nae
475 4242 791 4324 injectum,
820 4245 875 4307 ei
905 4246 970 4308 ﬁt
1001 4255 1279 4327 tanquam
1304 4246 1504 4308 anima
1527 4254 1584 4307 et
1627 4245 1999 4307 constitutio.

2082 2188 2156 2250 εἰς
2200 2186 2497 2262 ἀνάμνησιν
2558 2193 2658 2256 τῆς
2728 2188 2781 2255 ἐξ
2848 2189 3112 2267 Αἰγύπτου
3177 2191 3311 2265 μετὰ
3353 2188 3586 2259 σπουδῆς
3630 2213 3734 2273 φυ-

2083 2281 2185 2355 γῆς
2220 2292 2234 2306 '
2280 2275 2375 2332 'ivu
2425 2278 2852 2353 μνημονεύονσες
2894 2280 2970 2334 ὡν
3019 2278 3236 2345 ἐποίησε
3277 2281 3580 2356 θαυμασίων
3623 2279 3740 2357 μετ’

2085 2369 2256 2424 αὐτῶν
2325 2367 2353 2422 ὁ
2414 2368 2569 2441 Θεὸς,
2637 2365 2908 2442 ἐμμένωσι
2951 2379 3069 2431 τοῖς
3114 2369 3513 2447 προσταγμάσιν
3558 2370 3736 2443 αὐτοῦ,

2082 2456 2170 2512 καὶ
2210 2455 2404 2530 μηκέτι
2448 2455 2798 2513 ἐπιλάθωνται
2841 2461 2947 2513 τῶν
2991 2454 3156 2536 ἔργων
3203 2454 3347 2535 [Αη.
3400 2458 3738 2539 εὐεργεσιῶν]

2084 2542 2242 2604 αὐτοῦ
2275 2564 2288 2578 ·
2337 2547 2364 2601 ὁ
2408 2543 2464 2600 δὲ
2507 2542 2593 2601 διὰ
2632 2550 2731 2613 τῆς
2777 2547 3049 2624 προζόμης
3079 2545 3207 2624 (15)
3237 2544 3437 2610 τέλειος
3482 2546 3663 2627 ἄρτος,
3710 2550 3741 2604 ὁ

2084 2630 2170 2689 διὰ
2233 2638 2332 2701 τῆς
2375 2635 2642 2714 ἁγιστείας
2713 2635 3171 2710 μεταπαιούμενος
3243 2637 3316 2700 εἰς
3360 2638 3425 2693 τὸ
3470 2632 3740 2717 ἄχραντον

2083 2727 2238 2804 σῶμα
2267 2730 2360 2781 τοῦ
2382 2725 2568 2804 Κυρίου
2588 2725 2678 2781 καὶ
2705 2729 2954 2803 Σωτῆρος
2974 2722 3048 2803 [Α
3058 2721 3125 2785 Il.
3158 2724 3279 2788 ins.
3304 2726 3393 2782 καὶ
3414 2726 3565 2804 Θεοῦ]
3586 2727 3742 2802 ἡμῶν

2085 2801 2261 2880 ἰησοῦ
2306 2801 2552 2893 Χριστοῦ,
2618 2815 2691 2879 εἰς
2762 2801 3061 2890 ἀνάμνησιν
3129 2811 3284 2882 ἐδόθη
3342 2819 3441 2881 τῆς
3485 2801 3742 2894 ὲνσάρκου

2086 2902 2384 2978 οἰκονομίας
2429 2906 2605 2967 αὐτοῦ.
2655 2926 2679 2960 ι
2737 2894 2949 2968 Ὀσάκις
2992 2904 3093 2983 γὰρ
3137 2900 3199 2959 ἂν
3242 2902 3473 2977 ἐσθίητε,
3508 2926 3536 2958 ι
3584 2904 3735 2983 φησὶ,

2085 2993 2177 3048 τὸν
2236 2990 2391 3071 ἄρτον
2440 2999 2646 3052 τοῦτον.
2722 2994 2811 3049 καὶ
2879 2994 2942 3049 τὸ
3008 2993 3260 3069 ποτήριον
3314 2998 3469 3048 τοῦτο
3520 2991 3733 3065 πίνητε,

2088 3081 2180 3137 τὸν
2247 3081 2468 3139 θάνατον
2537 3088 2630 3139 τοῦ
2712 3082 2897 3161 Κυρίου
2963 3078 3376 3159 καταγγέλλετε,
3449 3077 3606 3160 ἄχρις
3677 3082 3738 3136 οὗ

2091 3169 2153 3227 ἂν
2183 3169 2332 3247 ἔλθῃ.
2373 3192 2397 3229 ι
2432 3172 2530 3231 Καὶ
2558 3170 2718 3229 πάλιν
2749 3174 2777 3228 ὁ
2818 3169 3024 3235 Παῦλος
3069 3169 3212 3249 λέγει
3246 3188 3264 3206 ’
3316 3190 3341 3226 ι
3389 3171 3460 3228 Τὸ
3485 3170 3737 3249 ποτήριον

2089 3265 2186 3328 τῆς
2219 3260 2459 3339 εὐλογίας
2516 3261 2544 3317 ὃ
2589 3259 2930 3340 εὐλογοῦμεν,
2979 3261 3102 3340 οὐχὶ
3146 3256 3283 3342 [Διί.
3343 3261 3447 3340 οὐχ
3502 3258 3568 3339 ἡ]
3626 3281 3742 3316 κοι-

2088 3349 2251 3406 νωνία
2291 3357 2384 3407 τοῦ
2445 3349 2676 3426 α”ματος
2745 3359 2837 3410 τοῦ
2908 3357 3135 3429 Χριστοῦ
3202 3347 3360 3430 ἐστί,
3434 3350 3527 3406 τὸν
3584 3346 3741 3429 ἄρτον

2089 3440 2148 3496 ὃν
2191 3437 2429 3514 κλῶμεν,
2464 3439 2585 3520 οὐχὶ
2617 3436 2753 3522 [Αίί.
2787 3439 2891 3519 οὐχ
2918 3438 2984 3520 ἡ]
3043 3439 3289 3496 κοινωνία
3340 3444 3433 3496 τοῦ
3489 3438 3738 3513 σώματος

2083 3535 2176 3585 τοῦ
2246 3535 2471 3609 Χριστοῦ
2535 3529 2724 3610 ἐστίν;
2830 3539 2924 3587 Οτι
3003 3532 3087 3591 εἷς
3169 3527 3350 3607 ἄρτος,
3424 3526 3481 3584 ἓν
3582 3532 3740 3603 σῶμα

2084 3619 2132 3673 οἰ
2180 3616 2370 3676 πολλοί
2412 3617 2596 3693 ἐσμεν.
2642 3620 2703 3677 Οἱ
2745 3618 2845 3698 γὰρ
2901 3617 3095 3681 πάντες
3157 3615 3218 3673 ἐκ
3270 3624 3365 3676 τοῦ
3420 3616 3537 3680 ἐνὸς
3583 3613 3744 3696 ἄρτου
3797 3618 3804 3622 ’

2090 3706 2419 3787 μετέχομεν.
2457 3727 2486 3766 ι

2170 3787 2241 3857 θ’.
2291 3798 2390 3855 Καὶ
2416 3796 2712 3876 κατάμαθε,
2745 3796 2993 3876 ἱερώτατε
3021 3796 3347 3873 πνευματικὲ
3402 3793 3616 3877 ἀδελφὲ,
3662 3794 3744 3852 ὅτι

2088 3894 2371 3968 πανταχοῦ
2399 3884 2555 3965 ἄρτος
2586 3884 3007 3965 καταγγέλλεται
3050 3887 3112 3943 τὸ
3154 3891 3311 3963 σῶμα
3367 3892 3459 3943 τοῦ
3505 3885 3692 3965 Κυρίου
3722 3900 3742 3919 ⁸

2087 3976 2173 4034 διὰ
2222 3977 2282 4032 τὸ
2332 3974 2540 4039 ἐντελὲς
2596 3976 2687 4032 καὶ
2728 3974 2927 4055 ἄρτιον,
2985 3976 3073 4032 καὶ
3116 3975 3211 4032 οὐκ
3267 3971 3484 4051 ἄζυμον.
3531 3976 3603 4033 Τὸ
3644 3975 3745 4054 γὰρ

2086 4064 2300 4142 ἄζυμον,
2363 4068 2543 4145 νεκρὸν
2604 4068 2692 4121 καὶ
2752 4062 2987 4146 ἄψυχον,
3058 4067 3147 4122 καὶ
3215 4067 3277 4122 τὸ
3333 4071 3438 4123 πᾶν
3501 4062 3741 4127 ἐλλιπές.

2090 4149 2155 4215 Ἠ
2181 4154 2236 4212 δὲ
2265 4157 2403 4231 ζύμη
2445 4153 2569 4236 (16)
2616 4162 2692 4230 τῷ
2745 4156 3008 4236 φυράματι
3055 4162 3148 4212 τοῦ
3194 4153 3416 4233 ἀλεύρου
3474 4151 3747 4231 ἐμϐαλλο-

2088 4244 2249 4323 μένη,
2310 4247 2515 4328 γίνεται,
2565 4249 2707 4318 αὐτῳ
2749 4244 2927 4324 ὥσπερ
2984 4244 3140 4324 ψυχὴ
3190 4245 3279 4301 καὶ
3322 4244 3596 4306 σύστασις.
3646 4243 3746 4299 Καὶ

353 4330 480 4404 Quo
513 4334 690 4396 modo
721 4343 918 4397 autem
951 4355 1069 4396 non
1091 4336 1418 4397 absurdum
1448 4345 1562 4408 est,
1596 4334 1653 4395 id
1686 4334 1842 4424 quod
1886 4334 2003 4395 im-

2090 4340 2201 4400 πῶς
2234 4338 2329 4393 οὐκ
2370 4333 2586 4407 ἄτοπον,
2632 4335 2692 4390 τὸ
2735 4332 2948 4397 ἐλλιπὲς
3001 4334 3088 4390 καὶ
3131 4334 3313 4411 νεκρὸν
3357 4333 3445 4389 καὶ
3503 4329 3740 4411 ἄψυχον,

355 4425 707 4501 perfectum,
740 4432 1061 4497 mortuum,
1092 4424 1424 4486 inanimum
1459 4433 1570 4500 est,
1609 4424 1671 4485 in
1711 4422 2004 4485 viventem

2090 4428 2163 4489 εἰς
2205 4431 2377 4496 ζῶσαν
2436 4424 2525 4479 καὶ
2565 4425 2824 4495 ζωοποιὸν
2881 4423 3049 4502 σάρκα
3108 4429 3201 4479 τοῦ
3248 4421 3432 4502 Κυρίου
3486 4422 3577 4478 καὶ
3619 4426 3745 4476 Σω-

355 4524 415 4574 et
444 4513 731 4576 viviﬁcam
763 4533 1008 4577 carnem
1047 4515 1279 4577 Domini
1315 4513 1768 4593 Servatorisque
1818 4513 2007 4575 nostri

354 4603 492 4666 Jesu
519 4602 742 4669 Christi
800 4604 991 4686 excipi
1028 4623 1135 4685 per
1163 4622 1267 4667 eos
1297 4605 1400 4685 qui
1420 4604 1480 4665 in
1501 4604 1696 4684 ipsum
1727 4601 2012 4664 credunt?

355 4693 488 4755 Non
518 4710 659 4772 ergo
690 4693 791 4769 ita,
810 4694 1046 4768 fratres,
1068 4694 1127 4755 in
1166 4710 1379 4772 magna
1408 4694 1519 4755 hac
1543 4710 1632 4760 re,
1671 4691 2008 4772 periculose

354 4799 459 4843 vos
526 4782 790 4862 geratis;
857 4801 1052 4866 neque
1106 4791 1369 4845 vestram
1429 4790 1765 4862 quaerentes
1820 4780 2008 4842 stabi-

354 4869 465 4932 lire
495 4870 866 4953 opinionem,
905 4872 1056 4934 male
1072 4870 1429 4934 desideretis
1459 4870 1739 4944 vincere;
1772 4869 1877 4932 sed
1910 4870 2009 4936 hic

2089 4521 2252 4594 τῆρος
2321 4515 2475 4589 ἡμῶν
2546 4511 2724 4581 Ἰησοῦ
2782 4518 3006 4592 Χριστοῦ
3079 4509 3428 4587 ἐκλαμϐάνειν
3490 4511 3612 4575 τοὺς
3669 4510 3744 4573 εἰς

2093 4605 2247 4662 αὐτὸν
2289 4602 2631 4666 πιστεύοντας
2666 4622 2683 4683 ;
2728 4594 2880 4671 Μηδὲ
2944 4601 3034 4658 οὖν
3090 4600 3283 4674 οὕτως,
3344 4597 3582 4679 ἀδελφοὶ,
3628 4598 3749 4677 περὶ

2092 4694 2327 4751 τοιούτου
2398 4690 2634 4772 μεγάλου
2692 4692 3003 4772 πράγματος
3060 4687 3367 4772 ἐπισφαλῶς
3435 4686 3694 4745 διάκεισθε
3726 4705 3744 4723 ⁶

2091 4782 2228 4860 μηδὲ
2269 4783 2368 4850 τὴν
2410 4780 2540 4839 ἰδίαν
2592 4786 2851 4849 συστῆσαι
2905 4787 3186 4853 ζητοῦντες
3243 4776 3549 4859 πρόσληψιν
3596 4773 3742 4857 [Αίι.

2089 4873 2359 4931 ἀσθένειαν
2429 4872 2517 4928 καὶ
2584 4869 2907 4951 πρόληψιν],
2982 4876 3132 4943 νικᾷν
3187 4867 3495 4944 ἐπιθυμεῖτε
3564 4870 3745 4931 κακῶς

432 4977 466 5027 3
493 4976 637 5041 Luc.
672 4996 713 5054 1,
747 4978 806 5043 2.
892 4979 926 5029 4
956 4977 979 5041 Ι
1007 4979 1144 5043 Cor.
1178 4994 1263 5055 XI,
1298 4975 1399 5053 23,
1428 4977 1529 5040 24.
1613 4977 1647 5028 5
1676 4975 1833 5040 Ibid.
1863 4979 1964 5043 26.

2111 4979 2303 5044 ICor.
2332 4997 2395 5057 x,
2432 4978 2529 5061 16,
2571 4977 2667 5044 17.

1597 5083 1768 5148 Joan.
1808 5086 1979 5169 Bapt.
2015 5076 2296 5164 Co1elerii
2326 5092 2503 5149 notae.

432 5194 561 5270 (15)
593 5217 615 5248 u
646 5196 947 5274 Προζόμης·
981 5214 1010 5255 1)
1070 5192 1139 5256 Εἰ
1169 5212 1334 5255 num.
1368 5192 1748 5274 23λπροζύμη
1784 5211 1799 5268 ;
1835 5213 2001 5257 num.

354 5291 494 5338 vero
552 5274 613 5348 9,
669 5271 833 5355 ζύμη.
893 5275 1048 5337 Hinc
1098 5277 1420 5355 προζυμίτης
1480 5271 1837 5355 ἱηἭίίιειοίο
1866 5294 2006 5338 mox

357 5355 613 5417 laudato.
654 5353 843 5435 Graeci
865 5353 1150 5417 nimirum
1172 5353 1397 5419 Latinis
1429 5354 1785 5435 prozymitae,
1816 5354 2008 5419 Latini

355 5435 575 5499 Graecis
605 5434 888 5512 azymitae.

438 5519 486 5592 (1
502 5518 594 5585 δικ
616 5508 916 5588 Ἡῖὲζύμη.
944 5540 971 5572 ››
987 5515 1327 5579 Graecorum
1347 5514 1498 5577 male
1512 5527 1753 5576 consuct
1768 5515 2005 5593 udines,

355 5594 416 5656 in
448 5594 721 5658 Stevartii
752 5596 1281 5658 Observationibus
1337 5595 1411 5658 ad
1470 5596 1804 5658 Manuelem
1837 5596 2007 5659 Cale-

357 5693 511 5749 cam,
532 5694 591 5756 p.
608 5677 762 5737 415:
801 5680 1140 5740 Asserentes
1167 5677 1521 5756 fermentati
1534 5677 1718 5756 panis
1738 5681 1930 5740 vitam
1952 5684 2010 5742 et

353 5756 788 5825 animationem
816 5760 1113 5837 conferre.
1147 5758 1350 5836 Forte,
1372 5759 1714 5820 Asserentes
1739 5756 2009 5836 femen-

2091 5202 2220 5280 tum
2250 5196 2412 5280 pani
2448 5199 2635 5257 vitam
2685 5199 2745 5258 et
2761 5195 3237 5280 _animatione_m
3267 5190 3563 5280 conferre.
3595 5184 3750 5280 Yide

2089 5269 2484 5362 Humhertum
2516 5281 2719 5362 contra
2754 5272 3025 5362 Graecos;
3067 5282 3127 5336 et
3163 5271 3402 5362 [supra]
3434 5269 3744 5362 Pinacium

2090 5375 2196 5419 seu
2231 5355 2496 5418 libellum
2521 5356 2846 5433 legatorum
2874 5353 3281 5419 Romanorum
3320 5353 3748 5433 adversus__bli-

2090 5436 2357 5499 chaelem
2385 5428 2784 5516 Cerulariu'n,
2811 5437 3080 5516 ejusdem
3115 5440 3460 5516 sectatores.
3512 5428 3748 5516 Quibus

2090 5517 2230 5601 addi
2252 5526 2442 5601 potest
2461 5515 2699 5601 icetjis
2716 5510 3037 5601 Stethatus,
3055 5517 3115 5601 i_n
3134 5514 3391 5601 Latinos,
3405 5531 3549 5601 cum
3568 5510 3742 5601 Epis:

2093 5598 2212 5660 tola
2251 5589 2559 5660 Michaelis
2614 5595 2883 5659 Cerulari
2939 5606 2997 5659 et
3053 5595 3267 5658 Leonis
3316 5589 3640 5656 Achrideni
3669 5589 3743 5651 ad

2092 5678 2382 5760 Joannem
2415 5677 2811 5760 Tginen‘sem,
2872 5696 3128 5760 cumun
3182 5675 3412 5739 caeteris
3459 5670 3745 5737 Graeculis

2093 5758 2197 5844 qui
2225 5758 2445 5822 Latinae
2473 5757 2761 5822 Ecclesia
2789 5758 3005 5840 azymis
3029 5757 3396 5821 oblatarum.
