4176 6388
415 345 536 414 765

1913 367 2304 433 EPISTOLA‘J

3675 362 3795 431 766

413 483 536 591 ἀλλ’
579 484 717 591 ἕθτιν
744 489 779 547 ἃ
808 488 956 571 [ΑΗ.
1119 495 1215 591 καὶ
1234 497 1515 591 Δἡττασθαι
1542 498 1724 591 καλῶς
1758 500 2013 584 ἀνέχεσθε
2045 517 2050 533 ¹

2148 503 2316 568 locus
2340 513 2511 569 estut
2537 505 2697 570 vinci
2725 505 2882 571 bene
2912 506 3216 591 patiamini
3244 525 3261 585 ;
3301 506 3441 589 quia
3473 502 3791 588 persuasio

413 572 495 632 ὅτι
558 596 591 637 «
642 580 678 648 ἡ
750 583 1014 660 πεισμονὴ
1046 572 1180 643 -οῦκ
1232 584 1294 642 ἑκ
1359 593 1453 645 τοῦ
1493 587 1779 654 καλοῦντος
1819 572 1985 667 ἡμᾶς,
2027 614 2057 647 ι

412 670 571 747 φησὶν
613 672 644 727 ὁ
689 669 1040 739 Ἀπόστολος.
1088 677 1146 735 Εἰ
1205 677 1306 756 γὰρ
1348 674 1425 734 ἔτι
1477 683 1584 736 τῶν
1640 679 1851 757 ἀζύμων
1894 680 2060 757 μετέ-

412 781 615 839 χομεν,
639 759 907 841 πρόδηλον
950 762 1030 821 ὅτι
1059 766 1162 823 ὑπὸ
1189 766 1288 834 τὴν
1331 767 1484 823 σκιὰν
1528 766 1604 825 ἔτι
1646 776 1738 827 τοῦ
1768 776 2062 831 Μωσαῖκοῦ

410 851 574 927 νόμου
643 850 826 928 ἐσμὲν,
900 855 989 911 καὶ
1057 854 1319 935 τράπεζαν
1387 853 1688 926 Ἰουδαϊκὴν
1770 857 2007 937 ἐσθίομεν
2042 876 2056 892 ⁸

410 942 534 1022 ὠχὶ
589 939 646 998 δὲ
700 948 831 1000 Θεοῦ
885 942 1108 1023 λογικὴν
1154 947 1242 1003 καὶ
1282 951 1455 1018 ζῶσαν
1522 948 1713 1028 σάρκα,
1767 951 1857 1006 καὶ
1922 952 2059 1027 ἡμῖν

408 1047 528 1093 tot:
597 1036 1006 1094 πεπιστευκόσιν
1067 1037 1332 1096 ἐπιούσιόν
1398 1060 1457 1097 τε
1516 1041 1606 1097 καὶ
1648 1041 1953 1117 ὁμοούσιον.
2000 1044 2061 1101 Εἰ

410 1123 584 1182 δὲκαὶ
637 1125 954 1201 πιστεύομεν
995 1126 1164 1207 σάρκα
1207 1134 1434 1209 Χριστοῦ
1474 1128 1622 1210 [ΑΗ.
1683 1130 1843 1211 Θεοῦ]
1875 1130 2059 1189 ἐσθίειν

409 1220 585 1288 ζῶσαν
633 1223 727 1275 τοῦ
777 1213 981 1273 τελείου
1048 1216 1104 1273 ἐν
1172 1219 1384 1287 θεότητι
1443 1221 1533 1278 καὶ
1575 1220 1965 1301 ἀνθρωπότητι,
2010 1222 2061 1279 τί

408 1307 587 1364 κοινὸν
629 1305 863 1388 ἐμψύχῳ
915 1307 1004 1363 καὶ
1070 1306 1217 1387 ζώσῃ
1287 1311 1439 1390 σαρκὶ
1499 1318 1650 1386 Θεοῦ,
1696 1313 1786 1369 καὶ
1825 1311 2060 1392 ἀψύχοις

408 1395 624 1472 ἀζύμοις
665 1396 756 1453 καὶ
801 1407 1010 1477 νεκροῖς
1042 1414 1060 1477 ;
1107 1397 1181 1455 Τὸ
1237 1397 1337 1478 γὰρ
1388 1396 1584 1475 ἄζυμον
1626 1401 1722 1458 οῦκ
1750 1398 1904 1480 ἄρτος
1937 1416 1953 1431 ⁸
2001 1403 2061 1459 ού

407 1486 508 1565 γὰρ
536 1485 736 1565 ι’ἰρτιον⁹
769 1483 885 1543 οὐδὲ
928 1483 1206 1551 αὐτοτελές
1241 1504 1259 1522 ⁸
1302 1485 1422 1545 ἀλλ’
1475 1487 1688 1554 ἐλλιπὲς
1729 1490 1818 1547 καὶ
1859 1491 2056 1566 ἡμιτε-

405 1573 495 1640 λὲς
551 1575 640 1633 καὶ
715 1572 964 1660 δεόμενον
1025 1580 1121 1633 τοῦ
1188 1574 1549 1657 πληρώματος
1613 1584 1714 1647 τῆς
1781 1581 2055 1660 προζύμης

408 1663 520 1747 [αἱ.
553 1666 774 1748 ζύμης].
825 1658 883 1725 Ὀ
926 1665 1081 1747 ἄρτος
1121 1665 1200 1745 δὲ,
1232 1666 1433 1750 ἄρτιος,
1467 1669 1779 1748 αὐτοτελὴς,
1825 1658 2052 1751 τέλειος,

406 1758 495 1814 καὶ
520 1755 923 1836 πληρέστατος.

2143 593 2271 659 haec
2297 612 2423 658 non
2447 603 2630 660 estea:
2656 616 2725 661 eo
2744 603 2850 676 qui
2864 604 3036 661 vocat
3055 616 3187 674 nos,
3209 592 3786 679 inquitApostolus'l.

2140 682 2289 747 Nam
2312 685 2365 748 si
2393 686 2586 749 adhuc
2616 706 2816 769 azyma
2844 688 3225 770 percipimus,
3247 688 3436 768 liquet
3458 704 3566 748 nos
3593 684 3791 747 adhuc

2144 773 2253 836 sub
2294 775 2509 839 umbra
2562 777 2838 840 Mosaicae
2890 777 3045 860 legis
3091 776 3333 856 degere,
3369 784 3429 839 et
3455 775 3517 837 in
3542 774 3792 839 Iudaica

2147 882 2354 927 mensa
2385 866 2769 949 manducare,
2797 885 2919 930 non
2949 886 3088 930 vero
3122 866 3442 930 comedere
3471 865 3579 930 Dei
3608 863 3795 926 ratio—

2143 952 2339 1016 nalem
2371 974 2440 1018 ac
2470 956 2762 1020 viventem
2795 976 3062 1035 carnem,
3097 956 3389 1039 nobisque
3432 954 3537 1038 qui
3586 952 3787 1017 credi-

2141 1040 2341 1105 dimus
2353 1045 2984 1127 supersubstantialem
3001 1054 3179 1128 atque
3194 1043 3760 1108 consubstantialem
3771 1091 3786 1105 .

2142 1129 2307 1205 Quod
2337 1135 2387 1197 si
2410 1135 2716 1199 credimus
2744 1134 2925 1199 edere
2955 1155 3197 1200 carnem
3220 1136 3413 1198 vivam
3434 1130 3790 1213 Christi,qui

2144 1222 2447 1302 perfectus
2494 1234 2587 1287 est
2637 1225 2699 1287 in
2750 1225 3061 1288 divinitate
3123 1233 3181 1288 et
3228 1226 3596 1288 humanitate
3642 1220 3788 1303 quid

2142 1328 2461 1376 commune
2490 1314 2766 1377 animatae
2793 1333 2863 1377 ac
2892 1314 3112 1378 viventi
3143 1313 3308 1377 carni
3337 1312 3469 1389 Dei,
3498 1330 3633 1375 cum
3660 1310 3788 1372 ina-

2141 1398 2382 1464 nimatis
2414 1403 2782 1486 mortuisque
2810 1405 3030 1487 azymis
3049 1404 3081 1466 ?
3109 1404 3392 1486 Azymum
3413 1401 3641 1466 scilicet
3665 1419 3787 1463 non

2140 1494 2233 1549 est
2262 1489 2454 1570 panis,
2487 1490 2628 1573 quia
2659 1511 2779 1555 non
2810 1501 2899 1556 est
2926 1493 3225 1573 integrum
3257 1510 3325 1555 ac
3354 1491 3416 1553 in
3446 1509 3512 1554 se
3544 1489 3785 1572 perfec-

2138 1581 2287 1655 tum,
2320 1578 2426 1641 sed
2459 1599 2736 1643 mancum
2767 1590 2825 1644 et
2853 1581 3359 1662 semiperfectum,
3389 1578 3787 1661 indigensque

2136 1667 2578 1748 complemento
2600 1671 2903 1734 fermenti.
2937 1671 3117 1735 Panis
3148 1677 3345 1733 autem
3390 1679 3481 1733 est
3526 1670 3779 1750 integer,

2136 1753 2467 1832 ubsolutus,
2502 1761 2827 1840 perlectus,
2863 1760 3269 1841 plenissimus.

487 1835 548 1908 ι’.
580 1847 681 1906 Καὶ
708 1845 860 1911 σύνες
900 1852 969 1924 τῇ
997 1845 1244 1929 διαιρέσει
1289 1844 1435 1931 [ΑΗ.
1495 1846 1740 1932 δυνάμει]
1769 1858 1862 1909 τοῦ
1897 1850 2050 1932 λόγου

2224 1849 2323 1910 10.
2354 1835 2806 1931 Jamintellige,
2839 1835 3202 1911 attendendo
3227 1845 3627 1909 distributioni
3649 1864 3784 1909 ser-

407 1936 712 2018 προσέχων,
784 1937 1110 1994 συνετώτατε
1144 1953 1161 1969 ⁸
1230 1933 1321 1995 Ἐν
1384 1951 1502 2004 τοῖς
1546 1939 1788 2021 ἀζύμοις,
1844 1940 2056 2019 οὐδεμία

406 2027 486 2091 τίς
541 2025 650 2084 ἐστι
708 2027 910 2099 ζωτικὴ
961 2024 1176 2104 δύναμις
1210 2044 1227 2062 ⁸
1300 2030 1456 2107 νεκρᾶ
1498 2029 1620 2109 γὰρ,
1668 2031 1743 2096 ὡς
1823 2028 2055 2113 ἔφθημεν

406 2117 643 2181 εἰπόντες
677 2135 691 2150 ⁸
764 2116 819 2175 ἐν
881 2115 938 2174 δὲ
1001 2114 1079 2192 τῷ
1148 2116 1313 2198 ἄρτῳ⁷
1372 2120 1537 2196 ἤγουν
1578 2123 1655 2195 τῷ
1712 2119 1920 2197 σώματι
1962 2130 2055 2181 τοῦ

404 2213 651 2287 Χριστοῦ,
726 2206 845 2286 τρία
902 2206 970 2263 τὰ
1033 2212 1204 2278 ζῶντα
1232 2207 1321 2263 καὶ
1388 2208 1529 2279 ζωὴν
1585 2207 1893 2289 παρέχοντα
1934 2223 2053 2274 το·’ς

402 2300 574 2355 αὒτῶν
605 2293 751 2375 [ΑΗ.
797 2291 975 2377 αὺτοῦ]
1036 2293 1496 2371 μεταλαμϐάνωσι
1530 2314 1546 2330 ⁸
1607 2298 1668 2354 τὸ
1724 2304 1937 2374 Πνεῦμα
1990 2300 2053 2356 τὸ

399 2383 558 2465 ὕδωρ,
612 2386 700 2442 καὶ
749 2385 813 2441 τὸ
856 2388 997 2460 αἷμα
1028 2399 1044 2415 ⁸
1119 2383 1194 2448 ὠς
1235 2386 1323 2442 καὶ
1366 2386 1523 2451 αὐτὸς
1580 2389 1609 2443 ὁ
1678 2394 1771 2444 τοῦ
1826 2394 2052 2466 Χριστοῦ

400 2475 703 2546 ἐπιστήθιος
773 2471 1028 2541 Ἰωάννης
1096 2489 1461 2555 συμμαρτυρεῖ
1528 2483 1605 2551 τῷ
1674 2475 1841 2557 λόγῳ,
1914 2477 2051 2535 οὕτω

399 2566 572 2645 λέγων
597 2563 682 2622 διὰ
720 2569 822 2633 τῆς
852 2562 1239 2641 ἀποκαλύψεως
1274 2583 1294 2601 ⁸
1354 2588 1383 2621 α
1429 2567 1501 2625 Τὸ
1530 2573 1768 2646 Πνεῦμα,
1799 2569 1860 2625 τὸ
1887 2566 2043 2648 ὕδωρ,

399 2657 489 2713 καὶ
516 2657 578 2712 τὸ
606 2658 747 2731 αἷμα
780 2672 795 2689 ⁸
825 2656 913 2711 καὶ
945 2657 990 2711 οἱ
1009 2667 1157 2735 τρεῖς
1195 2652 1353 2734 [ΑΗ.
1387 2655 1454 2712 τὰ
1473 2654 1617 2737 τρία]
1648 2658 1722 2721 είς
1754 2655 1903 2736 [ΑΗ.
1927 2674 2051 2718 non

400 2743 605 2827 habet]
647 2745 709 2800 τὸ
752 2741 808 2799 ἔν
850 2745 949 2800 εἰσι
983 2759 997 2774 ⁸
1043 2766 1068 2802 ι
1103 2740 1347 2810 δηλονότι
1389 2745 1450 2803 τὸ
1479 2750 1635 2822 σῶμα
1676 2753 1769 2803 τοῦ
1797 2754 2044 2827 Χριστοῦ.

398 2820 461 2894 Ὀ
505 2820 604 2891 καῖ
633 2832 772 2891 κατὰ
820 2833 911 2890 τὸν
954 2833 1136 2913 καιρὸν
1187 2838 1287 2901 τῆς
1327 2833 1421 2892 τοῦ
1465 2820 1650 2914 Κυρίου
1704 2820 2050 2916 σταυρώσεως

2139 1935 2356 2012 monis,
2400 1938 2490 1998 vir
2528 1936 3071 2019 intelligentissime
3096 1958 3109 1998 :
3138 1937 3205 2000 In
3244 1937 3461 2018 azymis
3499 1935 3661 1998 nulla
3696 1944 3787 1998 est

2138 2022 2329 2086 vitalis
2376 2024 2584 2102 virtus,
2632 2046 2767 2089 cum
2819 2027 2939 2089 sint
2981 2034 3235 2101 mortua,
3269 2026 3354 2088 uti
3385 2025 3685 2107 diximus;
3720 2027 3782 2087 in

2136 2131 2290 2195 pane
2319 2122 2543 2191 autem,
2577 2134 2684 2179 seu
2718 2136 2972 2198 corpore
3002 2116 3244 2190 Christi,
3303 2116 3418 2176 tria
3463 2123 3604 2177 sunt
3651 2133 3785 2196 qua;

2140 2203 2935 2287 vivuntvitamquepraabcnt
2963 2204 3359 2279 sumentibus,
3391 2223 3610 2285 nempe
3638 2203 3781 2285 Spi-

2134 2291 2308 2368 ritus,
2367 2312 2540 2374 aqua,
2601 2294 2844 2375 sanguis
2878 2293 3429 2376 :‘quemadmadum
3491 2293 3783 2357 doctrinae

2134 2380 2274 2444 huic
2305 2382 2712 2445 testimonium
2749 2384 2980 2446 confert
3006 2383 3058 2446 is
3088 2383 3189 2465 qui
3220 2400 3399 2465 supra
3448 2390 3652 2463 pectus
3682 2401 3780 2445 re-

2133 2470 2358 2548 cubuit,
2409 2474 2693 2548 Joannes,
2729 2473 2811 2535 ita
2849 2473 3102 2555 loquens
3151 2490 3258 2553 per
3301 2472 3725 2535 revelationem
3764 2494 3778 2538 :

2130 2559 2427 2641 Spiritus,
2461 2579 2627 2643 aqua
2648 2570 2702 2625 et
2728 2568 2973 2641 sanguis
2996 2584 3015 2624 :
3040 2570 3096 2625 ei
3116 2562 3180 2625 hi
3207 2568 3329 2625 tres
3344 2579 3537 2624 unum
3560 2569 3703 2626 sunt
3721 2564 3777 2635 8;

2130 2649 2408 2712 videlicet
2437 2650 2925 2732 corpusﬂhristi.
2966 2650 3135 2726 Quod
3166 2659 3224 2713 et
3259 2659 3527 2733 tempore
3562 2652 3772 2713 Domi-

2132 2738 2282 2802 nicze
2310 2739 2711 2802 cruciﬁxionis
2742 2741 2948 2822 patuit,
2993 2739 3229 2822 quando
3268 2758 3422 2819 aqua
3452 2748 3512 2801 et
3538 2741 3779 2821 sanguis

2133 2847 2205 2893 ex
2234 2829 2543 2912 impolluta
2573 2832 2706 2912 ejus
2746 2831 2931 2893 latere
2961 2832 3339 2910 efﬂuxerunt,
3372 2828 3477 2891 ubi
3507 2848 3613 2911 per
3642 2832 3775 2893 Ian-

397 2924 557 2993 δῆλον
586 2923 827 3003 γέγονεν,
891 2923 1122 2990 ὁπηνίκα
1162 2923 1225 2978 τὸ
1268 2926 1407 2999 αἷμα
1463 2924 1554 2981 καὶ
1592 2925 1655 2981 τὸ
1696 2922 1831 3005 ὕδωρ
1860 2925 1921 2983 ἐκ
1949 2933 2048 2995 τῆς

2134 2937 2299 2983 ceam
2352 2920 2651 2999 perforata
2697 2920 2906 2983 fuisset
2951 2919 3140 3002 ipsius
3189 2938 3368 2997 caro;
3405 2919 3607 2981 vivens
3639 2939 3776 2985 vero

396 3016 661 3099 ἀχράντου
728 3011 959 3093 πλευρᾶς
1030 3016 1186 3072 αῦτοῦ
1254 3011 1480 3091 ἕῤῥευσε,
1553 3012 1735 3095 λόγχῃ
1803 3018 2047 3096 νυγείσης

2134 3018 2369 3071 sanctus
2401 3008 2683 3091 Spiritus,
2718 3009 2935 3073 mansit
2963 3009 3025 3070 in
3056 3008 3331 3072 deiﬁcata
3376 3028 3558 3099 carne
3588 3009 3773 3099 illius,

396 3108 552 3164 ar’rtoii
593 3109 692 3172 τῆς
735 3101 930 3181 σαρκός
976 3099 1127 3180 [ΑΗ.
1197 3100 1455 3183 πλευρᾶς]
1492 3122 1507 3135 ⁸
1552 3104 1613 3160 τὸ
1655 3100 1709 3159 δὲ
1752 3109 1855 3175 ζῶν
1897 3104 2046 3185 ἅγιον

2134 3117 2305 3180 quam
2334 3099 2543 3162 ﬁdeles
2572 3100 2960 3162 comedentes
2982 3099 3046 3160 in
3076 3117 3147 3161 eo
3179 3116 3329 3180 pane
3356 3098 3457 3179 qui
3494 3116 3602 3180 per
3635 3098 3777 3181 Spi-

649 3166 686 3172 --
807 3166 817 3181 ι
977 3166 1004 3180 ι.
1333 3166 1343 3181 1
1412 3166 1455 3183 κδ
1763 3166 1779 3175 -
1947 3166 1959 3185 ι

398 3202 608 3270 Πνεῦμα
677 3192 880 3269 ἔμεινεν
943 3189 998 3247 ἐν
1052 3197 1121 3268 τῇ
1160 3190 1458 3268 τεθεωμὲνῃ
1501 3192 1653 3272 σαρκὶ
1695 3193 1854 3250 αὗτοῦ
1887 3209 1903 3226 ⁸
1976 3195 2041 3262 ἣν

2134 3166 2307 3250 ritum
2366 3196 2635 3251 sanctum
2681 3197 2940 3251 mutatus
2986 3194 3074 3249 est
3120 3166 3196 3249 in.
3232 3166 3768 3268 earn-em'Christi,

397 3284 651 3348 ἐσθίοντες
722 3285 769 3340 οἱ
824 3282 1001 3339 πιστοὶ
1042 3279 1096 3338 ἐν
1166 3286 1244 3356 τῷ
1284 3277 1735 3357 μεταϐαλλομένῷ
1777 3278 1920 3363 ἄρτῳ
1960 3281 2045 3342 διὰ

2134 3276 2373 3340 vivimus
2403 3278 2464 3339 in
2496 3297 2590 3354 eo,
2626 3288 2690 3340 ut
2717 3279 2818 3361 qui
2847 3278 3146 3340 viventem
3172 3295 3244 3339 ac
3275 3276 3609 3340 deiﬁcalam
3641 3296 3775 3342 car-

398 3374 698 3450 [ινεύματος
741 3372 892 3451 ἁγίου
934 3372 1007 3434 εἰς
1052 3370 1221 3448 σάρκα
1263 3377 1512 3449 Χριστοῦ,
1557 3377 1731 3447 ζῶμεν
1750 3372 1832 3451 ’,ἐν
1876 3377 2039 3455 αὐτῷ³

2134 3386 2265 3430 nem
2298 3368 2754 3433 manducemus.

395 3464 487 3528 ὡς’
510 3467 680 3533 ζῶσαν
722 3462 811 3518 καὶ
849 3458 1184 3535 τεθεωμένην
1228 3459 1397 3537 σάρκα
1433 3458 1714 3524 ἐσθίοντες.

479 3543 576 3615 ια’.
609 3550 679 3608 Οὔ
706 3550 805 3631 γὰρ
830 3549 907 3606 ἔτι
937 3548 1099 3624 ἐσμὲν
1128 3549 1227 3605 ὑπὸ
1248 3548 1411 3625 νόμον
1439 3547 1597 3630 (17),
1620 3549 1713 3608 ἵνα
1740 3552 1828 3607 καὶ
1850 3550 2046 3628 ἄζυμον

2214 3548 2309 3612 ll.
2342 3546 2470 3610 Non
2505 3546 2664 3610 enim
2696 3545 2952 3628 amplius
3000 3565 3209 3609 sumus
3251 3544 3362 3609 sub
3411 3544 3564 3626 lege,
3598 3553 3663 3608 ut
3715 3554 3777 3609 et

389 3644 559 3719 ζύμην
600 3638 1015 3722 προσφερώμεθα
1047 3653 1063 3669 ⁸
1135 3634 1256 3694 ἀλλ’
1324 3639 1427 3695 ὑπὸ
1496 3639 1679 3720 χάριν,
1730 3641 1899 3709 Καινὴ
1943 3641 2044 3722 γάρ

2134 3655 2389 3719 azymum
2442 3638 2799 3700 fermentum
2858 3637 3178 3698 offeramus
3234 3636 3340 3698 sed
3396 3635 3506 3698 sub
3561 3636 3770 3716 gratia.

390 3732 548 3808 ἐσμεν
589 3731 758 3794 κτίσις
803 3728 857 3785 ἐν
901 3734 1111 3807 Χριστῷ
1143 3746 1159 3763 ⁸
1205 3725 1388 3797 ἐπειδὴ
1444 3751 1474 3785 α
1528 3730 1596 3787 τὰ
1636 3728 1844 3810 ἀρχαῖα
1898 3753 2040 3810 παρ-

2134 3725 2271 3789 Nam
2303 3745 2509 3789 sumus
2555 3745 2708 3789 nova
2751 3734 3022 3789 creatura
3067 3725 3130 3787 in
3179 3727 3383 3787 Chislo
3407 3726 3465 3801 9,
3496 3724 3770 3807 quando-

387 3822 539 3902 ἦλθε,
592 3844 617 3879 ι
654 3820 827 3883 καθὼς
879 3816 1085 3882 Παῦλος
1123 3818 1247 3896 βοᾷ,
1298 3841 1328 3873 α
1378 3819 1466 3875 καὶ
1519 3818 1705 3898 γέγονε
1749 3819 1816 3875 τα
1870 3821 2045 3877 πάντα

2134 3816 2364 3897 quidem
2386 3826 2596 3880 vetera
2620 3819 3029 3890 transierunt,
3054 3816 3141 3877 uti
3178 3814 3393 3878 Paulus
3442 3816 3678 3892 clamat,
3713 3822 3774 3877 et

383 3913 564 3972 καινά.
612 3931 642 3971 )
694 3912 755 3969 Οἱ
810 3907 866 3965 δὲ
908 3908 973 3968 τὰ
1016 3905 1188 3984 ἄζυμα
1231 3907 1417 3965 ἐσθίειν
1459 3908 1793 3987 βουλόμενοι,
1852 3909 1902 3966 τί
1957 3912 2036 3985 μὴ

2134 3907 2287 3969 facta
2317 3916 2458 3971 sunt
2480 3908 2685 3971 omnia
2702 3923 2865 3969 nova
2889 3906 2966 3965 ιο.
2990 3904 3105 3979 Qui
3127 3913 3323 3967 autem
3357 3923 3559 3985 azyma
3589 3904 3774 3968 edere

382 4004 470 4061 καὶ
539 3997 1003 4082 περιτέμνονταις
1078 3995 1230 4055 Ἐπεὶ
1297 3999 1385 4055 καὶ
1469 4002 1497 4056 ὁ
1576 4000 1798 4079 Χριστὸς
1878 4021 2035 4079 περι-

2134 3997 2342 4066 volunt.
2370 4015 2478 4059 cur
2506 4015 2627 4058 non
2674 3996 2850 4058 etiam
2900 3993 3458 4057 circumciduntur?
3488 3994 3769 4076 quoniam

385 4093 618 4169 ετμήθη.
664 4091 764 4149 Καὶ
809 4090 871 4146 τὸ
915 4085 1187 4144 Σάϐϐατω
1229 4089 1365 4147 κατὰ
1418 4088 1519 4156 τὴν
1574 4088 1804 4169 ἀρχαίαν
1859 4089 2037 4169 παρά-

2134 4093 2182 4146 et
2211 4086 2480 4149 Christus
2529 4085 2925 4148 circumcisus
2982 4083 3111 4148 fuit.
3161 4082 3488 4147 Sabbatum
3534 4103 3772 4166 quoque

382 4179 548 4253 δοσιν,
579 4181 737 4255 τίμὴ
765 4180 853 4235 καὶ
894 4176 1248 4259 φυλάττου-σς
1302 4178 1401 4236 Καὶ
1444 4175 1541 4234 ἄκο
1577 4199 1668 4235 σον
1722 4178 1775 4234 τί
1829 4177 2036 4242 Παῦλος

2134 4175 2288 4253 iuxta
2310 4175 2613 4257 antiquam
2664 4174 3072 4247 traditionem,
3123 4191 3306 4255 quare
3336 4192 3455 4234 non
3487 4172 3774 4235 servant?

380 4247 797 4351 «palati-du;
841 4247 972 4348 φησι
1006 4286 1023 4346 ;
1078 4286 1109 4327 (
1155 4247 1253 4325 ’1δέ
1309 4266 1415 4345 ἐγὼ
1445 4266 1651 4346 Παῦλρς
1695 4265 1838 4345 λέγω
1878 4269 2031 4343 ὑμῖν,

2134 4247 2192 4326 Et
2220 4264 2358 4327 andi
2386 4247 2529 4347 quid
2582 4264 2803 4328 Paulus
2850 4265 2921 4326 ad
2972 4247 3210 4327 Galatas
3258 4263 3452 4325 dicat:
3486 4262 3640 4326 Ecce
3666 4282 3774 4344 ego

381 4359 462 4417 ὅτι
547 4360 636 4418 ἐὰν
705 4357 1112 4438 περιτέμνησθε,
1172 4358 1397 4437 Χριστὸς
1466 4358 1603 4431 ὑμᾶς
1672 4354 1817 4414 οῦδὲν
1886 4357 2035 4438 ὠφε-

2134 4356 2357 4419 Paulus
2384 4356 2522 4419 dico
2557 4354 2747 4428 vobis,
2795 4356 3087 4436 quoniam
3121 4358 3178 4416 si
3219 4353 3770 4426 circumcidamini,

381 4449 560 4521 λήσει.
625 4448 967 4529 Μαρτύρομαι
1036 4444 1091 4502 δὲ
1151 4445 1313 4503 πάλιν
1380 4447 1538 4503 παντὶ
1605 4446 1863 4527 ἀνθρώπῳ
1929 4469 2033 4503 πε-

2134 4444 2401 4509 Christus
2429 4444 2598 4508 vobis
2607 4445 2771 4506 nihil
2779 4443 3078 4524 proderit.
3091 4440 3396 4521 Testiﬁcor
3410 4459 3489 4503 au
3498 4447 3617 4503 tem
3630 4459 3774 4503 rur-

384 4536 766 4619 ριτεμνομὲνῳ,
839 4535 921 4593 ὅτι
992 4534 1270 4617 ὀφειλέτης
1340 4533 1478 4592 ἐστὶν
1546 4532 1670 4592 ὅλον
1724 4537 1817 4592 τὸν
1872 4535 2037 4612 νόμον

2134 4553 2223 4597 ius
2244 4537 2413 4597 omni
2430 4534 2668 4597 homini
2692 4531 3164 4601 circumcidenti,
3200 4548 3287 4603 se,
3311 4532 3598 4610 quoniam
3615 4529 3774 4592 debi-

383 4627 689 4709 πληρῶσαι.
789 4627 1173 4707 Κατηργήθητε
1256 4624 1363 4681 ἀπὸ
1443 4631 1538 4681 τοῦ
1608 4632 1855 4704 Χριστοῦ,
1943 4624 2037 4681 0'3-

2134 4632 2217 4687 tor
2235 4631 2319 4687 est
2339 4625 2639 4687 universae
2678 4621 2827 4703 legis
2859 4621 3186 4701 implendas
3228 4619 3537 4683 Evucuati
3563 4620 3701 4709 estis
3730 4636 3769 4682 a

381 4739 519 4782 τινες
611 4717 666 4774 ἐν
753 4718 903 4794 νόμῳ
987 4713 1310 4789 δικαιοῦσθε,
1372 4719 1473 4782 τῆς
1558 4714 1781 4795 χάριτος
1850 4713 2035 4781 ἐξεπέ-

2134 4714 2392 4790 Christo,
2413 4718 2522 4795 qui
2542 4714 2608 4775 in
2624 4711 2746 4792 lege
2757 4711 3209 4792 justiﬁcamini;
3233 4727 3271 4772 a
3284 4711 3490 4790 gratia
3503 4708 3769 4771 excidis-

382 4829 524 4871 σετε,
601 4798 793 4883 Ἠμετς
863 4806 964 4885 γὰρ
1049 4804 1313 4881 Πνεύματι
1397 4803 1458 4861 ὲκ
1538 4805 1766 4869 πίστεως
1850 4802 2034 4862 ἐλ..ίδα

2134 4802 2351 4867 fis.Nos
2374 4804 2539 4865 enim
2558 4802 2817 4882 Spir-itu,
2832 4818 2915 4862 ex
2927 4799 3064 4881 ﬁde,
3079 4816 3245 4880 spem
3253 4800 3516 4878 justilios
3527 4815 3772 4875 exspec-

377 4895 715 4964 δικαιοσύνης
760 4893 1188 4976 ἀπεκδεχόμεθα.
1228 4916 1252 4952 ι)
1306 4890 1472 4951 Ἀλλὰ
1516 4899 1682 4950 ταῦτα
1739 4894 1838 4969 μὲν
1882 4899 2033 4953 Παῦ-

2134 4902 2318 4956 ταηιιιε
2330 4890 2532 4955 “.Sed
2547 4891 2671 4952 haec
2687 4889 2930 4971 quidem
2945 4888 3187 4952 Paulus.
3207 4888 3330 4966 Ego
3343 4905 3479 4949 vero
3497 4886 3770 4949 nonnihil

2132 5002 2191 5056 ¹ο
2219 4999 2271 5064 ΙΙ
2304 5002 2441 5066 Cor.
2475 5018 2538 5081 v,
2581 4999 2675 5060 l7.
2764 4998 2816 5050 ίί
2848 4996 3036 5063 Galat.
3070 5015 3129 5071 v,
3156 4997 3294 5060 2-5.

458 5003 488 5053 7
513 5001 698 5068 Galat.
730 5019 792 5085 ν,
824 5000 927 5067 82.
1011 5002 1044 5053 8
1072 4998 1293 5064 IJoan.
1327 5016 1389 5083 v,
1422 4999 1483 5064 8.
1566 4999 1600 5050 9
1622 5002 1798 5064 Rom.
1829 5017 1912 5077 v1,
1947 5003 2047 5067 l4.

1625 5107 1799 5173 Joan.
1836 5108 2007 5193 Bapt.
2041 5108 2324 5177 Cotelerii
2354 5116 2530 5172 notae.

468 5219 594 5302 (17)
630 5219 764 5302 α-Οὔ
792 5220 893 5302 γᾲρ
921 5218 998 5277 ἔτι
1018 5217 1525 5302 ,ἐσμὲν-ὑπονόμον.
1554 5240 1580 5277 ι
1607 5218 1693 5302 Ita
1708 5218 1893 5302 codex
1914 5217 2035 5302 Rg-

380 5297 513 5383 gius
541 5297 716 5383 1:004,
747 5298 849 5381 qui
868 5297 1122 5383 omnino
1148 5297 1385 5383 _sim_ilis‘
1418 5306 1509 5361 est
1540 5299 1733 5362 codici
1760 5298 2038 5383 1695._I_n

380 5378 691 5445 codicibus
706 5378 847 5443 vero
870 5378 988 5461 9l2
1009 5387 1067 5442 et
1091 5378 1251 5443 9473
1272 5378 1513 5461 legitur,
1559 5383 1671 5438 Υπὸ
1702 5383 1888 5459 νόμον,
1914 5379 2033 5437 ἀλλ’

375 5465 478 5543 ὑπὸ
489 5462 769 5543 χάρινζῖνα
785 5464 873 5519 καὶ
890 5460 1086 5543 ἄζυμρν
1101 5462 1269 5543 ζύμην
1288 5460 1689 5543 πρεξςφέρωμεγ-
1706 5462 1896 5543 κεινὴν
1913 5468 2030 5543 eleg

380 5539 504 5606 Nec
520 5539 695 5624 aliter
716 5541 1079 5624 exemplaria
1104 5541 1246 5624 6Q6,
1280 5539 1465 5624 2622Ῑ
1494 5539 1897 5624 2165921996,
1919 5540 2036 5602 nisi

378 5623 536 5705 quod
562 5623 678 5685 duo
699 5622 897 5705 priora
924 5621 1176 5705 habent,
1202 5640 1334 5684 cum
1361 5621 1520 5705 4004
1542 5621 1787 5705 εει-1605
1808 5645 2035 5705 προσφες

373 5701 593 5791 ρύμεθα³
623 5701 954 5786 poSteriora
975 5704 1118 5780 duo,
1144 5703 1584 5785 προσφερώμεθα.
1600 5701 1892 5767 Caeterum
1909 5701 2037 5785 piri

2120 5216 2297 5280 modo
2346 5215 2557 5298 objicit
2605 5215 2831 5281 Latinis
2887 5215 3127 5279 Nicetas
3182 5213 3522 5298 Pectoratus
3572 5214 3769 5294 ἄζυμον

2118 5301 2309 5375 ζύμην,
2343 5296 2654 5379 azymum,
2687 5299 3073 5376 fermentum,
3123 5296 3619 5379 infermenlalum
3644 5301 3770 5378 fer—

2118 5375 2811 5459 mentumffennentum
2842 5375 3071 5459 azymi,
3099 5375 3243 5459 hoc
3278 5383 3389 5459 est,
3423 5383 3490 5437 ut
3513 5375 3771 5458 ipsemet

2118 5459 2401 5542 declarat,
2441 5456 2704 5542 azymum
2738 5458 2899 5542 quod
2923 5456 3222 5542 :continet
3277 5456 3636 5542 fermentum
3671 5462 3768 5527 .lu-
3870 5510 3885 5521 ..

2118 5540 2379 5621 daicum,
2440 5537 2853 5621 fermentumd
2877 5537 3343 5621 Pharisaeorum.
3397 5537 3770 5621 QuaprOpter

2120 5620 2335 5682 merito
2365 5620 2654 5709 irridetur
2681 5621 2755 5683 ad
2804 5619 3131 5709 Humberto
3181 5618 3471 5681 cardinali
3501 5618 3603 5707 qui
3633 5618 3764 5709 azy-

2122 5719 2286 5763 mum
2318 5720 2453 5764 cum
2487 5702 2785 5766 fermento
2818 5699 3148 5765 miscuerit.
