  <div class='ocr_page' id='page_1' title='image "/cluster/home/n/w/nwhite01/storage/ocr_20150623/120/coo.31924054870245/393.png"; bbox 0 0 4176 6378; ppageno 0'>
   <div class='ocr_carea' id='block_1_1' title="bbox 385 344 3769 418">
    <p class='ocr_par' dir='ltr' id='par_1_1' title="bbox 385 344 3769 418">
     <span class='ocr_line' id='line_1_1' title="bbox 385 344 3769 418; baseline -0 -1"><span class='ocrx_word' id='word_1_1' title='bbox 385 355 494 418; x_wconf 84' lang='grc'><strong>771</strong></span> <span class='ocrx_word' id='word_1_2' title='bbox 1287 349 1706 416; x_wconf 83' lang='lat' dir='ltr'><strong>MICHAELIS</strong></span> <span class='ocrx_word' id='word_1_3' title='bbox 1746 344 2166 417; x_wconf 82' lang='lat' dir='ltr'><strong>CERULAPJI</strong></span> <span class='ocrx_word' id='word_1_4' title='bbox 2207 352 2320 417; x_wconf 90' lang='lat' dir='ltr'><strong>CP.</strong></span> <span class='ocrx_word' id='word_1_5' title='bbox 2365 344 2885 417; x_wconf 68' lang='lat' dir='ltr'><strong>PATRIARCHE</strong></span> <span class='ocrx_word' id='word_1_6' title='bbox 3650 348 3769 418; x_wconf 76' lang='lat'><strong>772</strong></span> 
     </span>
    </p>
   </div>
   <div class='ocr_carea' id='block_1_2' title="bbox 384 483 2007 571">
    <p class='ocr_par' dir='ltr' id='par_1_2' title="bbox 384 483 2000 571">
     <span class='ocr_line' id='line_1_2' title="bbox 384 483 2000 571; baseline 0 -22"><span class='ocrx_word' id='word_1_7' title='bbox 384 505 695 571; x_wconf 84' lang='lat' dir='ltr'><strong>vesperam</strong></span> <span class='ocrx_word' id='word_1_8' title='bbox 727 485 946 570; x_wconf 60' lang='lat' dir='ltr'><strong>quinta;</strong></span> <span class='ocrx_word' id='word_1_9' title='bbox 965 483 1150 561; x_wconf 70' lang='lat' dir='ltr'><strong>feriae,</strong></span> <span class='ocrx_word' id='word_1_10' title='bbox 1184 495 1498 568; x_wconf 74' lang='lat' dir='ltr'><strong>postquam</strong></span> <span class='ocrx_word' id='word_1_11' title='bbox 1520 495 1836 564; x_wconf 68' lang='lat' dir='ltr'><strong>comesset,</strong></span> <span class='ocrx_word' id='word_1_12' title='bbox 1857 504 2000 550; x_wconf 90' lang='lat' dir='ltr'><strong>acce</strong></span> 
     </span>
    </p>
   </div>
   <div class='ocr_carea' id='block_1_3' title="bbox 2091 483 3770 571">
    <p class='ocr_par' dir='ltr' id='par_1_3' title="bbox 2091 486 3770 570">
     <span class='ocr_line' id='line_1_3' title="bbox 2091 486 3770 570; baseline -0.001 -25"><span class='ocrx_word' id='word_1_13' title='bbox 2091 486 2345 560; x_wconf 84' lang='grc' dir='ltr'>,σελήνης</span> <span class='ocrx_word' id='word_1_14' title='bbox 2382 505 2396 522; x_wconf 87' lang='grc'>⁶</span> <span class='ocrx_word' id='word_1_15' title='bbox 2428 488 2522 546; x_wconf 71' lang='grc' dir='ltr'>ἵνα</span> <span class='ocrx_word' id='word_1_16' title='bbox 2567 489 2643 565; x_wconf 68' lang='grc' dir='ltr'>μὴ</span> <span class='ocrx_word' id='word_1_17' title='bbox 2671 487 2977 570; x_wconf 76' lang='grc' dir='ltr'><strong>παραδοθεὶς</strong></span> <span class='ocrx_word' id='word_1_18' title='bbox 3026 490 3085 547; x_wconf 73' lang='grc' dir='ltr'>οὗ</span> <span class='ocrx_word' id='word_1_19' title='bbox 3115 487 3288 569; x_wconf 77' lang='grc' dir='ltr'>φθάσῃ</span> <span class='ocrx_word' id='word_1_20' title='bbox 3331 489 3394 545; x_wconf 77' lang='lat'><strong>1:6</strong></span> <span class='ocrx_word' id='word_1_21' title='bbox 3423 489 3622 546; x_wconf 81' lang='grc' dir='ltr'>οἰκετον</span> <span class='ocrx_word' id='word_1_22' title='bbox 3650 489 3770 545; x_wconf 87' lang='grc' dir='ltr'><strong>Πά-</strong></span> 
     </span>
    </p>
   </div>
   <div class='ocr_carea' id='block_1_4' title="bbox 388 576 2007 662">
    <p class='ocr_par' dir='ltr' id='par_1_4' title="bbox 388 576 2007 662">
     <span class='ocr_line' id='line_1_4' title="bbox 388 576 2007 662; baseline -0.002 -22"><span class='ocrx_word' id='word_1_23' title='bbox 388 589 493 662; x_wconf 86' lang='lat' dir='ltr'><strong>pto</strong></span> <span class='ocrx_word' id='word_1_24' title='bbox 529 597 679 658; x_wconf 89' lang='lat' dir='ltr'><strong>pane</strong></span> <span class='ocrx_word' id='word_1_25' title='bbox 721 585 778 638; x_wconf 90' lang='lat' dir='ltr'><strong>et</strong></span> <span class='ocrx_word' id='word_1_26' title='bbox 809 576 1014 652; x_wconf 76' lang='lat' dir='ltr'><strong>fracto,</strong></span> <span class='ocrx_word' id='word_1_27' title='bbox 1068 577 1353 658; x_wconf 75' lang='lat' dir='ltr'><strong>apostolis</strong></span> <span class='ocrx_word' id='word_1_28' title='bbox 1397 576 1638 640; x_wconf 88' lang='lat' dir='ltr'><strong>tradidit</strong></span> <span class='ocrx_word' id='word_1_29' title='bbox 1684 576 2007 657; x_wconf 71' lang='lat' dir='ltr'><strong>mysteriun</strong></span> 
     </span>
    </p>
   </div>
   <div class='ocr_carea' id='block_1_5' title="bbox 2091 576 3774 662">
    <p class='ocr_par' dir='ltr' id='par_1_5' title="bbox 2117 579 3774 661">
     <span class='ocr_line' id='line_1_5' title="bbox 2117 579 3774 661; baseline 0.001 -25"><span class='ocrx_word' id='word_1_30' title='bbox 2117 596 2312 661; x_wconf 82' lang='grc' dir='ltr'>χατοτς</span> <span class='ocrx_word' id='word_1_31' title='bbox 2345 585 2612 658; x_wconf 66' lang='grc' dir='ltr'>μαθηταῖς</span> <span class='ocrx_word' id='word_1_32' title='bbox 2661 579 2978 661; x_wconf 77' lang='grc' dir='ltr'>παραδοῦνα,</span> <span class='ocrx_word' id='word_1_33' title='bbox 3042 583 3322 640; x_wconf 79' lang='grc' dir='ltr'><strong>ἀναπεσὼν</strong></span> <span class='ocrx_word' id='word_1_34' title='bbox 3375 582 3429 638; x_wconf 85' lang='grc' dir='ltr'>ἐν</span> <span class='ocrx_word' id='word_1_35' title='bbox 3477 586 3554 658; x_wconf 79' lang='grc' dir='ltr'>τῷ</span> <span class='ocrx_word' id='word_1_36' title='bbox 3581 580 3774 658; x_wconf 81' lang='grc' dir='ltr'><strong>δείπνῳ</strong></span> 
     </span>
    </p>
   </div>
   <div class='ocr_carea' id='block_1_6' title="bbox 383 664 2007 753">
    <p class='ocr_par' dir='ltr' id='par_1_6' title="bbox 383 664 2003 746">
     <span class='ocr_line' id='line_1_6' title="bbox 383 664 2003 746; baseline -0.003 -14"><span class='ocrx_word' id='word_1_37' title='bbox 383 669 535 732; x_wconf 87' lang='lat' dir='ltr'><strong>Novi</strong></span> <span class='ocrx_word' id='word_1_38' title='bbox 562 664 946 731; x_wconf 84' lang='lat' dir='ltr'><strong>Testamenli</strong></span> <span class='ocrx_word' id='word_1_39' title='bbox 976 675 1151 728; x_wconf 91' lang='lat' dir='ltr'><strong>nocte</strong></span> <span class='ocrx_word' id='word_1_40' title='bbox 1198 665 1418 746; x_wconf 72' lang='lat' dir='ltr'><strong>quintae</strong></span> <span class='ocrx_word' id='word_1_41' title='bbox 1467 665 1762 746; x_wconf 87' lang='lat' dir='ltr'><strong>ejusdem,</strong></span> <span class='ocrx_word' id='word_1_42' title='bbox 1789 684 1906 746; x_wconf 92' lang='lat' dir='ltr'><strong>qua</strong></span> <span class='ocrx_word' id='word_1_43' title='bbox 1931 684 2003 746; x_wconf 91' lang='lat' dir='ltr'><strong>pe</strong></span> 
     </span>
    </p>
   </div>
   <div class='ocr_carea' id='block_1_7' title="bbox 2091 664 3769 753">
    <p class='ocr_par' dir='ltr' id='par_1_7' title="bbox 2116 670 3769 753">
     <span class='ocr_line' id='line_1_7' title="bbox 2116 670 3769 753; baseline 0.002 -29"><span class='ocrx_word' id='word_1_44' title='bbox 2116 671 2252 727; x_wconf 81' lang='grc' dir='ltr'>κατά</span> <span class='ocrx_word' id='word_1_45' title='bbox 2305 671 2404 739; x_wconf 78' lang='grc' dir='ltr'>τήν</span> <span class='ocrx_word' id='word_1_46' title='bbox 2460 672 2615 746; x_wconf 83' lang='grc' dir='ltr'>ὀψίαν</span> <span class='ocrx_word' id='word_1_47' title='bbox 2666 677 2765 739; x_wconf 79' lang='grc' dir='ltr'>τῆς</span> <span class='ocrx_word' id='word_1_48' title='bbox 2843 671 3117 753; x_wconf 84' lang='grc' dir='ltr'>πέμπτης,</span> <span class='ocrx_word' id='word_1_49' title='bbox 3180 673 3317 748; x_wconf 86' lang='grc' dir='ltr'><strong>μετά</strong></span> <span class='ocrx_word' id='word_1_50' title='bbox 3371 673 3432 728; x_wconf 83' lang='grc' dir='ltr'>τὸ</span> <span class='ocrx_word' id='word_1_51' title='bbox 3491 670 3769 739; x_wconf 77' lang='grc' dir='ltr'>δειπνῆσαι</span> 
     </span>
    </p>
   </div>
   <div class='ocr_carea' id='block_1_8' title="bbox 381 753 2007 841">
    <p class='ocr_par' dir='ltr' id='par_1_8' title="bbox 381 753 2007 836">
     <span class='ocr_line' id='line_1_8' title="bbox 381 753 2007 836; baseline -0.005 -12"><span class='ocrx_word' id='word_1_52' title='bbox 381 759 598 824; x_wconf 87' lang='lat' dir='ltr'><strong>Judam</strong></span> <span class='ocrx_word' id='word_1_53' title='bbox 644 756 892 820; x_wconf 88' lang='lat' dir='ltr'><strong>traditus</strong></span> <span class='ocrx_word' id='word_1_54' title='bbox 922 762 1036 831; x_wconf 89' lang='lat' dir='ltr'><strong>est,</strong></span> <span class='ocrx_word' id='word_1_55' title='bbox 1089 755 1590 836; x_wconf 86' lang='lat' dir='ltr'><strong>quemadmodum</strong></span> <span class='ocrx_word' id='word_1_56' title='bbox 1621 755 1807 818; x_wconf 83' lang='lat' dir='ltr'><strong>refert</strong></span> <span class='ocrx_word' id='word_1_57' title='bbox 1832 753 2007 836; x_wconf 37' lang='lat' dir='ltr'><strong>Scrip&#39;</strong></span> 
     </span>
    </p>
   </div>
   <div class='ocr_carea' id='block_1_9' title="bbox 2091 753 3769 841">
    <p class='ocr_par' dir='ltr' id='par_1_9' title="bbox 2115 756 3769 841">
     <span class='ocr_line' id='line_1_9' title="bbox 2115 756 3769 841; baseline 0.002 -27"><span class='ocrx_word' id='word_1_58' title='bbox 2115 756 2293 816; x_wconf 79' lang='grc' dir='ltr'>λαϐὼν</span> <span class='ocrx_word' id='word_1_59' title='bbox 2325 759 2480 840; x_wconf 74' lang='grc' dir='ltr'>ἄρτον</span> <span class='ocrx_word' id='word_1_60' title='bbox 2525 761 2614 818; x_wconf 79' lang='grc' dir='ltr'><strong>καὶ</strong></span> <span class='ocrx_word' id='word_1_61' title='bbox 2669 760 2896 838; x_wconf 83' lang='grc' dir='ltr'>κλάσας,</span> <span class='ocrx_word' id='word_1_62' title='bbox 2955 759 3224 841; x_wconf 83' lang='grc' dir='ltr'>παρέδωκε</span> <span class='ocrx_word' id='word_1_63' title='bbox 3273 775 3393 825; x_wconf 79' lang='grc' dir='ltr'>τοῖς</span> <span class='ocrx_word' id='word_1_64' title='bbox 3453 760 3769 824; x_wconf 81' lang='grc' dir='ltr'><strong>ἀποστόλοις</strong></span> 
     </span>
    </p>
   </div>
   <div class='ocr_carea' id='block_1_10' title="bbox 385 848 3770 932">
    <p class='ocr_par' dir='ltr' id='par_1_10' title="bbox 385 848 3770 932">
     <span class='ocr_line' id='line_1_10' title="bbox 385 848 3770 932; baseline -0.002 -19"><span class='ocrx_word' id='word_1_65' title='bbox 385 859 577 932; x_wconf 88' lang='lat' dir='ltr'><strong>ptura.</strong></span> <span class='ocrx_word' id='word_1_66' title='bbox 2115 848 2175 904; x_wconf 83' lang='grc' dir='ltr'>τὸ</span> <span class='ocrx_word' id='word_1_67' title='bbox 2205 851 2497 930; x_wconf 82' lang='grc' dir='ltr'>μυστήριον</span> <span class='ocrx_word' id='word_1_68' title='bbox 2553 855 2651 917; x_wconf 77' lang='grc' dir='ltr'><strong>τῆς</strong></span> <span class='ocrx_word' id='word_1_69' title='bbox 2702 856 2903 918; x_wconf 80' lang='grc' dir='ltr'><strong>Καινῆς</strong></span> <span class='ocrx_word' id='word_1_70' title='bbox 2951 852 3243 931; x_wconf 83' lang='grc' dir='ltr'>Διαθήκης,</span> <span class='ocrx_word' id='word_1_71' title='bbox 3305 849 3359 908; x_wconf 78' lang='grc' dir='ltr'><strong>ἐν</strong></span> <span class='ocrx_word' id='word_1_72' title='bbox 3529 851 3674 908; x_wconf 77' lang='grc' dir='ltr'>νυκτὶ</span> <span class='ocrx_word' id='word_1_73' title='bbox 3701 856 3770 928; x_wconf 78' lang='grc' dir='ltr'>τῇ</span> 
     </span>
    </p>
   </div>
   <div class='ocr_carea' id='block_1_11' title="bbox 2110 937 3768 1020">
    <p class='ocr_par' dir='ltr' id='par_1_11' title="bbox 2110 937 3768 1020">
     <span class='ocr_line' id='line_1_11' title="bbox 2110 937 3768 1020; baseline 0.001 -25"><span class='ocrx_word' id='word_1_74' title='bbox 2110 943 2210 1006; x_wconf 86' lang='grc' dir='ltr'>τῆς</span> <span class='ocrx_word' id='word_1_75' title='bbox 2253 938 2529 1016; x_wconf 78' lang='grc' dir='ltr'>πέμπτης,</span> <span class='ocrx_word' id='word_1_76' title='bbox 2562 939 2616 995; x_wconf 86' lang='grc' dir='ltr'><strong>ἐν</strong></span> <span class='ocrx_word' id='word_1_77' title='bbox 2646 943 2683 1018; x_wconf 73' lang='grc' dir='ltr'>ᾗ</span> <span class='ocrx_word' id='word_1_78' title='bbox 2710 941 2798 998; x_wconf 89' lang='grc' dir='ltr'>καὶ</span> <span class='ocrx_word' id='word_1_79' title='bbox 2827 937 3093 1020; x_wconf 79' lang='grc' dir='ltr'>παρεδόθη</span> <span class='ocrx_word' id='word_1_80' title='bbox 3123 941 3224 998; x_wconf 78' lang='grc' dir='ltr'><strong>ὑπὸ</strong></span> <span class='ocrx_word' id='word_1_81' title='bbox 3253 946 3347 997; x_wconf 82' lang='grc' dir='ltr'>τοῦ</span> <span class='ocrx_word' id='word_1_82' title='bbox 3375 937 3566 1015; x_wconf 79' lang='grc' dir='ltr'>Ἰούδα,</span> <span class='ocrx_word' id='word_1_83' title='bbox 3593 941 3768 1005; x_wconf 88' lang='grc' dir='ltr'>καθὼς</span> 
     </span>
    </p>
   </div>
   <div class='ocr_carea' id='block_1_12' title="bbox 2109 1027 2425 1108">
    <p class='ocr_par' dir='ltr' id='par_1_12' title="bbox 2109 1027 2425 1108">
     <span class='ocr_line' id='line_1_12' title="bbox 2109 1027 2425 1108; baseline 0.006 -2"><span class='ocrx_word' id='word_1_84' title='bbox 2109 1027 2425 1108; x_wconf 56' lang='grc' dir='ltr'>γέγρεπταιο</span> 
     </span>
    </p>
   </div>
   <div class='ocr_carea' id='block_1_13' title="bbox 469 1106 2007 1201">
    <p class='ocr_par' dir='ltr' id='par_1_13' title="bbox 469 1112 2007 1198">
     <span class='ocr_line' id='line_1_13' title="bbox 469 1112 2007 1198; baseline -0.004 -14"><span class='ocrx_word' id='word_1_85' title='bbox 469 1120 562 1184; x_wconf 88' lang='grc'><strong>17.</strong></span> <span class='ocrx_word' id='word_1_86' title='bbox 589 1115 706 1182; x_wconf 90' lang='lat' dir='ltr'><strong>Sed</strong></span> <span class='ocrx_word' id='word_1_87' title='bbox 730 1113 868 1198; x_wconf 91' lang='lat' dir='ltr'><strong>quid</strong></span> <span class='ocrx_word' id='word_1_88' title='bbox 893 1114 1068 1177; x_wconf 90' lang='lat' dir='ltr'><strong>etiam</strong></span> <span class='ocrx_word' id='word_1_89' title='bbox 1098 1112 1392 1193; x_wconf 72' lang='lat' dir='ltr'><strong>eloquitur</strong></span> <span class='ocrx_word' id='word_1_90' title='bbox 1417 1116 1603 1178; x_wconf 89' lang='lat' dir='ltr'><strong>Lucas</strong></span> <span class='ocrx_word' id='word_1_91' title='bbox 1625 1113 1655 1176; x_wconf 87' lang='lat'><strong>‘?</strong></span> <span class='ocrx_word' id='word_1_92' title='bbox 1682 1116 1768 1178; x_wconf 87' lang='lat' dir='ltr'><strong>Et</strong></span> <span class='ocrx_word' id='word_1_93' title='bbox 1795 1121 2007 1195; x_wconf 71' lang='lat' dir='ltr'><strong>accepit</strong></span> 
     </span>
    </p>
   </div>
   <div class='ocr_carea' id='block_1_14' title="bbox 2091 1106 3765 1201">
    <p class='ocr_par' dir='ltr' id='par_1_14' title="bbox 2192 1106 3765 1201">
     <span class='ocr_line' id='line_1_14' title="bbox 2192 1106 3765 1201; baseline 0.002 -28"><span class='ocrx_word' id='word_1_94' title='bbox 2192 1106 2280 1188; x_wconf 73' lang='grc' dir='ltr'><strong>ιζ’,</strong></span> <span class='ocrx_word' id='word_1_95' title='bbox 2317 1115 2481 1174; x_wconf 78' lang='grc' dir='ltr'><strong>Ἀλλά</strong></span> <span class='ocrx_word' id='word_1_96' title='bbox 2510 1117 2560 1173; x_wconf 78' lang='grc' dir='ltr'>τί</span> <span class='ocrx_word' id='word_1_97' title='bbox 2589 1140 2720 1198; x_wconf 74' lang='grc' dir='ltr'>φησι</span> <span class='ocrx_word' id='word_1_98' title='bbox 2770 1122 2858 1175; x_wconf 79' lang='grc' dir='ltr'>καὶ</span> <span class='ocrx_word' id='word_1_99' title='bbox 2915 1121 2943 1176; x_wconf 88' lang='lat'><strong>6</strong></span> <span class='ocrx_word' id='word_1_100' title='bbox 3002 1124 3206 1184; x_wconf 79' lang='grc' dir='ltr'>Λουκᾶς</span> <span class='ocrx_word' id='word_1_101' title='bbox 3240 1138 3258 1201; x_wconf 68' lang='grc' dir='ltr'><strong>ς</strong></span> <span class='ocrx_word' id='word_1_102' title='bbox 3322 1141 3346 1177; x_wconf 74' lang='grc' dir='ltr'>α</span> <span class='ocrx_word' id='word_1_103' title='bbox 3395 1117 3584 1177; x_wconf 81' lang='grc' dir='ltr'>Λαϐὼν</span> <span class='ocrx_word' id='word_1_104' title='bbox 3613 1118 3765 1199; x_wconf 78' lang='grc' dir='ltr'>ἄρτον</span> 
     </span>
    </p>
   </div>
   <div class='ocr_carea' id='block_1_15' title="bbox 380 1204 2007 1293">
    <p class='ocr_par' dir='ltr' id='par_1_15' title="bbox 380 1204 2007 1293">
     <span class='ocr_line' id='line_1_15' title="bbox 380 1204 2007 1293; baseline -0.004 -22"><span class='ocrx_word' id='word_1_105' title='bbox 380 1228 560 1293; x_wconf 83' lang='lat' dir='ltr'><strong>pane,</strong></span> <span class='ocrx_word' id='word_1_106' title='bbox 595 1209 833 1289; x_wconf 85' lang='lat' dir='ltr'><strong>gratias</strong></span> <span class='ocrx_word' id='word_1_107' title='bbox 869 1206 990 1286; x_wconf 82' lang='lat' dir='ltr'><strong>egit</strong></span> <span class='ocrx_word' id='word_1_108' title='bbox 1027 1210 1085 1267; x_wconf 91' lang='lat' dir='ltr'><strong>et</strong></span> <span class='ocrx_word' id='word_1_109' title='bbox 1106 1206 1286 1282; x_wconf 77' lang='lat' dir='ltr'><strong>fregit</strong></span> <span class='ocrx_word' id='word_1_110' title='bbox 1310 1204 1385 1265; x_wconf 64' lang='lat' dir='ltr'><strong>l8.</strong></span> <span class='ocrx_word' id='word_1_111' title='bbox 1411 1205 1567 1267; x_wconf 86' lang='lat' dir='ltr'><strong>Ecce</strong></span> <span class='ocrx_word' id='word_1_112' title='bbox 1602 1207 1780 1267; x_wconf 88' lang='lat' dir='ltr'><strong>Lucas</strong></span> <span class='ocrx_word' id='word_1_113' title='bbox 1813 1207 2007 1284; x_wconf 88' lang='lat' dir='ltr'><strong>parite:</strong></span> 
     </span>
    </p>
   </div>
   <div class='ocr_carea' id='block_1_16' title="bbox 2091 1204 3764 1293">
    <p class='ocr_par' dir='ltr' id='par_1_16' title="bbox 2111 1206 3764 1287">
     <span class='ocr_line' id='line_1_16' title="bbox 2111 1206 3764 1287; baseline 0.002 -25"><span class='ocrx_word' id='word_1_114' title='bbox 2111 1208 2199 1262; x_wconf 82' lang='grc' dir='ltr'>καὶ</span> <span class='ocrx_word' id='word_1_115' title='bbox 2255 1209 2647 1287; x_wconf 72' lang='grc' dir='ltr'>εὐχαριστήσας</span> <span class='ocrx_word' id='word_1_116' title='bbox 2707 1206 2949 1268; x_wconf 77' lang='grc' dir='ltr'><strong>ἔκλασεν.</strong></span> <span class='ocrx_word' id='word_1_117' title='bbox 3038 1231 3068 1264; x_wconf 77' lang='grc' dir='ltr'><strong>ι»</strong></span> <span class='ocrx_word' id='word_1_118' title='bbox 3145 1206 3274 1267; x_wconf 83' lang='grc' dir='ltr'>Ἰδοὺ</span> <span class='ocrx_word' id='word_1_119' title='bbox 3328 1212 3416 1267; x_wconf 86' lang='grc' dir='ltr'>καὶ</span> <span class='ocrx_word' id='word_1_120' title='bbox 3472 1212 3500 1266; x_wconf 98' lang='lat'><strong>6</strong></span> <span class='ocrx_word' id='word_1_121' title='bbox 3561 1215 3764 1273; x_wconf 78' lang='grc' dir='ltr'>Λουκᾶς</span> 
     </span>
    </p>
   </div>
   <div class='ocr_carea' id='block_1_17' title="bbox 383 1293 2007 1377">
    <p class='ocr_par' dir='ltr' id='par_1_17' title="bbox 383 1293 2001 1374">
     <span class='ocr_line' id='line_1_17' title="bbox 383 1293 2001 1374; baseline -0.007 -9"><span class='ocrx_word' id='word_1_122' title='bbox 383 1299 680 1365; x_wconf 88' lang='lat' dir='ltr'><strong>Christum</strong></span> <span class='ocrx_word' id='word_1_123' title='bbox 733 1293 881 1356; x_wconf 79' lang='lat' dir='ltr'><strong>dixit</strong></span> <span class='ocrx_word' id='word_1_124' title='bbox 926 1293 1231 1374; x_wconf 86' lang='lat' dir='ltr'><strong>accepisse</strong></span> <span class='ocrx_word' id='word_1_125' title='bbox 1285 1312 1522 1374; x_wconf 90' lang='lat' dir='ltr'><strong>panem,</strong></span> <span class='ocrx_word' id='word_1_126' title='bbox 1571 1313 1690 1356; x_wconf 89' lang='lat' dir='ltr'><strong>non</strong></span> <span class='ocrx_word' id='word_1_127' title='bbox 1737 1312 2001 1374; x_wconf 84' lang='lat' dir='ltr'><strong>azymum</strong></span> 
     </span>
    </p>
   </div>
   <div class='ocr_carea' id='block_1_18' title="bbox 2091 1293 3770 1377">
    <p class='ocr_par' dir='ltr' id='par_1_18' title="bbox 2113 1293 3770 1377">
     <span class='ocr_line' id='line_1_18' title="bbox 2113 1293 3770 1377; baseline 0.004 -28"><span class='ocrx_word' id='word_1_128' title='bbox 2113 1293 2267 1375; x_wconf 74' lang='grc' dir='ltr'>ἄρτον</span> <span class='ocrx_word' id='word_1_129' title='bbox 2297 1297 2422 1353; x_wconf 79' lang='grc' dir='ltr'>εἶπε</span> <span class='ocrx_word' id='word_1_130' title='bbox 2451 1294 2639 1353; x_wconf 73' lang='grc' dir='ltr'>λαϐεῖν</span> <span class='ocrx_word' id='word_1_131' title='bbox 2681 1300 2774 1354; x_wconf 82' lang='grc' dir='ltr'>τὸν</span> <span class='ocrx_word' id='word_1_132' title='bbox 2826 1299 3076 1377; x_wconf 80' lang='grc' dir='ltr'>Χριστὸν,</span> <span class='ocrx_word' id='word_1_133' title='bbox 3135 1301 3224 1355; x_wconf 82' lang='grc' dir='ltr'>καὶ</span> <span class='ocrx_word' id='word_1_134' title='bbox 3282 1301 3376 1356; x_wconf 79' lang='grc' dir='ltr'><strong>οὒκ</strong></span> <span class='ocrx_word' id='word_1_135' title='bbox 3433 1297 3629 1375; x_wconf 69' lang='grc' dir='ltr'>ἄζυμον</span> <span class='ocrx_word' id='word_1_136' title='bbox 3665 1320 3676 1333; x_wconf 91' lang='grc'><strong>·</strong></span> <span class='ocrx_word' id='word_1_137' title='bbox 3711 1300 3770 1355; x_wconf 69' lang='grc' dir='ltr'>οὗ</span> 
     </span>
    </p>
   </div>
   <div class='ocr_carea' id='block_1_19' title="bbox 380 1383 2007 1466">
    <p class='ocr_par' dir='ltr' id='par_1_19' title="bbox 380 1383 2004 1464">
     <span class='ocr_line' id='line_1_19' title="bbox 380 1383 2004 1464; baseline -0.004 -13"><span class='ocrx_word' id='word_1_138' title='bbox 380 1390 513 1452; x_wconf 84' lang='grc' dir='ltr'>Νοη</span> <span class='ocrx_word' id='word_1_139' title='bbox 559 1386 718 1448; x_wconf 91' lang='lat' dir='ltr'><strong>enim</strong></span> <span class='ocrx_word' id='word_1_140' title='bbox 762 1383 887 1464; x_wconf 88' lang='lat' dir='ltr'><strong>jam</strong></span> <span class='ocrx_word' id='word_1_141' title='bbox 930 1391 1074 1444; x_wconf 88' lang='lat' dir='ltr'><strong>tunc</strong></span> <span class='ocrx_word' id='word_1_142' title='bbox 1120 1383 1407 1463; x_wconf 87' lang='lat' dir='ltr'><strong>temporis</strong></span> <span class='ocrx_word' id='word_1_143' title='bbox 1435 1383 1666 1464; x_wconf 85' lang='lat' dir='ltr'><strong>aderat,</strong></span> <span class='ocrx_word' id='word_1_144' title='bbox 1704 1402 1837 1445; x_wconf 93' lang='lat' dir='ltr'><strong>cum</strong></span> <span class='ocrx_word' id='word_1_145' title='bbox 1872 1401 2004 1444; x_wconf 92' lang='lat' dir='ltr'><strong>esse</strong></span> 
     </span>
    </p>
   </div>
   <div class='ocr_carea' id='block_1_20' title="bbox 2091 1383 3762 1466">
    <p class='ocr_par' dir='ltr' id='par_1_20' title="bbox 2111 1385 3762 1466">
     <span class='ocr_line' id='line_1_20' title="bbox 2111 1385 3762 1466; baseline 0.004 -26"><span class='ocrx_word' id='word_1_146' title='bbox 2111 1387 2211 1464; x_wconf 81' lang='grc' dir='ltr'><strong>γὰρ</strong></span> <span class='ocrx_word' id='word_1_147' title='bbox 2282 1385 2357 1442; x_wconf 81' lang='grc' dir='ltr'><strong>ἔτι</strong></span> <span class='ocrx_word' id='word_1_148' title='bbox 2441 1387 2508 1454; x_wconf 75' lang='grc' dir='ltr'>ἧν</span> <span class='ocrx_word' id='word_1_149' title='bbox 2576 1397 2889 1463; x_wconf 83' lang='grc' dir='ltr'>τηνικαῦτα,</span> <span class='ocrx_word' id='word_1_150' title='bbox 2957 1388 3209 1463; x_wconf 82' lang='grc' dir='ltr'>πέμπτης</span> <span class='ocrx_word' id='word_1_151' title='bbox 3295 1389 3455 1456; x_wconf 68' lang='grc' dir='ltr'>ούσης</span> <span class='ocrx_word' id='word_1_152' title='bbox 3510 1386 3713 1466; x_wconf 77' lang='grc' dir='ltr'>ἡμέρας</span> <span class='ocrx_word' id='word_1_153' title='bbox 3747 1406 3762 1418; x_wconf 87' lang='grc'>⁶</span> 
     </span>
    </p>
   </div>
   <div class='ocr_carea' id='block_1_21' title="bbox 380 1472 2007 1560">
    <p class='ocr_par' dir='ltr' id='par_1_21' title="bbox 380 1472 2007 1560">
     <span class='ocr_line' id='line_1_21' title="bbox 380 1472 2007 1560; baseline -0.004 -21"><span class='ocrx_word' id='word_1_154' title='bbox 380 1478 584 1560; x_wconf 87' lang='lat' dir='ltr'><strong>quinta</strong></span> <span class='ocrx_word' id='word_1_155' title='bbox 613 1475 764 1536; x_wconf 89' lang='lat' dir='ltr'><strong>dies.</strong></span> <span class='ocrx_word' id='word_1_156' title='bbox 802 1475 857 1536; x_wconf 79' lang='lat' dir='ltr'><strong>Si</strong></span> <span class='ocrx_word' id='word_1_157' title='bbox 890 1472 1132 1554; x_wconf 90' lang='lat' dir='ltr'><strong>quidem</strong></span> <span class='ocrx_word' id='word_1_158' title='bbox 1167 1491 1272 1552; x_wconf 90' lang='lat' dir='ltr'><strong>per</strong></span> <span class='ocrx_word' id='word_1_159' title='bbox 1292 1473 1556 1553; x_wconf 86' lang='lat' dir='ltr'><strong>quintam</strong></span> <span class='ocrx_word' id='word_1_160' title='bbox 1590 1473 1752 1534; x_wconf 87' lang='lat' dir='ltr'><strong>illam</strong></span> <span class='ocrx_word' id='word_1_161' title='bbox 1791 1472 2007 1534; x_wconf 76' lang='lat' dir='ltr'><strong>decim:</strong></span> 
     </span>
    </p>
   </div>
   <div class='ocr_carea' id='block_1_22' title="bbox 2091 1472 3764 1560">
    <p class='ocr_par' dir='ltr' id='par_1_22' title="bbox 2109 1473 3764 1555">
     <span class='ocr_line' id='line_1_22' title="bbox 2109 1473 3764 1555; baseline 0.002 -26"><span class='ocrx_word' id='word_1_162' title='bbox 2109 1473 2565 1552; x_wconf 81' lang='grc' dir='ltr'>τρισκαιδεκαταία</span> <span class='ocrx_word' id='word_1_163' title='bbox 2633 1477 2732 1555; x_wconf 69' lang='grc' dir='ltr'>γὰρ</span> <span class='ocrx_word' id='word_1_164' title='bbox 2815 1476 2880 1544; x_wconf 78' lang='grc' dir='ltr'>ἧν</span> <span class='ocrx_word' id='word_1_165' title='bbox 2959 1474 3035 1532; x_wconf 72' lang='grc' dir='ltr'><strong>ἔτι</strong></span> <span class='ocrx_word' id='word_1_166' title='bbox 3113 1476 3314 1547; x_wconf 78' lang='grc' dir='ltr'>σελήνη</span> <span class='ocrx_word' id='word_1_167' title='bbox 3391 1484 3460 1554; x_wconf 71' lang='grc' dir='ltr'><strong>τῇ</strong></span> <span class='ocrx_word' id='word_1_168' title='bbox 3543 1476 3764 1554; x_wconf 79' lang='grc' dir='ltr'>πέμπτῃ</span> 
     </span>
    </p>
   </div>
   <div class='ocr_carea' id='block_1_23' title="bbox 378 1560 2007 1644">
    <p class='ocr_par' dir='ltr' id='par_1_23' title="bbox 378 1560 2007 1642">
     <span class='ocr_line' id='line_1_23' title="bbox 378 1560 2007 1642; baseline -0.005 -13"><span class='ocrx_word' id='word_1_169' title='bbox 378 1566 553 1630; x_wconf 90' lang='lat' dir='ltr'><strong>tertia</strong></span> <span class='ocrx_word' id='word_1_170' title='bbox 581 1565 721 1626; x_wconf 90' lang='lat' dir='ltr'><strong>luna</strong></span> <span class='ocrx_word' id='word_1_171' title='bbox 743 1560 1096 1625; x_wconf 85' lang='lat' dir='ltr'><strong>occurrebat</strong></span> <span class='ocrx_word' id='word_1_172' title='bbox 1118 1563 1334 1642; x_wconf 87' lang='lat' dir='ltr'><strong>adhuc,</strong></span> <span class='ocrx_word' id='word_1_173' title='bbox 1353 1580 1464 1622; x_wconf 91' lang='lat' dir='ltr'><strong>nec</strong></span> <span class='ocrx_word' id='word_1_174' title='bbox 1482 1581 1748 1641; x_wconf 89' lang='lat' dir='ltr'><strong>azymum</strong></span> <span class='ocrx_word' id='word_1_175' title='bbox 1776 1579 2007 1642; x_wconf 87' lang='lat' dir='ltr'><strong>compa-</strong></span> 
     </span>
    </p>
   </div>
   <div class='ocr_carea' id='block_1_24' title="bbox 2091 1560 3758 1644">
    <p class='ocr_par' dir='ltr' id='par_1_24' title="bbox 2109 1562 3758 1644">
     <span class='ocr_line' id='line_1_24' title="bbox 2109 1562 3758 1644; baseline 0.002 -26"><span class='ocrx_word' id='word_1_176' title='bbox 2109 1562 2305 1642; x_wconf 76' lang='grc' dir='ltr'>ἐκείνῃ,</span> <span class='ocrx_word' id='word_1_177' title='bbox 2364 1567 2452 1621; x_wconf 80' lang='grc' dir='ltr'><strong>καὶ</strong></span> <span class='ocrx_word' id='word_1_178' title='bbox 2493 1569 2587 1625; x_wconf 77' lang='grc' dir='ltr'><strong>οὒκ</strong></span> <span class='ocrx_word' id='word_1_179' title='bbox 2642 1567 2708 1634; x_wconf 85' lang='grc' dir='ltr'>ἧν</span> <span class='ocrx_word' id='word_1_180' title='bbox 2765 1563 2982 1641; x_wconf 75' lang='grc' dir='ltr'>ἄζυμον,</span> <span class='ocrx_word' id='word_1_181' title='bbox 3038 1564 3121 1622; x_wconf 78' lang='grc' dir='ltr'>διὰ</span> <span class='ocrx_word' id='word_1_182' title='bbox 3175 1568 3236 1623; x_wconf 78' lang='grc' dir='ltr'>τὸ</span> <span class='ocrx_word' id='word_1_183' title='bbox 3293 1569 3464 1642; x_wconf 82' lang='grc' dir='ltr'>μήπω</span> <span class='ocrx_word' id='word_1_184' title='bbox 3520 1566 3758 1644; x_wconf 84' lang='grc' dir='ltr'>γενέσθαι</span> 
     </span>
    </p>
   </div>
   <div class='ocr_carea' id='block_1_25' title="bbox 376 1645 2007 1735">
    <p class='ocr_par' dir='ltr' id='par_1_25' title="bbox 376 1650 2000 1734">
     <span class='ocr_line' id='line_1_25' title="bbox 376 1650 2000 1734; baseline -0.005 -15"><span class='ocrx_word' id='word_1_185' title='bbox 376 1657 568 1729; x_wconf 90' lang='lat' dir='ltr'><strong>rebat,</strong></span> <span class='ocrx_word' id='word_1_186' title='bbox 603 1652 761 1734; x_wconf 88' lang='lat' dir='ltr'><strong>quod</strong></span> <span class='ocrx_word' id='word_1_187' title='bbox 811 1651 1074 1712; x_wconf 89' lang='lat' dir='ltr'><strong>nondum</strong></span> <span class='ocrx_word' id='word_1_188' title='bbox 1130 1651 1300 1731; x_wconf 90' lang='lat' dir='ltr'><strong>panis</strong></span> <span class='ocrx_word' id='word_1_189' title='bbox 1343 1651 1596 1712; x_wconf 90' lang='lat' dir='ltr'><strong>sublatio</strong></span> <span class='ocrx_word' id='word_1_190' title='bbox 1655 1650 2000 1730; x_wconf 83' lang='lat' dir='ltr'><strong>contigisset</strong></span> 
     </span>
    </p>
   </div>
   <div class='ocr_carea' id='block_1_26' title="bbox 2091 1645 3760 1735">
    <p class='ocr_par' dir='ltr' id='par_1_26' title="bbox 2107 1645 3760 1735">
     <span class='ocr_line' id='line_1_26' title="bbox 2107 1645 3760 1735; baseline 0.002 -27"><span class='ocrx_word' id='word_1_191' title='bbox 2107 1653 2205 1720; x_wconf 78' lang='grc' dir='ltr'>τὴν</span> <span class='ocrx_word' id='word_1_192' title='bbox 2260 1651 2407 1732; x_wconf 74' lang='grc' dir='ltr'>ἄρσιν</span> <span class='ocrx_word' id='word_1_193' title='bbox 2462 1661 2557 1711; x_wconf 80' lang='grc' dir='ltr'><strong>τοῦ</strong></span> <span class='ocrx_word' id='word_1_194' title='bbox 2612 1652 2792 1734; x_wconf 76' lang='grc' dir='ltr'>ἄρτου.</span> <span class='ocrx_word' id='word_1_195' title='bbox 2855 1656 2930 1713; x_wconf 76' lang='grc' dir='ltr'><strong>Τὰ</strong></span> <span class='ocrx_word' id='word_1_196' title='bbox 2985 1655 3085 1735; x_wconf 79' lang='grc' dir='ltr'>γὰρ</span> <span class='ocrx_word' id='word_1_197' title='bbox 3157 1654 3360 1731; x_wconf 78' lang='grc' dir='ltr'>’Λζυμα</span> <span class='ocrx_word' id='word_1_198' title='bbox 3414 1662 3484 1733; x_wconf 77' lang='grc' dir='ltr'>τῇ</span> <span class='ocrx_word' id='word_1_199' title='bbox 3541 1645 3760 1735; x_wconf 34' lang='grc' dir='ltr'><strong>ιε’-τῆς</strong></span> 
     </span>
    </p>
   </div>
   <div class='ocr_carea' id='block_1_27' title="bbox 375 1733 2007 1823">
    <p class='ocr_par' dir='ltr' id='par_1_27' title="bbox 375 1733 2007 1823">
     <span class='ocr_line' id='line_1_27' title="bbox 375 1733 2007 1823; baseline -0.005 -15"><span class='ocrx_word' id='word_1_200' title='bbox 375 1746 524 1808; x_wconf 89' lang='lat' dir='ltr'><strong>Nam</strong></span> <span class='ocrx_word' id='word_1_201' title='bbox 559 1733 686 1823; x_wconf 59' lang='lat' dir='ltr'><strong>lege</strong></span> <span class='ocrx_word' id='word_1_202' title='bbox 718 1749 1078 1822; x_wconf 59' lang='lat' dir='ltr'><strong>praeceptum</strong></span> <span class='ocrx_word' id='word_1_203' title='bbox 1110 1740 1220 1802; x_wconf 85' lang='lat' dir='ltr'><strong>fuit</strong></span> <span class='ocrx_word' id='word_1_204' title='bbox 1239 1747 1304 1801; x_wconf 90' lang='lat' dir='ltr'><strong>ut</strong></span> <span class='ocrx_word' id='word_1_205' title='bbox 1322 1740 1539 1821; x_wconf 82' lang='lat' dir='ltr'><strong>Azyma</strong></span> <span class='ocrx_word' id='word_1_206' title='bbox 1566 1741 1801 1802; x_wconf 88' lang='lat' dir='ltr'><strong>decima</strong></span> <span class='ocrx_word' id='word_1_207' title='bbox 1821 1739 2007 1820; x_wconf 75' lang='lat' dir='ltr'><strong>quint:</strong></span> 
     </span>
    </p>
   </div>
   <div class='ocr_carea' id='block_1_28' title="bbox 2091 1733 3759 1823">
    <p class='ocr_par' dir='ltr' id='par_1_28' title="bbox 2107 1733 3759 1820">
     <span class='ocr_line' id='line_1_28' title="bbox 2107 1733 3759 1820; baseline 0.001 -24"><span class='ocrx_word' id='word_1_208' title='bbox 2107 1741 2340 1812; x_wconf 79' lang='grc' dir='ltr'>σελήνης</span> <span class='ocrx_word' id='word_1_209' title='bbox 2386 1744 2616 1820; x_wconf 77' lang='grc' dir='ltr'>γίνεσθαι</span> <span class='ocrx_word' id='word_1_210' title='bbox 2666 1743 3147 1819; x_wconf 82' lang='grc' dir='ltr'>νενομοθετημένον</span> <span class='ocrx_word' id='word_1_211' title='bbox 3187 1744 3274 1817; x_wconf 80' lang='grc' dir='ltr'><strong>ἧν,</strong></span> <span class='ocrx_word' id='word_1_212' title='bbox 3335 1749 3404 1820; x_wconf 77' lang='grc' dir='ltr'>τῇ</span> <span class='ocrx_word' id='word_1_213' title='bbox 3459 1742 3514 1800; x_wconf 75' lang='grc' dir='ltr'><strong>δὲ</strong></span> <span class='ocrx_word' id='word_1_214' title='bbox 3573 1733 3759 1799; x_wconf 77' lang='grc' dir='ltr'><strong>ιδ’τὸν</strong></span> 
     </span>
    </p>
   </div>
   <div class='ocr_carea' id='block_1_29' title="bbox 376 1811 2007 1909">
    <p class='ocr_par' dir='ltr' id='par_1_29' title="bbox 376 1811 2007 1909">
     <span class='ocr_line' id='line_1_29' title="bbox 376 1811 2007 1909; baseline -0.006 -10"><span class='ocrx_word' id='word_1_215' title='bbox 376 1837 519 1898; x_wconf 88' lang='lat' dir='ltr'><strong>luna</strong></span> <span class='ocrx_word' id='word_1_216' title='bbox 545 1811 760 1906; x_wconf 64' lang='lat' dir='ltr'><strong>(ierint,</strong></span> <span class='ocrx_word' id='word_1_217' title='bbox 797 1838 854 1891; x_wconf 90' lang='lat' dir='ltr'><strong>at</strong></span> <span class='ocrx_word' id='word_1_218' title='bbox 883 1811 1115 1891; x_wconf 75' lang='lat' dir='ltr'><strong>decima</strong></span> <span class='ocrx_word' id='word_1_219' title='bbox 1143 1837 1352 1909; x_wconf 90' lang='lat' dir='ltr'><strong>quarta</strong></span> <span class='ocrx_word' id='word_1_220' title='bbox 1381 1811 1668 1892; x_wconf 81' lang='lat' dir='ltr'><strong>duntaxat</strong></span> <span class='ocrx_word' id='word_1_221' title='bbox 1695 1811 1878 1909; x_wconf 74' lang='lat' dir='ltr'><strong>agnus</strong></span> <span class='ocrx_word' id='word_1_222' title='bbox 1901 1847 2007 1890; x_wconf 89' lang='lat' dir='ltr'><strong>ma-</strong></span> 
     </span>
    </p>
   </div>
   <div class='ocr_carea' id='block_1_30' title="bbox 2091 1811 3762 1909">
    <p class='ocr_par' dir='ltr' id='par_1_30' title="bbox 2106 1811 3762 1908">
     <span class='ocr_line' id='line_1_30' title="bbox 2117 1811 3762 1854; baseline 0.002 -2"><span class='ocrx_word' id='word_1_223' title='bbox 2117 1830 2129 1847; x_wconf 72' lang='grc' dir='ltr'>ν</span> <span class='ocrx_word' id='word_1_224' title='bbox 2218 1811 2235 1852; x_wconf 17' lang='lat' dir='ltr'><strong>\V</strong></span> <span class='ocrx_word' id='word_1_225' title='bbox 2401 1811 2411 1820; x_wconf 64' lang='grc'><em>’</em></span> <span class='ocrx_word' id='word_1_226' title='bbox 2531 1832 2541 1852; x_wconf 90' lang='lat' dir='ltr'><strong><em>I</em></strong></span> <span class='ocrx_word' id='word_1_227' title='bbox 2733 1833 2744 1853; x_wconf 72' lang='grc' dir='ltr'><strong><em>ρ</em></strong></span> <span class='ocrx_word' id='word_1_228' title='bbox 2787 1811 2796 1818; x_wconf 61' lang='grc'><em>’</em></span> <span class='ocrx_word' id='word_1_229' title='bbox 2991 1811 3000 1819; x_wconf 57' lang='grc'><em>’</em></span> <span class='ocrx_word' id='word_1_230' title='bbox 3079 1834 3092 1852; x_wconf 76' lang='lat'><strong><em>\</em></strong></span> <span class='ocrx_word' id='word_1_231' title='bbox 3257 1811 3271 1854; x_wconf 56' lang='grc' dir='ltr'>ξ</span> <span class='ocrx_word' id='word_1_232' title='bbox 3380 1811 3406 1851; x_wconf 63' lang='grc' dir='ltr'>ἰ</span> <span class='ocrx_word' id='word_1_233' title='bbox 3569 1833 3584 1851; x_wconf 75' lang='lat'><strong><em>\</em></strong></span> <span class='ocrx_word' id='word_1_234' title='bbox 3719 1821 3762 1850; x_wconf 57' lang='grc' dir='ltr'><strong>’κ’</strong></span> 
     </span>
     <span class='ocr_line' id='line_1_31' title="bbox 2106 1833 3740 1908; baseline 0.001 -23"><span class='ocrx_word' id='word_1_235' title='bbox 2106 1851 2274 1906; x_wconf 88' lang='grc' dir='ltr'>αμνον</span> <span class='ocrx_word' id='word_1_236' title='bbox 2327 1833 2416 1888; x_wconf 85' lang='grc' dir='ltr'>καὶ</span> <span class='ocrx_word' id='word_1_237' title='bbox 2472 1855 2632 1907; x_wconf 92' lang='grc' dir='ltr'>μονον</span> <span class='ocrx_word' id='word_1_238' title='bbox 2689 1836 2920 1891; x_wconf 89' lang='grc' dir='ltr'>θυεσθαι.</span> <span class='ocrx_word' id='word_1_239' title='bbox 3012 1842 3104 1888; x_wconf 84' lang='grc' dir='ltr'><strong>Διο</strong></span> <span class='ocrx_word' id='word_1_240' title='bbox 3187 1856 3275 1889; x_wconf 84' lang='grc' dir='ltr'>και</span> <span class='ocrx_word' id='word_1_241' title='bbox 3354 1855 3452 1900; x_wconf 88' lang='grc' dir='ltr'>την</span> <span class='ocrx_word' id='word_1_242' title='bbox 3525 1855 3622 1908; x_wconf 88' lang='grc' dir='ltr'><strong>μεν</strong></span> <span class='ocrx_word' id='word_1_243' title='bbox 3693 1853 3740 1887; x_wconf 87' lang='grc' dir='ltr'>ιο</span> 
     </span>
    </p>
   </div>
   <div class='ocr_carea' id='block_1_31' title="bbox 375 1919 2007 2002">
    <p class='ocr_par' dir='ltr' id='par_1_31' title="bbox 375 1919 2007 2000">
     <span class='ocr_line' id='line_1_32' title="bbox 375 1919 2007 2000; baseline -0.007 -12"><span class='ocrx_word' id='word_1_244' title='bbox 375 1931 655 1988; x_wconf 89' lang='lat' dir='ltr'><strong>ctareter.</strong></span> <span class='ocrx_word' id='word_1_245' title='bbox 699 1919 872 1983; x_wconf 92' lang='lat' dir='ltr'><strong>Unde</strong></span> <span class='ocrx_word' id='word_1_246' title='bbox 902 1919 1200 1980; x_wconf 88' lang='lat' dir='ltr'><strong>decimam</strong></span> <span class='ocrx_word' id='word_1_247' title='bbox 1249 1927 1520 1999; x_wconf 88' lang='lat' dir='ltr'><strong>quartam</strong></span> <span class='ocrx_word' id='word_1_248' title='bbox 1569 1919 1812 2000; x_wconf 90' lang='lat' dir='ltr'><strong>quidem</strong></span> <span class='ocrx_word' id='word_1_249' title='bbox 1847 1919 2007 1999; x_wconf 88' lang='lat' dir='ltr'><strong>prim</strong></span> 
     </span>
    </p>
   </div>
   <div class='ocr_carea' id='block_1_32' title="bbox 2091 1919 3761 2002">
    <p class='ocr_par' dir='ltr' id='par_1_32' title="bbox 2104 1919 3761 2002">
     <span class='ocr_line' id='line_1_33' title="bbox 2104 1919 3761 2002; baseline 0.001 -27"><span class='ocrx_word' id='word_1_250' title='bbox 2104 1930 2198 1978; x_wconf 81' lang='grc' dir='ltr'><strong>τοῦ</strong></span> <span class='ocrx_word' id='word_1_251' title='bbox 2254 1921 2464 1999; x_wconf 81' lang='grc' dir='ltr'>πρώτου</span> <span class='ocrx_word' id='word_1_252' title='bbox 2520 1923 2690 1996; x_wconf 86' lang='grc' dir='ltr'>μηνὸς</span> <span class='ocrx_word' id='word_1_253' title='bbox 2747 1927 2846 1988; x_wconf 80' lang='grc' dir='ltr'>τῆς</span> <span class='ocrx_word' id='word_1_254' title='bbox 2904 1919 3158 2002; x_wconf 76' lang='grc' dir='ltr'>σελήνης,</span> <span class='ocrx_word' id='word_1_255' title='bbox 3232 1923 3428 2002; x_wconf 79' lang='grc' dir='ltr'>Πάσχα</span> <span class='ocrx_word' id='word_1_256' title='bbox 3487 1944 3761 2000; x_wconf 79' lang='grc' dir='ltr'>προσαγο-</span> 
     </span>
    </p>
   </div>
   <div class='ocr_carea' id='block_1_33' title="bbox 377 1999 2007 2090">
    <p class='ocr_par' dir='ltr' id='par_1_33' title="bbox 377 1999 2007 2088">
     <span class='ocr_line' id='line_1_34' title="bbox 377 1999 2007 2088; baseline -0.006 -11"><span class='ocrx_word' id='word_1_257' title='bbox 377 2013 604 2076; x_wconf 89' lang='lat' dir='ltr'><strong>mensis</strong></span> <span class='ocrx_word' id='word_1_258' title='bbox 627 2012 802 2086; x_wconf 64' lang='lat' dir='ltr'><strong>lunae,</strong></span> <span class='ocrx_word' id='word_1_259' title='bbox 829 2011 918 2070; x_wconf 90' lang='lat' dir='ltr'><strong>lex</strong></span> <span class='ocrx_word' id='word_1_260' title='bbox 945 2008 1169 2069; x_wconf 81' lang='lat' dir='ltr'><strong>Pascha</strong></span> <span class='ocrx_word' id='word_1_261' title='bbox 1191 2017 1514 2088; x_wconf 87' lang='lat' dir='ltr'><strong>nuncupat,</strong></span> <span class='ocrx_word' id='word_1_262' title='bbox 1545 1999 1834 2070; x_wconf 85' lang='lat' dir='ltr'><strong>decimam</strong></span> <span class='ocrx_word' id='word_1_263' title='bbox 1855 2007 2007 2088; x_wconf 86' lang='lat' dir='ltr'><strong>quin</strong></span> 
     </span>
    </p>
   </div>
   <div class='ocr_carea' id='block_1_34' title="bbox 2091 1999 3765 2090">
    <p class='ocr_par' dir='ltr' id='par_1_34' title="bbox 2104 1999 3765 2090">
     <span class='ocr_line' id='line_1_35' title="bbox 2104 1999 3765 2090; baseline 0.004 -28"><span class='ocrx_word' id='word_1_264' title='bbox 2104 2009 2239 2087; x_wconf 88' lang='grc' dir='ltr'>ρεύει</span> <span class='ocrx_word' id='word_1_265' title='bbox 2289 2011 2316 2064; x_wconf 94' lang='lat'><strong>6</strong></span> <span class='ocrx_word' id='word_1_266' title='bbox 2355 2009 2542 2090; x_wconf 85' lang='grc' dir='ltr'>νόμος,</span> <span class='ocrx_word' id='word_1_267' title='bbox 2601 2011 2699 2078; x_wconf 78' lang='grc' dir='ltr'>τὴν</span> <span class='ocrx_word' id='word_1_268' title='bbox 2759 2008 2814 2065; x_wconf 83' lang='grc' dir='ltr'><strong>δὲ</strong></span> <span class='ocrx_word' id='word_1_269' title='bbox 2873 1999 2941 2064; x_wconf 83' lang='grc' dir='ltr'>ιε’</span> <span class='ocrx_word' id='word_1_270' title='bbox 2997 2010 3216 2087; x_wconf 85' lang='grc' dir='ltr'>πρώτην</span> <span class='ocrx_word' id='word_1_271' title='bbox 3271 1999 3392 2066; x_wconf 75' lang='grc' dir='ltr'>τῶν</span> <span class='ocrx_word' id='word_1_272' title='bbox 3434 1999 3646 2086; x_wconf 80' lang='grc' dir='ltr'><strong>ἀζύμων</strong></span> <span class='ocrx_word' id='word_1_273' title='bbox 3677 2014 3765 2068; x_wconf 79' lang='grc' dir='ltr'>καὶ</span> 
     </span>
    </p>
   </div>
   <div class='ocr_carea' id='block_1_35' title="bbox 379 2093 2007 2178">
    <p class='ocr_par' dir='ltr' id='par_1_35' title="bbox 379 2095 2007 2178">
     <span class='ocr_line' id='line_1_36' title="bbox 379 2095 2007 2178; baseline -0.006 -11"><span class='ocrx_word' id='word_1_274' title='bbox 379 2114 497 2167; x_wconf 91' lang='lat' dir='ltr'><strong>tam</strong></span> <span class='ocrx_word' id='word_1_275' title='bbox 527 2119 666 2164; x_wconf 88' lang='lat' dir='ltr'><strong>vero</strong></span> <span class='ocrx_word' id='word_1_276' title='bbox 697 2097 964 2160; x_wconf 83' lang='lat' dir='ltr'><strong>nominat</strong></span> <span class='ocrx_word' id='word_1_277' title='bbox 1010 2097 1262 2177; x_wconf 89' lang='lat' dir='ltr'><strong>primam</strong></span> <span class='ocrx_word' id='word_1_278' title='bbox 1316 2096 1664 2178; x_wconf 79' lang='lat' dir='ltr'><strong>Azymorum</strong></span> <span class='ocrx_word' id='word_1_279' title='bbox 1702 2106 1760 2159; x_wconf 89' lang='lat' dir='ltr'><strong>et</strong></span> <span class='ocrx_word' id='word_1_280' title='bbox 1789 2095 2007 2160; x_wconf 87' lang='lat' dir='ltr'><strong>Sabba-</strong></span> 
     </span>
    </p>
   </div>
   <div class='ocr_carea' id='block_1_36' title="bbox 2091 2093 3762 2178">
    <p class='ocr_par' dir='ltr' id='par_1_36' title="bbox 2107 2093 3762 2178">
     <span class='ocr_line' id='line_1_37' title="bbox 2107 2093 3762 2178; baseline 0.001 -27"><span class='ocrx_word' id='word_1_281' title='bbox 2107 2093 2379 2154; x_wconf 76' lang='grc' dir='ltr'>Σάϐϐατον</span> <span class='ocrx_word' id='word_1_282' title='bbox 2433 2099 2700 2174; x_wconf 77' lang='grc' dir='ltr'>ὀνομάζει,</span> <span class='ocrx_word' id='word_1_283' title='bbox 2791 2097 2926 2177; x_wconf 81' lang='grc' dir='ltr'><strong>[Φεῦ</strong></span> <span class='ocrx_word' id='word_1_284' title='bbox 2997 2104 3096 2167; x_wconf 82' lang='grc' dir='ltr'><strong>τῆς</strong></span> <span class='ocrx_word' id='word_1_285' title='bbox 3168 2098 3346 2163; x_wconf 77' lang='grc' dir='ltr'>ἀνοίας</span> <span class='ocrx_word' id='word_1_286' title='bbox 3406 2105 3498 2155; x_wconf 81' lang='grc' dir='ltr'><strong>τοῦ</strong></span> <span class='ocrx_word' id='word_1_287' title='bbox 3549 2098 3762 2178; x_wconf 84' lang='grc' dir='ltr'>ἀγραμ-</span> 
     </span>
    </p>
   </div>
   <div class='ocr_carea' id='block_1_37' title="bbox 372 2185 2007 2271">
    <p class='ocr_par' dir='ltr' id='par_1_37' title="bbox 372 2185 2007 2271">
     <span class='ocr_line' id='line_1_38' title="bbox 372 2185 2007 2271; baseline -0.004 -16"><span class='ocrx_word' id='word_1_288' title='bbox 372 2203 520 2258; x_wconf 91' lang='lat' dir='ltr'><strong>tum.</strong></span> <span class='ocrx_word' id='word_1_289' title='bbox 579 2189 736 2271; x_wconf 86' lang='lat' dir='ltr'><strong>[Heu</strong></span> <span class='ocrx_word' id='word_1_290' title='bbox 797 2185 1159 2248; x_wconf 92' lang='lat' dir='ltr'><strong>dementiam</strong></span> <span class='ocrx_word' id='word_1_291' title='bbox 1219 2186 1524 2248; x_wconf 87' lang='lat' dir='ltr'><strong>illiterati!</strong></span> <span class='ocrx_word' id='word_1_292' title='bbox 1586 2185 1794 2267; x_wconf 90' lang='lat' dir='ltr'><strong>Neque</strong></span> <span class='ocrx_word' id='word_1_293' title='bbox 1856 2204 2007 2248; x_wconf 57' lang='lat' dir='ltr'><strong>erant</strong></span> 
     </span>
    </p>
   </div>
   <div class='ocr_carea' id='block_1_38' title="bbox 2091 2185 3762 2271">
    <p class='ocr_par' dir='ltr' id='par_1_38' title="bbox 2108 2185 3762 2268">
     <span class='ocr_line' id='line_1_39' title="bbox 2108 2185 3762 2268; baseline 0 -26"><span class='ocrx_word' id='word_1_294' title='bbox 2108 2187 2276 2261; x_wconf 83' lang='grc' dir='ltr'>μάτου</span> <span class='ocrx_word' id='word_1_295' title='bbox 2310 2186 2434 2268; x_wconf 58' lang='grc' dir='ltr'><strong>(Ἡ)</strong></span> <span class='ocrx_word' id='word_1_296' title='bbox 2474 2187 2521 2268; x_wconf 72' lang='grc' dir='ltr'><strong>Ῑ]</strong></span> <span class='ocrx_word' id='word_1_297' title='bbox 2585 2190 2682 2246; x_wconf 83' lang='grc' dir='ltr'>Καὶ</span> <span class='ocrx_word' id='word_1_298' title='bbox 2740 2191 2837 2246; x_wconf 73' lang='grc' dir='ltr'>οὐκ</span> <span class='ocrx_word' id='word_1_299' title='bbox 2890 2188 2955 2256; x_wconf 82' lang='grc' dir='ltr'>ἧν</span> <span class='ocrx_word' id='word_1_300' title='bbox 3002 2185 3175 2264; x_wconf 75' lang='grc' dir='ltr'>ἄζυμα</span> <span class='ocrx_word' id='word_1_301' title='bbox 3217 2189 3356 2245; x_wconf 85' lang='grc' dir='ltr'>κατά</span> <span class='ocrx_word' id='word_1_302' title='bbox 3383 2189 3480 2256; x_wconf 80' lang='grc' dir='ltr'>τὴν</span> <span class='ocrx_word' id='word_1_303' title='bbox 3511 2188 3762 2264; x_wconf 79' lang='grc' dir='ltr'>πέμπτην</span> 
     </span>
    </p>
   </div>
   <div class='ocr_carea' id='block_1_39' title="bbox 369 2275 2007 2364">
    <p class='ocr_par' dir='ltr' id='par_1_39' title="bbox 369 2275 2007 2364">
     <span class='ocr_line' id='line_1_40' title="bbox 369 2275 2007 2364; baseline -0.005 -18"><span class='ocrx_word' id='word_1_304' title='bbox 369 2284 587 2364; x_wconf 82' lang='lat' dir='ltr'><strong>Azyma</strong></span> <span class='ocrx_word' id='word_1_305' title='bbox 617 2297 725 2360; x_wconf 90' lang='lat' dir='ltr'><strong>per</strong></span> <span class='ocrx_word' id='word_1_306' title='bbox 750 2277 911 2338; x_wconf 68' lang='lat' dir='ltr'><strong>illam</strong></span> <span class='ocrx_word' id='word_1_307' title='bbox 945 2276 1210 2356; x_wconf 88' lang='lat' dir='ltr'><strong>quintam</strong></span> <span class='ocrx_word' id='word_1_308' title='bbox 1251 2275 1486 2345; x_wconf 77' lang='lat' dir='ltr'><strong>feriam,</strong></span> <span class='ocrx_word' id='word_1_309' title='bbox 1540 2276 2007 2356; x_wconf 71' lang='lat' dir='ltr'><strong>quandoquidem</strong></span> 
     </span>
    </p>
   </div>
   <div class='ocr_carea' id='block_1_40' title="bbox 2091 2275 3760 2364">
    <p class='ocr_par' dir='ltr' id='par_1_40' title="bbox 2107 2276 3760 2364">
     <span class='ocr_line' id='line_1_41' title="bbox 2107 2276 3760 2364; baseline -0.001 -32"><span class='ocrx_word' id='word_1_310' title='bbox 2107 2277 2334 2352; x_wconf 79' lang='grc' dir='ltr'>ἐκείνην,</span> <span class='ocrx_word' id='word_1_311' title='bbox 2396 2277 2883 2364; x_wconf 77' lang='grc' dir='ltr'>τρισκαιδεκαταίας</span> <span class='ocrx_word' id='word_1_312' title='bbox 2933 2278 3092 2345; x_wconf 69' lang='grc' dir='ltr'>οὔσης</span> <span class='ocrx_word' id='word_1_313' title='bbox 3150 2284 3250 2346; x_wconf 78' lang='grc' dir='ltr'><strong>της</strong></span> <span class='ocrx_word' id='word_1_314' title='bbox 3308 2276 3566 2348; x_wconf 79' lang='grc' dir='ltr'>σελήνης.</span> <span class='ocrx_word' id='word_1_315' title='bbox 3615 2279 3760 2338; x_wconf 80' lang='grc' dir='ltr'>Κατά</span> 
     </span>
    </p>
   </div>
   <div class='ocr_carea' id='block_1_41' title="bbox 369 2357 2007 2444">
    <p class='ocr_par' dir='ltr' id='par_1_41' title="bbox 369 2357 2007 2444">
     <span class='ocr_line' id='line_1_42' title="bbox 369 2357 2007 2444; baseline -0.006 -9"><span class='ocrx_word' id='word_1_316' title='bbox 369 2357 510 2435; x_wconf 76' lang='lat' dir='ltr'><strong>luna</strong></span> <span class='ocrx_word' id='word_1_317' title='bbox 538 2357 840 2432; x_wconf 75' lang='lat' dir='ltr'><strong>decimum</strong></span> <span class='ocrx_word' id='word_1_318' title='bbox 895 2365 1132 2426; x_wconf 90' lang='lat' dir='ltr'><strong>tertium</strong></span> <span class='ocrx_word' id='word_1_319' title='bbox 1166 2364 1376 2444; x_wconf 85' lang='lat' dir='ltr'><strong>agebat</strong></span> <span class='ocrx_word' id='word_1_320' title='bbox 1419 2365 1602 2426; x_wconf 89' lang='lat' dir='ltr'><strong>diem.</strong></span> <span class='ocrx_word' id='word_1_321' title='bbox 1647 2364 1889 2427; x_wconf 88' lang='lat' dir='ltr'><strong>Scilicet</strong></span> <span class='ocrx_word' id='word_1_322' title='bbox 1919 2383 2007 2426; x_wconf 92' lang='lat' dir='ltr'><strong>so-</strong></span> 
     </span>
    </p>
   </div>
   <div class='ocr_carea' id='block_1_42' title="bbox 2091 2357 3759 2444">
    <p class='ocr_par' dir='ltr' id='par_1_42' title="bbox 2105 2357 3759 2444">
     <span class='ocr_line' id='line_1_43' title="bbox 2105 2357 3759 2444; baseline -0.001 -23"><span class='ocrx_word' id='word_1_323' title='bbox 2105 2366 2206 2444; x_wconf 81' lang='grc' dir='ltr'>γὰρ</span> <span class='ocrx_word' id='word_1_324' title='bbox 2261 2367 2362 2432; x_wconf 77' lang='grc' dir='ltr'>τὴν</span> <span class='ocrx_word' id='word_1_325' title='bbox 2423 2357 2489 2422; x_wconf 79' lang='grc' dir='ltr'><strong>ιεΙ</strong></span> <span class='ocrx_word' id='word_1_326' title='bbox 2545 2369 2709 2434; x_wconf 70' lang='grc' dir='ltr'>αὐτῆς</span> <span class='ocrx_word' id='word_1_327' title='bbox 2770 2368 3144 2444; x_wconf 86' lang='grc' dir='ltr'>νενομισμένον</span> <span class='ocrx_word' id='word_1_328' title='bbox 3188 2368 3252 2435; x_wconf 80' lang='grc' dir='ltr'>ἧν</span> <span class='ocrx_word' id='word_1_329' title='bbox 3302 2368 3367 2422; x_wconf 85' lang='grc' dir='ltr'>τὰ</span> <span class='ocrx_word' id='word_1_330' title='bbox 3410 2364 3579 2442; x_wconf 76' lang='grc' dir='ltr'>ἄζυμα</span> <span class='ocrx_word' id='word_1_331' title='bbox 3620 2366 3759 2444; x_wconf 79' lang='grc' dir='ltr'>γίνε-</span> 
     </span>
    </p>
   </div>
   <div class='ocr_carea' id='block_1_43' title="bbox 371 2445 2007 2536">
    <p class='ocr_par' dir='ltr' id='par_1_43' title="bbox 371 2455 2007 2536">
     <span class='ocr_line' id='line_1_44' title="bbox 371 2455 2007 2536; baseline -0.006 -12"><span class='ocrx_word' id='word_1_332' title='bbox 371 2460 586 2524; x_wconf 91' lang='lat' dir='ltr'><strong>lemnis</strong></span> <span class='ocrx_word' id='word_1_333' title='bbox 617 2475 743 2519; x_wconf 92' lang='lat' dir='ltr'><strong>mos</strong></span> <span class='ocrx_word' id='word_1_334' title='bbox 773 2461 918 2529; x_wconf 87' lang='lat' dir='ltr'><strong>erat,</strong></span> <span class='ocrx_word' id='word_1_335' title='bbox 948 2455 1184 2516; x_wconf 88' lang='lat' dir='ltr'><strong>decima</strong></span> <span class='ocrx_word' id='word_1_336' title='bbox 1212 2458 1418 2534; x_wconf 90' lang='lat' dir='ltr'><strong>quinta</strong></span> <span class='ocrx_word' id='word_1_337' title='bbox 1448 2455 1606 2516; x_wconf 63' lang='lat' dir='ltr'><strong>luna;</strong></span> <span class='ocrx_word' id='word_1_338' title='bbox 1630 2460 1845 2536; x_wconf 78' lang='lat' dir='ltr'><strong>Azyma</strong></span> <span class='ocrx_word' id='word_1_339' title='bbox 1877 2474 2007 2516; x_wconf 90' lang='lat' dir='ltr'><strong>con-</strong></span> 
     </span>
    </p>
   </div>
   <div class='ocr_carea' id='block_1_44' title="bbox 2091 2445 3751 2536">
    <p class='ocr_par' dir='ltr' id='par_1_44' title="bbox 2108 2445 3751 2535">
     <span class='ocr_line' id='line_1_45' title="bbox 2108 2445 3751 2535; baseline 0 -25"><span class='ocrx_word' id='word_1_340' title='bbox 2108 2458 2248 2535; x_wconf 78' lang='grc' dir='ltr'>σθαι,</span> <span class='ocrx_word' id='word_1_341' title='bbox 2303 2455 2482 2534; x_wconf 83' lang='grc' dir='ltr'>ὥσπερ</span> <span class='ocrx_word' id='word_1_342' title='bbox 2538 2457 2625 2512; x_wconf 82' lang='grc' dir='ltr'><strong>καὶ</strong></span> <span class='ocrx_word' id='word_1_343' title='bbox 2685 2459 2776 2512; x_wconf 77' lang='grc' dir='ltr'>τὸν</span> <span class='ocrx_word' id='word_1_344' title='bbox 2833 2457 3000 2532; x_wconf 82' lang='grc' dir='ltr'>ἀμνὸν</span> <span class='ocrx_word' id='word_1_345' title='bbox 3056 2457 3193 2512; x_wconf 83' lang='grc' dir='ltr'>κατὰ</span> <span class='ocrx_word' id='word_1_346' title='bbox 3247 2457 3343 2524; x_wconf 75' lang='grc' dir='ltr'><strong>τὴν</strong></span> <span class='ocrx_word' id='word_1_347' title='bbox 3403 2445 3472 2512; x_wconf 76' lang='grc' dir='ltr'><strong>ιδ’</strong></span> <span class='ocrx_word' id='word_1_348' title='bbox 3523 2457 3751 2531; x_wconf 77' lang='grc' dir='ltr'>θύεσθαι,</span> 
     </span>
    </p>
   </div>
   <div class='ocr_carea' id='block_1_45' title="bbox 369 2542 2007 2625">
    <p class='ocr_par' dir='ltr' id='par_1_45' title="bbox 369 2544 2007 2625">
     <span class='ocr_line' id='line_1_46' title="bbox 369 2544 2007 2625; baseline -0.008 -11"><span class='ocrx_word' id='word_1_349' title='bbox 369 2551 491 2625; x_wconf 85' lang='lat' dir='ltr'><strong>ﬁci,</strong></span> <span class='ocrx_word' id='word_1_350' title='bbox 518 2558 583 2612; x_wconf 93' lang='lat' dir='ltr'><strong>ut</strong></span> <span class='ocrx_word' id='word_1_351' title='bbox 613 2556 670 2610; x_wconf 92' lang='lat' dir='ltr'><strong>et</strong></span> <span class='ocrx_word' id='word_1_352' title='bbox 700 2564 912 2625; x_wconf 79' lang='lat' dir='ltr'><strong>agnum</strong></span> <span class='ocrx_word' id='word_1_353' title='bbox 958 2544 1190 2605; x_wconf 89' lang='lat' dir='ltr'><strong>decima</strong></span> <span class='ocrx_word' id='word_1_354' title='bbox 1223 2551 1431 2624; x_wconf 90' lang='lat' dir='ltr'><strong>quarta</strong></span> <span class='ocrx_word' id='word_1_355' title='bbox 1479 2545 1745 2612; x_wconf 80' lang='lat' dir='ltr'><strong>mactari.</strong></span> <span class='ocrx_word' id='word_1_356' title='bbox 1800 2544 1861 2605; x_wconf 90' lang='lat' dir='ltr'><strong>in</strong></span> <span class='ocrx_word' id='word_1_357' title='bbox 1911 2563 2007 2625; x_wconf 72' lang='lat' dir='ltr'><strong>qu:</strong></span> 
     </span>
    </p>
   </div>
   <div class='ocr_carea' id='block_1_46' title="bbox 2091 2542 3756 2625">
    <p class='ocr_par' dir='ltr' id='par_1_46' title="bbox 2106 2542 3756 2625">
     <span class='ocr_line' id='line_1_47' title="bbox 2106 2542 3756 2625; baseline 0.001 -26"><span class='ocrx_word' id='word_1_358' title='bbox 2106 2542 2222 2600; x_wconf 87' lang='grc' dir='ltr'>καθ’</span> <span class='ocrx_word' id='word_1_359' title='bbox 2267 2545 2334 2611; x_wconf 77' lang='grc' dir='ltr'>ἣν</span> <span class='ocrx_word' id='word_1_360' title='bbox 2389 2545 2540 2612; x_wconf 83' lang='grc' dir='ltr'>ὲθύθη</span> <span class='ocrx_word' id='word_1_361' title='bbox 2603 2549 2630 2602; x_wconf 90' lang='lat'><strong>6</strong></span> <span class='ocrx_word' id='word_1_362' title='bbox 2684 2548 2907 2625; x_wconf 79' lang='grc' dir='ltr'>Χριστὸς</span> <span class='ocrx_word' id='word_1_363' title='bbox 2973 2569 3000 2600; x_wconf 75' lang='grc' dir='ltr'><strong>α</strong></span> <span class='ocrx_word' id='word_1_364' title='bbox 3061 2548 3088 2601; x_wconf 97' lang='lat'><strong>6</strong></span> <span class='ocrx_word' id='word_1_365' title='bbox 3142 2543 3338 2621; x_wconf 85' lang='grc' dir='ltr'>Ἀμνὸς</span> <span class='ocrx_word' id='word_1_366' title='bbox 3395 2555 3487 2604; x_wconf 80' lang='grc' dir='ltr'>τοῦ</span> <span class='ocrx_word' id='word_1_367' title='bbox 3542 2552 3692 2619; x_wconf 77' lang='grc' dir='ltr'>Θεοῦ,</span> <span class='ocrx_word' id='word_1_368' title='bbox 3729 2547 3756 2600; x_wconf 89' lang='lat'><strong>6</strong></span> 
     </span>
    </p>
   </div>
   <div class='ocr_carea' id='block_1_47' title="bbox 370 2632 2007 2714">
    <p class='ocr_par' dir='ltr' id='par_1_47' title="bbox 370 2633 2007 2714">
     <span class='ocr_line' id='line_1_48' title="bbox 370 2633 2007 2714; baseline -0.005 -10"><span class='ocrx_word' id='word_1_369' title='bbox 370 2648 656 2703; x_wconf 89' lang='lat' dir='ltr'><strong>mactatus</strong></span> <span class='ocrx_word' id='word_1_370' title='bbox 687 2645 775 2699; x_wconf 89' lang='lat' dir='ltr'><strong>est</strong></span> <span class='ocrx_word' id='word_1_371' title='bbox 798 2633 1068 2697; x_wconf 85' lang='lat' dir='ltr'><strong>Christus</strong></span> <span class='ocrx_word' id='word_1_372' title='bbox 1083 2636 1293 2712; x_wconf 85' lang='lat' dir='ltr'><strong>Agnus</strong></span> <span class='ocrx_word' id='word_1_373' title='bbox 1329 2634 1457 2708; x_wconf 91' lang='lat' dir='ltr'><strong>Dei,</strong></span> <span class='ocrx_word' id='word_1_374' title='bbox 1481 2635 1589 2714; x_wconf 88' lang='lat' dir='ltr'><strong>qui</strong></span> <span class='ocrx_word' id='word_1_375' title='bbox 1621 2634 1779 2696; x_wconf 81' lang='lat' dir='ltr'><strong>toll-it</strong></span> <span class='ocrx_word' id='word_1_376' title='bbox 1809 2651 2007 2712; x_wconf 80' lang='lat' dir='ltr'><strong>pecca-</strong></span> 
     </span>
    </p>
   </div>
   <div class='ocr_carea' id='block_1_48' title="bbox 2091 2632 3757 2714">
    <p class='ocr_par' dir='ltr' id='par_1_48' title="bbox 2109 2632 3757 2714">
     <span class='ocr_line' id='line_1_49' title="bbox 2109 2632 3757 2714; baseline 0.001 -26"><span class='ocrx_word' id='word_1_377' title='bbox 2109 2632 2278 2712; x_wconf 68' lang='grc' dir='ltr'>αἿρων</span> <span class='ocrx_word' id='word_1_378' title='bbox 2345 2634 2445 2701; x_wconf 77' lang='grc' dir='ltr'>τὴν</span> <span class='ocrx_word' id='word_1_379' title='bbox 2501 2636 2758 2714; x_wconf 82' lang='grc' dir='ltr'>ἁμαρτίαν</span> <span class='ocrx_word' id='word_1_380' title='bbox 2812 2646 2903 2694; x_wconf 81' lang='grc' dir='ltr'><strong>τοῦ</strong></span> <span class='ocrx_word' id='word_1_381' title='bbox 2959 2635 3181 2710; x_wconf 87' lang='grc' dir='ltr'>κόσμου.</span> <span class='ocrx_word' id='word_1_382' title='bbox 3231 2653 3262 2694; x_wconf 70' lang='grc'><strong>&gt;</strong></span> <span class='ocrx_word' id='word_1_383' title='bbox 3310 2637 3368 2691; x_wconf 80' lang='grc' dir='ltr'><strong>Εἰ</strong></span> <span class='ocrx_word' id='word_1_384' title='bbox 3424 2633 3477 2690; x_wconf 79' lang='grc' dir='ltr'><strong>δὲ</strong></span> <span class='ocrx_word' id='word_1_385' title='bbox 3536 2636 3757 2714; x_wconf 80' lang='grc' dir='ltr'>Χριστὸς</span> 
     </span>
    </p>
   </div>
   <div class='ocr_carea' id='block_1_49' title="bbox 368 2721 2007 2805">
    <p class='ocr_par' dir='ltr' id='par_1_49' title="bbox 368 2721 2007 2794">
     <span class='ocr_line' id='line_1_50' title="bbox 368 2721 2007 2794; baseline -0.005 -1"><span class='ocrx_word' id='word_1_386' title='bbox 368 2739 494 2793; x_wconf 83' lang='lat' dir='ltr'><strong>tum</strong></span> <span class='ocrx_word' id='word_1_387' title='bbox 524 2728 740 2790; x_wconf 84' lang='lat' dir='ltr'><strong>mundi</strong></span> <span class='ocrx_word' id='word_1_388' title='bbox 779 2723 859 2784; x_wconf 74' lang='grc'><strong>19.</strong></span> <span class='ocrx_word' id='word_1_389' title='bbox 888 2721 1055 2794; x_wconf 89' lang='lat' dir='ltr'><strong>Quod</strong></span> <span class='ocrx_word' id='word_1_390' title='bbox 1089 2722 1140 2784; x_wconf 92' lang='lat' dir='ltr'><strong>si</strong></span> <span class='ocrx_word' id='word_1_391' title='bbox 1171 2721 1443 2784; x_wconf 87' lang='lat' dir='ltr'><strong>Christus</strong></span> <span class='ocrx_word' id='word_1_392' title='bbox 1491 2731 1777 2785; x_wconf 89' lang='lat' dir='ltr'><strong>mactatus</strong></span> <span class='ocrx_word' id='word_1_393' title='bbox 1811 2721 1918 2784; x_wconf 79' lang='lat' dir='ltr'><strong>fuit</strong></span> <span class='ocrx_word' id='word_1_394' title='bbox 1965 2739 2007 2785; x_wconf 64' lang='lat' dir='ltr'><strong>et</strong></span> 
     </span>
    </p>
   </div>
   <div class='ocr_carea' id='block_1_50' title="bbox 2091 2721 3757 2805">
    <p class='ocr_par' dir='ltr' id='par_1_50' title="bbox 2107 2721 3757 2805">
     <span class='ocr_line' id='line_1_51' title="bbox 2107 2721 3757 2805; baseline 0.002 -28"><span class='ocrx_word' id='word_1_395' title='bbox 2107 2721 2258 2790; x_wconf 81' lang='grc' dir='ltr'>ἐθύθη</span> <span class='ocrx_word' id='word_1_396' title='bbox 2334 2726 2422 2780; x_wconf 84' lang='grc' dir='ltr'>καὶ</span> <span class='ocrx_word' id='word_1_397' title='bbox 2505 2724 2804 2805; x_wconf 80' lang='grc' dir='ltr'>ἐσταυρώοη</span> <span class='ocrx_word' id='word_1_398' title='bbox 2876 2731 2944 2802; x_wconf 79' lang='grc' dir='ltr'>τῇ</span> <span class='ocrx_word' id='word_1_399' title='bbox 3031 2721 3576 2804; x_wconf 80' lang='grc' dir='ltr'>τεσσαρεσκαιδεκάτῃ</span> <span class='ocrx_word' id='word_1_400' title='bbox 3658 2726 3757 2790; x_wconf 75' lang='grc' dir='ltr'><strong>τῆς</strong></span> 
     </span>
    </p>
   </div>
   <div class='ocr_carea' id='block_1_51' title="bbox 369 2811 2007 2894">
    <p class='ocr_par' dir='ltr' id='par_1_51' title="bbox 369 2811 2007 2892">
     <span class='ocr_line' id='line_1_52' title="bbox 369 2811 2007 2892; baseline -0.005 -10"><span class='ocrx_word' id='word_1_401' title='bbox 369 2819 683 2882; x_wconf 90' lang='lat' dir='ltr'><strong>cruciﬁxus</strong></span> <span class='ocrx_word' id='word_1_402' title='bbox 706 2811 1102 2876; x_wconf 74' lang='lat' dir='ltr'><strong>lunaedecima</strong></span> <span class='ocrx_word' id='word_1_403' title='bbox 1125 2819 1352 2892; x_wconf 89' lang='lat' dir='ltr'><strong>quarta,</strong></span> <span class='ocrx_word' id='word_1_404' title='bbox 1374 2814 1732 2874; x_wconf 87' lang='lat' dir='ltr'><strong>Parasceves</strong></span> <span class='ocrx_word' id='word_1_405' title='bbox 1753 2811 2007 2888; x_wconf 37' lang='lat' dir='ltr'><strong>die,Sahl</strong></span> 
     </span>
    </p>
   </div>
   <div class='ocr_carea' id='block_1_52' title="bbox 2091 2811 3756 2894">
    <p class='ocr_par' dir='ltr' id='par_1_52' title="bbox 2106 2811 3756 2894">
     <span class='ocr_line' id='line_1_53' title="bbox 2106 2811 3756 2894; baseline 0.001 -28"><span class='ocrx_word' id='word_1_406' title='bbox 2106 2811 2338 2882; x_wconf 86' lang='grc' dir='ltr'>σελήνης</span> <span class='ocrx_word' id='word_1_407' title='bbox 2395 2816 2533 2870; x_wconf 76' lang='grc' dir='ltr'>κατὰ</span> <span class='ocrx_word' id='word_1_408' title='bbox 2589 2816 2689 2882; x_wconf 71' lang='grc' dir='ltr'>τὴν</span> <span class='ocrx_word' id='word_1_409' title='bbox 2743 2813 2945 2894; x_wconf 78' lang='grc' dir='ltr'>ἡμέραν</span> <span class='ocrx_word' id='word_1_410' title='bbox 3001 2817 3098 2880; x_wconf 85' lang='grc' dir='ltr'>της</span> <span class='ocrx_word' id='word_1_411' title='bbox 3160 2813 3524 2893; x_wconf 68' lang='grc' dir='ltr'>Παραπευῆς,</span> <span class='ocrx_word' id='word_1_412' title='bbox 3585 2813 3646 2869; x_wconf 82' lang='grc' dir='ltr'>τὸ</span> <span class='ocrx_word' id='word_1_413' title='bbox 3702 2811 3756 2868; x_wconf 79' lang='grc' dir='ltr'><strong>δὲ</strong></span> 
     </span>
    </p>
   </div>
   <div class='ocr_carea' id='block_1_53' title="bbox 371 2898 2007 2984">
    <p class='ocr_par' dir='ltr' id='par_1_53' title="bbox 371 2901 2007 2982">
     <span class='ocr_line' id='line_1_54' title="bbox 371 2901 2007 2982; baseline -0.005 -12"><span class='ocrx_word' id='word_1_414' title='bbox 371 2909 574 2970; x_wconf 85' lang='lat' dir='ltr'><strong>batum</strong></span> <span class='ocrx_word' id='word_1_415' title='bbox 617 2922 755 2968; x_wconf 84' lang='lat' dir='ltr'><strong>vero</strong></span> <span class='ocrx_word' id='word_1_416' title='bbox 810 2904 1025 2966; x_wconf 75' lang='lat' dir='ltr'><strong>festum</strong></span> <span class='ocrx_word' id='word_1_417' title='bbox 1075 2901 1428 2980; x_wconf 81' lang='lat' dir='ltr'><strong>Azymorum</strong></span> <span class='ocrx_word' id='word_1_418' title='bbox 1477 2903 2007 2982; x_wconf 25' lang='lat' dir='ltr'><strong>est,,quandonam</strong></span> 
     </span>
    </p>
   </div>
   <div class='ocr_carea' id='block_1_54' title="bbox 2091 2898 3753 2984">
    <p class='ocr_par' dir='ltr' id='par_1_54' title="bbox 2105 2898 3753 2984">
     <span class='ocr_line' id='line_1_55' title="bbox 2105 2898 3753 2984; baseline 0.008 -29"><span class='ocrx_word' id='word_1_419' title='bbox 2105 2898 2376 2957; x_wconf 77' lang='grc' dir='ltr'>Σάϐϐατόν</span> <span class='ocrx_word' id='word_1_420' title='bbox 2405 2902 2514 2959; x_wconf 80' lang='grc' dir='ltr'>ἐστι</span> <span class='ocrx_word' id='word_1_421' title='bbox 2545 2910 2652 2960; x_wconf 72' lang='grc' dir='ltr'><strong>τῶιι</strong></span> <span class='ocrx_word' id='word_1_422' title='bbox 2682 2903 2922 2980; x_wconf 80' lang='grc' dir='ltr'>Ἀζύμων</span> <span class='ocrx_word' id='word_1_423' title='bbox 2959 2905 2993 2971; x_wconf 80' lang='grc' dir='ltr'><strong>ἡ</strong></span> <span class='ocrx_word' id='word_1_424' title='bbox 3054 2905 3209 2984; x_wconf 80' lang='grc' dir='ltr'>ἑορτή</span> <span class='ocrx_word' id='word_1_425' title='bbox 3245 2920 3258 2934; x_wconf 89' lang='grc'><strong>⁹</strong></span> <span class='ocrx_word' id='word_1_426' title='bbox 3321 2903 3450 2958; x_wconf 80' lang='grc' dir='ltr'>πότε</span> <span class='ocrx_word' id='word_1_427' title='bbox 3486 2903 3552 2956; x_wconf 66' lang='grc' dir='ltr'>τὰ</span> <span class='ocrx_word' id='word_1_428' title='bbox 3584 2898 3753 2975; x_wconf 73' lang='grc' dir='ltr'>ἄζυμα</span> 
     </span>
    </p>
   </div>
   <div class='ocr_carea' id='block_1_55' title="bbox 367 2987 2007 3079">
    <p class='ocr_par' dir='ltr' id='par_1_55' title="bbox 367 2989 2007 3079">
     <span class='ocr_line' id='line_1_56' title="bbox 367 2989 2007 3079; baseline -0.005 -18"><span class='ocrx_word' id='word_1_429' title='bbox 367 3001 585 3079; x_wconf 82' lang='lat' dir='ltr'><strong>Azyma</strong></span> <span class='ocrx_word' id='word_1_430' title='bbox 637 2991 1046 3055; x_wconf 82' lang='lat' dir='ltr'><strong>manducavit?</strong></span> <span class='ocrx_word' id='word_1_431' title='bbox 1103 2999 1161 3051; x_wconf 94' lang='lat' dir='ltr'><strong>et</strong></span> <span class='ocrx_word' id='word_1_432' title='bbox 1210 2990 1446 3070; x_wconf 58' lang='lat' dir='ltr'><strong>quanio</strong></span> <span class='ocrx_word' id='word_1_433' title='bbox 1483 2989 1790 3079; x_wconf 84' lang='lat' dir='ltr'><strong>apostolis</strong></span> <span class='ocrx_word' id='word_1_434' title='bbox 1836 2999 1900 3051; x_wconf 90' lang='lat' dir='ltr'><strong>ut</strong></span> <span class='ocrx_word' id='word_1_435' title='bbox 1945 3007 2007 3052; x_wconf 84' lang='lat' dir='ltr'><strong>ea</strong></span> 
     </span>
    </p>
   </div>
   <div class='ocr_carea' id='block_1_56' title="bbox 2091 2987 3750 3079">
    <p class='ocr_par' dir='ltr' id='par_1_56' title="bbox 2097 2987 3750 3079">
     <span class='ocr_line' id='line_1_57' title="bbox 2097 2987 3750 3079; baseline -0.001 -35"><span class='ocrx_word' id='word_1_436' title='bbox 2097 2987 2280 3070; x_wconf 75' lang='grc' dir='ltr'>ἔφαγε,</span> <span class='ocrx_word' id='word_1_437' title='bbox 2348 2993 2434 3049; x_wconf 88' lang='grc' dir='ltr'>καὶ</span> <span class='ocrx_word' id='word_1_438' title='bbox 2490 2993 2620 3049; x_wconf 86' lang='grc' dir='ltr'>πότε</span> <span class='ocrx_word' id='word_1_439' title='bbox 2681 3002 2845 3049; x_wconf 73' lang='grc' dir='ltr'>ταῦτα</span> <span class='ocrx_word' id='word_1_440' title='bbox 2917 3007 3033 3058; x_wconf 77' lang='grc' dir='ltr'>τοῖς</span> <span class='ocrx_word' id='word_1_441' title='bbox 3093 2990 3409 3079; x_wconf 77' lang='grc' dir='ltr'>ἀποστόλοις</span> <span class='ocrx_word' id='word_1_442' title='bbox 3465 3002 3642 3047; x_wconf 72' lang='grc' dir='ltr'>ποιεῖν</span> <span class='ocrx_word' id='word_1_443' title='bbox 3695 2989 3750 3044; x_wconf 82' lang='grc' dir='ltr'>ἐν</span> 
     </span>
    </p>
   </div>
   <div class='ocr_carea' id='block_1_57' title="bbox 366 3063 2007 3164">
    <p class='ocr_par' dir='ltr' id='par_1_57' title="bbox 366 3063 2007 3151">
     <span class='ocr_line' id='line_1_58' title="bbox 366 3063 2007 3151; baseline -0.008 0"><span class='ocrx_word' id='word_1_444' title='bbox 366 3063 630 3150; x_wconf 69' lang='lat' dir='ltr'><strong>facerent</strong></span> <span class='ocrx_word' id='word_1_445' title='bbox 659 3085 717 3145; x_wconf 91' lang='lat' dir='ltr'><strong>in</strong></span> <span class='ocrx_word' id='word_1_446' title='bbox 750 3081 908 3144; x_wconf 89' lang='lat' dir='ltr'><strong>Novo</strong></span> <span class='ocrx_word' id='word_1_447' title='bbox 940 3063 1318 3141; x_wconf 78' lang='lat' dir='ltr'><strong>Testamento</strong></span> <span class='ocrx_word' id='word_1_448' title='bbox 1371 3063 1658 3141; x_wconf 83' lang='lat' dir='ltr'><strong>tradidit?</strong></span> <span class='ocrx_word' id='word_1_449' title='bbox 1689 3078 1835 3151; x_wconf 87' lang='lat' dir='ltr'><strong>Quia</strong></span> <span class='ocrx_word' id='word_1_450' title='bbox 1857 3079 2007 3140; x_wconf 91' lang='lat' dir='ltr'><strong>dici-</strong></span> 
     </span>
    </p>
   </div>
   <div class='ocr_carea' id='block_1_58' title="bbox 2091 3063 3748 3164">
    <p class='ocr_par' dir='ltr' id='par_1_58' title="bbox 2096 3063 3748 3164">
     <span class='ocr_line' id='line_1_59' title="bbox 2096 3063 3748 3164; baseline -0.001 -30"><span class='ocrx_word' id='word_1_451' title='bbox 2096 3085 2164 3155; x_wconf 78' lang='grc' dir='ltr'><strong>τῇ</strong></span> <span class='ocrx_word' id='word_1_452' title='bbox 2205 3087 2362 3158; x_wconf 76' lang='grc' dir='ltr'>καινῇ</span> <span class='ocrx_word' id='word_1_453' title='bbox 2401 3085 2638 3161; x_wconf 78' lang='grc' dir='ltr'>Διαθήκῃ</span> <span class='ocrx_word' id='word_1_454' title='bbox 2667 3081 2967 3162; x_wconf 79' lang='grc' dir='ltr'>παρέδωκεν</span> <span class='ocrx_word' id='word_1_455' title='bbox 3001 3103 3017 3164; x_wconf 80' lang='grc'>;</span> <span class='ocrx_word' id='word_1_456' title='bbox 3063 3081 3143 3138; x_wconf 82' lang='grc' dir='ltr'><strong>ὅτι</strong></span> <span class='ocrx_word' id='word_1_457' title='bbox 3191 3083 3258 3138; x_wconf 76' lang='grc' dir='ltr'>τὰ</span> <span class='ocrx_word' id='word_1_458' title='bbox 3287 3063 3511 3160; x_wconf 47' lang='lat' dir='ltr'><strong>Cacum,</strong></span> <span class='ocrx_word' id='word_1_459' title='bbox 3540 3079 3748 3158; x_wconf 81' lang='grc' dir='ltr'>λέγετε,</span> 
     </span>
    </p>
   </div>
   <div class='ocr_carea' id='block_1_59' title="bbox 366 3167 2007 3255">
    <p class='ocr_par' dir='ltr' id='par_1_59' title="bbox 366 3167 2007 3255">
     <span class='ocr_line' id='line_1_60' title="bbox 366 3167 2007 3255; baseline -0.007 -14"><span class='ocrx_word' id='word_1_460' title='bbox 366 3179 723 3255; x_wconf 80' lang='lat' dir='ltr'><strong>tiszAzyma</strong></span> <span class='ocrx_word' id='word_1_461' title='bbox 753 3173 947 3233; x_wconf 80' lang='lat' dir='ltr'><strong>facere</strong></span> <span class='ocrx_word' id='word_1_462' title='bbox 997 3168 1337 3248; x_wconf 89' lang='lat' dir='ltr'><strong>accepimus</strong></span> <span class='ocrx_word' id='word_1_463' title='bbox 1389 3168 1463 3229; x_wconf 90' lang='lat' dir='ltr'><strong>ab</strong></span> <span class='ocrx_word' id='word_1_464' title='bbox 1519 3169 1821 3249; x_wconf 90' lang='lat' dir='ltr'><strong>apostolis.</strong></span> <span class='ocrx_word' id='word_1_465' title='bbox 1856 3167 2007 3230; x_wconf 89' lang='lat' dir='ltr'><strong>Num</strong></span> 
     </span>
    </p>
   </div>
   <div class='ocr_carea' id='block_1_60' title="bbox 2091 3167 3746 3255">
    <p class='ocr_par' dir='ltr' id='par_1_60' title="bbox 2095 3169 3746 3252">
     <span class='ocr_line' id='line_1_61' title="bbox 2095 3169 3746 3252; baseline -0.001 -27"><span class='ocrx_word' id='word_1_466' title='bbox 2095 3172 2235 3248; x_wconf 74' lang='grc' dir='ltr'>παρὰ</span> <span class='ocrx_word' id='word_1_467' title='bbox 2263 3177 2368 3228; x_wconf 83' lang='grc' dir='ltr'><strong>τῶν</strong></span> <span class='ocrx_word' id='word_1_468' title='bbox 2396 3172 2706 3229; x_wconf 83' lang='grc' dir='ltr'>ἀποστόλων</span> <span class='ocrx_word' id='word_1_469' title='bbox 2748 3185 2926 3230; x_wconf 73' lang='grc' dir='ltr'>ποιεῖν</span> <span class='ocrx_word' id='word_1_470' title='bbox 2968 3169 3356 3252; x_wconf 75' lang='grc' dir='ltr'>παρελάϐομεν.</span> <span class='ocrx_word' id='word_1_471' title='bbox 3394 3171 3481 3225; x_wconf 67' lang='lat' dir='ltr'><strong>Mii</strong></span> <span class='ocrx_word' id='word_1_472' title='bbox 3513 3171 3649 3226; x_wconf 88' lang='grc' dir='ltr'><strong>κατά</strong></span> <span class='ocrx_word' id='word_1_473' title='bbox 3685 3172 3746 3224; x_wconf 84' lang='grc' dir='ltr'><strong>τὸ</strong></span> 
     </span>
    </p>
   </div>
   <div class='ocr_carea' id='block_1_61' title="bbox 367 3256 2007 3350">
    <p class='ocr_par' dir='ltr' id='par_1_61' title="bbox 367 3256 2007 3350">
     <span class='ocr_line' id='line_1_62' title="bbox 367 3256 2007 3350; baseline -0.007 -21"><span class='ocrx_word' id='word_1_474' title='bbox 367 3275 680 3350; x_wconf 89' lang='lat' dir='ltr'><strong>postquam</strong></span> <span class='ocrx_word' id='word_1_475' title='bbox 738 3258 1066 3350; x_wconf 76' lang='lat' dir='ltr'><strong>resurrexit</strong></span> <span class='ocrx_word' id='word_1_476' title='bbox 1105 3277 1138 3350; x_wconf 81' lang='lat' dir='ltr'><strong>a</strong></span> <span class='ocrx_word' id='word_1_477' title='bbox 1179 3256 1480 3350; x_wconf 83' lang='lat' dir='ltr'><strong>mortuis?</strong></span> <span class='ocrx_word' id='word_1_478' title='bbox 1536 3259 1750 3350; x_wconf 69' lang='lat' dir='ltr'><strong>Nonne</strong></span> <span class='ocrx_word' id='word_1_479' title='bbox 1797 3258 2007 3320; x_wconf 86' lang='lat' dir='ltr'><strong>videtis</strong></span> 
     </span>
    </p>
   </div>
   <div class='ocr_carea' id='block_1_62' title="bbox 2091 3256 3740 3350">
    <p class='ocr_par' dir='ltr' id='par_1_62' title="bbox 2093 3257 3740 3343">
     <span class='ocr_line' id='line_1_63' title="bbox 2093 3257 3740 3343; baseline 0.007 -31"><span class='ocrx_word' id='word_1_480' title='bbox 2093 3259 2380 3327; x_wconf 74' lang='grc' dir='ltr'>ἀναστῆναι</span> <span class='ocrx_word' id='word_1_481' title='bbox 2425 3262 2580 3318; x_wconf 73' lang='grc' dir='ltr'>αὐτὸν</span> <span class='ocrx_word' id='word_1_482' title='bbox 2610 3261 2669 3318; x_wconf 82' lang='grc' dir='ltr'>ἐκ</span> <span class='ocrx_word' id='word_1_483' title='bbox 2697 3268 2892 3342; x_wconf 80' lang='grc' dir='ltr'>νεκρῶν</span> <span class='ocrx_word' id='word_1_484' title='bbox 2929 3281 2944 3343; x_wconf 84' lang='grc'><strong>;</strong></span> <span class='ocrx_word' id='word_1_485' title='bbox 2991 3264 3106 3342; x_wconf 75' lang='grc' dir='ltr'><strong>Οὐχ</strong></span> <span class='ocrx_word' id='word_1_486' title='bbox 3135 3264 3288 3340; x_wconf 81' lang='grc' dir='ltr'>ὁρᾶτε</span> <span class='ocrx_word' id='word_1_487' title='bbox 3317 3265 3431 3324; x_wconf 82' lang='grc' dir='ltr'><strong>πῶς</strong></span> <span class='ocrx_word' id='word_1_488' title='bbox 3463 3257 3740 3339; x_wconf 75' lang='grc' dir='ltr'>προδήλως</span> 
     </span>
    </p>
   </div>
   <div class='ocr_carea' id='block_1_63' title="bbox 366 3346 1676 3440">
    <p class='ocr_par' dir='ltr' id='par_1_63' title="bbox 366 3346 1676 3440">
     <span class='ocr_line' id='line_1_64' title="bbox 366 3346 1676 3440; baseline -0.009 -21"><span class='ocrx_word' id='word_1_489' title='bbox 366 3346 542 3440; x_wconf 84' lang='lat' dir='ltr'><strong>quam</strong></span> <span class='ocrx_word' id='word_1_490' title='bbox 565 3361 770 3432; x_wconf 87' lang='lat' dir='ltr'><strong>aperte</strong></span> <span class='ocrx_word' id='word_1_491' title='bbox 799 3348 981 3410; x_wconf 86' lang='lat' dir='ltr'><strong>rebus</strong></span> <span class='ocrx_word' id='word_1_492' title='bbox 1012 3346 1158 3440; x_wconf 83' lang='lat' dir='ltr'><strong>ipsis</strong></span> <span class='ocrx_word' id='word_1_493' title='bbox 1187 3347 1624 3440; x_wconf 77' lang='lat' dir='ltr'><strong>convincamini</strong></span> <span class='ocrx_word' id='word_1_494' title='bbox 1645 3346 1676 3407; x_wconf 87' lang='lat'><strong>‘?</strong></span> 
     </span>
    </p>
   </div>
   <div class='ocr_carea' id='block_1_64' title="bbox 445 3435 2008 3518">
    <p class='ocr_par' dir='ltr' id='par_1_64' title="bbox 445 3435 2008 3518">
     <span class='ocr_line' id='line_1_65' title="bbox 445 3435 2008 3518; baseline -0.005 -10"><span class='ocrx_word' id='word_1_495' title='bbox 445 3446 543 3508; x_wconf 89' lang='grc'><strong>18.</strong></span> <span class='ocrx_word' id='word_1_496' title='bbox 576 3442 680 3504; x_wconf 87' lang='lat' dir='ltr'><strong>llis</strong></span> <span class='ocrx_word' id='word_1_497' title='bbox 703 3458 842 3518; x_wconf 81' lang='lat' dir='ltr'><strong>ergo</strong></span> <span class='ocrx_word' id='word_1_498' title='bbox 873 3439 1030 3498; x_wconf 90' lang='lat' dir='ltr'><strong>hunc</strong></span> <span class='ocrx_word' id='word_1_499' title='bbox 1061 3436 1120 3496; x_wconf 90' lang='lat' dir='ltr'><strong>in</strong></span> <span class='ocrx_word' id='word_1_500' title='bbox 1152 3437 1395 3498; x_wconf 92' lang='lat' dir='ltr'><strong>modum</strong></span> <span class='ocrx_word' id='word_1_501' title='bbox 1429 3436 1710 3517; x_wconf 87' lang='lat' dir='ltr'><strong>probatis,</strong></span> <span class='ocrx_word' id='word_1_502' title='bbox 1743 3435 2008 3500; x_wconf 87' lang='lat' dir='ltr'><strong>habesne</strong></span> 
     </span>
    </p>
   </div>
   <div class='ocr_carea' id='block_1_65' title="bbox 363 3524 2006 3618">
    <p class='ocr_par' dir='ltr' id='par_1_65' title="bbox 363 3524 2006 3618">
     <span class='ocr_line' id='line_1_66' title="bbox 363 3524 2006 3618; baseline -0.005 -20"><span class='ocrx_word' id='word_1_503' title='bbox 363 3535 519 3618; x_wconf 92' lang='lat' dir='ltr'><strong>quod</strong></span> <span class='ocrx_word' id='word_1_504' title='bbox 551 3532 622 3594; x_wconf 92' lang='lat' dir='ltr'><strong>ad</strong></span> <span class='ocrx_word' id='word_1_505' title='bbox 653 3549 722 3593; x_wconf 90' lang='lat' dir='ltr'><strong>ea</strong></span> <span class='ocrx_word' id='word_1_506' title='bbox 749 3524 1052 3618; x_wconf 81' lang='lat' dir='ltr'><strong>opponas‘?</strong></span> <span class='ocrx_word' id='word_1_507' title='bbox 1076 3529 1224 3618; x_wconf 82' lang='lat' dir='ltr'><strong>Ecce</strong></span> <span class='ocrx_word' id='word_1_508' title='bbox 1249 3535 1554 3618; x_wconf 80' lang='lat' dir='ltr'><strong>ostensum</strong></span> <span class='ocrx_word' id='word_1_509' title='bbox 1583 3534 1673 3588; x_wconf 89' lang='lat' dir='ltr'><strong>est</strong></span> <span class='ocrx_word' id='word_1_510' title='bbox 1696 3526 2006 3618; x_wconf 84' lang='lat' dir='ltr'><strong>manifesto</strong></span> 
     </span>
    </p>
   </div>
   <div class='ocr_carea' id='block_1_66' title="bbox 359 3613 2010 3696">
    <p class='ocr_par' dir='ltr' id='par_1_66' title="bbox 359 3613 2010 3696">
     <span class='ocr_line' id='line_1_67' title="bbox 359 3613 2010 3696; baseline -0.007 -8"><span class='ocrx_word' id='word_1_511' title='bbox 359 3613 497 3688; x_wconf 77' lang='lat' dir='ltr'><strong>ante</strong></span> <span class='ocrx_word' id='word_1_512' title='bbox 526 3623 740 3686; x_wconf 87' lang='lat' dir='ltr'><strong>festum</strong></span> <span class='ocrx_word' id='word_1_513' title='bbox 764 3615 1066 3678; x_wconf 80' lang='lat' dir='ltr'><strong>Paschalis</strong></span> <span class='ocrx_word' id='word_1_514' title='bbox 1096 3613 1388 3677; x_wconf 90' lang='lat' dir='ltr'><strong>accidisse</strong></span> <span class='ocrx_word' id='word_1_515' title='bbox 1410 3633 1639 3677; x_wconf 63' lang='lat' dir='ltr'><strong>caenam</strong></span> <span class='ocrx_word' id='word_1_516' title='bbox 1664 3639 1678 3676; x_wconf 68' lang='grc' dir='ltr'><strong>ς</strong></span> <span class='ocrx_word' id='word_1_517' title='bbox 1708 3624 1767 3677; x_wconf 92' lang='lat' dir='ltr'><strong>et</strong></span> <span class='ocrx_word' id='word_1_518' title='bbox 1794 3615 2010 3696; x_wconf 84' lang='lat' dir='ltr'><strong>Azyma</strong></span> 
     </span>
    </p>
   </div>
   <div class='ocr_carea' id='block_1_67' title="bbox 362 3705 2004 3786">
    <p class='ocr_par' dir='ltr' id='par_1_67' title="bbox 362 3705 2004 3786">
     <span class='ocr_line' id='line_1_68' title="bbox 362 3705 2004 3786; baseline -0.006 -8"><span class='ocrx_word' id='word_1_519' title='bbox 362 3711 598 3778; x_wconf 88' lang='lat' dir='ltr'><strong>comedi</strong></span> <span class='ocrx_word' id='word_1_520' title='bbox 627 3716 763 3772; x_wconf 91' lang='lat' dir='ltr'><strong>ante</strong></span> <span class='ocrx_word' id='word_1_521' title='bbox 785 3705 1029 3780; x_wconf 77' lang='lat' dir='ltr'><strong>Pascha,</strong></span> <span class='ocrx_word' id='word_1_522' title='bbox 1056 3723 1174 3765; x_wconf 92' lang='lat' dir='ltr'><strong>non</strong></span> <span class='ocrx_word' id='word_1_523' title='bbox 1201 3712 1327 3766; x_wconf 88' lang='lat' dir='ltr'><strong>erat</strong></span> <span class='ocrx_word' id='word_1_524' title='bbox 1362 3722 1433 3766; x_wconf 86' lang='lat' dir='ltr'><strong>ex</strong></span> <span class='ocrx_word' id='word_1_525' title='bbox 1456 3705 1603 3784; x_wconf 82' lang='lat' dir='ltr'><strong>legis</strong></span> <span class='ocrx_word' id='word_1_526' title='bbox 1637 3705 2004 3786; x_wconf 72' lang='lat' dir='ltr'><strong>praescripto.</strong></span> 
     </span>
    </p>
   </div>
   <div class='ocr_carea' id='block_1_68' title="bbox 359 3792 2008 3875">
    <p class='ocr_par' dir='ltr' id='par_1_68' title="bbox 359 3792 2008 3875">
     <span class='ocr_line' id='line_1_69' title="bbox 359 3792 2008 3875; baseline -0.007 -8"><span class='ocrx_word' id='word_1_527' title='bbox 359 3804 650 3868; x_wconf 65' lang='lat' dir='ltr'><strong>Caeterum</strong></span> <span class='ocrx_word' id='word_1_528' title='bbox 681 3797 754 3860; x_wconf 90' lang='lat' dir='ltr'><strong>ad</strong></span> <span class='ocrx_word' id='word_1_529' title='bbox 785 3794 1175 3857; x_wconf 89' lang='lat' dir='ltr'><strong>certissimam</strong></span> <span class='ocrx_word' id='word_1_530' title='bbox 1208 3792 1620 3874; x_wconf 90' lang='lat' dir='ltr'><strong>probationem</strong></span> <span class='ocrx_word' id='word_1_531' title='bbox 1654 3795 2008 3875; x_wconf 60' lang='lat' dir='ltr'><strong>proiiositeze</strong></span> 
     </span>
    </p>
   </div>
   <div class='ocr_carea' id='block_1_69' title="bbox 359 3881 2012 3966">
    <p class='ocr_par' dir='ltr' id='par_1_69' title="bbox 359 3881 2012 3966">
     <span class='ocr_line' id='line_1_70' title="bbox 359 3881 2012 3966; baseline -0.006 -11"><span class='ocrx_word' id='word_1_532' title='bbox 359 3890 670 3965; x_wconf 71' lang='lat' dir='ltr'><strong>doctrinae,</strong></span> <span class='ocrx_word' id='word_1_533' title='bbox 699 3903 988 3966; x_wconf 90' lang='lat' dir='ltr'><strong>exponam</strong></span> <span class='ocrx_word' id='word_1_534' title='bbox 1025 3881 1129 3944; x_wconf 90' lang='lat' dir='ltr'><strong>tibi</strong></span> <span class='ocrx_word' id='word_1_535' title='bbox 1161 3889 1218 3943; x_wconf 88' lang='lat' dir='ltr'><strong>et</strong></span> <span class='ocrx_word' id='word_1_536' title='bbox 1250 3881 1408 3944; x_wconf 87' lang='lat' dir='ltr'><strong>aliud</strong></span> <span class='ocrx_word' id='word_1_537' title='bbox 1442 3883 1710 3963; x_wconf 86' lang='lat' dir='ltr'><strong>ejusdem</strong></span> <span class='ocrx_word' id='word_1_538' title='bbox 1752 3902 2012 3963; x_wconf 80' lang='lat' dir='ltr'><strong>evange-</strong></span> 
     </span>
    </p>
   </div>
   <div class='ocr_carea' id='block_1_70' title="bbox 361 3971 2006 4059">
    <p class='ocr_par' dir='ltr' id='par_1_70' title="bbox 361 3971 2006 4059">
     <span class='ocr_line' id='line_1_71' title="bbox 361 3971 2006 4059; baseline -0.005 -16"><span class='ocrx_word' id='word_1_539' title='bbox 361 3982 517 4043; x_wconf 59' lang='lat' dir='ltr'><strong>lista;</strong></span> <span class='ocrx_word' id='word_1_540' title='bbox 544 3984 742 4059; x_wconf 89' lang='lat' dir='ltr'><strong>caput,</strong></span> <span class='ocrx_word' id='word_1_541' title='bbox 765 3974 849 4035; x_wconf 91' lang='lat' dir='ltr'><strong>ita</strong></span> <span class='ocrx_word' id='word_1_542' title='bbox 877 3971 1125 4048; x_wconf 88' lang='lat' dir='ltr'><strong>habens,</strong></span> <span class='ocrx_word' id='word_1_543' title='bbox 1152 3979 1325 4051; x_wconf 87' lang='lat' dir='ltr'><strong>prout</strong></span> <span class='ocrx_word' id='word_1_544' title='bbox 1344 3971 1473 4051; x_wconf 89' lang='lat' dir='ltr'><strong>ipse</strong></span> <span class='ocrx_word' id='word_1_545' title='bbox 1496 3972 1671 4034; x_wconf 91' lang='lat' dir='ltr'><strong>etiam</strong></span> <span class='ocrx_word' id='word_1_546' title='bbox 1701 3971 2006 4047; x_wconf 84' lang='lat' dir='ltr'><strong>fateberis;</strong></span> 
     </span>
    </p>
   </div>
   <div class='ocr_carea' id='block_1_71' title="bbox 360 4060 2010 4147">
    <p class='ocr_par' dir='ltr' id='par_1_71' title="bbox 360 4060 2010 4147">
     <span class='ocr_line' id='line_1_72' title="bbox 360 4060 2010 4147; baseline -0.005 -14"><span class='ocrx_word' id='word_1_547' title='bbox 360 4075 594 4133; x_wconf 88' lang='lat' dir='ltr'><strong>constat</strong></span> <span class='ocrx_word' id='word_1_548' title='bbox 632 4066 852 4147; x_wconf 90' lang='lat' dir='ltr'><strong>quippe</strong></span> <span class='ocrx_word' id='word_1_549' title='bbox 904 4060 1226 4140; x_wconf 83' lang='lat' dir='ltr'><strong>Evangelia</strong></span> <span class='ocrx_word' id='word_1_550' title='bbox 1264 4060 1487 4140; x_wconf 90' lang='lat' dir='ltr'><strong>quibus</strong></span> <span class='ocrx_word' id='word_1_551' title='bbox 1515 4061 1759 4135; x_wconf 88' lang='lat' dir='ltr'><strong>utimur,</strong></span> <span class='ocrx_word' id='word_1_552' title='bbox 1800 4063 2010 4124; x_wconf 90' lang='lat' dir='ltr'><strong>eadem</strong></span> 
     </span>
    </p>
   </div>
   <div class='ocr_carea' id='block_1_72' title="bbox 356 4151 2012 4238">
    <p class='ocr_par' dir='ltr' id='par_1_72' title="bbox 356 4151 2012 4238">
     <span class='ocr_line' id='line_1_73' title="bbox 356 4151 2012 4238; baseline -0.005 -15"><span class='ocrx_word' id='word_1_553' title='bbox 356 4159 586 4238; x_wconf 88' lang='lat' dir='ltr'><strong>absque</strong></span> <span class='ocrx_word' id='word_1_554' title='bbox 617 4155 739 4217; x_wconf 89' lang='lat' dir='ltr'><strong>ullo</strong></span> <span class='ocrx_word' id='word_1_555' title='bbox 775 4151 1120 4214; x_wconf 87' lang='lat' dir='ltr'><strong>discrimine</strong></span> <span class='ocrx_word' id='word_1_556' title='bbox 1171 4167 1303 4211; x_wconf 90' lang='lat' dir='ltr'><strong>esse</strong></span> <span class='ocrx_word' id='word_1_557' title='bbox 1341 4151 1498 4231; x_wconf 92' lang='lat' dir='ltr'><strong>apud</strong></span> <span class='ocrx_word' id='word_1_558' title='bbox 1525 4169 1664 4215; x_wconf 93' lang='lat' dir='ltr'><strong>vos:</strong></span> <span class='ocrx_word' id='word_1_559' title='bbox 1705 4153 1855 4216; x_wconf 87' lang='lat' dir='ltr'><strong>Cum</strong></span> <span class='ocrx_word' id='word_1_560' title='bbox 1885 4153 2012 4215; x_wconf 66' lang='lat' dir='ltr'><strong>haec</strong></span> 
     </span>
    </p>
   </div>
   <div class='ocr_carea' id='block_1_73' title="bbox 354 4239 2011 4322">
    <p class='ocr_par' dir='ltr' id='par_1_73' title="bbox 354 4239 2011 4322">
     <span class='ocr_line' id='line_1_74' title="bbox 354 4239 2011 4322; baseline -0.006 -9"><span class='ocrx_word' id='word_1_561' title='bbox 354 4251 618 4312; x_wconf 74' lang='lat' dir='ltr'><strong>dixisset</strong></span> <span class='ocrx_word' id='word_1_562' title='bbox 643 4244 843 4319; x_wconf 73' lang='lat' dir='ltr'><strong>Iesus,</strong></span> <span class='ocrx_word' id='word_1_563' title='bbox 882 4239 1161 4304; x_wconf 82' lang='lat' dir='ltr'><strong>turbatus</strong></span> <span class='ocrx_word' id='word_1_564' title='bbox 1180 4246 1264 4301; x_wconf 88' lang='lat' dir='ltr'><strong>est</strong></span> <span class='ocrx_word' id='word_1_565' title='bbox 1286 4241 1539 4320; x_wconf 85' lang='lat' dir='ltr'><strong>spiritu,</strong></span> <span class='ocrx_word' id='word_1_566' title='bbox 1573 4248 1630 4304; x_wconf 87' lang='lat' dir='ltr'><strong>et</strong></span> <span class='ocrx_word' id='word_1_567' title='bbox 1641 4249 2011 4322; x_wconf 83' lang='lat' dir='ltr'><strong>protestatus</strong></span> 
     </span>
    </p>
   </div>
   <div class='ocr_carea' id='block_1_74' title="bbox 356 4328 2010 4419">
    <p class='ocr_par' dir='ltr' id='par_1_74' title="bbox 356 4328 2010 4419">
     <span class='ocr_line' id='line_1_75' title="bbox 356 4328 2010 4419; baseline -0.005 -16"><span class='ocrx_word' id='word_1_568' title='bbox 356 4346 466 4419; x_wconf 85' lang='lat' dir='ltr'><strong>est,</strong></span> <span class='ocrx_word' id='word_1_569' title='bbox 494 4343 552 4401; x_wconf 92' lang='lat' dir='ltr'><strong>et</strong></span> <span class='ocrx_word' id='word_1_570' title='bbox 579 4337 771 4400; x_wconf 73' lang='lat' dir='ltr'><strong>dixit:</strong></span> <span class='ocrx_word' id='word_1_571' title='bbox 796 4333 1020 4404; x_wconf 82' lang='lat' dir='ltr'><strong>Amen,</strong></span> <span class='ocrx_word' id='word_1_572' title='bbox 1046 4346 1224 4419; x_wconf 83' lang='lat' dir='ltr'><strong>amen</strong></span> <span class='ocrx_word' id='word_1_573' title='bbox 1244 4328 1375 4392; x_wconf 90' lang='lat' dir='ltr'><strong>dico</strong></span> <span class='ocrx_word' id='word_1_574' title='bbox 1386 4332 1574 4406; x_wconf 84' lang='lat' dir='ltr'><strong>vobis,</strong></span> <span class='ocrx_word' id='word_1_575' title='bbox 1593 4333 1740 4412; x_wconf 88' lang='lat' dir='ltr'><strong>quia</strong></span> <span class='ocrx_word' id='word_1_576' title='bbox 1763 4349 2010 4412; x_wconf 73' lang='lat' dir='ltr'><strong>nausea:</strong></span> 
     </span>
    </p>
   </div>
   <div class='ocr_carea' id='block_1_75' title="bbox 355 4418 2428 4501">
    <p class='ocr_par' dir='ltr' id='par_1_75' title="bbox 355 4418 2428 4501">
     <span class='ocr_line' id='line_1_76' title="bbox 355 4418 2428 4501; baseline -0.005 -8"><span class='ocrx_word' id='word_1_577' title='bbox 355 4418 523 4493; x_wconf 83' lang='lat' dir='ltr'><strong>vobis</strong></span> <span class='ocrx_word' id='word_1_578' title='bbox 547 4427 745 4491; x_wconf 77' lang='lat' dir='ltr'><strong>tradet</strong></span> <span class='ocrx_word' id='word_1_579' title='bbox 767 4418 1285 4500; x_wconf 84' lang='lat' dir='ltr'><strong>me.Aspiciebant</strong></span> <span class='ocrx_word' id='word_1_580' title='bbox 1309 4437 1453 4501; x_wconf 88' lang='lat' dir='ltr'><strong>ergo</strong></span> <span class='ocrx_word' id='word_1_581' title='bbox 1470 4421 1810 4484; x_wconf 83' lang='lat' dir='ltr'><strong>adinvicem</strong></span> <span class='ocrx_word' id='word_1_582' title='bbox 1827 4423 2006 4484; x_wconf 81' lang='lat' dir='ltr'><strong>disci-</strong></span> <span class='ocrx_word' id='word_1_583' title='bbox 2089 4428 2178 4483; x_wconf 81' lang='grc' dir='ltr'>καὶ</span> <span class='ocrx_word' id='word_1_584' title='bbox 2221 4428 2376 4484; x_wconf 72' lang='grc' dir='ltr'>εἶπεν</span> <span class='ocrx_word' id='word_1_585' title='bbox 2412 4445 2428 4461; x_wconf 89' lang='grc'><strong>·</strong></span> 
     </span>
    </p>
   </div>
   <div class='ocr_carea' id='block_1_76' title="bbox 347 4503 2007 4602">
    <p class='ocr_par' dir='ltr' id='par_1_76' title="bbox 347 4509 2007 4602">
     <span class='ocr_line' id='line_1_77' title="bbox 347 4509 2007 4602; baseline -0.007 -17"><span class='ocrx_word' id='word_1_586' title='bbox 347 4521 486 4602; x_wconf 83' lang='lat' dir='ltr'><strong>puli</strong></span> <span class='ocrx_word' id='word_1_587' title='bbox 493 4517 854 4593; x_wconf 73' lang='lat' dir='ltr'><strong>,hwsitantes</strong></span> <span class='ocrx_word' id='word_1_588' title='bbox 867 4511 938 4602; x_wconf 81' lang='lat' dir='ltr'><strong>de</strong></span> <span class='ocrx_word' id='word_1_589' title='bbox 948 4527 1064 4602; x_wconf 85' lang='lat' dir='ltr'><strong>quo</strong></span> <span class='ocrx_word' id='word_1_590' title='bbox 1077 4509 1322 4602; x_wconf 77' lang='lat' dir='ltr'><strong>diceret.</strong></span> <span class='ocrx_word' id='word_1_591' title='bbox 1338 4510 1644 4602; x_wconf 65' lang='lat' dir='ltr'><strong>E&quot;ratergo</strong></span> <span class='ocrx_word' id='word_1_592' title='bbox 1659 4510 2007 4602; x_wconf 73' lang='lat' dir='ltr'><strong>recumbens</strong></span> 
     </span>
    </p>
   </div>
   <div class='ocr_carea' id='block_1_77' title="bbox 2091 4503 2816 4602">
    <p class='ocr_par' dir='ltr' id='par_1_77' title="bbox 2091 4513 2816 4596">
     <span class='ocr_line' id='line_1_78' title="bbox 2091 4513 2816 4596; baseline 0.003 -26"><span class='ocrx_word' id='word_1_593' title='bbox 2091 4517 2237 4592; x_wconf 81' lang='grc' dir='ltr'>ὺμων</span> <span class='ocrx_word' id='word_1_594' title='bbox 2317 4513 2618 4596; x_wconf 85' lang='grc' dir='ltr'>παραδώσει</span> <span class='ocrx_word' id='word_1_595' title='bbox 2726 4538 2792 4593; x_wconf 90' lang='grc' dir='ltr'>με</span> <span class='ocrx_word' id='word_1_596' title='bbox 2803 4565 2816 4580; x_wconf 87' lang='grc'><strong>,</strong></span> 
     </span>
    </p>
   </div>
   <div class='ocr_carea' id='block_1_78' title="bbox 352 4597 2010 4684">
    <p class='ocr_par' dir='ltr' id='par_1_78' title="bbox 352 4597 2010 4684">
     <span class='ocr_line' id='line_1_79' title="bbox 352 4597 2010 4684; baseline -0.007 -8"><span class='ocrx_word' id='word_1_597' title='bbox 352 4597 514 4675; x_wconf 75' lang='lat' dir='ltr'><strong>unus</strong></span> <span class='ocrx_word' id='word_1_598' title='bbox 530 4626 608 4671; x_wconf 75' lang='lat' dir='ltr'><strong>ea:</strong></span> <span class='ocrx_word' id='word_1_599' title='bbox 626 4601 938 4684; x_wconf 80' lang='lat' dir='ltr'><strong>discipulis</strong></span> <span class='ocrx_word' id='word_1_600' title='bbox 953 4601 1079 4678; x_wconf 80' lang='lat' dir='ltr'><strong>eius</strong></span> <span class='ocrx_word' id='word_1_601' title='bbox 1099 4601 1165 4660; x_wconf 79' lang='lat' dir='ltr'><strong>in</strong></span> <span class='ocrx_word' id='word_1_602' title='bbox 1181 4600 1323 4661; x_wconf 82' lang='lat' dir='ltr'><strong>sinu</strong></span> <span class='ocrx_word' id='word_1_603' title='bbox 1339 4597 1505 4673; x_wconf 88' lang='lat' dir='ltr'><strong>Jesu,</strong></span> <span class='ocrx_word' id='word_1_604' title='bbox 1522 4618 1701 4682; x_wconf 88' lang='lat' dir='ltr'><strong>quem</strong></span> <span class='ocrx_word' id='word_1_605' title='bbox 1720 4601 2010 4682; x_wconf 82' lang='lat' dir='ltr'><strong>diligebat</strong></span> 
     </span>
    </p>
   </div>
   <div class='ocr_carea' id='block_1_79' title="bbox 353 4688 2008 4772">
    <p class='ocr_par' dir='ltr' id='par_1_79' title="bbox 353 4688 2008 4772">
     <span class='ocr_line' id='line_1_80' title="bbox 353 4688 2008 4772; baseline -0.007 -7"><span class='ocrx_word' id='word_1_606' title='bbox 353 4701 549 4765; x_wconf 88' lang='lat' dir='ltr'><strong>Jesus.</strong></span> <span class='ocrx_word' id='word_1_607' title='bbox 575 4695 789 4759; x_wconf 86' lang='lat' dir='ltr'><strong>Innuit</strong></span> <span class='ocrx_word' id='word_1_608' title='bbox 810 4708 959 4772; x_wconf 81' lang='lat' dir='ltr'><strong>ergo</strong></span> <span class='ocrx_word' id='word_1_609' title='bbox 981 4688 1122 4751; x_wconf 85' lang='lat' dir='ltr'><strong>huic</strong></span> <span class='ocrx_word' id='word_1_610' title='bbox 1139 4688 1341 4752; x_wconf 89' lang='lat' dir='ltr'><strong>Simon</strong></span> <span class='ocrx_word' id='word_1_611' title='bbox 1369 4689 1618 4772; x_wconf 86' lang='lat' dir='ltr'><strong>Petrus,</strong></span> <span class='ocrx_word' id='word_1_612' title='bbox 1636 4696 1711 4762; x_wconf 44' lang='lat' dir='ltr'><strong>ut,</strong></span> <span class='ocrx_word' id='word_1_613' title='bbox 1735 4694 2008 4755; x_wconf 79' lang='lat' dir='ltr'><strong>interro-</strong></span> 
     </span>
    </p>
   </div>
   <div class='ocr_carea' id='block_1_80' title="bbox 352 4777 2012 4874">
    <p class='ocr_par' dir='ltr' id='par_1_80' title="bbox 352 4777 2012 4874">
     <span class='ocr_line' id='line_1_81' title="bbox 352 4777 2012 4874; baseline -0.008 -20"><span class='ocrx_word' id='word_1_614' title='bbox 352 4796 521 4874; x_wconf 84' lang='lat' dir='ltr'><strong>garet</strong></span> <span class='ocrx_word' id='word_1_615' title='bbox 532 4786 812 4868; x_wconf 86' lang='lat' dir='ltr'><strong>quisnam</strong></span> <span class='ocrx_word' id='word_1_616' title='bbox 823 4786 970 4844; x_wconf 83' lang='lat' dir='ltr'><strong>esset</strong></span> <span class='ocrx_word' id='word_1_617' title='bbox 987 4779 1056 4840; x_wconf 86' lang='lat' dir='ltr'><strong>de</strong></span> <span class='ocrx_word' id='word_1_618' title='bbox 1071 4793 1190 4874; x_wconf 73' lang='lat' dir='ltr'><strong>qua</strong></span> <span class='ocrx_word' id='word_1_619' title='bbox 1205 4777 1447 4874; x_wconf 67' lang='lat' dir='ltr'><strong>diceret.</strong></span> <span class='ocrx_word' id='word_1_620' title='bbox 1462 4777 1674 4874; x_wconf 72' lang='lat' dir='ltr'><strong>Itaque</strong></span> <span class='ocrx_word' id='word_1_621' title='bbox 1689 4798 1824 4874; x_wconf 85' lang='lat' dir='ltr'><strong>cum</strong></span> <span class='ocrx_word' id='word_1_622' title='bbox 1845 4798 2012 4845; x_wconf 80' lang='lat' dir='ltr'><strong>recu.</strong></span> 
     </span>
    </p>
   </div>
   <div class='ocr_carea' id='block_1_81' title="bbox 365 4865 2008 4954">
    <p class='ocr_par' dir='ltr' id='par_1_81' title="bbox 365 4865 2008 4954">
     <span class='ocr_line' id='line_1_82' title="bbox 365 4865 2008 4954; baseline -0.011 -8"><span class='ocrx_word' id='word_1_623' title='bbox 365 4865 591 4946; x_wconf 69' lang='lat' dir='ltr'><strong>huisset</strong></span> <span class='ocrx_word' id='word_1_624' title='bbox 611 4874 714 4938; x_wconf 77' lang='lat' dir='ltr'><strong>ille</strong></span> <span class='ocrx_word' id='word_1_625' title='bbox 732 4887 918 4952; x_wconf 87' lang='lat' dir='ltr'><strong>supra</strong></span> <span class='ocrx_word' id='word_1_626' title='bbox 928 4875 1133 4950; x_wconf 70' lang='lat' dir='ltr'><strong>pectus</strong></span> <span class='ocrx_word' id='word_1_627' title='bbox 1151 4865 1563 4949; x_wconf 86' lang='lat' dir='ltr'><strong>Jesu,dicitei:</strong></span> <span class='ocrx_word' id='word_1_628' title='bbox 1580 4871 2008 4954; x_wconf 77' lang='lat' dir='ltr'><strong>D0mine,quis</strong></span> 
     </span>
    </p>
   </div>
   <div class='ocr_carea' id='block_1_82' title="bbox 363 4955 2009 5046">
    <p class='ocr_par' dir='ltr' id='par_1_82' title="bbox 363 4955 2009 5046">
     <span class='ocr_line' id='line_1_83' title="bbox 363 4955 2009 5046; baseline -0.01 -9"><span class='ocrx_word' id='word_1_629' title='bbox 363 4977 450 5038; x_wconf 82' lang='lat' dir='ltr'><strong>est</strong></span> <span class='ocrx_word' id='word_1_630' title='bbox 469 4972 495 5033; x_wconf 85' lang='lat'><em>?</em></span> <span class='ocrx_word' id='word_1_631' title='bbox 511 4961 840 5046; x_wconf 78' lang='lat' dir='ltr'><strong>Respondit</strong></span> <span class='ocrx_word' id='word_1_632' title='bbox 857 4960 1066 5024; x_wconf 75' lang='lat' dir='ltr'><strong>Iesus:</strong></span> <span class='ocrx_word' id='word_1_633' title='bbox 1090 4955 1205 5018; x_wconf 81' lang='lat' dir='ltr'><strong>Ille</strong></span> <span class='ocrx_word' id='word_1_634' title='bbox 1214 4963 1318 5034; x_wconf 86' lang='lat' dir='ltr'><strong>est,</strong></span> <span class='ocrx_word' id='word_1_635' title='bbox 1333 4960 1432 5021; x_wconf 87' lang='lat' dir='ltr'><strong>cui</strong></span> <span class='ocrx_word' id='word_1_636' title='bbox 1442 4976 1549 5039; x_wconf 92' lang='lat' dir='ltr'><strong>ego</strong></span> <span class='ocrx_word' id='word_1_637' title='bbox 1569 4960 2009 5043; x_wconf 80' lang='lat' dir='ltr'><strong>intinctumpa-</strong></span> 
     </span>
    </p>
   </div>
   <div class='ocr_carea' id='block_1_83' title="bbox 355 5047 2007 5142">
    <p class='ocr_par' dir='ltr' id='par_1_83' title="bbox 355 5047 2007 5142">
     <span class='ocr_line' id='line_1_84' title="bbox 355 5047 2007 5142; baseline -0.008 -14"><span class='ocrx_word' id='word_1_638' title='bbox 355 5078 497 5128; x_wconf 87' lang='lat' dir='ltr'><strong>nem</strong></span> <span class='ocrx_word' id='word_1_639' title='bbox 519 5069 887 5142; x_wconf 72' lang='lat' dir='ltr'><strong>porrcwero.</strong></span> <span class='ocrx_word' id='word_1_640' title='bbox 909 5047 1152 5115; x_wconf 88' lang='lat' dir='ltr'><strong>Etcum</strong></span> <span class='ocrx_word' id='word_1_641' title='bbox 1172 5047 1525 5114; x_wconf 70' lang='lat' dir='ltr'><strong>intinxtsset</strong></span> <span class='ocrx_word' id='word_1_642' title='bbox 1547 5069 1800 5134; x_wconf 85' lang='lat' dir='ltr'><strong>panem,</strong></span> <span class='ocrx_word' id='word_1_643' title='bbox 1833 5053 2007 5119; x_wconf 82' lang='lat' dir='ltr'><strong>dedit</strong></span> 
     </span>
    </p>
   </div>
   <div class='ocr_carea' id='block_1_84' title="bbox 433 5227 1521 5313">
    <p class='ocr_par' dir='ltr' id='par_1_84' title="bbox 433 5227 1521 5313">
     <span class='ocr_line' id='line_1_85' title="bbox 433 5227 1521 5313; baseline -0.01 -8"><span class='ocrx_word' id='word_1_644' title='bbox 433 5241 491 5292; x_wconf 61' lang='lat'><strong>‘8</strong></span> <span class='ocrx_word' id='word_1_645' title='bbox 515 5238 663 5305; x_wconf 90' lang='lat' dir='ltr'><strong>Luc.</strong></span> <span class='ocrx_word' id='word_1_646' title='bbox 693 5249 842 5312; x_wconf 65' lang='grc' dir='ltr'>χχιι,</span> <span class='ocrx_word' id='word_1_647' title='bbox 875 5231 978 5296; x_wconf 82' lang='grc'><strong>19.</strong></span> <span class='ocrx_word' id='word_1_648' title='bbox 1061 5227 1124 5280; x_wconf 78' lang='grc'>19</span> <span class='ocrx_word' id='word_1_649' title='bbox 1149 5227 1322 5294; x_wconf 84' lang='lat' dir='ltr'><strong>Joan.</strong></span> <span class='ocrx_word' id='word_1_650' title='bbox 1347 5248 1391 5313; x_wconf 79' lang='grc' dir='ltr'><strong>ι,</strong></span> <span class='ocrx_word' id='word_1_651' title='bbox 1424 5230 1521 5296; x_wconf 89' lang='grc'><strong>19.</strong></span> 
     </span>
    </p>
   </div>
   <div class='ocr_carea' id='block_1_85' title="bbox 2093 3346 3015 3432">
    <p class='ocr_par' dir='ltr' id='par_1_85' title="bbox 2093 3346 3015 3432">
     <span class='ocr_line' id='line_1_86' title="bbox 2093 3346 3015 3432; baseline 0.004 -29"><span class='ocrx_word' id='word_1_652' title='bbox 2093 3346 2153 3405; x_wconf 80' lang='grc' dir='ltr'><strong>ἐκ</strong></span> <span class='ocrx_word' id='word_1_653' title='bbox 2179 3355 2284 3432; x_wconf 77' lang='grc' dir='ltr'><strong>τῷν</strong></span> <span class='ocrx_word' id='word_1_654' title='bbox 2315 3352 2644 3430; x_wconf 82' lang='grc' dir='ltr'>πραγμάτων</span> <span class='ocrx_word' id='word_1_655' title='bbox 2678 3350 2964 3432; x_wconf 76' lang='grc' dir='ltr'>ἐλέγχεσθε</span> <span class='ocrx_word' id='word_1_656' title='bbox 2999 3370 3015 3432; x_wconf 82' lang='grc'><strong>;</strong></span> 
     </span>
    </p>
   </div>
   <div class='ocr_carea' id='block_1_86' title="bbox 2173 3429 3230 3520">
    <p class='ocr_par' dir='ltr' id='par_1_86' title="bbox 2173 3429 3230 3520">
     <span class='ocr_line' id='line_1_87' title="bbox 2173 3429 3230 3520; baseline -0.003 -20"><span class='ocrx_word' id='word_1_657' title='bbox 2173 3429 2272 3507; x_wconf 64' lang='grc' dir='ltr'><strong>ιη’.</strong></span> <span class='ocrx_word' id='word_1_658' title='bbox 2321 3441 2530 3499; x_wconf 84' lang='grc' dir='ltr'>Τούτων</span> <span class='ocrx_word' id='word_1_659' title='bbox 2587 3442 2674 3499; x_wconf 79' lang='grc' dir='ltr'>οὖν</span> <span class='ocrx_word' id='word_1_660' title='bbox 2731 3441 2894 3505; x_wconf 64' lang='grc' dir='ltr'>οὕτως</span> <span class='ocrx_word' id='word_1_661' title='bbox 2939 3439 3230 3520; x_wconf 83' lang='grc' dir='ltr'>εἰρημένων</span> 
     </span>
    </p>
   </div>
   <div class='ocr_carea' id='block_1_87' title="bbox 2088 3529 3747 3612">
    <p class='ocr_par' dir='ltr' id='par_1_87' title="bbox 2088 3529 3747 3612">
     <span class='ocr_line' id='line_1_88' title="bbox 2088 3529 3747 3612; baseline 0.001 -27"><span class='ocrx_word' id='word_1_662' title='bbox 2088 3535 2251 3586; x_wconf 81' lang='grc' dir='ltr'>ταῦτα</span> <span class='ocrx_word' id='word_1_663' title='bbox 2321 3531 2657 3612; x_wconf 71' lang='grc' dir='ltr'>ἀντιθεῖναις</span> <span class='ocrx_word' id='word_1_664' title='bbox 2747 3529 2878 3589; x_wconf 79' lang='grc' dir='ltr'>Ἰδοὺ</span> <span class='ocrx_word' id='word_1_665' title='bbox 2951 3533 3052 3610; x_wconf 75' lang='grc' dir='ltr'>γὰρ</span> <span class='ocrx_word' id='word_1_666' title='bbox 3125 3529 3379 3588; x_wconf 79' lang='grc' dir='ltr'>δέδεικται</span> <span class='ocrx_word' id='word_1_667' title='bbox 3452 3537 3747 3611; x_wconf 67' lang='grc' dir='ltr'>προφανῶς</span> 
     </span>
    </p>
   </div>
   <div class='ocr_carea' id='block_1_88' title="bbox 2093 3618 3744 3702">
    <p class='ocr_par' dir='ltr' id='par_1_88' title="bbox 2093 3618 3744 3702">
     <span class='ocr_line' id='line_1_89' title="bbox 2093 3618 3744 3702; baseline 0.001 -26"><span class='ocrx_word' id='word_1_668' title='bbox 2093 3618 2173 3676; x_wconf 81' lang='grc' dir='ltr'><strong>ὅτι</strong></span> <span class='ocrx_word' id='word_1_669' title='bbox 2217 3622 2318 3699; x_wconf 81' lang='grc' dir='ltr'>πρὸ</span> <span class='ocrx_word' id='word_1_670' title='bbox 2348 3624 2446 3690; x_wconf 78' lang='grc' dir='ltr'>τῆς</span> <span class='ocrx_word' id='word_1_671' title='bbox 2479 3622 2663 3702; x_wconf 77' lang='grc' dir='ltr'>ἑορτῆς</span> <span class='ocrx_word' id='word_1_672' title='bbox 2719 3629 2811 3678; x_wconf 79' lang='grc' dir='ltr'>τοῦ</span> <span class='ocrx_word' id='word_1_673' title='bbox 2868 3623 3060 3702; x_wconf 79' lang='grc' dir='ltr'>Πάσχα</span> <span class='ocrx_word' id='word_1_674' title='bbox 3128 3624 3156 3677; x_wconf 88' lang='lat'><strong>6</strong></span> <span class='ocrx_word' id='word_1_675' title='bbox 3213 3619 3428 3685; x_wconf 76' lang='grc' dir='ltr'>δεῖπνος</span> <span class='ocrx_word' id='word_1_676' title='bbox 3485 3622 3694 3701; x_wconf 82' lang='grc' dir='ltr'>ἐγένετο</span> <span class='ocrx_word' id='word_1_677' title='bbox 3731 3635 3744 3650; x_wconf 83' lang='grc'><em>’</em></span> 
     </span>
    </p>
   </div>
   <div class='ocr_carea' id='block_1_89' title="bbox 2092 3706 3748 3792">
    <p class='ocr_par' dir='ltr' id='par_1_89' title="bbox 2092 3706 3748 3792">
     <span class='ocr_line' id='line_1_90' title="bbox 2092 3706 3748 3792; baseline 0.001 -27"><span class='ocrx_word' id='word_1_678' title='bbox 2092 3706 2264 3785; x_wconf 72' lang='grc' dir='ltr'>ἄζυμα</span> <span class='ocrx_word' id='word_1_679' title='bbox 2305 3709 2359 3766; x_wconf 84' lang='grc' dir='ltr'><strong>δὲ</strong></span> <span class='ocrx_word' id='word_1_680' title='bbox 2415 3713 2509 3769; x_wconf 77' lang='grc' dir='ltr'><strong>οὒκ</strong></span> <span class='ocrx_word' id='word_1_681' title='bbox 2557 3712 2621 3780; x_wconf 84' lang='grc' dir='ltr'>ἧν</span> <span class='ocrx_word' id='word_1_682' title='bbox 2679 3712 2904 3788; x_wconf 86' lang='grc' dir='ltr'>νόμιμον</span> <span class='ocrx_word' id='word_1_683' title='bbox 2949 3715 3052 3791; x_wconf 76' lang='grc' dir='ltr'>πρὸ</span> <span class='ocrx_word' id='word_1_684' title='bbox 3103 3718 3197 3768; x_wconf 80' lang='grc' dir='ltr'><strong>τοῦ</strong></span> <span class='ocrx_word' id='word_1_685' title='bbox 3239 3713 3434 3792; x_wconf 82' lang='grc' dir='ltr'>Πάσχα</span> <span class='ocrx_word' id='word_1_686' title='bbox 3466 3711 3748 3772; x_wconf 81' lang='grc' dir='ltr'>ἐσθίεσθαι.</span> 
     </span>
    </p>
   </div>
   <div class='ocr_carea' id='block_1_90' title="bbox 2091 3798 3746 3882">
    <p class='ocr_par' dir='ltr' id='par_1_90' title="bbox 2091 3798 3746 3882">
     <span class='ocr_line' id='line_1_91' title="bbox 2091 3798 3746 3882; baseline 0 -25"><span class='ocrx_word' id='word_1_687' title='bbox 2091 3798 2418 3876; x_wconf 87' lang='grc' dir='ltr'>Ἐκθήσομαι</span> <span class='ocrx_word' id='word_1_688' title='bbox 2677 3799 2732 3858; x_wconf 80' lang='grc' dir='ltr'>δέ</span> <span class='ocrx_word' id='word_1_689' title='bbox 2815 3824 2899 3859; x_wconf 92' lang='grc' dir='ltr'><strong>σοι</strong></span> <span class='ocrx_word' id='word_1_690' title='bbox 2979 3803 3067 3858; x_wconf 82' lang='grc' dir='ltr'>καὶ</span> <span class='ocrx_word' id='word_1_691' title='bbox 3162 3803 3294 3882; x_wconf 81' lang='grc' dir='ltr'>πρὸς</span> <span class='ocrx_word' id='word_1_692' title='bbox 3379 3800 3746 3880; x_wconf 69' lang='grc' dir='ltr'>ἀναντίρρητον</span> 
     </span>
    </p>
   </div>
   <div class='ocr_carea' id='block_1_91' title="bbox 2091 3888 3748 3971">
    <p class='ocr_par' dir='ltr' id='par_1_91' title="bbox 2091 3888 3748 3971">
     <span class='ocr_line' id='line_1_92' title="bbox 2091 3888 3748 3971; baseline 0.001 -27"><span class='ocrx_word' id='word_1_693' title='bbox 2091 3889 2346 3945; x_wconf 77' lang='grc' dir='ltr'>πίστωσιν</span> <span class='ocrx_word' id='word_1_694' title='bbox 2401 3896 2494 3947; x_wconf 83' lang='grc' dir='ltr'><strong>τοῦ</strong></span> <span class='ocrx_word' id='word_1_695' title='bbox 2563 3889 2909 3971; x_wconf 89' lang='grc' dir='ltr'>προκειμένου</span> <span class='ocrx_word' id='word_1_696' title='bbox 2965 3889 3148 3970; x_wconf 80' lang='grc' dir='ltr'>λόγου,</span> <span class='ocrx_word' id='word_1_697' title='bbox 3220 3888 3508 3970; x_wconf 79' lang='grc' dir='ltr'>κεφάλαιον</span> <span class='ocrx_word' id='word_1_698' title='bbox 3574 3888 3748 3968; x_wconf 78' lang='grc' dir='ltr'>ἕτερον</span> 
     </span>
    </p>
   </div>
   <div class='ocr_carea' id='block_1_92' title="bbox 2091 3977 3748 4060">
    <p class='ocr_par' dir='ltr' id='par_1_92' title="bbox 2091 3977 3748 4060">
     <span class='ocr_line' id='line_1_93' title="bbox 2091 3977 3748 4060; baseline 0.001 -26"><span class='ocrx_word' id='word_1_699' title='bbox 2091 3988 2184 4037; x_wconf 81' lang='grc' dir='ltr'>τοῦ</span> <span class='ocrx_word' id='word_1_700' title='bbox 2236 3979 2394 4036; x_wconf 78' lang='grc' dir='ltr'>αὐτοῦ</span> <span class='ocrx_word' id='word_1_701' title='bbox 2454 3979 2850 4059; x_wconf 69' lang='grc' dir='ltr'>εὐαγγελιστοῦ,</span> <span class='ocrx_word' id='word_1_702' title='bbox 2909 3977 3037 4060; x_wconf 76' lang='grc' dir='ltr'>’έχον</span> <span class='ocrx_word' id='word_1_703' title='bbox 3081 3983 3155 4045; x_wconf 83' lang='grc' dir='ltr'>ὡς</span> <span class='ocrx_word' id='word_1_704' title='bbox 3212 3981 3300 4037; x_wconf 85' lang='grc' dir='ltr'><strong>καὶ</strong></span> <span class='ocrx_word' id='word_1_705' title='bbox 3350 3979 3506 4043; x_wconf 74' lang='grc' dir='ltr'>αὐτὸς</span> <span class='ocrx_word' id='word_1_706' title='bbox 3545 3978 3748 4054; x_wconf 83' lang='grc' dir='ltr'>ὁμολο-</span> 
     </span>
    </p>
   </div>
   <div class='ocr_carea' id='block_1_93' title="bbox 2092 4065 3746 4150">
    <p class='ocr_par' dir='ltr' id='par_1_93' title="bbox 2092 4065 3746 4150">
     <span class='ocr_line' id='line_1_94' title="bbox 2092 4065 3746 4150; baseline 0.002 -28"><span class='ocrx_word' id='word_1_707' title='bbox 2092 4069 2302 4148; x_wconf 85' lang='grc' dir='ltr'>γήσεις,</span> <span class='ocrx_word' id='word_1_708' title='bbox 2361 4067 2526 4134; x_wconf 68' lang='grc' dir='ltr'>οὕτως</span> <span class='ocrx_word' id='word_1_709' title='bbox 2561 4085 2574 4100; x_wconf 88' lang='lat'><strong><em>°</em></strong></span> <span class='ocrx_word' id='word_1_710' title='bbox 2650 4069 2859 4148; x_wconf 82' lang='grc' dir='ltr'>βέϐαιον</span> <span class='ocrx_word' id='word_1_711' title='bbox 2929 4072 3029 4150; x_wconf 76' lang='grc' dir='ltr'>γὰρ</span> <span class='ocrx_word' id='word_1_712' title='bbox 3113 4069 3194 4126; x_wconf 82' lang='grc' dir='ltr'><strong>ὅτι</strong></span> <span class='ocrx_word' id='word_1_713' title='bbox 3273 4070 3339 4126; x_wconf 73' lang='grc' dir='ltr'>τὰ</span> <span class='ocrx_word' id='word_1_714' title='bbox 3411 4065 3536 4148; x_wconf 88' lang='grc' dir='ltr'>παρ’</span> <span class='ocrx_word' id='word_1_715' title='bbox 3607 4070 3746 4144; x_wconf 72' lang='grc' dir='ltr'>ἡμῖν</span> 
     </span>
    </p>
   </div>
   <div class='ocr_carea' id='block_1_94' title="bbox 2092 4149 3745 4240">
    <p class='ocr_par' dir='ltr' id='par_1_94' title="bbox 2092 4149 3745 4240">
     <span class='ocr_line' id='line_1_95' title="bbox 2092 4149 3745 4240; baseline -0.002 -24"><span class='ocrx_word' id='word_1_716' title='bbox 2092 4157 2410 4240; x_wconf 74' lang='grc' dir='ltr'>Εὖαγγέλια,</span> <span class='ocrx_word' id='word_1_717' title='bbox 2441 4159 2507 4216; x_wconf 80' lang='grc' dir='ltr'>τὰ</span> <span class='ocrx_word' id='word_1_718' title='bbox 2536 4160 2668 4216; x_wconf 80' lang='grc' dir='ltr'><strong>αὒτά</strong></span> <span class='ocrx_word' id='word_1_719' title='bbox 2710 4160 2798 4216; x_wconf 86' lang='grc' dir='ltr'>καὶ</span> <span class='ocrx_word' id='word_1_720' title='bbox 2839 4157 2964 4237; x_wconf 88' lang='grc' dir='ltr'>παρ’</span> <span class='ocrx_word' id='word_1_721' title='bbox 3006 4149 3149 4236; x_wconf 69' lang='grc' dir='ltr'>ὑμῖν</span> <span class='ocrx_word' id='word_1_722' title='bbox 3200 4155 3356 4238; x_wconf 75' lang='grc' dir='ltr'><strong>[ΑΗ.</strong></span> <span class='ocrx_word' id='word_1_723' title='bbox 3415 4158 3559 4238; x_wconf 83' lang='grc' dir='ltr'>παρὰ</span> <span class='ocrx_word' id='word_1_724' title='bbox 3608 4149 3745 4215; x_wconf 67' lang='grc' dir='ltr'><strong>Ῥω-</strong></span> 
     </span>
    </p>
   </div>
   <div class='ocr_carea' id='block_1_95' title="bbox 2091 4244 3744 4328">
    <p class='ocr_par' dir='ltr' id='par_1_95' title="bbox 2091 4244 3744 4328">
     <span class='ocr_line' id='line_1_96' title="bbox 2091 4244 3744 4328; baseline 0 -24"><span class='ocrx_word' id='word_1_725' title='bbox 2091 4247 2296 4328; x_wconf 81' lang='grc' dir='ltr'>μαίοις]</span> <span class='ocrx_word' id='word_1_726' title='bbox 2348 4247 2772 4328; x_wconf 86' lang='grc' dir='ltr'>ἀπαραλλάκτως</span> <span class='ocrx_word' id='word_1_727' title='bbox 2809 4248 2917 4306; x_wconf 81' lang='grc' dir='ltr'>ἐστί</span> <span class='ocrx_word' id='word_1_728' title='bbox 2950 4268 2964 4284; x_wconf 84' lang='grc'><strong><em>⁸</em></strong></span> <span class='ocrx_word' id='word_1_729' title='bbox 3015 4273 3042 4304; x_wconf 75' lang='grc' dir='ltr'><strong>α</strong></span> <span class='ocrx_word' id='word_1_730' title='bbox 3103 4257 3277 4306; x_wconf 81' lang='grc' dir='ltr'>Ταῦτα</span> <span class='ocrx_word' id='word_1_731' title='bbox 3333 4248 3494 4304; x_wconf 77' lang='grc' dir='ltr'>εἰπὼν</span> <span class='ocrx_word' id='word_1_732' title='bbox 3541 4249 3570 4303; x_wconf 90' lang='lat'><strong>6</strong></span> <span class='ocrx_word' id='word_1_733' title='bbox 3627 4244 3744 4313; x_wconf 85' lang='grc' dir='ltr'><strong>Ἰη-</strong></span> 
     </span>
    </p>
   </div>
   <div class='ocr_carea' id='block_1_96' title="bbox 2091 4335 3742 4418">
    <p class='ocr_par' dir='ltr' id='par_1_96' title="bbox 2091 4335 3742 4418">
     <span class='ocr_line' id='line_1_97' title="bbox 2091 4335 3742 4418; baseline -0.002 -25"><span class='ocrx_word' id='word_1_734' title='bbox 2091 4345 2237 4414; x_wconf 83' lang='grc' dir='ltr'>σοῢς,</span> <span class='ocrx_word' id='word_1_735' title='bbox 2311 4337 2600 4418; x_wconf 78' lang='grc' dir='ltr'>ἀπαράχθη</span> <span class='ocrx_word' id='word_1_736' title='bbox 2682 4342 2760 4414; x_wconf 79' lang='grc' dir='ltr'><strong>τῲ</strong></span> <span class='ocrx_word' id='word_1_737' title='bbox 2841 4339 3125 4418; x_wconf 82' lang='grc' dir='ltr'>πνεύματι,</span> <span class='ocrx_word' id='word_1_738' title='bbox 3215 4338 3308 4393; x_wconf 89' lang='grc' dir='ltr'>καὶ</span> <span class='ocrx_word' id='word_1_739' title='bbox 3390 4335 3742 4416; x_wconf 78' lang='grc' dir='ltr'>ἐμαρτύρησε,</span> 
     </span>
    </p>
   </div>
   <div class='ocr_carea' id='block_1_97' title="bbox 2491 4423 3744 4508">
    <p class='ocr_par' dir='ltr' id='par_1_97' title="bbox 2491 4423 3744 4508">
     <span class='ocr_line' id='line_1_98' title="bbox 2491 4423 3744 4508; baseline -0.003 -25"><span class='ocrx_word' id='word_1_740' title='bbox 2491 4427 2688 4508; x_wconf 70' lang='grc' dir='ltr'>Ἀμὴν,</span> <span class='ocrx_word' id='word_1_741' title='bbox 2750 4425 2942 4508; x_wconf 38' lang='grc' dir='ltr'><strong>Ἀμὴν-Ι</strong></span> <span class='ocrx_word' id='word_1_742' title='bbox 2996 4426 3141 4506; x_wconf 90' lang='grc' dir='ltr'>λέγω</span> <span class='ocrx_word' id='word_1_743' title='bbox 3193 4427 3345 4502; x_wconf 76' lang='grc' dir='ltr'>ὑμῖν,</span> <span class='ocrx_word' id='word_1_744' title='bbox 3423 4423 3504 4481; x_wconf 81' lang='grc' dir='ltr'>ὅτι</span> <span class='ocrx_word' id='word_1_745' title='bbox 3553 4429 3633 4489; x_wconf 87' lang='grc' dir='ltr'><strong>εἷς</strong></span> <span class='ocrx_word' id='word_1_746' title='bbox 3695 4423 3744 4490; x_wconf 79' lang='grc' dir='ltr'><strong>ἐξ</strong></span> 
     </span>
    </p>
   </div>
   <div class='ocr_carea' id='block_1_98' title="bbox 2914 4497 3744 4594">
    <p class='ocr_par' dir='ltr' id='par_1_98' title="bbox 2914 4497 3744 4594">
     <span class='ocr_line' id='line_1_99' title="bbox 2914 4497 3744 4594; baseline -0.006 -20"><span class='ocrx_word' id='word_1_747' title='bbox 2914 4497 3168 4574; x_wconf 55' lang='grc' dir='ltr'><strong>ἸΕϐλεπον</strong></span> <span class='ocrx_word' id='word_1_748' title='bbox 3227 4497 3340 4573; x_wconf 63' lang='grc' dir='ltr'><strong>⁷οὗν⁷</strong></span> <span class='ocrx_word' id='word_1_749' title='bbox 3387 4516 3518 4594; x_wconf 83' lang='grc' dir='ltr'>πρὸς</span> <span class='ocrx_word' id='word_1_750' title='bbox 3577 4511 3744 4584; x_wconf 85' lang='grc' dir='ltr'>ἀλλή-</span> 
     </span>
    </p>
   </div>
   <div class='ocr_carea' id='block_1_99' title="bbox 2090 4603 3739 4686">
    <p class='ocr_par' dir='ltr' id='par_1_99' title="bbox 2090 4603 3739 4686">
     <span class='ocr_line' id='line_1_100' title="bbox 2090 4603 3739 4686; baseline -0.002 -23"><span class='ocrx_word' id='word_1_751' title='bbox 2090 4604 2212 4686; x_wconf 80' lang='grc' dir='ltr'>λους</span> <span class='ocrx_word' id='word_1_752' title='bbox 2297 4608 2344 4663; x_wconf 80' lang='grc' dir='ltr'>οἱ</span> <span class='ocrx_word' id='word_1_753' title='bbox 2426 4609 2680 4682; x_wconf 79' lang='grc' dir='ltr'>μαθηταὶ,</span> <span class='ocrx_word' id='word_1_754' title='bbox 2756 4607 3104 4686; x_wconf 86' lang='grc' dir='ltr'>ἀπορούμενοι</span> <span class='ocrx_word' id='word_1_755' title='bbox 3172 4607 3290 4685; x_wconf 88' lang='grc' dir='ltr'>περὶ</span> <span class='ocrx_word' id='word_1_756' title='bbox 3359 4607 3499 4668; x_wconf 77' lang='grc' dir='ltr'>τίνος</span> <span class='ocrx_word' id='word_1_757' title='bbox 3570 4603 3739 4684; x_wconf 89' lang='grc' dir='ltr'>λέγει,</span> 
     </span>
    </p>
   </div>
   <div class='ocr_carea' id='block_1_100' title="bbox 2092 4684 3742 4771">
    <p class='ocr_par' dir='ltr' id='par_1_100' title="bbox 2092 4684 3742 4771">
     <span class='ocr_line' id='line_1_101' title="bbox 2092 4684 3742 4771; baseline 0.001 -21"><span class='ocrx_word' id='word_1_758' title='bbox 2092 4684 2188 4751; x_wconf 55' lang='grc' dir='ltr'><strong>Ἠν</strong></span> <span class='ocrx_word' id='word_1_759' title='bbox 2270 4692 2325 4750; x_wconf 78' lang='grc' dir='ltr'>δὲ</span> <span class='ocrx_word' id='word_1_760' title='bbox 2397 4694 2739 4770; x_wconf 80' lang='grc' dir='ltr'>ἀνακείμενος</span> <span class='ocrx_word' id='word_1_761' title='bbox 2811 4684 2896 4761; x_wconf 77' lang='grc' dir='ltr'><strong>εἷς</strong></span> <span class='ocrx_word' id='word_1_762' title='bbox 2966 4701 3073 4752; x_wconf 84' lang='grc' dir='ltr'>τῶν</span> <span class='ocrx_word' id='word_1_763' title='bbox 3143 4684 3396 4771; x_wconf 84' lang='grc' dir='ltr'>μαθητῶν</span> <span class='ocrx_word' id='word_1_764' title='bbox 3465 4696 3620 4752; x_wconf 77' lang='grc' dir='ltr'>αὐτοῦ</span> <span class='ocrx_word' id='word_1_765' title='bbox 3688 4693 3742 4751; x_wconf 79' lang='grc' dir='ltr'><strong>ἐν</strong></span> 
     </span>
    </p>
   </div>
   <div class='ocr_carea' id='block_1_101' title="bbox 2090 4783 3737 4865">
    <p class='ocr_par' dir='ltr' id='par_1_101' title="bbox 2090 4783 3737 4865">
     <span class='ocr_line' id='line_1_102' title="bbox 2090 4783 3737 4865; baseline 0.002 -25"><span class='ocrx_word' id='word_1_766' title='bbox 2090 4791 2167 4861; x_wconf 79' lang='grc' dir='ltr'>τῷ</span> <span class='ocrx_word' id='word_1_767' title='bbox 2249 4783 2436 4859; x_wconf 85' lang='grc' dir='ltr'>κόλπῳ</span> <span class='ocrx_word' id='word_1_768' title='bbox 2513 4793 2608 4844; x_wconf 80' lang='grc' dir='ltr'>τοῦ</span> <span class='ocrx_word' id='word_1_769' title='bbox 2692 4785 2890 4860; x_wconf 78' lang='grc' dir='ltr'>Ἰησοῦ,</span> <span class='ocrx_word' id='word_1_770' title='bbox 2971 4787 3030 4842; x_wconf 86' lang='grc' dir='ltr'><strong>ὃν</strong></span> <span class='ocrx_word' id='word_1_771' title='bbox 3112 4786 3298 4865; x_wconf 76' lang='grc' dir='ltr'>ἠγάπα</span> <span class='ocrx_word' id='word_1_772' title='bbox 3373 4787 3402 4842; x_wconf 92' lang='lat'><strong>6</strong></span> <span class='ocrx_word' id='word_1_773' title='bbox 3482 4785 3686 4853; x_wconf 79' lang='grc' dir='ltr'>Ἰησοῦς</span> <span class='ocrx_word' id='word_1_774' title='bbox 3719 4805 3737 4822; x_wconf 85' lang='grc'>⁶</span> 
     </span>
    </p>
   </div>
   <div class='ocr_carea' id='block_1_102' title="bbox 2091 4873 3740 4956">
    <p class='ocr_par' dir='ltr' id='par_1_102' title="bbox 2091 4873 3740 4956">
     <span class='ocr_line' id='line_1_103' title="bbox 2091 4873 3740 4956; baseline -0.001 -22"><span class='ocrx_word' id='word_1_775' title='bbox 2091 4875 2242 4934; x_wconf 88' lang='grc' dir='ltr'>Νεύει</span> <span class='ocrx_word' id='word_1_776' title='bbox 2342 4876 2431 4932; x_wconf 79' lang='grc' dir='ltr'>οὖν</span> <span class='ocrx_word' id='word_1_777' title='bbox 2505 4877 2674 4950; x_wconf 82' lang='grc' dir='ltr'>τούτῳ</span> <span class='ocrx_word' id='word_1_778' title='bbox 2764 4877 2942 4953; x_wconf 76' lang='grc' dir='ltr'>Σίμων</span> <span class='ocrx_word' id='word_1_779' title='bbox 3027 4875 3246 4956; x_wconf 83' lang='grc' dir='ltr'>Πέτρος,</span> <span class='ocrx_word' id='word_1_780' title='bbox 3329 4873 3576 4933; x_wconf 82' lang='grc' dir='ltr'>πυθέσθαι</span> <span class='ocrx_word' id='word_1_781' title='bbox 3661 4879 3740 4943; x_wconf 83' lang='grc' dir='ltr'>τίς</span> 
     </span>
    </p>
   </div>
   <div class='ocr_carea' id='block_1_103' title="bbox 2088 4961 3736 5045">
    <p class='ocr_par' dir='ltr' id='par_1_103' title="bbox 2088 4961 3736 5045">
     <span class='ocr_line' id='line_1_104' title="bbox 2088 4961 3736 5045; baseline 0.002 -26"><span class='ocrx_word' id='word_1_782' title='bbox 2088 4961 2152 5019; x_wconf 81' lang='grc' dir='ltr'>ἂν</span> <span class='ocrx_word' id='word_1_783' title='bbox 2235 4962 2327 5032; x_wconf 79' lang='grc' dir='ltr'>εἴη</span> <span class='ocrx_word' id='word_1_784' title='bbox 2421 4965 2541 5044; x_wconf 86' lang='grc' dir='ltr'>περὶ</span> <span class='ocrx_word' id='word_1_785' title='bbox 2613 4967 2673 5023; x_wconf 79' lang='grc' dir='ltr'>οὗ</span> <span class='ocrx_word' id='word_1_786' title='bbox 2757 4963 2926 5045; x_wconf 86' lang='grc' dir='ltr'>λέγει.</span> <span class='ocrx_word' id='word_1_787' title='bbox 2999 4962 3304 5023; x_wconf 85' lang='grc' dir='ltr'>Ἐπιπεσὼν</span> <span class='ocrx_word' id='word_1_788' title='bbox 3389 4963 3444 5021; x_wconf 80' lang='grc' dir='ltr'><strong>δὲ</strong></span> <span class='ocrx_word' id='word_1_789' title='bbox 3531 4964 3736 5031; x_wconf 70' lang='grc' dir='ltr'>ἐκεῖνος</span> 
     </span>
    </p>
   </div>
   <div class='ocr_carea' id='block_1_104' title="bbox 2087 5053 3736 5137">
    <p class='ocr_par' dir='ltr' id='par_1_104' title="bbox 2087 5053 3736 5137">
     <span class='ocr_line' id='line_1_105' title="bbox 2087 5053 3736 5137; baseline -0.001 -25"><span class='ocrx_word' id='word_1_790' title='bbox 2087 5054 2171 5112; x_wconf 79' lang='grc' dir='ltr'>ἐπὶ</span> <span class='ocrx_word' id='word_1_791' title='bbox 2228 5055 2290 5110; x_wconf 83' lang='grc' dir='ltr'>τὸ</span> <span class='ocrx_word' id='word_1_792' title='bbox 2366 5055 2557 5122; x_wconf 72' lang='grc' dir='ltr'>στῆθος</span> <span class='ocrx_word' id='word_1_793' title='bbox 2629 5064 2722 5116; x_wconf 82' lang='grc' dir='ltr'>τοῦ</span> <span class='ocrx_word' id='word_1_794' title='bbox 2791 5053 2989 5134; x_wconf 82' lang='grc' dir='ltr'><strong>Ἰητοῦ,</strong></span> <span class='ocrx_word' id='word_1_795' title='bbox 3075 5053 3220 5134; x_wconf 83' lang='grc' dir='ltr'>λέγει</span> <span class='ocrx_word' id='word_1_796' title='bbox 3293 5057 3438 5132; x_wconf 69' lang='grc' dir='ltr'>αὐτῷ</span> <span class='ocrx_word' id='word_1_797' title='bbox 3471 5075 3486 5090; x_wconf 77' lang='grc'><strong><em>⁸</em></strong></span> <span class='ocrx_word' id='word_1_798' title='bbox 3557 5056 3736 5137; x_wconf 81' lang='grc' dir='ltr'>Κύριε,</span> 
     </span>
    </p>
   </div>
   <div class='ocr_carea' id='block_1_105' title="bbox 3239 3438 3747 3522">
    <p class='ocr_par' dir='ltr' id='par_1_105' title="bbox 3239 3438 3747 3522">
     <span class='ocr_line' id='line_1_106' title="bbox 3239 3438 3747 3522; baseline -0.008 -24"><span class='ocrx_word' id='word_1_799' title='bbox 3239 3489 3254 3522; x_wconf 89' lang='grc'><strong>,</strong></span> <span class='ocrx_word' id='word_1_800' title='bbox 3317 3438 3466 3522; x_wconf 78' lang='grc' dir='ltr'>ἔχεις</span> <span class='ocrx_word' id='word_1_801' title='bbox 3517 3463 3566 3496; x_wconf 92' lang='grc' dir='ltr'><strong>τι</strong></span> <span class='ocrx_word' id='word_1_802' title='bbox 3613 3440 3747 3518; x_wconf 74' lang='grc' dir='ltr'>πρὸς</span> 
     </span>
    </p>
   </div>
   <div class='ocr_carea' id='block_1_106' title="bbox 1589 5337 2482 5423">
    <p class='ocr_par' dir='ltr' id='par_1_106' title="bbox 1589 5337 2482 5423">
     <span class='ocr_line' id='line_1_107' title="bbox 1589 5337 2482 5423; baseline 0.003 -20"><span class='ocrx_word' id='word_1_803' title='bbox 1589 5337 1762 5404; x_wconf 83' lang='lat' dir='ltr'><strong>Joan.</strong></span> <span class='ocrx_word' id='word_1_804' title='bbox 1794 5337 1966 5423; x_wconf 89' lang='lat' dir='ltr'><strong>Bapt.</strong></span> <span class='ocrx_word' id='word_1_805' title='bbox 1998 5339 2279 5407; x_wconf 84' lang='lat' dir='ltr'><strong>Gotelerii</strong></span> <span class='ocrx_word' id='word_1_806' title='bbox 2305 5347 2482 5406; x_wconf 61' lang='lat' dir='ltr'><strong>notae.</strong></span> 
     </span>
    </p>
   </div>
   <div class='ocr_carea' id='block_1_107' title="bbox 348 5473 2004 5559">
    <p class='ocr_par' dir='ltr' id='par_1_107' title="bbox 348 5473 2004 5559">
     <span class='ocr_line' id='line_1_108' title="bbox 348 5473 2004 5559; baseline -0.002 -14"><span class='ocrx_word' id='word_1_807' title='bbox 348 5479 704 5545; x_wconf 75' lang='lat' dir='ltr'><strong>vicesimum</strong></span> <span class='ocrx_word' id='word_1_808' title='bbox 727 5477 974 5542; x_wconf 86' lang='lat' dir='ltr'><strong>tertium</strong></span> <span class='ocrx_word' id='word_1_809' title='bbox 1003 5473 1167 5537; x_wconf 86' lang='lat' dir='ltr'><strong>diem</strong></span> <span class='ocrx_word' id='word_1_810' title='bbox 1184 5474 1459 5559; x_wconf 69' lang='lat' dir='ltr'><strong>eiusdem</strong></span> <span class='ocrx_word' id='word_1_811' title='bbox 1470 5476 1718 5559; x_wconf 78' lang='lat' dir='ltr'><strong>mensis,</strong></span> <span class='ocrx_word' id='word_1_812' title='bbox 1739 5478 2004 5542; x_wconf 83' lang='lat' dir='ltr'><strong>traditus</strong></span> 
     </span>
    </p>
   </div>
   <div class='ocr_carea' id='block_1_108' title="bbox 347 5557 1999 5640">
    <p class='ocr_par' dir='ltr' id='par_1_108' title="bbox 347 5557 1999 5640">
     <span class='ocr_line' id='line_1_109' title="bbox 347 5557 1999 5640; baseline -0.001 -15"><span class='ocrx_word' id='word_1_813' title='bbox 347 5569 440 5626; x_wconf 89' lang='lat' dir='ltr'><strong>est</strong></span> <span class='ocrx_word' id='word_1_814' title='bbox 469 5561 810 5640; x_wconf 69' lang='lat' dir='ltr'><strong>Dominus,</strong></span> <span class='ocrx_word' id='word_1_815' title='bbox 824 5562 880 5620; x_wconf 89' lang='lat' dir='ltr'><strong>et</strong></span> <span class='ocrx_word' id='word_1_816' title='bbox 906 5559 1238 5640; x_wconf 69' lang='lat' dir='ltr'><strong>cruciﬁxus</strong></span> <span class='ocrx_word' id='word_1_817' title='bbox 1288 5557 1575 5640; x_wconf 73' lang='lat' dir='ltr'><strong>videlicet</strong></span> <span class='ocrx_word' id='word_1_818' title='bbox 1598 5557 1999 5624; x_wconf 37' lang='lat' dir='ltr'><strong>die’vicesimo</strong></span> 
     </span>
    </p>
   </div>
   <div class='ocr_carea' id='block_1_109' title="bbox 348 5634 1999 5722">
    <p class='ocr_par' dir='ltr' id='par_1_109' title="bbox 348 5634 1999 5722">
     <span class='ocr_line' id='line_1_110' title="bbox 348 5634 1999 5722; baseline 0 -17"><span class='ocrx_word' id='word_1_819' title='bbox 348 5643 553 5722; x_wconf 83' lang='lat' dir='ltr'><strong>tertio,</strong></span> <span class='ocrx_word' id='word_1_820' title='bbox 590 5658 706 5722; x_wconf 69' lang='lat' dir='ltr'><strong>quo</strong></span> <span class='ocrx_word' id='word_1_821' title='bbox 734 5634 813 5703; x_wconf 78' lang='lat' dir='ltr'><strong>ad</strong></span> <span class='ocrx_word' id='word_1_822' title='bbox 840 5634 1399 5722; x_wconf 66' lang='lat' dir='ltr'><strong>uesperamPascha</strong></span> <span class='ocrx_word' id='word_1_823' title='bbox 1417 5639 1795 5722; x_wconf 60' lang='lat' dir='ltr'><strong>Iudaeorum.</strong></span> <span class='ocrx_word' id='word_1_824' title='bbox 1814 5641 1901 5704; x_wconf 86' lang='lat' dir='ltr'><strong>Et</strong></span> <span class='ocrx_word' id='word_1_825' title='bbox 1920 5659 1999 5705; x_wconf 85' lang='lat' dir='ltr'><strong>ne</strong></span> 
     </span>
    </p>
   </div>
   <div class='ocr_carea' id='block_1_110' title="bbox 2169 5477 3733 5560">
    <p class='ocr_par' dir='ltr' id='par_1_110' title="bbox 2169 5477 3733 5560">
     <span class='ocr_line' id='line_1_111' title="bbox 2169 5477 3733 5560; baseline 0.001 -24"><span class='ocrx_word' id='word_1_826' title='bbox 2169 5477 2294 5560; x_wconf 76' lang='lat'><strong>(22)</strong></span> <span class='ocrx_word' id='word_1_827' title='bbox 2329 5502 2358 5536; x_wconf 72' lang='grc' dir='ltr'>α</span> <span class='ocrx_word' id='word_1_828' title='bbox 2388 5485 2496 5539; x_wconf 82' lang='grc' dir='ltr'>Φεῦ</span> <span class='ocrx_word' id='word_1_829' title='bbox 2520 5483 2621 5547; x_wconf 74' lang='grc' dir='ltr'><strong>τῆς</strong></span> <span class='ocrx_word' id='word_1_830' title='bbox 2640 5478 2820 5560; x_wconf 82' lang='grc' dir='ltr'>ἀνοίας</span> <span class='ocrx_word' id='word_1_831' title='bbox 2837 5488 2930 5540; x_wconf 79' lang='grc' dir='ltr'>τοῦ</span> <span class='ocrx_word' id='word_1_832' title='bbox 2957 5479 3331 5560; x_wconf 81' lang='grc' dir='ltr'>ἀγραμμάτου.</span> <span class='ocrx_word' id='word_1_833' title='bbox 3366 5504 3395 5537; x_wconf 73' lang='grc' dir='ltr'><strong>ι</strong></span> <span class='ocrx_word' id='word_1_834' title='bbox 3423 5479 3733 5545; x_wconf 83' lang='lat' dir='ltr'><strong>Glossema</strong></span> 
     </span>
    </p>
   </div>
   <div class='ocr_carea' id='block_1_111' title="bbox 2085 5559 3485 5642">
    <p class='ocr_par' dir='ltr' id='par_1_111' title="bbox 2085 5559 3485 5642">
     <span class='ocr_line' id='line_1_112' title="bbox 2085 5559 3485 5642; baseline 0.004 -20"><span class='ocrx_word' id='word_1_835' title='bbox 2085 5559 2464 5642; x_wconf 87' lang='lat' dir='ltr'><strong>manifestum</strong></span> <span class='ocrx_word' id='word_1_836' title='bbox 2509 5559 2667 5642; x_wconf 93' lang='lat' dir='ltr'><strong>quod</strong></span> <span class='ocrx_word' id='word_1_837' title='bbox 2697 5561 2867 5625; x_wconf 89' lang='lat' dir='ltr'><strong>deest</strong></span> <span class='ocrx_word' id='word_1_838' title='bbox 2891 5561 2956 5623; x_wconf 94' lang='lat' dir='ltr'><strong>in</strong></span> <span class='ocrx_word' id='word_1_839' title='bbox 2985 5559 3103 5642; x_wconf 82' lang='lat' dir='ltr'><strong>alio</strong></span> <span class='ocrx_word' id='word_1_840' title='bbox 3131 5561 3342 5624; x_wconf 86' lang='lat' dir='ltr'><strong>codice</strong></span> <span class='ocrx_word' id='word_1_841' title='bbox 3371 5579 3485 5628; x_wconf 90' lang='lat' dir='ltr'><strong>ms.</strong></span> 
     </span>
    </p>
   </div>
   <div class='ocr_carea' id='block_1_112' title="bbox 2170 5640 3728 5728">
    <p class='ocr_par' dir='ltr' id='par_1_112' title="bbox 2170 5640 3728 5728">
     <span class='ocr_line' id='line_1_113' title="bbox 2170 5640 3728 5728; baseline 0 -4"><span class='ocrx_word' id='word_1_842' title='bbox 2170 5641 2294 5724; x_wconf 76' lang='lat'><strong>(23)</strong></span> <span class='ocrx_word' id='word_1_843' title='bbox 2335 5665 2364 5698; x_wconf 73' lang='grc' dir='ltr'><strong>ε</strong></span> <span class='ocrx_word' id='word_1_844' title='bbox 2397 5640 2728 5728; x_wconf 57' lang='grc' dir='ltr'><strong>Εξεφῆσιξμαιν</strong></span> <span class='ocrx_word' id='word_1_845' title='bbox 2759 5666 2788 5700; x_wconf 69' lang='grc' dir='ltr'>ι</span> <span class='ocrx_word' id='word_1_846' title='bbox 2827 5649 2944 5707; x_wconf 65' lang='grc' dir='ltr'>διο·</span> <span class='ocrx_word' id='word_1_847' title='bbox 2993 5640 3200 5728; x_wconf 52' lang='lat' dir='ltr'><strong>Usque</strong></span> <span class='ocrx_word' id='word_1_848' title='bbox 3222 5641 3728 5728; x_wconf 61' lang='grc' dir='ltr'><strong>δςιβενξιφθεγξάμε-</strong></span> 
     </span>
    </p>
   </div>
   <div class='ocr_carea' id='block_1_113' title="bbox 342 5716 3442 5869">
    <p class='ocr_par' dir='ltr' id='par_1_113' title="bbox 342 5716 3442 5869">
     <span class='ocr_line' id='line_1_114' title="bbox 342 5716 3442 5869; baseline 0.002 -89"><span class='ocrx_word' id='word_1_849' title='bbox 342 5716 783 5869; x_wconf 43' lang='grc' dir='ltr'><strong>Εἶεῐέἕθὲξὲιη</strong></span> <span class='ocrx_word' id='word_1_850' title='bbox 847 5716 1169 5781; x_wconf 78' lang='lat' dir='ltr'><strong>lectionem</strong></span> <span class='ocrx_word' id='word_1_851' title='bbox 1227 5717 1582 5782; x_wconf 82' lang='lat' dir='ltr'><strong>conﬁrmant</strong></span> <span class='ocrx_word' id='word_1_852' title='bbox 1641 5719 1884 5787; x_wconf 74' lang='lat' dir='ltr'><strong>Nicetes</strong></span> <span class='ocrx_word' id='word_1_853' title='bbox 1939 5731 1999 5784; x_wconf 84' lang='lat' dir='ltr'><strong>et</strong></span> <span class='ocrx_word' id='word_1_854' title='bbox 2079 5716 2194 5801; x_wconf 69' lang='lat' dir='ltr'><strong>voc,</strong></span> <span class='ocrx_word' id='word_1_855' title='bbox 2225 5716 2392 5784; x_wconf 81' lang='lat' dir='ltr'><strong>num.</strong></span> <span class='ocrx_word' id='word_1_856' title='bbox 2426 5721 2531 5804; x_wconf 68' lang='lat'><strong>21,</strong></span> <span class='ocrx_word' id='word_1_857' title='bbox 2561 5716 2837 5787; x_wconf 84' lang='lat' dir='ltr'><strong>absunta</strong></span> <span class='ocrx_word' id='word_1_858' title='bbox 2868 5741 3012 5788; x_wconf 89' lang='lat' dir='ltr'><strong>mss.</strong></span> <span class='ocrx_word' id='word_1_859' title='bbox 3047 5716 3228 5805; x_wconf 72' lang='lat'><strong>1996,</strong></span> <span class='ocrx_word' id='word_1_860' title='bbox 3259 5722 3442 5788; x_wconf 75' lang='lat'><strong>2622.</strong></span> 
     </span>
    </p>
   </div>
   <div class='ocr_carea' id='block_1_114' title="bbox 398 5800 732 5866">
    <p class='ocr_par' dir='ltr' id='par_1_114' title="bbox 398 5800 732 5866">
     <span class='ocr_line' id='line_1_115' title="bbox 398 5800 732 5866; baseline -0.009 0"><span class='ocrx_word' id='word_1_861' title='bbox 398 5800 732 5866; x_wconf 83' lang='lat' dir='ltr'><strong>umbertus.</strong></span> 
     </span>
    </p>
   </div>
  </div>
