4176 6408
313 393 430 458 ’777

1808 394 2219 460 EPISTOLE.

3581 413 3702 480 778

309 527 606 618 Ἐπιθυμίᾳῇ
644 529 950 618 ἐπεθύμησα
1001 531 1066 587 τὸ
1140 531 1334 612 Πάσχα
1388 540 1540 591 τοῦτο
1596 543 1788 612 φαγεῖν
1843 527 1957 606 μεθ’

2058 525 2384 618 iesideraoi
2421 532 2655 594 Pascha
2673 531 2786 594 hoc
2835 534 3215 599 manducare
3271 536 3580 603 vobiscum
3608 540 3689 618 98,

309 620 457 695 ὑμῶν
492 641 516 676 ι
559 611 712 701 (29),
738 625 836 686 τῆς
880 619 1020 701 ὥρας
1063 618 1306 688 δηλονότι
1337 621 1608 702 φθασάσης
1637 629 1729 680 τοῦ
1766 619 1962 682 πάθους

2058 633 2263 697 nempe
2286 617 2644 682 adventante
2675 621 2824 684 hora
2845 623 3138 702 passionis
3167 643 3309 691 suae.

311 708 491 768 αὐτοῦ.

387 785 499 876 κγ’.
558 800 618 856 Οἱ
675 796 728 854 δὲ
784 804 892 855 τῶν
955 799 1166 875 ἀζύμων
1239 800 1560 881 μετέχοντες
1619 796 1965 857 κινδυνεύουσι

307 885 669 951 λανθανόντως
727 887 800 951 είς
855 887 953 956 τὴν
1012 895 1106 945 τοῦ
1166 886 1572 970 Ἀπολλιναρίου
1637 889 1968 967 περιπίπτειν

307 975 514 1055 α’ἷρεσιν
560 975 698 1053 (30).
755 976 1000 1042 Ἐκεῖνος
1053 979 1153 1058 γὰρ
1209 984 1366 1055 σῶμα
1425 979 1586 1055 μόνον
1642 975 1852 1058 ἄψυχον
1880 975 1968 1034 καὶ

308 1065 461 1123 ἄνουν
491 1064 788 1141 ἐτόλμησεν
847 1068 1043 1140 εἰπεῖν,
1105 1066 1294 1125 λαϐεῖν
1351 1070 1441 1125 τὸν
1490 1071 1612 1125 Υἱὸν
1651 1069 1741 1125 καὶ
1797 1067 1967 1145 Λόγον

310 1164 403 1214 τοῦ
433 1162 565 1212 Θεοῦ
619 1153 679 1211 ἐκ
733 1160 832 1223 τῆς
876 1157 1029 1236 ἁγίας
1074 1157 1356 1238 Παρθένου,
1417 1158 1601 1237 ἀρκεῖν
1655 1155 1826 1235 λέγων
1857 1155 1971 1212 ἀντὶ

309 1250 495 1325 ψυχῆς
550 1247 638 1302 καὶ
695 1246 839 1318 νοὸς,
911 1245 1010 1313 τὴν
1081 1246 1330 1313 θεότητα.
1409 1248 1508 1305 Καὶ
1576 1249 1624 1302 οἱ
1680 1246 1747 1302 τὰ
1799 1243 1970 1320 ἄζυμα

309 1313 750 1414 πρόσκομίζοντες
796 1335 982 1414 νεκρὰν
1039 1335 1209 1416 σάρκα
1263 1339 1352 1393 καὶ
1395 1337 1518 1416 οὐχὶ
1574 1339 1746 1407 ζῶσαν
1794 1356 1968 1414 προσ-

309 1423 574 1505 φέρουσιν.
616 1414 677 1480 ’Π
739 1431 839 1502 γὰρ
896 1414 1140 1503 προζύμη
1185 1424 1299 1482 ἀντὶ
1353 1414 1539 1505 ψυχῆς
1596 1428 1674 1499 τῷ
1729 1420 1883 1502 [ΑΗ.
1918 1421 1971 1487 ἐν

307 1512 414 1594 τῷ]
446 1512 712 1594 φυράματι
769 1513 991 1593 γίνεται,
1050 1516 1138 1570 καὶ
1191 1514 1253 1570 τὸ
1310 1513 1444 1578 ἅλας
1503 1514 1619 1571 ἀντὶ
1675 1521 1767 1571 τοῦ
1797 1511 1915 1576 νοός
1955 1543 1970 1560 ι

307 1605 342 1660 ἃ
399 1603 477 1680 μὴ
529 1599 659 1682 ’έχον
716 1602 778 1658 τὸ
845 1601 1064 1679 ἄζυμον,
1123 1611 1238 1666 πῶς
1283 1603 1378 1660 οῦκ
1433 1602 1645 1684 ἄψυχόν
1714 1603 1825 1658 ἐστι
1877 1608 1973 1662 καὶ

310 1694 492 1774 νεκρὸν
523 1693 613 1748 καὶ
644 1698 720 1766 τῷ
748 1691 858 1748 ὄντι
917 1693 1227 1772 νεκροποιόν
1259 1712 1277 1771 ς
1340 1683 1397 1752 ιΟ
1441 1683 1554 1773 γὰρ
1574 1683 1581 1684 ί
1600 1693 1786 1772 Κύριος
1815 1693 1969 1768 ἡμῶν

310 1780 516 1849 Ἰησοῦς
570 1781 794 1858 Χριστὸς
851 1779 1054 1844 τέλειος
1124 1781 1197 1839 ὢν
1278 1784 1408 1846 Θεὸς
1465 1784 1554 1839 καὶ
1611 1781 1810 1846 τέλειος
1870 1779 1967 1836 ἅν-

2127 793 2226 858 23.
2254 793 2365 868 Qui
2383 805 2580 860 autem
2601 818 2800 880 azyma
2829 809 3094 878 sumunt,
3147 802 3210 865 in
3241 805 3573 885 periculum
3604 808 3694 870 in-

2049 893 2296 970 currunt
2326 885 2476 947 clam
2507 887 2824 950 delabendi
2878 890 2951 952 ad
3000 892 3367 970 Apollinaris
3396 897 3692 961 haeresim.

2051 969 2357 1052 Siquidem
2405 975 2504 1066 ille
2535 995 2714 1039 ausus
2769 988 2860 1040 est
2915 979 3213 1045 afﬁrmare
3262 1002 3478 1066 corpus
3505 987 3697 1048 solum

2053 1062 2268 1157 animae
2296 1063 2633 1146 mentisque
2689 1086 2902 1148 expers
2957 1079 3326 1151 assumptum
3368 1062 3567 1137 luisse
3595 1094 3703 1157 per

2054 1150 2391 1244 Yerbumet
2420 1154 2633 1244 Filium
2661 1156 2790 1232 Dei,
2824 1157 2898 1219 de
2915 1167 3119 1222 sancta
3148 1150 3434 1244 Virgine;
3461 1150 3702 1227 conten-

2053 1237 2256 1321 ditque
2271 1240 2642 1306 divinitatem
2667 1246 2942 1309 sufficere
2964 1247 3095 1310 loco
3113 1237 3326 1313 animae
3354 1237 3431 1314 ac.
3457 1253 3698 1316 mentis.

2051 1325 2198 1390 Item
2228 1331 2330 1411 qui
2359 1336 2574 1413 azymis
2605 1333 2666 1396 in
2718 1335 2900 1398 missa
2952 1345 3219 1418 utuntur,
3257 1359 3502 1404 comem
3535 1361 3702 1404 mor-

2055 1423 2237 1494 tuam,
2273 1439 2392 1483 non
2421 1429 2617 1484 autem
2650 1423 2942 1487 viventem
3002 1427 3279 1492 oﬁ‘erunt.
3315 1433 3698 1493 Fermentum

2053 1524 2310 1600 namque
2342 1529 2450 1591 pro
2479 1511 2678 1573 anima
2707 1513 2774 1574 ﬁt
2804 1532 3036 1597 massae,
3092 1527 3150 1579 et
3180 1518 3268 1581 sal
3297 1537 3402 1600 pro
3447 1529 3648 1583 mente
3682 1541 3698 1582 :

2052 1596 2270 1687 quibus
2299 1618 2566 1680 azymum
2599 1621 2734 1663 cum
2763 1612 2984 1680 careat,
3023 1596 3146 1687 qua
3175 1596 3408 1669 ratione
3439 1628 3558 1671 non
3591 1610 3706 1671 erit

2052 1684 2470 1766 inanimatam,
2506 1698 2831 1766 mortuum,
2893 1684 3144 1775 ipsaque
3174 1715 3240 1759 re
3272 1699 3644 1760 mortiferum
3678 1699 3704 1760 Υ

2050 1776 2284 1869 Etenim
2317 1777 2606 1869 Dominus
2658 1788 2862 1843 noster
2901 1783 3074 1845 Jesus
3115 1783 3380 1848 Christus
3410 1787 3710 1869 perfectus

312 1875 543 1948 θρωπος,
586 1869 800 1935 διπλοῦς
831 1871 929 1928 τὶν
977 1873 1151 1952 φύσιν,
1211 1870 1330 1930 ἀλλ’
1387 1875 1447 1930 οὗ
1499 1873 1598 1940 τὴν
1654 1874 1963 1946 ὑποστασιν,

2058 1863 2212 1926 Deus
2242 1872 2300 1927 et
2328 1867 2627 1947 perfectus
2689 1869 2896 1952 homo,
2956 1871 3173 1953 duplex
3218 1863 3450 1952 natura,
3504 1885 3562 1938 at
3586 1895 3708 1939 non

317 1967 474 2036 σῶμα
525 1958 772 2040 ’ἔμψυχόν
841 1982 900 2017 τε
955 1962 1044 2017 καὶ
1098 1960 1274 2018 ἔννουν
1327 1961 1387 2018 ἐκ
1441 1967 1540 2029 τῆς
1601 1959 1968 2040 Ἀειπαρθένου

311 2046 770 2130 προσλαϐόμενος,
831 2047 916 2105 διὰ
971 2049 1172 2107 τελείου
1233 2049 1390 2129 ἄρτου
1447 2051 1664 2114 εἰκότως
1694 2047 1966 2129 παρέδωκε

309 2141 372 2196 τὸ
439 2143 540 2207 τῆς
627 2144 818 2207 καινῆς
897 2141 1166 2209 Διαθήκης
1250 2140 1536 2219 μυστήριον
1570 2155 1584 2169 ⁸
1671 2137 1965 2216 εὐλογήσας

310 2229 491 2305 αὒτὸν,
535 2230 626 2286 καὶ
665 2227 894 2300 κλάσας,
940 2229 1029 2285 καὶ
1083 2229 1267 2309 εἰπὼν,
1304 2250 1332 2287 «
1368 2227 1592 2309 Λάϐετε,
1638 2229 1832 2308 φάγετε
1865 2244 1881 2260 ⁸
1931 2250 1960 2283 ι

309 2318 368 2384 ὅς
425 2317 567 2374 ἐστιν
625 2320 654 2375 ὁ
710 2316 1014 2398 ἐπουράνιος
1071 2318 1227 2398 ἄρτος
1287 2320 1372 2374 καὶ
1428 2319 1649 2390 ζωτικὸς
1707 2319 1795 2374 καὶ
1823 2318 1968 2388 ζωὴν

308 2406 476 2471 διδοὺς
558 2421 676 2473 τοῖς
759 2407 1011 2465 ἐσθίουσιν
1082 2407 1239 2464 αῦτόν
1284 2426 1303 2445 ⁶
1388 2408 1561 2471 καθὼς
1646 2408 1674 2463 ὁ
1744 2407 1966 2486 Χρσιτὸς

309 2497 668 2577 ἐπηγγείλατο
697 2496 866 2576 λέγων
901 2513 916 2528 ⁹
975 2516 1001 2556 ι
1066 2487 1123 2556 Ὀ
1171 2498 1391 2577 τρώγων
1425 2521 1524 2573 μου
1556 2497 1655 2564 τὴν
1685 2496 1852 2576 σάρκα
1882 2498 1970 2554 καὶ

308 2587 472 2644 πίνων
503 2609 606 2665 μου
631 2589 692 2644 τὸ
721 2590 860 2664 αἷμα
889 2585 942 2644 ἐν
974 2585 1091 2663 ἐμοὶ
1121 2586 1289 2663 μένει,
1321 2586 1474 2666 κάγὼ
1505 2585 1558 2642 ἐν
1589 2589 1752 2660 αὐτῷ.
1791 2605 1817 2643 δ

391 2667 498 2737 κδ’.
560 2678 620 2734 Εἰ
662 2675 717 2733 δὲ
775 2678 862 2733 καὶ
905 2677 1036 2757 πρὸς
1092 2677 1192 2745 τὴν
1245 2682 1352 2732 τῶν
1411 2674 1701 2755 εἰρημένων
1755 2671 1970 2750 δύναμιν

311 2763 761 2846 δυσανασχετεῖτε
856 2767 944 2822 καὶ
1028 2764 1338 2845 φιλονείκως
1427 2763 1570 2844 [ΑΗ.
1658 2761 1969 2845 φιλονίκως]

312 2853 654 2934 διενίστασθε,
714 2855 858 2935 παρὰ
933 2861 1040 2912 τῶν
1110 2855 1273 2934 ἁγίων
1355 2852 1600 2932 λέγοντες
1657 2851 1968 2909 ἀποστόλων

314 2943 514 3026 Πέτρου
569 2946 658 3001 καὶ
740 2944 949 3001 Παύλου
1032 2945 1131 3012 τὴν
1213 2950 1320 3002 τῶν
1399 2944 1612 3020 ἀζύμων
1681 2941 1968 3022 παράδοσιν

311 3031 665 3114 παραλαϐεῖν,
761 3034 1124 3114 συνερχόμεθα
1192 3033 1289 3092 κᾶν
1374 3033 1544 3106 τούτῳ
1608 3037 1678 3108 τῇ
1745 3030 1970 3109 ὑμετέρᾳ

311 3120 656 3203 ἀδελφότητι,
701 3123 790 3180 καὶ
845 3119 1077 3198 δείξομεν
1136 3122 1229 3178 σὺν
1285 3128 1421 3201 Θεῷ,
1480 3121 1598 3176 τινὰ
1666 3123 1773 3176 τῶν
1828 3118 1971 3196 παρὰ

310 3218 417 3270 τῶν
488 3211 802 3268 ἀποστόλων
871 3209 1291 3292 παραδοθέντων,
1362 3207 1450 3268 ὑπ’
1523 3209 1734 3266 ἐκείνων
1804 3208 1969 3264 αὐτῶν
1990 3249 2031 3300 C

313 3300 472 3360 πάλιν
515 3299 856 3381 διορθωθέντα
917 3299 1058 3381 [ΑΗ.
1116 3297 1468 3382 ἀναιρεθέντα]
1529 3299 1617 3356 καὶ
1668 3317 1970 3374 μεταποιη-

315 3389 467 3446 θέντα
524 3393 653 3471 πρὸς
714 3393 775 3448 τὸ
834 3388 1198 3472 εὐσεϐέστερον
1231 3411 1248 3429 ⁶
1310 3394 1402 3447 οἷα
1456 3394 1556 3456 τῆς
1613 3389 1687 3451 εἷς
1746 3386 1970 3465 Χριστὸν

318 3479 545 3544 πίστεως
599 3479 1016 3562 κρατυνομένης,
1071 3481 1161 3537 καὶ
1238 3486 1337 3549 τῆς
1419 3475 1741 3545 Ἐκκλησίας
1814 3481 1969 3548 Θεοῧ,

319 3568 504 3649 χάριτι
564 3563 950 3650 στερεουμένης
1034 3571 1123 3627 καὶ
1211 3567 1637 3644 πλατυνομένης.
1723 3566 1824 3624 Καὶ
1910 3565 1971 3619 τὸ

319 3655 594 3715 Σάϐϐατω
654 3660 751 3740 γὰρ
813 3661 913 3717 ⁴ίσα
975 3665 1042 3736 τῇ
1095 3660 1218 3736 ἁγίᾳ
1274 3664 1510 3738 Κυριακῇ
1567 3654 1972 3736 προσετάγημεν

318 3753 498 3824 τιμᾷν,
561 3750 648 3806 καὶ
702 3748 981 3828 φυλάττειν
1051 3749 1142 3804 καὶ
1211 3745 1377 3824 μηδὲν
1434 3745 1490 3802 ἐν
1551 3745 1694 3819 αῦτῷ
1752 3743 1972 3822 ἐργάζε-

316 3840 434 3893 σθαι
470 3855 485 3872 ⁸
545 3837 682 3897 ἀλλὰ
735 3845 890 3897 τοῦτο
947 3847 1033 3897 νῦν
1096 3841 1156 3898 οὒ
1213 3840 1434 3917 γίνεται.
1496 3836 1596 3894 Καὶ
1654 3833 1848 3913 Πέτρος
1918 3829 1972 3887 δὲ

312 3927 436 3991 τοὺς
495 3926 547 3993 ἐξ
595 3927 755 3986 ἐθνῶν
817 3927 1277 4010 προσερχομένους
1336 3933 1404 3998 τῇ
1464 3924 1747 4001 ἀμωμήτῳ
1801 3922 1973 3979 πίστει

308 4022 418 4073 τῶν
462 4023 815 4097 Χριστιανῶν,
888 4020 952 4075 τὸ
1003 4025 1214 4098 πρῶτον
1270 4015 1602 4095 περιέτεμνε,
1662 4013 1750 4070 καὶ
1804 4010 1972 4074 οὕτως

310 4102 557 4178 ἐϐάπτιζε
608 4105 730 4188 (31)
764 4127 777 4141 ·
841 4109 928 4166 καὶ
987 4106 1194 4171 Παῦλος
1253 4104 1306 4162 δὲ
1363 4107 1452 4162 τὸν
1518 4103 1771 4180 Τιμόθεον
1813 4122 1971 4181 περι-

314 4193 526 4270 έτεμεν.
601 4194 768 4254 Ἀλλὰ
833 4198 923 4254 καὶ
992 4200 1039 4254 οἱ
1090 4195 1489 4277 κατηχούμενοι
1544 4204 1970 4273 τριακονταετεῖς

312 4281 681 4357 ἐϐαπτίζοντο.
742 4287 842 4345 Καὶ
911 4284 1076 4352 ἄλλας
1144 4287 1292 4348 τινὰς
1375 4283 1598 4361 νομικὰς
1653 4280 1971 4360 παρατηρή-

316 4394 428 4438 σεις
509 4378 557 4432 οἱ
665 4376 998 4440 πιστεύοντες
1103 4374 1413 4456 ἐφύλαττον.
1501 4373 1602 4430 Καὶ
1697 4371 1972 4451 ἀρχιερεῖς

2050 1953 2460 2047 subsistentia,
2495 1957 2718 2047 quique
2747 1976 2966 2042 corpus
2997 1962 3538 2047 animamenteque
3565 1983 3715 2047 prm-

2049 2042 2236 2105 ditum
2266 2064 2299 2107 e
2330 2064 2570 2127 semper
2599 2046 2852 2127 Virgine
2882 2051 3224 2133 assumpsit,
3246 2042 3460 2115 merito
3480 2042 3711 2137 perpa-

2050 2151 2187 2194 nem
2221 2135 2548 2215 perfectum
2572 2137 2816 2198 tradidit
2832 2139 2966 2200 novi
2987 2142 3330 2204 testamenti
3361 2135 3707 2206 sacramen-

2051 2233 2202 2299 tum,
2226 2242 2414 2314 quem
2448 2224 2753 2314 benedixit
2776 2226 3102 2310 fregitque,
3134 2230 3383 2295 dicens:
3419 2235 3708 2314 Accipite,

2049 2313 2433 2404 manducata,
2457 2313 2842 2404 quiestpanis
2865 2318 3146 2393 caelestis,
3170 2320 3389 2397 vitalis,
3411 2313 3712 2404 vitamque

2048 2399 2309 2480 largiens
2327 2403 2788 2467 comedentibus
2810 2424 2947 2467 eum
2975 2429 2992 2482 ;
3015 2407 3172 2471 sicut
3192 2409 3462 2472 Christus
3494 2399 3716 2493 promi-

2052 2489 2150 2566 sit,
2173 2491 2286 2554 hoc
2300 2511 2581 2555 sermone
2605 2511 2618 2556 :
2663 2495 2786 2569 Qui
2801 2496 3339 2561 manducatmcam
3359 2489 3630 2576 carnem,
3655 2507 3712 2562 et

2053 2577 2411 2644 bibitmeum
2423 2584 2888 2663 sanguinem,in
2900 2593 3302 2661 memanet,et
3313 2605 3416 2667 ego
3431 2588 3710 2649 ἰηέιιοῖθ.

2131 2669 2232 2733 24.
2266 2668 2437 2742 Quod
2467 2672 2518 2732 si
2548 2671 2832 2734 adversus
2852 2672 3164 2736 allatorum
3188 2676 3304 2736 vim
3327 2694 3483 2757 aegre
3498 2676 3708 2740 feren-

2053 2765 2140 2820 tes
2162 2759 2780 2848 contentionisamore
2792 2760 3106 2848 obsistitis,
3124 2766 3596 2848 asseveratisque
3609 2785 3710 2829 vos

2052 2857 2087 2900 a
2115 2839 2339 2902 sanctis
2367 2841 2652 2929 apostolis
2679 2844 2858 2929 Petro
2916 2851 2976 2905 et
3020 2839 3204 2907 Paulo
3235 2839 3544 2927 accepisse
3572 2866 3709 2929 azy-
3746 2899 3756 2905 .

2055 2938 2282 2982 morum
2315 2922 2739 3004 traditionem;
2766 2922 2827 2984 in
2850 2942 2920 2985 eo
2949 2942 3188 3006 quoque
3215 2945 3353 2988 cum
3383 2922 3576 2989 vestra
3595 2922 3700 2990 fra-

2053 3009 2330 3098 ternitate
2363 3011 2816 3090 congredimur,
2881 3021 2941 3076 et
2986 3012 3109 3076 Deo
3135 3015 3456 3095 adjuvante
3487 3017 3708 3098 proba-

2053 3097 2276 3174 bimus,
2310 3100 2598 3162 nonnulla
2628 3119 2836 3163 eorum
2891 3121 3022 3183 qua;
3079 3102 3152 3164 ab
3182 3104 3468 3186 apostolis
3497 3107 3710 3168 tradita

2054 3187 2319 3265 fuerunt,
2349 3208 2460 3270 per
2499 3189 2662 3270 ipsos
2693 3191 2935 3253 eosdem
2969 3200 3177 3272 postea
3203 3202 3472 3256 correcta
3499 3193 3706 3272 fuisse,

2056 3282 2118 3340 et
2147 3278 2219 3339 ad
2252 3278 2541 3358 majorem
2574 3279 2859 3359 pietatem
2894 3281 3178 3343 translata
3211 3303 3225 3342 :
3255 3283 3394 3363 quia
3423 3283 3706 3346 nimirum

2055 3365 2206 3429 ﬁdes
2233 3367 2296 3428 in
2319 3367 2618 3431 Christum
2653 3368 3042 3431 corroborata
3071 3382 3185 3452 est,
3219 3381 3279 3434 et
3301 3372 3572 3435 Ecclesia
3602 3391 3709 3454 per

2052 3454 2166 3518 Dei
2195 3455 2448 3535 gratiam
2479 3457 2708 3518 ﬁrmata
2729 3469 2909 3539 atque
2930 3458 3190 3523 dilatata.
3215 3459 3454 3523 Etenim
3476 3460 3707 3524 Sabba—

2055 3552 2178 3606 tum
2212 3545 2340 3626 pari
2395 3546 2625 3608 honore
2680 3564 2814 3607 cum
2866 3546 3182 3612 Dominica
3228 3551 3512 3632 prosequi
3550 3550 3709 3630 jussi

2055 3651 2283 3710 sumus,
2321 3645 2381 3696 et
2411 3653 2671 3710 servare,
2697 3635 2968 3718 nihilque
2991 3655 3062 3699 eo
3084 3637 3183 3701 die
3199 3642 3434 3720 operari
3463 3658 3477 3704 :
3499 3658 3706 3702 verum

2055 3724 2170 3786 hoc
2201 3743 2359 3786 nunc
2390 3742 2765 3805 nequaquam
2819 3724 3191 3792 observatur.
3221 3728 3311 3792 Ad
3341 3730 3468 3792 haec
3496 3729 3706 3791 Petrus

2057 3831 2160 3901 eos
2189 3811 2292 3895 qui
2341 3831 2410 3875 ex
2463 3813 2740 3894 gentibus
2797 3815 3169 3879 accedebant
3221 3818 3294 3880 ad
3343 3819 3706 3901 inculpatam

2058 3900 2529 3966 Christianorum
2560 3902 2767 3979 ﬁdem,
2798 3903 3058 3985 primum
3082 3900 3567 3987 circumcidebat,
3594 3909 3707 3972 de-

2054 3991 2194 4054 inde
2208 3991 2576 4073 baptizabat;
2599 3994 2861 4075 itemque
2875 3993 3093 4057 Paulus
3121 3997 3710 4062 circumciditTimo-

2055 4081 2282 4143 theum.
2321 4080 2656 4154 Quinetiam
2709 4083 3150 4167 catechumeni,
3211 4105 3432 4150 annum
3463 4096 3711 4168 agentes

2054 4170 2428 4233 tricesimum
2457 4171 2926 4254 baptizabantur.
2958 4175 3107 4237 Aliae
3153 4177 3456 4239 nonnullae
3485 4179 3708 4258 legales

2055 4258 2544 4324 observationesa
2557 4262 2835 4326 ﬁdelibus
2847 4265 3704 4344 custodiebantur.Pontiﬁces,

2056 4367 2189 4412 cum
2208 4350 2492 4412 uxoribus
2514 4351 2958 4434 copulabantur.
2995 4355 3351 4435 Nuncporro
3367 4356 3514 4418 nihil
3540 4358 3705 4438 ejus-

314 4463 515 4543 γυναιξὶ
583 4467 1002 4546 συνεζεύγνυντο.
1077 4439 1226 4522 Ἀλλ’
1310 4461 1455 4521 οῦδὲν
1539 4458 1654 4541 ἄρτι
1736 4465 1970 4517 τοιοῦτον

2059 4439 2218 4501 modi
2235 4439 2297 4501 iu
2322 4459 2434 4502 usu
2459 4449 2551 4504 est
2577 4489 2593 4519 ,
2620 4441 2902 4523 quoniam
2926 4454 3136 4506 sancta
3155 4442 3262 4506 Dei
3280 4444 3545 4507 Ecclesia
3567 4451 3704 4526 (jam

317 4529 740 4632 ἐμπολιτεύεται,
797 4529 898 4624 τῆς
955 4565 1049 4615 τοῦ
1105 4562 1236 4614 Θεοῦ
1297 4551 1644 4623 Ἐκκλησίας,
1687 4551 1762 4614 ὡς
1817 4546 1970 4628 εἴρη-

2058 4529 2300 4630 dictum.
2314 4530 2440 4611 fuit)
2470 4529 2688 4592 robore
2719 4532 2924 4610 crevit,
2956 4540 3136 4614 atque
3181 4532 3256 4595 ad
3284 4533 3705 4616 perfectiorem

313 4665 428 4719 ται,
461 4645 978 4726 ἷσχυροποιουμένης
1029 4645 1118 4703 καὶ
1166 4643 1571 4726 προκοπτούσης
1625 4639 1712 4698 ἐπὶ
1738 4641 1800 4696 τὸ
1827 4639 1974 4696 ἐντε-

316 4732 593 4816 λέστερον.

393 4815 496 4888 ater.
560 4827 660 4884 Καὶ
716 4825 767 4884 τί
849 4827 1146 4904 θαυμαστὸν
1230 4825 1268 4895 ἢ
1339 4823 1510 4897 ξένον,
1585 4824 1631 4879 εἰ
1683 4830 1974 4890 τηνικαῦτα

309 4914 412 4990 μὲν
479 4918 526 4972 οἱ
582 4917 813 4993 μαθηταὶ
862 4915 917 4973 ἐν
974 4915 1122 4996 ἀρχῇ
1168 4924 1263 4975 τοῦ
1321 4913 1688 4994 κηρύγματος,
1745 4917 1814 4989 τῇ
1866 4917 1972 4969 τῶν

310 5001 528 5063 πολλῶν
586 5005 824 5080 ἀσθενείᾳ
862 5002 1392 5086 συγκαταϐαίνοντες,
1452 5002 1590 5061 τινὰς
1622 5008 1727 5060 τῶν
1781 5001 1974 5077 ἐθίμων

396 5161 459 5214 ³8
483 5161 630 5228 Luc.
659 5180 806 5242 nu,
837 5162 941 5241 20,
973 5162 1075 5228 15.
1158 5161 1418 5230 ³910³11.
1450 5180 1494 5240 ι,
1527 5161 1630 5227 56.

2059 4617 2334 4701 provenit
2361 4626 2602 4684 statum.

2136 4811 2236 4876 25.
2261 4810 2330 4874 Et
2350 4811 2493 4894 quid
2513 4811 2730 4874 mirum
2755 4821 2856 4876 aut
2878 4832 3117 4897 novum,
3136 4816 3188 4879 si
3230 4822 3372 4881 tunc
3399 4818 3708 4901 temporis,

2055 4921 2188 4965 cum
2206 4901 2501 4983 inciperet
2521 4901 2822 4981 Evangelii
2846 4904 3210 4985 praedicatio,
3233 4907 3532 4991 discipuli,
3559 4909 3712 4971 mul-

2055 4999 2256 5055 torum
2284 4991 2620 5056 inﬁrmitati
2647 5010 2783 5057 sese
2828 4995 3377 5075 accommodantes,
3411 4998 3712 5082 permise-

1561 5293 1735 5357 Joan.
1767 5291 1940 5376 Bapt.
1972 5289 2257 5356 Cotelerii
2285 5296 2464 5356 notae.

400 5429 530 5514 (29)
571 5455 600 5490 α
632 5431 760 5492 Μεθ’
785 5434 958 5512 ὑμῶν.
988 5457 1012 5494 ι
1042 5433 1292 5499 Addunt
1311 5431 1489 5514 codd.
1511 5429 1651 5505 912,
1674 5430 1983 5514 2473,}th

317 5509 426 5572 τοῦ
447 5509 521 5597 με
556 5519 747 5573 παθεῖν
773 5533 789 5548 ·
817 5509 1150 5597 antequam
1178 5516 1414 5597 patiar,
1447 5513 1592 5597 Luc.
1622 5528 1768 5597 xxu,
1800 5509 1902 5573 15.

405 5594 537 5675 (30)
568 5593 1002 5682 αῄΛανθανόντως
1031 5600 1105 5662 είς
1135 5593 1233 5682 τῇν
1261 5607 1371 5682 τοῦ.
1396 5593 1801 5682 Ἀπολλιναρίου
1827 5612 1984 5682 περι-

317 5672 530 5757 πιπτειν
562 5675 794 5757 αίρεσιν.
816 5700 855 5757 ,ι
910 5678 1139 5742 Citatur
1167 5679 1327 5740 hunc
1355 5675 1418 5738 in
1450 5672 1985 5757 modumadoctis-

316 5753 475 5821 simo
506 5753 869 5822 Combeﬁsio
901 5757 1165 5823 Auctarii
1191 5757 1254 5838 2,
1287 5759 1405 5825 col.
1436 5755 1554 5822 437
1591 5771 1607 5818 :
1669 5753 1982 5816 Πλανῶντες

743 5876 1000 5942 Panos.
1033 5875 1144 5943 Gn.
1172 5873 1345 5942 CXX.

2065 5430 2138 5494 εἰς
2166 5427 2268 5494 τὴν
2296 5421 3058 5504 Ἀπολλιναρίουπεριπίπτειν
3112 5422 3343 5504 αἳρεσιν,
3389 5423 3485 5489 Ne
3512 5442 3721 5491 errore

2065 5512 2133 5571 in
2155 5504 2532 5600 Apollinari}:
2558 5503 2832 5600 incidant
2854 5503 3163 5600 .ltteresizn:
3385 5586 3426 5600 Π

2063 5583 2280 5732 6991)
2301 5609 2324 5645 ι
2352 5588 2452 5646 Καὶ
2473 5585 2640 5652 οὕτως
2665 5583 2933 5658 ἐϐάπτιζε.
2979 5605 3010 5647 ›
3049 5583 3358 5668 Hujusque
3385 5585 3541 5651 liber
3567 5586 3717 5670 Reg.

3323 5872 3406 5936 25
