4176 6386
447 351 568 416 799

1350 349 1771 415 MICHAELIS
1811 350 2230 412 CERULARII
2271 350 2386 413 ΟΡ.
2433 351 2946 415 ΡΑΤΒΙΑΒΟΗιΕ

3720 336 3842 406 800

447 484 881 549 Exaltationem
913 484 1248 548 venerande
1279 483 1687 566 pratiosaque
1707 481 1900 544 crucis
1927 480 2095 542 Inve-

2174 485 2301 554 θων,
2358 483 2492 562 ἀνὴρ
2545 485 2719 558 τίμιος
2798 487 2886 540 καὶ
2957 485 3023 541 τὰ
3081 488 3202 541 θεῖα
3278 481 3466 560 σοφός.
3530 481 3629 538 Καὶ
3699 479 3835 538 ἆνᾶ-

446 573 579 636 nies
627 573 853 636 dictum
902 575 1270 653 Agathonem
1301 593 1334 635 a
1362 580 1562 635 sancta
1597 591 1667 634 ea
1695 571 1919 652 synodo
1960 569 2094 651 glo-

445 661 606 725 riose
635 663 974 746 pradicari.

2175 574 2335 649 γνωθι
2388 572 2455 627 τὰ
2497 573 2636 651 παρὰ
2697 570 2848 649 ΙΑΙΙ.
2908 573 3188 652 πρακτικὰ]
3247 575 3345 638 τῆς
3405 569 3564 635 ἕκτης
3595 567 3832 645 συνόδου,

2175 657 2296 725 ἥτις
2362 659 2530 716 εἰώθει
2589 667 2824 738 Κυριακῇ
2881 663 3016 736 μετὰ
3077 662 3176 728 τὴν
3245 660 3451 734 ὕψωσιν
3508 668 3601 716 τοῦ
3656 660 3832 734 τιμίου

445 745 667 833 σταυροῦ
695 753 1165 834 ἀναγινώσκεσθαι.
1212 754 1465 833 Εὒρήσεις
1495 752 1593 832 γὰρ
1620 752 1710 808 τὸν
1743 749 2014 830 εἰρημένον
2045 745 2321 826 Ἀγαθῶνα
2364 748 2592 813 εὖκλεῶς
2648 751 2748 806 ὁπὸ
2804 754 2903 817 τῆς
2961 751 3112 829 ἁγίας
3141 750 3338 816 ταύτης
3381 745 3596 806 συνόδου
3623 747 3833 816 ἀνακη-

445 864 536 922 ρυτ
543 843 628 899 ττό
634 865 790 918 μενον
802 889 814 903 .

530 932 589 995 5.
621 930 712 993 Ad
751 931 878 992 hac
909 949 1016 1010 ego
1047 949 1282 1012 quoque
1316 929 1483 991 testis
1513 946 1643 990 sum
1674 927 1836 988 omni
1872 945 2092 1007 excep-

447 1019 608 1081 tione
637 1020 850 1100 major,
883 1019 1103 1100 aliique
1145 1038 1380 1082 mecum
1432 1018 1631 1100 plures
1662 1035 1868 1078 eorum
1901 1016 2000 1097 qui
2032 1017 2092 1077 in

444 1104 712 1169 Ecclesia
756 1107 1125 1188 pracelluut,
1176 1108 1334 1188 quod
1385 1107 1496 1169 sub
1546 1105 1736 1167 beata
1785 1105 2093 1166 memoria

444 1197 778 1275 patriarcha
801 1196 1135 1259 Antiochia
1156 1198 1376 1259 domno
1397 1196 1648 1271 Joanne,
1679 1214 1828 1276 papa
1856 1196 2083 1269 Roma,

438 1283 569 1364 ipse
593 1285 767 1348 etiam
797 1283 1060 1348 Joannes
1089 1286 1449 1360 nominatus,
1481 1286 1543 1347 in
1575 1283 1761 1347 sacris
1795 1283 2089 1364 diptychis

439 1373 783 1435 referretur.
827 1372 1398 1455 Constantinopolim
1462 1382 1748 1453 praterea
1791 1380 1929 1434 ante
1978 1373 2089 1434 hos

437 1479 626 1523 annos
655 1462 1049 1544 quadraginta
1079 1463 1342 1544 quinque
1388 1462 1716 1543 ingressus,
1747 1461 1946 1542 reperi
1975 1461 2086 1524 sub

441 1559 665 1614 sancta
695 1552 1003 1614 memoria
1032 1552 1368 1633 patriarcha
1415 1553 1636 1613 domno
1688 1550 1898 1630 Sergio
1931 1569 2085 1631 pra-

441 1638 664 1702 dictum
707 1659 916 1721 papam
962 1641 1025 1702 in
1077 1660 1247 1703 sacra
1279 1641 1459 1702 missa
1488 1659 1624 1702 cum
1656 1639 1795 1701 uliis
1827 1638 2086 1714 patriar-

438 1728 568 1790 chis
596 1729 830 1793 referri.
877 1728 1003 1802 Quo
1044 1738 1242 1791 autem
1276 1741 1448 1810 pacto
1482 1736 1685 1811 postea
1717 1729 1846 1808 ejus
1874 1746 2088 1808 ampu-

2261 913 2329 986 ε’.
2398 922 2521 984 Ἐπὶ
2591 922 2645 980 δὲ
2728 927 2929 990 τούτοις
3006 926 3158 1004 κάγὼ
3237 925 3433 1004 μάρτυς
3517 925 3832 1004 ἀπαράγρα-

2172 1035 2328 1087 πτος,
2361 1015 2449 1070 καὶ
2493 1011 2644 1070 ἄλλοι
2687 1017 2777 1070 σὺν
2825 1014 2942 1091 ἐμοὶ
2998 1021 3104 1071 τῶν
3160 1019 3259 1082 τῆς
3317 1013 3637 1081 Ἐκκλησίας
3669 1013 3828 1071 ἐλλο-

2171 1103 2341 1181 γίμων
2393 1102 2605 1172 πολλοὶ,
2691 1103 2772 1160 ὅτι
2855 1105 2940 1161 ἐπὶ
3022 1112 3100 1180 τῷ
3182 1104 3449 1182 μακαρίτῃ
3505 1105 3819 1184 πατριάρχῃ

2171 1189 2504 1272 Ἀντιοχείας
2582 1199 2723 1272 κυρῷ
2803 1195 3047 1270 Ἰωάννῃ,
3121 1196 3149 1249 ὁ
3215 1195 3396 1256 πάπας
3449 1197 3548 1259 τῆς
3609 1185 3826 1268 Ῥώμης

2171 1277 2421 1347 Ἰωάννης
2491 1282 2579 1337 καὶ
2635 1281 2790 1346 αὐτὸς
2844 1282 3075 1362 ἀκούων,
3135 1282 3187 1338 ἐν
3242 1294 3360 1346 τοῖς
3418 1284 3582 1360 ἱεροῖς
3640 1279 3825 1338 διπτύ-

2169 1391 2293 1448 χοις
2364 1368 2662 1450 ἀνεφέρετο.
2726 1373 2823 1428 Καὶ
2879 1371 2934 1429 ἐν
3005 1368 3553 1427 Σωνσταντινουπόλει
3607 1368 3658 1425 δὲ
3727 1373 3828 1451 πρὸ

2169 1461 2378 1537 χρόνων
2447 1460 2833 1537 τεσσαράκοντα
2928 1461 3015 1516 καὶ
3097 1459 3252 1516 πέντε
3339 1457 3583 1515 εἰσελθὼν
3677 1463 3825 1538 εὗρον

2169 1546 2254 1603 ἐπὶ
2318 1555 2411 1605 τοῦ
2496 1550 2782 1627 μακαρίτου
2857 1551 3188 1629 πατριάρχου
3246 1556 3403 1628 κυροῦ
3459 1549 3678 1628 Σεργίου
3733 1551 3825 1606 τὸν

2169 1633 2470 1702 δηλωθέντα
2517 1638 2698 1693 πάπαν
2745 1637 2800 1694 ἐν
2849 1644 2918 1715 τῇ
2971 1640 3081 1710 θείᾳ
3139 1639 3484 1716 μυσταγωγίᾳ
3526 1638 3661 1712 μετὰ
3718 1643 3824 1694 τῶν

2171 1722 2348 1780 ἄλλων
2412 1732 2755 1806 πατριαρχῶν
2825 1727 3238 1807 ἀναφερόμενον.
3299 1728 3476 1790 Ὅπως
3535 1725 3590 1782 δὲ
3663 1725 3822 1784 ὕστε-

440 1823 559 1878 tata
585 1817 763 1880 fuerit
790 1818 1020 1894 relatio,
1062 1807 1343 1900 quanque
1392 1807 1774 1890 ob'causam,
1809 1817 1960 1879 clam
1981 1807 2090 1879 me

2172 1837 2260 1894 ρον
2313 1816 2346 1883 ἡ
2417 1817 2574 1872 αὖτοῦ
2632 1815 2861 1884 ἐξεκόπη
2920 1817 3182 1897 ἀναφορὰ,
3227 1819 3316 1873 καὶ
3371 1813 3436 1871 δι’
3503 1817 3566 1883 ἦν
3628 1819 3818 1896 αἰτίαν,

437 1913 549 1968 est.
583 1907 669 1968 Ac
698 1907 774 1968 de
806 1909 897 1969 his
929 1907 1169 1989 quidem
1192 1907 1273 1968 ita
1297 1925 1642 1988 persuasum
1676 1905 1926 1986 habens,
1951 1905 2087 1966 nolo

437 2000 495 2056 te
527 1995 784 2077 amplius
815 1997 971 2058 circa
1004 2014 1168 2078 papa
1195 1995 1546 2059 relationem
1579 1994 1871 2059 laborare.

513 2172 573 2232 6.
607 2171 794 2236 Porro
826 2193 1192 2256 quacunque
1223 2194 1257 2236 a
1287 2182 1345 2237 te
1377 2181 1721 2237 enumerata
1754 2181 1893 2235 sunt
1924 2172 2084 2234 Lati-

433 2278 645 2321 norum
676 2261 810 2323 vitia
833 2281 900 2324 ac
924 2273 1118 2324 errata
1146 2263 1573 2342 percurrimus.
1595 2262 1668 2323 Et
1697 2263 1812 2323 alia
1837 2261 2081 2340 quidem

431 2365 632 2409 eorum
682 2350 806 2411 visa
853 2361 991 2412 sunt
1041 2351 1333 2416 destanda
1386 2359 1559 2432 atque
1621 2349 1921 2428 fugienda,
1969 2350 2084 2411 alia

429 2455 568 2498 vero
602 2438 912 2515 sanabilia,
949 2441 1218 2521 quadam
1254 2439 1516 2521 denique
1551 2440 1722 2518 digna
1757 2458 1889 2520 qua
1909 2439 2083 2500 dissi-

430 2525 733 2588 mulentur
785 2528 935 2601 Quid
968 2530 1128 2590 enim
1161 2529 1234 2589 ad
1261 2549 1390 2603 nos,
1418 2529 1467 2590 si
1495 2529 1808 2608 pontiﬁces
1839 2527 2083 2588 barbam

427 2613 659 2690 radant,
711 2624 768 2677 et
815 2618 873 2678 in
925 2618 1156 2697 signum
1194 2618 1368 2681 (sicut
1400 2617 1720 2697 scripsisti)
1751 2617 2082 2696 desponsa-

428 2701 607 2764 tionis
637 2721 770 2765 cum
811 2715 1015 2768 sancta
1047 2708 1151 2770 Dei
1187 2709 1474 2787 Ecclesia,
1509 2714 1716 2785 gerant
1745 2705 2030 2767 annulum
2059 2705 2084 2766 ἲ

426 2787 546 2850 Nos
596 2811 832 2872 quoque
879 2812 1058 2874 supra
1110 2804 1286 2875 caput
1335 2795 1613 2858 Gararam
1673 2793 1964 2866 facimus,
2018 2795 2080 2856 in

425 2877 717 2938 honorem
781 2880 1026 2942 omnino
1087 2883 1283 2944 sumni
1343 2883 1500 2944 inter
1552 2880 1850 2962 apostolos
1898 2879 2076 2953 Petri,

432 2983 614 3046 super
662 2986 837 3048 quem
894 2990 1106 3049 magna
1159 2972 1265 3035 Dei
1313 2971 1580 3035 Ecclesia
1628 2969 1913 3032 adiﬁcata
1943 2970 2072 3034 fuit.

425 3052 598 3126 Quod
631 3056 790 3118 enim
819 3057 878 3118 in
912 3060 1099 3121 sancti
1140 3061 1558 3123 contumeliam
1613 3059 1782 3139 impii
1827 3059 2076 3121 adiuve-

426 3152 659 3224 nerant,
685 3145 744 3206 id
775 3165 883 3210 nos
917 3147 1129 3228 pietate
1162 3150 1322 3213 ducti
1351 3150 1413 3211 in
1439 3150 1568 3229 ejus
1598 3148 1846 3226 gloriam
1870 3148 2075 3210 homo-

426 3249 676 3313 remque
703 3236 987 3298 vertimus
1022 3259 1036 3299 :
1073 3239 1262 3302 Latini
1288 3240 1526 3321 quidem
1563 3237 1806 3300 barbam
1847 3236 2096 3300 raden-'

2169 3243 2314 3299 ῑῦτοῦ
2372 3245 2460 3299 καὶ
2491 3245 2654 3318 τιμὴν
2698 3247 3036 3320 πεποιήμεθα
3071 3265 3086 3280 ⁸

426 3330 536 3397 tes,
564 3343 672 3386 nos
716 3343 858 3388 vero
904 3328 962 3388 in
995 3331 1202 3408 capitis
1231 3331 1450 3393 vertice
1483 3330 1866 3392 conﬁcientes
1893 3348 2068 3391 coro-

424 3431 584 3502 nam.
634 3413 749 3477 Sed
803 3425 861 3478 et
910 3417 1022 3499 ipsi
1073 3440 1281 3482 aurum
1336 3424 1684 3502 gestamus,9
1719 3417 1820 3498 qui
1870 3419 2070 3481 amieti

423 3500 611 3564 simus
651 3504 1035 3592 chirothecis,
1088 3500 1426 3592 manipolis,
1465 3518 1522 3571 et
1550 3507 1739 3582 stolis,
1795 3525 1938 3569 auro
1971 3509 2068 3569 in-

422 3591 715 3654 ter-textis.

500 3680 562 3742 7.
596 3679 763 3753 Quod
793 3690 989 3745 autem
1025 3686 1246 3764 polluta
1273 3685 1629 3746 manducent
1660 3684 1794 3765 ipsi,
1833 3702 2071 3746 eorum-

422 3785 540 3848 que
590 3770 861 3832 monachi
913 3776 1091 3834 edant
1142 3793 1403 3848 carnem,
1441 3773 1679 3852 adipem
1732 3773 2066 3854 porcinum,

420 3857 524 3918 illa
569 3877 806 3939 quoque
872 3861 1162 3938 invenies,
1234 3864 1410 3925 modo
1460 3862 1856 3940 indagaveris,
1913 3863 2068 3943 apud

423 3949 708 4026 quosdam
743 3965 776 4012 e
803 3952 1018 4012 nostris
1049 3953 1200 4013 ﬁeri.
1235 3951 1381 4014 Nam
1415 3951 1976 4032 Bithyni,Tbraces,
2014 3963 2072 4015 et

425 4034 568 4115 Lydi
602 4037 926 4099 comedunt
956 4039 1136 4119 picas,
1187 4041 1480 4120 graculos,
1533 4048 1811 4119 turtures,
1845 4059 1913 4102 ac
1945 4049 2069 4102 ter-

422 4131 648 4187 restres
673 4127 919 4189 echinos
943 4149 1194 4208 quorum
1219 4129 2068 4204 usumIPatresindiiferentem

422 4213 820 4294 reliquerunt.
854 4216 1024 4279 Nulla
1063 4220 1285 4300 quippe
1331 4229 1602 4281 creatura
1631 4217 1738 4278 Dei
1779 4217 2071 4296 rejectitia

424 4309 534 4373 est,
565 4305 800 4383 quando
824 4325 957 4367 cum
982 4309 1304 4385 gratiarum
1326 4309 1562 4370 actione
1592 4307 1864 4369 sumitur.
1883 4306 2070 4388 quue

2169 1904 2368 1980 ἀγνοῶ.
2402 1902 2569 1960 Ἀλλὰ
2596 1906 2716 1983 περὶ
2763 1906 2860 1981 μὲν
2915 1907 3116 1963 τούτων
3177 1905 3344 1970 οὕτως
3402 1904 3568 1985 ἔχων,
3634 1902 3822 1962 πλεῖον

2169 1991 2311 2050 οὐδέν
2342 2015 2400 2049 σε
2443 1991 2702 2070 βούλομαι
2732 1996 2848 2074 περὶ
2877 2001 2975 2062 τῆς
3007 2002 3096 2051 τοῦ
3139 1995 3289 2051 πάπα
3320 1995 3584 2074 ἀναφορᾶς
3633 2018 3823 2076 προσε-

2169 2079 2536 2161 ξεργάσασθαι.

2249 2155 2354 2244 ς’.
2395 2155 2518 2228 ’ὃσα
2546 2169 2601 2226 δέ
2630 2194 2712 2229 σοι
2768 2173 2856 2229 καὶ
2905 2173 3267 2254 ἀπηρίθμηται
3330 2164 3606 2250 Ῥωμαϊκὰ
3657 2174 3820 2231 ἐλατ-

2166 2259 2389 2335 τώματα
2463 2259 2820 2337 μετήλθομεν.
2908 2265 3005 2320 Καὶ
3089 2264 3154 2319 τὰ
3229 2264 3326 2338 μὲν
3383 2264 3580 2320 τούτων
3651 2261 3819 2320 ἐδόκει

2166 2349 2466 2406 ἀπευκταῒα
2522 2352 2610 2406 καὶ
2664 2352 2882 2430 φευκτὰ,
2942 2353 3009 2408 τὰ
3065 2351 3120 2409 δὲ
3189 2353 3396 2428 ἰάσιμα,
3454 2353 3518 2408 τὰ
3575 2349 3630 2407 δὲ
3673 2375 3816 2430 παρ-

2169 2438 2400 2516 οράσεως
2460 2437 2599 2504 ἄξια.
2654 2442 2715 2498 Τί
2769 2442 2868 2520 γὰρ
2917 2442 3048 2519 πρὸς
3103 2444 3246 2518 ἡμᾶς
3289 2445 3348 2497 τὸ
3394 2439 3632 2520 ξυρᾶσθαι
3692 2443 3812 2503 τοὺς

2167 2527 2442 2607 ἀρχιερεῖς
2498 2530 2618 2593 τοὺς
2703 2529 2988 2608 πώγωνας,
3061 2533 3151 2588 καὶ
3219 2529 3622 2610 δακτυλοφορετν
3693 2529 3815 2608 (66)

2166 2618 2354 2682 αὐτοὺς
2412 2620 2484 2683 εἰς
2542 2616 2806 2694 σύμϐολον
2862 2622 2936 2685 ὡς
2982 2618 3214 2699 ἔγραψας
3271 2625 3370 2687 τῆς
3418 2621 3558 2699 παρὰ
3611 2624 3709 2685 τῆς
3751 2622 3813 2675 ἁ-

2165 2706 2282 2784 γίας
2335 2713 2428 2763 τοῦ
2473 2715 2603 2766 Θεοῦ
2665 2705 2987 2776 Ἐκκλησίας
3046 2710 3433 2789 συμφεύσεωςς
3497 2709 3593 2765 Καὶ
3652 2708 3814 2782 ἡμεῖς

2163 2797 2286 2873 γὰρ,
2335 2797 2572 2874 Γαράραν
2618 2796 2738 2875 (67)
2790 2798 2876 2854 ἐπὶ
2903 2803 3002 2866 τῆς
3057 2797 3295 2878 κεφαλῆς
3339 2798 3592 2873 ποιοῦμεν
3624 2799 3696 2860 εἷς
3725 2819 3812 2853 τι-

2164 2884 2270 2957 μὴν
2322 2885 2534 2949 πάντως
2577 2894 2672 2943 τοῦ
2721 2889 3002 2967 κορυφαίου
3059 2893 3166 2943 τῶν
3225 2886 3536 2944 ἀποστόλων
3592 2885 3811 2966 Πέτρου,

2161 2971 2243 3052 ἐφ’
2275 2975 2332 3029 ὃν
2365 2971 2478 3052 [αΙ.
2513 2971 2596 3054 ἐφ]
2625 2976 2688 3052 ᾧ]
2737 2978 2770 3043 ἡ
2814 2983 2906 3033 τοῦ
2950 2984 3082 3033 Θεοῦ
3137 2975 3347 3054 μεγάλη
3404 2973 3696 3041 Ἐκκλησία
3728 2972 3811 3030 ἐπ’

2160 3049 2627 3137 ῳκοδόμηται,””0
2671 3049 2769 3144 γὰρ
2817 3068 2890 3131 εἷς
2947 3065 3091 3146 ὕϐριν
3141 3049 3234 3122 trod
3262 3067 3436 3143 ἁγίου,
3470 3067 3515 3121 οἱ
3545 3062 3810 3127 δυσσεϐεῖς

2159 3151 2470 3233 ἐφεύρησαν,
2557 3161 2714 3211 τοῦτο
2797 3157 2962 3230 ἡμενς
3051 3153 3404 3229 εὐσεϐοῦντες,
3493 3154 3566 3218 εὶς
3664 3152 3811 3219 δόξαν

3153 3235 3411 3319 Ῥωμαῖοι
3468 3244 3564 3319 μὲν
3613 3241 3812 3322 ξυρῶν-

2155 3351 2242 3392 τες
2286 3333 2406 3394 τοῦς
2436 3332 2698 3410 πώγωνας
2734 3349 2748 3362 ·
2803 3335 2967 3408 ἡμεῖς
3025 3332 3081 3389 δὲ
3134 3332 3219 3390 ἐπὶ
3268 3338 3500 3413 κορυφῆς
3544 3332 3644 3400 τὴν
3699 3355 3810 3388 πα-

2153 3417 2426 3499 παλήθραν
2467 3419 2890 3488 ἐπιτηδεύοντες,
2949 3430 3380 3502 Χρυσοφοροῠμεν
3425 3419 3478 3477 δὲ
3510 3422 3599 3477 καὶ
3629 3421 3807 3490 αὐτοὶ,

2154 3507 2536 3588 ἐγχείριαωκ)
2560 3512 2649 3566 καὶ
2671 3511 2958 3587 ἐπιμάνικα
2988 3513 3076 3568 καὶ
3105 3509 3468 3592 ἐπιτραχήλια
3497 3508 3812 3590 περιϐεϐλη-

2155 3599 2303 3678 μένοι
2334 3600 2706 3678 χρυσόπαστα.

2232 3676 2302 3757 ζ’.
2338 3676 2438 3746 iiut
2493 3689 2555 3744 τὸ
2612 3703 2970 3769 μιαροφαγετν
3027 3688 3081 3746 δὲ
3139 3691 3352 3760 αὐτοὺς,
3407 3691 3496 3746 καὶ
3549 3691 3669 3754 τοὺς
3700 3711 3806 3764 μο-

2154 3777 2352 3856 νπχοὺς
2407 3791 2741 3858 κρεωφαγετν
2795 3780 2856 3834 τὸ
2919 3779 3076 3859 στέαρ
3132 3781 3194 3836 τὸ
3252 3782 3508 3860 χοίρειον,
3571 3780 3806 3858 εὗρήσεις

2153 3867 2241 3922 καὶ
2309 3875 2471 3923 ταῦτα
2539 3866 3022 3949 πολυπραγμονῶν,
3085 3871 3228 3949 παρά
3277 3893 3381 3926 τισι
3437 3876 3544 3926 τῶν
3604 3868 3806 3944 ἡμετέ-

2155 3976 2258 4033 ρων
2317 3956 2590 4033 γινόμενα.
2667 3959 2866 4014 Βιθυνοὶ
2922 3958 3021 4035 γὰρ
3093 3961 3181 4014 καὶ
3237 3966 3434 4038 Θρᾷκες
3488 3959 3575 4014 καὶ
3632 3954 3804 4030 Λυδοὶ,

2154 4043 2388 4122 γαγύλας
2446 4046 2533 4100 καὶ
2608 4042 2849 4110 κολοιοὺς
2905 4049 2993 4102 καὶ
3048 4048 3302 4126 τρυγόνας
3373 4049 3462 4104 καὶ
3527 4047 3807 4126 χερσαίους

2153 4131 2362 4214 ἐχίνους
2410 4133 2662 4190 ἐσθίουσιν
2699 4149 2712 4163 ⁸
2771 4137 2842 4192 ὧν
2893 4136 2990 4202 τὴν
3022 4141 3220 4215 χρῆσιν
3275 4139 3321 4193 οἱ
3368 4136 3596 4216 Πατὲρες
3645 4134 3799 4194 ἀδιά-

2151 4245 2311 4305 φορον
2380 4222 2590 4284 εἴασαν.
2651 4220 2809 4280 Οὐδὲν
2866 4225 2966 4303 γὰρ
3025 4226 3222 4300 κτίσμα
3281 4233 3411 4282 Θεοῦ
3468 4222 3794 4297 ἀπόϐλητον,

2154 4311 2270 4388 μετ’
2314 4313 2649 4391 εὐχαριστίας
2702 4310 3125 4388 λαμϐανόμενον.
3183 4316 3280 4372 Καὶ
3335 4316 3497 4371 πείθει
3554 4336 3622 4390 με
3679 4324 3806 4372 τοῦ-

425 4393 746 4470 persuadet
777 4394 921 4456 mihi
959 4413 1052 4458 vas
1097 4397 1262 4459 lintei
1295 4418 1327 4460 e
1373 4398 1522 4460 calo
1553 4395 1821 4471 demissi,
1860 4396 1920 4457 in
1956 4417 2096 4476 quo.

2169 4427 2215 4460 το
2257 4405 2317 4458 τὸ
2345 4409 2530 4465 σκεῦος
2585 4408 2686 4469 τῆς
2745 4402 2796 4468 ἐξ
2853 4405 3072 4483 οὖρανοῦ
3122 4406 3534 4486 κατειεχθείσης
3588 4405 3804 4484 ὀθόνης,

425 4489 594 4542 erant
640 4482 842 4545 omnia
877 4485 1286 4570 quadrupedia
1318 4496 1512 4569 terra,
1544 4485 1770 4561 bestia,
1806 4487 2065 4569 reptilia,

2155 4495 2208 4550 ἐν
2267 4493 2552 4572 ᾦὺπῆρχε
2601 4493 2774 4549 πάντα
2817 4495 2882 4551 τὰ
2937 4493 3232 4574 τετράποδα
3287 4502 3388 4563 τῆς
3443 4501 3544 4575 γῆς
3610 4496 3694 4551 καὶ
3745 4495 3811 4550 τα

1674 4621 1844 4683 Joan.
1877 4620 2046 4701 Bapl.
2083 4624 2363 4692 Cotelerii
2397 4633 2569 4686 nota.

503 4745 626 4838 (6.6)
691 4773 710 4802 σ
758 4749 1218 4838 ΔακτλυλΑοξορεϊν,-
1269 4776 1322 4838 ιι-
1349 4753 1463 4815 Pro
1518 4753 1976 4838 §iztu).to'pope'tv,
2012 4766 2076 4821 ul.

419 4825 1254 4918 rectius,”pf.__3l8-3‘2Uuris
1284 4825 2010 4918 Graco-Romanfq'uast.
2037 4843 2074 4901 3

421 4903 1104 4993 DemetﬁiChomateni,
1169 4933 1299 4993 qua
1357 4923 1448 4976 est
1503 4915 1577 4975 tle
1612 4903 1840 4980 Latinis
1864 4931 2073 4978 Δακτυ-

420 4983 561 5050 λίους
586 5000 937 5074 ἑρρονοῠντες,
975 4983 1153 5072 supra
1171 4983 1242 5074 in
1292 4993 1476 5074 Epist.
1513 4995 1838 5068 Michaelis,
1875 5019 1932 5060 n.
1974 4999 2072 5064 l3.

424 5068 715 5155 ὲακῖόλιον
786 5085 969 5155 φορεῖν
1028 5068 1182 5150 apud
1260 5068 1565 5155 Allatium,
1649 5077 1732 5137 De
1788 5079 2074 5142 Ecclesia:

424 5147 821 5236 90ciden£._et
851 5147 1091 5214 Orient.
1116 5147 1563 5236 consensione,
1622 5176 1751 5236 cap.
1790 5161 1967 5228 H23.
2005 5179 2074 5222 ex

417 5223 648 5290 Joanne
679 5229 860 5292 Citrio
885 5231 1170 5309 opusculo
1202 5235 1287 5297 De
1313 5223 1852 5300 consuetudinibus
1881 5249 1935 5303 ct
1958 5223 2074 5303 vdo-

415 5309 732 5383 gmatibus
765 5309 1121 5373 Latinorum
1135 5362 1149 5375 .

505 5390 630 5479 (θῖ)
681 5393 1000 5479 υ--ιεαράραν
1032 5392 1515 5479 ’ν-θιᾳιςαῤῥαρανη
1560 5421 1582 5454 ι
1646 5397 1743 5460 ΑΙ,
1805 5401 1934 5479 πρὸς
1975 5403 2075 5470 τὴν

418 5469 572 5546 ἁγίαν
602 5495 659 5547 γ.
692 5469 949 5557 Nomen.
986 5471 1100 5557 nisi
1155 5469 1353 5557 fallor.
1376 5469 1692 5557 'Sjjriacum
1754 5469 1909 5557 quod
1943 5469 2074 5542 ton-

420 5565 620 5607 suram
654 5549 990 5637 clericalem
1015 5552 1407 5629 significabat.
1435 5549 1592 5619 Sane
1617 5549 2075 5637 apud'Hebraos
2107 5589 2112 5594 ·

420 5643 528 5730 ππ).
547 5640 635 5689 est
659 5632 872 5692 secuit.
901 5631 1042 5702 Qua
1069 5644 1404 5713 sequuntur
1432 5637 1507 5698 de
1539 5631 1760 5700 corona
1788 5641 1844 5702 S.
1888 5642 2069 5723 l’etri,

419 5767 480 5818 et
511 5761 854 5840 papalelhra
880 5762 1244 5850 Graecorum,
1297 5790 1332 5831 a
1362 5769 1660 5832 veteribus
1691 5785 1750 5832 et
1778 5775 2070 5838 recentio-

2157 4759 2331 4846 ribus
2352 4760 2564 4846 tradita
2595 4767 2736 4821 cunt
2765 4768 2943 4846 atque
2971 4765 3260 4846 explicata
3278 4765 3674 4840 sufﬁcienter,
3700 4785 3810 4829 nec

2161 4859 2268 4903 nos
2300 4840 2522 4903 debent
2549 4840 2863 4904 remorari:

2239 4923 2360 5001 (68)
2405 4945 2432 4978 α
2459 4923 2758 5001 Ἐγχείρια.
2803 4949 2827 4978 υ
2878 4923 3038 4986 Inter
3070 4925 3252 4986 multa
3287 4927 3445 4988 clara
3471 4927 3814 4988 testimonia

2159 4999 2313 5089 ihstud
2342 4999 2871 5089 'pa_ulo‘o'b5curius
2903 5015 3090 5067 exstat
3121 5007 3178 5089 in
3205 5006 3390 5087 Episti
3413 5008 3463 5067 la
3489 5005 3809 5089 Nicephori

2157 5079 2269 5144 Cl’.
2303 5079 2374 5143 ad
2410 5081 2667 5144 Leonem
2721 5083 2984 5156 tertium,
3042 5079 3271 5148 stutum
3313 5097 3368 5150 et
3397 5079 3812 5151 simicheiiium

2155 5179 2311 5223 auro
2340 5164 2600 5225 variata.
2660 5163 2834 5225 Teste
2894 5166 3054 5227 enim
3112 5167 3513 5230 illustrissimo
3558 5170 3812 5232 Baronio

2158 5240 2370 5330 Drace
2411 5242 2675 5330 ἐγχείριον
2734 5243 3084 5330 habebatur.
3140 5246 3476 5330 Unde_viri
3533 5259 3808 5330 prastan-

2160 5321 2372 5383 tissimi
2397 5321 2794 5385 emen’durunt
2815 5328 3287 5390 semicinctium.
3309 5321 3809 5392 Fortassistamen

2159 5401 2232 5490 ab
2291 5402 2618 5483 interprete
2678 5424 2991 5490 perperam
3049 5408 3268 5470 lectum
3305 5409 3428 5490 ,fuit
3482 5413 3810 5490 ἡμιχείριον.

2162 5483 2415 5571 ideoque
2434 5502 2664 5571 versum
2681 5483 3317 5571 seniicherium.iquod
3351 5483 3554 5571 postea
3579 5483 3814 5552 trait-iit

2159 5561 2218 5622 in
2247 5561 2842 5650 siint'clzcjnium‘Utut
2880 5568 2976 5650 sit,
3008 5588 3115 5648 per
3145 5561 3382 5650 ἐγχείριᾶ
3412 5571 3512 5632 hic
3542 5571 3811 5649 intellige

2157 5654 2259 5732 aut
2287 5644 2659 5732 chirothecas
2673 5644 3166 5732 jugttaAllat’ium,
3185 5644 3307 5710 aut
3331 5651 3523 5732 potius
3555 5670 3686 5714 man
3699 5644 3772 5712 ua
3789 5687 3808 5698 -

2159 5724 2257 5799 lia,
2293 5725 2624 5806 mappulos,
2653 5724 2915 5790 sudaria.
