4176 6388
447 357 566 422 803

1355 356 1775 424 MICHAELIS
1814 348 2234 420 CEBULAR'II
2272 351 2387 419 GP.
2433 353 2951 420 PATRIARCH/E

3735 348 3863 417 804

443 498 722 565 ὁσιότητος
752 498 997 568 ἁσκητήν
1073 497 1145 555 Ob
1173 496 1277 577 γὰρ
1304 493 1659 567 ἰουδαίζοντες
1690 490 2005 573 ἀπεχόμεθα
2047 495 2155 547 τῶν
2193 491 2468 566 τοιούτων,
2523 490 2660 549 ἀλλὰ
2688 497 2886 573 τρυφῆς
2919 488 3066 575 [Αιί.
3111 491 3314 572 τρυφὴν
3354 495 3456 560 τῆς
3507 488 3852 568 πλησμονῆς]

443 584 765 663 πλησμονὴν
809 587 1113 666 φεύγοντες.
1154 608 1177 643 ι
1214 587 1313 642 Καὶ
1342 592 1507 644 ταῦτα
1549 584 1646 659 μὲν
1677 582 1743 638 τὰ
1762 582 1899 659 ρητὰ
1926 588 2021 638 τοῦ
2048 580 2198 657 ἁγίου
2229 579 2521 666 Βαισιλείου.

530 657 623 738 10.
654 657 1076 738 δευοίιιδ’νει⁸ο
1109 672 1474 735 Pachomius
1503 657 1564 734 in
1595 689 1703 732 suo
1728 657 1937 730 sancto
1969 686 2098 728 mo-

2271 657 2332 732 ι’.
2398 661 2456 728 Ὁ
2512 667 2567 726 δὲ
2627 670 2781 750 ἅγιος
2846 670 3145 750 Παχώμιος
3203 671 3419 751 χοίρους
3478 670 3535 727 ἐν
3600 676 3671 746 τῇ
3722 666 3844 725 κατ’

441 764 737 826 nasterios
762 782 938 826 suese
958 762 1131 826 micis
1151 781 1220 823 ac
1240 779 1464 824 mensa;
1492 759 1759 841 reliquiis
1791 756 2093 838 pascebat,

443 851 659 934 quibus
683 852 976 926 mactatis,
1007 850 1303 931 reliquam
1336 849 1580 929 quidem
1612 865 1854 908 carnem
1888 843 2097 925 hospi-

441 941 598 1004 tibus
628 959 775 1023 quos
805 941 1103 1021 exciperet
1146 941 1207 1000 in
1258 939 1500 1019 epulum
1533 936 1746 998 dabat:
1785 935 2096 996 interanea

439 1049 579 1093 vero
621 1049 688 1092 ac
729 1028 1131 1092 extremitates
1191 1027 1415 1108 pedum
1469 1024 1802 1106 capitisque
1853 1023 2102 1084 senibus

444 1121 753 1182 monachis
771 1117 1248 1180 ininﬁrmitatem
1266 1115 1527 1197 delapsis
1553 1111 2107 1196 apponebat.Quam

441 1227 627 1271 suave
682 1226 859 1289 porro
909 1205 1231 1267 obsonium
1294 1213 1407 1287 est,
1470 1204 1701 1266 honore
1749 1199 2107 1282 dignissime

440 1297 725 1376 domine,
774 1302 1032 1357 rostrum
1094 1295 1304 1375 porci,
1367 1311 1665 1374 auresque
1719 1304 1780 1353 et
1840 1299 2110 1352 extrema

441 1385 686 1467 pedum,
710 1384 979 1466 itemque
1008 1384 1140 1445 lens
1172 1393 1229 1445 et
1257 1382 1391 1444 faba
1420 1401 1555 1445 cum
1578 1381 1762 1462 adipe
1793 1379 1970 1441 suillo
2003 1396 2109 1441 co-

442 1473 597 1537 ctae?
628 1473 890 1555 quaenisi
927 1473 1085 1535 bono
1129 1472 1263 1535 oleo
1303 1471 1524 1534 affatim
1567 1469 1862 1551 inspersa,
1899 1477 1964 1531 ut
1996 1486 2105 1548 pa-

449 1581 583 1625 rum
637 1569 695 1624 et
728 1561 1081 1644 spiritaliter
1100 1560 1175 1623 ad
1225 1561 1473 1640 gratiam
1522 1559 1845 1640 exhilarer,
1878 1557 2099 1638 multis,

449 1651 953 1735 quemadmodum
1010 1649 1175 1713 novit
1228 1649 1543 1725 Dominus,
1594 1647 1847 1709 tristitiae
1882 1646 2098 1726 jaculis

442 1740 713 1823 quotidie
741 1740 1030 1818 conﬁxus,
1059 1740 1119 1802 in
1147 1738 1348 1805 cibum
1371 1755 1612 1820 semper
1640 1754 2029 1800 assumorem.

531 2009 593 2073 it
613 2052 629 2070 .
661 2007 883 2072 Malum
910 2024 1075 2079 vero,
1100 2013 1159 2069 et
1189 2004 1476 2068 malorum
1511 2003 1859 2086 pessimum,
1885 2011 1974 2066 est
1989 2003 2152 2091 ad-‘B

430 2098 619 2179 jectio
647 2097 720 2160 ad
753 2107 1028 2160 sanctum
1060 2094 1429 2176 Symbolum,
1461 2096 1624 2158 haec:
1659 2093 1747 2155 Et
1779 2094 1846 2155 in
1875 2092 2090 2173 Spiri-

440 2195 568 2250 tum
582 2194 883 2263 sanctum,
905 2186 1230 2248 Dominum
1242 2191 1301 2245 et
1315 2183 1742 2263 viviﬁcantem,
1767 2184 1875 2264 qui
1883 2200 1962 2246 ea:
1979 2183 2099 2245 Pa-

441 2281 536 2339 tre
545 2276 824 2355 Filioque
834 2273 1123 2354 procedit.
1138 2271 1286 2334 Nam
1305 2274 1355 2334 si
1374 2270 1691 2350 Evangelia
1704 2270 1913 2333 eadem
1938 2271 2092 2352 apud

420 2374 549 2426 ‘nos
584 2371 642 2425 et
681 2362 919 2425 Latinos
964 2367 1126 2435 sunt,
1168 2361 1328 2425 unde
1375 2359 1463 2423 illi
1494 2360 1629 2442 plus
1657 2359 1881 2441 aliquid
1914 2360 2084 2422 addi-

436 2461 696 2527 scentes,
736 2460 855 2514 tam
906 2451 1171 2513 alienum
1216 2450 1537 2513 coniecere
1568 2449 2088 2512 additamentum?

437 2539 651 2604 Sancto
678 2539 1015 2603 secundum
1050 2541 1340 2603 Joannem
1376 2537 1692 2616 Evangelia
1719 2538 2084 2600 manifestis-

436 2630 588 2693 sime
617 2629 870 2692 docente
903 2646 1011 2699 nos
1040 2629 1114 2691 de
1146 2627 1373 2709 Spiritu
1404 2640 1634 2698 sancto,
1655 2626 1717 2688 in
1743 2626 1958 2708 quibus
1980 2629 2090 2691 ista

435 2718 856 2800 complectitur
873 2738 888 2779 :
905 2718 977 2780 Si
991 2716 1255 2797 diligitis
1270 2716 1690 2791 me,mandata
1710 2733 1839 2778 mea
1850 2724 2092 2781 servate

434 2803 522 2868 Et
544 2822 654 2887 ego
672 2803 893 2885 rogabo
914 2803 1183 2879 Patrem,
1209 2812 1267 2867 et
1289 2804 1481 2867 alium
1507 2802 1893 2868 Pnracletum
1916 2804 2089 2868 dabit

432 2892 622 2966 vobis,
640 2901 709 2956 ut
727 2898 974 2956 maneat
991 2892 1295 2969 vobiscum
1314 2894 1383 2955 in
1422 2900 1739 2967 internum,
1779 2892 2085 2974 Spiritum

429 2983 730 3062 veritatis,
754 2999 934 3063 quem
951 2981 1215 3046 mundus
1234 2999 1359 3045 non
1379 2987 1574 3063 potest
1608 2987 1900 3063 accipere,
1934 2985 2083 3063 quia

432 3089 559 3135 non
577 3071 739 3135 videt
752 3090 911 3146 eum,
924 3088 1035 3135 nec
1050 3074 1162 3135 scit
1177 3090 1314 3134 eum
1337 3092 1352 3134 :
1381 3090 1480 3135 vos
1499 3079 1704 3135 autem
1725 3074 2084 3151 cognoscitis

433 3178 593 3238 eum,
612 3163 755 3241 quia
774 3161 937 3242 apud
957 3178 1060 3224 vos
1080 3169 1305 3238 manet,
1332 3169 1389 3225 et
1430 3163 1499 3224 in
1519 3160 1685 3225 vobis
1710 3170 1793 3224 est
1819 3160 1903 3223 56.
1921 3162 2080 3225 Pau-

2180 756 2337 815 αὒτὸν
2390 761 2515 839 ἁγίᾳ
2572 766 2713 837 μονῇ
2770 759 2835 817 ἐκ
2883 766 2990 816 τῶν
3058 760 3262 839 ψιχίων
3329 761 3417 817 καὶ
3473 765 3582 816 τῶν
3654 779 3845 836 περισ-

2179 848 2456 923 σευμάτων
2498 855 2597 916 τῆς
2664 850 2931 929 τραπέζης
3003 848 3201 905 ἐσίτευε
3235 869 3252 887 ⁸
3325 851 3414 906 καὶ
3465 848 3845 930 σφαττομένων

2185 936 2381 1013 αὖτῶν,
2459 951 2575 1001 τοϊς
2652 940 2748 1015 μὲν
2828 938 3009 1003 ἄλλοις
3095 938 3411 1018 ἐξεναγώγει
3477 938 3661 1019 κρέασι
3719 938 3841 1001 τοὺς

2189 1022 2615 1102 ἐπιξενουμένους
2685 1025 3076 1107 ὑποδεχόμενος
3114 1042 3128 1057 ⁸
3189 1028 3255 1093 τὰ
3324 1026 3560 1084 ἐντύσθία
3629 1024 3684 1082 δὲ
3751 1027 3841 1082 καὶ

2190 1113 2258 1170 τὰ
2304 1112 2437 1194 ἄκρα
2491 1120 2597 1171 τῶν
2639 1115 2817 1173 ποδῶν
2873 1117 2961 1173 καὶ
3001 1117 3097 1180 τὰς
3139 1115 3344 1181 κοιλίας
3391 1112 3540 1197 [Αίί.
3596 1120 3697 1183 τῆς
3752 1136 3841 1172 κε-

2190 1201 2409 1283 φαλῆςῘ.
2480 1216 2600 1268 τοῖς
2670 1203 2970 1270 ἐξατονοῦσι
3046 1204 3254 1283 γέρουσι
3325 1210 3430 1261 τῶν
3503 1203 3842 1280 μοναζόντων

2188 1289 2541 1371 παρέϐαλλεν.
2594 1296 2727 1351 Οἴον
2780 1291 2836 1350 δὲ
2882 1293 3014 1369 ὄψον
3069 1291 3190 1374 ἡδὺ,
3237 1292 3527 1368 τιμιώτατε
3582 1289 3835 1364 δέσποτα,

2186 1379 2395 1461 ῥόχχος
2439 1383 2671 1462 χοίρειον
2700 1384 2790 1439 καὶ
2818 1382 2933 1440 ὦτα
2984 1383 3073 1439 καὶ
3114 1381 3246 1461 ἄκρα
3289 1379 3465 1439 ποδῶν
3504 1399 3520 1415 ⁸
3570 1379 3708 1436 ἀλλὰ
3747 1381 3839 1437 καὶ

2187 1474 2332 1549 φακῆ
2388 1471 2478 1527 καὶ
2522 1472 2724 1549 κύαμος
2781 1471 2835 1528 ἐν
2881 1469 3060 1527 στέατι
3113 1472 3332 1551 χοιρείῳ
3373 1470 3610 1546 ἑψόμενα
3642 1489 3656 1503 ⁸
3718 1470 3752 1526 ἃ
3795 1471 3840 1526 εἰ

2188 1558 2265 1632 μὴ
2309 1560 2397 1615 καὶ
2444 1570 2687 1639 χρηστοῦ
2727 1560 3017 1641 εὗπόρησεν
3074 1559 3273 1641 ἐλαίου,
3330 1559 3422 1617 ἵνα
3475 1562 3527 1616 τί
3566 1561 3655 1616 καὶ
3680 1581 3838 1616 πνευσ-

2185 1654 2426 1721 ματικῶς
2456 1651 2530 1713 είς
2573 1650 2673 1717 τὴν
2728 1650 2887 1730 χάριν
2943 1651 3129 1728 μικρὸν
3187 1648 3432 1730 διαχεθὲν
3465 1647 3602 1727 [ΑΗ.
3639 1646 3833 1729 διαχε-

2177 1737 2254 1791 θῶ
2296 1737 2386 1800 al.
2419 1735 2786 1818 διαδεχέσθω],
2835 1738 3066 1802 πολλοῖς
3095 1754 3169 1804 ως
3201 1736 3319 1796 οἶδε
3379 1738 3568 1817 Κύριος
3609 1737 3830 1813 ἀθυμίας

2174 1823 2349 1901 βέλεσι
2398 1825 2515 1883 καθ’
2567 1828 2799 1896 ἑκάστην
2852 1828 3310 1909 περιπειρόμενος,
3362 1827 3637 1908 βρώμασιν
3680 1824 3830 1904 [ΑΗ.

2173 1914 2370 1998 βρῶσιν
2412 1914 2491 1994 ἂν]
2523 1914 2817 1993 ἐποιούμην
2846 1917 3101 1975 ἑκάστοτε
3133 1935 3151 1998 ς

2257 1992 2353 2064 ια’.
2416 1992 2591 2063 κακὸν
2647 1992 2725 2079 δὲ,
2785 2006 2876 2062 καὶ
2940 1992 3147 2062 κακῶν-
3193 2005 3466 2082 κάκιστον,
3539 2005 3576 2073 ἡ
3645 2002 3702 2061 ἐν
3751 2010 3830 2080 τῷ

2177 2090 2600 2170 ἁγίῳΣυμόόλῳ
2649 2093 2947 2173 προσθήκη,
3005 2095 3091 2168 τὸ,
3149 2117 3177 2149 α
3213 2094 3313 2154 Καὶ
3366 2095 3441 2159 εἰς
3497 2094 3567 2150 τὸ(
3616 2099 3829 2170 Πνεῦμα

2175 2181 2239 2236 τὸ
2318 2179 2495 2261 ἅγιον³
2581 2182 2644 2238 τὸ
2728 2182 2917 2261 Κύριον
2984 2184 3073 2240 καὶ
3138 2184 3422 2258 ζωοποιδν,
3494 2184 3557 2239 τὸ
3623 2182 3684 2239 ἐκ
3736 2190 3831 2241 τοῦ

2178 2272 2384 2351 Πατρδς
2438 2274 2526 2329 καὶ
2580 2280 2675 2330 τοῦ
2729 2276 2852 2332 Υίοῦ
2905 2272 3341 2354 ἐκπορευόμενον,
3399 2297 3429 2335 ι
3487 2275 3547 2333 Εἰ
3608 2275 3708 2353 γὰρ
3760 2274 3826 2330 τὰ

2169 2360 2296 2439 παρ’
2340 2361 2477 2437 ἡμῖν
2532 2361 2829 2442 Εὒαγγέλια
2885 2364 2954 2420 τὰ
2995 2364 3128 2422 αὐτὰ
3166 2365 3256 2421 καὶ
3314 2362 3438 2443 παρ’
3481 2364 3618 2439 ὑμᾶς
3664 2360 3817 2441 [Ai].

2169 2450 2314 2528 παρὰ
2386 2443 2717 2529 Ῥωμαίοις),
2789 2453 2948 2509 πόθεν
3029 2452 3227 2510 ἐκεῖνοι
3295 2451 3482 2509 πλεῖόν
3557 2473 3611 2511 τι
3668 2449 3822 2531 [ΑΗ.

2168 2536 2354 2619 πλέον,
2387 2537 2424 2607 ἢ
2455 2540 2504 2597 τί
2559 2538 2644 2603 αι.
2698 2539 2862 2597 πλέον
2916 2542 3075 2616 ἡμῶν
3126 2542 3195 2620 τι]
3254 2540 3506 2617 μαθόντες
3564 2539 3697 2620 (74)
3722 2540 3825 2607 τὴν

2166 2628 2423 2695 τοιαύτην
2503 2627 2798 2688 ἀλλόκοτον
2871 2633 3182 2710 προσθήκην
3263 2631 3634 2709 ἐποιήσαντος
3730 2637 3826 2689 τοῦ

2167 2716 2305 2775 κατὰ
2348 2715 2598 2785 Ἰωάννην
2654 2719 2806 2798 ἁγίου
2860 2717 3183 2798 Εὖαγγελίου
3250 2718 3456 2796 μᾶλλον
3506 2715 3824 2797 ἀριδηλότε-

2168 2826 2257 2885 ρον
2298 2807 2444 2882 ἡμᾶς
2499 2808 2620 2887 περὶ
2676 2814 2769 2865 τοῦ
2830 2808 2981 2888 ἁγίου
3039 2809 3344 2886 Πνεύματος
3403 2805 3823 2884 ἐκδιδάσκοντος,

2164 2894 2219 2952 ἐν
2262 2899 2351 2961 οἷς
2399 2899 2488 2955 καὶ
2526 2896 2870 2975 διαλαμϐάνει
2903 2918 2917 2933 ⁸
2980 2921 3011 2956 ι
3044 2896 3169 2959 Ἐὰν
3210 2899 3456 2981 ἀγαπᾶτέ
3482 2920 3573 2975 με,
3605 2899 3701 2963 τὰς
3731 2897 3823 2957 ἐν·

2162 2984 2322 3052 τολὰς
2389 2988 2486 3052 τὰς
2541 2987 2675 3064 ἐμὰς
2729 2990 3025 3069 τηρήσατε.
3084 2990 3182 3047 Καὶ
3255 2989 3365 3068 ἐγὼ
3418 2989 3676 3070 ἐρωτήσω
3728 2989 3821 3046 τὸν

2163 3075 2371 3157 Πατέρα
2425 3079 2513 3135 καὶ
2583 3076 2744 3136 ἄλλον
2825 3077 3174 3159 Παράκλητον
3258 3077 3416 3136 δώσει
3492 3079 3645 3155 ὑμῖν,
3726 3077 3817 3134 ἵνα

2164 3164 2301 3244 μένῃ
2332 3167 2450 3244 μεθ’
2476 3169 2625 3245 ὑμῶν
2655 3170 2728 3233 εἰς
2785 3171 2875 3227 τὸν
2935 3170 3123 3250 αἰῶνα,
3173 3170 3236 3227 τὸ
3285 3174 3498 3245 Πνεῦμα
3539 3173 3640 3236 τῆς
3688 3165 3821 3235 ἁλη-

434 3248 640 3331 cisque
686 3248 1057 3332 interpositis
1103 3272 1117 3311 :
1161 3249 1519 3314 Paracietus
1563 3258 1769 3313 autem
1812 3250 2106 3331 Spiritus,

2175 3255 2325 3330 isiac,
2402 3255 2432 3313 ὃ
2511 3258 2541 3314 ὁ
2623 3257 2826 3333 κόσμος
2914 3261 2973 3317 οὗ
3057 3248 3269 3315 δύναται
3352 3255 3562 3330 λαϐεῖν,
3618 3255 3699 3314 ὅτι
3758 3259 3820 3316 οῦ

430 3346 698 3417 sanctus,
722 3357 897 3421 quem
915 3341 1114 3403 mittet
1136 3339 1324 3403 Pater
1333 3340 1401 3403 in
1414 3342 1663 3404 nomine
1680 3357 1838 3418 meo;
1862 3340 1966 3404 ille
1982 3359 2082 3405 vos

429 3428 663 3493 docebit
676 3430 905 3503 omnia,
929 3435 1275 3512 etsuggeret
1295 3430 1465 3494 vobis
1485 3431 1693 3493 omnia
1712 3447 2086 3512 quacunque

430 3517 643 3582 dixero
662 3520 832 3582 vobis
843 3519 931 3582 37.
950 3517 1022 3581 Et
1037 3519 1285 3583 iterum:
1318 3520 1470 3582 Cum
1486 3525 1691 3583 autem
1710 3521 1946 3583 vene-rit
1967 3522 2084 3583 Pa—

429 3606 904 3689 raclctus,qucm
918 3626 1028 3688 ego
1049 3610 1291 3672 mittam
1307 3609 1475 3672 vobis
1495 3626 1535 3672 a
1565 3608 2082 3690 Patre,Spiritum

426 3697 736 3774 veritatis,
776 3699 941 3778 quia
966 3696 1157 3760 Patre
1188 3698 1482 3778 procedit;
1524 3697 1628 3761 ille
1667 3700 2082 3762 testimonium

430 3785 762 3866 per/libebit
779 3786 854 3849 de
872 3787 1067 3851 me38.
1105 3785 1371 3851 Deinde:
1399 3786 1618 3850 Adhuc
1660 3785 1857 3849 multa
1886 3787 2081 3851 habeo

431 3874 600 3937 vobis
620 3873 840 3951 dicere,
865 3875 966 3939 sed
996 3892 1123 3939 non
1137 3878 1385 3956 potestis
1418 3882 1665 3957 portare
1699 3876 1896 3941 modo.
1927 3878 2081 3940 Cum

432 3970 638 4025 autem
659 3966 893 4028 venerit
931 3963 1033 4026 itte
1067 3962 1339 4045 Spiritus
1368 3965 1679 4043 veritatis,
1712 3965 1945 4029 docebit
1975 3982 2080 4029 vos

433 4069 672 4115 omnem
686 4054 1024 4116 veritatem.
1040 4052 1175 4116 Non
1192 4056 1354 4117 enim
1377 4055 1709 4135 loquetura
1728 4055 2075 4136 semetipso:

432 4141 536 4204 sed
580 4159 952 4222 quaecunque
988 4144 1199 4207 audiet
1231 4143 1535 4224 loquetur.
1561 4150 1619 4207 ct
1655 4160 1792 4224 quae
1818 4150 2079 4208 ventura

428 4239 575 4293 sunt
598 4233 992 4296 annuntiabit
1021 4232 1211 4296 vobis.
1245 4231 1359 4294 Ille
1387 4249 1486 4295 me
1512 4233 1910 4313 ctariﬁcabit;
1932 4238 2083 4313 quia

430 4319 507 4384 de
561 4338 688 4383 meo
737 4322 1011 4403 accipiet,
1067 4328 1128 4385 et
1177 4322 1574 4385 annuntiabit
1608 4321 1796 4385 vobis.
1848 4320 2082 4386 Omnia

430 4425 805 4489 quaecunque
849 4409 1031 4473 habet
1086 4410 1296 4485 Paier,
1340 4428 1476 4474 mea
1525 4416 1692 4474 sunt.
1742 4410 2080 4493 Propterea

430 4498 591 4576 dixi,
618 4501 763 4578 quia
780 4499 857 4562 de
877 4516 1011 4563 meo
1042 4500 1315 4580 accipiet,
1338 4507 1397 4562 et
1414 4501 1809 4564 annuntiabit
1823 4502 2074 4565 vobis“.

2162 3346 2353 3423 θεωρεῖ
2436 3344 2589 3421 αὖτὸ,
2683 3344 2799 3403 obii
2877 3345 3127 3425 γινώσκει
3224 3346 3352 3406 αὐτό
3386 3364 3403 3381 ⁸
3514 3347 3671 3423 ὑμεῖς
3762 3343 3819 3402 ὁὶ

2164 3433 2453 3512 γινώσκετε
2508 3436 2659 3516 αὐτὸ,
2711 3432 2793 3492 ὅτι
2839 3432 2965 3515 παρ’
3021 3436 3150 3513 ὑμῖν
3179 3435 3378 3516 κμένει,
3439 3436 3529 3492 καὶ
3584 3433 3638 3491 ἐν
3690 3435 3820 3510 ὑμῖν

2165 3521 2277 3579 ἐστι
2305 3521 2454 3605 (75).
2490 3547 2520 3580 ι
2557 3515 2656 3582 Καὶ
2699 3522 2815 3601 μετ’
2846 3522 3001 3604 ὀλίγα
3030 3541 3046 3556 ⁸
3101 3548 3130 3580 ι
3174 3515 3232 3582 Ὀ
3262 3522 3318 3582 δὲ
3349 3524 3723 3605 Παρὰκλητος,
3754 3525 3819 3581 τὸ

2165 3616 2378 3689 Πνεῦμα
2444 3614 2508 3670 τὸ
2553 3612 2729 3693 ἅγιον,
2797 3614 2825 3670 ὃ
2879 3613 3082 3690 πέμψει
3134 3616 3162 3672 ὁ
3234 3614 3417 3693 Πατὴρ
3474 3613 3530 3670 ἐν
3599 3614 3821 3691 ὀνόματί

2164 3722 2287 3778 μου,
2359 3701 2566 3767 ἐκεῖνος
2647 3704 2786 3779 ὑμᾶς
2860 3700 3049 3769 διδάξει
3119 3704 3316 3776 πάντα,
3377 3703 3465 3761 καὶ
3520 3704 3817 3780 ὑπομνήσει

2328 3790 2502 3849 πάντα
2542 3791 2579 3847 ἃ
2605 3776 2764 3848 εἷπον
2793 3792 2923 3868 ὑμῖν
2959 3807 2973 3822 ⁸
3023 3816 3053 3848 ι
3099 3794 3188 3851 καὶ
3215 3790 3377 3850 πάλιν
3409 3811 3423 3825 ⁸
3493 3814 3517 3849 σ
3558 3776 3713 3851 ηΟταν
3755 3789 3812 3848 δὲ

2161 3877 2288 3956 ἔλθῃ
2358 3882 2387 3937 ὁ
2444 3878 2816 3959 Παράκλητος,
2891 3881 2951 3937 ὃν
3002 3880 3112 3961 ἐγὼ
3193 3880 3397 3957 πέμψω
3472 3882 3602 3958 ὑμῖν
3673 3882 3816 3962 παρὰ

2159 3974 2253 4025 τοῦ
2308 3970 2540 4049 Πατρὸς,
2601 3970 2664 4026 τὸ
2749 3976 2961 4046 Πνεῦμα
3048 3976 3149 4039 τῆς
3228 3969 3501 4051 ἀληθείας,
3572 3971 3602 4028 ὃ
3671 3972 3815 4049 παρὰ

2163 4063 2252 4114 τοῦ
2356 4059 2561 4137 Πατρὸς
2668 4056 3028 4139 ἐκπορεύεται,
3161 4060 3365 4124 ἐκεῖνος
3491 4062 3813 4139 μαρτυρήσει

2162 4146 2282 4226 περὶ
2302 4145 2433 4222 ἐμοῦ
2463 4195 2477 4209 ,
2529 4170 2557 4203 ιι
2594 4147 2719 4205 εἶτα
2753 4165 2767 4184 ⁸
2821 4169 2845 4206 α
2894 4129 3007 4208 Ἐτι
3051 4148 3227 4208 πολλὰ
3268 4148 3386 4230 ἔχω
3436 4149 3613 4228 λέγειν
3654 4152 3809 4225 ὑμῖν,

2163 4223 2283 4292 ἀλλ’
2355 4240 2417 4296 οὐ
2496 4234 2709 4294 δύνασθε
2794 4239 3072 4316 βαστάζειν
3141 4223 3524 4321 ἄρτιίντδταν-
3560 4239 3616 4297 δὲ
3686 4223 3812 4317 ἔλθῃ

2161 4325 2390 4406 ἐκεῖνος,
2486 4328 2550 4384 τὸ
2665 4334 2879 4405 Πνεῦμα
2984 4334 3084 4396 τῆς
3179 4329 3453 4401 ἀληθείας,
3558 4329 3813 4410 ὁδηγήσει

2160 4415 2298 4491 ὑμᾶς
2353 4416 2427 4478 είς
2484 4421 2659 4472 πᾶσαν
2740 4418 2842 4485 τὴν
2923 4416 3198 4485 ἁληθείαν,
3284 4421 3357 4477 Οὔ
3419 4421 3520 4500 γὰρ
3588 4418 3814 4491 λαλήσει

2159 4501 2250 4585 ἀφ’
2327 4504 2514 4564 ἑαυτοῦ
2545 4522 2559 4540 ⁸
2648 4504 2768 4563 ἀλλ’
2840 4505 2939 4565 ὅσα
3010 4505 3072 4565 ἂν
3135 4507 3337 4585 ἆκούστ⁸
3417 4506 3670 4582 λαλήσει,
3733 4530 3802 4565 κα

441 4589 509 4678 τὰ
537 4587 805 4669 ἐρχόμενα
834 4588 1125 4669 ἀναγγελεῖ
1147 4591 1299 4667 ὑμῖν.
1347 4590 1587 4656 Ἐκεῖνος
1629 4590 1725 4668 ἐμὲ
1754 4589 1982 4670 δοξάσει,
2028 4592 2109 4651 ὅτι
2138 4593 2201 4650 ἐκ
2240 4599 2331 4650 τοῦ
2361 4592 2489 4670 ἐμοῦ
2529 4593 2787 4678 λήψεται,
2834 4599 2925 4654 καὶ
2953 4596 3243 4677 ἀναγγελεῖ
3294 4599 3450 4675 ὑμῖν,
3502 4599 3679 4656 Πάντα
3719 4596 3819 4655 ὅσα

438 4675 617 4766 ἔχειΑὸ
647 4677 853 4766 Πατὴρ,
887 4678 991 4754 ἐμά
1034 4678 1166 4739 ἐστι.
1204 4681 1303 4736 Διὰ
1342 4690 1496 4740 τοῦτο
1525 4681 1685 4763 εἷπον
1716 4679 1799 4738 ὅτι
1826 4680 1887 4738 ἐκ
1913 4690 2006 4740 τοῦ
2034 4683 2165 4760 ἐμοῦ
2192 4680 2472 4766 λαμβάνει,
2504 4687 2593 4742 καὶ
2613 4675 2902 4766 ἀναγγελεῖ
2927 4675 3079 4763 ὺμῒνξ

521 4764 615 4830 12.
646 4765 1019 4846 Evangelista
1047 4766 1133 4831 sic
1163 4759 1564 4850 apertissime.
1590 4770 1946 4848 disserente,
1978 4759 2081 4833 oré
2103 4787 2148 4836 D

431 4855 828 4919 thodoxorum
856 4856 989 4938 quis
1034 4857 1280 4920 audebit
1325 4858 1418 4921 vel
1462 4858 1681 4941 poterit
1721 4858 1945 4923 addere
1989 4860 2082 4924 vel

2248 4761 2342 4849 ιβ’.
2399 4776 2498 4831 Καὶ
2545 4781 2639 4831 τοῦ
2695 4761 3076 4857 εύαγγελιστοῦ
3133 4776 3272 4835 οὕτω
3323 4778 3616 4858 τρανότατα
3663 4774 3814 4857 [Αίί.

2164 4861 2505 4943 τρανέστατα]
2579 4864 2701 4947 (76)
2820 4865 3240 4949 διαγορεύοντος,
3352 4868 3431 4933 τίς
3530 4865 3816 4948 ὀρθοδύξων

511 4988 565 5033 ³6
590 4987 768 5057 Joan.
800 4990 1175 5073 xxv,§i5-l7.
1259 4990 1316 5036 37
1339 4989 1493 5057 Ibid.
1526 4991 1628 5058 96.
1714 4991 1770 5037 ³8
1790 4994 1960 5058 Joan.
1992 5012 2092 5075 xv,
2125 4993 2225 5059 26.
2308 4993 2363 5039 39
2387 4994 2559 5060 Joan.
2591 5015 2713 5078 xvr,
2748 4999 2967 5067 12-16.

1682 5100 1855 5166 Joan.
1885 5104 2052 5183 Bapt.
2083 5102 2367 5169 Cotelerii
2398 5114 2578 5171 notaa.

668 5239 696 5272 α
720 5216 1008 5309 Ρξᾳθόντεος.
1028 5214 1166 5309 ».Α1.
1192 5216 1469 5309 παθόντξῇ
1489 5217 1671 5309 Male,
1695 5218 2085 5309 Sicejusdem

429 5294 633 5383 erilli
664 5295 824 5383 e_d_i_to
856 5314 912 5359 IV
942 5294 1224 5383 in_Joan.
1275 5316 1355 5383 p._
1393 5298 1512 5383 θαι
1568 5294 1961 5383 genus”
1988 5301 2083 5366 vi-

430 5375 581 5439 tiose
610 5375 849 5439 exhibet
879 5375 1162 5457 quodest
1218 5375 1529 5456 μαθήματα.
1592 5379 1659 5442 In
1690 5375 1943 5444 concilio
1970 5401 2081 5446 au-

431 5463 549 5519 tem
580 5456 1077 5541 Chalcedonensi,
1114 5476 1172 5539 p.
1224 5473 1310 5533 ιιι,
1358 5477 1489 5541 cap.
1522 5460 1623 5541 43,
1657 5469 1718 5524 et
1767 5460 1831 5523 in
1881 5461 2083 5526 libello

430 5554 620 5626 quem
638 5536 1012 5626 Iustinianus
1041 5536 1364 5626 imperator
1390 5536 1652 5626 A'gapet'o
1716 5541 1790 5607 Β.
1819 5544 2083 5626 pontiﬁci

430 5615 650 5705 obtulit
678 5615 793 5681 ΟΡ.
816 5615 1151 5705 anathema
1174 5617 1377 5705 inepte
1405 5615 1671 5705 ponitur,
1704 5615 1840 5686 cuni
1871 5641 2084 5688 sensus

428 5696 690 5781 postulet
718 5695 1045 5781 mathema,
1078 5697 1140 5781 id
1170 5705 1261 5761 est
1279 5695 1654 5781 Symbolum.

513 5776 629 5855 (75)
663 5801 693 5835 α
727 5778 860 5856 Παρ’
901 5779 1029 5856 ὑμῖν
1075 5778 1247 5855 μένει,
1290 5776 1378 5840 κάι
1409 5782 1465 5840 ἐν
1497 5784 1626 5861 ὑμῖν
1655 5785 1789 5850 ἐστι.
1825 5809 1856 5845 ι
1894 5784 2081 5867 (Joan

2166 5240 2290 5303 xw,
2328 5227 2448 5308 17.)
2498 5229 2584 5291 Ita
2636 5230 2945 5295 versiones
3004 5230 3254 5308 multae;
3313 5239 3375 5297 et
3426 5249 3494 5293 ex
3542 5227 3818 5295 Patribus

2166 5307 2662 5406 npunulliqvagr.
2682 5310 2954 5406 Fj‘ulggnt,
2974 5312 3435 5406 lib._viuC_ontra
3448 5311 3813 5404 Fabianum,

2162 5384 2239 5476 a_b
2270 5384 2677 5476 eruditissimo
2706 5384 2994 5456 Chil‘ﬂetio
3012 5394 3366 5476 publicatus,
3400 5392 3557 5454 hunc
3585 5384 3815 5476 in_mo-'-

2166 5465 2308 5529 dum
2346 5468 2523 5533 citat:
2564 5465 3081 5555 Vosicognovist'is
3115 5465 3457 5555 euqu'uia
3499 5473 3666 5555 apud
3708 5491 3817 5536 vos

2164 5555 2395 5633 manet,
2427 5556 2581 5633 etin
2600 5554 2768 5617 vobis
2793 5553 2902 5620 est.
2935 5555 3003 5618 In
3031 5553 3274 5619 duobus
3292 5553 3577 5617 Romanis
3604 5554 3811 5633 codd.,

2166 5627 2409 5714 'Evjpfiv
2441 5631 2616 5709 μένει,
2647 5637 2734 5693 καὶ
2763 5636 2817 5695 ἐν
2858 5640 2990 5714 ὑμῖν
3020 5637 3153 5699 ἐστι.
3304 5636 3307 5641 Δ

2244 5708 2373 5856 (7?
2410 5734 2442 5769 ι
2474 5708 2779 5794 Τρανότατα
2809 5736 2829 5755 ⁸
2857 5708 3205 5800 τρανέστατα.
3232 5741 3261 5775 ιο
3357 5717 3546 5810 τρανὺς
3577 5722 3637 5779 et
3676 5738 3813 5798 τρα-

2244 5810 2282 5856 :.
2406 5809 2524 5856 auo
2583 5797 2853 5856 secundo
2906 5797 3196 5856 nutamit
3247 5796 3470 5856 alma
3490 5794 3813 5856 formatum

2161 5790 2282 5861 νήξ.
2314 5790 2361 5856 E
2406 5790 2529 5874 quo
2583 5797 2853 5861 secundo
2891 5790 3196 5881 putaverit
3247 5790 3470 5879 aliquis
3490 5790 3814 5862 formatum
