4176 6382
543 279 650 342 811

542 502 697 566 ﬁeri.

626 683 726 746 20.
761 677 904 752 Quis
935 691 1110 756 porro
1145 670 1290 732 illud
1326 668 1561 731 admitti
1590 665 1840 756 dignum
1875 661 2126 756 putabit,
2159 681 2194 724 a

542 769 827 835 Romanis
859 753 980 828 sive
1011 759 1230 824 Latinis
1260 767 1494 820 sanctas
1516 753 2006 832 venerandasque
2036 753 2188 812 ima-

542 862 712 942 gines
741 875 860 918 non
881 851 1018 923 coli,
1047 867 1159 912 nec
1190 847 1470 909 honorari
1492 851 1832 942 sanctorum
1867 841 2183 942 reliquias:

545 928 872 1032 prasertim
927 959 1060 1004 cum
1114 937 1264 1017 apud
1321 954 1422 997 eos
1466 931 1885 1032 conditwnsin‘t.
1917 928 2187 1032 reliquia:

543 1016 884 1102 sanctorum
914 1016 1399 1105 summorumque
1445 1022 1606 1085 Petri
1637 1029 1694 1082 et
1726 1019 1889 1081 Pauli
1921 1037 1934 1081 :
1970 1016 2186 1099 quibus

546 1126 732 1207 magis
776 1123 987 1185 efferre
1028 1135 1093 1178 se
1121 1113 1571 1193 conspiciuntur
1600 1129 1668 1172 ac
1700 1107 2015 1207 magniﬁce
2051 1107 2182 1186 glo-

541 1197 708 1292 riari,
740 1229 915 1294 quam
948 1205 1178 1270 cunctis
1207 1203 1339 1264 aliis
1367 1200 1650 1294 Romanis
1674 1197 2112 1294 narrationibus
2128 1207 2188 1258 et

545 1285 824 1387 praeclare
854 1297 1057 1379 gestis,
1082 1310 1335 1374 quorum
1369 1291 1559 1372 plenae
1588 1295 1726 1350 sunt
1757 1305 1964 1387 omnes
1993 1285 2185 1387 hisnto-

541 1376 668 1470 riae,
695 1376 895 1454 omnia
924 1380 1239 1467 poemata?
1269 1383 1567 1470 Praeterea
1593 1396 1728 1470 cum
1749 1376 2045 1470 Adrianus
2072 1377 2188 1436 Ro-

542 1465 754 1545 manus
801 1465 953 1561 papa
992 1472 1259 1554 septima:
1294 1469 1528 1561 synodo
1572 1465 1876 1561 praefuerit
1903 1483 2022 1526 una
2051 1483 2184 1526 cum

540 1572 674 1635 aliis
714 1555 1108 1632 sanctissimis
1160 1557 1532 1640 patriarchis,
1568 1564 1627 1618 et
1655 1555 1907 1617 alienam
1941 1572 2188 1615 novam-

541 1681 658 1742 que
679 1655 1014 1723 doctrinam
1038 1648 1452 1742 baereticorum
1475 1644 2004 1742 lconomachorum
2019 1642 2182 1742 C'his-

2273 1643 2577 1700 ἒπείσακτον
2671 1641 3011 1716 καινοτομίαν

540 1731 736 1812 tianos
765 1739 1170 1808 accusantium
1195 1732 1801 1808 anathematizaverit,
1824 1750 1939 1812 qua
1958 1731 2188 1793 ratione

543 1857 666 1901 non
696 1830 978 1898 honorari
1008 1847 1114 1909 per
1141 1825 1380 1887 Latinos
1409 1841 1577 1884 sacra
1607 1820 2006 1900 colendasque
2037 1821 2185 1881 ima-

543 1928 715 2008 gines
762 1917 1054 1985 concedet
1097 1912 1276 1995 quis?
1306 1909 1919 2008 Maxim_eque_rnultis
1968 1910 2187 2008 sanctis

538 1999 902 2097 imaginibus
933 2028 966 2072 e
997 2008 1184 2070 Roma
1228 2000 1800 2097 Constantinopolim
1837 1999 2181 2097 translatis,

542 2087 940 2189 quaevegregie
960 2117 1027 2161 ac
1045 2102 1247 2189 exacte
1275 2089 1638 2172 respondent
1665 2087 1958 2189 sanctitati
1981 2089 2187 2189 primi-

541 2176 673 2258 tivae
703 2176 906 2256 eorum
927 2203 1174 2270 quorum
1199 2182 1486 2260 imagines
1507 2184 1664 2270 sunt.
1691 2176 2181 2270 Quandoquidem

539 2293 599 2347 et
633 2284 731 2346 hic
761 2267 1028 2342 videmus
1059 2274 1319 2336 Francos
1349 2267 1696 2350 peregrinos
1725 2267 1787 2328 in
1819 2275 2018 2328 nostra
2050 2286 2183 2328 om-

536 2374 680 2437 nino
700 2367 1042 2434 veneranda
1074 2361 1294 2443 templa
1323 2359 1572 2437 intrare,
1607 2375 1968 2438 omnemque
1999 2358 2184 2419 hono-

536 2480 666 2526 rem
695 2478 766 2524 ac
792 2453 1188 2522 reverentiam
1233 2448 1419 2512 sacris
1465 2445 1832 2527 imaginibus
1862 2445 2179 2527 impertiri.

621 2729 960 2807 21.1taque
987 2740 1154 2800 rogo,
1207 2715 1496 2798 supplico,
1542 2713 1834 2807 obtestor,
1885 2719 2185 2807 et_mente

541 2828 674 2883 tuos
700 2802 906 2881 sacros
935 2812 1118 2894 pedes
1147 2807 1502 2894 amplector,
1525 2811 1589 2865 ut
1609 2802 1684 2894 de
1717 2820 1789 2894 eo
1816 2802 1973 2894 quod
2006 2819 2185 2864 exac-

537 2909 656 2970 tius
679 2914 768 2969 est
797 2891 1112 2966 remittens
1140 2896 1337 2960 divina
1369 2905 1466 2956 tua
1495 2891 1820 2968 beatitudo,
1854 2891 2036 2954 rebus
2056 2909 2188 2954 sese

1451 260 1869 330 MICHAELIS
1908 257 2320 326 CERULABII
2360 259 2472 322 GP.
2518 255 3033 321 ΡΑΤΗΙΑΒΟΗᾹΞ

543 409 805 476 nonullis
834 409 1128 488 perpetra,
1154 419 1272 463 non
1305 418 1376 463 ex
1405 398 1534 480 ejus
1562 395 1858 460 sententia
1881 412 1951 458 ac
1981 392 2204 456 animo.

2273 395 2380 473 περὶ
2443 383 2716 468 Ῥωμαίων
2773 391 3108 472 φημιζόμενα
3143 407 3157 423 ⁶

3804 255 3932 321 812

3233 391 3267 460 ἢ
3325 395 3412 449 καὶ
3475 393 3736 459 πολλάκις
3793 393 3929 474 παρ’

2273 483 2421 542 ἐνίων
2479 483 2837 562 πραττόμενα,
2923 481 3001 558 μὴ
3072 478 3192 538 κατ’
3270 482 3469 541 ἐκείνου
3543 486 3766 564 γνώμην
3836 484 3932 541 καὶ

2274 575 2475 631 σύνεσιν
2503 583 2668 631 ταῦτα
2697 574 2926 650 γίνεσθαι
2937 616 2949 629 .

2353 651 2428 724 κ’,
2516 661 2603 726 Τίς
2671 658 2725 716 δὲ
2802 660 2891 716 καὶ
2968 669 3121 720 τοῦτο
3185 661 3570 738 εὖπαράδεκτον
3637 665 3926 742 ἡγήσεται,

2273 750 2354 807 ὅτι
2437 743 2692 825 Ῥωμαῖοι
2760 749 2856 812 τὰς
2927 748 3080 826 ἁγίας
3158 751 3245 806 καὶ
3320 753 3518 816 σεπτὰς
3588 753 3793 818 εἰκόνας
3864 754 3928 809 οὗ

2267 849 2644 920 προσκυνοῦσιν
2701 835 2852 917 (83),
2907 835 3022 894 οὒδὲ
3064 843 3263 913 τιμῶσι
3311 841 3378 896 τὰ
3419 848 3526 896 τῶν
3584 841 3747 920 ἁγίων
3803 840 3924 898 λεί-

2269 934 2411 1005 ψανα
2444 949 2458 963 ·
2531 929 2620 985 καὶ
2675 934 2839 983 ταῦτα
2891 927 3150 1002 κειμένων
3219 927 3346 1008 παρ’
3403 933 3586 994 αὐτοῖς
3644 931 3748 988 τῶν
3799 929 3918 986 λει-

2270 1018 2451 1093 ψάνων
2493 1023 2599 1072 τῶν
2653 1016 2814 1093 ἁγῖων
2873 1016 2962 1071 καὶ
3019 1021 3335 1095 κορυφαίων,
3397 1017 3597 1098 Πέτρου
3636 1020 3725 1074 καὶ
3769 1019 3918 1074 Παύ-

2267 1105 2383 1186 λου,
2455 1109 2540 1170 οῖς
2601 1103 2760 1160 πλέον
2833 1103 3234 1184 ἐγκαυχώμενοι
3280 1105 3550 1184 φαίνονται
3610 1108 3698 1162 καὶ
3757 1129 3920 1185 μεγα-

2267 1195 2536 1277 λοφρόνως
2594 1192 3015 1273 ἐναϐρυνόμενοι,
3077 1193 3112 1262 ἢ
3177 1200 3306 1250 πᾶσι
3363 1209 3482 1259 τοῖς
3541 1193 3722 1260 ἄλλοις
3782 1186 3918 1253 Ῥω-

2268 1297 2493 1362 μαϊκοϊς
2571 1283 2868 1362 διηγήμασι
2953 1283 3041 1339 καὶ
3121 1283 3543 1364 κατορθώμασιν,
3616 1287 3692 1340 ὧν
3775 1291 3919 1343 πᾶσα

2267 1374 2478 1456 πλήρης
2531 1373 2808 1452 συγγραφὴ
2865 1374 2951 1430 καὶ
3005 1373 3275 1454 ποίησις;
3337 1381 3440 1431 Τοῦ
3483 1374 3636 1430 πάπα
3692 1372 3748 1430 δὲ
3791 1371 3919 1432 Ῥὠο

2272 1489 2380 1542 μης
2405 1463 2696 1544 Ἀδριανοῦ,
2734 1464 2833 1529 τῆς
2865 1460 3096 1537 ἑϐδόμης
3148 1462 3493 1541 ἡγησαμένου
3549 1463 3765 1520 συνόδου

2273 1555 2412 1631 μετὰ
2480 1560 2584 1610 τῶν
2643 1551 2819 1609 ἄλλων
2879 1551 3189 1629 ἁγιωτάτων
3258 1558 3628 1633 πατριαρχῶν,
3684 1554 3771 1608 καὶ
3819 1553 3918 1621 τὴν

3115 1646 3220 1696 τῶν
3318 1643 3914 1721 Χριστιανοκατηγόρων

2270 1733 2577 1812 Εἷκονομάχ
2580 1754 2652 1788 ων
2773 1733 3046 1808 αἱρετικῶν
3171 1729 3672 1806 ἆναθεματίσαντος,
3800 1738 3916 1794 πῶς

2270 1823 2347 1899 μὴ
2392 1809 2641 1897 τιμᾶσθαι
2684 1820 2826 1899 παρὰ
2889 1809 3168 1894 Ῥωμαίοις
3225 1819 3319 1882 τὰς
3379 1819 3531 1897 ἁγίας
3589 1821 3678 1876 καὶ
3711 1821 3915 1899 σεπτὰς

2270 1898 2472 1975 εἰκόνας
2516 1908 2671 1965 δώσει
2713 1898 2845 1987 τιςς
2903 1908 2992 1964 καὶ
3023 1905 3254 1981 μάλιστα
3311 1905 3527 1964 πολλῶν
3584 1909 3645 1964 ἐκ
3705 1898 3916 1986 Ῥώμης

2269 2001 2342 2064 εἷς
2415 1996 2969 2058 Κωνσταντινούπολιν
3055 1999 3546 2072 μετακομισθεισῶν
3633 1998 3797 2076 ἁγίων
3876 2001 3919 2055 εἰ

2266 2090 2458 2162 κόνων,
2519 2087 2654 2145 πολὺ
2709 2090 2770 2144 τὸ
2829 2086 3066 2166 ἔκκριτον
3133 2085 3222 2141 καὶ
3271 2087 3332 2141 τὸ
3390 2083 3601 2166 ἀκριϐὲς
3653 2086 3918 2168 ἔχουσῶν,

2267 2181 2339 2234 ὧν
2397 2180 2525 2233 εἰσιν
2595 2176 2792 2255 εἰκόνες
2859 2179 2959 2244 τῆς
3035 2173 3381 2252 πρωτοτύπου
3457 2176 3742 2253 ἁγιότητος
3813 2176 3919 2255 [aL

2269 2267 2636 2344 ὁμοιότητος).
2698 2249 2856 2324 εὈπου
2907 2286 2968 2343 γε
3051 2265 3138 2320 καὶ
3215 2262 3432 2320 ἐνταῦθα
3491 2249 3919 2343 παρεπιδημοῦν-

2266 2379 2360 2420 τας
2430 2360 2634 2436 ὁρῶμεν
2700 2355 3002 2434 Φράγγους,
3060 2355 3148 2410 καὶ
3227 2353 3281 2409 ἐν
3355 2365 3473 2417 τοῖς
3530 2354 3634 2430 [αι.
3706 2352 3916 2434 λυτοτς]

2265 2445 2382 2502 καθ’
2461 2447 2604 2520 ἡμᾶς
2674 2443 2996 2507 πανσέπτοις
3081 2454 3231 2506 ναοῖς
3317 2441 3736 2522 εἰσερχομένους,
3819 2444 3912 2499 καὶ

2265 2540 2438 2590 πᾶσαν
2494 2533 2657 2610 τιμὴν
2713 2533 2804 2590 καὶ
2875 2531 3233 2610 προσκύνησιν
3309 2543 3430 2595 ταῖς
3487 2532 3656 2609 ἁγίαις
3712 2531 3910 2587 εἰκόσιν

2266 2622 2654 2698 ἀπονέμοντας.

2345 2702 2457 2775 καί
2526 2713 2626 2770 Καὶ
2679 2710 2994 2792 παρακαλῶ,
3067 2712 3156 2768 καὶ
3231 2711 3469 2787 ἱκετεύω,
3542 2711 3631 2766 καὶ
3699 2707 3913 2786 δέομαι,

2266 2803 2354 2858 καὶ
2407 2807 2601 2880 νοερῶς
2642 2808 2747 2859 τῶν
2806 2823 2914 2858 σων
2967 2802 3132 2880 ἁγίων
3189 2799 3492 2881 ἐφάπτομαι
3551 2797 3752 2880 ποδῶν,
3823 2798 3917 2856 ’ίνα

2266 2897 2361 2948 τοῦ
2415 2889 2548 2970 ἄγαν
2603 2888 2842 2970 ἀκριϐοῦς
2904 2893 2940 2960 ἡ
3009 2887 3244 2958 θεοειδὴς
3300 2887 3516 2946 ἐνδοῦσα
3587 2889 3918 2968 μακαριότης

539 2993 981 3062 accommodet.
1013 2985 1397 3052 Metuendum
1431 2981 1591 3044 enim
1621 2989 1715 3043 est
1743 2999 1842 3056 ne,
1882 2980 2024 3042 dum
2066 2980 2189 3043 vult

2273 3002 2385 3056 σου,
2444 2978 2665 3056 συνέλθῃ
2720 2993 2838 3044 τοῖς
2893 2979 3191 3058 πράγμασι,
3227 2979 3359 3043 Λέος
3415 2979 3514 3058 γὰρ
3560 2980 3770 3054 μήποτε
3825 2978 3914 3056 ῥά-

538 3085 854 3150 discissum
880 3079 1095 3159 sacire,
1123 3076 1386 3157 pejorem
1415 3072 1742 3133 scissuram
1772 3069 1988 3146 faciat,
2018 3069 2189 3132 dum-

537 3194 655 3258 que
685 3172 1032 3258 prolapsum
1059 3167 1292 3258 erigere
1322 3161 1633 3258 contendit
1655 3161 1940 3258 majorem
1965 3159 2186 3222 efﬁciat

536 3247 763 3328 casum.
797 3247 1126 3324 considera
1170 3253 1369 3324 etiam,
1414 3269 1554 3312 num
1578 3249 1721 3313 inde
1744 3247 2082 3330 manifesto,
2115 3267 2186 3310 ex

533 3353 815 3417 diuturna
841 3349 978 3422 hac,
1031 3347 1298 3426 inquam,
1330 3339 1625 3402 divisione
1669 3357 1737 3401 ac
1781 3338 2179 3420 dissensione,

534 3440 692 3524 quod
714 3459 750 3502 a
769 3445 974 3500 sancta
1002 3453 1071 3498 nc
1083 3445 1206 3495 stra
1222 3429 1492 3524 Ecclesia
1523 3428 1751 3524 divulsa
1778 3427 1953 3524 fuerit
1975 3447 2184 3507 magna

535 3516 690 3606 liaac,
718 3527 911 3610 prima
938 3533 998 3590 et
1013 3521 1337 3610 apostolica
1354 3518 1550 3610 sedes,
1576 3516 1914 3610 contigerit,
1941 3536 2178 3610 omnem

534 3619 600 3682 in
643 3605 860 3680 saeculo
907 3611 1166 3676 crevisse
1203 3607 1513 3681 malitiam,
1558 3615 1743 3667 totum
1790 3605 1996 3667 orbem
2031 3607 2183 3668 male

535 3707 784 3781 habere,
803 3703 1003 3767 omnia
1018 3710 1314 3763 terrarum
1335 3714 1520 3773 regna
1537 3693 1769 3756 turbata
1787 3713 1940 3770 esse,
1963 3695 2185 3776 ubique

537 3796 812 3860 obtinere
845 3793 1093 3865 luctum,
1121 3806 1191 3850 ac
1221 3786 1470 3849 multum
1498 3802 1609 3860 vae,
1633 3783 2093 3864 frequentesque
2122 3786 2184 3846 in

537 3881 890 3966 regionibus
920 3888 979 3941 et
1006 3876 1240 3941 urbitus
1284 3875 1472 3936 fames
1517 3891 1586 3934 ac
1637 3877 1868 3966 pestes,
1891 3891 2004 3933 nec
2032 3873 2184 3935 ulla-

537 3963 712 4038 tenus
761 3977 830 4032 ut
884 3967 1206 4049 plurimum
1265 3973 1498 4027 nostros
1551 3963 1846 4026 exercitus
1904 3980 2185 4043 prospere

535 4079 714 4144 agere
733 4059 765 4120 ?

2269 3075 2365 3145 ψαι
2427 3071 2488 3126 τὸ
2559 3067 2837 3148 διεῤῥωγὸς
2889 3068 3211 3146 βουλομένη,
3271 3081 3460 3149 χεῖρον
3537 3065 3645 3145 [aL
3707 3065 3914 3146 μεῖζον]

2267 3161 2333 3217 τὰ
2375 3159 2583 3240 σχίσμα
2631 3161 2834 3238 ποιήσῃ
2870 3180 2885 3198 ο
2957 3160 3046 3216 καὶ
3087 3161 3151 3217 τὸ
3204 3158 3626 3220 καταπεπτωκὸς
3680 3156 3920 3234 ἀνορθῶ-

2267 3271 2354 3304 σαι
2422 3246 2807 3324 σπσυδάζουσα,
2884 3248 3096 3325 μείζονα
3168 3247 3268 3316 τὴν
3338 3251 3542 3303 πτῶσιν
3602 3245 3917 3325 ἐργάσηται,

2269 3338 2552 3405 Σκόπησον
2607 3336 2684 3414 δὲ,
2744 3339 2788 3394 εἰ
2860 3338 2936 3414 μὴ
3015 3342 3252 3418 φανερῶς
3327 3336 3584 3415 ἐντεῦθεν,
3642 3333 3804 3413 ἤγουν
3861 3334 3921 3390 ἐκ

2263 3433 2360 3494 τῆς
2431 3433 2635 3506 μακρᾶς
2707 3427 2907 3494 ταύτης
2966 3425 3288 3489 διαστάσεως
3339 3426 3428 3481 καὶ
3487 3421 3755 3504 διχονοίας
3825 3430 3919 3480 τοῦ

2269 3516 2376 3595 [aL
2435 3519 2524 3573 καὶ
2579 3515 2694 3596 τοῦ]
2743 3517 2843 3582 τῆς
2885 3514 3002 3573 καθ’
3057 3518 3200 3592 ἡμᾶς
3259 3514 3413 3593 ἁγίας
3460 3512 3780 3580 Ἐκκλησίας
3823 3513 3919 3569 τὸν

2267 3605 2435 3683 μέγαν
2490 3612 2670 3662 τοῦτον
2743 3606 2831 3662 καὶ
2896 3603 3003 3685 [αῖ.
3089 3605 3179 3662 καὶ
3262 3600 3492 3683 πρῶτον]
3565 3601 3921 3661 ἆποστολικὸν

2267 3695 2448 3772 θρόνον
2505 3693 2891 3776 ἀπορραγῆναι,
2950 3693 3142 3762 συνέϐη
3193 3700 3368 3751 πᾶσαν
3437 3692 3493 3749 ἐν
3536 3699 3613 3768 τῷ
3677 3693 3775 3769 βίῳ
3813 3713 3921 3748 κα-

2267 3787 2383 3841 κίαν
2435 3784 2818 3861 πληθυνθῆναι,
2869 3786 2959 3842 καὶ
3018 3785 3298 3860 σύμπαντα
3357 3784 3556 3860 κόσμον
3608 3781 3756 3862 ἔχειν
3814 3803 3922 3838 κα-

2267 3878 2373 3937 κῶς
2411 3892 2422 3906 '
2499 3876 2587 3930 καὶ
2639 3872 2786 3938 ὅπως
2863 3876 2916 3930 αἱ
2981 3872 3251 3951 βασιλεῖαι
3308 3873 3487 3941 πάσης
3568 3869 3675 3951 [aL
3735 3871 3922 3947 πᾶσαιι

2265 3969 2364 4030 τῆς
2395 3967 2498 4041 γῆς
2529 3960 2913 4041 τεταραγμέναι
2971 3963 3092 4038 εἰσὶ,
3150 3963 3240 4018 καὶ
3289 3967 3577 4041 πανταχοῦ
3640 3960 3745 4037 lat.
3793 3982 3931 4016 παν-

2265 4052 2514 4132 ταχόθεν]
2545 4054 2758 4130 θρῆνος,
2802 4052 2893 4108 καὶ
2931 4052 3045 4110 οὒαὶ
3091 4049 3252 4130 πολὺ,
3310 4052 3398 4108 καὶ
3440 4049 3614 4126 λιμοὶ,
3671 4049 3761 4106 καὶ
3816 4046 3929 4104 λοι-

541 4135 657 4229 μοὶ,
689 4151 780 4207 καὶ
809 4161 1056 4228 συνεχεῖς
1072 4145 1209 4203 κατὰ
1238 4145 1423 4225 χώραν
1451 4145 1540 4201 καὶ
1559 4142 1714 4201 πόλιν
1743 4159 1760 4177 ⁶
1787 4144 1876 4199 καὶ
1906 4140 2111 4219 οὖδαμῆ
2156 4145 2398 4221 οὐδαμῶς
2427 4143 2501 4204 ὡς
2540 4140 2624 4196 ἐπὶ
2650 4141 2824 4197 πάντα
2857 4139 2971 4220 [αι.
3005 4139 3214 4218 ἐπίπαν]
3241 4141 3307 4198 τὰ
3335 4139 3571 4219 ἡμετέρα
3601 4135 3927 4202 εὖδονοῦνται

537 4235 867 4322 στρατόπεδα
897 4257 916 4318 ς

618 4326 721 4391 22.
752 4324 832 4390 Ut
862 4310 1141 4405 equidem
1164 4340 1356 4384 meam
1377 4339 1644 4401 promam
1661 4321 2038 4399 sententiam,
2060 4324 2108 4386 si
2127 4323 2185 4385 in

2351 4311 2462 4398 κβ’.
2501 4310 2592 4383 Ὠς
2652 4318 2822 4398 ἔγωγε
2868 4319 2971 4387 τὴν
3014 4319 3673 4405 ἐμὴντγνωμηνῗφανερῶ
3737 4317 3926 4397 [φανε-

535 4416 877 4499 adjectione
908 4410 1171 4494 Symboli
1192 4411 1583 4490 corrigantur,
1610 4410 1758 4472 nihil
1781 4420 2066 4491 praeterea
2082 4431 2184 4493 po-

537 4503 879 4570 stulaverim
906 4524 920 4562 :
949 4520 1184 4564 necnon
1209 4499 1654 4562 indiﬂ'erentem
1685 4500 2018 4582 relinquam
2049 4518 2184 4562 cum

538 4593 674 4660 aliis
703 4593 890 4659 etiam
914 4591 989 4656 de
1009 4589 1225 4671 azymis
1259 4589 1668 4671 quaestionem,
1702 4608 2039 4671 quanquam
2071 4591 2189 4652 evi-

2265 4409 2441 4492 ρώσω]
2469 4408 2598 4489 (85)
2638 4428 2656 4446 ο
2707 4411 2750 4465 εί
2789 4407 2888 4474 τὴν
2944 4407 2998 4466 ἐν
3025 4415 3103 4483 τῷ
3145 4409 3278 4487 ἁγίῳ
3307 4404 3567 4484 Συμϐόλῳ
3596 4407 3912 4484 προσθήκην

2266 4501 2658 4581 διορθώσαιντο,
2743 4496 2890 4557 οὐδὲν
2944 4497 3007 4554 ἂν
3062 4498 3239 4570 ἕτερον
3312 4499 3600 4570 ἐπεζήτουν
3636 4513 3650 4528 ⁶
3710 4495 3929 4576 ἀδιάφο-

2269 4614 2358 4672 ρον
2428 4588 2734 4646 καταλιπὼν
2787 4589 2879 4645 σὺν
2933 4602 3050 4652 τοῖς
3129 4587 3312 4654 ἄλλοις
3373 4591 3460 4645 καὶ
3538 4589 3599 4644 τὸ
3643 4587 3762 4667 περὶ
3819 4592 3928 4642 τῶν

1782 4719 1956 4785 Joan.
1991 4719 2164 4804 Bapt.
2199 4721 2481 4788 Cotelerii
2510 4729 2689 4786 notae.

623 4859 760 4942 (83)"
801 4882 830 4915 ι
894 4849 1094 4942 Ἀγίας-
1119 4859 1208 4942 καὶ
1252 4858 1448 4942 σεπτᾲς
1495 4858 1699 4942 εἰκόνας
1746 4857 1805 4914 οὗ
1858 4866 2189 4939 προσκυνοῦ-

543 4936 650 5004 σινζ
689 4965 716 4997 ιο
734 4936 1059 5018 Lectorem
1080 4936 1178 4998 hic
1207 4937 1595 5000 amandamus
1618 4937 1693 4998 ad
1710 4955 1867 5018 saepe
1889 4936 2189 5000 memora-

540 5031 666 5084 tum
717 5017 1291 5098 memorandumque
1343 5035 1625 5098 magnum
1676 5017 1868 5080 virum
1927 5018 2189 5081 Leonem

539 5100 851 5176 Allatium,
875 5099 961 5163 De
982 5097 1298 5179 utriusque
1316 5097 1603 5161 Ecclesiae
1615 5105 1916 5179 perpetua
1936 5117 2191 5162 consen-

544 5183 737 5263 sione,
768 5179 877 5243 lib.
913 5196 999 5257 ιιι,
1023 5194 1156 5260 cap.
1196 5179 1292 5257 12,
1323 5198 1386 5241 n.
1417 5179 1454 5240 2
1488 5199 1506 5253 ;
1539 5186 1598 5240 et
1616 5197 1748 5260 cap.
1781 5180 1880 5262 15,
1919 5198 1981 5243 n.
2023 5183 2093 5244 12
2137 5187 2200 5244 et

539 5281 747 5422 88(ίὲίῆ
778 5364 806 5396 α
839 5331 1102 5422 Ἐξδόμης
1143 5337 1406 5422 συνόδουο-
1433 5360 1462 5400 ³
1513 5337 1721 5422 Οβίίθτ
1769 5339 1987 5422 corrigi
2017 5340 2192 5422 veli—1‘“

541 5418 834 5524 syncodyr'n
866 5418 1240 5524 Bbotianan},
1266 5418 1328 5480 in
1343 5492 1356 5512 ‹
1362 5419 1626 5524 ξῃῃοὼ,
1641 5418 2009 5524 Anglican—0,
2042 5427 2085 5484 t.
2118 5419 2190 5498 II,

541 5500 757 5593 p'._29_5
786 5500 971 5593 D,‘ita
999 5500 1252 5593 legendo
1290 5517 1304 5562 :
1335 5500 1399 5593 “0
1423 5500 1844 5593 bﬁv‘ceofmipz‘,
1874 5500 2189 5593 δεχόμενος,

542 5573 635 5651 λαὶ
697 5573 970 5658 ὀνομάζων
1024 5573 1394 5661 οἶκουμενικὴν
1449 5583 1538 5639 καὶ
1588 5573 1637 5654 ζ’
1679 5573 1912 5661 σύνοδον,
1936 5573 2043 5641 ’καὶ
2098 5573 2193 5648 τὰς

543 5663 736 5733 ἄλλας,
763 5661 860 5743 κᾷν
891 5671 970 5737 μὴ
990 5660 1164 5739 τολμᾷ
1192 5660 1389 5743 λέγειν,
1424 5662 1803 5743 ἀφογράφεται.
1823 5663 1886 5725 1d
1910 5671 2034 5725 est:
2072 5664 2194 5739 Qui

538 5754 567 5816 με
575 5743 749 5824 gitur
775 5740 948 5804 illam
973 5758 1100 5805 non
1128 5742 1367 5822 recipit,
1389 5749 1446 5804 et
1473 5740 1750 5807 nominat
1768 5746 2193 5809 acumenicam

2273 4855 2653 4938 etseptimam
2672 4853 3011 4938 synodum;
3043 4856 3228 4938 etiam
3247 4854 3430 4938 alias,
3444 4855 3558 4938 etsi
3569 4872 3690 4938 rion
3707 4852 3933 4938 audeat

2274 4933 2476 5001 dice—re
2495 4934 2870 5016 proscribit,
2895 4933 3108 4997 Postea
3163 4935 3226 4997 in
3280 4935 3520 5013 Allatio,
3573 4935 3668 4998 De
3695 4934 3927 5016 synodo

2277 5014 2606 5092 Photiaiia,
2641 5035 2702 5096 p.
2769 5015 2909 5097 153,
2965 5016 3188 5096 reperi,
3251 5016 3358 5078 Κᾶν
3415 5020 3475 5074 οὐ
3518 5016 3691 5094 τολμᾷ
3719 5014 3922 5095 λέγειν,

2275 5099 2693 5178 παραγράφεται.

2367 5169 2490 5259 (85)
2532 5169 2556 5234 ἀ
2596 5169 2689 5259 ῘΩς
2719 5175 2888 5259 ἕγωγβ
2917 5177 3414 5259 τάνέμὴνγγεέέμην
3440 5183 3670 5259 φανερῶο
3696 5201 3724 5234 ι
3750 5176 3926 5259 Hunc

2284 5255 2443 5320 Petri
2470 5255 3058 5321 Antiochenilocum
3084 5255 3332 5337 respicit
3349 5255 3586 5321 Nic'etas
3605 5256 3927 5321 Choniates

2282 5357 2468 5420 prope
2497 5339 2678 5420 ﬁnem
2705 5337 3010 5402 Thesauri
3034 5337 3386 5420 orthodoxy
3398 5339 3567 5420 ﬁdei,
3591 5337 3746 5418 apud
3764 5337 3928 5420 Alla-

2279 5419 2448 5495 tium,
2469 5419 2904 5500 Dissertatione
2919 5420 2993 5500 de
3003 5426 3295 5500 perpetuo
3315 5419 3607 5481 Ecclesiae
3631 5419 3923 5500 Occiden-

2279 5501 2422 5563 talis
2444 5505 2625 5580 atque
2642 5498 3149 5574 Orientalis—tarn
3174 5501 3242 5561 in
3257 5501 3530 5580 dogmate
3552 5516 3738 5580 quam
3760 5498 3827 5561 in
3845 5499 3927 5561 ri-

2279 5582 2462 5655 tibus,
2480 5579 2792 5652 consensu,
2833 5600 2891 5661 p.
2928 5582 3067 5659 698,
3104 5599 3234 5661 quae
3265 5579 3603 5661 diesertatio
3633 5580 3695 5641 in
3725 5579 3922 5661 lucem

2276 5662 2495 5724 emissa
2524 5670 2614 5723 est
2643 5680 2763 5724 una
2789 5659 2926 5725 cum
2956 5659 3228 5741 ejusdem
3271 5662 3381 5723 viri
3413 5660 3741 5727 doctissimi
3769 5659 3925 5722 libro

2276 5741 2366 5805 De
2384 5745 2766 5822 purgatorio.
