4176 6370
373 302 491 369 813

1863 313 2276 382 EPISTOL/E.

3635 327 3753 394 814

371 433 583 535 ἀζύμων
651 439 874 517 ζήτημα
907 460 923 479 ο
996 443 1040 498 εἰ
1095 444 1185 500 καὶ
1241 449 1479 525 φανερῶς
1556 445 1722 512 ἔδειξα
1791 445 1859 503 δι’
1941 449 2008 502 ὧν

2101 446 2316 510 denter
2347 447 2584 530 probavi
2635 468 2741 531 per
2769 469 2902 532 quae
2958 452 3032 514 ad
3091 455 3436 535 episcopum
3470 455 3751 524 Venetia-

370 527 504 604 πρὸς
559 529 652 584 τὸν
709 530 996 589 ἐπίσκοπον
1079 533 1322 598 Βενετίας
1395 534 1706 612 ἀπέστειλα,
1777 537 1878 617 πρὸ
1927 543 2022 595 τοῦ

369 614 568 696 Πάσχα
612 618 850 697 γενέσθαι
881 623 942 678 τὸ
971 618 1206 694 δεῖπνον,
1239 621 1294 678 ἐν
1350 627 1396 697 ᾧ
1449 627 1477 681 6
1533 625 1724 704 Σωτὴρ
1778 614 1866 682 καὶ
1909 625 2020 684 Κύ-

368 724 478 781 ριος
527 707 683 782 ἡμῶν
729 708 935 777 Ἰησοῦς
993 712 1214 789 Χριστὸς
1271 713 1333 768 τὸ
1387 715 1487 780 τῆς
1541 715 1681 778 θείας
1741 736 2016 793 μυσταγωο

367 793 484 870 γίας
541 808 660 860 τοῖς
717 803 984 874 μαθηταῖς
1041 797 1314 878 παρέδωκε
1385 804 1729 880 μυστήριονς
1790 803 1906 860 καθ’
1963 803 2019 860 ὃν

364 884 546 961 καιρὸν
596 887 691 943 οὒκ
741 887 808 955 ῆν
865 889 1090 966 νόμιμον
1124 877 1320 965 ἀζυμον
1375 877 1650 954 ἐσθίεσθαι,
1709 877 1772 950 "0
1824 891 1890 960 δὴ
1931 892 2018 948 καὶ

363 971 463 1038 τὴν
522 975 623 1042 σὴν
701 975 905 1046 θεοειδῆ
994 979 1364 1058 μακαριότητα
1444 989 1674 1038 συναινῶ
1728 979 2018 1047 καταδέξα-

363 1063 503 1136 σθαι,
551 1063 643 1122 ἵνα
672 1067 774 1142 μὴ,
819 1068 881 1124 τὸ
937 1074 1042 1124 πᾶν
1099 1067 1508 1145 ὲκζητῆσαντες,
1555 1074 1617 1128 τὸ
1669 1078 1773 1130 πᾶν
1824 1071 2017 1128 ἀπολέ-

363 1150 564 1228 ςώμεν.
603 1157 696 1212 Διὸ
729 1157 840 1237 χρὴ
902 1154 1005 1234 [aL
1067 1157 1311 1238 ἀπόχρη]
1368 1170 1532 1218 ταῦτα
1603 1162 1702 1228 τὴν
1753 1161 2015 1241 ἡμετέραν

361 1248 702 1319 παραστῆσαι
768 1245 1014 1326 γνώμην,
1075 1248 1192 1325 περὶ
1246 1249 1320 1304 ὧν
1406 1247 1704 1329 ἐδήλωσας,
1762 1252 1849 1307 καὶ
1915 1251 2014 1318 τῆν

363 1331 463 1398 σὴν
494 1334 624 1412 πρὸς
655 1335 840 1392 οἶκτον
900 1337 1054 1414 ἁγίαν
1097 1340 1308 1405 κινῆσαι
1370 1341 1555 1419 ψυχήν
1589 1358 1606 1376 ⁶
1652 1341 1697 1396 εἰ
1753 1341 1840 1396 καὶ
1868 1339 2012 1416 μᾶλ-

361 1416 454 1475 λον
485 1423 514 1477 6
542 1420 703 1501 λόγος
733 1423 876 1497 ᾄττει
928 1423 1051 1504 (86)
1101 1428 1233 1505 πρὸς
1294 1416 1485 1485 ἄλλων*
1511 1427 1770 1484 πλειόνων
1801 1432 2011 1507 θεωρη-

361 1508 546 1599 μάτων
575 1512 663 1568 καὶ
719 1513 1072 1595 κρυφιωτέρον
1120 1512 1239 1593 [αἱ.
1284 1513 1761 1599 κρυφιωδεστέρων]
1815 1517 2010 1577 intotis.-

359 1619 496 1656 σεων
523 1598 800 1682 ἀνάπτυξίν
845 1623 902 1659 τε
933 1605 1022 1659 καὶ
1053 1601 1329 1682 ἐξήγησιν.

439 1677 552 1767 κγ’,
589 1690 851 1770 Ἀνέγνων
893 1690 948 1748 δὲ
994 1695 1084 1749 καὶ
1124 1695 1190 1749 τὰ
1245 1693 1340 1750 ἴσα
1397 1701 1502 1750 τῶν
1552 1695 2012 1774 γραμμάτων,’ὧν

360 1779 491 1857 πρὸς
560 1780 652 1837 τὸν
709 1782 1113 1859 μακαριώτατον
1170 1783 1352 1839 πάπαν
1408 1782 1756 1860 ἀπέστειλας,
1812 1786 1900 1842 καὶ
1941 1786 2007 1842 τὰ

364 1867 558 1925 ἐκείνου
611 1868 772 1926 πάλιν
824 1870 1138 1952 ἀντίγραφα,
1219 1873 1262 1927 εἰ
1335 1872 1412 1946 μὴ
1469 1873 1612 1951 παρὰ
1664 1883 1758 1932 τοῦ
1815 1873 2007 1953 Ἀργυ-

363 1979 454 2038 ρου
482 1954 587 2037 [αι.
647 1959 833 2021 inter.
866 1961 940 2024 ὡς
990 1958 1293 2039 ἐδήλωσας]
1347 1969 1509 2019 ταῦτα
1561 1961 1860 2020 πέπλασται
1919 1966 2016 2020 καὶ

360 2048 787 2127 παραπεποίηται
822 2067 840 2086 ⁸
890 2050 979 2107 καὶ
1004 2052 1105 2118 τῆς
1155 2048 1362 2118 πολλῆς
1396 2072 1454 2106 σε
1491 2052 1627 2106 κατὰ
1683 2054 1814 2108 Θεὸν
1867 2053 2002 2128 ἐμα-

360 2137 551 2217 κάρισα
577 2141 1060 2220 ταπεινοφροσύνης
1117 2141 1205 2196 καὶ
1261 2141 1562 2218 πραότητος
1620 2138 1733 2219 [αι.
1788 2143 2005 2222 μετριό-

357 2224 577 2306 τητος],
638 2227 786 2295 Πλὴν
828 2228 1186 2308 ἀνατετάχθαι
1245 2226 1359 2307 [αι.
1415 2228 1756 2310 ἐντετάχθαι]
1802 2231 2007 2296 τούτοις

359 2313 483 2388 ἔδει,
546 2315 661 2373 ἐπεὶ
731 2319 850 2398 περὶ
909 2318 1151 2382 ἐνώσεως
1205 2319 1291 2374 καὶ
1362 2319 1610 2394 ὁμονοίας
1667 2317 2002 2401 ἐνατέτακτο,

357 2407 539 2463 καὶτὰ
567 2411 668 2474 τῆς
719 2405 1042 2472 διαστάσεως
1098 2405 1249 2464 αἴτια
1283 2427 1298 2443 ο
1341 2406 1456 2483 ἵνα,
1503 2409 1701 2466 τούτων
1750 2406 2008 2490 διαφωτι-

355 2496 615 2572 ζομένων,
661 2496 846 2565 ἐντελῆ
903 2495 1028 2574 δόξῃ
1077 2499 1145 2555 τὰ
1199 2498 1510 2576 γράμματα.
1573 2499 2005 2578 Διεπορθμεύθη-

356 2607 454 2642 σαν
484 2583 538 2642 δὲ
568 2587 750 2644 καὶτὰ
794 2589 925 2667 πρὸς
983 2587 1105 2650 τοὺς
1157 2590 1318 2666 ἱερεῖς
1375 2589 1463 2644 καὶ
1509 2588 1790 2668 θεοφόρους
1847 2586 2006 2646 ἀδελ-

356 2676 486 2756 φοὺς
561 2677 648 2733 καὶ
710 2675 1140 2757 συλλειτουργοὺς
1210 2679 1391 2753 ἡμῶν,
1450 2677 1541 2733 τόν
1609 2699 1667 2734 τε
1750 2677 2004 2746 Ἀλεξαν-

354 2763 548 2845 δρείας,
632 2768 722 2823 καὶ
802 2767 894 2823 τὸν
967 2757 1386 2847 Ἱεροσολυμίτην
1456 2766 1822 2848 ἐκπεμφθέντα
1893 2770 2004 2848 ἱερὰ

353 2856 644 2934 γράμματα
711 2861 813 2924 τῆς
882 2858 1181 2936 ἁγιωσύνης
1245 2879 1358 2920 σου.
1429 2859 1502 2915 Οὔ
1561 2855 1904 2933 διαλαμϐάνει
1948 2857 2003 2915 δὲ

351 2946 419 3002 τὰ
474 2946 604 3024 πρὸς
682 2945 775 3002 τὸν
855 2946 1098 3010 Βενετίας
1183 2947 1287 3022 ἐμὰ
1355 2946 1644 3026 ἀντίγραφα
1701 2944 2003 3014 δηλωθῆναί

2102 554 2234 630 rum
2275 538 2431 614 misi,
2469 547 2632 630 ante,
2655 541 2884 603 Pascha
2907 560 3136 603 ccenam
3169 545 3511 624 contigisse,
3543 548 3602 610 in
3633 571 3752 630 qua

2101 625 2365 689 Salvator
2385 635 2443 689 et
2467 627 2755 691 Dominus
2785 638 2988 691 noster
3009 630 3039 693 J
3047 650 3184 692 esus
3208 631 3481 696 Christus
3505 625 3743 700 divino-

2101 733 2230 776 rum
2245 717 2655 798 mysteriorum
2671 717 2983 799 discipulis
3009 720 3249 783 tradidit
3273 735 3732 805 sacramentum,

2102 823 2217 885 quo
2248 813 2515 886 tempore
2544 825 2664 868 non
2695 807 2926 870 solebat
2948 808 3008 869 in
3027 809 3156 888 lege
3185 828 3249 873 az
3259 830 3457 890 ymum
3485 819 3742 882 mandu-

2101 893 2244 955 cari.
2273 897 2467 975 Atque
2501 896 2612 956 hoc
2651 895 2911 958 divinam
2935 905 3091 959 tuam
3118 898 3496 962 beatudinem
3522 906 3742 968 admit-

2099 989 2226 1044 tere
2257 984 2574 1046 exhortor:
2602 1004 2676 1046 ne
2712 985 2852 1046 dum
2886 987 3086 1048 omnia
3119 989 3508 1069 requirimus.
3544 997 3745 1058 omnia

2097 1072 2458 1137 amittamus.
2511 1072 2828 1136 Sufﬁciunt
2869 1075 3005 1156 ista,
3049 1096 3183 1138 cum
3228 1079 3303 1139 ad
3346 1081 3742 1147 exhibendam

2098 1170 2358 1222 nostram
2380 1164 2455 1225 de
2477 1162 2550 1223 iis
2572 1181 2703 1244 quae
2733 1163 3076 1241 signiﬁcasti
3108 1168 3494 1242 sententiam,
3525 1180 3645 1234 tum
3670 1177 3742 1239 ad

2099 1248 2456 1310 movendum
2488 1259 2754 1313 sanctum
2807 1251 3071 1314 animum
3120 1262 3280 1316 tuum
3315 1257 3374 1317 in
3403 1258 3742 1325 miseratio-

2100 1355 2276 1426 nem:
2313 1339 2453 1401 licet
2479 1340 2673 1402 adhuc
2718 1359 2914 1403 sermo
2969 1355 3315 1425 prorumpat
3363 1347 3435 1408 ad
3483 1350 3741 1426 plurium

2095 1425 2344 1518 aliarum
2368 1429 2870 1518 propositionum,
2893 1430 3444 1516 abstrusiorumque
3469 1425 3742 1518 quaestio-

2097 1531 2240 1576 num
2270 1515 2730 1580 declarationem
2755 1537 2823 1580 ac
2852 1520 3308 1600 expositionem.

2301 1693 2594 1785 Caeterum
2624 1695 2742 1775 legi
2774 1697 3046 1777 exempla
3074 1693 3430 1775 litterarum,
3462 1722 3610 1785 quas
3633 1709 3740 1771 mi-

2032 1771 2070 1821 Β
2093 1781 2220 1844 sisti
2251 1783 2326 1845 ad
2353 1771 2759 1846 beatissimum
2787 1771 3020 1866 papam,
3047 1805 3280 1848 necnon
3312 1771 3499 1870 ipsius
3529 1798 3742 1859 rescri-

2091 1879 2278 1952 ptum,
2325 1872 2443 1934 nisi
2491 1872 2565 1935 ab
2605 1873 2828 1955 Arger
2876 1875 3056 1955 (sicut
3100 1876 3735 1960 indicasti)conﬁctum

2087 1960 2606 2042 adulteratumque
2629 1970 2738 2038 est,
2757 1963 3116 2044 beatumque
3141 1965 3270 2026 tein
3289 1969 3405 2028 Deo
3419 1973 3598 2049 pradi
3612 1977 3738 2035 cavi

2089 2049 2164 2111 ob
2194 2059 2412 2113 tantam
2437 2050 2827 2112 humilitatem
2853 2069 2921 2112 ac
2956 2056 3495 2118 mansuetudinem.
3518 2058 3736 2123 Verum

2090 2138 2274 2201 inseri
2296 2138 2634 2201 dubuerant
2653 2138 2888 2201 dissidii
2909 2145 3630 2226 causaa,-quandoquidem
3661 2150 3740 2212 de

2088 2227 2314 2290 unitate
2335 2237 2392 2289 et
2412 2229 2730 2290 concordia
2752 2228 3168 2308 scribebatur;
3202 2241 3264 2293 ut
3287 2232 3360 2294 iis
3399 2236 3735 2314 elucidatis,

2089 2318 2336 2400 pefectae
2383 2317 2726 2408 viderentur
2769 2318 3000 2382 litterae.
3065 2319 3456 2385 Transmissae
3503 2346 3739 2408 quoque

2091 2415 2231 2470 sunt
2260 2426 2444 2470 sacrae
2468 2407 2738 2486 epistolae
2761 2409 3092 2471 sanctitatis
3118 2418 3255 2489 ture,
3283 2431 3428 2491 quas
3446 2415 3516 2475 ad
3541 2407 3736 2479 sacer-

2090 2497 2258 2559 dotes
2280 2516 2347 2558 ac
2369 2497 2628 2560 deiferos
2653 2497 2866 2559 fratres
2883 2499 3444 2581 comminislrosque
3477 2513 3728 2568 nostros.

2085 2585 2551 2649 Alexandrinum
2589 2593 2648 2647 et
2673 2585 3276 2666 Hierosoiymitanum
3321 2591 3555 2655 misisti.
3608 2593 3735 2656 Non

2088 2673 2428 2737 continebat
2456 2681 2653 2736 autem
2680 2676 2992 2754 responsio
3029 2695 3153 2737 mea
3187 2679 3256 2738 ad
3296 2680 3610 2757 Venetum,
3644 2684 3732 2744 si-

2085 2765 2430 2844 gniﬁcatum
2496 2783 2628 2826 esse
2658 2764 2808 2826 mihi
2830 2763 2903 2826 ab
2935 2765 3061 2845 illo,
3096 2768 3250 2846 quod
3285 2767 3508 2830 litteras
3543 2771 3736 2833 misis-

2085 2861 2177 2918 set
2205 2854 2278 2916 ad
2309 2853 2739 2917 beatitudinem
2766 2854 3118 2935 tuam,sicut
3159 2855 3273 2916 fert
3315 2858 3564 2937 epistola
3603 2871 3721 2922 tua.

2086 2942 2379 3016 Quocirca
2425 2942 2572 3003 mihi
2621 2942 2839 3004 videris
2869 2942 3092 3024 absque
3124 2963 3301 3006 causa
3331 2949 3613 3027 conqueri
3656 2951 3731 3012 de

352 3058 442 3113 μοι
492 3035 781 3115 γράμματα
836 3033 962 3116 παρ’
1015 3036 1174 3094 αὗτοῦ
1234 3036 1351 3117 [αἱ.
1384 3036 1569 3098 inser.
1602 3034 1728 3116 παρ’
1772 3036 1994 3115 ἐκείνου]

2090 3032 2331 3095 homine
2362 3031 2462 3112 qui
2492 3030 2641 3094 nihil
2675 3031 2968 3110 ejusmodi
3005 3032 3262 3112 scripsit.

352 3127 658 3207 πεμφθῆναι
689 3127 821 3206 πρὸς
853 3127 953 3195 τὴν
981 3127 1084 3196 σὴν
1113 3127 1503 3204 μακαριότητα,
1552 3128 1728 3190 καθὼς
1770 3129 1859 3184 καὶ
1899 3136 2054 3186 τοῦτο
2095 3133 2164 3203 τῇ
2208 3130 2385 3203 γραφῇ
2418 3145 2510 3180 σου
2553 3123 2884 3199 προσέκειτο.
2947 3125 3041 3180 Καὶ
3089 3122 3173 3179 διὰ
3204 3133 3358 3182 τοῦτο
3399 3124 3596 3205 δωρεάν
3641 3153 3734 3204 μοι

351 3238 512 3296 φαινῃ
543 3213 868 3292 λυπούμενος
899 3217 1035 3274 κατά
1077 3223 1168 3274 τοῦ
1198 3215 1405 3296 ἀνδρὸς,
1441 3215 1607 3292 μηδὲν
1634 3227 1871 3275 τοιοῦτον
1913 3219 2238 3296 γράψαντος.

432 3296 537 3368 κδ’.
568 3301 1016 3364 Ἀπὲστειλα’καὶ
1073 3308 1135 3362 τὸ
1191 3305 1313 3362 ἴσον
1368 3310 1466 3372 τῆς
1509 3306 1639 3384 πρὸς
1672 3304 1765 3380 ἐμὲ
1798 3304 2001 3362 σταλεί-

2165 3304 2262 3366 24.
2287 3299 2418 3364 Misi
2442 3299 2662 3380 pariter
2692 3299 3029 3380 exemplum
3045 3299 3314 3379 epistolae
3330 3321 3502 3383 quam
3532 3305 3604 3366 ad
3633 3325 3730 3368 me

355 3415 454 3460 σης
525 3394 848 3476 ἀντιγραφῆς
917 3402 1010 3453 τοῦ
1081 3397 1368 3473 μακαρίτου
1427 3393 1602 3474 πάπα,
1669 3385 1996 3469 Ῥωμαϊκοῖς

2090 3390 2389 3472 rescripsit
2441 3389 2625 3450 beatae
2678 3389 2979 3449 memoriae
3025 3408 3197 3470 papa.
3251 3391 3478 3453 Latinis
3512 3393 3732 3456 litteris

357 3480 816 3560 ἐνσεσημασμὲνον
903 3484 1232 3564 γράμμασιν.
1324 3487 1396 3542 Οὔ
1483 3483 1582 3560 γὰρ
1663 3481 1998 3560 ἠδυνήθημεν

355 3593 475 3628 τινα
551 3573 718 3652 εὑρεῖν
813 3572 1100 3649 δυνάμενον
1181 3574 1312 3654 πρὸς
1393 3570 1658 3652 ἀκρίϐειαν
1746 3576 1820 3638 εὶς
1901 3575 2000 3641 τῆν

359 3651 582 3720 Ἑλλάδα
610 3651 615 3652 ⁷
639 3663 834 3732 ταύτην
891 3651 1234 3740 μεταμεῖψαι⁷
1279 3651 1482 3743 φωνήν,
1547 3663 1643 3719 Καὶ
1701 3659 1784 3718 διὰ
1837 3670 2002 3719 ταῦτα

350 3751 442 3807 τὸν
509 3751 708 3818 ταύτην
787 3751 1164 3828 διακομίσαντα
1238 3752 1504 3831 Φράγγον,
1570 3748 1818 3830 ἔμπειρον
1875 3751 2001 3808 ὄντα

348 3840 678 3920 γραμμάτων
760 3832 1100 3917 Ῥωμαϊκῶν,
1185 3839 1371 3897 ἔπεισα
1453 3840 1650 3905 ταύτην
1732 3841 1998 3920 μεταγράο

350 3933 471 4005 ψαι.
501 3931 604 3986 Σὸν
633 3930 720 3989 οὖν
771 3930 881 3987 ἐστι
931 3937 1024 3986 τοῦ
1080 3929 1268 3987 λοιποό
1322 3928 1521 3996 ταύτην
1567 3926 1816 4008 ἀσφαλῶς
1861 3927 2000 4009 διερ-

351 4025 611 4094 μηνεῦσαι
666 4021 756 4077 καὶ
837 4022 1136 4097 γνωσθῆναι
1205 4016 1387 4074 τέλεον
1473 4016 1526 4083 ἐξ
1595 4018 1757 4084 αὐτῆς
1829 4019 1862 4074 ἃ
1915 4020 2005 4074 καὶ

347 4110 480 4187 πρὸς
528 4111 672 4186 ἡμᾶς
717 4112 745 4167 ὁ
801 4106 1054 4177 δηλωθεὶς
1098 4109 1304 4185 πάπας,
1364 4106 1629 4187 ἡμετέραν
1658 4108 2003 4188 ἑσυστατικὴν

349 4195 629 4280 δεξάμενος
658 4199 891 4280 γραφὴν,
923 4197 1274 4278 ἀντέγραψεν,

431 4276 536 4349 κε’.
572 4276 720 4344 Ἀλλ’
752 4276 843 4355 siin
889 4288 988 4364 μὲν
1017 4276 1181 4344 ταῦτα
1215 4286 1269 4343 ἐν
1320 4287 1548 4352 τούτοις.
1602 4309 1630 4343 σ
1687 4276 1745 4345 Ὀ
1788 4284 1845 4342 δὲ
1875 4289 2003 4351 Θεὸς

347 4380 449 4444 τῆς
509 4377 724 4456 εἰρήνης
759 4396 772 4410 ·
835 4375 1000 4434 καλὸν
1054 4377 1153 4455 γὰρ
1195 4376 1256 4433 ἐκ
1295 4382 1395 4444 τῆς
1467 4380 1675 4456 γραφῆς
1733 4373 2005 4443 ἀποδοθῆσ

2082 3499 2456 3562 expressum.
2492 3479 2622 3540 Non
2664 3477 2824 3539 enim
2862 3477 3160 3556 potuimus
3201 3479 3473 3542 invenire
3514 3501 3730 3562 quem-

2084 3571 2241 3651 piam
2293 3569 2392 3650 qui
2442 3576 2719 3629 accurate
2767 3567 2990 3628 valeret
3020 3569 3329 3646 epistolam
3364 3570 3426 3632 in
3461 3569 3727 3650 linguam

2086 3659 2349 3723 Graecam
2403 3657 2715 3718 transfere.
2775 3655 3099 3736 Propterea
3158 3659 3382 3721 Frauco
3440 3662 3541 3741 qui
3599 3681 3729 3723 eam

2082 3748 2296 3821 attulit,
2333 3765 2469 3808 cum
2501 3745 2740 3808 Lalinas
2789 3745 3014 3807 litteras
3068 3746 3298 3822 calleat,
3355 3751 3626 3828 persuasi
3663 3761 3732 3813 ut

2085 3835 2532 3899 transcriberet.
2583 3834 2774 3896 Tuum
2818 3835 2946 3914 jam
2990 3843 3098 3909 est,
3142 3837 3416 3898 eamdem
3471 3838 3732 3902 fideliter

2083 3925 2487 4008 interpretari,
2533 3944 2650 4005 quo
2693 3925 2868 4005 plene
2931 3934 3323 4003 cognoscatur
3352 3946 3620 4008 qumnam
3653 3931 3724 3990 ad

2085 4034 2194 4078 nos
2249 4022 2608 4076 memoratus
2665 4032 2856 4094 papa,
2917 4015 3176 4095 acceptis
3232 4016 3447 4078 litteris
3505 4019 3727 4080 nostris

2087 4102 2614 4178 commendatitiis,
2647 4101 3043 4183 rescripsertt.

2167 4283 2266 4345 95.
2297 4282 2434 4345 Haec
2466 4282 2795 4363 hucusque,
2836 4282 2990 4343 Deus
3020 4291 3224 4344 autem
3250 4287 3420 4363 pacis
3438 4287 3534 4346 ὥς
3564 4286 3732 4349 docet

2089 4373 2247 4435 enim
2299 4391 2368 4434 ex
2399 4369 2664 4451 Sriptura
2693 4370 2947 4450 exprimi
2983 4371 3322 4450 scriptionis
3357 4393 3504 4436 meae
3533 4378 3732 4456 epilo-

347 4487 434 4523 ναι
465 4467 556 4522 τὸν
585 4471 683 4534 τῆς
745 4466 882 4542 ἐμῆς
935 4465 1180 4545 ἐπίλογον
1223 4471 1430 4546 γραφῆς
1469 4484 1482 4498 '
1553 4487 1581 4521 α
1642 4469 1671 4523 6
1727 4463 2006 4544 εὐαγγελι-

2091 4480 2251 4541 gum,
2285 4459 2386 4541 qui
2413 4459 2854 4540 evangeliaavit
2874 4476 3084 4538 pacem
3106 4461 3185 4521 iis
3210 4463 3319 4540 qui
3335 4481 3548 4543 prope,
3569 4485 3638 4525 ac
3661 4467 3739 4527 iis

352 4553 581 4630 σάμενος
636 4557 851 4635 εἰρήνην
935 4568 1054 4620 τοῖς
1123 4554 1280 4634 ἐγγὺς
1350 4557 1438 4615 καὶ
1492 4567 1611 4618 τοῖς
1693 4555 1924 4634 μακρὰν,
1977 4576 2001 4612 υ

350 4657 470 4708 τοῖς
497 4666 555 4702 τε
597 4646 700 4702 ὑπὸ
729 4645 891 4721 νόμον
921 4646 1010 4702 καὶ
1038 4658 1156 4709 τοῖς
1186 4642 1286 4710 ’ἐξω
1345 4643 1530 4720 νόμου,
1579 4645 1608 4700 6
1649 4647 1748 4709 τῆς
1793 4642 2008 4728 ἀγάπης

351 4734 560 4814 Πατὴρ,
589 4736 626 4804 ἡ
655 4734 840 4812 ἀγάπη
875 4753 891 4770 ⁸
953 4742 1120 4794 ταῦτα
1148 4735 1249 4813 γὰρ
1303 4734 1408 4814 πρὸ
1452 4737 1559 4789 τῶν
1614 4729 1788 4787 ἄκλων
1831 4731 2009 4810 χαίρει

349 4819 699 4900 καλούμενος,
787 4821 881 4880 ἵνα
935 4823 1268 4899 νομοθετήσῃ
1326 4821 1424 4878 κάν
1478 4833 1596 4884 τοῖς
1655 4819 1877 4896 ὀνόμασι
1948 4821 2009 4876 τὸ

430 4955 495 5006 45
524 4957 703 5019 Bom.
734 4972 831 5032 xv,
866 4950 965 5018 33.
1053 4954 1117 5006 ﬂ
1147 4952 1369 5035 Ephes.
1403 4969 1472 5029 ιι,
1517 4954 1611 5018 17.

2090 4551 2194 4630 qui
2242 4549 2416 4627 longe
2459 4550 2708 4626 fuerunt
2747 4547 2834 4621 44;
2865 4547 2938 4608 iis
2968 4548 3067 4628 qui
3099 4547 3208 4609 sub
3237 4549 3391 4630 lege,
3426 4571 3494 4614 ac
3525 4551 3598 4613 iis
3637 4553 3740 4631 qui

2092 4646 2256 4702 extra
2304 4637 2544 4717 legem:
2581 4635 2755 4696 Pater
2801 4636 3143 4711 charitatis,
3207 4639 3467 4701 Charitas
3494 4689 3510 4716 ,
3573 4641 3740 4704 hisce

2093 4727 2252 4790 enim
2285 4745 2405 4807 prae
2433 4723 2667 4787 caeteris
2698 4727 2913 4803 gaudet
2935 4725 3244 4805 appellari,
3282 4735 3344 4788 ut
3366 4729 3455 4790 vel
3486 4748 3594 4811 per
3615 4749 3730 4792 no—

2093 4817 2256 4880 mina
2300 4817 2624 4878 fraternum
2655 4832 2918 4876 amorem
2953 4813 3199 4896 sanciat,
3229 4816 3492 4881 excitans
3523 4819 3741 4882 excitet

1595 5081 1770 5146 Joan.
1803 5080 1974 5164 Bapt.
2009 5080 2295 5147 Cotelerii
2321 5089 2498 5146 notas.

442 5223 559 5305 (εδ)
587 5202 826 5305 tum.
850 5222 1329 5305 n_Cyrillus_Alex.
1355 5217 1895 5305 homiliaPaschali
1914 5217 2009 5305 is,

356 5299 555 5386 initio,
591 5324 628 5386 p
683 5303 806 5386 210
849 5299 1198 5386 ΕμέΕύστιϐῆ
1241 5299 2012 5386 EidﬁSpA8t1:_értovtsc_':pt-

355 5382 471 5460 ϐον,
508 5380 851 5467 praestiterit
879 5383 1197 5467 διᾴττοντες,
1232 5392 1296 5467 ut
1328 5380 1491 5467 ρξξι
1507 5382 1648 5467 9,-1),
1681 5380 1916 5467 93_8__B,
1952 5387 2010 5440 et

354 5460 526 5548 saepe
545 5465 788 5548 ubique.
842 5464 1020 5548 Apud
1071 5460 1352 5548 eumdem
1407 5461 1688 5548 Cyrillum
1736 5460 2014 5548 Julianus

353 5542 705 5630 imperator,
741 5567 799 5630 p.
835 5542 954 5612 356
983 5547 1050 5609 C.
1105 5551 1234 5605 Εθυε
1279 5546 1376 5630 μὲν
1561 5542 1807 5630 Ῑᾼϐραὰμ
1834 5542 2013 5630 ὥσπερ

355 5623 461 5684 καῖ
475 5631 640 5710 ἡμεῖς
667 5623 759 5710 ἀεῖ
805 5630 892 5710 καῇ
935 5634 1192 5710 συνεχῷς
1228 5647 1243 5662 ο
1301 5623 1503 5706 ἐχρῆτο
1668 5623 1914 5710 μαντικῇ.

356 5712 464 5762 τῶν
504 5702 590 5766 διὰ
633 5708 831 5767 τούτων
860 5702 1227 5787 ἀρίστῃ.”Αῐι
1283 5702 1503 5783 τῆντῶν
1545 5703 1861 5777 διᾳττόντων
1893 5702 2012 5781 ἀρί-

2094 5241 2197 5287 στη
2227 5216 2254 5280 ῗ
2281 5218 2429 5302 Nam
2454 5237 2522 5302 Ap.
2557 5217 2674 5280 357
2703 5219 2765 5302 A_
2804 5219 2988 5302 idem,
3053 5223 3232 5288 Δεῖξαι
3276 5225 3398 5289 τοὺς
3442 5223 3747 5297 διᾴττοντας

2093 5303 2269 5384 αὐτῷ,
2298 5297 2646 5384 βουλόμενος.
2691 5299 2790 5384 ΔΕι
2877 5297 2984 5384 in:
3024 5303 3440 5384 Responsione
3516 5302 3746 5384 Cyrilli,

2097 5397 2173 5478 Ρη
2211 5380 2353 5452 357,
2415 5379 2554 5478 Βδὲ,
2617 5381 2897 5474 Τυὺςιτῶν
2947 5379 3181 5462 ἀστέρων
3239 5379 3584 5478 διᾴττονταςίξ
3617 5386 3749 5475 Τοίΐς

2095 5458 2425 5544 διᾷῖεῖιήε-ις.
2484 5458 2885 5544 _Fortc_etiam
2945 5463 3007 5544 in
3063 5458 3474 5544 Theophrasto
3535 5463 3747 5541 Gazaai,

2098 5548 2139 5627 ι.
2180 5538 2225 5627 l_[
2249 5539 2637 5627 Bibtiothecw
2666 5541 2924 5627 Patrum
2946 5538 3428 5627 erco-Latiw,
3458 5565 3516 5627 p.
3540 5544 3646 5609 381
3679 5538 3750 5618 C,

2097 5619 2241 5718 l‘egi'
2295 5618 2537 5699 debeat,
2600 5624 2730 5686 Τοὺς
2793 5625 2875 5679 ἐπὶ
2936 5631 3142 5692 σκηνῆς
3213 5618 3544 5706 διᾴττοντας,
3632 5644 3752 5687 non

2095 5721 2466 5763 οιαταττῡντας
2479 5750 2490 5760 .
