4176 6378
433 404 551 470 819

1753 395 2082 462 SAMONIE
2122 397 2497 461 GAZENSIS

3700 401 3821 466 820

431 533 728 609 venerint,
778 532 1190 615 resposionem
1237 528 1614 594 considerate
1650 525 1780 603 des,
1828 525 2072 607 dignam

2157 535 2256 598 τῆς
2282 536 2383 599 σῆς
2413 532 2857 612 μεγαλεπηϐόλου
2879 538 2968 593 καὶ
2986 537 3264 605 θειοτάτης
3293 534 3527 603 διανοίας
3551 537 3696 606 ἀξίαν
3718 539 3819 609 τὴν

435 624 837 703 magnanima,
870 621 1383 706 evperientissima
1405 637 1475 681 ac
1503 615 1882 681 divinissima
1903 633 2078 679 men-

434 719 495 773 te
526 721 645 774 tua.

517 802 578 863 7.
618 804 799 863 Porro
827 800 1108 882 epistolas
1137 800 1278 862 istas
1303 799 1377 863 ad
1407 794 1787 861 beatissimos
1818 792 2076 875 patriar-

436 889 601 964 chas,
628 889 870 952 omnino
893 888 1239 952 consimiles
1259 889 1397 951 huic
1417 887 1493 951 ad
1522 883 1898 947 sanctitatem
1914 890 2075 945 tuam

439 978 658 1055 missa,
690 981 828 1061 quia
876 979 1176 1041 neminem
1223 978 1639 1058 religiosorum
1681 972 2080 1059 ﬁdeliumque

439 1068 777 1130 invenimus
812 1069 912 1149 qui
949 1067 1209 1130 deferret
1236 1067 1311 1130 iis
1340 1067 1414 1130 ad
1440 1082 1586 1146 quos
1636 1061 1873 1143 scriptae
1916 1068 2075 1137 sunt,

439 1165 554 1220 tua;
582 1157 853 1219 misimus
884 1156 1228 1237 perfectioni
1258 1178 1274 1232 ;
1307 1174 1423 1238 quo
1454 1153 1528 1216 ad
1550 1152 1684 1214 illos
1714 1150 2080 1225 transmittas

441 1265 549 1327 per
577 1247 833 1328 aliquem
866 1246 1029 1327 pium
1055 1245 1158 1325 qui
1203 1246 1276 1307 ad
1327 1245 1456 1307 loca
1502 1242 1603 1305 illa
1647 1238 2075 1328 proficissetur.

439 1327 731 1397 Praeterea
746 1334 1021 1417 propriis
1051 1334 1266 1397 litteris
1293 1330 1646 1397 admonebis
1663 1336 1840 1410 atque
1859 1327 2080 1390 excita-

436 1425 527 1486 bis
558 1443 650 1500 eo,
686 1431 749 1487 ut
777 1424 967 1486 zelum
1019 1424 1285 1486 divinum
1340 1441 1448 1503 pro
1500 1427 1666 1482 recto
1713 1418 1989 1496 dogmate
2018 1422 2079 1479 et

431 1514 729 1594 inculpata
757 1513 1111 1594 sinceraque
1142 1521 1343 1575 nostra
1373 1511 1490 1573 fide
1536 1514 1861 1587 assumant,
1897 1515 2079 1587 utque

433 1602 484 1664 si
514 1602 663 1665 forte
693 1602 768 1665 de
799 1602 888 1665 eis
920 1620 1052 1682 qua)
1083 1604 1289 1665 Romae
1334 1609 1500 1681 gesta
1545 1603 1687 1660 sunt
1727 1595 2077 1675 interrogati

430 1691 674 1766 fuerint,
707 1692 1070 1767 conveniens
1097 1690 1170 1753 ad
1206 1709 1334 1766 eos,
1378 1688 1710 1768 ditumque,
1756 1683 1914 1747 sicut
1965 1685 2075 1748 de-

430 1785 810 1866 claravimus,
843 1785 987 1847 dent
1016 1803 1394 1866 responsum.

2165 618 2441 701 ἀπόκρισιν
2469 620 2598 699 δῷς.

2241 786 2312 869 ζ’.
2370 799 2449 858 Τὰ
2502 797 2558 857 δὲ
2613 802 2745 882 πρὸς
2797 803 2921 867 τοὺς
2991 804 3433 885 μακαριωτάτους
3477 802 3816 885 πατριάρχας

2160 888 2309 946 ταυτὶ
2380 889 2691 972 γράμματα,
2779 890 3193 970 ἰσοδυναμοῦντα
3260 895 3398 952 κατά
3479 894 3654 951 πάντα
3733 901 3813 970 τῷ

2159 977 2290 1057 πρὸς
2342 977 2441 1046 τὴν
2495 979 2594 1046 σὴν
2663 982 2963 1059 ἁγιωσύνην
3031 980 3441 1063 ἀπεσταλμένῳ,
3501 983 3581 1060 μὴ
3625 982 3805 1061 εὑρόν-

2160 1086 2247 1129 τες
2288 1067 2405 1123 τινὰ
2428 1072 2534 1125 τῶν
2584 1066 2817 1127 εύλαϐὦν
2864 1071 2953 1127 καὶ
3008 1076 3211 1128 πιστῶν
3254 1070 3322 1129 δι’
3371 1074 3433 1129 οὗ
3481 1078 3647 1128 ταῦτα
3689 1085 3808 1136 τοῖς

2159 1156 2293 1235 πρὸς
2360 1157 2448 1220 οὓς
2520 1157 2825 1238 ἐγραφήσαν
2891 1160 3125 1237 πέμψαι.
3322 1167 3393 1239 σῇ
3446 1161 3807 1241 πεπόμφαμεν

2158 1243 2453 1313 τελειότητι
2487 1263 2505 1281 ⁸
2551 1248 2625 1312 ὠς
2676 1247 2739 1303 ἂν
2768 1246 3160 1327 διαποθμεύσῃς
3217 1254 3283 1310 αὖ
3323 1263 3442 1314 τοῖς
3504 1257 3670 1307 ταῦτα
3724 1247 3810 1306 διά

2156 1355 2300 1401 τινος
2382 1332 2631 1401 εὐλαϐοὕς
2700 1343 2804 1395 τῶν
2887 1340 3018 1419 πρὸς
3097 1339 3220 1403 τοὺς
3290 1338 3487 1402 τόπους
3573 1337 3807 1403 ἐκείνοις

2157 1423 2575 1503 ἀφικνουμένων,
2619 1427 2750 1506 πρὸς
2796 1427 2885 1489 οὓς
2941 1427 3341 1496 ἀπεστάλησαν.
3394 1430 3535 1509 Πρὸς
3591 1426 3672 1508 δὲ,
3716 1430 3806 1486 καὶ

2158 1512 2352 1576 οἰκείας
2574 1512 2641 1570 δι’
2713 1515 2939 1597 οἰκείας]
3012 1522 3246 1598 γραφῆς,
3310 1516 3648 1595 παραινέσεις
3721 1518 3810 1574 καὶ

2158 1600 2474 1681 παραθήξεις
2532 1604 2719 1668 αὐτοὺς
2776 1604 2940 1677 ζῆλον
3003 1605 3176 1664 ἔνθεον
3230 1604 3518 1676 ἀναλαϐεῖν
3559 1607 3677 1686 περὶ
3717 1613 3813 1663 τοῦ

2157 1690 2307 1771 ὀρθοῦ
2359 1688 2623 1769 δόγματος
2690 1694 2778 1749 καὶ
2831 1699 2930 1761 τῆς
2974 1694 3291 1774 ,ἀμωμήτου
3347 1696 3437 1754 καὶ
3490 1692 3805 1774 εἰλικρινοῦς

2155 1781 2312 1855 ἡμῶν
2361 1782 2614 1858 πίστεως,
2677 1784 2764 1840 καὶ
2820 1770 2989 1848 ἴσωςκ
3019 1770 3137 1863 εἴγε
3179 1786 3298 1864 περὶ
3338 1788 3447 1841 τῶν
3503 1784 3556 1841 ἐν
3615 1770 3798 1862 Ῥώμῃ

429 1876 816 1956 πεπραγμένων
884 1875 1224 1956 ἐρωτηθε”εν,
1297 1874 1621 1955 ἁρμόζουσαν
1689 1873 1821 1948 πρὸς
1879 1870 2064 1935 αὖτοὺς
2130 1869 2219 1926 καὶ
2285 1868 2606 1949 λεγομένην,
2663 1872 2737 1935 ὡς
2800 1870 3115 1955 δεδήλωται,
3159 1875 3480 1945 ποιήσασθαι
3522 1874 3622 1942 τὴν
3663 1873 3807 1931 ἀπό-

427 1986 623 2045 κρισιν.

512 2058 570 2115 8.
597 2052 683 2115 De
705 2053 922 2115 nostris
938 2060 1132 2115 autem
1153 2052 1224 2114 ad
1244 2050 1683 2114 sanctissimum
1703 2047 2072 2112 Alexandria

2237 2036 2320 2115 η’.
2379 2052 2503 2129 Περὶ
2564 2047 2621 2107 δὲ
2675 2057 2768 2108 τοῦ
2821 2052 2952 2132 πρὸς
2993 2052 3084 2109 τὸν
3126 2052 3425 2132 ἁγιώτατον
3468 2052 3808 2133 πατριάρχην

432 2141 828 2222 patriarcham
855 2141 1282 2223 litteris,etiam
1309 2141 1379 2202 ad
1404 2137 1846 2201 sanctissimum
1866 2136 2074 2199 Hiero-

428 2229 788 2310 solymorum
842 2231 1234 2312 patriarcham
1286 2227 1636 2309 scripsimus
1663 2247 1679 2301 ;
1712 2245 1829 2308 quo
1861 2225 1911 2287 si
1943 2225 2074 2307 ipse

428 2319 695 2381 nancisci
754 2340 871 2381 non
920 2320 1182 2401 potueris
1238 2319 1580 2381 facilitatem
1609 2316 1741 2378 illas
1772 2314 2069 2390 mittendi,

425 2408 557 2488 ipse
586 2408 657 2470 ad
691 2410 820 2489 ejus
850 2409 1277 2471 beatitudinem
1302 2407 1535 2486 dirigat.
1560 2404 1630 2468 Et
1650 2423 1808 2467 nunc
1828 2404 2070 2485 quidem

428 2505 675 2575 urgente
699 2498 1125 2576 profectionem
1152 2515 1320 2559 suam
1344 2494 1671 2557 sanctitatis
1691 2503 1806 2556 tua;
1820 2511 2067 2573 genero,

427 2586 631 2666 paucis
686 2586 884 2649 verbis
914 2606 982 2649 ac
1011 2587 1205 2649 obiter
1228 2604 1361 2667 qua;
1390 2591 1721 2647 evenerunt
1765 2586 2069 2645 enarravi-

427 2692 581 2735 mus.
605 2674 816 2737 Postea
846 2694 1008 2751 vero,
1043 2677 1092 2737 si
1127 2691 1405 2737 necessse
1434 2671 1633 2748 fuerit,
1667 2670 1857 2734 fusius
1888 2689 2067 2753 aper-

426 2762 663 2843 tiusque
694 2765 1027 2827 scribemus
1056 2764 1130 2825 iis
1151 2764 1225 2826 de
1247 2763 1428 2826 rebus
1457 2780 1471 2825 :
1500 2779 1735 2823 necnon
1764 2761 2069 2824 mittemus

425 2853 713 2931 scriptum
774 2853 930 2934 quod
983 2853 1266 2915 adversus
1314 2870 1422 2913 nos
1464 2849 1803 2930 depositum
1851 2849 1961 2914 fuit
2007 2851 2068 2913 in

427 2944 669 3018 mystica
713 2941 1030 3021 divinaque
1081 2960 1310 3003 mensa.
1343 2940 1433 3002 Ex.
1478 2957 1594 3020 quo
1626 2938 1793 3000 dices
1820 2937 2068 3001 istorum

421 3026 484 3088 in
516 3027 634 3087 ﬁde
665 3030 1116 3107 perversita'em
1143 3051 1158 3105 ;
1192 3029 1468 3111 quodque
1499 3027 1660 3089 omni
1694 3026 2068 3110 imperitiaet

419 3114 770 3198 rusticitate,
796 3118 939 3199 imo,
964 3127 1029 3181 ut
1058 3120 1255 3182 verius
1283 3118 1814 3201 dicaturﬁstupore
1851 3136 1920 3180 ac
1950 3117 2063 3181 de-

423 3204 665 3282 mentia,
692 3207 943 3270 conferti
976 3208 1117 3272 sint.

494 3472 781 3538 Dominus
807 3475 869 3538 in
902 3494 1195 3558 prospera
1225 3476 1562 3540 valetudine
1592 3482 1910 3541 conservet
1938 3492 2067 3557 per-

412 3560 730 3626 fectionem
758 3572 945 3646 tuam,
978 3572 1246 3627 orantem
1281 3583 1388 3647 pro
1419 3562 1616 3627 nobis.

2156 2134 2545 2218 Ἀλεξανδρείας
2617 2139 2877 2220 ἡμετέρου
2949 2141 3265 2221 γράμματος
3337 2142 3426 2198 καὶ
3496 2164 3578 2216 τῳ
3634 2143 3808 2221 ἁγιω-

2152 2225 2297 2301 τάτῳ
2350 2229 2660 2310 πατριάρχῃ
2693 2221 3066 2309 Ἰεροσολύμων
3091 2230 3398 2309 ἐγράψαμεν
3430 2246 3445 2262 ⁹
3478 2234 3553 2296 ὡς
3582 2231 3670 2311 ἃν,
3715 2230 3807 2287 εἴ-

2154 2336 2252 2394 περ
2280 2317 2436 2382 αύτὸς
2475 2315 2746 2399 δυσχερῶς
2788 2332 2981 2399 τυχεῖν
3036 2320 3233 2399 σχοίης
3288 2321 3420 2399 πρὸς
3477 2320 3635 2378 αὐτὸν
3662 2320 3806 2378 ἀπο-ο

2154 2403 2363 2461 στεῖλαι
2405 2406 2504 2474 τὴν
2548 2410 2778 2488 γραφὴν,
2828 2410 2985 2472 αὒτὸς
3054 2409 3250 2476 ταύτην
3301 2410 3434 2489 πρὸς
3463 2410 3563 2477 τὴν
3608 2408 3808 2470 ἐκείνου

2153 2489 2432 2571 διαϐιϐάσῃ
2501 2496 2890 2576 μακαριότητα.
2976 2499 3073 2555 Καὶ
3141 2507 3228 2557 νῦν
3298 2499 3421 2574 μὲν,
3489 2519 3804 2579 κατεπειγο-

2152 2580 2314 2657 μένου
2383 2594 2477 2644 τοῦ
2545 2584 2784 2666 γαμϐροῦ
2838 2591 2937 2654 τῆς
2994 2587 3298 2666 ἁγιωσύνης
3359 2609 3453 2645 σου
3521 2590 3651 2668 πρὸς
3702 2590 3801 2658 τὴν

2151 2668 2430 2751 ἐξέλευσιν,
2464 2672 2519 2728 ἐν
2548 2673 2787 2751 ἐπιτόμῳ
2829 2677 2915 2732 καὶ
2959 2676 3095 2732 κατά
3147 2673 3375 2756 παρόδον
3431 2676 3498 2735 τὰ
3551 2697 3799 2757 πεπραγο

2151 2759 2285 2836 μένα
2353 2758 2715 2839 διεξήλθομεν.
2786 2766 2933 2821 Μετὰ
3004 2762 3060 2820 δὲ
3124 2771 3279 2823 τοῦτο
3333 2763 3659 2845 πλατύτερον
3712 2769 3801 2824 καὶ

2152 2848 2491 2929 σαφέστερον,
2548 2852 2690 2932 εἴγε,
2739 2849 2939 2929 δεήσει,
3000 2852 3377 2931 ἔπιε-τελοῦμεν
3420 2856 3551 2935 πρὸς
3594 2855 3653 2911 σὲ
3680 2857 3800 2935 περὶ

2150 2938 2350 2994 τούτων
2383 2954 2397 2968 ⁶
2432 2939 2837 3006 ἀποστείλαντες
2868 2944 2956 2999 καὶ
3002 2944 3130 3003 αὐτὸ
3185 2944 3247 3000 τὸ
3294 2940 3411 3000 καθ’
3457 2945 3611 3019 ἡμῶν
3653 2944 3795 3001 ἀπο-

2149 3027 2295 3090 τεθὲν
2351 3024 2636 3109 ἔγγραφον,
2710 3030 2777 3110 ἐν
2821 3038 2890 3109 τῇ
2948 3037 3181 3109 μυστικῇ
3240 3033 3328 3089 καὶ
3380 3031 3491 3103 Θείᾳ
3538 3032 3792 3110 τραπέζῃ.

2148 3117 2247 3175 Καὶ
2304 3096 2633 3195 gladii-013's):-
2687 3096 2889 3178 τούτου-
2941 3096 3003 3178 τὸ
3058 3096 3374 3203 διάστροφον
3424 3096 3623 3178 τούτων

2143 3206 2243 3273 τὴν
2300 3207 2475 3263 πίστιν
2506 3223 2521 3240 ·
2578 3210 2667 3266 καὶ
2720 3210 2794 3273 ὡς
2842 3209 3067 3287 ἀμαθίας
3129 3211 3310 3278 πάσης
3378 3211 3468 3266 καὶ
3529 3209 3799 3291 ἀγροικίας

2147 3294 2333 3371 πολλῷ
2361 3294 2417 3353 δὲ
2460 3298 2656 3379 εἰπεῖν,
2687 3297 3053 3376 ἀνάισθησίας,
3103 3300 3192 3357 καὶ
3232 3298 3532 3381 ἀφροσύνης
3574 3298 3794 3372 πεπλή-

2149 3406 2507 3555 ρωῖἑαέύριος
2538 3473 2591 3533 ἐν
2621 3475 2769 3556 ὑγεία
2819 3408 3147 3560 διαφυλάξαιμ
3170 3479 3270 3547 τὴν
3314 3479 3416 3548 σὴν
3457 3477 3793 3562 τελειότητα,

2147 3564 2448 3646 εὐχομένην
2475 3565 2605 3644 ὑπὲρ
2636 3567 2816 3644 ἡμῶν,
3580 3592 3607 3629 \.

2670 3746 3747 3791 _'_

1795 3879 1959 3928 ANNO
2002 3879 2211 3930 DOMINI
2248 3879 2395 3928 MLVI

1464 4030 1782 4254 SA
1812 4045 2729 4254 MONAS

947 4374 1618 4500 GAZENSIS
1720 4388 2412 4500 CIVITATIS
2500 4380 3245 4506 EPISCOPUS

1866 4777 2324 4865 NOTITIA

911 4975 1217 5058 (Galland.
1255 4981 1535 5044 Veterum
1563 4978 1806 5041 Palmm
1837 4972 2121 5038 Biblioth.
2152 4979 2198 5038 t.
2229 4969 2378 5050 XIV,
2411 4971 2634 5055 proleg.
2674 4992 2734 5055 p.
2767 4972 2870 5038 VII
2899 4983 2959 5039 et
2986 4993 3047 5058 p.
3079 4973 3247 5055 223.)

466 5325 601 5406 Fuit
630 5325 838 5388 beatus
867 5326 1158 5390 Samonas
1187 5324 1470 5391 Gazensis
1495 5323 1558 5387 in
1586 5321 1896 5406 Palaestina
1926 5321 2244 5406 episcopus
2263 5322 2424 5385 circa
2442 5322 2524 5406 ΔΑ.
2549 5324 2616 5406 g.
2647 5323 2823 5406 1056,
2857 5326 3025 5406 cujus
3046 5331 3233 5406 eastat
3253 5326 3472 5406 passim
3492 5326 3695 5390 Graece
3711 5337 3773 5391 et

384 5402 964 5488 [satineudisputatio
1013 5408 1283 5488 quaedam
1315 5406 1602 5488 adversus
1649 5402 2003 5467 Acbmetem
2034 5403 2501 5488 Saracenumude
2553 5402 2954 5488 Eucharistia'.
2988 5405 3038 5468 Α
3068 5402 3386 5488 S_arac_i_anis
3418 5405 3776 5488 interfectus

386 5482 497 5545 fuit
523 5481 833 5569 religionis
862 5481 1062 5550 causa.
1092 5485 1292 5569 Quare
1322 5486 1480 5549 inter
1507 5485 1714 5569 beatos
1744 5492 2031 5565 martyres
2059 5492 2336 5569 recenset
2367 5483 2531 5547 illum
2559 5481 2690 5549 Nic.
2723 5485 3064 5569 C0mnenus
3097 5486 3204 5569 (α).
3237 5485 3422 5548 Totus
3451 5486 3513 5548 in
3544 5505 3622 5569 eo
3653 5496 3766 5569 est,

386 5570 451 5648 ut
478 5564 699 5648 probet_
716 5586 927 5648 panem
955 5587 1024 5631 ac
1055 5567 1254 5630 vinum
1286 5585 1392 5645 per
1420 5566 1748 5648 sacerdotis
1779 5563 2302 5648 conSecrationem
2314 5582 2683 5648 verum__esse
2702 5573 2760 5627 et
2775 5565 3076 5648 integrum
3094 5563 3312 5648 corpus
3328 5586 3397 5630 ac
3417 5563 3769 5648 sanguinem

375 5639 637 5738 ρρίηίηξζ
670 5639 757 5706 A'd
785 5648 958 5738 quod
986 5639 1809 5738 suadendumldahometano
1843 5644 2075 5709 homini
2102 5642 2306 5709 hebeti
2332 5663 2405 5709 ac
2430 5644 2590 5729 rudi,
2609 5639 3104 5731 exemplisntitur
3131 5639 3402 5730 apprime
3421 5639 3762 5727 con'gruen-

375 5720 557 5788 tibus.
591 5724 739 5789 Eam
766 5720 1225 5808 disputationem
1258 5746 1330 5791 ex
1357 5726 1577 5791 itinere
1605 5726 1832 5790 habuit.

447 5853 543 5937 (α)
567 5854 829 5922 Praedot.
863 5866 1110 5941 mystag.
1145 5879 1276 5943 pag.
1307 5861 1450 5924 407.
