4176 6402
337 429 457 496 821

1509 446 1607 507 DE
1663 444 2178 510 SACRAMENTO
2218 443 2550 507 ALTARIS

3599 429 3718 497 822

927 713 1275 843 ΤΟΥ
1375 715 2304 848 ΜΑΚΑΡΙΟΥ
2403 713 3139 847 ΣΑΜΩΝΑ

1623 968 2165 1022 ΑΡΧΙΕΠΙΣΚΟΙῙΟΥ
2210 969 2424 1020 ΓΑΖΗΣ

791 1145 1302 1233 ΔΙΑΛΕΞΙΣ
1394 1148 1689 1235 ΠΡΟΣ
1782 1152 2159 1236 ΑΧΜΕΔ
2249 1151 2473 1237 TON
2563 1148 3250 1234 ΣΑΡΑΚΗΝΟΝ

1732 1343 2298 1396 ΑΠΟΔΕΙΚΝΥΟΥΣΑ

1099 1453 1228 1503 TON
1272 1451 1402 1503 ΥΠΟ
1447 1453 1574 1504 ΤΟΥ
1619 1452 1858 1504 ΙΕΡΕΩΣ
1903 1449 2495 1503 ΙΕΡΟῙῬΓΟΥΜΕΝΟΝ
2541 1450 2754 1500 APTON
2805 1451 2914 1499 ΚΑΙ

894 1558 1117 1628 OINON,
1169 1558 1357 1609 ΣΩΜΑ
1404 1561 1519 1612 ΚΑΙ
1561 1559 1728 1610 ΑΙΜΑ
1772 1534 2116 1611 ΑΛΗΘΙΝΟΝ
2161 1558 2276 1610 ΚΑΙ
2321 1553 2725 1608 ΟΛΟΚΛΗΡΟΝ
2766 1557 2946 1607 EINAI
2991 1556 3117 1608 ΤΟΥ

1471 1665 1708 1714 ΚΥΡΙΟΥ
1752 1663 1946 1713 ΗΜΩΝ
1995 1663 2196 1713 ΙΗΣΟΥ
2239 1663 2544 1718 ΧΡΙΣΤΟΥ.

1168 2048 1749 2195 ΒΕΑΤΙ
1974 2049 2835 2196 SAMON/E

1632 2318 2002 2384 GAZENSIS
2044 2319 2380 2382 EPISCOPI

612 2523 1522 2636 DISCEPTATIO
1614 2522 1920 2632 CUM.
1994 2521 2570 2630 ACHMED
2659 2524 3397 2632 SARACENO

1704 2760 2019 2812 PEBSPICUE
2059 2761 2282 2810 DOCENS

1017 2912 1283 2976 PANEM
1325 2911 1420 2974 AC
1463 2910 1746 2988 VINUM,
1792 2907 2220 2980 UTRUMQUE
2261 2908 2412 2970 PER
2454 2908 2955 2973 SACERDOTEM

641 3018 1228 3096 CONSECRATUM,
1273 3017 1544 3081 VERUM
1587 3014 1768 3078 ESSE
1810 3015 1912 3077 ET
1955 3014 2368 3077 INTEGRUM
2413 3015 2705 3079 CORPUS
2745 3017 2839 3079 AC
2883 3018 3337 3082 SANGUINEM

1404 3122 1683 3186 DOMINI
1727 3119 2012 3184 NOSTRI
2051 3117 2231 3182 JESU
2273 3119 2588 3184 CHRISTI

387 3485 775 3568 Ἐτυγχάνομέν
831 3514 960 3549 ποτε
1025 3495 1369 3574 πορευόμενοι
1425 3493 1523 3559 τὴν
1581 3492 1653 3554 εἷς
1735 3495 2005 3564 Enecsz

2106 3486 2439 3567 Aliquando
2477 3486 2628 3552 forte
2659 3489 3194 3569 proﬁciscebamur
3225 3491 3500 3553 Emesam
3532 3511 3668 3553 cum

300 3579 440 3654 μετὰ
502 3577 712 3635 πολλων
741 3579 916 3638 ἄλλων
972 3584 1054 3639 κοὶ
1094 3589 1162 3661 τῇ
1205 3585 1414 3653 συνήθει
1463 3578 1683 3646 διαλέξει
1731 3583 1800 3654 τῇ
1827 3574 1944 3634 καθ’

297 3665 420 3724 ὁδὸν
498 3671 819 3746 παραμύθιον
906 3668 1035 3748 οὔσῃ
1121 3673 1416 3752 χρώμενοι,
1496 3671 1615 3749 περὶ
1684 3665 1943 3747 διαφόρων

293 3755 614 3832 ὑποθέσεων,
661 3759 823 3840 πέραν
850 3769 943 3819 τοῦ
991 3757 1196 3824 δέοντος
1241 3760 1295 3816 ἐν
1339 3759 1579 3831 συνουσίᾳ
1607 3755 1888 3832 διήλθομεν
1925 3772 1939 3786 ⁶

293 3843 348 3912 ἐξ
398 3841 603 3904 ὤν’δικί
647 3870 727 3913 τις
772 3852 932 3930 σοφὸς
976 3849 1105 3928 ἀνὴρ
1154 3851 1241 3906 καὶ
1289 3849 1495 3929 λόγιος,
1543 3847 1851 3927 Σαρακηνὸς
1881 3845 1943 3901 τὸ

291 3935 474 4011 νὲνος,
515 3937 587 4002 εἷς
618 3939 716 4006 τὴν
745 3944 851 3995 τῶν
882 3940 1182 4018 μυστηρίων
1226 3939 1471 4018 διήγησιν
1520 3937 1757 4016 τραπεὶς,
1791 3935 1940 4013 ἠρώ-

290 4047 455 4092 τησεν
511 4027 628 4103 ἐμὲ,
683 4029 874 4086 οὑτωσὶ
931 4029 1146 4108 φάσκων
1180 4047 1196 4064 ⁶
1257 4030 1354 4084 Διὰ
1423 4028 1494 4102 τί,
1566 4027 1612 4083 ὦ
1664 4025 1940 4096 ἐπίσκοπε,

288 4116 449 4190 ὑμεῖς
504 4119 550 4172 οἱ
605 4119 766 4196 ἱερεῖς
823 4117 1103 4192 ἐμπειίζετε
1157 4119 1278 4182 τοὺς
1343 4116 1706 4196 Χριστιανοὺς,
1757 4115 1849 4170 τὸν
1893 4111 1944 4178 ἐξ

289 4204 511 4285 ἀλεύρου
575 4207 884 4281 ὀπτώμενον
928 4203 1084 4286 ἄρτον
1149 4206 1334 4270 αὐτοῖς
1387 4206 1523 4262 κατὰ
1584 4201 1758 4284 βραχὺ
1802 4203 1945 4281 μερί-

287 4302 494 4371 ζοντες,
569 4297 656 4352 καὶ
743 4301 898 4372 σῶμα
988 4303 1214 4374 Χριστοῦ
1304 4295 1674 4370 ὀνομάζοντες,
1758 4290 1944 4371 ἄφεσιν

288 4386 563 4463 ἁμαρτιῶν
607 4385 864 4464 παρέχειν
912 4386 1067 4464 αὐτὸν
1117 4398 1234 4448 τοῖς
1278 4380 1740 4460 μεταλαμϐάνουσι
1783 4380 1941 4437 δυνά-

287 4494 451 4549 μενον
477 4462 892 4536 διαϐεϐαιιοῦντες
927 4493 943 4554 ;
995 4462 1124 4554 Ἀρκ
1165 4473 1201 4543 ἢ
1249 4475 1385 4550 ὑμᾶς
1417 4471 1602 4536 αὐτοὺς
1634 4471 1938 4548 ἐμπαεζετε,

289 4564 330 4632 ἢ
359 4585 478 4628 τους
509 4566 584 4619 ὧν
613 4563 810 4644 ἄρχετε
843 4583 859 4644 ;
1385 4585 1388 4588 ’

370 4749 720 4802 ΣΑΜΩΝΑΣ.
771 4743 870 4801 Καὶ
925 4743 976 4799 τί
1039 4740 1261 4822 λέγεις;
1321 4739 1474 4822 ἄρτος
1535 4741 1594 4798 οὔ
1653 4740 1754 4820 γὰρ
1811 4745 1941 4797 Θεοῦ

284 4837 447 4907 σῶμα
479 4851 496 4913 ς

373 4912 633 4980 ΑΧΜΕΔ.
683 4912 962 5002 Ἐκάτερον
991 4921 1174 5000 ἀπορῶ
1225 4919 1386 5000 μέρος
1433 4920 1809 5000 ἀποκρίνασθαι
1840 4923 1939 4986 τῆς

283 5012 646 5093 ἀντιφάσεως.

372 5109 485 5162 ΣΑ.
519 5101 775 5160 Τοσοῦτόν
807 5123 866 5158 σε
907 5103 944 5170 ἡ
990 5101 1170 5179 μήτηρ
1200 5122 1293 5158 σου
1322 5099 1637 5179 γεγέννηκεν
1671 5117 1688 5178 ;

377 5288 494 5340 AX.
527 5283 685 5362 Οὐχί.

371 5381 484 5435 ΣΑ.
529 5369 698 5430 Ἀλλὰ
727 5371 889 5428 πόσον
924 5392 940 5452 ;

373 5468 490 5524 AX.
522 5460 779 5541 Σμικρόν.

373 5559 488 5613 ΣΑ.
523 5553 620 5609 Καὶ
659 5551 736 5614 τίς
769 5572 827 5606 σε
871 5551 1152 5630 ἐμεγὲθυνε
1184 5571 1200 5631 ;

369 5649 486 5701 AX.
521 5648 652 5698 Θεοῦ
677 5639 946 5721 θέλοντος,
991 5643 1026 5708 ἡ
1069 5643 1263 5722 τροφή,

373 5740 487 5792 EA.
519 5735 716 5790 Οὐκοῦν
746 5728 902 5810 ἄρτος
947 5752 1030 5788 σοι
1059 5729 1244 5808 γέγονε
1288 5734 1444 5804 σῶμα
1473 5748 1489 5809 ς

372 5833 410 5882 Α
421 5829 487 5884 Χ.
537 5821 792 5902 Σύμφημι
803 5869 816 5885 ,

2032 3575 2230 3636 multis
2257 3575 2411 3651 aliis,
2447 3584 2505 3638 et
2533 3578 2806 3640 familiari
2859 3579 3154 3659 colloquio
3185 3577 3260 3640 de
3294 3578 3468 3640 variis
3499 3587 3674 3660 atque

2029 3664 2278 3726 diversis
2301 3664 2481 3728 rebus
2505 3674 2761 3748 utentes,
2794 3668 2951 3748 quod
2987 3686 3094 3729 nos
3124 3667 3182 3727 in
3216 3666 3431 3728 itinere
3460 3685 3670 3729 conso-

2029 3753 2280 3830 labatur,
2311 3755 2469 3816 ultra
2497 3775 2676 3836 quam
2707 3757 2911 3819 decuit
2959 3757 3018 3818 in
3066 3774 3342 3817 sermone
3375 3757 3674 3836 progressi

2024 3861 2228 3905 sumus
2265 3862 2278 3906 :
2315 3863 2386 3906 ex
2434 3863 2690 3926 quorum
2742 3864 2992 3908 numero
3039 3845 3126 3906 vir
3171 3845 3409 3926 quidam
3458 3845 3671 3908 doctus

2025 3941 2203 4012 atque
2223 3932 2532 4016 facundus,
2549 3953 2768 4015 genere
2786 3937 3142 4016 Saracenus,
3172 3935 3244 3996 ad
3269 3935 3671 3996 narrationem

2029 4023 2444 4102 mysteriorum
2478 4043 2822 4100 conversus,
2861 4043 2956 4088 me
3001 4025 3384 4101 interrogavit
3417 4023 3508 4085 his
3535 4041 3671 4085 ver-

2029 4110 2154 4197 bis:
2189 4111 2386 4197 Heus!
2425 4132 2495 4176 ex
2535 4121 2594 4176 te
2640 4114 2849 4176 audire
2880 4114 3082 4189 velim,
3117 4114 3418 4194 episcope,
3453 4132 3671 4194 quam-

2027 4193 2378 4266 obrem'vos
2436 4202 2781 4265 sacerdotes
2823 4202 3176 4265 Christianis
3225 4193 3493 4276 illuditis,
3527 4203 3670 4263 dum

2030 4308 2238 4370 panem
2271 4310 2338 4353 ex
2372 4291 2560 4354 farina
2607 4300 2840 4354 coctum
2889 4293 2976 4353 eis
3021 4292 3293 4353 minutim
3347 4292 3672 4374 partientes

2025 4397 2359 4461 corpusque
2387 4380 2605 4442 Christi
2637 4381 3040 4458 nominantes,
3073 4379 3491 4450 remissionem
3525 4399 3670 4459 pec-

2023 4476 2286 4531 catorum
2327 4470 2612 4532 exhibere
2657 4488 2831 4550 posse
2877 4469 2951 4530 iis
2994 4470 3097 4550 qui
3146 4487 3281 4531 eum
3342 4468 3663 4550 recipiunt,

2024 4558 2680 4622 conﬁrmatis.Vobisne
2709 4557 2857 4639 ipsis
2903 4557 3174 4632 illuditis,
3204 4577 3276 4619 an
3309 4557 3380 4618 iis
3413 4559 3472 4618 in
3513 4575 3669 4638 quos

2024 4647 2258 4710 habetis
2288 4647 2607 4729 imperium
2631 4647 2662 4707 ‘2
3687 4675 3704 4680 --

2105 4735 2487 4801 SAMONAS.
2536 4736 2688 4809 Quid
2731 4735 2988 4797 narras?
3039 4734 3288 4816 panisne
3321 4733 3425 4796 Dei
3454 4753 3671 4815 corpus

2023 4826 2281 4888 efﬁcitur
2303 4826 2334 4887 ?

2107 4915 2438 4980 ACHMED.
2474 4918 2540 4979 In
2560 4915 2771 4978 ultram
2805 4921 3033 4996 partem
3057 4913 3547 4976 contradictionis
3578 4931 3672 4976 re-

2027 5006 2376 5087 spondeam,
2411 5004 2558 5068 mihi
2586 5005 2882 5068 incertum
2915 5010 3025 5076 est,

2106 5093 2275 5158 SAM.
2327 5093 2667 5157 Tantumne
2722 5099 2979 5176 quantus
3021 5111 3086 5155 es
3140 5099 3197 5156 te
3235 5091 3440 5170 genuit
3483 5099 3672 5155 mater

2025 5184 2170 5247 tua?

2103 5273 2276 5338 ΑΕΗ.
2324 5273 2593 5339 Minime.

2105 5362 2277 5425 SAM.
2326 5361 2441 5425 Sed
2475 5370 2762 5443 quantum
2787 5363 2819 5422 εν

2105 5453 2277 5518 ACH.
2321 5451 2661 5530 Parvulum,

2105 5544 2283 5607 SAM.
2330 5541 2473 5616 Quis
2502 5552 2559 5606 te
2581 5543 2644 5605 in
2675 5543 3144 5624 magnitudinem
3177 5544 3260 5605 ita
3289 5543 3616 5624 produxit?
3695 5571 3698 5574 ~

2102 5631 2276 5698 ACH.
2322 5632 2711 5711 Alimentum,
2747 5635 2872 5696 Deo
2903 5631 2985 5694 ita
3008 5640 3332 5696 annuente.

2105 5721 2284 5787 SAM.
2329 5726 2482 5802 Ergo
2514 5722 2684 5804 panis
2709 5721 2814 5784 tibi
2844 5722 2907 5785 in
2936 5738 3155 5804 corpus
3183 5739 3507 5786 conversus
3537 5723 3669 5788 est?

2104 5810 2274 5877 ΑΕΗ.
2321 5813 2407 5876 Ita
2429 5829 2670 5893 prorsus
2700 5810 2994 5875 existimo.
