4176 6420
423 457 543 524 825

1593 459 1692 527 DE
1735 461 2250 528 SACRAMENTO
2289 463 2625 526 ALTARIS

3687 459 3808 526 826

423 591 666 674 ἐσχάτης
711 591 771 650 ἂν
841 590 932 661 εἴη
982 592 1392 673 ἀγνωμοσύνης,
1453 593 1569 650 ἐκεῖ
1638 595 1902 663 τοσαύτην
1951 602 2067 653 Θεοί

2165 595 2321 676 quod
2368 601 2612 676 apparet
2662 594 2723 655 in
2775 602 3042 656 naturam
3092 593 3374 668 hominis,
3409 601 3687 656 extrema:
3719 599 3810 654 est

423 688 954 762 προσμαρτυροῦντας
1017 680 1262 764 δύναμιν,
1355 683 1565 740 ἀτονετν
1636 683 1690 740 ἐν
1773 691 1850 760 τῷ
1933 683 2077 766 μέρει

424 771 598 846 τούτῳ
641 773 706 830 τὸ
765 779 922 830 Θεϊον
965 770 1194 848 οἴεσθαι,
1267 773 1400 852 πρὸς
1456 773 1556 842 τὴν
1599 771 1934 852 ἐκπλήρωσιν
1987 780 2078 831 τοῦ

421 859 752 938 θελήματος.

503 958 620 1014 AX.
653 948 820 1008 Ἀλλὰ
845 951 898 1008 τί
923 951 1100 1008 κοινὸν
1130 949 1274 1031 ἄρτῳ
1298 953 1387 1008 καὶ
1415 973 1568 1030 σαρκι
1604 970 1620 1032 ;

503 1046 617 1102 EA.
667 1040 763 1097 Καὶ
804 1038 854 1095 τί
881 1040 1080 1113 κοινὸν,
1139 1037 1288 1106 λέξον
1333 1063 1448 1117 μοι,
1493 1041 1744 1120 ὑγρότητι
1773 1041 1862 1098 καὶ
1912 1042 2072 1099 εἰκόνι

422 1136 591 1211 Θεοῦς
641 1127 789 1188 Ἀλλ’
819 1129 998 1210 ὥσπερ
1027 1128 1172 1190 οὒδὲν
1219 1130 1334 1188 ἐκεῖ
1380 1133 1440 1188 τὸ
1483 1129 1795 1212 παράδοξον,
1829 1133 1894 1209 εἰ,
1943 1139 2073 1192 Θεοῦ

418 1219 766 1301 βουλομένου,
840 1221 972 1300 πρὸς
1039 1221 1102 1277 τὸ
1170 1221 1493 1303 τιμιώτατου
1576 1219 1708 1288 ξῶον
1776 1223 1838 1278 τὸ
1916 1224 2072 1303 ὑργὸν

419 1299 760 1386 μεταϐαίνει,
799 1299 936 1366 οὕτω
987 1311 1075 1366 καὶ
1126 1309 1211 1368 ἐπὶ
1252 1299 1424 1385 τούτῳ
1474 1312 1536 1368 τὸ
1586 1311 1706 1368 ἴσον
1737 1299 2066 1387 πιστευτέον,

419 1397 587 1475 μηδὲν
635 1399 778 1456 εἶναι
819 1401 1144 1479 θαυμαστὸν,
1194 1401 1238 1456 εί
1293 1400 1434 1464 θείας
1489 1397 1760 1476 δυνάμεως
1817 1401 2073 1481 παρουσίᾳ

415 1489 547 1567 πρὸς
591 1487 878 1569 ἀφθαρσίαν
911 1489 1355 1563 μετασκευάζεται
1403 1491 1432 1546 6
1475 1486 1654 1570 ἄρτος,
1693 1490 1783 1546 καὶ
1809 1491 1882 1554 εἰς
1914 1495 2071 1567 σῶμα

417 1584 646 1658 Χριστοῦ
677 1574 1088 1654 μεταϐάλλεται.

497 1673 612 1728 AX.
647 1663 798 1723 Ἀλλ’
831 1669 860 1723 6
890 1667 1113 1746 Χριστὸς
1143 1663 1232 1724 ὅτε
1272 1674 1426 1725 τοῦτο
1455 1680 1572 1732 τοῖς
1617 1671 1888 1745 μαθηταῖς
1911 1673 2071 1728 αὑτοῦ

2161 683 2435 757 inscitiaa,
2469 682 2592 745 illic
2623 690 2845 747 tantam
2873 691 3112 764 tamque
3147 682 3498 745 immensam
3545 681 3654 746 Dei
3697 700 3808 762 po-

2161 772 2402 835 tentiam
2435 780 2800 847 attestantes,
2837 773 3203 848 existimare,
3235 771 3336 834 hic
3369 774 3554 835 Deum
3603 769 3803 852 impo-

2160 868 2380 924 tentem
2412 880 2569 936 esse,
2593 875 2652 924 ut
2676 862 2998 944 adimpleat
3027 881 3192 924 suam
3225 861 3606 922 voluntatem.

2237 951 2415 1016 ACH.
2447 949 2562 1014 Sed
2596 951 2739 1032 quid
2773 951 2910 1032 pani
2941 969 3258 1012 commune
3287 957 3511 1013 etcum
3545 966 3724 1010 carne
3745 948 3778 1009 ‘2

2236 1039 2406 1102 SAM.
2441 1039 2548 1103 Dic
2580 1039 2748 1112 mihi,
2772 1060 2994 1122 quaeso,
3033 1041 3173 1122 quid
3221 1057 3538 1101 commune
3569 1037 3806 1100 humori

2155 1147 2288 1190 cum
2322 1129 2577 1210 imagine
2609 1130 2768 1193 Dei?
2798 1129 3019 1192 Verum
3063 1129 3564 1212 quemadmodum
3602 1127 3682 1188 nil
3717 1137 3806 1190 est

2153 1217 2276 1280 illic
2308 1238 2521 1281 novum
2553 1219 2981 1294 etinauditum,
3011 1219 3057 1280 si
3083 1221 3314 1282 volente
3337 1219 3458 1279 Deo
3493 1215 3804 1278 humidum

2155 1315 2416 1370 transeat
2467 1311 2526 1370 in
2579 1309 2798 1371 animal
2845 1309 3280 1370 nobilissimum
3316 1325 3331 1371 :
3367 1309 3447 1368 ita
3493 1305 3670 1368 etiam
3706 1305 3802 1368 hic

2153 1398 2374 1478 pariter
2401 1397 2766 1460 credendum
2801 1408 2915 1472 est,
2952 1419 3066 1460 non
3093 1417 3222 1460 esse
3246 1397 3486 1477 mirum,
3521 1395 3570 1456 si
3602 1395 3803 1456 vitutis

2152 1485 2369 1549 divina:
2405 1506 2649 1550 accessu
2673 1488 2743 1549 ad
2771 1487 3276 1550 immortalitatem
3310 1487 3478 1568 panis
3510 1493 3796 1560 transeat,

2152 1581 2212 1637 et
2239 1574 2300 1636 in
2333 1595 2548 1658 corpus
2577 1577 2797 1641 Christi
2829 1587 3230 1641 convertatur.

2232 1663 2404 1728 ACH.
2439 1666 2514 1728 At
2542 1684 2680 1728 vero
2712 1686 2846 1729 cum
2889 1667 3156 1730 Christus
3189 1667 3298 1729 boc
3335 1663 3647 1746 discipulis
3678 1661 3802 1724 suis

416 1753 712 1836 παρέδωκε,
746 1753 851 1812 οὔτ’
883 1756 1041 1820 αὐτὸς
1061 1754 1265 1820 πολλὰς
1287 1756 1454 1837 εὐχὰς
1476 1761 1622 1832 εἶπε,
1647 1757 1754 1815 οὗθ’
1771 1759 1907 1834 ἡμῖν
1931 1757 2067 1816 οὕτω

2154 1753 2415 1829 tradidit,
2450 1773 2566 1816 non
2598 1756 2815 1817 multas
2844 1757 3216 1838 precationes
3242 1755 3479 1835 eﬂ‘udit,
3505 1771 3698 1834 neque
3716 1752 3803 1813 sic

495 1818 506 1835 .
697 1818 712 1836 ι
1029 1818 1034 1820 ~
1251 1818 1260 1820 -
1349 1818 1389 1837 η
1439 1818 1450 1822 -
1611 1818 1622 1832 ι
1793 1818 1822 1834 τι

417 1843 775 1924 προεπέτρεψε
845 1843 1046 1924 λέγειν,
1121 1850 1242 1908 Πῶς
1311 1845 1484 1903 τοίνυν
1555 1847 1714 1922 ὑμεῖς
1771 1847 1875 1927 οὑχ
1928 1845 2067 1905 οὕτω

2154 1860 2254 1904 vos
2293 1843 2604 1906 admonuit
2635 1818 3183 1918 dicerefQuomodo
3234 1844 3413 1924 igitur
3441 1818 3546 1905 vos
3572 1818 3688 1904 ιιόιι
3723 1839 3804 1902 ita

420 1947 646 2014 ποιεῖτε,
681 1931 800 1990 ἀλλ’
833 1933 1009 2014 εόχῶν
1038 1932 1255 1992 πολλῶν
1290 1932 1463 1993 δεῖσθε
1501 1955 1518 2015 ς

2154 1932 2382 2011 facitis;
2416 1933 2536 1995 imo
2571 1935 2848 2015 precibus
2879 1935 3081 1997 multis
3111 1933 3276 1996 vobis
3305 1953 3454 2014 opus
3485 1929 3620 1994 est?

500 2031 611 2088 ΣΑ,
657 2021 719 2082 Ὀ
763 2025 1013 2104 Χριστὸς,
1069 2025 1200 2080 καθὸ
1261 2026 1414 2100 Θεὸς,
1476 2025 1654 2104 κύριος
1710 2025 1778 2093 ἧν
1831 2027 1922 2083 καὶ
1975 2034 2067 2085 τοῦ

2229 2020 2404 2086 SAM.
2440 2023 2708 2086 Christus
2737 2033 3028 2106 quatenus
3050 2025 3228 2100 Deus,
3255 2023 3538 2084 dominus
3565 2027 3690 2082 erat
3710 2017 3804 2080 sui

417 2113 605 2172 ἑαυτοῦ
673 2112 920 2189 σώματος
977 2115 1065 2169 καὶ
1130 2117 1230 2180 τῆς
1287 2117 1496 2194 ψυχῆς,
1558 2117 1596 2192 ᾗ
1652 2136 1814 2194 φησιν
1883 2113 2062 2189 αὑτὸς,

2154 2111 2418 2190 corporis
2449 2119 2506 2174 et
2535 2114 2770 2194 animae,
2807 2123 2870 2176 ut
2902 2115 3030 2196 ipse
3059 2113 3176 2176 ait:
3207 2114 3574 2176 Potestatem
3613 2107 3802 2170 habeo

417 2202 499 2259 ὅτι
559 2221 591 2262 «
665 2199 932 2268 Ἐξουσίαν
988 2199 1105 2282 ἔχω
1169 2202 1270 2270 τὴν
1326 2203 1512 2284 ψυχήν
1569 2225 1669 2279 μου
1725 2200 1924 2284 δοῦναι,
1979 2205 2066 2260 καὶ

416 2291 578 2349 πάλιν
622 2289 808 2348 λαϐεῖν
865 2292 1052 2362 αὑτήν.
1115 2311 1144 2351 ι
1207 2293 1308 2350 Καὶ
1365 2293 1520 2356 αὐτὸς
1573 2292 1722 2372 φύσει
1779 2295 1910 2357 Θεὸς
1966 2293 2065 2368 ὢν,

413 2383 634 2461 ἡγίασεν
711 2381 855 2446 εύθὺς
931 2387 1001 2458 τῇ
1071 2382 1228 2440 αὑτοῦ
1279 2381 1392 2455 θείᾳ
1447 2378 1663 2458 δυνάμει
1729 2382 1815 2438 καὶ
1885 2382 2068 2462 χάριτι

415 2471 534 2530 τότε
561 2474 654 2529 τὸν
685 2471 868 2552 ἄρτον,
909 2490 938 2531 α
969 2471 1133 2530 Τοῦτό
1175 2470 1375 2528 ἔστιτὸ
1419 2471 1576 2548 σῶμά
1617 2494 1741 2548 μου,
1797 2494 1825 2526 ι
1879 2473 2064 2575 εἰπὼνζ

416 2563 560 2644 ἔχων
603 2563 694 2618 καὶ
735 2561 826 2617 τὸν
859 2559 1068 2640 Πατέρα
1111 2560 1198 2616 καὶ
1253 2561 1314 2616 τὸ
1362 2566 1576 2636 Πνεῦμα
1627 2561 1681 2618 ἐν
1724 2563 1934 2637 ἑαυτῷ.
1979 2559 2068 2618 καὶ

415 2651 584 2716 οὕτως
641 2653 733 2708 τὸν
805 2649 962 2730 ἄρτον
1043 2650 1242 2708 οἰκεῖον
1321 2656 1476 2726 σῶμα
1512 2649 1748 2720 ’ἐποίησε
1785 2671 1797 2684 °
1845 2652 1933 2708 καὶ
1975 2651 2070 2708 οὑκ

417 2741 592 2800 ἐδεῖτο
663 2739 842 2820 ἐτέρου
908 2741 1055 2804 τινὸς
1124 2738 1506 2820 ὑπερέχοντος,
1577 2743 1665 2798 καὶ
1737 2742 1828 2798 τὸν
1913 2739 2068 2822 ἄρτον

415 2831 732 2911 ἁγιάσοντος
767 2845 782 2860 ⁹
850 2848 880 2888 ε
939 2831 1010 2888 Τὸ
1059 2830 1160 2908 γὰρ
1218 2827 1434 2886 ἔλαττον
1485 2831 1586 2899 ὑπὸ
1629 2837 1720 2888 τοῦ
1775 2833 2069 2910 κρείττονος

415 2921 742 2999 εύλογεῖται.
798 2943 824 2974 ι)
873 2920 1042 2981 Αὐτὸς
1085 2917 1140 2974 δὲ
1196 2921 1224 2975 ὃ
1269 2920 1516 3000 Χριστὸς,
1577 2920 1671 2978 οὒκ
1713 2919 1946 2978 ἐλάττων
1997 2921 2070 2978 ὢν

413 3013 506 3069 τοῦ
561 3009 772 3088 Πατρὸς
833 3009 922 3066 καὶ
976 3014 1067 3065 τοῦ
1125 3008 1449 3084 Πνεύματος,
1505 3007 1846 3074 αὑτεξουσίως
1906 3009 2070 3068 ἐποίει

2149 2199 2341 2262 dandi
2360 2219 2436 2262 cm
2447 2204 2627 2264 imam
2647 2221 2862 2285 meavit,
2885 2213 2940 2266 et
2963 2221 3214 2266 rursum
3237 2201 3585 2282 accipiendi
3599 2217 3734 2262 eam
3746 2197 3798 2260 Β.

2150 2290 2296 2353 Cum
2328 2289 2508 2368 igitur
2537 2293 2668 2373 ipse
2698 2302 2907 2354 natura
2938 2302 3098 2356 esset
3124 2292 3302 2374 Deus,
3329 2291 3490 2352 illico
3527 2299 3665 2350 tunc
3691 2307 3798 2370 pa-

2151 2397 2289 2440 nem
2318 2379 2487 2444 illum
2521 2399 2630 2443 sua
2660 2383 2922 2464 potentia
2944 2382 3146 2444 divina
3166 2390 3224 2444 et
3244 2383 3436 2460 gratia
3465 2377 3802 2441 sanctiﬁca-

2151 2467 2232 2529 vit
2256 2489 2270 2528 :
2296 2468 2423 2532 [Ioc
2444 2478 2528 2533 est
2551 2489 2765 2552 corpus
2791 2491 2956 2534 mum
2977 2471 3030 2547 5,
3061 2471 3292 2546 dicens,
3318 2469 3547 2533 habens
3569 2467 3801 2529 Patrem

2149 2577 2219 2620 ac
2247 2557 2534 2639 Spiritum
2565 2570 2832 2628 sanctum
2866 2561 2927 2622 in
2970 2561 3319 2642 semetipso,
3346 2559 3550 2640 sicque
3584 2573 3796 2638 panem

2149 2647 2212 2709 in
2246 2666 2462 2729 corpus
2486 2650 2790 2731 proprium
2811 2652 3100 2714 convertit
3125 2668 3138 2714 :
3167 2669 3276 2712 nec
3296 2649 3412 2712 alio
3439 2647 3716 2729 quopiam
3734 2662 3800 2705 se

2153 2740 2564 2817 praestantiore
2594 2758 2744 2820 opus
2765 2740 2997 2820 habuit,
3017 2741 3118 2822 qui
3135 2739 3533 2801 sanctiﬁcaret
3555 2751 3798 2817 panem,

2154 2827 2301 2890 Nam
2325 2829 2483 2906 quod
2505 2830 2768 2908 inferius
2787 2837 2897 2902 est,
2925 2830 3300 2892 benedicatur
3333 2846 3370 2890 α
3397 2831 3714 2908 superiore
3743 2823 3797 2884 4.

2155 2913 2464 2998 Siquidem
2493 2918 2622 2999 ipse
2653 2919 2951 2993 Christus,
2985 2939 3120 2980 cum
3155 2937 3272 2980 non
3305 2917 3380 2979 sit
3413 2915 3658 2978 inferior
3687 2913 3802 2976 Pe-

2157 3014 2246 3068 tre
2279 3015 2337 3068 et
2366 3004 2590 3088 Spiritu
2621 3019 2851 3083 sancto,
2886 3026 2992 3070 sua
3013 3008 3273 3090 potentia
3293 3005 3574 3090 quicquid
3601 3003 3796 3082 vellet,

415 3100 516 3158 ὅσα
593 3096 865 3160 ἐϐούλετο.
942 3089 1000 3155 Ὀ
1057 3095 1113 3155 δέ
1167 3119 1227 3178 γε
1269 3095 1396 3178 παρ’
1450 3099 1588 3174 ἡμῖν
1651 3101 1839 3178 ἱερεὺς,
1901 3101 1944 3156 εί
1985 3092 2067 3156 καῖ

2157 3095 2474 3158 efﬁciebat.
2521 3096 2810 3160 Sacerdos
2840 3089 3036 3161 autem
3069 3098 3173 3178 qui
3203 3107 3292 3160 est
3318 3089 3478 3178 apud
3526 3113 3657 3168 nos,
3689 3093 3802 3155 etsi

418 3191 584 3248 τόπον
652 3187 796 3270 φέρει
867 3193 1113 3267 Χριστοῦ,
1197 3185 1316 3244 ἀλλ’
1383 3185 1654 3268 ἅνθρωπός
1729 3188 1840 3246 ἐστι
1915 3191 2067 3247 παντὶ

2158 3185 2386 3266 Chrysti
2444 3193 2649 3266 typum
2694 3206 2750 3268 gi
2774 3195 2887 3262 rat,
2943 3197 3137 3250 tamen
3185 3187 3365 3250 homo
3411 3193 3522 3260 est,
3558 3181 3801 3245 omnino

420 3280 600 3361 τρόπῳ
681 3276 1028 3352 ὑποκείμενος
1111 3278 1390 3356 ἁμαρτίαις
1474 3279 1563 3334 καὶ
1649 3280 2013 3359 κατεχόμενος
2049 3296 2063 3310 ·

427 3391 452 3426 ι
481 3366 681 3450 (Οὐδεὶς
711 3366 810 3446 γὰρ
839 3365 1234 3445 ἀναμάρτητος,
1263 3389 1291 3421 ι
1355 3368 1429 3430 ὡς
1478 3369 1540 3423 τὸ
1566 3371 1709 3424 θετον
1736 3367 1917 3448 λόγιον
1971 3368 2070 3426 κᾶν

423 3459 518 3532 μία
545 3457 654 3536 ὥρα
682 3455 820 3512 ἐστὶν
867 3456 903 3522 ἦ
933 3455 1048 3526 ζωὴ
1093 3454 1272 3530 αὑτοῦ,
1322 3478 1349 3510 n
1401 3456 1445 3511 εί
1489 3456 1566 3532 μὴ
1597 3457 1757 3530 μόνος
1789 3459 1817 3514 ὁ
1861 3458 1990 3522 Θεός

423 3545 510 3602 διὰ
589 3555 738 3604 τοῦτο
821 3542 993 3601 δεῖται
1081 3543 1296 3601 ποὶλῶν
1369 3547 1572 3625 εἰχιῖω,
1645 3548 1732 3602 καὶ
1815 3547 2066 3629 πρότερον

421 3636 520 3712 μὲν
587 3635 714 3714 ὑπὲρ
785 3639 890 3690 τῶν
951 3634 1153 3690 οἰκείων
1237 3633 1616 3712 ἀγνοημάτων,
1706 3634 1888 3694 ἔπειτα
1961 3644 2068 3695 τῶν

411 3732 505 3783 ταῦ
538 3723 686 3802 λῖιοῦ,
727 3749 750 3779 ι
814 3723 886 3788 ὥς
931 3745 1090 3804 φησιν
1135 3725 1166 3780 6
1221 3721 1518 3788 ἀπόστολος
1569 3723 1795 3790 Παῦλος.
1859 3728 1952 3784 Διὸ
1979 3729 2068 3784 καὶ

412 3821 518 3879 πᾶς
567 3816 595 3870 6
641 3812 772 3876 λαὸς
813 3814 1207 3892 παριστάμενος
1259 3810 1360 3878 ἔξω
1408 3819 1502 3870 τοῦ
1550 3813 1757 3891 ἀδύτου,
1804 3829 2068 3888 συμπονεῖ

411 3905 502 3962 καὶ
531 3903 993 3982 συμπροσεύχεται
1047 3909 1123 3977 τῷ
1176 3905 1330 3980 ίερεέ,
1376 3901 1561 3959 Δέεται
1620 3904 1790 3960 τοίνυν
1845 3907 1873 3961 6
1901 3907 2066 3985 ἱερεὺς

409 4000 504 4051 τοῦ
536 3999 666 4050 Θεοῦ
709 3993 798 4051 καὶ
841 3993 1070 4071 Πατρὶς,
1116 3993 1188 4054 ὡς
1239 3990 1400 4068 μέσον
1447 3999 1580 4052 Θεοῦ
1635 3995 1724 4050 καὶ
1779 3991 2068 4075 ἄνῦρώπων

408 4082 690 4158 ἱστάμενος
741 4078 992 4160 πρέσϐυς,
1040 4081 1131 4137 ’ἵνα
1175 4081 1253 4158 μὴ
1308 4079 1530 4158 κώλυμα
1585 4082 1808 4161 γένηται
1847 4090 1946 4152 τῆς
1975 4091 2068 4142 τοῦ

411 4173 670 4250 παναγίου
724 4171 1029 4246 Πνεύματος
1102 4169 1452 4244 ἐπελεύσεως,
1531 4169 1670 4228 ἆλλά
1739 4173 2067 4251 καταπέμψῃ

409 4261 501 4318 καὶ
531 4263 670 4324 αὖθις
727 4261 790 4316 τὸ
831 4266 1110 4340 πανταχοῦ
1166 4263 1332 4341 παρὸν
1375 4263 1520 4318 θετον
1571 4263 1660 4318 καὶ
1687 4261 2068 4344 τελεταρχικὸν

411 4351 502 4407 καὶ
532 4349 840 4432 eamme»
873 4351 1102 4422 πνεῖμτ,
1139 4347 1208 4405 δι’
1251 4352 1311 4406 0-3
1352 4351 1418 4408 τα
1445 4353 1619 4407 πάντα
1661 4351 1727 4407 τά
1793 4374 1852 4409 τε
1881 4352 1935 4410 ἐν
1971 4359 2066 4414 οὑ-

413 4445 580 4519 ρανῷ,
611 4439 676 4495 τά
705 4460 762 4494 τε
805 4438 890 4495 ἐπὶ
919 4445 1020 4516 γῆς
1065 4437 1332 4517 λεγόμενα
1358 4440 1506 4518 ἅγια,
1569 4446 1638 4518 τῇ
1694 4449 1909 4522 μετοχςὶι
1965 4449 2066 4512 τῆς

412 4530 730 4608 ἀγιαστικῆς
793 4529 950 4586 αὑτοῦ
1018 4530 1239 4608 χάριτος
1302 4530 1596 4607 ἁγιάζεται,
1662 4531 1734 4594 εἷς
1777 4533 1837 4588 τὸ
1907 4531 2064 4589 τελε-

411 4621 724 4697 σιουργῆσαι
801 4619 891 4674 τὸν
963 4621 1304 4698 προκείμενον
1373 4620 1446 4682 εἰς
1514 4620 1692 4676 Θυσίαν
1762 4617 1920 4702 ἄρτον
1977 4623 2065 4678 καὶ

409 4707 473 4762 τὸ
503 4707 782 4786 ποτιςριον,
814 4707 904 4762 καὶ
957 4711 1180 4772 ποιῆσαι.
1224 4707 1378 4783 αὑτὰ,
1436 4708 1563 4766 αὑτὸ
1607 4707 1782 4766 έκεῖνο
1833 4711 1895 4766 τὸ
1954 4720 2064 4769 Κυ-

411 4795 595 4874 ριακὸν
646 4801 802 4872 σῶμα
841 4795 931 4852 καὶ
987 4799 1126 4872 αἷμα
1179 4803 1273 4852 τοῦ
1332 4803 1573 4876 Χριστοῦ.
1625 4788 1684 4854 Ὀ
1738 4799 1916 4879 Πατὴρ
1964 4801 2064 4881 γὰρ

408 4881 688 4965 εὑδόκησε,
715 4885 840 4966 φασὶ
870 4885 934 4940 τὰ
965 4883 1088 4964 παρ’
1119 4887 1256 4961 ἡμῖν
1311 4884 1489 4964 λόγια,
1523 4888 1612 4942 καὶ
1653 4889 1682 4944 6
1727 4889 1847 4952 Υἱὸς
1891 4887 2060 4960 ἐσκή-

403 4994 568 5048 νωσε,
611 4977 700 5030 καὶ
757 4976 792 5042 ἡ
852 4973 1111 5054 Παρθένος
1169 4973 1315 5032 ἔτεκε
1373 4977 1503 5032 Θεὸν
1559 4975 2058 5057 ἐνανθρωπιίσαντα,

404 5063 496 5119 καὶ
553 5064 616 5119 τὸ
673 5062 826 5142 ἅγιον
900 5069 1112 5140 Πνεῦμα
1171 5065 1504 5145 συνήργησεν
1539 5086 1552 5103 ’
1615 5067 1644 5122 ὃ
1699 5067 1786 5124 καὶ
1840 5065 1901 5125 ἐκ
1954 5075 2061 5126 τῶν

408 5152 737 5231 παρθενικῶν
807 5153 1045 5228 αἱμάτων
1119 5154 1278 5234 μέρος
1349 5151 1512 5212 λαϐὸν
1581 5153 1894 5230 ᾠκοδόμησε
1976 5160 2070 5216 τὸν

410 5243 717 5317 σωματικὸν
775 5243 898 5299 ναὸν
953 5247 1047 5298 τοῦ
1123 5250 1366 5322 Χριστοῦ.
1451 5243 1738 5302 Κάντεῦθεν
1807 5243 2069 5324 δηλοῦμεν

408 5331 502 5386 καὶ
547 5331 609 5386 τὶ
669 5331 976 5411 ἀχώριστον
1031 5333 1120 5388 καὶ
1175 5329 1509 5408 ἰσοδύναμον,
1555 5333 1644 5390 καὶ
1701 5333 1930 5416 ὁμοφυὲς
1980 5339 2068 5394 καὶ

411 5417 814 5496 παντοδύναμον
868 5426 968 5486 τῆς
1011 5422 1164 5500 ἁγίας
1208 5420 1452 5502 Τριάδος,
1512 5424 1557 5478 εἱ
1615 5423 1703 5480 καὶ
1747 5437 1872 5488 ταῖς
1927 5426 2067 5484 ὑπο-

411 5507 627 5565 στάσεσι
659 5507 906 5588 διῄρτιται
943 5531 956 5544 ’
1003 5512 1092 5568 καὶ
1138 5509 1220 5568 ὅτι
1278 5511 1400 5570 ἔνθα
1453 5511 1564 5569 ἐστὶ
1607 5512 1702 5588 μία
1745 5518 1852 5571 τῶν
1909 5521 2066 5593 τριῶν

411 5598 778 5676 ὑποστάσεων,
838 5600 1147 5680 ἀχωρίστως
1203 5603 1292 5660 καὶ
1349 5603 1403 5659 αἱ
1457 5599 1638 5658 λοιπαὶ
1693 5597 1782 5660 δύο
1837 5609 1904 5681 τῇ
1963 5605 2063 5686 φύ-

2157 3273 2448 3336 obuoxius
2463 3277 2718 3357 peccatis
2735 3286 2791 3338 et
2809 3276 3140 3340 obvinctus.
3165 3276 3379 3357 (Nemo
3407 3275 3564 3336 enim
3590 3289 3802 3353 expers

2151 3366 2404 3444 peccati,
2456 3374 2519 3426 ut
2575 3365 2818 3428 divinus
2870 3385 3068 3428 sermo
3135 3365 3356 3441 habet,
3423 3364 3562 3429 licet
3614 3362 3801 3425 unius
3897 3417 3906 3427 .

2153 3455 2322 3518 hora:
2347 3461 2425 3518 sit
2449 3457 2576 3519 vita
2621 3461 2755 3536 ejus
2777 3457 2831 3536 5,
2871 3455 2985 3517 nisi
3029 3457 3192 3518 solus
3229 3456 3448 3536 Deus);
3479 3459 3803 3534 propterea

2151 3545 2386 3623 indiget
2415 3547 2623 3608 inultis
2667 3545 2968 3627 precibus,
3017 3555 3072 3608 et
3105 3548 3385 3627 primum
3418 3544 3662 3626 quidem
3691 3557 3800 3621 pro

2151 3633 2519 3714 ignoratttiis
2545 3635 2848 3716 propriis,
2890 3635 3114 3698 deinde
3142 3654 3251 3716 pro
3286 3640 3550 3717 peccatis
3585 3631 3801 3712 populi

2151 3731 2218 3785 ut
2245 3723 2331 3785 ait
2357 3723 2658 3804 apostolus
2692 3723 2902 3784 Paulus
2929 3723 2982 3788 6.
3015 3723 3306 3797 Quocirca
3353 3732 3408 3786 et
3459 3719 3652 3783 omnis
3684 3737 3794 3800 po-

2153 3813 2328 3893 pulus
2356 3822 2554 3875 astans
2585 3821 2745 3874 extra
2775 3812 3041 3892 adytum,
3092 3834 3227 3876 cum
3277 3813 3584 3876 sacerdote
3625 3827 3794 3870 com-

2154 3909 2451 3982 precatur,
2487 3920 2744 3983 eumque
2779 3903 3037 3983 adjuvat.
3068 3905 3364 3966 Sacerdos
3393 3902 3579 3978 igitur
3609 3901 3794 3962 Deum

2156 3995 2390 4054 Patrem
2414 4000 2563 4066 orat,
2587 4001 2791 4073 utpote
2815 3993 2915 4074 qui
2939 3994 3016 4056 sit
3044 3995 3204 4058 inter
3232 3994 3417 4056 Deum
3443 4007 3494 4056 et
3527 3989 3801 4054 homines

2151 4081 2850 4164 constitutuslegatus,ne
2863 4083 3003 4164 quid
3022 4079 3798 4164 intercedatimpediruenti,

2151 4172 2471 4250 quominus
2503 4183 2914 4236 sacrosanctus
2935 4174 3194 4255 Spiritus
3211 4173 3508 4247 adveniat;
3531 4173 3634 4232 sed
3662 4188 3801 4232 rur—

2151 4280 2252 4322 sus
2271 4262 2537 4323 demittat
2559 4261 2840 4342 Spiritum
2866 4264 3157 4345 diiiuum,
3182 4282 3365 4326 sacrae
3391 4263 3564 4343 hujus
3600 4278 3802 4341 opera-

2153 4350 2332 4412 tionis
2353 4351 2710 4413 initiatnrt'm
2737 4362 2913 4434 atque
2940 4355 3462 4426 sanctiticatorem,
3501 4352 3604 4432 qui
3639 4350 3800 4411 nullo

2087 4429 2270 4500 Dnon
2318 4439 2448 4501 loco
2501 4459 2764 4522 praesens
2813 4429 2926 4516 est,
2981 4461 3087 4524 per
3127 4463 3302 4524 quem
3338 4429 3537 4502 omnia
3569 4458 3704 4520 qua:
3738 4439 3800 4500 in

2149 4529 2298 4590 cmlo
2331 4539 2390 4590 et
2430 4529 2490 4590 in
2523 4539 2701 4605 terra,
2744 4541 2951 4594 sancta
3001 4533 3306 4604 dicuntur,
3346 4530 3798 4613 participatione

2149 4618 2279 4698 ejus
2308 4619 2732 4682 sanctifu-autis
2755 4623 2956 4696 gratiae
2983 4622 3449 4695 sanctificautur,
3480 4632 3538 4682 ut
3575 4638 3796 4702 prope-

2148 4709 2322 4770 situm
2360 4728 2574 4791 panem
2608 4719 2666 4773 et
2696 4713 2946 4774 calicem
2999 4714 3055 4773 in
3111 4713 3470 4774 sam-ilicium
3506 4709 3796 4793 perﬁciat,

2147 4809 2205 4860 et
2237 4818 2307 4860 ea
2325 4809 2652 4863 commutet
2681 4802 2740 4863 in
2775 4802 2919 4864 illud
2953 4803 3142 4882 ipsum
3179 4803 3552 4864 Dutniuicuut
3581 4819 3803 4882 corpus

2147 4891 2573 4967 etsanguinem
2607 4889 2845 4954 Christi.
2871 4889 3017 4954 Nam
3049 4891 3204 4952 Patri
3229 4891 3645 4972 complacitum
3680 4901 3797 4964 est,

2147 4987 2208 5040 ut
2227 4979 2390 5041 aiunt
2414 4981 2653 5042 oracula
2671 4992 2892 5055 nostra,
2921 4989 2975 5044 et
3003 4982 3183 5042 Filius
3203 4981 3508 5058 habitavit,
3533 4992 3590 5043 et
3614 4981 3802 5062 Virgo

2151 5069 2382 5151 peperit
2429 5069 2617 5132 Deum
2677 5070 3073 5139 incarnatum,
3137 5079 3196 5134 et
3251 5069 3506 5152 Spiritus
3557 5080 3802 5133 sanctus

2153 5169 2504 5241 cooperatus
2550 5168 2662 5236 est,
2713 5161 2813 5243 qui
2864 5179 2936 5223 ex
2983 5160 3245 5241 virgineo
3293 5164 3586 5242 sanguine
3630 5171 3798 5242 parte

2151 5249 2736 5331 suinpta,aediticavit
2763 5250 3070 5332 corporale
3101 5251 3384 5331 templum
3399 5251 3803 5316 Christi.Hinc

2151 5359 2391 5421 quoque
2411 5339 2894 5402 demonstramus
2924 5339 3284 5420 inseparabil
3313 5349 3486 5404 tatem
3522 5342 3802 5422 potentiae

2149 5429 2326 5491 simul
2358 5435 2414 5490 et
2447 5438 2672 5492 natura:
2693 5429 3114 5512 aequalitatem,
3148 5431 3396 5511 insuper
3424 5431 3802 5512 omnipoten-

2153 5517 2293 5581 tiam
2324 5527 2544 5582 sancta;
2596 5521 2931 5598 Trinitatis,
2955 5519 3130 5602 :licet
3177 5520 3365 5583 tribus
3406 5521 3804 5602 distinguatur

2149 5610 2424 5692 personis
2451 5626 2464 5673 :
2493 5599 3032 5704 quodqueubiiun‘a
3053 5618 3144 5673 est
3173 5608 3349 5672 trium
3384 5599 3800 5694 personarum,

495 5763 527 5816 Ξ
551 5761 722 5830 Joau.
759 5783 818 5842 x,
860 5767 950 5834 18.
1038 5767 1066 5812 3
1093 5769 1299 5836 Matth.
1329 5787 1489 5849 xxvi,
1521 5769 1622 5834 26.
1711 5770 1742 5822 4
1770 5769 1822 5835 II
1850 5771 2010 5838 Petr.
2047 5797 2065 5843 ι

2154 5781 2248 5848 l9.
2331 5777 2500 5842 εισι)
2531 5781 2877 5856 x1v,4sec.
2905 5779 3080 5878 ,Lxx.
3165 5780 3620 5874 6Hebr.1x,7.
