4176 6378
387 379 504 446 827

1697 385 1953 452 SAMON
1959 385 2027 450 1E
2068 385 2440 451 GAZENSIS

3645 370 3766 440 828

384 511 547 604 ibiiet
575 514 751 579 simul
783 523 990 582 natura
1015 519 1231 582 adsunt
1259 520 1492 604 riliquze
1532 520 1670 584 duae
1714 520 2025 600 insepara-

2115 539 2189 574 σει
2219 519 2471 602 σύνεισιν,
2502 522 2576 584 ὡς
2636 518 3041 602 συνδημιουργοὶ
3087 521 3176 577 καὶ
3227 529 3320 580 τοῦ
3375 518 3572 582 παντὸς
3624 539 3766 597 προ-

386 601 611 681 biliter,
640 613 915 689 tanquam
938 601 1397 691 cooperatrices,
1423 629 1647 693 suaque
1668 608 2036 692 providentia

385 693 830 759 universitatem
863 706 1266 762 creaturarum
1299 699 1702 764 moderantes.

467 782 643 848 ΑΘΗ.
681 786 872 849 Probe
901 806 1117 851 arcana
1155 806 1471 852 memoras.
1503 790 1623 852 Sed
1653 808 1762 853 cur
1790 788 2031 852 tandem

389 871 658 960 Christus
683 876 927 939 tradidit
954 897 1177 960 corpus
1208 897 1382 943 suum
1405 878 1705 943 edendum
1727 880 1789 943 in
1818 898 1884 943 se
1905 898 2034 944 cre-

389 959 717 1026 denﬁbus?

471 1049 645 1116 SAM.
677 1055 967 1118 [neﬂ‘abili
1012 1075 1149 1138 erga
1203 1077 1312 1121 nos
1342 1057 1730 1139 benignitate,
1767 1059 2034 1141 miraque

390 1139 840 1222 dispensatione
869 1145 1084 1208 factum
1119 1156 1210 1212 est
1252 1165 1267 1212 :
1311 1147 1524 1230 partim
1555 1148 1630 1210 ad
1661 1139 2034 1210 aversionem

391 1231 846 1318 contrariarium
879 1242 1259 1316 potestatum;
1297 1237 1511 1318 partim
1546 1245 1604 1299 et
1631 1237 1704 1300 ad
1725 1255 2034 1300 conserva-

392 1317 613 1382 tionem
645 1323 859 1385 animaa
889 1333 1107 1389 nostra:
1135 1317 1314 1390 simul
1343 1339 1402 1388 et
1427 1327 1695 1408 corporis
1721 1348 1736 1388 :
1771 1327 2035 1408 quando-

389 1408 630 1498 quidem
656 1430 777 1474 non
806 1415 1062 1496 amplius
1093 1416 1221 1478 ﬁeri
1257 1423 1506 1498 poterat,
1533 1424 1595 1478 ut
1626 1415 1892 1479 Christus
1916 1435 2032 1481 una

389 1496 696 1588 nobiscum
727 1502 788 1564 in
821 1511 976 1567 terra
1019 1496 1412 1588 corporaliter
1437 1515 1798 1580 versaretur,
1833 1514 1891 1568 et
1918 1507 2032 1569 ha-

387 1583 602 1650 bitaret
630 1609 819 1673 usque
846 1595 918 1657 ad
951 1583 1524 1658 consummationem
1555 1595 1779 1670 seculi,
1815 1604 1874 1658 et
1899 1615 2034 1658 om-

387 1675 634 1766 nifarios
692 1682 934 1746 morbos
983 1695 1218 1748 nostros
1266 1684 1518 1766 singulis
1549 1684 1712 1746 horis
1742 1697 1981 1748 sanaret
2015 1709 2029 1752 :

2116 608 2378 676 νοητικαί.

2197 791 2310 846 AX.
2360 785 2548 850 Καλὼς
2577 787 2642 844 τὰ
2685 785 2958 866 ἂπόρρητα
2987 785 3255 868 διεξέρχῃ.
3291 783 3457 844 Ἀλλὰ
3486 787 3536 843 τί
3562 782 3763 856 δήποτε

2115 875 2144 930 ὁ
2171 877 2392 953 Χριστὸς
2421 879 2483 934 τὸ
2527 883 2681 954 σῶμα
2729 877 2886 935 αὐτοῦ
2933 877 3118 936 ἐσθίειν
3159 890 3280 942 τοϊς
3332 879 3404 942 εἷς
3457 877 3614 935 αὐτὸν
3642 898 3764 933 πισ-

2115 964 2318 1021 τεύουσι
2347 964 2650 1045 παρέδωκεν
2683 987 2699 1048 ς

2198 1061 2305 1115 ΣΑ.
2369 1053 2610 1134 Ἀῤῥήτῳ
2681 1055 3041 1136 φιλανθρωπίᾳ
3100 1058 3189 1114 καὶ
3266 1061 3542 1136 θαυμαστῇ
3612 1059 3765 1116 οἷκο-

2118 1145 2274 1219 νομίᾳ
2337 1143 2546 1224 ἐγένετο
2581 1161 2594 1176 ⁸
2667 1152 2826 1203 τοῦτο
2895 1145 2992 1222 μὲν
3063 1148 3192 1226 πρὸς
3267 1147 3581 1228 ἀπατροπὴν
3661 1153 3768 1203 τῶν

2116 1233 2363 1292 ἐναντίων
2433 1233 2727 1317 δυνάμεων,
2797 1245 2949 1296 τοῦτο
3025 1235 3080 1293 δὲ
3141 1238 3229 1293 καὶ
3299 1239 3370 1302 είς
3429 1239 3767 1314 περιποίησιν

2114 1325 2271 1399 ἡμῶν
2325 1329 2510 1404 ψυχῆς
2567 1325 2679 1402 ἅμα
2707 1327 2796 1382 καί
2823 1325 3070 1402 σώματος
3104 1338 3122 1356 ⁸
3170 1323 3353 1393 ἐπειδῦ⁸
3409 1328 3502 1382 οὒκ
3559 1327 3626 1395 ἧν
3681 1324 3766 1382 δυ·

2118 1414 2273 1470 νατὸν
2334 1412 2408 1470 ἔτι
2479 1415 2568 1471 καὶ
2621 1421 2940 1490 σωματικῶς
2998 1417 3132 1492 ἡμῖν
3190 1428 3308 1479 τοῖς
3377 1415 3462 1472 ἐπὶ
3516 1421 3618 1495 γῆς
3672 1418 3764 1472 τὸν

2117 1503 2340 1580 Χριστὸν
2411 1502 2572 1584 μέχρι
2643 1503 2943 1569 συντολείας
3014 1512 3106 1562 τοῦ
3161 1507 3351 1568 αἰῶνος
3407 1507 3766 1586 συναναστρέ-

2117 1595 2302 1671 φεσθαι
2385 1594 2473 1648 καὶ
2548 1591 2862 1672 συνδιάγειν,
2935 1596 3023 1651 καὶ
3098 1594 3194 1659 τὰς
3265 1595 3517 1658 παντοίας
3577 1596 3763 1660 νόσους

2115 1683 2270 1756 ἡμῶν
2321 1682 2520 1760 ἑκάστῃ
2576 1682 2686 1762 ὥρᾳ
2745 1685 2938 1743 ἰᾶσθαι.
3006 1685 3104 1740 Διὰ
3139 1690 3293 1741 τοῦτο
3333 1686 3504 1742 τοίνυν
3559 1699 3764 1745 παντο-

388 1764 548 1856 hunc
571 1785 712 1834 sane
734 1770 809 1832 ob
833 1791 1075 1837 causam
1097 1764 1511 1856 Omnipotens,
1533 1793 1668 1836 cum
1690 1774 1766 1836 sit
1784 1775 2026 1837 multum

2116 1767 2340 1847 δύναμος
2387 1770 2461 1828 ὢν
2520 1773 2607 1828 καὶ
2663 1771 3170 1854 πολυεύσπλαγχνος
3225 1774 3313 1829 καὶ
3369 1773 3763 1854 φιλάνθρωπος,

389 1853 756 1935 misericors,
791 1861 1082 1946 clemens,
1114 1853 1295 1946 atque
1313 1865 1630 1942 benignus,
1657 1863 1844 1926 noluit
1869 1883 1978 1927 nos
2002 1885 2026 1928 a

2118 1862 2212 1918 οὒκ
2252 1857 2524 1931 ἠϐουλήθη
2571 1863 2715 1936 ἡμᾶς
2765 1862 2844 1937 μὴ
2901 1863 3214 1942 χωρίζεσθαι
3266 1853 3597 1939 ἀπ’ίαῦτοῦ,
3644 1863 3767 1920 ἀλλ’

390 1961 455 2005 se
484 1949 749 2026 separari
782 1970 796 2013 :
831 1951 937 2014 sed
979 1955 1230 2035 perinde
1268 1963 1446 2036 atque
1470 1953 1625 2015 ﬁlios
1653 1971 1794 2015 suos
1831 1971 2026 2017 secum

2117 1949 2191 2012 ὡς
2236 1949 2393 2006 τέκνα
2434 1954 2575 2026 αὐτῷ
2619 1964 2851 2007 συνεῖναι
2913 1949 2996 2006 διὰ
3047 1955 3146 2018 τῆς
3205 1957 3448 2031 μετοχῆς
3499 1953 3588 2009 καὶ
3644 1975 3766 2011 κοι-

390 2049 525 2125 esse
577 2054 686 2116 per
734 2040 1248 2124 participationem
1295 2052 1475 2125 atque
1534 2043 2026 2107 communionem

2116 2039 2304 2105 νωνίας
2375 2041 2556 2097 τούτου
2623 2050 2714 2100 τοῦ
2783 2039 2940 2119 ἄρτου
3011 2041 3100 2096 καὶ
3171 2049 3263 2100 τοῦ
3331 2039 3480 2098 οἴνου
3530 2042 3618 2099 καὶ
3673 2050 3766 2100 τοῦ

390 2123 570 2215 hujus
601 2128 769 2206 panis
797 2123 972 2212 atque
1002 2133 1119 2196 vini
1153 2143 1212 2198 et
1241 2123 1436 2215 aquae,
1472 2150 1544 2194 eo
1577 2132 1736 2214 quod
1778 2151 1875 2195 res
1907 2135 2026 2197 ista!

2115 2123 2324 2207 ὕδατος,
2381 2129 2454 2192 ὡς
2511 2129 2900 2207 συνηθεστέρων
2957 2129 3122 2185 ὄντων
3164 2135 3231 2206 τῇ
3286 2129 3518 2209 ἡμετέρα
3587 2131 3760 2213 φύσει,

388 2212 739 2280 familiarius
763 2228 983 2284 naturae
999 2231 1212 2286 nostra;
1227 2212 1696 2303 congruant,nec
1716 2223 2026 2304 quisquam

2115 2217 2310 2292 καὶμὴ
2340 2215 2662 2294 βδελυκτῶν,
2709 2221 2782 2284 εἰς
2815 2225 2972 2295 σῶμα
3026 2223 3206 2290 αὐτοῦ,
3259 2221 3346 2275 καὶ
3392 2224 3531 2294 αἷμα
3587 2212 3759 2297 μεταὲ

381 2319 482 2365 eas
504 2304 768 2370 fastidiat
790 2318 889 2372 aut
913 2321 1277 2389 exsecretur,
1298 2315 1500 2395 quaein
1522 2331 1738 2393 corpus
1761 2313 1947 2393 ipsius
1970 2324 2029 2375 et

380 2395 729 2474 sanguinem
775 2409 1083 2464 mutantur
1128 2403 1327 2464 divina
1375 2403 1614 2482 virtute,
1659 2402 1825 2482 juxta
1865 2401 2025 2466 illlus

379 2494 764 2566 praeceptum,
789 2491 947 2568 quod
975 2493 1152 2554 etiam
1185 2491 1344 2553 cedit
1365 2492 1424 2553 in
1446 2491 1866 2554 remissionem
1892 2511 2028 2573 pec-

379 2582 647 2637 catorum
677 2584 736 2640 et
762 2579 822 2640 in
847 2579 1021 2642 vitam
1048 2589 1357 2664 aeternam,
1377 2599 1445 2642 ac
1466 2580 1527 2642 in
1551 2582 1791 2643 tutelam
1815 2582 2028 2643 animae

381 2669 437 2724 et
459 2665 748 2744 corporis,
773 2667 952 2747 digne
974 2671 1122 2734 illud
1146 2689 1280 2733 cum
1303 2671 1543 2732 sincera
1575 2670 1690 2731 {ide
1709 2687 2025 2731 assumen-

377 2750 556 2814 tibus.
586 2754 730 2817 Nisi
763 2761 921 2820 enim
959 2759 1743 2839 manducaveritis,‘inquit,
1776 2777 2026 2821 carnem

379 2840 535 2904 Filii
556 2845 844 2924 hominis,
861 2857 919 2911 et
941 2849 1209 2913 biberitis
1229 2852 1357 2926 eius
1381 2849 1764 2929 sanguinem,
1787 2866 1910 2911 non
1922 2847 2027 2910 ha-

381 2929 592 2996 bebitis
623 2937 813 3000 vitam
836 2943 898 2998 in
920 2941 1087 3002 vobis
1102 2940 1153 3000 7.
1175 2938 1468 3012 Quocirca
1509 2937 1681 2998 nobis
1716 2937 1799 2999 ita
1835 2937 2022 2999 tradi-

380 3026 504 3080 tum
529 3029 590 3085 et
621 3033 891 3088 servatur
912 3033 973 3092 et
993 3027 1139 3090 citra
1165 3029 1342 3090 ullam
1380 3027 1846 3088 controversiam
1885 3044 2021 3088 cre-

380 3107 561 3199 ditur,
594 3113 754 3194 quod
785 3115 914 3196 ipse
948 3118 1200 3199 venerit,
1219 3118 1390 3195 juxta
1413 3115 1578 3178 Pauli
1604 3134 1816 3178 vocem
1846 3116 1900 3178 8.

457 3198 628 3264 ACH.
651 3201 927 3268 Hzeccine
943 3198 1400 3270 communicatio
1424 3213 1480 3268 et
1501 3204 1860 3267 sacriﬁcium
1881 3223 2020 3267 cor-

379 3290 544 3367 poris
573 3301 634 3353 et
661 3294 966 3374 sanguinis
997 3295 1239 3378 Christi,
1273 3294 1430 3376 quod
1462 3293 1688 3357 oll‘ertis
1733 3293 2019 3356 sacerdo-

380 3387 494 3461 tes,
518 3399 804 3445 verumne
829 3393 917 3446 est
949 3385 1170 3448 Christi
1217 3403 1438 3465 corpus
1468 3392 1528 3446 et
1555 3385 1793 3463 sanguis
1823 3401 2019 3458 verus.

377 3487 451 3530 an
487 3472 792 3553 exemplar
819 3475 1095 3556 corporis
1127 3476 1281 3555 ejus,
1319 3473 1572 3554 perinde
1593 3482 1768 3554 atque
1789 3473 2020 3536 sacriﬁ-

377 3558 534 3620 cium
562 3561 738 3634 hirci,
776 3568 932 3645 quod
963 3560 1154 3628 Judazi
1187 3563 1493 3628 offerunt?

458 3647 630 3714 SAM.
656 3651 828 3716 Absit
849 3655 1004 3735 quod
1030 3673 1136 3716 nos
1157 3655 1528 3735 appellemus
1553 3652 1858 3732 exemplar
1887 3669 2024 3713 cor-

377 3738 539 3818 p0ris
570 3741 811 3823 Christi,
839 3751 1103 3805 sanctam
1137 3743 1644 3813 communionem,
1679 3750 1778 3802 aut
1809 3759 2025 3822 panem

373 3829 626 3902 nudum,
651 3840 750 3893 aut
771 3833 1042 3911 figuram,
1064 3841 1164 3895 aut
1191 3833 1510 3910 imaginem
1545 3849 1560 3894 :
1593 3830 1860 3912 quinimo
1885 3849 2024 3892 cor-

376 3936 487 3998 pus
515 3919 709 4000 ipsum
743 3941 971 4000 revera,
999 3930 1057 3984 et
1080 3923 1430 4002 sanguinem
1462 3921 1680 3983 Christi
1702 3919 1809 3984 Dei
1839 3920 2026 3981 nostri

373 4026 409 4069 a
446 4011 568 4073 Deo
596 4018 964 4092 assumptum
1015 4011 1398 4093 assumimus,
1448 4011 1550 4091 qui
1599 4009 1940 4072 incarnatus
1971 4018 2030 4070 et

375 4097 612 4176 genitus
670 4108 760 4160 est
789 4118 858 4162 ex
902 4110 1108 4163 sancta
1159 4101 1264 4162 Dei
1314 4100 1622 4163 Genitrice
1671 4117 2027 4180 semperque

373 4186 602 4267 virgine
630 4189 838 4254 Maria.
875 4189 973 4253 Sic
1003 4193 1165 4253 enim
1217 4191 1539 4266 credimus,
1567 4199 1625 4250 et
1666 4189 1745 4250 ita
1778 4189 2025 4269 proﬁte-

375 4296 510 4338 mur
531 4279 707 4358 juxta
725 4299 926 4342 vocem
960 4281 1146 4362 ipsius
1172 4280 1412 4358 Christi,
1449 4299 1622 4361 quam
1660 4279 1732 4340 ad
1753 4278 2022 4359 discipu~

2110 2302 2454 2382 ϐαλλομένων
2521 2308 2632 2380 θείᾳ
2701 2305 2915 2384 δυνάμει
2973 2308 3107 2364 κατὰ
3161 2307 3262 2375 τὴν
3319 2311 3476 2366 αὐτοῦ
3532 2311 3761 2388 πρόστα-

2109 2392 2184 2458 ξιν
2220 2413 2235 2430 ⁸
2313 2398 2342 2452 ὃ
2410 2398 2498 2453 καὶ
2572 2399 2646 2462 εἷς
2725 2394 2908 2478 ἄφεσιν
2976 2399 3248 2477 ἁμαρτιῶν
3319 2401 3408 2453 καὶ
3484 2400 3557 2463 είς
3614 2401 3760 2470 ζωὴν

2109 2485 2344 2566 αἰώνιον,
2416 2488 2504 2543 καὶ
2567 2486 2924 2567 φυλακτήριον
2980 2492 3166 2567 ψυχῆς
3233 2509 3291 2544 τε
3351 2489 3440 2544 καὶ
3509 2488 3759 2565 σώματος

2107 2586 2226 2637 τοῖς
2283 2576 2454 2631 πίστει
2509 2575 2662 2642 ἀξίως
2722 2573 3186 2652 μεταλαμϐάνουσι
3244 2577 3441 2656 γίνεται
3477 2595 3491 2610 ⁸
3558 2601 3587 2632 α
3634 2576 3761 2636 Ἐὰν

2109 2663 2208 2742 γὰρ
2267 2663 2346 2739 μὴ
2403 2665 2632 2744 φάγητε,
2713 2665 2838 2747 ἔφη,
2914 2670 3015 2732 τὴν
3085 2666 3253 2746 σάρκα
3307 2673 3400 2723 τοῦ
3478 2670 3600 2724 Υἱοῦ
3668 2676 3761 2726 τοῦ

2109 2751 2401 2832 ἀνθρώπου,
2481 2754 2568 2810 καὶ
2637 2755 2794 2822 πίητε
2867 2758 3021 2813 αὐτοῦ
3091 2756 3154 2811 τὸ
3225 2758 3386 2830 αἷμα,
3448 2755 3542 2812 οὒκ
3600 2755 3756 2837 ἔχετε

2107 2839 2250 2909 ζωὴν
2281 2840 2335 2896 ἐν
2367 2842 2600 2906 ἑαυτοῖς,
2639 2864 2664 2897 ιι
2730 2843 2824 2899 Διὸ
2866 2843 2953 2899 καὶ
2989 2844 3124 2918 ἡμῖν
3156 2840 3291 2898 οὕτω
3324 2841 3634 2922 παραδοθὲν,
3665 2845 3751 2900 καὶ

2107 2929 2419 3006 φυλάττεται
2462 2933 2549 2988 καὶ
2600 2929 2972 3012 ἀναμφιϐόδως
3021 2933 3346 3012 πιστεύεται,
3397 2928 3552 3011 ἄχρις
3597 2933 3656 2988 οὗ
3684 2930 3745 2988 ἂν

2107 3019 2262 3084 αὐτὸς
2293 3018 2443 3102 ἔλθῃ,
2475 3022 2608 3078 κατὰ
2637 3023 2735 3090 τὴν
2766 3029 2857 3079 τοῦ
2888 3019 3095 3078 Παύλου
3123 3023 3328 3102 φωνήν.

2185 3205 2301 3262 AX.
2350 3197 2494 3267 Αὕτη
2543 3199 2642 3279 ἄρα
2697 3201 2732 3268 ἡ
2788 3201 3035 3257 κοινωνία
3091 3202 3178 3257 καὶ
3219 3201 3255 3269 ἡ
3311 3201 3460 3257 θυσία
3501 3205 3592 3256 τοῦ
3648 3200 3752 3255 σώ-

2107 3310 2275 3363 ματος
2325 3291 2414 3346 καὶ
2473 3290 2704 3366 α”ματος
2760 3297 2852 3348 τοῦ
2909 3297 3156 3370 Χριστοῦ,
3216 3289 3284 3356 ἦν
3327 3290 3651 3370 προσφέρετε
3708 3291 3755 3345 οἱ

2105 3381 2291 3458 ἱερεῖς,
2365 3386 2520 3456 σῶμα
2575 3382 2663 3437 καὶ
2722 3384 2861 3456 αἷμα
2918 3379 3167 3447 ἀληθινόν
3240 3379 3348 3436 ἐστι
3407 3386 3660 3459 Χριστοῦ,
3718 3377 3755 3446 ἢ

2104 3467 2382 3533 ἀντίτυπος
2436 3479 2528 3529 τοῦ
2607 3469 2856 3546 σώματος
2939 3472 3118 3545 αὐτοῦ,
3196 3469 3270 3533 ὡς
3352 3469 3388 3537 ἡ
3446 3469 3593 3524 θυσία
3663 3474 3759 3526 τοῦ

2108 3558 2300 3638 τράγου
2328 3559 2394 3625 ἢν
2424 3557 2670 3617 Ἰουδαῖοι
2715 3560 3034 3639 προσάγουσι
3070 3579 3085 3639 ;

2192 3655 2304 3710 EA.
2355 3649 2442 3716 Μὴ
2499 3649 2705 3727 γένοιτο
2759 3651 2903 3725 ἡμᾶς
2960 3651 3130 3706 εἰπεῖν
3187 3647 3464 3705 ἀντίτυπον
3507 3656 3600 3706 τοῦ
3640 3646 3753 3703 σώ-

2110 3759 2277 3810 ματος
2347 3744 2439 3793 τοῦ
2495 3744 2720 3816 Χριστοῦ
2777 3740 2878 3798 τὴν
2948 3738 3099 3816 ἁγίαν
3150 3735 3449 3810 κοινωνίαν,
3505 3734 3540 3803 ἢ
3599 3733 3757 3811 ψιλὸν

2109 3823 2288 3906 ἄρτον,
2349 3825 2384 3894 ἢ
2454 3827 2639 3898 τύπον,
2686 3826 2722 3895 ἢ
2781 3827 2978 3899 εἰκόνα,
3039 3823 3157 3882 ἀλλ’
3202 3826 3328 3881 αὒτὸ
3368 3826 3430 3881 τὸ
3474 3831 3628 3900 σῶμα
3670 3825 3759 3880 καὶ

2110 3921 2251 3992 αἷμα
2304 3915 2516 3983 ἀληθῶς
2575 3925 2800 3998 Χριστοῦ
2874 3923 2965 3974 τοῦ
3041 3921 3173 3973 Θεοῦ
3225 3915 3379 3992 ἡμῶν
3435 3911 3758 3989 τεθεωμὲνον

2110 4002 2560 4082 μεταλαμϐάνειν,
2641 4016 2734 4067 τοῦ
2811 4006 3168 4086 σαρκωθέντος
3241 4006 3329 4061 καὶ
3415 4002 3757 4084 γεννηθέντος

2110 4095 2171 4152 ἐκ
2238 4103 2336 4165 τῆς
2403 4099 2556 4176 ἁγίας
2625 4095 2883 4155 Θεοτύκου
2939 4097 3027 4152 καὶ
3097 4095 3437 4175 ἀειπαρθὲνου
3505 4095 3706 4173 Μαρίας
3741 4113 3756 4127 ·

2110 4187 2248 4244 οὓτω
2289 4189 2389 4267 γὰρ
2431 4187 2771 4263 πιστεύομεν,
2831 4187 2919 4242 καὶ
2977 4183 3144 4249 οὕτως
3203 4183 3568 4264 ὁμολογοῦμεν
3626 4185 3762 4239 κατὰ

2103 4276 2203 4342 τὴν
2266 4277 2448 4355 φωνὴν
2520 4278 2678 4333 αὐτοῦ
2735 4283 2981 4354 Χριστοῦ,
3148 4276 3280 4355 πρὸς
3337 4275 3458 4338 τοὺς
3517 4275 3793 4360 μαθητὰς,¹

374 4367 464 4429 los
486 4368 544 4429 in
567 4387 737 4431 ccena
759 4370 861 4432 illa
891 4361 1154 4452 mystica,
1196 4371 1436 4433 tradens
1459 4371 1548 4432 eis
1580 4388 1794 4450 panem
1828 4368 2018 4428 viviti-

2115 4365 2189 4422 ἐπὶ
2264 4376 2357 4424 τοῦ
2424 4365 2631 4425 δείπνου
2709 4372 2802 4421 τοῦ
2887 4373 3140 4441 μυστικοῦ
3206 4361 3515 4440 μεταδιδοὺς
3575 4364 3779 4426 αὐτοῖς

371 4467 628 4540 cantem,
657 4440 1078 4540 pronuntiabat
1102 4480 1116 4524 :
1142 4440 1430 4541 Accipite,
1462 4440 1906 4538 coniedite,hoc
1937 4465 2021 4520 est

2115 4457 2196 4512 τὸν
2237 4458 2499 4526 ζωοποιὸν
2531 4455 2708 4535 ἄρτον,
2741 4454 2891 4534 ἔλεγε
2925 4473 2942 4491 ⁶
2983 4474 3013 4514 ι
3070 4451 3292 4528 Λάϐετε,
3354 4454 3571 4535 φάγετε,
3605 4453 3761 4509 τοῦτό

372 4564 586 4628 corpus
617 4551 880 4611 meum9.
906 4550 1195 4614 Similiter
1236 4558 1295 4612 et
1334 4550 1581 4610 calicem
1625 4548 1713 4610 eis
1755 4545 2020 4626 tradens,

370 4637 597 4718 inquit:
623 4639 744 4702 Hic
761 4646 849 4703 est
865 4647 1116 4719 sanguis
1129 4658 1300 4703 meus
1325 4641 1404 4702 10.
1429 4638 1558 4700 Νοη
1576 4638 1760 4699 dixit:
1792 4639 1918 4700 Hoc
1935 4643 2024 4697 est

373 4728 678 4809 exemplar
699 4731 813 4791 mei
843 4730 1108 4811 corporis
1131 4739 1188 4792 et
1214 4729 1543 4809 sanguinis,
1569 4737 1679 4788 aut
1708 4725 1926 4804 imago.
1954 4724 2024 4786 Et

373 4816 432 4877 in
459 4817 758 4900 plerisque
791 4819 925 4882 aliis
967 4820 1112 4882 locis
1151 4827 1382 4882 conSIat
1410 4816 1711 4881 Christum
1746 4815 1968 4876 dixisse
2004 4836 2018 4874 :

374 4906 490 4980 Qui
517 4908 855 4971 manduca!
877 4927 1071 4972 meam
1111 4927 1355 4973 carnem
1382 4915 1437 4970 et
1466 4907 1614 4970 bibit
1643 4922 1842 4967 meum
1870 4921 2024 4966 san-

368 4998 642 5076 guinem,
686 4999 870 5060 habet
902 5001 1088 5062 vitam
1130 4997 1518 5062 aeternam“.
1563 4997 1854 5060 Caeterum
1890 5012 2022 5054 cum

372 5085 625 5166 ipsemet
672 5087 942 5150 Christus
992 5089 1367 5163 testificetur,
1422 5104 1642 5166 corpus
1690 5102 1861 5156 suum
1894 5101 2025 5144 esse

372 5193 590 5238 revera
608 5183 666 5237 et
690 5177 1064 5258 sanguinem,
1091 5178 1148 5239 id
1174 5178 1329 5260 quod
1362 5195 1468 5238 nos
1491 5174 1699 5236 ﬁdeles
1719 5171 2025 5234 offerendo

370 5267 756 5344 assumimus,
798 5267 943 5349 quid
976 5267 1234 5348 amplius
1265 5275 1354 5328 est
1381 5284 1532 5347 opus
1561 5264 1637 5327 de
1670 5263 1782 5325 hac
1814 5280 1879 5324 re
1911 5261 2026 5322 du-

355 5347 582 5430 bitare,
613 5358 662 5418 si
696 5347 883 5420 Deum
918 5366 975 5419 et
1004 5347 1218 5419 Filium
1272 5355 1378 5421 Dei
1425 5355 1617 5436 ipsum
1661 5370 1794 5412 esse
1825 5349 2028 5414 credi-

377 5461 504 5504 mus
525 5446 554 5505 ‘?
587 5445 647 5507 Si
669 5447 826 5508 enim
858 5465 929 5508 ex
952 5447 1138 5508 nihilo
1164 5446 1448 5507 mundum
1474 5442 1762 5515 condidit,
1799 5449 1857 5501 et
1885 5458 2022 5501 ver-

376 5528 511 5593 bum
539 5536 669 5614 ejus
701 5555 900 5597 verum
956 5545 1066 5610 est,
1112 5537 1330 5611 vivum,
1379 5533 1581 5596 efficax
1616 5543 1788 5612 a‘quc
1821 5529 2020 5592 omni-

452 5702 481 5752 7
509 5700 683 5766 Joan.
719 5723 797 5781 vi,
833 5705 934 5771 54.
1020 5708 1052 5757 8
1080 5707 1102 5769 l
1134 5708 1266 5771 Cor.
1303 5723 1382 5777 IV,

1560 5703 1592 5750 9
1623 5701 1803 5766 Matth
1859 5718 2020 5781 xxvr,
2053 5701 2152 5763 ‘26.

2106 4546 2210 4621 μού
2239 4544 2349 4601 ἐστι
2381 4548 2442 4602 τὸ
2473 4551 2650 4622 σῶμα,
2693 4566 2715 4601 α
2761 4536 3034 4608 Ὠσαύτως
3065 4546 3155 4600 καὶ
3185 4545 3246 4600 τὸ
3289 4545 3541 4623 ποτήριον
3587 4564 3759 4618 μετα-

2105 4633 2273 4698 διδοὺς
2304 4637 2513 4713 αὒτοϊς,
2573 4635 2703 4714 φησί
2737 4653 2752 4668 ⁶
2811 4645 2841 4692 ι
2891 4633 3054 4692 Τοῦτό
3085 4633 3189 4708 μού
3245 4633 3356 4688 ἐστι
3412 4634 3472 4688 τὸ
3527 4636 3695 4707 αἷμα.
3730 4654 3760 4686 ιι

2107 4726 2214 4782 Οὔκ
2251 4729 2396 4796 εἶπε,
2459 4724 2630 4782 Ταῦτὸ
2659 4724 2761 4800 μού
2816 4722 2926 4779 ἐστι
2984 4725 3044 4779 τὸ
3095 4722 3364 4780 ἐντίτυπον
3394 4729 3485 4780 τοῦ
3516 4723 3768 4797 σώματος

2104 4815 2192 4871 καὶ
2222 4825 2314 4874 τοῦ
2345 4814 2603 4889 α’ίματος,
2650 4813 2686 4881 ἢ
2713 4815 2748 4882 ἡ
2781 4812 2960 4873 είκών.
2993 4814 3094 4870 Καὶ
3144 4811 3197 4870 ἐν
3246 4811 3444 4891 ἑτέροις
3480 4809 3534 4866 δὲ
3564 4811 3773 4867 πλείοσι

2106 4904 2290 4968 τόποις
2358 4906 2595 4984 φαίνεται
2650 4906 2678 4960 ὁ
2750 4903 2973 4981 Χριστὸς
3035 4903 3218 4973 εἰπὼν,
3278 4900 3360 4957 ὅτι
3435 4891 3494 4957 ¹Ο
3547 4901 3769 4980 τρώγων

2109 5017 2210 5068 μου
2252 4993 2352 5060 τὴν
2409 4993 2576 5072 σάρκα
2617 4994 2704 5048 καὶ
2765 4991 2928 5048 πίνων
2993 5014 3095 5066 μου
3137 4993 3198 5048 τὸ
3241 4995 3406 5066 αἷμα,
3461 4989 3578 5070 ἔχει
3623 4992 3766 5061 ζωὴν

2108 5084 2338 5144 αἰώνέον,
2379 5105 2404 5137 n
2453 5083 2676 5159 Λοιπὸν,
2736 5081 2895 5138 αὖτοῦ
2935 5087 3025 5136 τοῦ
3071 5087 3298 5160 Χριστοῦ
3343 5086 3758 5160 μαρτυροῦντος,

2111 5171 2192 5229 ὅτι
2250 5178 2407 5248 σ’ῦμα
2463 5173 2618 5231 αὐτοῦ
2672 5171 2812 5227 ἐστιν
2881 5167 3093 5236 ἀληθῶς
3161 5171 3248 5226 καὶ
3304 5173 3470 5244 αἰμκ,
3545 5167 3673 5248 ὅπερ
3717 5173 3765 5226 οἱ

2110 5263 2286 5318 πιστοὶ
2354 5261 2711 5340 προσάγοντες
2783 5257 3284 5336 μεταλαμϐάνομεν,
3363 5259 3412 5314 τί
3467 5256 3548 5314 δεῖ
3605 5257 3764 5314 πλέον

2111 5353 2227 5430 περὶ
2255 5351 2440 5408 τούτου
2469 5348 2847 5430 ἀμφιϐάλλειν,
2895 5349 2938 5403 εἰ
2997 5351 3126 5404 Θεὸν
3189 5351 3278 5405 καὶ
3338 5349 3455 5404 ι’ἱὸν
3503 5354 3594 5404 τοῦ
3635 5355 3766 5403 Θεοῦ

2111 5442 2267 5496 αὔξον
2325 5441 2466 5496 εἶναι
2525 5439 2894 5515 πιστεύομενς
2959 5439 3018 5493 Εἰ
3074 5440 3174 5517 γὰρ
3230 5438 3289 5494 ἐκ
3332 5445 3424 5494 τοῦ
3480 5437 3557 5511 μὴ
3616 5437 3765 5498 ὄντος

2108 5532 2195 5588 τὶν
2247 5530 2449 5605 κόσμον
2521 5529 2803 5604 πεποίηκε,
2876 5528 2965 5581 καὶ
3026 5530 3053 5583 ὁ
3126 5531 3282 5588 αῦτοῦ
3351 5527 3511 5605 λόγος
3563 5526 3769 5596 ἀληθής

2242 5701 2298 5750 ¹θ
2327 5699 2473 5762 ibid.
2509 5700 2606 5763 '28.
2699 5701 2748 5750 ¹¹
2781 5700 2956 5765 Joan.
2991 5713 3074 5768 v1.
3107 5696 3210 5759 55.
