4176 6368
299 402 418 468 829

1481 409 1582 474 DE
1623 406 2030 472 SACRAMEN
2036 405 2133 470 ΤΟ
2177 407 2503 472 ALTARIS

3561 397 3680 466 830

299 535 434 619 ἐστι,
506 540 595 596 καὶ
677 547 804 616 ζῶν,
874 541 1118 622 ἐνεργὴς,
1188 545 1278 599 καὶ
1347 542 1762 620 παντοδύναμος,
1851 565 1919 599 κα

2023 546 2256 621 potens,
2283 547 2342 604 et
2361 558 2728 624 quaecunque
2753 540 2936 603 voluit
2958 538 3270 614 Dominus,
3290 535 3428 599 fecit
3443 533 3670 611 omnia;

292 627 466 686 πάντα
507 626 607 686 ὅσα
636 628 919 707 ἠθέλησεν,
982 634 1010 688 6
1055 631 1240 712 Κύριος
1269 631 1519 700 ἐποίησεν
1554 653 1568 667 ο

290 717 384 772 τὸν
439 714 597 796 ἄρτον
655 720 730 784 εἰς
784 721 845 777 τὸ
918 718 1053 780 ἴδιον
1119 724 1277 780 αὐτοῦ
1326 729 1483 800 σῶμα
1553 727 1938 799 μεταποιῆσαι,

1629 633 1688 689 οὒ
1729 630 1941 689 δύναται
2025 647 2226 692 nonne
2245 638 2438 711 potest
2464 648 2676 711 panem
2698 630 2759 692 in
2780 648 2950 692 suum
2973 628 3162 709 ipsius
3182 645 3398 708 corpus
3415 632 3669 704 mutare,

2025 728 2086 782 et
2105 737 2273 802 aqua;
2294 728 2352 782 et
2372 719 2492 782 vini
2513 719 2995 783 commistionem
3018 717 3077 780 in
3100 716 3403 800 pr0prium
3431 712 3670 793 sangui-

291 805 380 862 καὶ
431 807 532 873 τὴν
585 817 682 893 τοῦ
734 807 920 876 ὕδατος
971 813 1062 868 καὶ
1114 810 1264 870 οἴνου
1313 818 1496 893 κρᾶσιν
1555 814 1627 876 εἷς
1685 814 1748 869 τὸ
1805 809 1919 868 ἴδιοε

2023 807 2205 870 nem?
2225 807 2371 871 Nam
2388 808 2892 890 quemadmodum
2913 806 3128 869 inititio
3147 804 3330 867 dixit:
3359 803 3670 868 Germinet

291 898 431 972 αἷμα
465 915 482 976 ;
520 918 549 952 α
585 887 677 962 Ὠς
721 899 822 979 γὰρ
863 900 1020 957 εἶπεν
1067 900 1123 957 ἐν
1170 909 1239 980 τῇ
1279 887 1428 984 ἀρχῇ
1460 917 1476 934 ⁹
1517 919 1546 962 α
1579 901 1919 969 Βλαστησᾶτιι

2022 902 2197 960 terra
2218 887 2469 962 herbam
2503 899 2755 962 viretem
2776 897 2848 974 *2,
2880 906 2940 960 et
2968 914 3153 977 usque
3195 895 3256 957 in
3278 983 3285 984 ί
3310 893 3667 984 hodiernum

290 985 326 1072 ἡ
382 988 456 1062 γῆ
523 985 855 1066 χλοάζουσαν
913 991 1168 1066 βοτάνην,
1217 979 1260 1050 in
1317 979 1414 1050 καί
1469 991 1633 1072 μέχρι
1701 998 1794 1048 τοῦ
1850 997 1919 1047 νῦ·

2022 984 2205 1060 diem,
2227 1005 2296 1050 eo
2325 987 2581 1068 pluviam
2607 987 2900 1063 mittente,
2924 996 3082 1050 terra
3103 983 3394 1065 germinat
3421 979 3664 1072 herbas,

289 1071 472 1138 ὕοντος
519 1077 677 1136 αὐτοῦ
729 1075 1010 1154 βλαστάνει
1064 1081 1292 1158 βοτάνας
1346 1083 1381 1149 ἡ
1425 1071 1938 1160 γῆ,ῃὺπερασπιζο-

289 1161 427 1238 μένη
471 1167 560 1222 καὶ
601 1165 892 1243 βιαζομένῃ
949 1170 1052 1226 ὑπὸ
1098 1175 1197 1238 τῆς
1255 1169 1548 1235 κελεύσεως
1603 1177 1696 1228 τοῦ
1750 1177 1882 1227 Θεοῦ
1915 1186 1933 1207 ⁶

289 1251 454 1318 οὕτως
486 1254 640 1312 εἶπεν
672 1257 700 1312 6
739 1256 869 1320 θεός
919 1273 934 1290 ⁸
1002 1279 1027 1315 α
1088 1261 1252 1317 Τοῦτό
1307 1259 1417 1316 ἐστι
1473 1260 1534 1316 τὸ
1589 1259 1746 1335 σῶμά
1808 1281 1931 1335 μου,

285 1342 398 1421 καὶ,
459 1345 623 1403 Τοῦτό
680 1345 789 1401 ἐστι
834 1347 894 1402 τὸ
949 1351 1089 1424 αἷμα
1157 1371 1282 1424 μου,
1340 1351 1452 1424 καὶ,
1509 1355 1674 1408 Τοῦτο
1729 1361 1936 1406 ποιεῖτε

285 1431 358 1493 εἰς
388 1430 488 1488 τὸν
519 1431 653 1508 ἐμὴν
683 1433 980 1510 ἀνάμνησιν
1014 1455 1029 1471 ·
1080 1460 1108 1492 ι
1156 1439 1244 1494 καὶ
1299 1439 1464 1516 ταύτῃ
1517 1445 1587 1516 τῇ
1618 1445 1714 1496 τοῦ
1740 1460 1935 1496 παντο-

284 1515 512 1608 δονάμου
553 1521 829 1600 προστάξει
860 1524 1023 1606 μέχρι
1051 1532 1150 1594 τῆς
1191 1527 1348 1584 αότοῦ
1377 1515 1615 1608 δευτέρας
1645 1527 1932 1608 παρουσίας

283 1607 508 1685 γίνεται,
579 1611 692 1684 θείᾳ
747 1611 990 1688 ἐπιπνοίᾳ
1057 1617 1146 1673 καὶ
1215 1607 1550 1697 ἐπιφοιτήσει
1619 1607 1731 1674 τοῦ
1781 1617 1934 1696 ἁγίου

284 1698 616 1774 Πνεῦματος.

366 1795 480 1847 AX.
513 1787 681 1847 Ἀλλὰ
709 1789 794 1848 διὰ
821 1792 871 1848 τί
925 1791 1127 1869 μᾶλλον
1184 1796 1213 1851 6
1253 1797 1478 1876 Χριστὸς
1519 1796 1622 1852 ὑπὸ
1663 1798 1742 1872 τῴ
1798 1793 1930 1853 εἴδει

2019 1093 2152 1155 qua:
2180 1077 2286 1139 Dei
2316 1077 2534 1140 auxilio
2566 1079 2911 1158 protegitur,
2948 1075 3198 1156 ejusque
3220 1074 3392 1154 jussu
3425 1070 3484 1132 id
3507 1088 3664 1150 prae-

2020 1172 2176 1228 stare
2218 1169 2468 1247 cogitur,
2519 1166 2600 1228 ita
2643 1165 2871 1228 locutus
2901 1171 2992 1226 est
3017 1164 3177 1226 Deus
3210 1180 3224 1225 :
3261 1162 3387 1224 Hoc
3413 1167 3502 1222 est
3527 1177 3666 1222 cor-

2016 1271 2130 1334 pus
2182 1274 2403 1319 meum.
2450 1255 2557 1318 Et:
2589 1257 2701 1318 Hic
2742 1263 2829 1318 est
2876 1256 3135 1336 sanguis
3181 1270 3368 1315 meus.
3404 1248 3507 1312 Et:
3536 1247 3666 1336 Hoc

2017 1345 2205 1421 facite
2233 1346 2298 1408 in
2325 1363 2523 1408 meam
2554 1335 3210 1408 commemorationem.
3241 1339 3426 1422 quue
3449 1335 3665 1402 Omni-

2017 1433 2274 1512 potentis
2305 1434 2578 1498 mandato
2609 1453 2796 1515 usque
2825 1433 2899 1495 ad
2925 1433 3054 1513 ejus
3079 1431 3407 1494 secundum
3431 1427 3658 1489 adven-

2018 1529 2142 1584 tum
2186 1524 2270 1599 ﬁt,
2325 1523 2524 1586 divina
2570 1522 2960 1605 inspiratione
3009 1529 3067 1582 et
3115 1538 3357 1583 accessu
3407 1515 3662 1599 Spiritus

2014 1612 2230 1676 sancti.

2094 1789 2265 1855 ACH.
2299 1790 2415 1855 Sed
2435 1809 2619 1874 quare
2635 1790 2904 1855 Christus
2925 1791 3035 1854 sub
3061 1789 3265 1872 specie
3288 1785 3483 1870 panis,
3509 1783 3656 1874 vini,

285 1873 442 1955 ἄρτου
469 1880 556 1936 καὶ
587 1887 678 1937 τοῦ
724 1881 894 1962 οἴνου,
939 1885 1028 1941 καὶ
1067 1882 1276 1959 ὕδατος,
1331 1892 1425 1943 τοῦ
1479 1885 1732 1960 σώματος
1774 1887 1919 1946 αὖτοί

2013 1886 2072 1942 et
2093 1897 2263 1962 aqua
2279 1868 2544 1944 abditum
2569 1900 2743 1944 suum
2766 1898 2983 1962 corpus
3006 1889 3064 1943 et
3083 1868 3434 1958 sanguinem
3461 1873 3657 1955 potius

283 1968 644 2046 κεκρυμμένου
672 1972 760 2027 καί
787 1979 880 2029 τοῦ
910 1971 1165 2050 αἵματος,
1224 1971 1651 2052 μεταλαμϐάνειν
1681 1973 1926 2054 παρέδω-

281 2075 395 2130 κεν,
430 2056 466 2125 ἢ
510 2059 612 2116 ὑπὸ
641 2058 780 2137 ἄλλῃ
807 2060 910 2139 ὕλῃ
947 2081 963 2142 ;

360 2152 473 2208 ΣΑ.
507 2151 606 2207 Καὶ
636 2147 740 2218 ἤδη
771 2149 966 2231 εἴρηκα
995 2153 1115 2233 περὶ
1169 2153 1379 2229 τούτου,
1431 2155 1517 2210 καὶ
1565 2153 1724 2216 πάλιν
1766 2151 1922 2221 λέξω,

277 2241 411 2294 Θεοῦ
480 2236 865 2316 συγκαταϐάσει
923 2243 1011 2298 καὶ
1080 2242 1267 2323 ἀφάτῳ
1321 2243 1558 2324 προνοίᾳ,
1617 2242 1799 2324 ἀφέσει
1867 2265 1925 2300 τε

274 2326 365 2380 καὶ
408 2323 618 2392 ἀξιώσει
663 2331 735 2394 εἰς
795 2332 938 2407 ἡμᾶς
1011 2331 1154 2389 τουτ’
1225 2332 1458 2412 ἐγένετο,
1531 2323 1622 2390 ’ίνα
1664 2323 1783 2398 τοῖς
1826 2335 1926 2400 τῆς

275 2414 482 2493 φύσεως
523 2419 819 2499 συνήθεσιν,
881 2422 954 2484 εἰς
1025 2424 1086 2478 τὸ
1144 2436 1335 2504 φαγεῖν
1391 2425 1479 2479 καὶ
1535 2436 1682 2479 πιεῖν
1749 2421 1928 2480 διαπε-

276 2510 476 2594 ρῷμεν,
551 2508 638 2563 καὶ
694 2508 1072 2590 ἆναφερώμεθα
1134 2513 1208 2576 εἰς
1259 2513 1324 2568 τὰ
1376 2513 1506 2592 ὑπὲρ
1555 2513 1729 2594 φύσιν,
1789 2515 1927 2593 φημὶ

275 2590 344 2648 δι’
375 2595 450 2658 εἰς
480 2595 545 2652 τὰ
571 2600 690 2654 θεῖα
721 2601 1006 2679 μυστήρια.
1041 2598 1192 2659 Ἀλλ’
1224 2601 1313 2660 οὗν
1343 2601 1396 2658 ἐν
1439 2590 1579 2659 πᾶσι*
1598 2615 1716 2665 τοῖς
1745 2590 1925 2668 ἄλλοις

275 2682 550 2760 βρώμασιν
583 2688 612 2743 6
643 2683 798 2766 ἄρτος
841 2689 940 2757 τὴν
994 2691 1212 2771 πρώτην
1270 2690 1463 2772 εἴληφε
1504 2691 1670 2766 τάξιν,
1729 2692 1926 2768 ὁμοίως

275 2773 363 2828 καὶ
411 2771 468 2829 ἐν
499 2787 616 2840 τοτς
661 2791 848 2842 ποτοῖς
904 2781 966 2836 τὸ
1005 2778 1142 2860 ὕδωρ
1197 2783 1285 2838 καὶ
1341 2784 1369 2838 6
1416 2771 1570 2844 οἶνος
1601 2783 1920 2862 προτερεύει.

275 2862 493 2951 Ιξόύτοις
563 2865 757 2942 τοίνυν,
829 2869 908 2944 τῷ
975 2868 1118 2950 ἂίρτῳ
1184 2871 1323 2951 φημὶ
1376 2873 1463 2928 καὶ
1514 2873 1592 2946 τῷ
1646 2869 1780 2944 οἴνῳ
1837 2874 1925 2929 καὶ

273 2947 422 3041 ὕδατι
474 2954 613 3030 ἡμῖν
668 2956 916 3015 ἐθισθεῖσι
977 2947 1219 3031 συζεύξας
1271 2963 1300 3016 6
1370 2961 1558 3041 Κύριος
1606 2961 1704 3028 τὴν
1767 2964 1925 3023 αὐτοῦ

270 3040 522 3120 θεότητα,
556 3051 625 3121 τῇ
653 3043 866 3123 δυνάμει
923 3055 1017 3107 τοῦ
1073 3051 1311 3128 ῥήματος
1370 3040 1546 3131 αὐτοῦ,
1594 3054 1632 3128 ᾗ
1659 3051 1723 3106 τὰ
1751 3051 1922 3108 πάντα

2010 1986 2292 2034 assumen
2323 1970 2463 2033 dum
2495 1971 2762 2048 tradidit,
2783 1988 2958 2052 quam
2990 1969 3104 2031 sub
3132 1968 3250 2031 alia
3280 1963 3577 2028 materia?

2086 2151 2262 2214 SAM.
2294 2151 2380 2214 De
2411 2151 2524 2213 hoc
2554 2149 2832 2232 superius
2861 2148 3006 2226 dixi,
3025 2165 3230 2210 rursus
3250 2153 3427 2208 etiam
3450 2143 3649 2204 dtctu-

2006 2256 2130 2302 rus.
2162 2240 2521 2304 Demittente
2561 2240 2717 2302 enim
2757 2258 2822 2302 se
2854 2242 2999 2317 Deo,
3034 2254 3257 2319 perque
3290 2234 3478 2316 ipsius
3506 2232 3646 2294 ine-

2008 2329 2370 2394 narrabilem
2400 2329 2856 2411 providentiam,
2883 2325 3406 2396 condonationem,
3433 2330 3493 2385 et
3515 2340 3657 2400 erga

2009 2439 2120 2482 nos
2144 2419 2580 2500 dignationem,
2611 2421 2827 2482 factum
2864 2425 2972 2494 est,
3008 2424 3071 2479 ut
3093 2434 3198 2498 per
3231 2433 3302 2477 ea
3328 2432 3461 2495 quae
3483 2411 3656 2474 nobis

2007 2527 2117 2572 usu
2165 2509 2241 2571 ad
2296 2509 2593 2580 edendum
2652 2516 2712 2570 et
2757 2507 3086 2570 bibendum
3131 2502 3446 2568 familiaria
3489 2508 3652 2582 sunt,

2008 2606 2402 2680 transeamus,
2451 2607 2510 2661 et
2560 2597 2634 2660 ad
2687 2617 2758 2660 ea
2799 2596 3182 2660 sustollamur
3224 2612 3357 2676 qua;
3388 2600 3653 2655 nostram

2008 2697 2370 2771 exsuperant
2403 2695 2695 2768 naturam,
2728 2687 2787 2749 id
2821 2695 2933 2761 est,
2981 2685 3055 2748 ad
3113 2684 3392 2765 mysteria
3427 2682 3647 2744 divina.

2008 2776 2342 2850 Quinetiam
2377 2779 2534 2840 inter
2557 2777 2707 2838 alios
2736 2795 2944 2838 amnes
2974 2775 3143 2837 cibos
3175 2773 3345 2854 panis
3373 2771 3488 2835 sibi
3525 2776 3654 2852 pri-

2007 2886 2168 2929 mum
2214 2868 2410 2930 locum
2453 2866 2792 2930 vindicavit.
2837 2865 3050 2928 Itidem
3084 2874 3143 2926 et
3176 2866 3332 2926 inter
3377 2861 3654 2942 potiones

2005 2973 2156 3039 aqua
2198 2965 2258 3020 et
2292 2957 2493 3018 vinum
2542 2955 2766 3032 primas
2817 2962 3042 3020 tenent.
3090 2953 3435 3035 Hicigitur,
3477 2968 3651 3032 pane,

2002 3045 2270 3127 inquam,
2318 3045 2457 3107 vino
2489 3053 2548 3107 et
2576 3064 2728 3126 aqua
2759 3044 2930 3110 nobis
2959 3043 3330 3117 assuefactis,
3361 3040 3652 3103 Dominus

270 3129 332 3239 ἐκ
359 3133 454 3188 τοῦ
481 3133 560 3209 μὴ
590 3134 739 3201 ὄντος
783 3139 857 3203 εἰς
913 3140 976 3195 τὸ
1023 3139 1165 3196 εἶναι
1215 3129 1549 3220 παρήγαγεν,
1585 3142 1664 3239 εἰς
1685 3142 1745 3196 τὸ
1788 3139 1919 3199 ἴδιον

2008 3136 2322 3237 conjuncta
2363 3153 2471 3197 sua
2518 3134 2848 3239 divinitate,
2899 3131 3259 3239 virtutesui
3293 3131 3498 3209 Verbi,
3525 3147 3654 3232 .qua

269 3219 429 3310 αὐτοῦ
469 3229 624 3300 σῶμα
682 3227 772 3282 καὶ
831 3230 972 3304 αἷμα
1031 3230 1162 3289 αὐτὰ
1221 3219 1568 3306 μεταϐάλλει.
1637 3219 1818 3310 1Ἄρτος
1874 3229 1921 3287 δ’

270 3305 419 3382 ὅμως
473 3313 560 3369 καὶ
628 3315 780 3380 οἶνος
835 3305 1264 3398 παραλαϐάνεται
1323 3320 1412 3376 καὶ
1477 3305 1737 3400 φαίνεταί,
1823 3322 1922 3380 Καὶ

271 3405 429 3488 τοῦτο
511 3409 586 3476 τῷ
659 3406 979 3482 οἰκονομικῷ
1059 3409 1241 3488 τρόπῷ
1324 3410 1412 3465 καὶ
1483 3406 1920 3488 συγκαταϐατικῇ

273 3481 476 3580 ξωρεᾷ,
500 3489 801 3563 ἆπαιρεϊται
1041 3481 1142 3566 τῆν
1198 3481 1406 3578 ῲρίκην·
1448 3501 1537 3555 καὶ
1565 3481 1680 3556 *τὸν
1729 3481 1916 3580 φάϐονζ

272 3574 332 3669 θν
389 3578 684 3669 φρίττοντες
733 3587 1056 3666 κατείχομεν
1114 3574 1309 3662 ἂν,τί
1375 3588 1476 3656 τὴν
1523 3589 1681 3645 αὐτοῦ
1743 3574 1918 3669 ⁷σάρκαὶ

267 3663 323 3754 έν
352 3673 430 3754 τῷ
479 3668 642 3738 αὐτῆς
672 3670 783 3748 ἰδίῳ
839 3663 970 3732 εἴδει
1014 3677 1103 3733 καὶ
1145 3679 1205 3733 τὸ
1261 3681 1401 3752 αἷμα
1457 3676 1730 3734 ἐκέλευσεν
1772 3663 1916 3754 ἡμᾶς

262 3749 574 3847 λαμϐάνειν.
648 3764 786 3841 Πρὸς
855 3764 1062 3828 τούτοις
1122 3763 1202 3844 δὲ,
1259 3749 1347 3823 καί
1401 3767 1468 3826 τὰ
1523 3764 1721 3847 ἔκφυλα
1785 3749 1915 3846 γένη

257 3842 414 3935 ᾗμῷν
470 3847 817 3930 σαρκοϐορίαν
890 3842 1231 3933 κατέγνωσαν
1302 3854 1390 3930 ἂν,
1471 3842 1695 3935 λέγοντα
1764 3842 1913 3924 δίκην

253 3933 450 4024 θηρίων
507 3938 654 4014 ἡμᾶς
712 3943 1027 4016 αἱμοποτεϊν
1084 3945 1171 4000 καὶ
1221 3933 1556 4024 ὠμοϐορεϊν,
1597 3946 1630 4001 ἃ
1687 3944 1772 4005 διὰ
1812 3947 1912 4015 τὴν

254 4023 526 4102 ἀπιστίαν,
560 4029 718 4110 ἄρτον
753 4034 916 4109 μόνον
975 4037 1062 4092 καὶ
1118 4036 1267 4095 οἶνον
1324 4023 1533 4116 ὥρῶσιν
1567 4057 1582 4074 ο
1637 4041 1685 4094 οἱ
1740 4036 1795 4096 δὲ
1823 4061 1911 4096 πι-

254 4116 371 4208 στοὶ
399 4122 555 4193 σῶμα
592 4130 686 4208 τοῦ
728 4129 955 4201 Χριστοῦ
983 4127 1071 4182 καὶ
1098 4129 1240 4202 αἷμα
1270 4127 1330 4182 τὸ
1377 4126 1438 4182 ἐκ
1485 4132 1583 4194 τῆς
1642 4127 1910 4208 ἄχραντου

253 4203 520 4282 χεόμενον
591 4207 820 4290 πλευρᾶς
853 4228 868 4243 ⁰
930 4212 1109 4293 ὥσπερ
1164 4217 1252 4271 καὶ
1308 4215 1363 4272 ἐν
1433 4223 1510 4292 τῷ
1559 4225 1652 4275 τοῦ
1681 4203 1908 4294 Πβαπτί·

251 4314 456 4387 σματος
540 4295 803 4379 λουτηρίῳ
869 4305 916 4358 οἱ
999 4303 1215 4376 ἀπιστίᾳ
1307 4306 1688 4386 κατεχόμενοι,
1771 4305 1907 4387 ὕδωρ

249 4382 414 4488 μένον
439 4383 539 4491 ἐπὶ*
567 4393 667 4488 τῆς
715 4389 1084 4491 κολυμϐήθρας
1141 4396 1332 4472 ὁρῶσιν
1367 4414 1379 4427 ·
1499 4393 1583 4491 ρ’δὲ
1638 4397 1814 4452 πιστοὶ
1844 4382 1906 4453 τί)

2003 3226 2205 3287 omnia
2234 3232 2297 3288 ut
2324 3235 2524 3288 essent
2553 3242 2626 3286 ex
2657 3223 2845 3286 nihilo
2895 3222 3192 3305 produxit,
3243 3222 3304 3284 in
3341 3220 3647 3303 proprium

2001 3333 2172 3376 suum
2204 3332 2422 3395 corpus
2445 3322 2504 3376 et
2530 3313 2883 3393 sanguinem
2913 3331 2984 3375 ea
3014 3311 3316 3376 transfert.
3338 3313 3650 3374 Verumta-

2002 3422 2138 3465 men
2162 3403 2333 3485 panis
2363 3412 2422 3466 et
2449 3403 2647 3465 vinum
2680 3409 3088 3478 assumuntur,
3123 3409 3184 3463 et
3213 3407 3520 3482 apperent.
3553 3397 3648 3460 Id-

2001 3511 2116 3573 que
2149 3491 2428 3574 prudenti
2448 3491 2891 3573 dispensatione
2907 3510 2975 3553 ac
2999 3490 3250 3572 gratuita
3279 3489 3647 3552 demissione

2001 3583 2096 3643 sui
2145 3581 2218 3644 ad
2263 3593 2497 3662 captum
2550 3590 2841 3655 nostrum,
2875 3581 3028 3643 tollit
3055 3599 3088 3642 a
3119 3579 3290 3642 nobis
3333 3579 3644 3641 horrorem

2000 3679 2177 3752 atque
2209 3679 2431 3732 metum
2462 3671 2564 3751 qui
2594 3669 2862 3732 deterriti
2911 3669 2984 3732 ab
3016 3688 3084 3732 eo
3113 3669 3564 3743 resiliissemus,
3597 3665 3649 3728 si

2001 3779 2243 3822 carnem
2273 3778 2439 3822 suam
2473 3762 2533 3822 in
2557 3778 2663 3821 sua
2693 3759 2930 3841 propria
2959 3759 3184 3840 specie,
3205 3769 3261 3821 et
3291 3758 3642 3838 sanguinem

1987 3841 2266 3931 jussisset
2321 3869 2432 3912 nos
2488 3868 2818 3912 assumere.
2863 3849 3105 3925 Adhzec,
3142 3858 3361 3912 exterae
3407 3865 3644 3930 quoque

1997 3940 2272 4003 nationes
2303 3940 2804 4003 condemnassent
2831 3958 2941 4000 nos
2958 3938 3278 4001 voricitalis
3299 3939 3497 4001 carnis
3527 3941 3642 4000 hu-

1997 4049 2210 4107 manm,
2237 4030 2531 4110 dicentes,
2552 4048 2662 4092 nos
2693 4047 2862 4093 more
2893 4029 3152 4091 ferarum
3186 4029 3535 4108 sanguinem
3559 4027 3647 4091 bi-

1994 4118 2159 4196 bere,
2186 4129 2244 4183 et
2268 4119 2512 4182 crudam
2536 4137 2776 4182 carnem
2799 4136 3006 4182 vorare
3040 4137 3055 4182 :
3091 4137 3224 4200 quae
3249 4131 3500 4200 propter
3541 4117 3641 4180 in-

1993 4209 2407 4272 credulitatem
2449 4209 2642 4272 solum
2687 4227 2898 4289 panem
2948 4215 3007 4270 et
3047 4209 3248 4270 vinum
3281 4207 3634 4271 intuentur:

1991 4299 2097 4362 sed
2120 4299 2330 4362 ﬁdeles
2359 4317 2580 4380 corpus
2609 4297 2826 4362 Christi
2854 4309 2912 4362 et
2942 4299 3295 4377 sanguinem
3329 4317 3398 4359 ex
3430 4297 3640 4360 incon-

1989 4388 2270 4451 taminato
2315 4389 2442 4469 ejus
2487 4388 2670 4450 latere
2714 4391 2988 4451 effusum.
3031 4387 3545 4462 Quemadmodum
3579 4397 3641 4452 et

249 4467 312 4488 ης
629 4477 654 4488 υ
961 4467 1001 4497 _'
1174 4467 1183 4472 '
1292 4489 1317 4499 η
1499 4467 1524 4491 θ’

246 4483 388 4563 μὸωρ
457 4477 543 4531 καὶ
585 4496 686 4558 πυρ
727 4481 817 4536 καὶ
858 4502 1066 4557 πνευμα
1120 4487 1435 4562 καθορωσιν.
1516 4494 1654 4542 Οταν
1717 4483 1773 4541 δὲ
1817 4486 1904 4542 καὶ

2001 4479 2048 4539 in
2081 4479 2315 4540 lavacro
2348 4467 2723 4559 ibaptimatis.
2780 4477 2880 4559 qui
2933 4486 3068 4540 sunt
3115 4475 3416 4551 inﬁdeles,
3451 4477 3634 4539 solam

246 4558 448 4654 ἐκεῖνοι
495 4564 720 4654 μέτοχοι
765 4569 1025 4647 γένωνται
1070 4580 1163 4630 τοῦ
1216 4558 1605 4654 βαπτίσματος,
1652 4574 1771 4631 τότε
1815 4577 1906 4632 καὶ

2001 4587 2203 4650 aquam
2245 4568 2306 4629 in
2351 4558 2582 4647 piscina
2627 4558 2865 4631 vident:
2895 4567 3103 4630 ﬁdeles
3139 4574 3360 4646 autem,
3395 4584 3631 4646 nquam.

245 4650 410 4743 at’noi
443 4654 512 4743 _'c6
567 4652 778 4730 βέϐαιον
840 4657 902 4715 ἐκ
955 4667 1046 4718 τοῦ
1069 4733 1094 4743 Δ
1117 4663 1366 4730 αἰσθητοῦ
1407 4650 1733 4739 λαμϐάνουσι
1773 4665 1906 4743 πρὸς

2001 4658 2212 4738 ignem,
2247 4667 2308 4722 et
2337 4656 2624 4738 Spiritum
2655 4657 2994 4737 contempla
3025 4675 3117 4718 ur.
3163 4660 3308 4721 Cum
3355 4674 3497 4718 vero
3545 4655 3632 4717 illi

241 4739 348 4830 τῂν
389 4740 614 4820 ἀόρατον
643 4744 1015 4826 ἀναγέννησιν.
1068 4733 1247 4826 Ὥστε,
1293 4751 1348 4808 εἴ
1403 4733 1490 4817 τις
1535 4752 1678 4810 ἐστιν
1733 4751 1788 4808 ἐν
1817 4733 1906 4829 ’τῷ

2001 4733 2168 4809 etiam
2209 4733 2528 4829 partiEipes
2570 4733 2942 4830 baptismatis
2973 4746 3192 4808 fuerint
3231 4746 3453 4819 eﬂ'ecti,
3491 4752 3635 4807 tunc

239 4826 391 4921 ῦδατι
421 4831 603 4911 χάρις,
655 4836 752 4892 οὒκ
779 4835 840 4894 ἐκ
879 4840 980 4906 τῆς
1021 4840 1228 4921 φύσεώς
1260 4839 1368 4898 ἐστι
1412 4851 1504 4901 τοῦ
1530 4840 1740 4917 ὕδατος,
1771 4826 1894 4900 ἀλλἰ

2001 4837 2102 4918 ipsi
2145 4826 2380 4918 qnopue
2424 4826 2776 4899 ﬁrmitatem
2815 4855 2885 4898 ac
2921 4835 3106 4898 robur
3157 4854 3192 4897 a
3236 4853 3302 4897 re
3353 4835 3634 4898 sensibus

239 4916 304 4974 ἐκ
328 4923 427 4987 τῆς
457 4927 550 4979 τοῦ
583 4925 886 5000 Πνεύματος
915 4916 1224 5009 παρουσίας.
1725 4916 1731 4917 7

2001 4916 2279 5008 terceptai
2301 4934 2545 4988 sumunt
2571 4926 2642 4989 ad
2675 4925 3033 4988 invisibilem
3085 4924 3630 5002 regenerationem.

1971 5015 2180 5098 Itaque
2209 5014 2260 5077 si
2290 5033 2406 5097 qua
2437 5023 2527 5077 est
2553 5017 2740 5096 gratia
2764 5015 2825 5077 in
2855 5032 3030 5097 aqua,
3079 5032 3198 5075 non
3240 5021 3330 5076 est
3372 5031 3441 5077 ex
3464 5032 3633 5096 aqua:

1971 5113 2204 5180 natura,
2239 5105 2344 5168 sed
2367 5104 2628 5168 adventu
2659 5103 2918 5187 Spiritus
2948 5103 3164 5166 sancti.

470 5189 742 5272 Πρόδηλον
782 5192 864 5252 ὅτι
894 5195 1066 5253 πάντα
1121 5197 1318 5278 τρόπον
1372 5197 1550 5263 καλῶς
1608 5200 1885 5279 κηρύττεις

2061 5195 2239 5261 ACH.
2270 5194 2403 5258 Non
2439 5194 2688 5258 dubium
2735 5205 2852 5272 est,
2911 5195 3056 5278 quin
3103 5193 3384 5256 omnibus
3434 5193 3632 5256 modis

229 5279 323 5334 καὶ
353 5277 599 5361 διεξέρχῃ
645 5283 710 5338 τὰ
761 5289 859 5352 τῆς
917 5277 1165 5351 πίττεωςί
1201 5296 1294 5348 τοῦ
1351 5295 1578 5368 Χριστοῦ
1606 5277 1894 5369 μυστήρια.

229 5369 360 5444 Περὶ
403 5371 587 5428 τούτου
651 5370 707 5428 δὲ
764 5373 1082 5453 ἀπορήσειεν
1140 5375 1202 5435 ἄν
1258 5399 1363 5454 τις,
1427 5379 1542 5442 πῶς
1601 5392 1682 5442 ετς
1739 5377 1813 5435 ὢν
1869 5381 1897 5436 6

226 5457 362 5548 Θεὸς
407 5460 494 5516 καί
550 5461 612 5516 τὸ
666 5467 824 5538 σῶμα
879 5470 971 5521 τοῦ
1015 5472 1242 5545 Χριστοῦ
1295 5467 1372 5541 ἓν,
1438 5468 1512 5532 εἰς
1565 5467 1896 5548 ἀναρίθμητοι

220 5545 454 5623 σώματα
509 5550 598 5605 καὶ
663 5549 800 5630 μέρη
865 5551 1177 5634 διαιρεῖται.
1261 5554 1461 5614 [Ιολλοί
1535 5557 1603 5614 τὰ
1656 5545 1894 5637 διαιρού-

303 5705 359 5750 ¹²
385 5704 538 5770 Gen.
572 5724 616 5790 ι,
652 5712 750 5774 tt.

1981 5294 2145 5350 recte
2170 5285 2462 5367 praedices
2509 5293 2566 5347 et
2609 5303 2928 5348 recenseas
2971 5284 3249 5368 mysteria
3281 5283 3418 5348 ﬁdei
3449 5282 3628 5349 Chri-

1979 5377 2209 5440 stianae.
2241 5374 2463 5439 Verum
2496 5375 2570 5438 de
2600 5375 2708 5438 hac
2755 5394 2822 5439 re
2866 5375 3175 5456 ambigere
3223 5375 3356 5457 quis
3405 5381 3627 5456 posset,

1978 5487 2096 5550 quo
2137 5474 2311 5546 pacto
2362 5484 2496 5527 cum
2555 5465 2631 5527 sit
2677 5485 2830 5528 unus
2879 5467 3038 5530 Deus
3088 5472 3148 5526 et
3194 5482 3378 5526 unum
3411 5481 3630 5545 corpus

1979 5554 2228 5632 Chsisti,
2273 5555 2334 5617 in
2383 5553 2618 5620 inﬁnita
2653 5573 2906 5639 corpora
2954 5561 3014 5617 et
3057 5563 3258 5635 partes
3309 5552 3630 5618 dividatur.
