4176 6370
501 407 613 474 831

1388 410 1716 475 8ΑΜΟΝι⁴Ε
1756 407 2133 476 GAZENSIS
2179 410 2279 473 DE
2323 407 2656 485 SACRAM.
2704 410 3038 474 ALTARIS

3774 395 3901 466 832

495 540 657 604 Multi
688 551 823 605 sunt
852 560 992 621 ergo
1021 542 1241 606 Christi
1276 560 1407 623 quae
1442 541 1810 616 dividuntur,
1843 561 1919 604 an
1949 561 2101 605 unus
2117 545 2174 606 ?.

2241 564 2367 601 ιενα
2396 543 2497 622 ἄρα
2528 546 2746 623 Χριστοί
2773 546 2926 617 εἰσιν,
2961 543 2996 612 ἢ
3028 546 3135 618 εἷς,
3166 542 3204 612 ἢ
3263 542 3316 599 ἐν
3362 542 3573 616 ἑκάστῳ
3602 539 3749 620 μέρει
3778 541 3888 611 εἷς,

495 633 686 695 autin
718 633 971 713 singulis
1016 632 1281 716 partibus
1332 649 1487 695 unus
1535 642 1597 695 et
1644 631 1805 694 idem
1864 632 2061 696 salvus
2093 642 2153 696 et

497 721 729 801 integer
756 721 789 782 ?

578 811 753 874 SAM.
780 810 885 873 His
907 812 1191 893 exemplis
1210 830 1342 893 qua:
1360 811 1469 874 sub
1493 830 1732 875 sensum
1758 819 1815 875 et
1838 814 2148 876 materiam

498 900 744 975 cadunt,
779 900 1150 963 declaramus
1172 919 1241 963 ea
1264 920 1394 981 quae
1426 910 1629 964 carent
1655 902 1922 977 materia,
1940 912 1998 965 et
2018 922 2149 983 qua:

497 1007 676 1070 supra
705 997 973 1052 naturam
1006 998 1166 1053 sunt.
1201 990 1421 1053 Audiat
1468 990 1649 1070 igitur
1695 992 1989 1073 quispiam
2036 996 2150 1057 hoc

498 1079 860 1160 exemplum,
901 1088 961 1141 et
992 1078 1283 1158 intelligat
1313 1080 1427 1141 vim
1474 1080 1640 1143 verbi
1681 1101 1812 1163 quae
1844 1082 1904 1143 in
1937 1101 2007 1144 eo
2038 1083 2149 1144 ab-

504 1167 627 1229 dita
654 1175 766 1231 est.
791 1171 1085 1231 Ponamus
1124 1169 1204 1230 ita
1228 1188 1396 1231 esse:
1423 1169 1723 1251 Quispiam
1756 1170 1984 1233 habens
2013 1191 2148 1254 spe-

505 1258 703 1321 culum
727 1257 905 1320 allisit
937 1266 1132 1340 terrae,
1152 1267 1207 1320 et
1232 1259 1292 1321 in
1317 1260 1502 1321 multa
1536 1260 1865 1339 fragmenta
1894 1263 2148 1323 commi-

504 1346 657 1420 nuit,
709 1348 769 1408 iu
821 1347 1072 1428 singulis
1121 1359 1319 1410 tamen
1366 1349 1714 1429 fragmentis
1754 1350 2025 1412 umbram
2061 1351 2150 1412 sui

2231 633 2320 689 καὶ
2349 635 2377 690 ὁ
2410 635 2566 697 αὐτὸς
2599 640 2738 700 σῶος
2766 636 2856 692 καὶ
2886 631 3184 713 ὁλάκληρος
3219 651 3237 714 ;

2312 819 2423 868 EA.
2485 810 2580 871 Ἐκ
2634 821 2741 871 τῶν
2798 814 3061 880 αἰσθῆτῶν
3118 814 3207 869 καὶ
3259 810 3453 868 ὑλιτῶν
3519 807 3893 890 παραδειγμάο

2229 923 2337 957 των
2405 903 2472 957 τα
2529 900 2661 959 ἄῦλα
2730 904 2819 960 καὶ
2888 903 2955 959 τα
3036 902 3167 981 ὑπὲρ
3242 901 3396 981 φύσιν
3449 897 3888 974 ἀποδεικνῦομεν.

2230 989 2498 1047 Ἀκουέτω
2577 992 2748 1050 τοίνυν
2825 992 3011 1049 τούτου
3080 997 3173 1047 τοῦ
3267 987 3719 1069 παραδείγματος,
3799 988 3892 1043 καὶ

2231 1079 2417 1136 νοείτω
2479 1081 2579 1148 τὴν
2636 1080 2690 1135 ἐν
2747 1081 2889 1155 αὐτῷ
2948 1077 3382 1159 ἐγκεκρυμμένην
3446 1085 3539 1134 τοῦ
3590 1076 3754 1156 λόγου
3806 1072 3893 1131 δύ-

2232 1189 2411 1244 ναμιν.
2475 1170 2662 1226 Θετὲον
2697 1185 2710 1198 ⁶
2777 1168 3083 1248 Κάτοπτρόν
3126 1190 3207 1232 τις
3256 1168 3509 1247 ἐσχηκὼς
3557 1162 3889 1245 προσούδισε,

2232 1258 2321 1313 καὶ
2377 1259 2450 1321 είς
2492 1258 2668 1315 πολλὰ
2709 1257 2991 1334 κλάσματα
3048 1256 3370 1323 καςέκλκσεν
3408 1303 3419 1315 .
3480 1255 3536 1311 ἐν
3592 1255 3800 1329 ἑκάστῳ
3842 1251 3888 1309 δ’

2235 1344 2382 1422 ὅμως
2439 1346 2702 1424 κλάοματι
2758 1350 2857 1415 τὴν
2923 1347 3074 1404 σκιὰν
3132 1347 3277 1403 σώαν
3326 1369 3407 1411 τις
3453 1346 3641 1422 ὄψεται
3675 1360 3688 1373 ⁸
3752 1343 3893 1401 οὕτω

507 1436 725 1498 salvam
776 1436 911 1519 quis
956 1438 1165 1500 videre
1212 1439 1549 1520 possit:sic
1579 1439 1870 1519 intelligat
1925 1449 2157 1522 oportet

2241 1437 2427 1505 νοήσαι
2487 1437 2550 1493 ἄν
2618 1459 2699 1501 τις
2753 1438 2842 1494 καὶ
2896 1435 2957 1493 ἐκ
3011 1437 3211 1504 ταύτης
3267 1441 3367 1503 τῆς
3424 1442 3603 1509 σκιᾶς,
3649 1434 3747 1501 τὴν
3797 1438 3893 1489 τοῦ

502 1545 575 1587 ex
604 1527 715 1588 hac
736 1526 969 1603 umbra,
1003 1546 1246 1589 carnem
1279 1527 1500 1590 Christi
1549 1547 1681 1591 esse
1724 1529 1949 1591 salvam
1980 1539 2157 1611 atque

2241 1532 2462 1604 Χριστοῦ
2490 1526 2659 1606 σάρκα
2702 1528 2845 1583 εἶναι
2901 1527 3044 1582 σώαν
3100 1527 3189 1581 καὶ
3232 1523 3528 1604 ὁλόκληρον
3584 1523 3639 1580 ἐν
3683 1523 3894 1596 ἑκάστῳ

502 1622 800 1695 integram
818 1615 880 1677 in
898 1635 1259 1699 unoquoque
1273 1618 1843 1700 frusto,quocunque
1861 1630 1974 1681 tem
1985 1639 2151 1701 pore,

504 1705 763 1785 quoties,
805 1713 864 1766 et
909 1705 1250 1788 ubicunque
1297 1707 1608 1786 frangitur.
1656 1709 2007 1790 ltus-Susque
2050 1710 2155 1771 tibi

2239 1612 2525 1695 κλάσματι,
2598 1613 2715 1672 καθ’
2785 1615 2926 1694 ὥραν
3011 1616 3100 1670 καὶ
3182 1616 3368 1678 ὁσάκις
3442 1616 3532 1671 καὶ
3610 1619 3894 1691 πανταχοῦ

2236 1701 2517 1778 κλωμένῳ,
2566 1705 2664 1762 Καὶ
2733 1705 2878 1769 αὖθις
2938 1700 3069 1759 λάϐε
3126 1704 3212 1759 καὶ
3268 1702 3445 1783 ἕτερον
3504 1699 3840 1782 παράδειγμα
3873 1718 3887 1731 ⁸

504 1792 661 1854 aliud
693 1794 1030 1875 exemplum
1061 1794 1520 1859 assume.0mne
1543 1795 1784 1858 verbum
1800 1789 1955 1878 quod
1977 1798 2153 1861 homo

2241 1798 2347 1847 Πᾶν
2404 1793 2432 1849 ὃ
2487 1814 2537 1848 τι
2596 1789 2867 1871 ἅνθρωπος
2910 1795 3057 1873 ῥημα
3115 1791 3391 1873 προφέρων
3464 1790 3633 1870 λέγει,
3703 1791 3790 1846 καὶ
3864 1791 3893 1844 6

509 1881 865 1960 proferendo
897 1883 1142 1967 emittit,
1175 1894 1232 1948 ct
1276 1885 1376 1965 qui
1420 1885 1699 1966 loquitur,
1734 1885 1930 1966 ipsum
1960 1887 2149 1964 audit,

434 2000 441 2007 -
506 1977 684 2050 atque
707 1970 1002 2052 intelligit,
1032 1981 1089 2034 et
1110 1973 1211 2055 qui
1234 1973 1617 2036 circumstant
1646 1994 1659 2035 :
1692 1975 1815 2035 etsi
1840 1975 2156 2038 multisunt

507 2059 607 2140 qui
631 2060 894 2137 audiant,
924 2080 1041 2123 non
1068 2070 1263 2125 tamen
1288 2064 1565 2139 divisum,
1589 2064 2007 2144 sedintegrum
2042 2085 2151 2126 au-

506 2146 698 2210 diunt.
724 2148 947 2211 Eodem
984 2152 1159 2213 modo
1195 2154 1535 2234 ponendum
1552 2161 1716 2215 estet
1735 2155 2149 2217 aﬂirrnandum

504 2236 566 2297 in
594 2256 847 2318 corpore
868 2240 1107 2304 Christi.
1126 2241 1276 2304 Illud
1300 2243 1522 2305 Christi
1544 2253 1988 2306 sacrosanctum
2011 2263 2151 2308 cor-

505 2345 614 2406 pus
644 2328 914 2390 assidens
949 2331 1127 2413 l’atri,
1168 2334 1320 2413 apud
1362 2351 1495 2394 eum
1540 2342 1759 2396 manet.
1800 2334 1951 2406 Quin
1977 2334 2150 2396 etiam

510 2416 678 2496 panis
710 2429 1095 2482 consecratus
1126 2441 1230 2503 per
1258 2423 1631 2485 sacerdotem
1651 2422 1712 2483 in
1732 2439 1941 2486 verum
1973 2425 2148 2486 Chri-

504 2505 577 2566 sti
600 2525 816 2582 corpus
847 2511 1293 2573 transformatus
1319 2513 1582 2594 potentia
1604 2512 1801 2573 divina
1819 2532 1926 2594 per
1945 2532 2153 2575 acces-

504 2612 633 2655 sum
678 2600 1039 2661 sacrosancti
1081 2601 1358 2682 Spiritus,
1405 2602 1546 2663 licet
1586 2602 1910 2679 dividatur,
1954 2611 2155 2665 tamen

506 2683 801 2764 integrum
835 2695 894 2748 et
922 2690 1146 2751 salvum
1181 2692 1241 2751 in
1273 2709 1631 2772 unoquoque
1660 2692 1845 2753 frusto
1867 2700 2149 2754 servatur:

508 2780 567 2833 ut
591 2773 766 2835 etiam
809 2778 996 2839 oratio
1038 2780 1168 2858 ejus
1191 2781 1294 2861 qui
1317 2781 1597 2861 loquitur,
1620 2780 1898 2843 omnibus
1926 2781 2023 2862 qui
2046 2801 2154 2844 au-

508 2862 698 2934 diunt,
739 2864 991 2944 integra,
1024 2887 1137 2930 nec
1170 2869 1357 2931 divisa
1392 2870 1650 2932 auditur.
1674 2872 1753 2933 Ita
1787 2870 1845 2930 in
1868 2873 2157 2951 exemplis

509 2971 643 3040 quae
671 2953 781 3014 sub
820 2965 1126 3036 aspectum
1163 2966 1222 3019 ct
1251 2978 1492 3020 sensum
1532 2959 1768 3033 cadunt,
1821 2959 2156 3040 pervicaces

509 3039 881 3124 nimiumque
905 3046 1173 3109 curiosos
1193 3047 1265 3109 ad
1289 3048 1675 3128 intelligenda
1712 3039 1835 3111 Dei,
1858 3050 2152 3129 mysteria,

2235 1878 2402 1960 λέγων
2465 1895 2579 1939 νοεῖ
2635 1884 2763 1939 αὐτὸ
2821 1884 2910 1939 καὶ
2995 1882 3197 1951 ἀκούει,
3285 1883 3374 1938 καὶ
3444 1884 3491 1937 οἱ
3565 1878 3690 1959 παρ’
3749 1880 3894 1953 αῦτῷ

2236 1970 2533 2051 ἁκούουσιν,
2610 1973 2653 2027 εἰ
2709 1972 2797 2027 καὶ
2871 1969 3062 2028 πολλοί
3139 1971 3269 2026 εἰσιν
3348 1973 3395 2026 οἱ
3466 1970 3769 2047 ἀκούοντες,
3831 1969 3894 2025 οὗ

2236 2057 2579 2138 διῃρημένον,
2662 2057 2783 2116 ἀλλ’
2866 2059 3186 2138 ὁλόκληρον.
3279 2060 3380 2118 Τὸν
3458 2059 3615 2115 αὺτὸν
3696 2058 3891 2137 τρόπον

2233 2149 2407 2205 θετέον
2465 2151 2554 2206 καὶ
2609 2148 2695 2206 ἐπὶ
2746 2156 2838 2206 τοῦ
2909 2150 3159 2225 σώματος
3214 2155 3307 2205 τοῦ
3349 2155 3575 2227 Χριστοῦ
3608 2165 3622 2180 ⁸
3683 2150 3745 2204 τὸ
3798 2153 3893 2203 τοῦ

2235 2244 2458 2317 Χριστοῦ
2536 2238 2795 2315 πανάγιον
2877 2245 3059 2317 σῶμα,
3147 2237 3496 2313 καθεζόμενον
3588 2237 3733 2316 παρᾶ
3814 2240 3895 2311 τῷ

2236 2328 2423 2408 Πατρδ,
2497 2326 2642 2402 μένει
2702 2326 2754 2383 ἐν
2808 2328 2970 2403 αὐτῷ.
3034 2325 3200 2383 Ἀλλὰ
3248 2324 3313 2394 δη
3372 2329 3461 2383 καὶ
3514 2330 3543 2384 6
3600 2326 3886 2405 ἱερουργού.

2238 2439 2394 2492 μενος
2448 2416 2602 2496 ἄρτος
2651 2419 2724 2480 εἷς
2778 2418 2840 2473 τὸ
2887 2416 3081 2485 ἀληθὲς
3126 2425 3219 2475 τοῦ
3264 2424 3488 2497 Χριστοῦ
3544 2422 3700 2492 σῶμα
3729 2438 3891 2492 μετα-

2237 2503 2589 2581 ϐαλλόμενος,
2676 2504 2891 2581 δυνάμει
2978 2508 3091 2578 θείᾳ
3168 2503 3235 2561 δι’
3326 2505 3714 2587 ἐπιφοιτήσεως
3796 2512 3892 2562 τοῦ

2239 2597 2495 2673 παναγίου
2568 2595 2897 2670 Πνεύματος,
2956 2595 3145 2674 καίπερ
3218 2596 3505 2675 μερίζεται,
3579 2593 3697 2651 ἀλλ’
3758 2593 3888 2651 ὁλό-

2238 2676 2436 2765 κληρον
2479 2688 2567 2742 καὶ
2613 2692 2753 2743 σῶον
2809 2686 2864 2742 ἐν
2921 2686 3129 2761 ἑκάστῳ
3183 2684 3450 2761 κλάσματι
3509 2687 3754 2766 σώζεται,
3814 2687 3889 2749 ὡς

2238 2777 2327 2831 καὶ
2411 2778 2440 2832 6
2523 2774 2704 2855 λόγος,
2780 2784 2872 2834 τοῦ
2942 2773 3191 2853 λέγοντος
3270 2777 3401 2854 πρὸς
3485 2776 3687 2839 πάντας
3768 2777 3889 2842 τοὺς

2239 2866 2548 2939 ἀκούοντας,
2622 2863 2914 2944 ὁλόκληρος
2971 2866 3060 2921 καὶ
3116 2865 3175 2922 o3
3230 2862 3548 2943 διῃρημένος
3616 2866 3882 2927 ἀκούεται,

2240 2955 2391 3012 Οὕτω
2438 2952 2523 3011 διὰ
2570 2955 2677 3010 τῶν
2727 2957 2931 3032 ὁρατῶν
2985 2955 3074 3010 καὶ
3130 2955 3394 3021 αἰσθητῶν
3448 2950 3881 3031 παραδειγμάτων

2237 3046 2359 3109 τοῦς
2404 3045 2641 3108 ἀπειθεῖς
2695 3045 2783 3100 καὶ
2836 3042 3139 3122 περιέργους
3201 3045 3262 3100 τὸ
3310 3047 3628 3108 κατανοῆσαι
3673 3042 3739 3097 τὰ
3784 3049 3878 3098 τοῦ

507 3148 638 3210 qua;
679 3150 860 3213 supra
905 3144 1172 3197 naturam
1218 3140 1532 3211 rationem,
1576 3128 2054 3216 intelligentiam,
2099 3148 2156 3200 et

2241 3141 2370 3191 Θεοῦ
2416 3135 2704 3214 μυστήρια,
2748 3133 2877 3210 ὑπὲρ
2932 3133 3082 3213 φύσιν
3139 3133 3227 3189 καὶ
3274 3131 3466 3227 λόγον,
3538 3131 3626 3187 καὶ
3678 3128 3879 3188 ἔννοιαν

508 3238 689 3301 supra
747 3241 855 3284 nos
911 3233 1069 3297 sunt,
1124 3226 1493 3289 adducimus.
1553 3226 1697 3290 Cum
1760 3228 1937 3307 igitur
1991 3230 2158 3309 panis

510 3310 913 3374 sanctiﬁcatus
936 3314 995 3374 in
1031 3324 1224 3395 partes
1257 3316 1562 3392 dividitur,
1588 3317 1686 3397 qui
1712 3327 2154 3379 sacrosanctum

508 3398 726 3487 Christi
750 3419 971 3480 corpus
1005 3415 1119 3480 est;
1138 3425 1210 3466 ne
1234 3404 1561 3486 existimes,
1585 3406 1739 3486 quod
1762 3405 2155 3487 particulatim

507 3486 844 3562 diducatur,
890 3501 990 3553 aut
1027 3494 1337 3574 avellatur,
1365 3506 1649 3556 autmore
1688 3494 2091 3555 membrorum
2125 3515 2158 3555 a

509 3595 574 3638 se
597 3579 933 3641 avulsorum
958 3581 1255 3645 dividatur
1277 3584 1808 3645 incontaminatum
1843 3583 1985 3645 iilud
2016 3603 2156 3645 cor-

510 3668 802 3747 pus(nam
848 3669 1184 3733 immortale
1228 3681 1315 3733 est
1355 3683 1413 3735 et
1451 3673 1924 3753 inctvrruplihile,
1961 3672 2155 3752 quod-

508 3774 624 3835 que
656 3776 957 3839 nunquam
993 3761 1291 3824 exhauriri
1334 3772 1391 3824 et
1435 3764 1704 3827 consumi
1754 3761 2154 3842 poterit):sed

509 3845 663 3925 quod
701 3846 933 3920 partitio
961 3866 1028 3911 ea
1060 3860 1151 3914 est
1181 3852 1604 3930 accidentium,
1632 3870 1747 3932 quc
1777 3851 1885 3912 sub
1917 3868 2155 3911 sensum

509 3933 726 3994 cat'unt
771 3935 1055 3999 duntaxat
1106 3949 1236 4020 post
1290 3942 1847 4021 sanctiﬁcationem,
1905 3940 1976 4002 ad
2019 3937 2155 4000 fidei

2240 3225 2327 3279 καὶ
2353 3224 2483 3303 ὑπὲρ
2534 3224 2679 3299 ἡμᾶς
2731 3220 2878 3295 ὄντα,
2926 3222 3214 3299 ἀνάγομεν.
3274 3220 3423 3279 Ὀταν
3479 3221 3647 3279 τοίνυν
3679 3223 3707 3276 6
3736 3221 3885 3297 ἁγια-

2239 3315 2375 3378 σθεὶς
2433 3312 2589 3393 ἄρτος
2643 3314 2715 3375 εἷς
2774 3311 2913 3391 μέρη
2984 3312 3267 3387 τέμνηται,
3348 3313 3404 3375 ὃς
3463 3312 3723 3389 πανᾶγιον
3792 3316 3885 3366 τοῦ

2241 3410 2467 3481 Χριστοῦ
2524 3401 2635 3459 ἐστι
2692 3408 2868 3477 σῶμα,
2937 3402 3015 3476 μὴ
3072 3401 3294 3477 νομίσῃς
3342 3400 3424 3457 ὅτι
3510 3402 3791 3479 μερίζεται,
3851 3399 3888 3467 ἢ

2240 3492 2568 3564 ἀποσπᾶται,
2614 3492 2650 3560 ἢ
2709 3490 2989 3570 διαιρεῖται
3028 3492 3089 3546 τὸ
3146 3489 3410 3570 ἄχραντον
3453 3489 3633 3546 ἐκεῖνο
3681 3494 3836 3561 σῶμα
3871 3509 3884 3521 ’

2241 3581 2497 3637 ἀθάνατον
2527 3582 2627 3659 γαρ
2656 3582 2744 3637 καὶ
2773 3579 3030 3660 ἄφθαρτον
3077 3581 3165 3636 καὶ
3196 3577 3531 3646 ἁδαπάνητον
3569 3596 3581 3608 '
3642 3576 3760 3634 ἀλλ’
3806 3576 3889 3633 ὅτι

2241 3671 2502 3749 μερισμοῖς
2560 3671 2700 3725 ἐστιν
2745 3670 2950 3733 ἐκεῖνος
2992 3672 3096 3725 τμῦν
3162 3669 3421 3734 αἰσθητῶν
3477 3664 3890 3744 συμϐεϐηκότων

2242 3760 2403 3836 μόνον
2434 3761 2567 3835 μετᾶ
2594 3762 2686 3815 τὸν
2714 3761 3003 3839 ἀγιασμὸν,
3031 3760 3162 3838 πρὸς
3206 3758 3390 3836 ῥώμην
3418 3757 3646 3820 πίστεως
3672 3758 3759 3813 καὶ
3788 3778 3892 3814 πα-

2241 3849 2488 3927 ράστασιν
2520 3851 2709 3927 ὁρατοῦ
2740 3848 2965 3923 σημείου
3005 3853 3113 3903 τῶν
3161 3846 3449 3922 μενόντων,
3499 3846 3588 3902 καὶ
3617 3842 3892 3925 ἀρραϐῶνα

2239 3938 2327 3994 καί
2355 3935 2559 4018 ἐφόδιον
2602 3942 2746 4008 ζωῆς
2787 3944 2881 3993 τοῦ
2910 3937 3143 3998 αἰωνίου.

509 4021 700 4083 robur
728 4032 787 4084 et
815 4026 1244 4090 exhibitionem
1295 4030 1449 4109 signi
1481 4029 1730 4092 visibilis
1769 4048 1969 4091 rerum
2012 4046 2144 4109 quae
2174 4034 2549 4108 permanent,
2582 4024 2760 4087 simul
2791 4034 2851 4086 et
2875 4025 2935 4087 in
2964 4024 3389 4102 arrhabonem,
3424 4032 3482 4086 et
3513 4024 3575 4085 in
3603 4023 3888 4086 viaticum

511 4112 791 4192 parandae
823 4115 994 4177 nobis
1024 4117 1155 4179 vitae
1184 4129 1441 4183 αξιοι-[ιω.

588 4202 764 4264 ACH.
798 4203 986 4283 Digna
1018 4226 1260 4287 prorsus
1301 4221 1439 4271 sunt
1487 4212 1613 4272 hinc
1651 4209 2064 4282 admiratione,
2101 4215 2158 4268 et

511 4291 827 4381 paradoxa,
859 4293 1013 4356 abba
1034 4305 1222 4377 pater,
1259 4307 1317 4360 et
1346 4318 1525 4381 supra
1563 4308 1858 4373 naturam,
1893 4307 2153 4359 mentem

2523 4185 2548 4209 )I

2319 4214 2435 4265 AX.
2525 4202 2719 4271 Ὀντως
2790 4207 3064 4281 θαυμαστᾶ
3134 4206 3223 4263 καὶ
3279 4202 3545 4285 παράδοξα
3598 4206 3685 4262 καὶ
3757 4206 3892 4285 ὑπὲρ

2238 4296 2389 4376 φύσιν
2454 4297 2546 4353 καὶ
2625 4303 2743 4352 νοῦν
2827 4296 2917 4352 καὶ
2985 4294 3185 4352 ἔννοιαν
3269 4294 3599 4374 ἀνθρωπίνην
3654 4295 3719 4349 τα
3785 4300 3891 4361 τῆς

511 4388 569 4440 et
598 4380 1012 4460 rugitationem
1048 4387 1362 4449 humanam
1411 4380 1734 4451 ineffabilia
1766 4388 2046 4469 mysteria
2080 4387 2155 4447 de

2241 4387 2466 4449 πίστεως
2534 4391 2639 4442 τῶν
2699 4389 3025 4463 Χριστιανῶν
3094 4383 3364 4462 ἀπόρῥητα
3421 4384 3702 4463 μυστήρια,
3768 4386 3890 4439 Πά-

511 4469 628 4530 ﬁde
658 4456 1151 4538 Christianorum.
1185 4476 1378 4549 Quare
1400 4478 1502 4539 tibi
1522 4480 1740 4557 gratias
1761 4456 1892 4557 ago,
1920 4476 2077 4557 quod
2099 4483 2159 4537 et

2241 4495 2328 4552 τερ
2372 4471 2528 4536 ἆϐἕᾶ.
2564 4475 2881 4554 Εὖχασιστῶ
2932 4470 2987 4528 δέ
3039 4494 3121 4529 σοι
3180 4471 3262 4528 ὅτι
3310 4473 3398 4528 καὶ
3449 4472 3585 4546 ἡμῖν
3614 4469 3893 4537 ἀπέδειξας

511 4558 683 4621 nobis
719 4562 1054 4624 ostenderis
1088 4585 1265 4644 quam
1309 4567 1734 4648 aequissimum,
1782 4568 2046 4647 planum,
2101 4574 2160 4626 et

508 4648 812 4712 intellectu
843 4653 997 4714 haud
1030 4653 1297 4730 difﬁcile,
1329 4656 1506 4717 simul
1538 4664 1595 4717 et
1624 4674 1825 4718 verum
1861 4670 2017 4718 esset
2046 4654 2158 4715 do-

510 4756 669 4816 gma,
704 4758 819 4820 quo
859 4741 1152 4804 Christum
1203 4745 1697 4826 omnipotentem,
1736 4744 2056 4822 benignum
2090 4760 2159 4805 ac

510 4843 716 4889 verum
747 4848 878 4892 esse
905 4830 1092 4894 Deum
1116 4833 1563 4915 demonstrasti,
1584 4853 1617 4896 a
1636 4853 1752 4916 quo
1776 4834 2155 4896 mendacium

513 4934 688 5005 quam
743 4919 1087 4999 longissime
1135 4923 1475 4987 submolum
1511 4932 1625 5005 est,
1670 4927 1875 5005 procul
1918 4925 2160 5005 explosa

512 5003 858 5084 imaginaria
885 5008 1080 5071 omnis
1125 5013 1351 5092 opinio.
1398 5003 1688 5076 Craterum
1737 5013 1828 5074 his
1872 5003 2072 5074 sancta
2104 5022 2161 5074 et

2241 4561 2372 4642 ἄγαν
2404 4563 2771 4639 ὁμαλώτατον,
2805 4563 2894 4619 καὶ
2924 4560 3071 4618 λεῖον
3099 4559 3293 4628 ἀληθὲς
3321 4558 3516 4640 δόγμα,
3544 4562 3636 4615 τὸν
3669 4562 3896 4640 Χριστὸν

2240 4651 2655 4728 παντοδύναμον,
2689 4656 2776 4709 καὶ
2806 4650 3192 4732 φιλάνθρωπον,
3225 4651 3313 4706 καὶ
3363 4649 3537 4717 ἀληθῆ
3586 4650 3718 4706 θεὸν
3758 4650 3893 4708 ὑπο-

2240 4740 2497 4815 δεικνύον,
2530 4741 2581 4809 ἐξ
2640 4746 2700 4799 οῦ
2752 4740 3087 4811 ἀπελήλαται
3146 4740 3207 4795 τὸ
3245 4736 3455 4814 ψεῦδος,
3491 4736 3804 4807 ἐξελήλαται
3833 4736 3893 4794 δὲ

2239 4835 2327 4890 καὶ
2353 4840 2500 4889 πᾶσα
2545 4834 2826 4914 φαντασία,
2876 4829 3022 4889 Ἀλλ’
3075 4828 3246 4905 ἴωμεν
3281 4849 3294 4863 ⁸
3350 4831 3511 4907 ἁγίως
3568 4830 3670 4909 γὰρ
3722 4835 3892 4887 ταῦτα

2239 4920 2683 5002 πεφιλοσόφηται.
2719 4921 3069 4995 Μυωπίζομεν
3121 4915 3166 4973 δ’
3221 4917 3299 4975 ἔτι
3342 4917 3568 4998 μᾶλλον,
3623 4918 3760 4998 ἐπεὶ,
3811 4920 3891 4981 ὡς

2241 5014 2367 5090 ὁρῶ,
2415 5010 2656 5067 κέκλικεν
2697 5013 2731 5080 ἦ
2774 5011 2974 5089 ἡμέρα.

517 5097 925 5177 phil030phica
957 5102 1457 5165 commentatione
1491 5103 1646 5163 inter
1694 5122 1800 5162 nos
1840 5103 2148 5174 discussis,
2203 5100 2541 5163 abeundum
2577 5099 2749 5181 nobis
2779 5107 2890 5162 est.
2949 5095 3250 5177 Deinceps
3306 5096 3465 5158 enim
3522 5094 3662 5177 equi
3714 5095 3894 5159 nobis

517 5188 934 5251 exstimulaudi
962 5198 1103 5256 sunt
1133 5190 1205 5253 ad
1237 5191 1353 5256 iter
1386 5210 1398 5254 :
1437 5212 1712 5281 tuamque,
1751 5193 1832 5259 uti
1863 5193 2053 5271 vitea,
2089 5193 2218 5262 dies
2250 5189 2311 5253 τι,
2333 5190 2519 5269 vergit
2545 5189 2607 5251 in
2654 5204 2989 5271 vesperum.
