4176 6372
1703 561 1864 609 ANNO
1907 561 2113 615 DOMINI
2153 559 2300 608 MLVI

912 616 1421 907 .LEO
1566 735 3050 909 ACHRIDANUS

1783 1235 2234 1321 NOTITIA

1104 1421 1335 1485 tFabric
1392 1421 1674 1484 Biblioth.
1710 1422 1899 1487 Graec.
1934 1422 2031 1486 ed.
2067 1421 2301 1491 Harles,
2339 1428 2483 1484 tom.
2514 1419 2640 1503 VII,
2676 1443 2734 1504 p.
2769 1425 2906 1489 715)

401 1776 542 1869 Leo,
564 1775 952 1869 Bulgarorum
967 1776 1478 1869 archiepiscopus,
1503 1778 1845 1843 Latinorum
1870 1797 2008 1843 acer
2027 1779 2424 1865 adversarius,
2446 1780 2525 1869 de
2548 1779 2719 1859 cujus
2741 1777 2979 1869 scriptis
3000 1781 3222 1843 Caveas
3242 1782 3311 1843 ad
3335 1800 3410 1844 an
3431 1786 3499 1847 C.
3521 1786 3665 1847 1051
3684 1844 3700 1869 ,

320 1864 423 1945 qui
445 1872 609 1927 recte
636 1866 1045 1930 Achridenum
1076 1867 1198 1929 sive
1225 1868 1649 1931 Achrz'danum
1679 1871 1960 1951 appellat,
1997 1862 2076 1950 (ai
2107 1868 2453 1931 auctoritate
2482 1867 2777 1947 Sigeberti
2809 1866 3255 1931 Gemblacensis
3284 1889 3411 1950 cap.
3451 1875 3588 1949 147,
3616 1862 3706 1936 De

317 1956 711 2044 scriptoribus
728 1955 1168 2030 ecclesiasticis,
1193 1956 1329 2037 quia
1353 1957 1741 2037 Bulgarorum
1763 1958 2200 2040 archiepiscopi
2224 1958 2386 2020 circa
2409 1959 2468 2019 id
2491 1956 2781 2038 temporis
2799 1956 3281 2022 Achridesedem
3309 1961 3607 2025 habedant
3624 1962 3705 2044 (b)

318 2042 535 2107 Contra
565 2045 726 2107 hunc
758 2046 1018 2109 Leonem
1044 2046 1453 2109 Achridanum
1475 2047 1715 2128 scripsit
1743 2047 1857 2111 Leo
1878 2048 1956 2110 IX
1979 2065 2145 2129 papa.
2177 2047 2388 2110 Nullus
2407 2048 2508 2109 illo
2533 2054 2632 2110 aut
2666 2046 2946 2109 furiosior
2973 2054 3075 2109 aut
3111 2051 3470 2129 petulantior
3501 2042 3708 2115 contra

313 2132 557 2197 Latinos
576 2133 836 2216 scripsit,
862 2134 1069 2215 judice
1099 2133 1227 2196 Nic.
1254 2137 1581 2207 Comneno,
1617 2156 1728 2217 pag
1761 2139 1898 2212 185,
1927 2136 2032 2199 ubi
2061 2136 2206 2199 citat
2235 2138 2364 2215 ejus
2394 2137 2478 2199 Dc
2500 2139 2883 2215 processione
2912 2137 3184 2216 Spiritus
3213 2143 3415 2203 sancti
3445 2142 3603 2222 quod
3634 2161 3705 2204 ex

313 2224 444 2312 solo
466 2227 638 2288 Patre
655 2225 960 2305 procedat,
986 2232 1045 2288 et
1061 2224 1165 2288 lib.
1189 2243 1205 2287 ι
1227 2225 1454 2288 Contra
1475 2245 1838 2305 azymorum
1861 2245 2037 2290 usum
2059 2227 2123 2289 in
2147 2225 2216 2289 S.
2250 2226 2671 2305 Eucharistz’a,
2695 2225 2752 2286 id
2774 2244 2906 2305 pag.
2939 2226 3071 2290 188.
3098 2226 3301 2289 Trium
3328 2230 3456 2310 ejus
3476 2230 3705 2312 Episto-

313 2311 507 2372 larum
540 2313 614 2375 da
642 2315 862 2394 azymis
911 2315 1132 2376 mentio
1179 2314 1240 2376 in
1274 2315 1564 2396 Beverigii
1593 2316 1727 2379 cod.
1765 2334 2061 2378 canonum
2093 2323 2236 2377 tom.
2270 2313 2362 2389 ll;
2424 2318 2482 2377 in
2514 2314 2706 2377 Alexii
2737 2314 2998 2376 Aristeni
3028 2314 3279 2396 Synopsi
3308 2311 3705 2396 Epistolarum

312 2401 762 2477 canonicarum,
798 2402 900 2465 ubi
927 2421 996 2465 ex
1022 2402 1215 2483 prima
1234 2403 1399 2466 locus
1424 2405 1694 2481 affertur,
1723 2406 1834 2468 Dd.
1870 2405 1906 2469 3
1937 2407 1995 2469 ὁ.
2029 2406 2118 2468 Ex
2148 2404 2398 2485 epistola
2428 2404 2623 2485 prima
2660 2411 2712 2464 e’
2748 2403 2920 2465 tertia
2950 2404 3126 2466 etiam
3160 2405 3405 2469 Allatius
3442 2411 3527 2471 De
3557 2428 3703 2473 con-

312 2508 520 2565 sensu,
569 2509 701 2572 pag.
734 2493 891 2556 1l63
923 2499 981 2553 et
1032 2492 1205 2555 1167.
1239 2491 1497 2573 Epistola
1541 2493 1612 2555 ad
1642 2492 1971 2575 Joannem,
2004 2492 2376 2559 Tranensem
2407 2494 2469 2554 in
2498 2493 2707 2574 Apulia
2761 2492 3131 2573 episcopum,
3186 2496 3499 2576 acerrima,
3533 2517 3706 2579 quam

315 2597 418 2641 an.
450 2581 600 2642 1053
618 2582 899 2642 adversus
920 2582 1161 2643 Latinos
1191 2581 1451 2661 scripsit,
1478 2589 1670 2645 exstat
1699 2601 1767 2645 ex
1792 2582 2101 2646 Humberti
2134 2582 2338 2662 Legati
2362 2582 2638 2645 versione
2671 2580 2876 2643 Latina
2904 2582 3058 2662 apud
3090 2583 3412 2645 Baronium
3446 2586 3517 2647 ad
3541 2586 3707 2649 illum

312 2688 559 2745 annum,
597 2690 657 2731 n.
690 2670 768 2731 ‘23
797 2688 924 2750 seq.
958 2688 1092 2730 cum
1127 2669 1339 2734 Léonis
1368 2669 1461 2747 lX,
1500 2691 1685 2752 papas,
1720 2672 1988 2754 Epistola
2014 2671 2303 2737 Cerularii
2328 2681 2386 2733 et
2415 2672 2592 2751 hujus
2615 2670 2831 2733 Leonis
2862 2670 3163 2743 inauditis,
3188 2681 3251 2733 ut
3278 2673 3380 2748 ait,
3409 2694 3703 2754 praesum-

315 2759 620 2840 ptionibus
648 2761 940 2840 opposita,
971 2778 1101 2840 quae
1130 2768 1316 2822 exstat
1349 2760 1522 2822 etiam
1557 2762 1615 2823 in
1650 2763 1827 2824 tomis
1857 2762 2291 2837 Conciliorum,
2327 2769 2477 2825 tom.
2515 2760 2582 2823 lX
2607 2760 2850 2834 Labbei,
2880 2779 3010 2840 pag.
3037 2762 3179 2833 949,
3209 2770 3267 2822 et
3291 2771 3434 2824 tom.
3460 2763 3708 2827 VIHar-

316 2848 485 2910 duini
520 2869 577 2929 p.
612 2848 753 2913 9‘27.
788 2850 1067 2924 (FABRIG)
1103 2884 1178 2895 —
1209 2848 1275 2910 In
1308 2848 1482 2912 codd.
1518 2854 1680 2915 Mon.
1708 2853 1918 2915 Bavar.
1943 2852 2133 2915 i-l2et
2164 2850 2295 2932 113,
2322 2850 2540 2913 Leonis
2559 2850 2828 2931 archicp.
2855 2848 3168 2930 Bulgariae,
3196 2851 3457 2931 Epistola
3477 2855 3552 2917 de
3574 2873 3709 2936 azy-

316 2937 430 2999 mis
464 2948 523 3000 et
551 2937 822 3000 Sabbatis
856 2937 1036 3000 missa
1063 2937 1135 2999 ad
1168 2939 1487 3017 quemdam
1519 2939 1691 3003 Rom.
1728 2941 2093 3021 pontificem.
2127 2941 2272 3015 (Cat.
2303 2938 2480 3002 codd.
2512 2941 2616 3001 Gr.
2645 2958 2775 3021 pag.
2809 2940 2887 3001 43
2909 2950 2971 3002 et
2999 2940 3124 3012 44.)
3151 2975 3213 2985 -—
3242 2941 3465 3004 Eadem
3488 2942 3549 3004 in
3570 2945 3709 3016 cod,

318 3027 508 3091 Paris.
545 3028 726 3103 1315,
760 3045 823 3088 n.
855 3028 916 3101 Ξ,
952 3024 1098 3088 bibl.
1135 3026 1300 3107 publ.
1335 3064 1403 3074 —
1439 3025 1810 3091 Vindobonae
1839 3030 1898 3092 in
1927 3029 2067 3092 dod.
2102 3030 2242 3103 157,
2276 3046 2337 3092 n.
2372 3029 2471 3105 18,
2495 3027 2784 3108 Excerpta
2805 3046 2874 3090 ex
2895 3027 3111 3089 Leonis
3132 3031 3539 3111 metropolitae,
3567 3032 3712 3095 alio-

317 3132 569 3198 rumque
596 3115 937 3180 Graecorum
982 3113 1263 3193 scriptor.
1311 3115 1591 3197 operibus
1639 3126 1845 3180 contra
1877 3117 2114 3181 Latinos
2158 3118 2234 3178 de
2266 3116 2646 3197 processione
2679 3116 2936 3198 Spiri'us
2987 3116 3197 3198 sancti,
3231 3121 3308 3182 de
3357 3121 3596 3202 azymis,
3629 3120 3707 3184 de

313 3203 569 3286 jejunio,
607 3203 903 3286 Sabbatis,
936 3211 1051 3267 etc.
1085 3203 1387 3281 (Lambec.
1439 3203 1772 3268 Comment.
1805 3206 1917 3270 vol.
1951 3207 2051 3279 IV,
2086 3226 2143 3285 p.
2200 3205 2373 3285 339.)
2407 3241 2476 3253 -
2511 3205 2577 3266 In
2610 3207 2742 3267 cod.
2779 3206 3064 3267 Escorial.
3117 3207 3451 3270 membran.
3493 3209 3712 3272 Leonis

322 3293 585 3374 archiep.
611 3292 926 3372 Bulgarize,
946 3291 1224 3373 Epistolaa
1249 3301 1369 3356 tres
1395 3292 1471 3354 de
1490 3294 1667 3356 annis
1693 3303 1748 3356 et
1773 3294 2068 3359 Sabbatis.
2093 3293 2239 3355 Item
2265 3292 2339 3355 de
2356 3293 2765 3374 designatione
2801 3302 2859 3356 et
2873 3293 3173 3374 suffragio,
3199 3298 3515 3374 electione,
3551 3306 3707 3361 statu

327 3387 386 3441 et
430 3384 748 3464 privilegiis
778 3380 1287 3461 metropolitarum
1339 3382 1948 3465 archiepiscoporum.
1985 3386 2059 3447 Et
2097 3384 2172 3445 de
2203 3386 2480 3446 universo
2537 3383 2941 3446 ecclesiastico
2991 3391 3145 3445 statu
3176 3395 3237 3447 et
3267 3387 3502 3463 ordine,
3555 3395 3708 3450 teste

329 3467 539 3535 Pluero
568 3473 627 3535 in
660 3473 868 3537 Itincr.
895 3490 1011 3553 per
1038 3470 1302 3552 Hispan.
1340 3490 1400 3552 p.
1437 3472 1574 3537 179.
1606 3472 1854 3555 tHaaL.)

406 3693 498 3778 (α)
528 3693 644 3778 Leo
690 3693 1104 3778 Achrigtaaus,
1135 3712 1193 3778 _a
1243 3695 1473 3778 Leone,
1489 3776 1496 3778 _
1520 3695 1972 3778 archiepiscopo
2138 3694 2223 3778 (b)
2247 3694 2405 3778 _Vi.ie
2436 3693 2927 3778 Dissertationem
2958 3692 3246 3775 operibus
3274 3693 3704 3776 Theophylacti

322 3773 631 3918 Bulgagizgl,
657 3775 836 3919 I%3_18d
867 3775 1251 3919 (Estinguitur
1279 3772 1341 3835 in
1369 3772 1576 3840 Indice
1621 3772 1971 3840 Nesseliano
2057 3772 2447 3856 praemissam,
2484 3786 2628 3840 tom.
2664 3774 2920 3839 CXXIII.
2959 3772 3123 3840 Eutr.
3160 3778 3337 3840 Pars.

317 3872 466 3916 mss.
539 3876 558 3917 ι
632 3906 646 3919 .
735 3875 796 3918 ιη
843 3875 877 3917 o
929 3905 942 3918 .

900 4324 1703 4500 LEONIS
1857 4267 3175 4500 AGHRIDANI’

1750 4634 2286 4724 EPISTOLA

632 4869 817 4975 AD
901 4866 1568 4979 JOANNEM
1663 4866 2443 4979 EPISCOPUM
2530 4864 3395 4977 TRANENSEM

1733 5099 1983 5184 (Scripta
2008 5119 2064 5164 a.
2101 5100 2310 5180 1053.)

403 5460 596 5543 Hujus
624 5461 909 5544 epistolte,
945 5464 1164 5529 Latine
1196 5482 1265 5527 ex
1293 5460 1611 5527 Humberti
1638 5461 1956 5526 cardinalis
1984 5461 2263 5525 versione
2292 5461 2447 5543 apud
2477 5460 2799 5526 Baronium
2817 5469 2877 5525 et
2904 5457 3200 5525 Canisium
3218 5454 3415 5533 editae,
3436 5453 3709 5520 Graecum

318 5565 552 5620 textum
584 5554 847 5618 nondum
881 5556 1177 5634 vulgatum
1208 5574 1280 5617 ex
1310 5554 1445 5618 cod.
1477 5553 1706 5617 Monac.
1738 5555 1856 5619 286
1886 5555 2078 5617 chart.
2112 5572 2251 5616 saec.
2282 5570 2384 5630 xv,
2418 5555 2464 5615 f.
2494 5554 2636 5631 277,
2676 5552 2987 5635 exscripsit
3003 5559 3061 5614 et
3076 5547 3387 5614 nobiscum
3409 5544 3714 5609 humanis-

321 5647 488 5711 sime
517 5646 976 5710 communicavit
1003 5648 1080 5711 Dr
1106 5647 1156 5710 J.
1192 5644 1675 5727 Hergenrcether,
1714 5643 1776 5707 in
1806 5641 2207 5707 Universitate
2228 5642 2719 5726 Wirceburgensi
2739 5643 3068 5725 professor.
3089 5637 3398 5705 Michaelis
3419 5636 3712 5701 Cerularii

313 5755 548 5802 nomen
576 5735 642 5799 in
668 5734 1059 5819 inscriptione
1087 5735 1323 5818 penitus
1347 5734 1537 5798 deest.
