4126 6414
317 325 434 393 837

1364 335 1608 403 EPIST.
1654 332 1756 399 AD
1784 330 2145 398 JOANNEM
2181 329 2652 401 TRANENSEM

3586 334 3709 402 8‘38

323 465 618 554 γενομένης
688 465 926 527 ἀνέκειτο
1001 466 1079 548 (8)
1179 470 1315 546 μετᾶ
1410 474 1516 528 τῶν
1591 469 1816 551 δώδεκα,
1885 468 1996 527 καὶ.

2083 466 2311 533 lituras
2352 477 2437 534 est
2457 469 2509 535 4.
2568 468 2639 532 Et
2699 478 2832 552 post
2889 471 3170 554 pusillum
3226 472 3468 537 dicente
3516 471 3712 538 Juda:

329 552 611 611 ἐσθιόντων
710 555 881 614 αὒτῶν
968 557 1125 615 εἶπεν
1172 572 1186 588 ⁶
1289 556 1490 636 Ἀμὴν,
1593 559 1740 637 ἀμὴν
1840 555 1983 634 λέγω

330 645 484 720 ὑμῖν,
531 641 614 701 ὅτι
672 647 756 709 εἷς
813 644 865 711 ἐξ
905 646 1054 722 ὑμῶν
1107 644 1407 726 παραδώσει
1477 670 1569 725 με,
1631 671 1661 705 ι
1709 645 1809 706 Καὶ
1866 640 1983 722 μετ’

332 732 514 812 ὀλίγον
556 734 797 800 εἰπόντος
843 744 939 795 τοῦ
982 733 1148 793 Ἰούδα
1211 758 1239 792 α
1286 738 1428 809 Μήτι
1482 737 1592 816 εγώ
1620 739 1750 818 εἶμι,
1784 731 1935 815 ῥαϐϐί
1966 752 1984 814 ς

332 821 473 902 λέγει
510 822 653 898 αὖτῷ
683 841 697 854 ⁸
738 847 765 879 α
797 824 871 880 Σὺ
901 825 1064 891 εἶπας
1102 841 1116 856 ⁶
1153 850 1181 883 ι
1216 824 1394 907 Μέχρι
1422 827 1631 901 τούτου,
1662 827 1711 884 ὧ
1737 831 1829 883 τοῦ
1858 831 1990 882 Θεοῦ

334 911 622 994 ἄνθρωποι,
668 913 735 975 τὰ
762 920 854 971 τοῦ
895 921 1119 992 νομικοῦ
1160 915 1357 995 Πάσχα
1413 917 1540 973 εἰσίν
1575 936 1591 952 ο
1650 916 1774 973 ε’ίτα
1801 913 1868 970 τὰ
1896 918 1989 970 τοῦ

334 1009 589 1080 μυστικοῦ
674 1005 764 1060 καὶ
829 1004 1088 1083 ἡμετέρου
1171 997 1410 1084 προσθεὶς
1496 1008 1525 1062 6
1604 1001 1987 1084 εὐαγγελιστὴς

334 1092 483 1173 λέγει
517 1107 531 1123 ⁸
612 1110 643 1152 (
719 1090 1037 1151 Ἐσθιόντων
1093 1092 1150 1150 δὲ
1220 1098 1392 1154 αὐτῶν
1458 1092 1635 1152 λαϐὼν
1694 1098 1722 1152 6
1778 1092 1985 1163 Ἰησοῦς

336 1181 493 1264 ἄρτον
551 1180 742 1239 ἕκλασε
810 1183 899 1240 καὶ
957 1181 1121 1241 ἔδωκε
1174 1198 1292 1248 τοῖς
1355 1189 1626 1262 μαθηταῖς
1687 1187 1844 1242 αὐτοῦ
1898 1185 1987 1242 καὶ

336 1273 465 1330 εἶπε
500 1287 514 1302 ·
576 1268 797 1348 Λάϐετε,
871 1272 1091 1354 φάγετε,
1158 1275 1316 1332 τοῦτό
1378 1275 1477 1351 μού
1522 1275 1632 1332 ἐστι
1686 1276 1750 1331 τὸ
1803 1280 1982 1355 σῶμα,

334 1364 399 1419 τὸ
449 1361 578 1441 ὑπὲρ
632 1362 780 1437 ὑμῶν
836 1359 1111 1439 κλώμενον
1146 1378 1160 1393 ’
1211 1364 1301 1421 καὶ
1355 1361 1531 1421 λαϐὼν
1600 1365 1662 1421 τὸ
1731 1365 1986 1446 ποτήριον

328 1452 731 1533 εὐχαριστήσας
829 1449 1021 1509 ἔδωκεν
1114 1455 1298 1517 αὐτοῖς
1381 1452 1553 1533 λέγων
1589 1470 1603 1485 ·
1694 1453 1845 1511 Πίετε
1935 1454 1987 1522 ἐξ

338 1546 497 1602 ὠτοῦ
552 1542 744 1606 πάντες
779 1561 794 1579 ·
870 1543 1028 1600 τοῦτό
1102 1542 1213 1600 ἐστι
1285 1545 1347 1600 τὸ
1404 1544 1543 1621 αἷμά
1615 1567 1719 1620 μου
1771 1545 1835 1601 τὸ
1885 1549 1986 1613 τῆς

339 1637 542 1700 Καινῆς
603 1632 897 1704 Διαθήκης.
934 1654 963 1688 ι
1016 1633 1195 1690 Εἰπὼν
1223 1630 1278 1689 δὲ
1319 1633 1508 1701 καινὴν
1551 1631 1762 1710 ἔδειξεν,
1809 1633 1890 1691 ὅτι
1920 1634 1988 1691 τὰ

335 1727 436 1790 τῆς
476 1719 707 1785 παλαιᾶς
756 1719 993 1800 παρῆλθε
1038 1723 1127 1779 καὶ
1183 1721 1410 1791 ἐπαύθη.
1472 1713 1680 1803 Ὀρᾶτε,
1725 1728 1841 1788 πῶς
1896 1725 1988 1781 τὸν
2009 1762 2049 1812 Β

337 1810 496 1892 ἄρτον
553 1815 708 1888 σῶμα
752 1809 908 1868 αὺτοῦ
962 1809 1049 1867 ἐπὶ
1088 1815 1187 1879 τῆς
1230 1817 1421 1879 καινῆς
1469 1814 1741 1883 Διαθάκης
1792 1811 1986 1871 ἐκαλε-

340 1922 432 1960 σεν
460 1901 536 1964 ὡς
577 1901 800 1982 ζωτικὸν
841 1902 931 1958 καὶ
976 1903 1050 1966 ὡς
1096 1900 1325 1978 ἔμπνουν
1380 1902 1469 1959 καὶ
1527 1902 1601 1965 ὡς
1661 1902 1987 1982 θερμότητος

339 1990 714 2068 ἒμποιητικόν.
749 1981 807 2049 Ὀ
837 1991 957 2069 γὰρ,
979 1988 1134 2071 ἄρτος
1183 1989 1244 2048 ἐκ
1282 1997 1376 2048 τοῦ
1414 1990 1556 2071 αἴρω
1596 2012 1655 2048 τε
1702 1993 1790 2049 καὶ
1827 2011 1857 2052 (
1885 1990 1988 2050 έπ-

340 2076 473 2160 αίρω
499 2082 592 2139 καὶ
620 2079 762 2161 φέρω
790 2080 876 2139 ἐπὶ
899 2080 965 2141 τὰ
1021 2079 1132 2138 ἅνω
1188 2104 1218 2137 ι»
1279 2080 1516 2161 λέγεται,
1550 2082 1656 2139 ἀπὸ
1685 2087 1785 2150 τῆς
1815 2083 1989 2159 ζύμης

339 2171 430 2227 καὶ
482 2179 578 2230 τοῦ
639 2169 836 2235 ἅλατος
909 2171 1011 2239 τὴν
1091 2171 1392 2252 θερμότητα
1462 2172 1552 2228 καὶ
1614 2170 1715 2239 τὴν
1772 2168 1988 2251 ἔπαρσιν

341 2260 489 2342 ἔχων
522 2280 539 2296 ·
597 2261 664 2317 τὰ
692 2258 747 2317 δὲ
777 2259 949 2338 ἄζυμα
1001 2259 1150 2318 οὐδὲν
1202 2258 1432 2342 διαφέρει
1462 2262 1603 2319 λίθου
1659 2261 1875 2342 ἀψύχου
1902 2263 1991 2319 καὶ

340 2349 517 2419 πηλοῦ
585 2348 849 2409 πλινθίνου
915 2352 1005 2409 καὶ
1072 2350 1322 2431 κεράμου,
1409 2351 1557 2408 κάτω
1638 2348 1990 2431 προσκολλώ-

343 2462 477 2517 μενα
530 2438 620 2521 (9)
674 2446 744 2518 τῇ
796 2446 870 2520 γῇ
912 2441 1001 2498 καὶ
1054 2447 1132 2516 τῷ
1184 2438 1452 2521 καταξέρω
1498 2438 1659 2515 πηλῷ
1716 2441 1990 2522 προσφυό-

342 2551 498 2607 μενα,
562 2529 598 2585 ἃ
659 2529 749 2587 καὶ
804 2531 940 2606 μετὰ
992 2529 1238 2598 νηστείας
1293 2531 1382 2587 καὶ
1422 2528 1673 2611 πικρίδ.ῐ›ν
1720 2532 1749 2587 6
1792 2535 1990 2599 Μωσῆς

342 2618 532 2677 ἐσθίειν
589 2632 707 2684 τοῖς
773 2618 970 2684 ἀθλίοις
1029 2616 1295 2684 Ἰουδαίοις
1372 2618 1510 2686 ἅπαξ
1593 2625 1684 2677 τοῦ
1756 2619 1994 2679 ἐνιαυτοῦ

341 2707 631 2790 προσέταξε
672 2709 761 2765 καὶ
824 2708 1174 2785 ἐνομοθέτησε
1231 2707 1431 2788 λέγων,
1487 2706 1568 2765 ὅτι
1627 2709 1993 2774 Κακοπαθείας

341 2800 432 2856 καὶ
462 2797 635 2866 λύπης
667 2796 903 2876 σύμϐολά
933 2801 1060 2856 εἰσιν
1090 2798 1219 2880 (10)
1250 2816 1264 2831 ⁸
1296 2801 1340 2855 εἷ
1367 2801 1468 2880 γὰρ
1504 2799 1591 2856 ἐπὶ
1632 2805 1731 2867 τῆς
1760 2798 1991 2865 παλαιᾶς

342 2892 391 2946 οἱ
421 2884 570 2969 ἄρτοι
614 2894 712 2957 τῆς
756 2889 1054 2970 προθέσεως
1110 2888 1257 2970 ἄρτοι
1314 2889 1582 2969 λέγονται,
1627 2888 1763 2946 ἀλλὰ
1816 2911 1990 2947 κατα-

342 2984 657 3061 χρηστικῶς
728 2980 817 3036 καὶ
887 2977 1183 3060 ἀδιαφόρως
1249 2978 1388 3036 οὕτω
1446 2977 1714 3058 λέγονται,
1788 2979 1862 3043 ὡς
1931 2980 1993 3036 τὸ

349 3088 380 3129 (
442 3078 612 3149 Αρτον
672 3071 891 3149 οὐρανοῦ
932 3066 1124 3126 ἔδωκεν
1177 3068 1361 3132 αὐτοῖς
1416 3071 1506 3127 καὶ
1546 3067 1702 3148 ἄρτον
1751 3066 1993 3149 ἀγγέλων

242 3171 253 3182 ⁸
341 3128 862 3240 ἒφαγένᾶνθρωὶπος.
900 3181 929 3214 ιι
986 3159 1109 3233 Καὶ,
1169 3179 1192 3215 α
1246 3128 1509 3237 Ἐγενήθη
1565 3128 1632 3215 ’ἑὰ
1660 3128 1854 3239 δάκξύσί
1895 3128 2053 3235 pauc

344 3248 461 3326 ἐμοὶ
510 3245 669 3329 ἄρτος
720 3247 924 3329 ἡμέρας
969 3251 1059 3306 καὶ
1105 3248 1299 3312 κυκτός
1358 3271 1386 3305 ι
1426 3266 1439 3278 ·
1485 3250 1547 3306 τὸ
1603 3248 1775 3324 μάννα
1815 3247 1870 3305 δὲ
1913 3247 1997 3306 διὰ

346 3338 546 3395 τούτων
602 3335 877 3405 δηλοῦται,
949 3339 1021 3397 Τὸ
1064 3336 1119 3395 δὲ
1174 3337 1431 3418 ἡμέτερον
1476 3338 1671 3417 Πάσχα
1713 3339 1859 3418 χαρὰ
1910 3340 1999 3396 καὶ

353 3428 636 3507 εὖφροσύνη
668 3427 792 3484 ὅλον
839 3427 947 3484 ἒστὶ
1004 3430 1090 3485 καὶ
1146 3428 1346 3508 ἐπαίρει
1403 3429 1547 3503 ἡμᾶς
1590 3427 1697 3484 ἀπὸ
1739 3433 1836 3495 τῆς
1895 3432 1998 3507 γῆς

359 3513 443 3570 διὰ
469 3519 567 3581 τῆς
596 3522 767 3596 χαρᾶς
812 3517 884 3582 εἷς
914 3518 1005 3573 τὸν
1048 3518 1289 3596 οὗρανὸν,
1339 3516 1519 3595 ὥσπερ
1569 3516 1658 3572 καὶ
1688 3517 1723 3583 ἡ
1754 3516 1893 3592 ζύμη
1923 3515 2007 3573 διὰ

356 3607 459 3671 τῆς
504 3600 630 3667 ἰδίας
694 3606 1021 3686 θερμότητος
1078 3608 1169 3663 τὸν
1213 3602 1392 3685 ἄρτον,
1439 3607 1498 3669 ὃς
1551 3605 1636 3661 κειῖ
1680 3603 1876 3669 α’λατος
1920 3608 2008 3663 καὶ

351 3693 524 3767 ζύμης
574 3693 822 3775 μετέχων
855 3693 981 3775 (11)
1013 3695 1193 3762 πάσης
1222 3692 1482 3764 ἡδύτητος
1513 3693 1809 3770 ἆνάμεστός
1840 3692 1951 3750 ἐστι
1985 3714 2003 3731 ·

348 3785 412 3840 τὸ
442 3780 496 3838 δὲ
526 3781 722 3889 ἔξωρον
767 3785 906 3860 μήτε
957 3785 1130 3860 ζύμην
1186 3786 1324 3861 μήτε
1353 3783 1487 3849 ἅλας
1518 3782 1649 3864 ’έχον
1675 3781 1849 3851 πηλός
1895 3782 2006 3840 ἔστι

350 3870 589 3955 ξηρόςΫ
625 3880 671 3930 Η
728 3874 823 3931 οὒκ
872 3874 1090 3931 ἀκούετε
1145 3881 1238 3932 τοῦ
1302 3880 1531 3955 Χριστοῦ
1586 3873 1835 3952 λέγοντος
1891 3885 2010 3938 τοῖς

350 3950 648 4066 μαθητατῇ
683 3963 763 4021 ὅτι
801 3984 832 4025 (
878 3955 1064 4040 ιΥμεῖς
1095 3963 1215 4021 ἐστε
1256 3966 1320 4021 τὸ
1351 3950 1488 4028 ἇλας
1518 3970 1618 4032 τῆς
1650 3950 1776 4042 γῆς,
1810 3963 1898 4020 καὶ
1927 3963 2009 4020 ὃτι

373 4053 643 4129 Ωμοιώθη.
689 4055 724 4122 ἧ
790 4051 1029 4131 βασιλεία
1098 4060 1205 4112 τῶν
1274 4056 1505 4134 οὐρανῶν
1557 4054 1722 4134 ζύμῃ²
1782 4052 1849 4120 ἣν
1904 4050 2009 4109 λα-

2064 558 2361 641 Nunquid
2376 577 2484 641 ego
2502 577 2663 642 sum,
2685 559 2927 626 Rabbi?
2976 561 3123 625 dicit
3158 562 3251 626 ei:
3292 563 3379 627 Tu
3417 561 3638 626 dixisti
3659 564 3715 623 5.

2066 648 2413 732 Hucusque,
2443 669 2478 711 o
2507 649 2616 713 Dei
2633 650 2930 724 homines,
2953 652 3231 715 universa
3248 651 3455 732 legalis
3477 652 3720 716 Pascha

2069 746 2210 802 sunt
2241 762 2256 800 :
2317 738 2537 805 deinde
2580 758 2714 822 qua
2749 740 2978 821 mystici
3010 748 3069 805 et
3099 741 3288 805 nostri
3320 749 3460 803 sunt
3488 740 3725 805 addidit

2071 828 2453 909 evangelista,
2488 836 2547 890 et
2566 828 2741 892 dixit:
2776 827 3118 893 Edentibus
3133 836 3335 894 autem
3365 828 3511 905 illis,
3547 848 3723 895 acce-

2064 923 2160 1000 pit
2171 917 2350 982 Jesus
2371 936 2593 1000 panem
2610 927 2664 981 et
2685 919 2894 999 fregit,
2913 926 2971 982 et
2989 918 3156 983 dedit
3177 918 3497 1001 discipulis
3515 923 3648 983 suis
3663 929 3723 984 et

2068 1008 2230 1070 dixit
2252 1026 2274 1068 :
2299 1007 2561 1088 Accipite
2582 1014 2639 1070 et
2661 1007 2954 1072 comedite
2973 1030 2998 1082 ;
3018 1008 3130 1072 hoc
3149 1014 3233 1072 est
3263 1025 3490 1089 corpus
3517 1026 3722 1073 meum

2066 1096 2228 1177 quod
2238 1114 2349 1178 pro
2371 1097 2538 1161 vobis
2559 1097 2869 1161 tradetur.
2881 1096 2969 1161 Et
2988 1099 3287 1179 accipiens
3309 1096 3557 1161 calicem
3577 1117 3720 1181 gru-

2068 1187 2345 1268 tiasegit,
2363 1192 2425 1249 et
2458 1185 2623 1249 dedit
2647 1185 2796 1264 illis,
2821 1185 3066 1251 dicens:
3105 1186 3307 1252 Bibite
3322 1203 3398 1249 ex
3418 1204 3485 1251 eo
3513 1206 3722 1253 omnes

2066 1274 2167 1338 hic
2195 1282 2282 1337 est
2311 1276 2569 1355 sanguis
2596 1293 2769 1339 meus
2801 1293 2940 1338 nom
2968 1274 3340 1341 Testamenti
3363 1278 3416 1339 5.
3450 1276 3720 1342 Dicendo

2070 1365 2253 1441 enim,
2286 1366 2454 1440 novi,
2488 1364 2748 1427 ostendit
2775 1364 3073 1446 quomodo
3104 1384 3173 1428 ea
3193 1382 3326 1447 qua
3352 1367 3566 1429 veteris
3595 1368 3723 1432 fue-

2070 1463 2212 1515 runt
2240 1452 2629 1529 Testamenti,
2681 1460 3080 1518 cessaverunt.
3130 1454 3393 1536 Aspicite
3423 1457 3722 1537 quomodo

2072 1561 2284 1625 panem
2303 1560 2525 1622 corpus
2545 1560 2719 1604 suum
2745 1541 2858 1605 sub
2876 1561 3027 1605 novo
3064 1544 3440 1606 Testamento
3468 1545 3719 1628 vocavit,

2072 1631 2226 1695 sicut
2252 1631 2545 1709 viviﬁcum
2576 1637 2639 1694 et
2669 1631 2908 1712 plenum
2954 1629 3204 1713 Spiritu,
3237 1639 3297 1693 et
3325 1633 3479 1695 sicut
3507 1634 3724 1697 caloris

2074 1720 2631 1786 demenstrativum.
2663 1724 2784 1784 Vos
2840 1721 3083 1803 quidem
3139 1739 3356 1803 panem
3403 1741 3513 1786 nos
3542 1732 3724 1788 arton

2071 1811 2346 1874 dicimus.
2362 1812 2546 1875 Artes
2558 1818 2755 1874 autem
2768 1811 3193 1893 interpretatur
3202 1810 3492 1888 elevatus,
3509 1821 3567 1876 et
3584 1831 3727 1877 sur-

2067 1919 2205 1964 sum
2221 1908 2531 1982 portutus,
2557 1919 2593 1963 a
2618 1900 2916 1964 fermento
2938 1915 2997 1963 et
3016 1900 3140 1963 sale
3162 1899 3421 1962 calorem
3446 1902 3727 1965 eteleva-

2070 1990 2295 2053 tionem
2328 1989 2558 2053 habens
2585 2011 2603 2065 ;
2636 2008 2853 2073 azyma
2873 1997 3071 2053 autem
3098 1989 3182 2051 nil
3215 1989 3438 2051 distant
3465 2008 3499 2053 a
3525 1990 3728 2072 lapide

2070 2079 2202 2142 sine
2230 2078 2453 2161 anima,
2486 2085 2544 2141 et
2599 2079 2722 2143 luto
2775 2078 2977 2142 lateris
3028 2078 3308 2141 deorsum
3362 2089 3727 2162 consumpta

2072 2175 2275 2245 terra,
2305 2174 2366 2230 et
2392 2170 2552 2230 sicco
2582 2168 2705 2231 luto
2736 2176 3114 2250 comparata,
3143 2185 3290 2249 quas
3336 2186 3470 2230 cum
3496 2169 3722 2232 amari-

2073 2256 2383 2320 tudinibus
2410 2259 2643 2339 Moyses
2671 2257 2992 2322 comedere
3023 2257 3262 2320 miseris
3289 2253 3514 2320 Judais
3540 2261 3733 2323 semel

2073 2346 2135 2409 in
2167 2365 2322 2409 anno
2351 2348 2541 2426 legem
2572 2346 2901 2423 constituit,
2922 2346 3130 2409 dicens
3157 2345 3213 2424 6,
3245 2347 3525 2428 quoniam
3555 2348 3729 2413 mala

2074 2435 2370 2518 passionis
2390 2448 2448 2499 et
2470 2434 2869 2499 tribulationis
2883 2435 3149 2516 symbola
3167 2448 3329 2500 sunt.
3352 2436 3427 2499 Et
3456 2445 3725 2502 nostrum

2079 2525 2302 2588 Pascha
2328 2524 2637 2605 gaudium,
2674 2533 2743 2601 et
2789 2524 2992 2588 latitia
3035 2531 3228 2586 totum
3269 2533 3380 2601 est,
3414 2533 3474 2588 et
3501 2528 3732 2592 extollit

2074 2633 2186 2678 nos
2215 2613 2288 2676 ab
2340 2615 2523 2677 humo
2573 2621 2821 2697 propter
2864 2613 3144 2694 gaudium
3176 2612 3249 2676 ad
3284 2614 3523 2693 calum,
3574 2617 3730 2680 sicut

2075 2713 2134 2766 et
2168 2704 2527 2768 fermentum
2560 2711 2804 2785 propter
2834 2702 3139 2784 proprium
3196 2702 3453 2766 calorem
3487 2724 3726 2787 panem,

2075 2794 2179 2877 qui
2199 2796 2366 2876 panis
2390 2793 2554 2856 omni
2580 2793 2868 2855 suavitate
2887 2794 3155 2873 repletus
3203 2804 3314 2854 est.
3342 2792 3571 2876 Azyma
3590 2814 3729 2858 vero

2072 2901 2270 2965 neque
2299 2881 2410 2956 sal,
2444 2900 2644 2962 neque
2673 2882 3032 2944 fermentum
3077 2880 3389 2958 habentes,
3421 2884 3609 2947 lutum
3640 2892 3734 2948 est

2074 2972 2305 3036 aridum
2330 2972 2382 3032 7.
2408 2973 2524 3034 Aut
2554 2990 2672 3034 non
2700 2970 2949 3033 audistis
2972 2968 3177 3033 Jesum
3209 2970 3508 3035 dicentem
3540 2972 3730 3036 disci-

2078 3062 2232 3145 pulis
2254 3061 2378 3123 suis
2402 3081 2417 3123 :
2473 3060 2623 3133 Quia
2642 3078 2748 3124 vos
2768 3066 2912 3124 estis
2929 3057 3025 3124 sal
3066 3066 3247 3123 terra
3270 3060 3325 3136 8,
3359 3068 3421 3123 et
3450 3062 3731 3144 quoniam

2077 3151 2394 3217 Simileest
2410 3168 2665 3231 regnum
2697 3152 2985 3213 calorum
3013 3151 3345 3228 fermento,
3381 3153 3546 3232 quod
3569 3158 3732 3216 acci-

2072 3243 2250 3323 piens
2262 3242 2485 3303 mulier
2493 3240 2778 3303 abscondi
2786 3245 2882 3301 tiu
2891 3240 3114 3318 farina
3122 3241 3273 3301 satis
3310 3240 3526 3316 tribus,
3541 3260 3738 3322 usque

2078 3332 2217 3394 dum
2230 3330 2721 3410 fermentaretur
2732 3327 3254 3392 tota9?Mulieriem
3270 3330 3741 3394 sanctamEccle-

2082 3424 2231 3485 siam
2250 3418 2591 3496 vocat;satis
2603 3436 2741 3480 vero
2754 3416 2943 3478 tribus
2956 3415 3548 3499 modiisrepretis,Pa
3559 3428 3735 3499 trem,

2092 3509 2398 3587 etFilium,
2418 3507 2770 3589 dSpiritum
2786 3513 3080 3583 sanctum,
3095 3525 3348 3587 quorum
3362 3526 3737 3590 nequaquam

2089 3599 2395 3661 lutulenta
2422 3614 2643 3677 azyma
2701 3603 2840 3658 sunt
2894 3594 3239 3678 participes.
3298 3595 3455 3661 Dicit
3485 3599 3646 3660 enim
3681 3607 3742 3662 et

2088 3687 2269 3751 David
2294 3687 2368 3749 de
2389 3687 2658 3751 Christo:
2715 3684 2805 3749 Tu
2834 3703 2894 3748 es
2914 3684 3192 3747 sacerdos
3213 3687 3279 3747 in
3312 3692 3612 3750 aternum
3640 3706 3741 3751 se-

2088 3777 2356 3841 cundum
2372 3776 2646 3840 ordinem
2670 3773 3166 3850 Melchisedech”,
3182 3773 3306 3857 qui,
3321 3783 3459 3838 ante
3480 3776 3738 3858 Moysem

2091 3876 2151 3930 et
2182 3866 2485 3929 Abraham
2516 3865 2673 3944 cali,
2701 3872 2762 3926 et
2793 3872 2966 3925 terra
2985 3871 3043 3926 et
3058 3872 3403 3928 caterarum
3428 3875 3744 3930 creatura-

2089 3976 2224 4020 rum
2256 3972 2586 4036 agnoscens
2632 3953 2979 4030 Dominum,
3039 3971 3369 4031 exsurgens
3399 3953 3617 4017 obtulit
3645 3954 3746 4019 isti

2092 4063 2307 4129 panem
2337 4053 2397 4107 et
2416 4044 2617 4106 vinum
2647 4043 2722 4106 υ.
2756 4041 2895 4105 Ideo
2925 4040 3071 4105 dicit
3100 4041 3340 4107 divinus
3370 4045 3693 4126 Apostolus
3727 4068 3743 4107 :

352 4141 517 4201 δοῦσα
589 4143 723 4222 γυνὴ
778 4141 1004 4223 ἔκρυψεν
1057 4144 1131 4209 εὶς
1217 4132 1437 4222 ἀλεύρου
1504 4143 1639 4205 σάτα
1707 4132 1845 4221 τρία,
1907 4140 2007 4206 ἕως
2030 4132 3752 4223 DQuoniamsiconsummatioperLeviticumsacerdotium

354 4235 419 4291 οὗ
473 4230 715 4310 ἐξυμώθη
780 4232 947 4315 ὅλον;
1021 4239 1255 4292 Γυναῖκα
1324 4234 1423 4302 τὴν
1479 4234 1633 4312 ἁγίαν
1691 4229 2011 4299 Ἐκκλησίαν

2096 4231 2228 4289 erat
2250 4223 2321 4299 ‘9,
2347 4241 2470 4284 non
2490 4221 2820 4285 secundum
2844 4219 3115 4284 ordinem
3144 4222 3614 4299 Melchisedech,
3647 4243 3752 4289 sa-

353 4320 519 4379 καλεϊ
552 4309 569 4357 ’ν
644 4323 777 4380 σάτα
846 4309 987 4405 τρίαὶ
1029 4336 1176 4403 τρεῖς
1248 4324 1345 4380 είσι
1415 4309 1591 4398 μόδιοι
1661 4318 1995 4399 πληρέστατο

2101 4313 2314 4405 cerdos
2333 4311 2603 4376 Christus
2623 4310 2947 4405 diceretur.
2970 4309 3213 4405 thuia,
3233 4311 3534 4405 translato
3556 4330 3754 4405 εαορφ.

355 4413 457 4481 τὴν
506 4412 691 4494 χάριν,
751 4416 804 4471 οἳ
864 4398 1257 4496 κρυφιομύσιως
1305 4410 1434 4493 (12)
1505 4412 1596 4468 τὸν
1669 4398 1877 4489 Πατέρα
1928 4432 1996 4467 κα

2100 4404 2291 4496 datio,
2323 4418 2566 4465 necesse
2591 4407 2692 4496 est
2710 4407 2776 4462 ut
2805 4398 2954 4481 legis
2978 4399 3312 4496 translatio
3332 4404 3473 4496 ﬁat,
3507 4420 3642 4483 qua
3658 4402 3755 4466 lex

355 4505 450 4559 τὸν
638 4486 728 4560 καὶ
767 4505 830 4560 τὸ
869 4486 1020 4583 οῗγιον
1057 4486 1278 4581 ’Πνεῦμα
1316 4486 1662 4581 αἰνίττονται,
1693 4499 1748 4556 ἐν
1779 4486 1865 4562 οἷς
1899 4498 1996 4579 (13

2102 4492 2393 4555 lutulenta
2418 4488 2722 4583 constituit
2747 4506 2947 4583 azyma
2969 4486 3192 4583 Judais
3222 4489 3551 4583 custodire.

356 4595 528 4669 ἡμεῖς
598 4600 972 4671 πνευματικῶς
1028 4593 1110 4651 ἀεὶ
1166 4599 1343 4670 ζῶμεν
1401 4593 1489 4649 καὶ
1540 4590 1826 4666 κινούμεθα
1883 4589 1973 4645 καὶ
2029 4583 2188 4661 ἐσμέν
2221 4598 2237 4616 ⁶

2314 4585 2389 4639 ὧν
2445 4578 2674 4644 οὖδόλως
2729 4580 2790 4635 τὸ
2844 4577 3069 4649 πήλινον
3124 4578 3318 4656 ἄζυμον
3390 4581 3633 4662 μετέχει,
3693 4577 3757 4638 Εἰ

441 4727 476 4779 4
503 4727 686 4790 Matth
737 4744 901 4801 xxvr,
951 4726 1050 4792 25.
1136 4728 1170 4779 5
1198 4725 1347 4790 ibid.
1378 4726 1481 4803 26,
1521 4724 1639 4806 28;
1680 4720 2043 4806 _Hebr._vm,
2077 4712 2268 4806 13Μξ⁵
2288 4709 2624 4806 Εξράειιιξ,
2657 4708 2736 4806 8}
2787 4709 3083 4806 qu-"IX,
3143 4711 3206 4774 11
3239 4733 3256 4783 ς
3308 4711 3485 4806 Dipylo
3538 4710 3755 4806 λψρ.

360 4788 1015 4898 ᾗΕμάβᾶιιίξξὲᾷξ
1059 4788 1342 4898 ειμέιιζι.
1373 4788 1594 4898 v,
1626 4788 1639 4806 ’
1670 4801 1944 4898 ᾖΜδιιὶι.
1994 4788 2121 4869 xiii,
2174 4793 2297 4859 33.‘
2361 4791 2423 4844 10
2468 4788 2625 4853 l’sal.
2690 4804 2814 4871 cxx,
2845 4791 2922 4867 4;
2967 4789 3155 4855 Hebr.
3203 4807 3287 4867 vr,
3339 4792 3463 4871 ‘20;
3514 4788 3757 4898 vu,'17.

362 4890 414 4934 η
446 4891 600 4953 Gen.
630 4906 753 4968 xw,
791 4886 1005 4955 17-19.
1092 4888 1146 4933 ¹²
1172 4886 1357 4951 Hebr.
1392 4903 1493 4963 vn,
1535 4886 1630 4966 11,
1665 4886 1764 4950 l2.

448 5095 529 5178 (8)
560 5095 863 5184 Hac_qua
888 5094 1240 5184 immediate
1267 5099 1622 5184 sequuntur,
1648 5094 1806 5184 apud
1838 5089 2022 5184 Hum-

364 5174 600 5260 bertum
625 5174 930 5255 diﬂ'érunt,
955 5176 1061 5260 qui
1082 5185 1142 5241 et
1162 5175 1275 5240 ista
1301 5174 1588 5258 pramisit
1615 5192 1631 5239 :
1663 5197 1691 5231 α
1731 5174 1854 5236 Vos
1881 5174 2019 5255 qui-

365 5256 507 5342 dem
524 5278 781 5342 panem,
820 5284 846 5317 ιι
880 5256 999 5342 etcf.

454 5337 558 5423 (91
582 5339 729 5405 Cod.
767 5337 1241 5423 προσκολλημένα.

446 5411 498 5495 (1
511 5411 576 5511 Q)
606 5411 1002 5511 Sequentiaet
1030 5411 1132 5511 γᾷρ
1178 5451 1289 5511 ᾗ.
1312 5414 1837 5511 δηλοῦται-ἀςευῐιῑ
1866 5411 2024 5495 apud

1657 4988 1851 5053 Varia
1887 4983 2181 5049 lectiones
2209 4987 2271 5045 et
2296 4986 2470 5043 nota.

2102 5104 2253 5151 mea
2264 5086 2448 5168 panis
2458 5083 2560 5168 die
2573 5099 2647 5168 ac
2659 5089 2841 5148 nocte
2851 5084 3044 5166 (Psal.
3067 5100 3188 5165 2m,
3212 5083 3274 5168 3)
3293 5103 3310 5165 ;
3338 5082 3556 5150 maima
3565 5092 3762 5150 autem

2105 5186 2216 5251 per
2247 5163 2374 5231 hac
2405 5163 2798 5251 signiﬁcatur.
2836 5188 2863 5251 ιε

2191 5253 2310 5330 (l1)
2328 5272 2369 5330 _¢
2396 5242 2510 5330 Qui
2531 5243 2751 5307 etsalis
2767 5254 2827 5311 et
2848 5242 3128 5311 fermenti
3154 5245 3525 5330 particeps.)
3552 5246 3771 5315 desunt

2110 5325 2286 5413 apud
2301 5325 2702 5413 Humbertum
2713 5369 2730 5387 .

2192 5409 2318 5498 (l2)
2351 5407 2581 5498 Desunt
2607 5404 2769 5498 apud
2798 5405 3191 5498 Humbertum
3216 5407 3435 5473 verba:
3467 5429 3495 5470 ι
3520 5404 3772 5472 Maxime

364 5487 791 5565 Humbertuin.
833 5524 857 5560 ιι
894 5500 957 5566 Si
987 5487 1150 5563 enim
1182 5505 1242 5561 et
1272 5497 1333 5560 in
1361 5497 1548 5560 veteri
1578 5496 1806 5559 fadere
1837 5487 2028 5576 panes
2109 5487 2570 5576 gratiarepleti,
2600 5487 2707 5576 qui
2737 5490 3253 5576 crypto_mystice.
3284 5509 3317 5550 3

366 5583 797 5674 propositionis
822 5583 972 5674 ἄρτοι
990 5580 1307 5674 dicuntur,
1327 5577 1573 5674 abusive
1603 5586 1804 5674 tamen
1835 5583 1895 5638 et
1922 5575 2026 5674 in:

2190 5570 2320 5653 (t3)
2349 5567 2579 5653 Desunt
2598 5567 2714 5630 iSta
2732 5567 2894 5653 apud
2925 5567 3241 5634 Humbert.
3279 5591 3300 5627 ι
3329 5568 3396 5633 lu
3424 5569 3643 5653 quibus
3663 5586 3775 5633 nos

364 5649 831 5728 discriminatim
860 5649 950 5726 'sic
972 5661 1275 5735 dicuntur,
1288 5649 1370 5721 ἰιι
1396 5658 1548 5722 illud
1580 5678 1596 5720 :
1633 5657 1870 5721 Panem
1889 5654 2034 5719 caeli
2113 5649 3107 5735 spiritualitersempereivimuset
3126 5649 3770 5717 movemur'etsumus)

365 5742 641 5828 dediteis
679 5752 740 5810 et
775 5762 997 5828 partem
1012 5730 1389 5828 angelorum
1417 5739 1823 5828 manducauit
1850 5737 2032 5800 homo
2112 5730 2252 5813 (Act
2280 5747 2432 5807 xvu,
2464 5730 2595 5811 28).

367 5823 571 5907 (Psal.
593 5817 816 5907 vavii,
836 5827 941 5904 24,
964 5823 1092 5903 25).
1106 5817 1188 5885 Et
1209 5837 1225 5884 :
1271 5822 1554 5885 [vicerunt
1571 5818 1731 5884 mihi
1751 5817 2033 5900 lacrme
