4126 6396
443 315 563 382 843
1700 308 2029 378 NICETAS
2068 310 2086 371 l

2189 308 2565 373 ITORATUS
3714 310 3834 377 844

445 448 741 514 custodias
787 445 1182 513 Sabbatorum
1231 444 1506 528 projicite
1548 443 1786 506 miseris
1833 442 2086 521 Iudaeis;

2189 443 2433 513 ιαθολικὴ
2492 442 2783 524 Ἐκκληηα
2858 442 3063 512 ἐδέξατο
3128 446 3215 504 καὶ
3286 445 3538 527 φυλάττει
3603 444 3831 513 εὐσεϐῶς

443 538 720 602 similiter
747 545 805 601 et
831 537 1125 600 suﬂ‘ocata
1152 534 1428 598 barbaris
1455 533 1753 615 gentibus,
1792 540 1859 596 ut
1890 533 2086 595 ﬁamus

2189 535 2280 591 Καὶ
2348 536 2503 610 ὑμεῖς
2574 535 2662 591 οὖν
2718 534 3126 615 διορθωσάμενοι
3186 533 3411 601 εὐσεϐῶς
3487 534 3776 618 φυλάττετε
3813 556 3827 571 ⁸

440 629 577 712 puri
596 628 656 690 in
683 635 848 690 recta
866 636 925 689 et
943 625 1322 688 immaculata
1346 624 1464 686 ﬁde
1480 671 1495 698 ,
1514 631 1572 685 et
1591 640 1745 684 unus
1766 640 1903 701 grex
1921 621 2086 684 unius

2189 623 2245 678 τὰ
2273 620 2327 679 δὲ
2357 622 2525 700 ἄζυμα
2580 624 2669 681 καὶ
2720 626 2820 693 τῆν
2877 624 3118 705 φυλακὴν
3174 630 3278 681 τῶν
3336 623 3623 683 Σαϐϐἀτων
3654 625 3831 705 ἀποῤ-

445 711 699 800 pastoris
716 716 955 782 Christi.
972 716 1153 795 Cujus
1167 715 1228 777 in
1248 732 1423 777 cruce
1444 712 1643 775 divino
1667 712 1957 790 sanguine
1972 711 2086 773 ine-

2189 711 2364 787 Ξίψατε
2431 726 2549 777 τοῖς
2601 713 2773 777 ἀθέοις
2840 711 3135 795 Ἰουδαίοις,
3203 715 3400 791 ὁμοίως
3459 716 3546 772 καὶ
3600 716 3667 773 τὰ
3720 721 3830 772 τῶν

445 805 623 869 briati
670 805 979 868 laudamus
1026 803 1159 886 puri
1190 822 1340 885 pure
1372 807 1631 875 Patrem,
1678 810 1737 863 et
1765 800 2006 876 Filium,
2041 813 2086 865 el

2189 808 2412 857 πνικτῶν
2450 816 2570 866 τοῖς
2622 801 2860 866 ἀπίστοις
2922 800 3045 883 (37)
3117 804 3206 860 καὶ
3265 800 3550 884 Βαρϐάροις
3604 802 3827 879 ἔθνεσιν,

447 894 733 977 Spiritum
781 903 1073 975 sanctum,
1106 893 1379 954 universa
1430 891 1708 955 Mosaicae
1757 890 1904 969 legis
1933 898 1993 953 et
2022 889 2086 951 ab

2189 889 2273 947 ἵνα
2348 889 2523 955 καλῶς
2606 892 2693 947 καὶ
2777 898 3004 954 συνετῶς
3086 895 3548 973 συμφρονήσαντες
3602 893 3824 972 γένησθε

441 1004 514 1050 eo
563 985 855 1047 custodita
905 982 1348 1063 dereliquentes
1387 980 1519 1042 sine
1549 979 1670 1042 Deo
1700 978 1943 1053 Judaeis,
1987 979 2086 1059 qui

2189 978 2287 1036 ιεθ’
2343 982 2498 1056 ἡμῶν
2560 980 2789 1045 ἅπαντες
2857 978 2941 1037 διὰ
2996 986 3095 1049 τῆς
3153 982 3309 1061 ὀρθῆς
3365 983 3454 1039 καὶ
3521 982 3823 1058 ἀμωμήτου

439 1075 601 1138 velut
642 1074 784 1137 caeci
827 1071 1241 1155 perquirentes
1273 1070 1596 1144 Christum,
1631 1069 1834 1130 lumen
1864 1068 2086 1129 amise-

2189 1070 2395 1133 πίστεως
2451 1070 2546 1145 μία
2599 1071 2801 1146 ποίμνη
2872 1068 2989 1134 ἐνὸς
3046 1069 3139 1126 τοῦ
3196 1067 3364 1127 καλοῦ
3427 1071 3517 1127 καὶ
3571 1069 3859 1144 ἀληθινοῦ⁸

438 1171 600 1247 runt,
662 1169 1083 1245 permanentes
1128 1160 1192 1223 in
1248 1158 1487 1239 umbra,
1536 1160 1690 1222 sicut
1735 1157 2086 1240 insipientes

2189 1157 2421 1235 ποιμένος
2452 1165 2698 1239 Χριστοῦ,
2760 1180 2789 1247 ε
2846 1165 2939 1216 τοῦ
2981 1158 3120 1239 (38)
3176 1160 3254 1236 μῆ
3297 1159 3542 1225 θέλοντος
3584 1161 3678 1218 τὸν
3733 1160 3825 1219 θά-

441 1246 755 1337 perpetuo.
2004 1336 2009 1337 γ
2168 1270 2323 1337 ναῖον
2394 1255 2487 1305 τοῦ
2559 1246 2898 1329 ἀμαρτωλοῦ,
2985 1248 3123 1306 ὥστε
3202 1248 3513 1329 ἐπιστρέψαι
3584 1251 3672 1308 καὶ
3724 1255 3821 1328 ζῇν

445 1335 479 1406 ἆ
520 1335 698 1425 αῦτὸν,
736 1366 765 1399 »
802 1346 864 1401 οὗ
889 1348 966 1418 τῷ
995 1342 1071 1405 ὲνὶ
1099 1347 1321 1422 σταυροῦ
1366 1340 1490 1415 θείῳ
1538 1338 1731 1414 αἵματι
1788 1336 2225 1416 συγκαθέντεντες
2293 1335 2592 1414 δοξάσωμεν
2644 1338 2734 1395 τὸν
2793 1337 3000 1419 Πατέρα
3067 1338 3157 1395 καὶ
3228 1341 3346 1397 Υἱὸν
3415 1340 3504 1397 καὶ
3557 1341 3619 1397 τὸ
3676 1337 3826 1419 ἅγιον

443 1439 682 1511 Πνεῦμα,
738 1432 913 1490 πάντα
969 1433 1062 1488 τὸν
1119 1432 1411 1488 Μωσαϊκὸν
1470 1429 1631 1505 νόμον
1688 1428 1778 1484 καὶ
1822 1428 1916 1492 τάς
1981 1427 2036 1484 ἐν
2102 1427 2287 1503 ἐκείνῳ
2370 1429 2737 1508 παρατηήσεις
2816 1426 3265 1506 ἐγκαταλιπόντες
3333 1429 3457 1495 τοῖς
3525 1427 3822 1506 Ἰουδαίοις,

437 1522 634 1589 οτίτινες
665 1523 740 1581 ών
766 1521 952 1605 τυφλοὶ
1009 1519 1365 1601 ψηλαφῶντες
1425 1516 1549 1600 (36)
1598 1517 1817 1599 τοῗχον,
1849 1519 1911 1575 τὸ
1967 1522 2078 1599 φῶς
2130 1518 2353 1599 ἀφέντες
2407 1518 2761 1598 προσμένουσι
2818 1523 2887 1595 τῇ
2929 1524 3057 1592 σκιᾷ
3108 1519 3182 1582 ὼς
3227 1516 3445 1599 ἄφρονες
3491 1517 3706 1576 ἀείποτε
3736 1520 3827 1577 καὶ

437 1613 678 1670 ἀσύνετοι
714 1610 859 1693 (4ο).

516 1703 658 1766 Haec
708 1692 933 1775 autem,
978 1699 1160 1762 homo
1201 1696 1333 1772 Dei,
1365 1704 1425 1761 et
1457 1695 1765 1760 multoties
1792 1695 1924 1777 ipse
1952 1713 2086 1758 cum

2189 1700 2367 1772 Γαῦτα,
2427 1694 2475 1752 ὧ
2506 1692 2764 1776 ξᾶνθρωπε
2830 1706 2924 1756 τοῦ
2998 1705 3153 1772 Θεοῦ,
3232 1695 3493 1761 πολλάκις
3560 1698 3820 1779 ἀναγνοὺς

436 1791 655 1872 populo
686 1807 1014 1870 agnoscens
1045 1787 1304 1852 docuisti
1333 1805 1487 1862 esse,
1514 1794 1573 1849 et
1600 1792 1903 1849 correctus
1933 1785 2086 1846 scri-

2189 1784 2306 1840 ιετὰ
2372 1784 2464 1841 τοῦ
2530 1782 2657 1846 ἰδίου
2712 1785 2844 1845 λαοῦ
2911 1788 2999 1844 καὶ
3054 1784 3260 1852 διδάξας
3312 1786 3434 1846 οὕτο
3491 1789 3678 1853 αὐτοὺς
3732 1790 3822 1846 καὶ

436 1870 609 1961 psisti
638 1878 844 1941 multis
882 1878 1140 1941 similem
1176 1876 1672 1940 eonsuetudinem
1702 1874 2083 1950 habentibus,

2189 1874 2608 1953 ῖιορθωσάμενος,
2691 1882 3124 1958 μεταστραφῆναι
3205 1876 3498 1958 πρόσταξον
3559 1876 3681 1960 (41)
3765 1879 3821 1936 ὲν

439 1976 499 2031 et
526 1978 592 2031 ut
622 1968 846 2031 habeas
893 1967 1145 2030 salutem
1175 1969 1389 2029 animae
1418 1974 1554 2041 tuae,
1584 1966 1752 2027 mitte
1795 1963 2087 2045 principi-

439 2057 554 2121 bus
574 2058 975 2132 sacerdotum,
1009 2064 1069 2117 et
1099 2054 1528 2130 sacerdotibus,
1558 2060 1616 2116 et
1636 2055 1866 2134 adjura,
1892 2061 1956 2115 ut
1980 2071 2088 2133 per

439 2146 570 2209 haec
617 2148 847 2229 seipsos
895 2145 1223 2225 corrigam,
1272 2152 1329 2207 et
1375 2144 1485 2207 Dei
1532 2142 1838 2224 populum,
1874 2150 1938 2203 ut
1978 2141 2088 2204 Dei

441 2235 787 2299 mercedem
818 2235 880 2297 in
909 2234 1038 2296 istis
1068 2233 1289 2297 habeas
1316 2253 1333 2311 ;
1367 2241 1423 2295 et
1455 2233 1507 2294 si
1535 2233 1651 2295 hoc
1680 2231 1915 2309 feceris,
1944 2249 2085 2313 pro-

437 2344 596 2407 pono
614 2334 675 2388 et
694 2344 799 2407 per
827 2323 1148 2387 secundam
1176 2322 1564 2403 scriptionem
1589 2322 1834 2401 majora,
1862 2326 1922 2383 et
1945 2338 2088 2401 per-

434 2413 684 2477 fectiora
709 2414 802 2476 bis
832 2414 939 2476 tibi
969 2412 1258 2489 scribere,
1294 2411 1435 2474 ﬁdei
1464 2428 1605 2473 vera
1652 2409 1995 2473 ostensione
2027 2417 2087 2472 et

434 2503 811 2567 ﬁrmamento
834 2503 1191 2579 animarum,
1216 2520 1323 2584 pro
1353 2499 1569 2583 quibus
1593 2498 1860 2562 Christus
1891 2498 2088 2581 posuit

434 2595 694 2657 animam
730 2612 923 2658 suam.

2169 1962 2397 2026 πολλοῖς
2438 1965 2732 2047 ἶσοτύποις,
2800 1965 2946 2031 ὅπως
3004 1965 3130 2045 (42)
3204 1964 3338 2047 ἔχῃς
3394 1968 3495 2034 τὴν
3553 1972 3820 2047 σωτηρίαν

2167 2056 2266 2119 τῆς
2318 2053 2505 2112 ἑαυτοῦ
2558 2058 2743 2134 ψυχῆς
2774 2071 2789 2086 ⁶
2852 2057 2940 2112 καὶ
2991 2054 3289 2113 ἀπόστελλε
3337 2069 3455 2120 τοῖς
3511 2056 3817 2138 ἀρχιεροῦσι

2167 2147 2271 2199 τῶν
2300 2140 2605 2199 ἐπισκόπων
2646 2149 2751 2201 τῶν
2807 2145 2942 2201 κατᾶ
2990 2144 3089 2213 τὴν
3132 2141 3358 2202 Ἰταλίαν
3410 2145 3607 2225 θρόνων
3663 2144 3815 2229 (43),

2167 2233 2253 2287 καὶ
2309 2231 2480 2311 ὄρκιζε
2551 2233 2736 2298 αὐτοὺς
2793 2231 3166 2313 διορθώσασθαι
3237 2234 3475 2299 ἅπαντας
3545 2234 3639 2293 ἵνα
3707 2236 3817 2312 μέ-

2168 2342 2349 2398 γιστον
2378 2322 2467 2377 τὸν
2498 2324 2680 2397 μισθὸν
2711 2323 2800 2380 καὶ
2825 2322 2882 2379 ἐν
2932 2324 3158 2401 τούτοις,
3216 2323 3394 2405 ὥσπερ
3453 2326 3541 2382 καὶ
3583 2325 3637 2384 ἐν
3694 2340 3816 2394 τοῖς

2168 2407 2381 2473 λοιποῖς
2413 2431 2505 2466 σου
2532 2409 2722 2475 καλοῖς
2758 2410 2907 2493 (44),
2951 2411 3115 2494 ἔχῃς,
3165 2414 3251 2470 καὶ
3302 2415 3346 2471 εἰ
3374 2424 3527 2475 τοῦτο
3556 2416 3810 2494 ποιήσῃς,

2166 2501 2448 2579 προσθήσω
2503 2501 2591 2557 καὶ
2658 2498 2744 2558 διὰ
2819 2500 3059 2582 δευτέρας
3115 2508 3322 2584 γραφῆς
3394 2504 3459 2560 τὰ
3515 2505 3677 2581 μείζω
3728 2508 3817 2564 καὶ

2165 2587 2464 2669 πλατύτεροι
2528 2590 2731 2647 τούτων
2783 2593 2857 2655 εἷς
2916 2590 3126 2659 ἔνδειξιν
3207 2591 3335 2673 (45)
3402 2595 3657 2675 πρότερον
3713 2601 3816 2665 τῆς

436 2683 667 2753 ἀληθοῦς
696 2685 785 2742 καὶ
827 2685 967 2750 θείας
997 2686 1226 2747 πίστεως
1254 2682 1344 2739 καὶ
1396 2688 1528 2739 Θεοῦ
1573 2680 1662 2737 καὶ
1718 2681 1981 2757 σωτηρίαν
2038 2684 2142 2734 τῶν
2179 2676 2358 2743 καλῶς
2401 2679 2488 2737 καὶ
2548 2677 2832 2759 ὁρθοδόξως
2861 2682 3124 2739 πιστεύειν
3181 2681 3529 2765 αἱρουμένων,
3586 2684 3716 2765 ύπὲρ
3743 2687 3820 2743 ὧν

440 2776 665 2853 Χριστὸς
694 2774 946 2855 εὕκαίρως
1135 2772 1337 2830 τέθεικε
1365 2771 1464 2837 τῆν
1496 2770 1683 2827 ἑαυτοῦ
1726 2770 1935 2849 ψυχήν,

1871 2900 2066 2963 νεηνίαι
2094 2899 2403 2965 lectiones.

515 3040 642 3123 (37)
670 3043 837 3106 Hane
860 3057 1068 3105 vocem
1103 3037 1457 3121 inﬁdelibus
1485 3035 1687 3101 omisit
1712 3035 1955 3104 Latinus
1982 3036 2081 3099 in-

434 3129 687 3204 terpres:

510 3199 638 3282 (38)
668 3201 867 3266 Verba
895 3202 1063 3266 haec:
1100 3201 1217 3278 Qui
1257 3217 1380 3264 non
1408 3199 1534 3263 vult
1579 3207 2082 3282 mortemggeccq-

434 3278 767 3372 toris,’As§d
812 3290 882 3347 ut
929 3289 1314 3372 conpertqtug
1351 3288 1412 3372 et
1457 3287 1630 3372 vtvqt
1664 3281 1801 3372 ipse.
1832 3278 2087 3372 (Επειδὴ.

429 3363 745 3446 xvm,_23;
775 3381 982 3443 χχχιιι,
1026 3366 1092 3427 11
1121 3384 1137 3446 ;
1170 3361 1244 3426 ΙΙ
1265 3364 1428 3426 Petr.
1462 3378 1551 3439 ιιι,
1575 3360 1657 3440 9),
1683 3360 2091 3424 omisitinter-

432 3462 571 3527 pres
582 3443 862 3527 Latinus.

512 3524 637 3606 (se)
668 3523 813 3606 C_od.
852 3523 1211 3606 ψηλαφόντες.

522 3602 647 3686 (40)
696 3604 824 3686 Duo
864 3602 1163 3686 postrema
1202 3602 1385 3665 verba
1438 3611 1492 3667 et
1548 3608 1817 3668 amentes
1866 3602 2082 3665 desunt

368 3726 375 3731 -
433 3684 590 3767 apud
620 3684 896 3767 Latinum
920 3686 1334 3767 interpretem.

519 3764 648 3846 (ιιι)
670 3766 823 3829 Male
854 3762 1151 3847 interpres
1178 3762 1596 3845 imperativum
1627 3762 1911 3846 neglexit.

2246 3035 2370 3116 (4a)
2400 3036 2545 3101 Cod.
2578 3036 2768 3105 οὕτως.

2237 3117 2368 3259 ((43)
2406 3142 2433 3174 α
2465 3117 2894 3212 Episcoporum
2943 3135 3172 3199 earum,
3206 3138 3339 3202 qua:
3368 3127 3507 3183 sunt
3532 3121 3592 3185 in
3618 3121 3807 3201 Italia,

2279 3217 2425 3259 lum.
2468 3223 2490 3256 ι
2530 3207 2731 3259 οιιιιειι
2758 3207 3080 3259 interpres.

2168 3207 2425 3277 sedium,
2468 3223 2513 3280 ι-
2530 3207 2731 3280 omisit
2758 3207 3080 3280 interpres.

2255 3280 2380 3372 (44)
2422 3302 2476 3372 ι-
2488 3278 2654 3372 Sicut
2675 3288 2737 3345 et
2764 3280 2828 3343 in
2856 3278 3087 3344 caeteris
3107 3279 3224 3345 tuis
3254 3281 3429 3347 bonis
3447 3283 3755 3369 operibus,
3781 3311 3810 3344 ι

2172 3359 2339 3422 deest
2361 3359 2423 3421 in
2451 3359 2578 3424 Lat.

2254 3441 2430 3526 (45)-:
2449 3440 2968 3526 Ad_os_tensio_nem
2993 3442 3157 3526 prius
3185 3460 3341 3506 verm
3355 3450 3416 3526 et
3436 3442 3652 3509 divinae
3676 3447 3817 3512 ﬁdei

2163 3528 2223 3605 e_t
2250 3520 2500 3605 gloriam
2531 3520 2640 3605 Dei
2669 3531 2727 3585 et
2742 3520 3012 3605 salutem
3043 3542 3272 3599 eorum,
3306 3522 3409 3605 qui
3436 3533 3604 3589 recte
3634 3536 3694 3590 et
3713 3548 3816 3593 or-

2164 3600 2423 3666 thodoxe
2450 3602 2699 3666 credere
2720 3604 3085 3682 desiderant,
3115 3630 3143 3662 ι
3181 3600 3354 3668 deest
3376 3605 3439 3666 in
3468 3606 3603 3668 Lat.
3626 3616 3815 3674 textu.

2247 3684 2373 3764 (46)
2413 3705 2438 3743 α
2474 3685 2776 3766 Tempore
2806 3695 3169 3769 Opportuna,
3190 3710 3219 3745 »
3254 3683 3814 3771 omittitinterpres.

3038 3948 3107 3949 ﬁ,
3144 3948 3267 3950 HW

1794 4082 1946 4129 ANNO
1988 4081 2191 4129 DOIIINI
2232 4082 2441 4130 [LVII].

791 4262 1749 4441 NICETAS
1898 4266 3449 4451 PECTORATUS.

1808 4761 2429 4916 NQTITIA.

1212 4987 1470 5069 (Fabric.
1497 4986 1782 5052 Biblioth.
1814 4985 2006 5050 Graec.
2037 4984 2137 5050 ed.
2170 4984 2404 5063 Harles,
2439 4994 2583 5054 tom.
2615 4986 2742 5069 VII,
2774 5009 2835 5074 p.
2863 4991 3028 5071 715)

512 5298 754 5397 Illicetas
780 5301 1151 5397 Pectoratus,
1184 5302 1309 5364 sive
1330 5300 1545 5397 sterno
1575 5299 1915 5397 (στηθάτονξ),
1943 5298 2337 5397 presbyteret
2365 5303 2715 5397 monasterii
2747 5304 3105 5397 Studiensis,
3127 5310 3286 5392 quod
3310 5311 3487 5376 CPoli
3509 5312 3640 5397 fuit,
3674 5333 3813 5379 mo-

428 5389 681 5484 nachus,
714 5408 852 5452 acer
878 5389 1226 5484 batinorum
1253 5398 1318 5454 et
1341 5390 1773 5484 Armeniorum
1787 5388 2196 5484 adversarius
2210 5390 2371 5484 circa
2392 5411 2614 5455 annum
2636 5392 2857 5457 Christi
2876 5397 3055 5475 l053,
3086 5388 3164 5463 de
3192 5401 3362 5482 cujus
3393 5388 3637 5484 scriptis,
3659 5421 3813 5469 con-

431 5476 681 5573 sulenda
712 5478 1553 5573 quaaobservavi‘tCaveus._Ex
1571 5479 1722 5541 libro
1747 5478 1865 5559 [De
1876 5496 2135 5573 process.
2163 5482 2435 5573 Spiritus
2464 5485 2661 5546 sancti
2676 5501 2769 5573 ea:
2781 5484 2907 5549 solo
2923 5489 3168 5571 Patre],
3192 5476 3546 5573 de'azymis',
3568 5490 3817 5557 Sabbu-

431 5571 631 5664 tornm
647 5569 977 5664 jeinnfo‘ct
994 5570 1628 5664 ngptiissncerdotum
1646 5577 1853 5633 contra
1870 5570 2147 5664 Latinos,
2166 5569 2365 5664 locum
2385 5569 2592 5635 Graece
2610 5572 2789 5635 etiam
2816 5576 3037 5664 profert
3059 5569 3316 5643 Allatius
3337 5569 3442 5646 lib.
3466 5569 3561 5646 De
3572 5599 3813 5664 purga-

431 5658 617 5735 torio,
648 5674 711 5737 p.
744 5656 863 5722 870
890 5659 1000 5739 (1).
1029 5657 1201 5721 Hunc
1230 5658 1531 5738 Nicetam,
1561 5678 1597 5722 a
1624 5676 1795 5741 papae
1834 5658 2235 5742 apocrisiariis
2282 5668 2671 5725 consecutum
2713 5663 3034 5745 perfectam
3065 5668 3541 5752 propositionum
3566 5656 3812 5736 suarum

512 5787 605 5870 (1)
632 5787 807 5853 Couf.
837 5789 1123 5855 Allatium
1150 5793 1243 5858 De
1269 5796 1443 5861 Eccl.
1474 5795 1662 5860 occid.
1697 5802 1750 5859 et
1776 5800 1998 5859 orient.
2024 5812 2198 5877 perp.
2235 5813 2508 5863 comem.
2538 5797 2612 5879 Π,
2644 5802 2705 5884 9,
2737 5803 2766 5884 §
2795 5801 2857 5868 6.
2895 5805 3134 5888 (ΗΑιιι.)
