4126 6392
232 321 462 425 ω’
1783 364 1861 430 Ν(

2010 365 2104 432 .‘IA
3518 371 3639 439 846

235 496 621 575 solutionem,
655 497 872 561 iterum
905 505 1117 580 sponte
1137 495 1668 561 anathematizasse
1698 499 1900 562 omnia
1920 500 2082 562 dicta
2110 507 2168 562 et
2195 499 2351 562 facta
2371 498 2462 562 vel
2487 505 2715 562 tentata
2728 495 3019 561 adversus
3034 493 3370 562 Romanam
3403 500 3635 582 sedem,

238 586 446 668 sicque
478 587 550 650 ab
583 587 671 650 eis
700 587 763 650 in
793 587 1278 650 communionem
1308 592 1646 669 receptum,
1681 589 1957 651 effectum
1991 607 2124 652 esse
2155 607 2361 652 eorum
2376 585 2730 651 familiarem
2755 584 3038 666 amicum,
3066 585 3277 649 scribit
3307 586 3636 672 Wibertus,

237 674 303 738 in
336 676 467 737 Vita
495 678 558 742 S.
595 676 835 753 Leonis,
867 675 941 758 ΙΙ,
974 679 1034 741 5.
1068 677 1232 739 Idem
1263 676 1464 750 tradit,
1495 676 1850 739 invectivam
1879 679 2357 760 Responsionem
2388 676 2726 740 cancellarii
2756 673 3008 738 Romani
3046 673 3368 759 Friderici,
3401 679 3634 747 Niceta;

245 766 612 854 oppositam,
635 767 818 828 fuisse
841 765 915 828 de
936 766 1142 830 Latino
1165 765 1488 827 translatan
1511 764 1716 854 Graece
1733 773 1792 828 et
1807 785 2006 828 coram
2033 767 2395 849 imperatorc
2417 767 2722 828 recitatam
2753 763 3062 854 ;Micetam
3093 782 3233 826 vero
3253 778 3525 832 eoactum
3553 771 3639 854 (2)

235 851 522 918 damnare
559 863 619 917 et
648 856 1003 918 comburere
1027 874 1136 918 sua
1158 855 1400 936 scripta,
1434 853 1635 917 habita
1662 855 2067 937 disputatione
2096 857 2253 938 apud
2289 857 2713 919 monasterium
2747 851 2939 917 Studii
2983 852 3046 913 in
3085 854 3236 917 urbe
3282 851 3628 925 GPolitana.

247 945 479 1025 (ΡΑιιιι.)
508 947 680 1012 Gonf.
704 947 778 1009 de
803 946 910 1009 illo
933 947 1091 1012 Guil.
1117 949 1294 1020 Cave,
1326 945 1498 1010 Hist.
1531 945 1651 1011 litt.
1681 946 1798 1010 SS.
1837 947 2000 1012 Eccl.
2028 955 2188 1010 tome
2215 947 2290 1021 II,
2325 967 2384 1029 p.
2419 944 2918 1029 136;Hamberg.
2943 942 3008 1006 Z.
3032 941 3106 1004 N.
3147 941 3250 1025 IIl,
3294 965 3353 1026 p.
3389 949 3548 1030 759;
3584 960 3642 1014 et

243 1033 428 1114 Saxii,
464 1037 682 1101 Onam.
709 1034 782 1111 II,
817 1055 876 1117 p.
918 1037 1024 1100 181
1056 1055 1073 1114 ;
1108 1034 1474 1099 Schroeckh.
1509 1035 1647 1097 His.
1679 1036 1820 1100 eccl.
1840 1035 2042 1119 XXIV,
2074 1057 2132 1118 p.
2157 1037 2276 1099 219
2302 1055 2432 1118 seq.
2456 1070 2536 1080 —
2560 1035 2790 1099 Nicetae
2812 1030 3130 1109 Pectorati,
3162 1032 3376 1100 Libell.
3432 1049 3640 1104 contra

245 1124 488 1188 Latinos
519 1125 714 1189 editus
745 1134 803 1188 et
831 1124 905 1188 ab
935 1125 1340 1208 apocrisiariis
1368 1125 1712 1206 apostolicae
1729 1125 1892 1188 sedis
1919 1127 2093 1190 CPoli
2131 1135 2427 1208 repertus,
2471 1125 2676 1188 Latine
2714 1141 2852 1186 cum
2887 1119 3262 1208 Refutatione
3294 1124 3634 1208 Humnerti,

245 1215 437 1276 Patris
467 1216 776 1298 purpurati
809 1215 907 1297 (de
935 1207 1051 1297 quo
1082 1214 1215 1278 vide
1236 1213 1398 1278 Saxii
1421 1213 1644 1278 Onom.
1681 1213 1755 1279 H.
1791 1235 1849 1297 p.
1883 1215 2022 1294 180,
2059 1224 2119 1280 et
2140 1207 2290 1298 quos
2317 1216 2420 1278 ille
2451 1215 2676 1295 laudat)
2721 1213 2783 1275 in
2818 1214 2941 1302 7H._
2973 1207 3397 1302 Canisii_Lect.
3432 1207 3636 1302 antiq.

245 1311 393 1368 tom.
425 1302 527 1380 III,
657 1303 796 1385 308,
825 1305 894 1366 ed
926 1305 1196 1384 Basnage
1245 1339 1322 1350 —
1368 1303 1650 1384 Ejusdem
1685 1323 1929 1368 carmen
1961 1297 2283 1369 iambicum
2320 1305 2382 1367 in
2417 1304 2761 1368 Simeonem
2807 1298 3143 1387 Iuniorem,
3197 1297 3300 1363 Gr.
3331 1310 3391 1365 et
3414 1304 3542 1369 Lat.
3575 1297 3640 1371 in

245 1394 316 1456 L.
351 1385 581 1470 Allatii,
614 1392 890 1457 Diatribe
904 1394 978 1456 dc
992 1393 1418 1476 Symeonibus,
1440 1412 1590 1475 page
1619 1393 1938 1458 168.—In
1974 1415 2118 1471 mss,
2152 1395 2650 1459 codicibusLau‘r.
2669 1391 2953 1456 Mediceis
2973 1385 3392 1458 etVindobon.
3414 1399 3636 1461 Cmsar.

241 1489 556 1546 servantur
574 1483 737 1565 varia
762 1503 778 1560 ;
800 1516 878 1527 —
900 1485 967 1547 In
989 1483 1122 1546 cod.
1158 1483 1319 1547 Med.
1345 1483 1443 1559 19,
1471 1502 1532 1547 ιι.
1566 1482 1848 1560 3,etcod.
1870 1485 2214 1550 Vindobon.
2240 1487 2380 1560 240,
2410 1505 2472 1547 ιι.
2491 1489 2550 1561 6,
2572 1485 2794 1566 Opusc.
2814 1478 3130 1557 ineditum,
3156 1481 3414 1561 capitum
3428 1489 3639 1551 asceti-

240 1593 447 1636 corum
481 1582 600 1636 tres
621 1571 927 1636 centuria.
947 1571 1021 1636 V.
1048 1573 1300 1636 Bandin.
1327 1572 1515 1637 Codd.
1538 1575 1640 1639 Gr.
1674 1574 1819 1638 bibl.
1840 1575 2121 1639 Laurent.
2146 1575 2213 1640 L.
2241 1595 2300 1656 p.
2326 1575 2466 1657 262,
2490 1583 2549 1637 et
2569 1572 2849 1636 Lambec.
2874 1569 3107 1657 Comm.
3129 1567 3214 1657 de,
3226 1569 3376 1638 bibl.
3417 1573 3633 1641 Caesar.

242 1660 318 1738 V,
344 1683 404 1743 p.
431 1661 672 1726 216-
702 1658 772 1723 In
792 1661 925 1723 cod.
950 1661 1148 1725 nedic.
1181 1662 1274 1738 I6,
1301 1681 1362 1723 ιι.
1385 1663 1486 1739 25,
1508 1663 1654 1744 plut.
1676 1664 1736 1740 9,
1763 1672 1822 1726 et
1858 1664 2127 1730 Caesareo
2171 1654 2304 1727 cod.
2327 1654 2468 1741 217,
2496 1683 2558 1726 ιι.
2601 1664 2704 1739 21,
2745 1670 2922 1741 atque
2973 1654 3108 1746 cod.
3144 1656 3291 1746 233,
3345 1681 3410 1724 ιι.
3466 1666 3526 1746 7,
3563 1666 3638 1728 ad

240 1752 484 1815 Latinos
506 1754 592 1815 De
610 1752 867 1832 azymis,
879 1751 1124 1830 jejunio
1149 1749 1430 1814 Sabbatli
1445 1743 1768 1832 et’nuptiis
1787 1755 2188 1817 sacerdotum.
2236 1753 2511 1835 (Bandin.
2539 1752 2621 1817 ib.
2649 1771 2706 1833 p.
2731 1752 2850 1813 415
2875 1770 2891 1821 ;
2918 1743 3275 1835 etLambec.
3306 1748 3402 1829 V.,
3434 1773 3493 1834 p.
3510 1743 3640 1819 V263

243 1859 374 1924 seq.
409 1860 479 1904 ac
501 1861 562 1923 p.
584 1841 852 1918 476.)-
877 1838 946 1901 In
975 1838 1111 1902 cod.
1146 1838 1242 1915 30,
1271 1839 1416 1920 plut.
1446 1841 1544 1921 10,
1584 1849 1676 1903 est
1695 1841 1930 1922 Ἐκλογὴ
1971 1833 2344 1924 οερὶιιιιιιθχ
2386 1840 2607 1904 sanctis
2643 1838 2941 1904 Patribus.
2985 1833 3284 1919 Praefatio,
3317 1833 3452 1922 qum
3477 1863 3638 1924 pm-

242 1931 425 2008 cedit,
456 1949 491 1993 a
511 1929 907 1994 Montfaucon.
937 1926 1002 1991 in
1026 1928 1213 1992 Catal.
1237 1927 1516 1990 tribuitur
1542 1927 1784 1993 Nicetae.
1828 1935 1915 1996 Ex
1941 1929 2149 1993 Niceta
2181 1941 2379 1994 autem
2423 1931 2675 2012 aliisque
2713 1927 3104 2010 scriptoribus
3141 1927 3358 1991 eceles.
3385 1949 3639 2011 quorum

191 2039 203 2047 “
240 2021 486 2084 nomina
507 2019 568 2081 in
594 2020 866 2098 margine
889 2025 1028 2081 sunt
1057 2017 1338 2099 ascripta,
1370 2018 1658 2080 adornata
1687 2027 1776 2082 est
1808 2021 1936 2083 haec
1957 2021 2252 2097 collectio,
2280 2029 2432 2084 teste
2458 2020 2713 2082 Bandin.
2737 2019 2780 2084 l.
2802 2038 2857 2080 c.
2900 2037 2963 2099 p.
2994 2017 3117 2081 494
3145 2037 3275 2100 seq.
3294 2055 3372 2066 —
3396 2019 3465 2082 In
3494 2023 3636 2090 cod.

237 2111 458 2173 Caesar.
482 2107 742 2172 Vindob.
767 2106 909 2182 283,
934 2126 996 2172 n.
1020 2107 1081 2189 9,
1107 2115 1198 2169 est
1219 2105 1486 2187 ejusdem
1509 2105 1709 2171 Oratio
1731 2109 1922 2190 prima
1939 2109 2231 2172 invectiva
2252 2118 2459 2172 contra
2473 2109 2887 2188 blasphemam
2903 2106 3329 2194 Armeniorum
3344 2109 3635 2194 haeresin,

237 2208 304 2261 ut
321 2198 530 2261 scribit
548 2197 827 2260 Lambec.
856 2197 928 2271 V,
973 2215 1032 2277 p.
1078 2195 1222 2259 477.
1262 2229 1343 2242 -—
1376 2194 1444 2258 In
1486 2197 1620 2259 cod.
1661 2198 1802 2275 256,
1842 2218 1903 2263 n.
1945 2199 2021 2260 18
2051 2199 2343 2280 Excerpta
2373 2216 2444 2261 ex
2474 2197 2691 2272 Photii,
2715 2196 2940 2260 Niceta;
2961 2193 3226 2259 Stethati
3257 2193 3638 2282 aliorumque

237 2286 585 2353 Graecorum
615 2305 755 2369 opp.
790 2294 997 2349 contra
1027 2284 1291 2361 Latinos,
1323 2284 1396 2348 de
1412 2291 1795 2366 processione
1821 2287 2090 2368 Spiritus
2116 2290 2330 2363 sancti,
2356 2287 2431 2350 de
2468 2287 2732 2368 azymis,
2760 2294 2872 2348 etc.
2918 2283 3221 2366 (Lambec.
3248 2285 3349 2362 IV,
3377 2307 3438 2369 p.
3466 2286 3632 2371 339).

238 2412 322 2424 -
338 2376 408 2442 Ιιι
428 2377 563 2442 cod.
587 2377 683 2438 45.
709 2395 770 2438 ιι.
789 2376 890 2438 56.
919 2375 1146 2439 Niceta;
1177 2372 1429 2438 Stethati
1451 2374 1722 2437 centuria
1743 2375 1916 2438 tertia
1936 2375 2360 2458 Epistolarum,
2387 2375 2669 2457 Epistolae
2688 2376 2808 2438 ires
2829 2375 2903 2438 de
2914 2375 3254 2437 canonibus
3273 2377 3638 2443 ecclesiasti-

238 2469 349 2531 cis.
382 2465 691 2546 (Lambec.
727 2463 886 2539 VIII,
914 2485 974 2547 [ι.
1007 2464 1119 2528 941
1156 2463 1311 2545 seq.)
1350 2500 1422 2510 —
1450 2462 1518 2526 In
1547 2463 1681 2528 cod.
1711 2463 1960 2530 Barocc.
1994 2467 2074 2529 69
2112 2465 2262 2530 bibl.
2294 2465 2525 2529 Bodlei.
2557 2463 2783 2527 Nicetae
2809 2462 3107 2527 Pectorati
3151 2465 3426 2528 centuria
3459 2484 3524 2533 ιι.
3557 2503 3638 2517 -

239 2555 521 2638 Ejusdem
551 2558 676 2636 Περὶ
698 2561 791 2612 τοῦ
818 2554 938 2612 κατ’
969 2554 1167 2613 εἰκόνα.
1204 2590 1273 2600 -
1293 2554 1456 2616 Inter
1479 2552 1659 2616 codd.
1683 2552 1863 2616 Norfo

2005 2556 2168 2619 inec.
2195 2553 2349 2635 (Cat.
2377 2555 2554 2618 codd°
2582 2553 2836 2635 Angliae,
2866 2559 3008 2630 tom,
3034 2549 3110 2629 II,
3135 2570 3196 2633 p.
3223 2554 3325 2635 84)
3358 2573 3419 2618 ιι.
3451 2556 3634 2638 3434,

239 2644 482 2709 Hicetas
511 2643 876 2718 Pectoratus,
900 2642 976 2704 de
999 2641 1230 2705 caelesti
1249 2641 1621 2720 Hierarchia,
1646 2641 1957 2706 etNicetas
1975 2643 2282 2722 diaconus,
2315 2643 2390 2706 ad
2425 2643 2693 2706 Nicetam
2737 2643 3114 2706 Pectoratum
3163 2676 3243 2689 —
3270 2645 3540 2724 Taurini,
3573 2647 3638 2712 in

238 2735 389 2800 bibl.
413 2733 562 2815 Reg.
592 2733 733 2796 cod.
758 2731 894 2808 180,
921 2737 1043 2792 tres
1064 2730 1360 2794 Centuriaa
1377 2731 1772 2810 capitulorum
1801 2732 2222 2795 asceticorum.
2249 2767 2327 2778 —
2350 2732 2496 2796 Cod.
2522 2732 2666 2815 200,
2706 2753 2766 2796 n.
2815 2732 2916 2808 13,
2965 2738 3024 2794 et
3051 2731 3194 2807 288,
3238 2731 3340 2797 fol.
3377 2737 3516 2818 134,
3547 2738 3638 2802 De

237 2826 501 2906 azymis,
523 2824 598 2887 de
609 2825 845 2905 jejunio
865 2819 1118 2886 Sabbati
1137 2828 1195 2883 et
1208 2821 1284 2884 de
1312 2823 1543 2902 nuptiis
1571 2821 1977 2886 sacerdotum.
1997 2857 2074 2869 -—
2097 2821 2232 2886 cod.
2264 2817 2405 2901 332,
2430 2825 2522 2887 De
2540 2823 2748 2887 anima
2768 2830 2826 2887 et
2845 2823 2917 2885 de
2926 2822 3212 2903 paradiso
3237 2842 3253 2904 ;
3276 2817 3542 2904 tertium,
3575 2828 3640 2891 in

237 2914 540 2978 Prommio
555 2918 990 2976 memorantum
1007 2929 1215 2991 opusc.
1237 2910 1690 2974 Dehierarchia
1701 2911 1978 2992 angelica
1999 2920 2058 2976 et
2072 2907 2404 2977 ecclesiast.
2425 2912 2883 2976 Desideraturin
2904 2912 3005 2974 illo
3024 2910 3159 2974 cod.
3183 2909 3256 2974 ν.
3277 2914 3467 2976 Catal.
3483 2917 3637 2980 codd

237 3003 339 3068 Gr.
357 3005 539 3068 Taur.
566 3022 628 3084 p.
647 3001 790 3078 269,
807 3000 944 3077 2'78,
971 3000 1114 3075 384,
1134 3000 1277 3065 415.
1302 3036 1374 3048 -
1402 2999 1468 3062 In
1491 3000 1627 3064 cod.
1652 2998 1881 3064 Veneto
1902 3000 2224 3065 Marciano.
2251 3003 2390 3067 575.
2419 3001 2642 3065 Nicetae
2671 3001 2925 3066 Stethati
2948 2998 3062 3082 Op.
3085 3001 3162 3064 In
3179 3001 3636 3076 Hexaemeron.

233 3093 464 3158 Divitur
490 3093 554 3155 in
585 3091 784 3174 capita
818 3093 892 3155 15
939 3109 1194 3173 quorum
1244 3091 1505 3173 primum
1561 3089 1862 3153 inscribitt

2011 3093 2162 3172 λόγος
2208 3094 2325 3172 περὶ
2358 3097 2542 3173 ψυχῆς
2590 3096 2679 3151 καὶ
2725 3098 2934 3171 πρῶτον
2978 3095 3096 3171 περὶ
3127 3093 3402 3174 ἀγγέλων,
3438 3130 3521 3143 -
3545 3097 3640 3163 De

229 3185 526 3263 paradiso
548 3181 846 3257 terrestri,
872 3180 1068 3262 capita
1093 3182 1155 3244 5.
1189 3215 1270 3227 —
1309 3180 1486 3243 Aliud
1509 3199 1658 3261 opus
1699 3182 1758 3242 in
1801 3199 1931 3262 cap.
1983 3185 2022 3245 8
2061 3180 2470 3262 distributum,
2519 3199 2772 3263 quorum
2813 3180 3074 3262 primum
3115 3180 3474 3265 inscriptum
3499 3195 3634 3266 est;

237 3274 407 3353 Λόγος
438 3272 813 3353 οροτρεπτικὸς
837 3273 910 3337 εἷς
955 3271 1263 3347 μετάνοιαν,
1297 3277 1415 3335 etc.
1449 3267 1521 3333 ν.
1553 3271 1692 3333 Car.
1724 3271 1866 3333 codd

2002 3288 2035 3329 ·.
2069 3272 2286 3332 Venet.
2324 3290 2384 3351 p.
2417 3270 2559 3352 301,
2601 3270 2705 3332 ubi
2743 3270 3051 3333 confector
3092 3271 3390 3353 catalogi:
3430 3299 3458 3331 α
3490 3273 3631 3340 Haec

238 3358 485 3434 Nieetaa,
515 3360 621 3434 ait,
655 3376 837 3440 opera
864 3375 986 3420 non
1015 3367 1412 3422 recensentur
1438 3377 1472 3420 a
1521 3357 2017 3420 bibliothecarum
2047 3359 2463 3440 scriptoribus,
2494 3377 2645 3440 quos
2674 3359 2956 3420 vidimus.
2987 3383 3013 3416 ι»
3037 3359 3160 3421 Sed
3179 3359 3381 3424 forsan
3415 3365 3630 3444 partim

246 3457 447 3532 partes
475 3447 892 3529 opusculorum
922 3455 1080 3524 sunt,
1117 3447 1330 3528 partim
1354 3447 1564 3510 eadem
1584 3448 1872 3529 opuscula
1892 3449 2041 3529 ipsa,
2063 3467 2192 3530 quae
2214 3457 2338 3510 tum
2362 3449 2421 3511 in
2447 3449 2581 3511 cod.
2601 3447 2788 3511 Paris.
2816 3466 2952 3510 mox
2976 3449 3364 3511 memorando
3383 3452 3638 3535 aliisque

247 3535 648 3612 nominantur,
680 3546 807 3601 tum
837 3555 970 3619 quae
999 3536 1063 3598 in
1093 3535 1241 3598 bibl.
1267 3535 1558 3601 Eseurial.
1587 3545 1845 3601 exstare.
1872 3546 1934 3600 et
1961 3555 1997 3598 a
2024 3537 2237 3600 Pluero
2259 3537 2501 3615 Nicetae,
2531 3538 2845 3614 monacho,
2879 3536 3139 3617 ascripta
3166 3537 3352 3602 fuisse
3366 3558 3546 3622 supra
3573 3542 3640 3606 in

241 3625 459 3690 Niceta
487 3627 795 3709 monacho,
829 3625 1111 3691 vidimus.
1137 3659 1217 3670 —
1234 3625 1477 3688 Parisiis
1503 3629 1559 3689 in
1588 3626 1734 3690 bibl.
1759 3625 1928 3707 publ.
1954 3626 2090 3691 cod.
2114 3627 2254 3703 362,
2282 3646 2343 3690 ιι.
2374 3626 2469 3702 13,
2497 3626 2691 3707 capita
2723 3625 3094 3688 asceticasin
3112 3633 3234 3689 tres
3251 3633 3520 3694 centuria
3541 3633 3636 3696 di-

237 3716 394 3780 visa.
423 3750 486 3762 —
515 3716 580 3778 In
600 3715 736 3778 cod.
764 3716 946 3793 2747,
962 3734 1026 3778 ιι.
1049 3717 1111 3790 2,
1131 3714 1286 3778 liber
1297 3714 1392 3778 De
1406 3717 1702 3796 paradiso
1723 3715 2143 3790 intellectuali,
2165 3715 2565 3797 Delibertate,
2591 3717 2678 3779 De
2695 3723 2924 3778 natura
2946 3717 3281 3794 actionum,
3311 3717 3638 3786 Deanimos

233 3805 647 3886 facultatibus
667 3813 726 3867 et
749 3807 1045 3869 oratione.
1071 3839 1149 3850 —
1171 3803 1508 3886 Symeonis,
1531 3805 1819 3886 theologi,
1841 3802 1976 3868 Vita
1993 3822 2028 3866 a
2047 3803 2254 3868 Niceta
2275 3806 2544 3870 Stethato
2567 3805 2811 3887 scripta.
2836 3803 2910 3869 V.
2933 3803 3120 3868 FABR.
3138 3809 3205 3870 B.
3241 3808 3348 3873 Gr.
3367 3808 3484 3873 vol.
3507 3808 3638 3888 VII,

235 3895 325 3959 De
361 3893 578 3977 elogiis
616 3895 894 3976 citusque
938 3891 1046 3958 SS.
1099 3913 1160 3974 p.
1215 3893 1353 3968 142,
1411 3893 1506 3957 ed.
1535 3901 1644 3958 vet.
1684 3911 1702 3971 ;
1752 3902 1810 3956 et
1837 3893 1953 3957 vol.
1986 3891 2138 3970 VIII,
2174 3894 2392 3975 p.136.
2430 3895 2589 3956 inter
2614 3894 2890 3958 Melodos
2923 3894 3280 3961 Graecorum
3308 3896 3444 3978 Nic,
3470 3898 3540 3962 in
3569 3898 3638 3962 li-

236 3983 414 4048 brum
446 3985 804 4066 hymnorum
836 3980 1152 4064 Symeonis
1180 3983 1392 4064 ms.{in
1423 3982 1570 4048 bibl.
1603 3983 1837 4048 Bodlei.
1864 3983 1999 4048 cod.
2034 3983 2072 4045 5
2095 3982 2317 4046 Barroc
2346 3982 2588 4066 (ΗΑιιι.)

318 4115 513 4201 (QLAb
535 4115 683 4201 imp.
707 4114 1118 4201 Constantino,
1152 4115 1895 4201 monomacbo,_hortanti-
1976 4114 2366 4201 licaelegatis.
2399 4118 2471 4201 ιζ.
2507 4115 2726 4201 Baron.
2755 4116 2922 4180 Ann.
2971 4117 3183 4184 eccles.
3227 4126 3377 4186 tom.
3423 4117 3530 4201 XI,
3580 4140 3640 4188 a.

236 4197 352 4263 bus
380 4195 718 4262 Humberto
748 4195 1075 4274 cardinale,
1101 4196 1455 4280 cteterisque
1471 4195 1633 4261 sedis
1649 4203 1889 4280 aposto-
1975 4195 2160 4278 1054,
2193 4195 2255 4263 n.
2288 4198 2393 4276 20,
2426 4197 2527 4264 21.
2567 4197 2810 4279 (Hann)

1329 4507 1910 4621 NOTITIA
1994 4509 2558 4620 ALTERA

486 4742 592 4823 (Ex
621 4743 822 4808 Leone
849 4741 1070 4808 Allatio
1095 4743 1162 4807 in
1188 4738 1460 4810 Diatriba
1485 4740 1564 4806 de
1592 4738 1842 4821 Nicetis,
1873 4739 2034 4825 apud
2063 4739 2281 4806 Maium
2309 4739 2594 4807 Biblioth.
2629 4759 2780 4806 nova
2808 4741 3078 4822 Patrum,
3112 4747 3238 4808 tom
3264 4735 3397 4823 VI.)

319 5029 552 5095 Niceta
575 5027 853 5092 monachi
881 5027 1097 5092 scribit
1121 5027 1501 5093 Possevimus
1522 5028 1586 5090 in
1607 5026 1930 5093 biblitheca
1947 5025 2248 5092 Sfortiana
2269 5025 2478 5092 haberi
2494 5029 2630 5093 cod.
2657 5028 2774 5092 106
2803 5029 2888 5091 De
2909 5029 3121 5092 anima
3143 5026 3373 5092 librum
3400 5045 3593 5092 unum
3617 5049 3642 5104 ,°

240 5122 335 5185 De
345 5120 641 5201 paradiso
661 5119 1232 5200 contemplationem
1254 5117 1596 5200 ;Epistotas
1611 5119 1868 5199 aliquot;
1893 5119 1978 5181 De
1995 5117 2383 5180 hierarchiis.
2405 5117 2575 5180 Hunc
2597 5136 2770 5199 porro
2787 5115 3051 5178 Nicetam
3069 5134 3202 5179 esse
3218 5118 3574 5180 monachum
3588 5125 3650 5180 et

243 5209 660 5295 presbyterum
686 5207 902 5284 Studii,
928 5217 1325 5288 cognomento
1348 5206 1704 5285 Stethatum,
1725 5207 1942 5287 colligo
1963 5226 2034 5270 ex
2057 5207 2257 5270 indice
2289 5226 2402 5270 ms.
2428 5206 2634 5271 Graeco
2657 5206 3036 5269 bibliothecae
3055 5205 3403 5282 Escurialis,
3436 5207 3498 5268 in
3530 5225 3647 5288 qua

241 5301 403 5364 inter
428 5299 545 5362 alia
573 5297 828 5362 Stethati
857 5304 916 5361 et
944 5297 1071 5360 haec
1104 5306 1495 5362 recensentur
1522 5315 1538 5361 :
1573 5301 1696 5378 Περὶ
1735 5303 1870 5379 ψυχῑ

2020 5300 2084 5378 api
2127 5295 2442 5376 παραδείσου
2477 5318 2492 5335 ·
2528 5300 2600 5363 εἷς
2649 5303 2747 5365 τῆς
2779 5298 3019 5376 οὖρανίιιν
3063 5298 3150 5353 καὶ
3195 5295 3649 5363 inid-natantth

242 5393 542 5474 ἱεριρχίαιν.
581 5388 672 5452 De
703 5390 951 5465 anima;
980 5390 1073 5450 De
1089 5386 1388 5470 paradiso
1412 5405 1432 5450 :
1453 5388 1529 5452 In
1549 5387 1841 5452 castestem
1870 5393 1928 5450 et
1951 5387 2411 5450 ecclesiasticam
2432 5387 2872 5449 hierarchiam.
2902 5383 3096 5458 Quare
3116 5385 3193 5447 de
3213 5385 3328 5447 hoc
3353 5382 3646 5459 Stethato,

243 5500 380 5564 quae
407 5480 562 5542 libro
586 5497 649 5554 ιι,
675 5478 761 5541 De
808 5478 1199 5541 consensione
1238 5480 1586 5558 ustriusque
1629 5476 1896 5540 ecclesias
1934 5476 2308 5558 scripsimus,
2359 5477 2418 5538 in
2463 5478 2725 5539 medium
2770 5475 3188 5556 proferamus:
3243 5475 3654 5564 Hoc_nefario

245 5562 555 5636 Cerularii
573 5565 874 5650 exemplo,
898 5567 1012 5631 alii
1033 5584 1266 5648 quoque
1287 5569 1354 5629 in
1373 5566 1642 5640 Graecia,
1661 5569 1768 5648 qui
1786 5583 1846 5628 se
1855 5583 1922 5629 eo
1940 5584 2130 5647 usque
2151 5567 2364 5628 tacitas
2383 5583 2452 5628 ac
2472 5572 2810 5628 reverentes
2832 5565 3284 5644 continuerunt,
3298 5562 3528 5625 rubore
3538 5580 3651 5625 ecc-

236 5679 430 5733 cusso,
441 5658 653 5742 palam
671 5673 796 5720 non
809 5672 917 5719 ore
931 5655 1038 5718 sed
1048 5658 1292 5737 scriptis
1303 5657 1483 5720 editis
1499 5662 1564 5719 in
1584 5655 1925 5719 Romanam
1938 5654 2276 5718 Ecclesiam
2290 5654 2596 5718 oblatrare
2616 5660 2926 5736 coeperunt
2941 5671 2961 5728 ;
2975 5654 3316 5734 caqueipsa
3327 5658 3513 5714 celare
3536 5653 3655 5716 Ce-

235 5743 990 5826 rulariiNicetasquidam
1008 5762 1093 5808 ea:
1104 5751 1470 5811 monasterio
1491 5745 1722 5820 Studii,
1746 5753 2141 5829 cognomento
2152 5744 2488 5821 Stethatus,
2510 5762 2691 5826 quem
2714 5745 2926 5807 Latine
2941 5742 3234 5806 dixerunt
3250 5743 3624 5804 Pectoratum
3637 5791 3653 5816 ,

241 5840 431 5908 multa
445 5843 842 5912 Latinorum,
852 5837 1305 5918 etprwcipucde
1320 5835 1568 5919 Spiritu
1579 5843 1815 5918 sancto,
1825 5837 2174 5917 deazymis.
2194 5836 2266 5900 de
2276 5837 2560 5917 Sabbato,
2574 5844 2634 5901 et
2644 5838 2880 5918 nuptiis
2890 5832 3273 5897 sacerdotum
3293 5830 3660 5895 criminatus
