4126 6370
215 419 322 485 649
1713 417 1855 482 MOP

1939 418 2075 481 PUM
3475 411 3595 478 850

215 551 305 634 qui
333 549 690 632 Symeonem
721 551 1122 625 incursarent,
1156 548 1527 613 sanctitatem
1559 551 1746 633 ipsam
1771 551 2259 617 criminarentur.
2281 552 2348 615 In
2372 552 2585 615 eodem
2609 550 2868 616 Praemia
2898 572 2912 610 :
2934 551 3183 610 Πιπτέτω
3212 552 3404 633 et)de
3424 551 3453 607 ὸ
3470 562 3589 614 τοῖς

216 642 386 707 καλοῖς
416 648 679 719 νεμεσῶν,
711 645 798 699 καὶ
841 643 1122 718 ὕμνείσθω,
1155 642 1243 696 καὶ
1274 641 1606 720 εὔφημείσθω
1650 646 1677 699 6
1706 644 1882 719 ὕμνων
1913 647 1999 700 καὶ
2052 644 2336 723 ἀγκωμίων
2385 643 2646 700 παντοίων
2695 640 2834 707 ἄξιος
2879 642 3120 719 Συμεών,
3152 641 3287 699 καθά
3317 642 3405 697 καὶ
3433 639 3487 698 ἐν
3516 642 3595 715 τῷ

220 723 672 813 Ἀγιοκατηγόρων
701 731 845 810 λόγῳ
874 733 1010 807 μετὰ
1052 731 1302 810 χρήσεων
1347 734 1499 810 ἱερῶν
1529 731 1852 814 πλατύτερον

1940 735 2176 809 εθὲμεθα,
2201 734 2392 795 Abent
2409 732 2772 807 invidentia,
2796 748 2929 808 quae
2958 746 3202 810 semper
3237 729 3422 792 bonos
3442 728 3592 792 odit.

219 820 528 898 Laudatur,
561 828 621 884 et
644 823 795 884 satis
821 821 1044 899 faustis
1073 818 1315 881 vocibus
1344 819 1702 895 extollatur,
1736 824 1843 903 qui
1873 822 2159 885 laudibus
2178 830 2235 885 et
2258 821 2598 901 omnigenis
2621 825 2909 883 eucomz'z's
2937 820 3167 901 dignus
3195 824 3285 881 est
3313 817 3591 893 Simeon,

220 911 705 991 quemadmodum
734 912 829 990 gin
875 911 1154 973 oratione
1210 908 1505 973 adversus
1545 910 2087 994 Hagiocategoros,
2138 919 2490 975 sanctorum
2534 908 3002 973 auctoritatibus
3047 907 3349 985 adductis,
3398 908 3596 986 fusius

220 1001 692 1081 eaplicaximus.

289 1090 351 1152 In
385 1093 657 1154 Palatina
686 1089 1048 1152 bibliotheca
1071 1096 1161 1151 est
1186 1111 1199 1149 :
1233 1094 1439 1163 Νικήτα
1484 1094 1756 1162 Στηθάτου
1783 1116 1852 1150 κα

1939 1119 1959 1149 ν
1990 1096 2062 1159 εἷς
2106 1095 2198 1149 τὸν
2228 1093 2394 1172 μέγαν
2441 1092 2696 1172 ἷεράρχην
2743 1086 3031 1148 Νικόλαον.
3076 1085 3304 1150 Νἱεθεω
3328 1082 3598 1150 Stethati

217 1196 398 1243 canon
432 1186 500 1242 in
530 1198 819 1260 maguum
835 1178 1222 1242 hierarcham
1249 1178 1574 1245 Nicolaum
1602 1181 1855 1245 Acrostit

1944 1201 1973 1245 8
2004 1190 2129 1244 est:
2169 1182 2356 1264 Στέφω
2398 1202 2479 1258 σε,
2535 1177 2784 1258 Νικόλαε,
2820 1178 3057 1249 Νικήτας
3118 1184 3327 1254 ὕμνοις.
3361 1175 3432 1238 Ρ.
3468 1175 3594 1243 Σὴυ.

217 1291 365 1348 μερον
387 1272 416 1327 6
446 1268 646 1352 λύχνος
657 1322 668 1335 ,

252 1430 3571 1468 ω

1591 1601 2250 1716 MONITUM

935 1838 1038 1901 AD
1079 1837 1374 1906 NICETfE
1404 1836 1734 1904 CAPITUM
1768 1832 2251 1902 PRATICORUM
2294 1830 2721 1898 CENTURIAS
2764 1830 2978 1898 TRES.

462 2004 691 2086 (Graece
718 2004 782 2070 iu
811 2006 965 2072 libro
994 2009 1312 2074 rarissimo
1342 2009 1437 2072 cui
1470 2007 1715 2072 titulus:
1746 2009 1855 2066 «ad

1939 2009 2037 2066 ιλία
2068 2012 2172 2063 τῶν
2201 2008 2352 2085 ἱερῶν
2385 2010 2670 2074 Νηπτικῶν
2704 2002 2976 2067 Venetiis
3012 2001 3167 2068 1782
3209 1999 3337 2075 fol.)

288 2380 526 2451 Νικήτας
585 2383 614 2437 ὁ
673 2379 961 2447 ὁσιώτατος
1036 2382 1385 2464 πρεσϐύτερος
1441 2389 1539 2453 τῆς
1601 2379 1855 2441 Στουδίων

2023 2381 2292 2458 Nicetas,
2354 2382 2766 2444 sanctissimus
2817 2378 3187 2445 Studitarum
3245 2377 3599 2441 monasterii

218 2475 397 2545 μονῆς,
458 2472 489 2527 6
538 2470 629 2526 καὶ
698 2473 969 2537 Στηθᾶτος
1028 2472 1464 2552 ἐπικαλούμενος,
1523 2473 1588 2543 ἧν
1644 2473 1700 2529 ἐν
1754 2470 1858 2529 ἔτει

216 2560 311 2616 ἀπὸ
358 2566 590 2640 Χριστοῦ
642 2558 907 2640 χιλιοστῷ
963 2569 1282 2643 τριακοστῷ,
1330 2564 1573 2643 μαθητὴς
1630 2586 1858 2645 χρημα-

214 2649 348 2714 τίσας
390 2650 616 2726 Συμεὼν
645 2658 740 2708 τοῦ
763 2649 879 2707 νέου
938 2651 1201 2733 Θεολόγου
1232 2658 1259 2712 6
1289 2654 1651 2734 γνησιώτατος
1689 2675 1700 2686 ·
1734 2650 1859 2732 παρ’

214 2742 269 2797 οὗ
319 2739 494 2797 πολλά
568 2739 664 2815 μὲν
745 2739 949 2817 ἐμυήθη
1035 2748 1131 2811 τῆς
1201 2750 1564 2821 πνευματικῆς
1638 2742 1857 2824 φιλοσο-

215 2828 324 2907 cpia;
402 2826 749 2909 μυστηριώδη
849 2833 1160 2913 μαθήματα,
1263 2837 1350 2890 καὶ
1431 2840 1680 2891 τοσοῦτον
1762 2832 1855 2894 τὰς

212 2915 396 2976 ἐκείνου
450 2916 753 2995 ἀνεμάξατο
807 2918 1016 2998 ἀρετὰς,
1095 2922 1168 2986 ὼς
1239 2920 1400 2980 ἄλλον
1444 2922 1685 3002 ἀτεχνῶς
1744 2917 1853 2975 δεί-

213 3011 410 3064 κνυσθαι
452 3014 551 3064 τοῦ
603 3005 915 3065 διδασκάλου
971 3009 1256 3093 παρήλιον,
1330 3011 1481 3087 ὅλας,
1552 3013 1626 3074 ὡς
1685 3011 1854 3065 εἰπεῖν

214 3095 492 3175 αὔγοειδεϊς
570 3096 982 3162 ἀντανακλάσεις
1053 3104 1157 3156 τῶν
1230 3101 1431 3158 ἐκείνου
1505 3099 1853 3180 χαρισμάτων

213 3187 295 3240 καὶ
344 3183 678 3265 διδαγμάτων
753 3185 807 3242 ἐν
880 3193 950 3264 τῇ
1009 3193 1165 3269 ψυχῇ
1226 3194 1381 3249 αὐτοῦ
1434 3187 1799 3265 διαλάμποντα
1830 3202 1849 3222 ⁰

216 3270 329 3353 παρ’
374 3275 560 3332 ἑαυτοῦ
588 3272 643 3330 δὲ
698 3273 879 3339 πόνοις
940 3277 1179 3355 ἀτρύτοις
1238 3292 1361 3343 ταῖς
1415 3280 1577 3342 θείαις
1626 3274 1855 3357 ἀμφιλο-

221 3367 441 3445 σοφήσας
482 3374 748 3448 Γραφατς,
799 3367 1093 3445 πάμπολλα
1149 3372 1237 3428 καὶ
1294 3370 1551 3429 κάλλιστα
1608 3371 1853 3445 νοήματα

226 3451 609 3530 συλλεξάμενος.
698 3465 823 3514 Εστι
895 3455 940 3513 δ’
998 3459 1031 3514 ἃ
1087 3462 1173 3517 καὶ
1228 3460 1403 3541 πείρᾳ,
1465 3462 1553 3517 καὶ
1611 3459 1854 3537 μακαρίῳ

1944 2472 2277 2554 presbyter,
2309 2479 2551 2534 vocatus
2576 2470 2753 2533 etiam
2784 2472 3149 2544 Pectoratus,
3173 2466 3407 2531 vivebat
3433 2485 3593 2530 anno

1944 2570 2076 2642 post
2105 2562 2401 2626 Christum
2432 2560 2750 2622 millesimo
2780 2558 3107 2633 tricesimo,
3131 2556 3465 2620 ﬁdelissimi
3486 2575 3596 2618 no-

1942 2669 2080 2712 men
2137 2651 2251 2713 sibi
2298 2650 2605 2712 vindicans
2660 2642 2943 2729 discipuli
2985 2645 3283 2709 Simeonis
3331 2644 3595 2709 Junioris

1942 2740 2225 2820 theologi.
2274 2739 2444 2821 Apud
2495 2757 2672 2819 quem
2726 2740 2911 2799 multa
2959 2736 3205 2799 edidicit
3247 2735 3461 2797 divina;
3489 2752 3591 2796 sa-

1942 2829 2179 2910 pientiae
2211 2829 2509 2910 mysteria,
2546 2837 2604 2890 et
2632 2827 2716 2890 ita
2748 2829 3041 2909 expressit
3072 2826 3204 2905 ejus
3231 2825 3506 2898 virtutes,
3530 2829 3597 2886 ut

1937 2918 2189 2981 alterum
2221 2938 2358 2980 vere
2389 2917 2699 2980 videretur
2728 2915 2999 2994 magistri
3029 2914 3321 2996 parelion,
3354 2930 3587 2990 omnes,

1937 3014 1999 3069 ut
2038 3007 2119 3069 ita
2169 3008 2387 3088 dicam,
2439 3007 2670 3069 lucidos
2719 3004 3046 3085 gratiarum
3101 3011 3159 3066 et
3186 3003 3593 3065 doctrinarum

1935 3097 2064 3177 ejus
2094 3097 2154 3158 in
2182 3116 2290 3159 sua
2320 3105 2520 3158 mente
2549 3096 2748 3157 radios
2779 3091 3220 3156 reﬂectens.Ex
3244 3091 3442 3174 seipso
3474 3108 3591 3152 au-

1936 3193 2056 3247 tem
2088 3185 2390 3247 continuis
2419 3183 2722 3246 laboribus
2752 3201 2951 3245 sacras
3000 3182 3305 3263 sapienter
3339 3183 3585 3244 edoctus

1935 3272 2294 3355 Scripturas,
2328 3274 2540 3335 multas
2570 3272 2944 3353 optimasque
2973 3272 3300 3332 sententias
3325 3268 3586 3348 collegit.

1937 3362 2084 3425 Sunt
2114 3372 2331 3443 etquae
2364 3362 2732 3442 experientia
2782 3369 2842 3422 et
2883 3359 3043 3421 fclici
3085 3357 3433 3434 tentamine,
3467 3375 3590 3418 non

1937 3452 2126 3514 solum
2158 3451 2386 3527 didicit,
2411 3451 2516 3512 sed
2548 3458 2605 3513 et
2634 3448 2842 3523 sensit,
2878 3455 2937 3510 et
2965 3448 3134 3528 quasi
3166 3448 3342 3509 fetam
3375 3444 3590 3508 divinis

226 3541 392 3615 πάθει,
424 3544 498 3619 μὴ
527 3545 682 3619 μόνον
732 3546 937 3626 μαθὼν,
995 3546 1132 3605 ἀλλά
1180 3551 1268 3606 καὶ
1320 3536 1525 3623 παθὼν,
1581 3550 1670 3605 καὶ
1696 3536 1855 3605 οἱονεὶ

1939 3540 2605 3623 supernaturalibusque
2639 3536 3095 3626 cogitationibus
3124 3543 3390 3598 mentem
3419 3552 3588 3596 suam

217 3629 470 3708 ἐγκύμονα
539 3633 686 3691 θείων
744 3636 832 3690 xxi
890 3624 1165 3717 ὑπερφυῶν
1235 3637 1449 3696 ἐννοιῶν
1508 3639 1607 3705 τὴν
1664 3639 1852 3694 ἑαυτου

1939 3650 2008 3693 ex
2041 3632 2132 3692 his
2163 3630 2439 3693 omnibus
2469 3627 2688 3691 etfacit.
2721 3627 2869 3717 Alta
2884 3633 2942 3717 et
2971 3624 3409 3708 sapientissima
3436 3642 3586 3717 con-

211 3717 429 3778 διάνοιαν
473 3722 534 3780 ἐκ
573 3723 774 3780 τούτων
832 3725 1078 3783 ἁπάντων
1122 3726 1557 3806 ἀπεργασάμενος
1596 3743 1610 3757 ⁸
1670 3724 1853 3802 ὑψηλὰ

205 3812 287 3867 καὶ
322 3813 604 3893 σοφώτατα
658 3814 942 3889 πονήματι
1003 3815 1324 3893 ἀπεκύησεν,
1376 3819 1449 3882 ὡς
1510 3816 1675 3883 ἔξεστι
1733 3817 1852 3895 κρί-

204 3920 302 3957 νειν
368 3915 486 3966 τοῖς
546 3899 925 3984 βουλομένοις,-
985 3902 1045 3960 ἐκ
1121 3910 1228 3960 τῶν
1286 3906 1650 3984 προκειμένων
1699 3907 1854 3983 τριῶν

203 3988 556 4048 ἑκατοντάδων
634 3994 812 4049 αὖτοῦ.
902 3977 996 4056 "Ac
1073 3990 1264 4072 ἀκριϐῆ
1320 3977 1516 4051 κανόνα
1566 3999 1664 4061 τῆς
1719 3977 1856 4072 πρα-

202 4085 383 4147 κτικῆς
437 4081 530 4137 καὶ
605 4079 851 4157 γνώσεως
909 4081 1175 4147 ἀπλανοῦς
1261 4082 1501 4163 ὁδηγίαν,
1587 4086 1676 4140 καὶ
1744 4084 1856 4160 βίου

186 4164 588 4227 ’θεοειδεστάτου
646 4167 938 4251 τελείωσιν,
993 4174 1083 4228 καὶ
1113 4172 1346 4237 συνόλως
1392 4174 1586 4247 εἰπεῖν,
1633 4186 1855 4248 ταμεῖον

203 4257 599 4316 πλουσιώτατον
667 4263 766 4325 τῆς
837 4259 1026 4327 ἠθικῆς
1103 4263 1191 4318 καὶ
1276 4260 1638 4341 ἀλληγορικῆς
1719 4260 1857 4326 ἰδέας

203 4348 355 4405 εἰπών
403 4370 511 4423 τις,
569 4347 783 4404 ἅπασαν
834 4347 946 4427 ἐρεῖ
996 4350 1096 4418 τὴν
1127 4348 1402 4421 ἀλήθειαν,
1460 4343 1551 4416 ιΩς
1602 4352 1698 4428 μὲν
1756 4351 1854 4429 γάρ

200 4438 322 4493 εἰσιν
378 4436 593 4514 ὑψηλαὶ
642 4449 760 4500 τοῖς
810 4440 1093 4524 νοήμασιν,
1156 4442 1227 4503 ὡς
1272 4437 1325 4495 δὲ
1384 4440 1743 4520 μεγαλήγοροι
1786 4445 1853 4517 τῇ

197 4524 505 4601 καλλιεπεὶᾳ
536 4531 639 4593 τῆς
671 4527 935 4606 φράσεως,
986 4527 1123 4584 ὥστε
1172 4527 1365 4608 ἄπορον
1420 4531 1588 4607 εἶναι,
1637 4532 1858 4605 πότερον

192 4611 270 4670 ὂιά
288 4618 378 4672 τὸν
408 4616 465 4671 ἐν
502 4620 697 4679 αὐταῖς
755 4614 1059 4693 ἐγκεῖμενον
1117 4624 1259 4690 νοῦν,
1305 4618 1340 4687 ἢ
1401 4617 1486 4676 διὰ
1536 4622 1596 4676 τὸ
1649 4621 1861 4696 κομψὸν

192 4709 288 4760 τῶν
318 4702 547 4786 λέξεων,
596 4704 862 4771 τοσαύτην
894 4705 1052 4791 χάριν
1084 4705 1366 4786 ἐγχεῖσθαι
1395 4722 1519 4773 ταῖς
1546 4716 1653 4767 τῶν
1683 4709 1865 4787 ἀναγι-

194 4795 509 4851 νωσκόντων
543 4798 757 4873 ψυχαῖς
768 4841 780 4856 .
1626 4800 1627 4803 η

1935 3722 2094 3802 cepit
2123 3738 2327 3802 opera,
2363 3731 2429 3781 ut.
2468 3718 2724 3800 quisque
2764 3715 3040 3797 judicare
3070 3722 3262 3797 potest
3300 3732 3369 3775 ex
3400 3711 3591 3775 tribus

1935 3810 2220 3872 centuriis
2268 3808 2681 3890 sequentibus.
2726 3805 2883 3878 Quas
2913 3812 3136 3868 certam
3169 3821 3301 3866 esse
3331 3802 3593 3884 pratices

1939 3900 2222 3980 regulam.
2259 3897 2613 3960 infaillibilis
2641 3894 2930 3958 doctrinae
2961 3893 3174 3957 ducem
3194 3900 3255 3956 et
3270 3892 3403 3954 vitae
3432 3890 3589 3954 divi-

1942 3989 2203 4050 nissimae
2260 3987 2714 4069 perfectionem,
2778 4003 2895 4046 uno
2954 3984 3162 4059 verbo,
3224 3982 3588 4045 ditissimum

1941 4079 2207 4140 scientiae
2238 4077 2479 4138 moralis
2501 4085 2562 4138 et
2585 4074 2848 4157 mysticae
2875 4072 3273 4154 repertorium
3304 4071 3409 4152 qui
3429 4070 3596 4133 dixe-

1939 4168 2036 4241 rit,
2071 4186 2308 4230 omnem
2342 4173 2570 4228 asserat
2596 4165 2932 4227 veritatem.
2959 4162 3194 4225 Etenim
3219 4169 3358 4223 sunt
3378 4159 3593 4240 partim

1942 4258 2110 4320 elatae
2140 4254 2473 4336 sententiis,
2509 4254 2724 4335 partim
2752 4251 2977 4333 eloquii
3004 4250 3311 4332 leporibus
3340 4247 3592 4328 praecel-

1941 4346 2106 4411 lunt:
2140 4345 2223 4408 ita
2248 4353 2314 4406 ut
2343 4343 2580 4406 dubites
2606 4352 2806 4404 utrum
2839 4339 3032 4402 infusa
3062 4339 3123 4401 in
3155 4340 3272 4401 illis
3294 4337 3589 4413 doctrina,

1940 4457 2015 4499 an
2043 4435 2360 4497 verborum
2402 4430 2809 4493 concinnitate
2855 4437 3074 4491 tantam
3105 4429 3169 4490 in
3195 4425 3412 4490 animis
3461 4424 3593 4487 lec-

1942 4535 2137 4589 torum
2162 4521 2603 4586 delictationem
2633 4517 2970 4582 infundant.
