4126 6378
471 393 582 460 851

1777 381 2085 448 NIGETE
2125 378 2556 446 PEGTORATI

3744 373 3869 438 852

488 506 3850 554 Μ

1736 701 2612 880 ΝΙΚΗΤΑ

897 996 1222 1052 ΜΟΝΛΧΟΥ
1268 998 1382 1051 ΚΑΙ
1425 996 1887 1051 ΠΡΕΣΒΥΤΕΡΟΙ
1929 993 2064 1046 ΥΗΣ
2110 989 2598 1046 ΕΥΑΙἚΣΤΑΤΗΣ
2643 988 2879 1043 ΜΟΝΗΣ
2924 992 3060 1043 ΤΩΝ
3103 987 3446 1044 ΣΤΟΥΔῙΩΝ

1729 1179 1956 1266 ΤΟΥ
2021 1172 2628 1264 ΣΤΗΘΑΤΟΥ

1452 1374 1774 1427 ΜΑΘΗΤΟΥ
1819 1371 2097 1426 ΣΥΜΕΩΝ
2140 1375 2270 1428 ΤΟΥ
2311 1375 2486 1428 ΝΕΟΥ
2529 1367 2881 1426 ΘΕΟΛΟΓΟΓ

1051 1559 2114 1690 ΠΡΑΚΤΙΚΩΝ

2229 1564 2458 1692 ΚΕ
2478 1555 3284 1689 ΦΑΛΑΙΩΝ

1588 1832 2253 1920 ΕΚΑΤΟΝΤΑΣ
2345 1829 2731 1918 ΠΡΩΤΗ

1725 2225 2618 2402 NICETZE

661 2511 1006 2581 MONACHI
1044 2513 1143 2580 ET
1187 2509 1663 2579 PRESBYTEBI
1703 2506 2170 2575 SANCTISSIMI
2213 2504 2706 2575 STUDITARUM
2749 2509 3228 2588 MONASTERII,
3261 2509 3694 2578 COGNOMINE

1135 2680 1588 2763 PECTORATI,
1636 2678 2003 2745 DISCIPULI
2047 2675 2420 2745 SYMEONIS
2461 2675 2797 2746 JUNIORIS
2839 2679 3223 2748 THEOLOGI

1176 2882 2312 3028 PRATICORUM
2418 2883 3186 3018 CAPITUM

1627 3149 2268 3250 CENTURIA
2350 3151 2738 3248 PRIMA

580 3533 635 3596 1.
666 3529 952 3611 Quatuor,
1002 3534 1070 3592 ut
1113 3526 1392 3606 arbitror,
1436 3528 1499 3591 in
1541 3526 1801 3610 perfecta
1845 3526 2134 3591 virtutum

2299 3516 2376 3587 α’.
2410 3525 2678 3607 Τέσσαρας
2710 3526 2898 3604 οἴομαι
2927 3527 3022 3593 τὰς
3080 3530 3247 3596 αἰτίας
3305 3533 3448 3590 εἶναι
3493 3533 3547 3590 ἐν
3579 3529 3749 3613 τριάδι
3778 3553 3876 3590 τε-

495 3620 764 3684 trinitate
794 3626 932 3682 sunt
959 3635 1155 3680 causa;
1181 3617 1256 3680 ad
1285 3617 1456 3680 utilia
1485 3616 1803 3680 scribenda
1830 3616 2140 3698 impellen-

494 3717 582 3773 tes
612 3727 748 3772 eum
772 3708 872 3790 qui
901 3714 1177 3770 recenter
1195 3705 1268 3768 ab
1292 3706 1462 3769 initio
1490 3707 1563 3769 ad
1584 3707 1847 3770 medium
1871 3724 2143 3787 progres-

493 3817 594 3861 sus
615 3804 730 3878 est,
775 3805 834 3858 et
865 3798 937 3860 ad
977 3796 1296 3858 trinitatem
1320 3794 1909 3877 mysticaatheologia:
1927 3813 2142 3875 proce-

493 3887 603 3948 dit.
639 3887 839 3948 Prima
870 3893 962 3948 est
990 3884 1256 3956 libertas,
1302 3885 1424 3963 illa,
1458 3886 1726 3967 inquam,
1755 3883 2139 3964 impassibili-

496 3983 585 4038 tas
608 3974 846 4056 animae,
875 3993 1005 4056 quae
1029 3993 1065 4035 a
1087 3973 1384 4040 laboriosa
1403 3975 1566 4057 praxi
1582 3974 1654 4036 ad
1675 3973 1976 4056 physicam
2004 3991 2146 4054 per-

494 4064 661 4129 venit
690 4063 1008 4125 creationis
1041 4061 1362 4139 tbeoriam,
1399 4063 1621 4144 ideque
1667 4062 1942 4144 mysteria
1972 4063 2146 4124 theo-

495 4153 666 4232 logia;
696 4152 964 4230 ingressa
996 4160 1109 4214 est.
1143 4152 1420 4232 Socunda
1453 4163 1543 4215 est
1568 4152 1782 4214 mentis
1814 4150 2148 4232 puriﬁcatio

497 4228 866 4322 ex'lacrymis
896 4249 957 4303 et
983 4228 1256 4304 oration'e
1299 4259 1312 4304 :
1352 4242 1514 4304 unde
1552 4241 1740 4303 oritur
1769 4228 1967 4302 sermo
1999 4240 2146 4302 cha-

494 4331 710 4408 ritatis,
736 4339 796 4392 et
839 4331 1061 4392 ﬂuenta
1103 4330 1529 4410 cogitationum
1564 4333 1915 4394 scaturiunt.
1948 4328 2153 4392 Tertia

498 4426 592 4485 est
647 4427 864 4482 sanctae
921 4419 1229 4484 Trinitatis
1287 4419 1580 4482 innobis
1639 4418 1920 4481 habitatio
1943 4435 1963 4480 -:
1990 4417 2152 4480 unde

497 4508 780 4591 Spiritus,
812 4509 1242 4573 illustrationes
1275 4528 1406 4592 qum
1447 4509 1698 4589 singulis
1728 4506 2054 4589 puriﬁcatis
2077 4505 2152 4568 ad

499 4615 708 4660 eorum
739 4598 1057 4661 utilitatem
1091 4599 1398 4680 aﬁ‘ulgent,
1426 4599 1497 4660 ad
1531 4597 1970 4660 manifestanda
1990 4614 2151 4676 mys-

501 4685 651 4749 teria
688 4687 858 4767 regni
903 4687 1214 4769 caelorum,
1259 4696 1318 4750 et
1375 4687 1728 4750 revelandos
1774 4685 2155 4748 absconditos

2221 3615 2337 3690 λείᾳ
2391 3622 2496 3673 τῶν
2553 3617 2778 3696 ἀρετῶν,
2836 3617 2932 3682 τὰς
2990 3616 3074 3676 ἐπὶ
3121 3622 3183 3677 τὸ
3235 3643 3452 3703 γραφειν
3512 3623 3756 3685 κινούσας
3809 3621 3878 3678 τὰ

2223 3705 2496 3781 λυσιτελῆ,
2526 3709 2616 3762 τὸν
2646 3706 2759 3787 ὂὶρτι
2787 3708 2850 3764 τὸ
2881 3707 3043 3784 μέσον
3087 3715 3187 3778 τῆς
3239 3711 3418 3792 ἀρχῆς
3475 3712 3876 3792 ὑπερκύψαντα,

2221 3797 2310 3854 καὶ
2339 3798 2470 3876 πρὸς
2521 3796 2620 3864 τὴν
2677 3793 2859 3876 τριάδα
2912 3803 3011 3864 τῆς
3071 3806 3331 3875 μυστικῆς
3382 3801 3644 3882 ἐφθακότα
3685 3798 3878 3859 θεολο-

2223 3884 2362 3963 γίας.
2411 3885 2511 3942 Καὶ
2565 3884 2780 3964 πρώτην
2844 3885 2940 3960 μὲν
2996 3887 3138 3944 εἶναι
3197 3889 3294 3956 τὴν
3341 3889 3650 3969 ἐλευθερίαν,
3713 3890 3879 3960 αὑτήν

2228 3995 2368 4053 φημι
2425 3973 2524 4039 τὴν
2579 3973 2832 4031 ἀπάθειαν
2907 3981 3006 4043 τῆς
3077 3981 3285 4058 ψυχῆς,
3345 3979 3444 4047 τὴν
3504 3977 3556 4046 ἐξ
3627 3978 3882 4037 ἐπιπόνου

2228 4061 2464 4142 πράξεως
2524 4061 2610 4118 ἐπὶ
2669 4063 2767 4131 τὴν
2828 4065 3051 4144 φυσικὴν
3109 4069 3454 4146 προκόψασαν
3509 4069 3724 4145 θεωρίαν
3778 4073 3882 4132 τῆς

2231 4151 2477 4224 κτίσεως,
2509 4151 2596 4207 καὶ
2626 4153 2698 4216 εἷς
2755 4153 2844 4209 τὸν
2902 4155 3093 4234 γνόφον
3154 4161 3252 4224 τῆς
3309 4156 3581 4236 θεολογίας
3613 4156 3881 4214 εἰσελθοῦ-

2232 4263 2328 4297 σαν
2357 4239 2579 4303 ἐκεῖθεν.
2635 4242 2890 4322 Δευτέραν
2947 4242 3025 4318 δὲ,
3070 4246 3168 4313 τὴν
3213 4246 3274 4303 ἐκ
3327 4245 3560 4328 δακρύων
3589 4247 3678 4304 καὶ
3706 4269 3882 4327 προσ-

2233 4333 2404 4408 ευχῆς
2433 4329 2526 4386 τοῦ
2569 4332 2686 4395 νοὸς
2742 4332 3077 4412 καθαρότητα
3110 4351 3125 4366 ’
3184 4333 3309 4415 παρ’
3366 4339 3427 4394 οὗ
3485 4339 3514 4394 ὁ
3560 4335 3718 4415 λόγος
3751 4359 3881 4415 γεν-

2236 4425 2386 4475 νᾶται
2414 4424 2514 4486 τῆς
2559 4421 2804 4501 χάριτος,
2847 4423 2936 4479 καὶ
2980 4424 3047 4479 τὰ
3093 4424 3273 4504 ῥεῖθρα
3329 4426 3558 4504 πηγάζει
3597 4433 3705 4483 τῶν
3747 4449 3886 4493 νοη-

2235 4507 2436 4583 μάτων.
2493 4511 2704 4588 Τρίτην,
2756 4511 2856 4578 τὴν
2935 4511 2990 4567 ἐν
3072 4515 3207 4588 ἡμῖν
3284 4519 3385 4581 τῆς
3459 4516 3611 4592 ἁγίας
3663 4512 3884 4594 Τριάδος

2235 4594 2501 4661 ἐνοίκησιν
2535 4613 2550 4628 ⁸
2609 4597 2660 4664 ἐξ
2712 4602 2778 4666 ἧς
2836 4601 2886 4656 αἱ
2941 4601 3268 4682 φωτοχυσίαι
3327 4612 3420 4662 τοῦ
3467 4603 3772 4680 Πνεύματος
3833 4605 3886 4658 αἱ

2236 4686 2368 4764 πρὸς
2423 4687 2485 4741 τὸ
2559 4687 2820 4768 συμφέρον
2899 4687 2954 4744 ἐν
3037 4689 3243 4764 ἑκάστῳ
3318 4697 3424 4748 τῶν
3496 4690 3889 4771 καθαιρομένων

498 4774 564 4837 in
621 4775 818 4838 anima
856 4777 1169 4838 thesauros
1231 4777 1364 4840 Dei.
1427 4776 1648 4851 Quarta
1691 4784 1782 4838 est
1833 4773 2151 4838 necessitas

2241 4772 2535 4871 Ῐινόμεναι,
2585 4777 2658 4840 εἰς
2709 4775 2998 4855 φανέρωσιν
3051 4784 3158 4834 τῶν
3216 4780 3518 4860 μυστηρίων
3568 4782 3666 4847 τῆς
3725 4781 3886 4856 βασι-

501 4864 860 4926 incumbens
935 4865 1100 4927 omni
1177 4868 1280 4948 qui
1359 4867 1589 4947 accepit
1665 4866 1949 4929 talentum
2029 4881 2151 4925 ser-

2241 4859 2384 4926 λείας
2440 4869 2545 4919 τῶν
2592 4867 2848 4945 οὐρανῶν,
2895 4868 2984 4923 καὶ
3032 4865 3358 4944 ἀνακάλυψιν
3397 4859 3519 4927 τῶν
3578 4869 3886 4950 κεκρυμμέ-

504 4952 700 5016 monis
727 4954 1016 5031 scientiae,
1039 4964 1282 5036 propter
1313 4956 1420 5018 has
1469 4956 1661 5017 minas
1707 4953 1816 5018 Dei
1854 4950 2108 5015 dicentis
2139 4973 2156 5014 :

509 5066 538 5098 α
575 5043 758 5105 Serve
789 5043 943 5105 male
998 5051 1056 5104 et
1112 5043 1304 5125 piger,
1368 5044 1632 5126 oportuit
1679 5051 1738 5105 te
1784 5041 2161 5105 committere

499 5129 825 5212 pecuniam
875 5149 1068 5193 meam
1118 5132 1583 5208 nummulariis,,
1645 5139 1704 5193 et
1756 5129 2002 5192 veniens
2047 5149 2155 5209 ego

501 5219 868 5299 recepissem
907 5220 1113 5302 utique
1139 5223 1298 5303 quod
1329 5240 1532 5284 meum
1563 5229 1655 5283 est
1681 5238 1813 5282 cum
1856 5237 2084 5280 assura.
2122 5241 2151 5276 ι

503 5305 594 5371 Ob
655 5326 832 5388 quam
887 5311 1304 5374 necessitatem
1354 5309 1537 5374 David
1589 5311 1801 5371 timore
1850 5306 2158 5388 perculsus

505 5395 743 5460 dicebat
776 5413 791 5460 :
831 5421 859 5453 α
893 5396 1048 5460 Ecce
1079 5398 1236 5461 labia
1283 5418 1418 5462 mea
1455 5417 1576 5460 non
1615 5396 1950 5480 prohibebo
1984 5413 1998 5458 :
2031 5394 2156 5458 Do-

507 5483 692 5560 mine,
744 5492 806 5547 tu
835 5485 1022 5548 scisti.
1072 5485 1375 5551 Justitiam
1420 5495 1580 5551 tuam
1630 5505 1750 5550 non
1780 5483 2069 5548 abscondi
2097 5483 2161 5548 in

505 5572 689 5637 corde
729 5591 864 5639 meo
917 5594 934 5638 :
992 5577 1297 5642 veritatem
1367 5584 1530 5642 tuam
1574 5584 1636 5642 et
1680 5575 1940 5640 salutare
1995 5581 2160 5638 tuum

2241 4973 2344 5040 νων
2376 4951 2428 5008 ἐν
2472 4959 2540 5030 τῇ
2593 4959 2747 5035 ψυχῇ
2789 4959 3064 5036 θησαυρῶν
3117 4965 3210 5016 τοῦ
3253 4965 3406 5018 Θεοῦ.
3466 4959 3758 5040 Τετάρτην,
3787 4963 3890 5026 τὴν

2240 5039 2581 5117 ἐπικειμένην
2610 5043 2869 5122 ἀνάγκην,
2915 5045 3074 5101 παντὶ
3123 5053 3202 5120 τῷ
3249 5047 3311 5102 τὸ
3365 5046 3618 5105 τάλαντον
3675 5039 3893 5104 λαϐόντι

2238 5129 2330 5186 τοῦ
2358 5127 2518 5210 λόγου
2547 5133 2646 5198 τῆς
2675 5132 2946 5214 γνώσεως,
2977 5139 3078 5201 τῆς
3127 5133 3352 5203 ἀπειλῆς
3381 5144 3472 5194 τοῦ
3503 5137 3655 5211 Geo-3,
3695 5158 3719 5193 α
3762 5145 3896 5194 Δοῦ-

2238 5219 2298 5278 λε
2327 5223 2550 5302 πονηρὲ,
2581 5222 2863 5303 λεγούσης,
2897 5227 2984 5282 καὶ
3033 5227 3248 5306 ὀκνηρέ,
3295 5226 3397 5284 ἔδει
3453 5251 3511 5286 σε
3565 5227 3894 5286 καταϐαλεῖν

2238 5311 2300 5367 τὸ
2357 5310 2601 5390 ἀργύριόν
2685 5336 2786 5389 μου
2866 5327 2984 5378 τοῖς
3048 5317 3406 5398 τραπεζίταις,
3493 5319 3646 5398 κάγὼ
3699 5317 3890 5395 ἐλθὼν,

2240 5399 2494 5487 διπῄτησα
2524 5400 2587 5457 ἂν
2617 5404 2678 5459 τὸ
2707 5402 2834 5480 ἐμὸν
2878 5404 2969 5460 σὺν
2999 5404 3162 5480 τόκῳ.
3223 5427 3247 5463 ι
3290 5403 3372 5462 Δι’
3413 5407 3477 5474 ἣν
3509 5406 3608 5487 ἄρα
3656 5409 3744 5464 καὶ
3777 5415 3890 5464 Δα-

2241 5485 2322 5544 ϐὶδ
2351 5487 2582 5564 μάλιστά
2637 5488 2884 5557 δεδοικὼς
2929 5491 3107 5573 ἔλεγεν
3141 5512 3155 5528 ⁶
3223 5515 3246 5550 α
3315 5493 3448 5554 Ἰδοὺ
3500 5485 3566 5552 τὰ
3595 5495 3758 5577 χείλη
3791 5518 3897 5572 μου

2241 5579 2303 5636 οὗ
2343 5578 2424 5656 μὴ
2481 5577 2729 5660 κωλύσω,
2802 5583 2978 5663 Κύριε,
3041 5584 3104 5641 σὺ
3155 5581 3346 5664 ἔγνως.
3399 5586 3508 5654 Τὴν
3557 5584 3898 5655 δικαιοσύνην
