4126 6384
322 417 441 484 853

1291 409 1834 480 PRACTICORUM
1879 407 2221 472 CAPITUM
2266 409 2662 473 CENTURIA
2706 411 2733 471 Ι

3595 407 3717 472 854

324 571 442 630 σου,
518 553 614 610 οὒκ
667 549 869 631 ἔκρυψα
913 549 965 606 ἐν
1016 555 1086 626 τῇ
1140 545 1324 628 καρδίᾳ
1371 570 1495 628 μου,
1555 547 1654 614 τὴν
1725 543 1975 616 ἀλήθειάν

2086 539 2206 606 Iixi.
2235 544 2368 607 Non
2397 540 2688 606 abscondi
2717 541 3189 606 misericordiam
3210 549 3368 605 tuam
3385 558 3420 604 a
3445 525 3713 605 concilio

323 661 418 697 σου
467 641 556 696 καὶ
611 642 674 697 τὸ
733 638 992 718 σωτήριόν
1023 661 1116 696 σου
1147 639 1280 694 εἶπα
1313 653 1328 666 ⁸
1389 640 1484 695 οὔκ
1511 635 1711 716 ἔκρυψα
1739 637 1800 691 τὸ
1831 633 1976 698 ἔλεός

325 751 420 787 σου
471 729 562 786 καὶ
616 729 718 798 τὴν
775 728 1024 798 ἀληθειάν
1101 749 1194 784 σου
1263 726 1370 783 ἀπὸ
1440 729 1755 806 συναγωγῆς
1835 723 1976 782 πολ-

327 817 453 887 λῆς.
506 840 531 876 ι

407 897 484 984 β’.
518 905 696 990 Ἀρχὴ
738 917 831 968 τοῦ
858 908 995 966 κατὰ
1024 908 1155 965 Θεὸν
1212 907 1347 984 βίου,
1400 908 1435 975 ἡ
1487 904 1713 990 καθόλου
1755 912 1847 963 τοῦ
1878 906 1978 962 κό-

327 1017 467 1072 σμου
718 998 861 1064 Αὕτη
913 996 968 1053 δέ
1024 996 1164 1054 ἐστιν
1205 999 1240 1065 ἡ
1283 1001 1388 1052 τῶν
1445 987 1758 1070 θελημάτων
1813 993 1977 1075 ἄρνη-

328 1111 410 1152 σις
441 1093 541 1155 τῆς
572 1092 782 1168 ψυχῆς,
831 1087 918 1144 καὶ
965 1096 1058 1146 τοῦ
1105 1096 1302 1168 χοῖκοῦ
1332 1087 1666 1170 φρονήματος
1714 1087 1748 1153 ἡ
1807 1084 1978 1161 μετά-

327 1181 469 1241 θεσις
508 1195 522 1209 ⁸
584 1175 650 1233 δι’
711 1181 777 1246 ἧς
839 1177 923 1234 ἐπὶ
980 1178 1041 1233 τὸ
1082 1180 1228 1233 θεῖον
1283 1175 1666 1256 ἀνατρέχοντες
1710 1175 1978 1256 φρόνημα,

327 1268 675 1343 πνευματικοὶ
703 1266 763 1324 ἐκ
793 1273 1056 1347 σαρκικῶν
1085 1266 1359 1344 γινόμεθα,
1421 1265 1752 1344 νεκρούμενοι
1785 1265 1880 1340 μὲν
1916 1269 1984 1340 τῇ

329 1358 482 1436 σαρκὶ
510 1359 598 1414 καὶ
639 1364 716 1432 τῷ
745 1357 1398 1435 κόσμῳᾹζωοποιούμενοι
1458 1354 1512 1410 δὲ
1566 1361 1634 1432 τῇ
1692 1359 1867 1435 ψυχῇ,
1928 1352 1982 1407 ἐν

329 1452 540 1526 Χριστῷ
567 1447 655 1504 καὶ
680 1453 757 1522 τῷ
783 1447 1070 1522 Πνεύματι.

414 1525 490 1614 γ’,
551 1535 687 1602 Δόξα
744 1537 928 1615 ψυχῆς
977 1535 1096 1614 περὶ
1163 1543 1294 1594 Θεοῦ
1346 1533 1604 1611 ἀψευδὴς,
1663 1536 1752 1592 καὶ
1807 1535 1981 1597 πίστις

329 1621 620 1689 ἐνδιάθετος
700 1623 756 1680 ἐν
838 1623 1226 1702 καταφρονήσει
1301 1630 1408 1679 τῶν
1495 1622 1798 1702 ὁρωμένων,
1896 1625 1984 1678 καὶ

331 1711 516 1794 πρᾶξις
595 1714 788 1794 ἀρετῆς
841 1711 1112 1794 φιλαυτίας
1183 1712 1361 1780 πάσης
1433 1711 1831 1793 κεχωρισμένη,
1893 1712 1982 1768 ἕν-

2059 633 2243 696 multo
2273 633 2318 696 ί.
2357 657 2383 688 n

2139 902 2201 965 2.
2233 900 2473 964 Initium
2515 901 2650 964 vitae
2682 900 2902 963 divina
2941 907 3030 964 est
3073 900 3254 964 totius
3305 899 3515 962 mundi
3551 899 3714 980 fuga.

2060 989 2197 1052 Haec
2238 998 2433 1052 autem
2481 998 2568 1053 est
2622 990 2935 1070 abnegatio
2987 990 3349 1052 voluntatem
3384 991 3622 1066 animae,
3658 996 3718 1052 et

2064 1080 2286 1141 terreni
2324 1080 2565 1162 spiritus
2607 1079 2960 1156 immutatio,
3010 1098 3116 1161 per
3146 1098 3322 1160 quam
3354 1079 3416 1141 in
3445 1077 3715 1144 divinum

2064 1168 2348 1250 Spiritum
2379 1169 2700 1244 avolantes,
2734 1170 3072 1251 spirituales
3102 1188 3173 1231 ex
3202 1169 3546 1232 carnalibus
3577 1187 3723 1233 eva-

2065 1259 2282 1340 dimus,
2315 1259 2636 1321 morientes
2659 1259 2823 1322 carni
2854 1268 2912 1321 et
2942 1260 3190 1332 mundo,
3219 1260 3488 1323 viventes
3514 1267 3715 1322 autem

2065 1349 2279 1412 animae
2306 1349 2368 1410 in
2401 1351 2632 1412 Christo
2667 1357 2725 1412 et
2749 1348 2974 1431 Spiritu
3005 1357 3237 1414 sancto.

2146 1529 2204 1590 3.
2240 1527 2440 1591 Gloria
2467 1528 2681 1591 animae
2706 1528 2780 1591 de
2811 1527 2931 1591 Deo
2963 1547 3082 1590 non
3115 1528 3271 1602 ficta,
3302 1526 3452 1590 ﬁdes
3481 1526 3719 1590 sincera

2065 1618 2124 1679 in
2153 1626 2498 1699 contemptu
2529 1618 2946 1693 visibilium,et
2977 1618 3173 1698 praxis
3200 1618 3432 1679 virtutis
3454 1615 3527 1678 ab
3553 1616 3716 1678 omni

2065 1726 2268 1769 amore
2319 1707 2559 1788 proprio
2604 1716 2932 1789 segregata,
2966 1708 3063 1768 hic
3096 1715 3185 1769 est
3233 1707 3446 1788 triplex
3479 1724 3512 1766 a
3541 1705 3718 1770 Salo-

329 1825 529 1883 τριτον,
603 1804 741 1860 κατὰ
795 1804 884 1859 τὸν
945 1802 1290 1878 Σολομῶντα,
1337 1803 1588 1877 σπαρτίον
1622 1819 1634 1833 ⁸
1685 1803 1712 1857 ὃ
1769 1802 1981 1882 ταχέως

2086 1817 2244 1859 none
2273 1797 2540 1858 laudatus
2583 1797 2902 1876 funiculus,
2937 1797 3038 1878 qui
3067 1796 3314 1858 difﬁcile
3351 1794 3653 1878 rumpitur
3680 1814 3716 1856 a

330 1895 392 1950 οὒ
456 1893 744 1973 ῥαγήσεται
819 1893 961 1973 παρᾶ
1046 1899 1153 1949 τῶν
1233 1892 1547 1968 πνευμάτων
1629 1896 1728 1962 τῆς
1814 1915 1982 1958 πονη-

331 1984 477 2063 ρίαςᾼ.

412 2060 482 2134 δ’.
547 2072 726 2129 Πίστει
789 2070 882 2136 τὰς
949 2069 1175 2148 ἀμοιϐὰς
1231 2069 1510 2148 ἐλπίζομεν
1567 2077 1672 2128 τῶν
1728 2069 1979 2146 καμάτων

328 2157 648 2238 ἀπολαϐεῖν,
708 2158 786 2217 διὸ
869 2161 956 2218 καὶ
1039 2160 1265 2240 φέρομεν
1346 2161 1468 2225 τοὺς
1552 2161 1742 2224 πόνους
1796 2157 1981 2231 ῥᾳδίως

328 2257 437 2309 τῶν
517 2251 740 2331 ἀρετῶν.
815 2241 946 2309 ιἰ’πὸ
1030 2249 1085 2308 δὲ
1153 2258 1244 2308 τοῦ
1321 2253 1458 2308 θείου
1539 2249 1980 2330 πληροφορούμε-

331 2363 413 2398 νοι
523 2341 850 2417 Πνεύματος,
961 2347 1032 2418 τῇ
1143 2340 1328 2420 ἀγάπῃ
1415 2341 1739 2419 πτερούμεθα
1849 2339 1978 2418 πρὸς

2068 1887 2340 1968 malignis
2371 1886 2710 1968 spiritibus.

2143 2069 2200 2131 4.
2235 2066 2381 2129 Fide
2401 2067 2739 2129 mercedem
2764 2067 3034 2129 laborum
3066 2065 3240 2129 nobis
3264 2063 3718 2128 retribuendam

2063 2175 2393 2238 speramus,
2442 2156 2698 2238 ideoque
2736 2157 2972 2218 labores
3005 2157 3290 2220 virtutum
3322 2155 3495 2218 facile
3529 2155 3717 2217 suffe-

2035 2248 2272 2309 .rimus.
2335 2245 2581 2308 Fiducia
2633 2246 3151 2328 autemaSpiritu
3209 2253 3416 2307 sancto
3474 2243 3713 2325 repleti,

2065 2335 2349 2399 charitate
2378 2335 2748 2415 volamus'iad
2781 2335 2992 2398 Deum.

331 2429 487 2491 Θεόν.

418 2509 486 2581 ε’.
535 2521 653 2601 Οὖχ
691 2518 817 2578 ὅταν
873 2520 976 2577 ὑπὸ
1018 2519 1291 2600 λογισμῶν
1340 2519 1702 2602 ἐνοχλούμεθα
1745 2519 1980 2598 ἀκαθάρ-

334 2631 467 2686 των,
520 2608 625 2678 ἥδη
681 2610 769 2667 καὶ
819 2611 918 2676 τῆς
947 2617 1055 2667 τῶν
1084 2610 1432 2691 ἐνεργούντων
1479 2611 1545 2666 τὰ
1602 2607 1776 2690 φαῦλα
1830 2609 1981 2686 μερί-

2145 2521 2204 2581 5.
2241 2518 2368 2580 Νοη
2401 2516 2638 2597 quando
2670 2515 3125 2595 cogitationibus
3155 2513 3574 2597 perturbamur
3596 2511 3716 2574 im-

2068 2609 2254 2690 puris,
2293 2609 2415 2688 jam
2449 2607 2606 2668 inter
2633 2607 2917 2668 facientes
2949 2607 3102 2667 mala
3133 2615 3360 2686 partem
3393 2603 3715 2677 habemus,

332 2695 420 2762 δος
471 2698 722 2776 γινόμεθα
755 2715 772 2733 ⁸
817 2695 936 2755 ἀλλ’
991 2697 1115 2756 ὅταν
1164 2709 1256 2759 τοῦ
1301 2699 1456 2757 τόνου
1485 2699 1678 2766 ἐαυτῆς
1710 2696 1983 2778 ὕποχαλά-

2086 2699 2174 2761 sed
2205 2697 2439 2779 quando
2469 2697 2544 2757 de
2578 2695 2827 2776 pristina
2863 2695 3079 2757 virtute
3109 2693 3396 2756 deﬁciens
3439 2691 3638 2754 anima
3662 2697 3722 2752 et

332 2810 472 2846 σασα
514 2790 549 2856 ἡ
582 2788 759 2868 ψυχὴ,
793 2789 882 2846 καὶ
931 2791 959 2845 ὁ
1013 2795 1156 2862 νοῦς,
1197 2787 1248 2854 ἐξ
1300 2787 1650 2865 ἠμελημένης
1705 2789 1794 2844 καὶ
1851 2787 1983 2844 ἀκο-

2086 2789 2333 2869 ;piritus,
2352 2793 2594 2868 propter
2617 2784 2980 2846 indolentem
3009 2784 3482 2863 dissolutamque
3505 2781 3718 2869 vitam,

337 2876 535 2935 λάστου
577 2875 803 2951 διαίτης,
837 2877 1084 2942 θολώδεις
1134 2877 1254 2945 ἕξειν
1280 2881 1369 2936 καὶ
1412 2877 1651 2943 σκιώδεις
1699 2879 1793 2942 τὰς
1851 2899 1983 2958 φαν-

2086 2868 2342 2942 ῑιεηοςδε
2398 2875 2639 2937 habebit
2671 2873 3101 2953 etcaliginosas
3128 2874 3530 2952 imagines,.et
3562 2868 3720 2933 labo-

331 2968 546 3048 τασίας,
607 2969 696 3023 καὶ
750 2970 797 3026 οἱ
852 2969 1002 3026 πόνοι
1068 2973 1168 3035 τῆς
1243 2968 1435 3046 ἀρετῆς
1491 2967 1545 3024 ἐν
1599 2968 1820 3044 ῥᾳθυμίᾳ
1888 2968 1983 3032 τῆς

2086 2989 2170 3032 res
2198 2967 2432 3030 virtutis
2465 2968 2521 3027 in
2553 2964 2913 3043 negligentia
2939 2962 3338 3024 meditationis
3356 2970 3413 3024 et
3435 2960 3723 3023 orationis

339 3057 570 3134 μελέτης
626 3058 714 3114 καὶ
769 3063 1078 3139 προσευχῆς
1149 3056 1483 3134 ἐπιλείψωσι.
1545 3066 1843 3124 Τηνικαῦτα
1901 3057 1983 3112 καὶ

2086 3057 2414 3121 :essabunt.
2446 3056 2635 3134 Tunc,
2670 3054 2808 3115 licet
2837 3071 3020 3134 opera
3071 3073 3189 3114 non
3228 3053 3509 3113 facientes
3541 3051 3720 3128 mala,

339 3149 417 3224 μὴ
500 3147 834 3228 ἐνεργοῦντες
926 3149 989 3204 τὰ
1069 3146 1262 3228 φαῦλα,
1348 3148 1419 3223 ,ἐν
1498 3153 1566 3224 τῇ
1651 3146 1804 3227 χώρᾳ
1885 3151 1983 3201 τῶν

2086 3151 2135 3211 in
2192 3165 2398 3210 eorum
2462 3162 2713 3206 numero
2772 3143 2873 3224 qui
2919 3142 2981 3204 in
3039 3141 3435 3224 voluptatibus
3474 3140 3628 3202 ultro
3659 3157 3726 3203 se

338 3237 392 3292 ἐν
476 3251 600 3302 ταῖς
685 3235 903 3307 ἡδοναῖς
994 3237 1244 3302 ἑκουσίως
1325 3234 1712 3313 ἰλυσπωμένων
1793 3235 1983 3292 ταττό-

2086 3237 2357 3312 volutant,
2390 3233 2757 3296 ordinamur.

345 3331 500 3404 μεθα.

422 3406 525 3490 ς’,
587 3415 854 3474 Λυθέντων
897 3415 1102 3497 δὲξτῶν
1159 3413 1399 3498 χαλινῶν
1441 3423 1546 3474 τῶν
1602 3415 1983 3494 ἡγεμονικωτέ-

2157 3418 2216 3482 6.
2252 3413 2472 3479 Solutis
2503 3420 2700 3474 autem
2732 3411 2920 3473 frenis
2943 3429 3224 3474 sensuum
3249 3409 3490 3492 imperii
3516 3409 3727 3471 nimio-

345 3527 448 3585 ρων
505 3507 813 3583 αἰσθήσεων,
873 3508 1058 3565 αὒτίκα
1114 3509 1202 3566 καὶ
1265 3509 1448 3565 παθὼν
1507 3506 1862 3569 ἐπανάστασις
1907 3507 1983 3584 γί-

2086 3527 2241 3588 rum,
2275 3503 2473 3567 statim
2522 3510 2580 3564 et
2625 3501 2933 3582 cupidates
2989 3500 3325 3579 insurgunt,
3363 3508 3425 3562 et
3451 3498 3730 3560 fortiores

343 3616 508 3670 νεται,
581 3598 663 3654 καὶ
720 3600 756 3667 ἠ
827 3603 932 3654 τῶν
1003 3596 1488 3678 ἀνδραποδεστέρων
1543 3597 1839 3665 αἰσθήσεων
1901 3619 1983 3653 κι-

2088 3597 2445 3664 suscitantur
2489 3610 2774 3654 sensuum
2826 3590 3002 3652 vires.
3053 3589 3247 3652 Solem
3283 3589 3443 3650 enim
3473 3589 3724 3650 istorum

337 3699 511 3744 νεῖται
581 3686 837 3768 ἐνέργεια.
903 3677 1230 3767 Εῗωθείγάρ
1286 3709 1400 3751 πως
1456 3688 1492 3755 ἡ
1558 3685 1757 3742 τούτων
1806 3685 1983 3765 ἀλογία

2086 3689 2336 3768 insania,
2388 3682 2797 3762 temperantiae
2844 3679 3035 3741 soluta
3079 3678 3350 3754 vinculis,
3399 3679 3460 3768 in
3492 3677 3732 3759 objecta

339 3780 447 3832 τῶν
517 3781 616 3843 τῆς
670 3767 992 3855 γέγκρατεὲας
1059 3775 1275 3834 λυθεῖσα
1329 3774 1560 3854 δεσμῶν,
1629 3786 1752 3838 ταῖς
1810 3776 1983 3832 αἰτίαι(

2086 3779 2474 3862 cupiditantes
2524 3772 2839 3862 excitantia
2884 3786 3150 3862 praeceps
3202 3768 3375 3862 ferri,
3404 3767 3471 3862 in
3516 3769 3731 3848 hisque

342 3865 650 3945 ἐπιπιρτᾷν
677 3873 782 3924 τῶν
833 3870 1037 3939 παθῶν,
1084 3867 1172 3923 καὶ
1221 3867 1293 3930 ὡς
1345 3865 1398 3922 ἐν
1445 3866 1751 3940 θανασίμοις
1811 3868 1983 3930 αὐταῖς

2086 3856 2377 3951 pestiferis
2425 3863 2591 3944 quasi
2643 3860 2803 3942 pasci
2858 3858 3112 3951 pabulis,
3168 3865 3226 3919 et
3269 3856 3729 3951 quidemﬂtanto

333 3952 706 4012 ἒπιϐόσκεσθαι
760 3956 942 4029 πόαις,
1003 3956 1089 4012 καὶ
1140 3955 1374 4029 τοσούτῳ
1443 3952 1667 4030 μᾶλλον,
1727 3953 1848 4011 ὅσον
1910 3968 1983 4011 κα

2086 3945 2287 4037 inagis,
2322 3964 2541 4036 quanto
2575 3951 2794 4012 diutius
2823 3949 3106 4010 relaxatio
3139 3945 3728 4037 producitur.Neque

331 4047 370 4113 ἡ
461 4041 636 4109 ἄνεσις
717 4045 1070 4125 χρονιώτερον
1155 4043 1490 4106 ἐπιτείνεται,
1568 4045 1640 4101 Ob
1722 4045 1819 4123 γὰρ
1899 4045 1983 4099 ἀν-

2088 4035 2247 4109 enim
2297 4035 2576 4116 sustinet,
2612 4039 2798 4101 frenis
2836 4039 3049 4110 soluta,
3081 4056 3181 4097 res
3227 4055 3261 4097 a
3290 4055 3355 4098 se
3383 4035 3639 4117 rejicere
3670 4037 3730 4097 in

341 4135 554 4215 ἔχεται,
628 4134 747 4192 καθ’
800 4135 876 4192 ὧν
946 4141 1176 4215 φυσικῶς
1253 4132 1370 4214 ἔχει
1453 4133 1554 4200 τὴν
1635 4129 1824 4212 ὄρεξιν,
1913 4133 1976 4190 λυ

2086 4155 2230 4219 quas
2260 4132 2588 4196 naturalem
2621 4131 2798 4192 habet
2824 4127 3311 4210 propensionem.

335 4230 501 4283 θεῖσα
612 4230 718 4281 τῶν
798 4223 1060 4305 χαλινῶν,
1167 4225 1266 4292 τὴν
1365 4219 1566 4300 μέθεξιν
1664 4223 1999 4302 ἆποκραύσα-

339 4317 460 4371 σθαι
472 4360 484 4374 .

415 4394 488 4476 ζ’.
517 4409 634 4463 Τῶν
689 4405 1006 4478 αἰσθήσεων,
1050 4406 1104 4460 αἱ
1148 4402 1244 4480 μὲν
1280 4406 1450 4462 αὐτῶν
1479 4401 1691 4482 λογικαί
1718 4402 1778 4460 τέ
1808 4406 1936 4462 εἰσιν
1972 4422 1983 4436 ·

2153 4405 2213 4466 7.
2262 4403 2422 4464 Inter
2474 4417 2712 4471 sensus,
2769 4397 2868 4460 alii
2919 4401 3056 4458 sunt
3103 4393 3447 4476 rationales,
3502 4394 3738 4458 scilicet

335 4493 548 4574 ὅρασις,
608 4493 770 4570 ἀκοὴ,
839 4495 927 4550 καὶ
985 4498 1093 4549 τῶν
1150 4489 1326 4549 ἄλλων
1383 4489 1730 4572 ἐμφιλόσοφοί
1786 4515 1842 4550 τε
1899 4495 1983 4550 καὶ

2086 4493 2226 4555 visus
2260 4501 2317 4552 et
2347 4490 2608 4565 auditus,
2647 4489 2748 4569 qui
2782 4487 3180 4567 philosophiaa
3207 4484 3526 4565 acimperii
3561 4502 3738 4574 capa-

331 4572 788 4664 ἡγεμονικώτεραι
823 4600 837 4617 ⁸
874 4586 926 4639 αἱ
955 4581 1030 4661 ἰδὲ
1085 4581 1270 4662 ἄλογοι
1323 4581 1412 4638 καὶ
1457 4580 1746 4649 κτηνώδεις
1781 4598 1794 4612 ⁶
1859 4591 1983 4661 γεῦ-

2086 4583 2266 4645 :iores
2296 4589 2434 4642 sunt
2458 4597 2635 4659 quam
2668 4577 2867 4639 czeteri
2894 4597 2910 4652 ;
2941 4577 3044 4637 alii
3072 4595 3208 4637 vero
3240 4584 3377 4636 sunt
3409 4572 3732 4636 irrationa-

341 4698 452 4750 σις,
513 4673 790 4754 ὄσφρησις,
863 4673 973 4752 ἁφὴ
1027 4673 1160 4751 πρὸς
1231 4672 1514 4748 ὑπηρεσίαν
1574 4678 1677 4728 τῶν
1735 4671 1983 4752 λογικῶν.

2086 4672 2250 4742 biles,
2285 4679 2340 4732 et
2369 4668 2681 4748 animales,
2725 4681 2787 4727 ut
2831 4674 3059 4746 gustus,
3114 4666 3360 4754 olfactus
3405 4670 3728 4754 etLtactus,

339 4752 734 4843 'Opmpsvnyﬁp
783 4765 991 4842 πρῶτον
1049 4763 1137 4818 καὶ
1192 4761 1475 4836 ἀκσύομεν,
1520 4762 1608 4817 καὶ
1666 4760 1832 4825 οὕτως
1893 4764 1983 4818 ὑπί

2086 4762 2159 4824 ad
2190 4757 2573 4821 rationalibus
2619 4754 3068 4817 inserviendum
3103 4753 3406 4815 destinati.
3440 4752 3731 4815 Videmus

331 4864 432 4913 τοῦ
461 4851 620 4932 λόγου
666 4853 986 4928 κινούμενοι,
1040 4851 1311 4925 ἁπτόμεθά
1365 4871 1423 4906 τε
1478 4849 1570 4908 τοῦ
1621 4851 1936 4930 προκειμένο
1953 4877 1983 4921 ›,

2087 4851 2245 4913 enim
2280 4848 2533 4929 primum
2587 4854 2643 4908 et
2690 4845 2987 4918 audimur,
3036 4845 3241 4925 sicque
3294 4843 3525 4906 ratione
3560 4843 3731 4918 moti,

341 4944 433 5000 καὶ
464 4941 888 5022 ὀσφραινόμενοι,
935 4947 1002 5017 τῇ
1054 4941 1227 5018 γεύσει
1286 4936 1544 5016 διδοῦμεν.
1611 4942 1704 4995 Διὸ
1745 4942 1832 4996 καὶ
1888 4948 1992 4995 τῶν

339 5031 475 5107 δύο),
524 5028 869 5102 ζωοδέστατοί
900 5032 1028 5086 εἰσιν
1086 5031 1136 5087 αἱ
1189 5042 1359 5108 τρετς,
1420 5030 1506 5084 καὶ
1563 5029 1828 5109 ἀτεχνῶς,
1891 5029 1988 5084 ἀν-

340 5117 825 5198 δραποδωδέστατοι
858 5137 873 5152 ’
936 5121 1052 5196 περὶ
1119 5119 1180 5182 ἃς
1239 5125 1343 5174 τῶν
1398 5117 1712 5196 θρεμμάτων
1757 5120 1842 5174 καὶ
1884 5122 1988 5184 θη-

343 5211 470 5291 ρίων
552 5210 617 5264 τὰ
699 5207 1198 5286 γαστριμαργότατα
1280 5206 1368 5262 καὶ
1444 5206 1990 5262 συνουσιαστικώτατα

340 5300 643 5366 πεπόνηται
690 5297 918 5373 μάλιστα
955 5313 968 5327 ‘
1019 5294 1087 5352 δι’
1117 5295 1247 5363 ὅλης
1276 5297 1377 5376 γὰρ
1403 5295 1606 5374 ἡμέρας
1649 5297 1735 5352 καὶ
1779 5297 1987 5374 νυκτὸς,

339 5390 378 5458 ἢ
411 5394 616 5470 τροφῶν
675 5385 963 5457 ἀπλήστως
1026 5385 1358 5467 ἐμφορεῖται,
1399 5384 1435 5454 ἢ
1482 5386 1613 5464 πρὸς
1672 5385 1766 5448 τὰς
1809 5385 1995 5464 ὀχείας

340 5482 504 5577 69M,-
584 5555 638 5586 ,Α
738 5565 752 5585 κ
853 5565 868 5586 θ

425 5563 510 5636 η’.
584 5563 644 5625 “Ο
700 5565 795 5629 τὰς
851 5564 1110 5644 ἐνεργείας
1168 5570 1275 5621 τῶν
1319 5563 1471 5628 ἐκτὸς
1528 5563 1818 5633 αἰσθήσεων
1863 5564 1996 5642 πρὸς

345 5657 442 5722 τὰς
519 5653 662 5713 ἔνδον
715 5653 913 5733 τρέψας
970 5653 1266 5728 αἰσθήσεις,
1325 5654 1414 5708 καὶ
1467 5652 1564 5720 τὴν
1636 5651 1732 5726 μὲν
1787 5650 1993 5729 ὅρασιν,

434 5791 455 5837 ί
486 5787 645 5856 Psal.
676 5803 877 5865 XXXIX,
916 5787 1021 5877 10,
1054 5789 1152 5852 tl.

2078 4940 2308 5019 objecta
2338 4937 2656 5015 tangimus,
2690 4934 3010 4997 adoramur
3059 4942 3118 4996 et
3163 4933 3363 5013 gustui
3412 4932 3726 4994 tradimus.

2077 5028 2277 5108 Itaque
2309 5046 2378 5088 ex
2407 5025 2642 5087 duobus
2675 5041 2958 5085 sensuum
2991 5022 3333 5101 generibus,
3371 5029 3490 5084 tres
3532 5029 3733 5103 poste-

2075 5119 2266 5180 riores
2296 5123 2433 5177 sunt
2463 5117 2720 5176 maxime
2754 5111 3030 5174 bestiales
3061 5132 3128 5175 ac
3152 5129 3394 5194 prorsus
3429 5111 3678 5174 serviles
3715 5129 3730 5174 :

2074 5207 2290 5288 quippe
2319 5223 2469 5285 quos
2503 5203 2800 5283 imprimis
2823 5211 3100 5264 exercent
3123 5204 3397 5282 jumenta
3425 5209 3483 5264 et
3503 5218 3723 5282 pecora

2074 5296 2267 5357 ventri
2308 5304 2364 5356 et
2408 5293 2612 5356 veneri
2667 5292 2921 5354 maxime
2980 5291 3367 5374 indulgentia,
3421 5309 3560 5353 nam
3617 5290 3724 5352 diu

2081 5393 2382 5465 noctuque
2411 5383 2500 5444 vel
2526 5382 2861 5444 insatiabile
2893 5381 3041 5445 cibis
3066 5381 3377 5444 eﬂ'arciunt
3407 5379 3726 5455 abdomen,

2080 5474 2172 5536 vel
2207 5474 2265 5534 in
2291 5471 2639 5534 concubitus
2671 5472 2927 5534 irruunt.

2161 5564 2219 5627 8.
2260 5561 2372 5634 Qui
2402 5579 2640 5622 sensum
2670 5570 3053 5624 externorum
3083 5559 3456 5644 operationes
3484 5559 3730 5637 adsen-

2081 5672 2182 5714 sus
2234 5651 2502 5714 internos
2552 5651 2866 5727 convertit,
2921 5657 2984 5714 et
3025 5649 3212 5714 visum
3261 5651 3335 5714 ad
3363 5649 3733 5714 intellectum
