4126 6392
427 433 544 501 855

1711 442 1762 503 Ν
1768 439 2014 505 ICET/E
2054 436 2485 501 PECTORATI

3693 419 3815 488 856

422 568 725 635 videntem
774 573 907 635 vitae
945 573 1150 635 lumen
1204 573 1490 648 extendit,
1539 571 1803 635 auditum
1833 590 1971 633 vero
2004 570 2080 632 ad‘

2170 570 2291 650 πρὸς
2322 572 2412 626 τὸν
2443 571 2646 649 ὁρῶντα
2678 574 2797 625 νοῦν
2825 571 2886 625 τὸ
2930 572 3042 648 φῶς
3100 572 3199 634 τῆς
3254 571 3424 645 ζωῆς,
3469 564 3771 627 ὲκωετάσας
3795 573 3810 586 ⁸

426 661 885 743 conceptionem
916 663 1151 737 animae,
1184 662 1491 725 odoratum
1514 662 1587 724 ad
1613 661 1830 723 mentis
1850 660 2077 741 sagaci-

424 756 629 830 tatem,
661 760 899 831 gustum
946 752 1020 813 ad
1063 751 1311 813 rationis
1360 752 1681 832 judicium,
1738 759 1956 812 tactum
2005 749 2076 811 ad

426 838 625 900 cordis
670 840 1034 919 vigilantiam
1080 839 1306 917 dirigit,
1363 840 1463 901 ille
1511 840 1686 901 vitam
1747 839 2075 919 angelicam

425 926 582 989 inter
609 928 885 990 homines
914 929 1159 1008 degens,
1195 929 1369 990 homo
1401 930 1558 991 inter
1601 928 1871 991 homines
1902 936 1959 992 et
1990 938 2079 989 est

426 1024 487 1078 et
526 1016 780 1094 videtur,
837 1019 1082 1096 angelus
1136 1036 1275 1080 vero
1326 1017 1484 1080 inter
1532 1019 1776 1096 angelos
1810 1026 1868 1081 et
1899 1026 1989 1081 est
2020 1023 2078 1078 et

426 1104 701 1169 habetur.

506 1282 564 1342 9.
601 1285 717 1346 Per
744 1276 1110 1349 intellectum
1135 1286 1435 1348 videntem
1457 1285 1660 1347 lumen
1686 1283 1818 1345 vitae
1835 1283 2071 1358 divinae,

424 1372 789 1434 occultorum
808 1374 916 1435 Dei
941 1378 1351 1456 mysteriorum
1386 1374 1650 1435 notitiam
1678 1373 2070 1453 percipimus;

424 1479 532 1541 per
570 1464 1020 1544 conceptionem
1067 1466 1303 1539 animm,
1340 1463 1722 1525 ascensiones
1754 1461 2073 1541 cogitatio-

2159 660 2258 727 τὴν
2288 657 2342 715 δὲ
2374 659 2566 739 ἀκοὴν,
2612 659 2743 739 πρὸς
2773 658 2873 725 τὴν
2921 658 3125 714 σύνεσιν
3182 661 3281 723 τῆς
3326 657 3512 734 ψυχῆς
3547 669 3560 683 ’
3608 653 3707 719 τὴν
3761 650 3818 739 δὲ

2160 757 2362 826 γεῦσιν,
2418 738 2559 828 πρὸς
2604 738 2703 815 τὴν
2776 770 2870 803 του
2953 745 3116 824 λόγου
3201 744 3460 822 διάκρισιν
3493 760 3508 775 ⁸
3592 744 3690 810 τὴν
3763 738 3819 796 δὲ

2160 835 2437 918 ὄσφρησιν,
2484 839 2616 915 πρὸς
2647 837 2745 904 τὴν
2775 835 3005 893 διάνοιαν
3050 842 3142 893 τοῦ
3185 834 3304 898 νοός
3343 850 3356 864 '
3404 835 3503 901 τὴν
3551 831 3606 888 δὲ
3648 833 3818 911 ἁφὴν,

2159 930 2290 1008 πρὸς
2352 932 2411 985 τὸ
2460 933 2560 994 τῆς
2604 925 2816 1007 καρδίας
2876 928 3234 1002 μετακινήσας
3286 925 3602 1005 ἐγρήγορον,
3647 924 3820 1003 ἀγγε-

2159 1016 2314 1085 λικὴν
2345 1017 2484 1085 ξωὴν
2516 1016 2602 1074 ἐπὶ
2632 1022 2733 1095 γῆς
2784 1014 2999 1089 διανύει,
3047 1014 3316 1095 ἅνθρωπος
3376 1024 3473 1089 μὲν
3518 1014 3815 1094 ἀνθρώποις

2157 1108 2245 1162 καὶ
2287 1106 2384 1183 ὢν,
2434 1107 2520 1162 καὶ
2573 1106 2840 1185 ὁρώμενος
2872 1121 2887 1136 ⁶
2942 1100 3168 1183 ἅγγελος
3212 1102 3266 1159 δὲ
3324 1102 3571 1184 ἀγγέλοις
3615 1106 3808 1185 συνὼν,

2156 1197 2245 1252 καὶ
2279 1196 2590 1271 νοούμενος.

2235 1274 2305 1347 θ’.
2344 1285 2441 1341 Διὰ
2472 1283 2568 1359 μὲν
2617 1292 2711 1343 τοῦ
2758 1285 2986 1363 ὁρῶντος
3040 1285 3183 1357 νοὸς,
3248 1283 3309 1339 τὸ
3368 1304 3479 1363 φως
3507 1286 3606 1351 τῆς
3637 1282 3812 1339 ἐνθέου

2156 1380 2324 1448 ζωῆς,
2386 1375 2490 1429 τῶν
2547 1371 2928 1453 κεκρυμμένων
2988 1373 3289 1451 μυστηρίων
3345 1379 3478 1429 Θεοῦ
3518 1373 3617 1439 τὴν
3664 1379 3816 1450 γνῶ·-

2158 1486 2239 1519 σιν
2284 1461 2624 1539 λαμϐάνομεν
2662 1482 2674 1494 ·
2736 1459 2820 1518 διὰ
2875 1459 2930 1516 δὲ
2973 1467 3072 1528 τῆς
3130 1461 3387 1525 συνέσεως
3444 1467 3542 1529 τῆς
3599 1468 3810 1543 ψυχῆς,

421 1568 565 1611 num
591 1549 652 1612 in
675 1552 856 1614 corde
887 1554 1259 1634 disponimus
1288 1571 1422 1614 cum
1456 1553 1725 1623 scientia,
1772 1551 2010 1631 pejores
2039 1569 2074 1611 a

2170 1552 2247 1616 τὰς
2294 1549 2574 1613 ἀναϐάσεις
2625 1551 2678 1607 ἐν
2728 1556 2797 1628 τῇ
2852 1548 3035 1628 καρδίᾳ
3090 1555 3194 1606 τῶν
3249 1549 3521 1628 λογισμῶν
3579 1549 3816 1609 διατιθὲ-

421 1638 771 1702 melioribus
802 1642 1254 1721 discernentes;
1299 1661 1405 1723 per
1452 1642 1701 1703 rationis
1748 1641 2066 1720 judicium,

420 1728 653 1809 species
699 1729 972 1793 idearum
1027 1739 1349 1812 gustamus.
1387 1740 1445 1792 et
1484 1750 1614 1812 quae
1644 1750 1712 1791 ex
1748 1728 1899 1790 mala
1929 1737 2072 1790 ortae

422 1825 558 1879 sunt
607 1818 831 1895 radice,
882 1820 974 1882 vel
1022 1822 1518 1883 transformamus
1556 1819 1857 1880 in"dulces
1907 1836 2071 1879 escas

418 1907 633 1968 animae
662 1908 1127 1983 distriliuendas,
1160 1911 1249 1971 vel
1276 1910 1516 1970 omnino
1557 1909 1901 1989 rejicimus;
1934 1926 2073 1988 quoe

420 2012 559 2057 vero
593 2015 663 2056 ex
697 1995 853 2058 bona
882 2006 940 2059 et
966 1998 1145 2060 viridi
1178 1999 1377 2079 planta
1409 1988 1783 2079 proveniunt,
1816 1997 2072 2059 admitti-
2095 1988 2133 2037 Β

427 2102 582 2159 mus,
641 2104 879 2147 omnem
938 2088 1353 2167 cogitationem
1405 2087 1765 2167 captivantes
1817 2086 1877 2147 in
1922 2087 2072 2148 obe-

424 2172 710 2235 dientiam
743 2176 984 2241 Christi.
1022 2177 1137 2239 Per
1159 2178 1377 2238 mentis
1411 2177 1811 2254 sagacitatem,
1846 2176 2072 2237 intelli-

423 2262 637 2343 gibiles
656 2264 860 2342 gratia:
890 2266 1134 2347 spiritus
1163 2267 1383 2328 oderes
1406 2266 1735 2337 olfacimus,
1774 2266 1985 2345 gaudio
2018 2274 2077 2327 et

424 2352 819 2415 exsultatione
868 2356 1065 2418 cordis
1128 2356 1360 2437 repleti,
1414 2358 1527 2419 [’er
1576 2355 1774 2417 cordis
1820 2357 2077 2436 denique

422 2440 810 2520 vigilantiam,
838 2442 1126 2526 Spiritum
1166 2446 1339 2507 nobis
1372 2445 1728 2507 irrorantem
1785 2445 2076 2506 bonorum

424 2529 868 2594 desideriorum
912 2535 1242 2609 ﬂammam,
1296 2535 1387 2596 vel
1424 2534 1871 2596 calefacientem
1924 2535 2078 2596 vires

427 2627 660 2720 nostras
738 2622 1131 2703 cupiditatum
1207 2626 1428 2705 frigore
1495 2625 1761 2703 algentes
1820 2624 2079 2704 perfecte

429 2718 745 2772 sentimus.
1122 2734 1137 2745 '

519 2986 612 3041 10.
647 2977 812 3043 Sicut
842 2988 1090 3062 carpore
1123 2988 1321 3042 nostro
1355 2981 1648 3062 quinque”
1670 2987 1805 3041 sunt
1844 2998 2074 3053 sensus,

429 3067 613 3145 visus,
668 3068 926 3143 auditus,
959 3079 1188 3150 gustus,
1242 3070 1611 3150 odoratusjet
1640 3079 1828 3132 tactus
1858 3092 1870 3128 :
1905 3069 1991 3131 sic
2022 3077 2080 3130 et

432 3158 648 3220 animae
697 3158 760 3219 in
813 3158 1022 3220 eodem
1073 3177 1325 3221 numero
1358 3159 1619 3240 quinque
1668 3169 1802 3222 sunt
1843 3176 2073 3235 sensus,

431 3247 797 3322 intellectus,
826 3248 998 3323 ratio,
1032 3267 1244 3311 sensus
1270 3229 1705 3319 intellectualis.
1734 3248 1990 3327 cognitio
2024 3229 2137 3308 etC

436 3337 707 3401 scientia.
760 3337 897 3399 Hazc
944 3345 1143 3399 autem
1198 3338 1269 3399 ad
1311 3347 1430 3400 tres
1471 3347 1823 3400 revocantur
1868 3337 2081 3399 animae

431 3426 759 3502 facultates,
794 3427 1022 3489 scilicet
1052 3427 1447 3508 intellectum,
1472 3427 1765 3489 rationem
1799 3435 1856 3488 et
1885 3426 2080 3488 sensi-

435 3517 744 3581 bilitatem.
780 3522 894 3582 Per
922 3518 1291 3581 intellectum
1323 3517 1731 3596 cogitationes,
1768 3537 1873 3599 per
1904 3517 2081 3579 ratio-

433 3624 572 3668 nem
599 3607 1139 3688 interpretationes,
1171 3626 1275 3689 per
1305 3607 1758 3670 sensibilitatem
1788 3608 2083 3687 imagines

435 3694 653 3758 divinae
683 3697 1038 3776 cognitionis
1068 3706 1124 3759 et
1155 3696 1422 3759 scientiae
1452 3697 1837 3779 percipimus.

522 3875 618 3937 11.
650 3873 766 3947 Qui
804 3874 982 3938 habet
1013 3876 1372 3939 intellectum
1407 3875 1827 3957 perseptiones
1856 3875 2079 3952 cogita-

434 3961 663 4025 tionum
691 3963 843 4025 bene
867 3965 1332 4041 discernentem,
1358 3974 1416 4027 et
1436 3966 1634 4027 divina
1662 3966 1912 4045 cogitata
1941 3986 2083 4048 pure

436 4050 878 4135 admittentem,
913 4055 1206 4118 rationem
1238 4075 1377 4117 vero
1410 4055 1899 4135 interpretantem
1933 4059 2083 4138 phy-

433 4140 592 4201 sicos
644 4149 839 4203 motus
911 4143 1104 4205 omnis
1170 4154 1457 4206 creatura:
1514 4144 1799 4219 visibilis,
1859 4146 1916 4206 id
1970 4156 2080 4220 est,

432 4229 696 4292 rationes
748 4232 971 4294 entium
1027 4242 1465 4314 penetrantem,
1500 4233 2085 4317 intellectualemque

434 4319 889 4385 sensibilitatem
921 4323 1180 4385 caelestis
1212 4322 1529 4404 Sapientiae
1560 4332 1617 4385 et
1647 4324 1912 4386 scientia:
1937 4326 2079 4385 noti-

436 4407 577 4469 tiam
610 4409 1057 4490 suscipientem,
1094 4432 1203 4494 per
1233 4412 1698 4475 illuminationes
1728 4412 1881 4474 Solis
1901 4414 2083 4493 justi-

435 4496 534 4559 tiaa
563 4517 802 4560 omnem
835 4519 1074 4562 sensum
1126 4511 1609 4583 prwtergressus,
1644 4519 1823 4579 super
1852 4501 2086 4581 objecta

435 4586 741 4650 sensibilis
789 4588 1077 4665 elevatur,
1114 4599 1173 4653 et
1217 4590 1604 4652 invisibilium
1638 4589 1871 4652 deliciis
1899 4610 2083 4671 supe-

434 4675 751 4738 rabundat.
964 4684 969 4689 '
1614 4698 1615 4701 ‘

516 4766 615 4829 12.
649 4765 863 4829 Matres
893 4768 1173 4849 potentiae
1203 4769 1419 4831 mentis
1450 4777 1586 4830 sunt
1617 4775 1867 4847 quatuor
1901 4789 1914 4826 :
1948 4785 2085 4829 con-

432 4855 672 4936 ceptio,
731 4858 1195 4938 perspicacitas,
1259 4857 1723 4937 comprehensio
1804 4864 1863 4918 et
1933 4857 2078 4917 acti-

435 4945 612 5006 vitas.
666 4944 779 5018 Qui
828 4947 1011 5025 igitur
1061 4948 1368 5027 conjungit
1427 4959 1649 5008 matres
1708 4946 1814 5006 has
1873 4946 2087 5007 animaa

433 5034 765 5109 facultates,
794 5044 851 5097 et
876 5036 977 5117 qui
997 5036 1342 5098 intellectus
1372 5034 1751 5114 conceptioni
1785 5035 2088 5095 consociat

434 5124 645 5185 animae
669 5126 1142 5203 temperantiam,
1162 5132 1219 5185 et
1242 5122 1680 5205 perspicacitati
1714 5123 2087 5202 prudentiam

437 5220 495 5275 et
525 5214 1047 5293 comprehensioni
1073 5214 1388 5294 justitiam,
1428 5222 1486 5275 et
1518 5212 1797 5274 activilati
1849 5213 2087 5273 fortitu-

433 5302 660 5379 dinem,
696 5303 797 5364 ille
826 5322 1063 5365 currum
1092 5305 1429 5364 flammeum
1481 5311 1535 5364 et
1562 5302 1859 5381 bijugibus
1903 5302 2085 5363 corios

437 5399 739 5453 secantem
797 5394 1032 5473 junxit,
1089 5393 1375 5454 adversus
1432 5401 1551 5453 tres
1608 5390 2085 5471 generalissimos

434 5480 622 5542 duces
645 5490 702 5543 et
733 5483 1030 5543 exercitus
1060 5481 1203 5543 belli
1235 5479 1885 5561 cupiditatum,sci|icet
1922 5497 2086 5540 amo-

439 5589 568 5631 rem
600 5570 965 5647 divitiarum,
998 5571 1363 5652 voluptatum
1394 5578 1452 5633 et
1478 5572 1792 5633 honorum.

520 5746 621 5813 13.
655 5746 770 5820 Qui
794 5747 1014 5828 fugavit
1058 5766 1323 5813 amorem
1367 5747 1733 5824 divitiarum,
1767 5761 1873 5827 per
1918 5762 2086 5807 com-

2156 1645 2287 1716 μεθα
2342 1642 2476 1717 μετά
2521 1641 2796 1721 γνώσεως,
2850 1638 3198 1719 διακρίνοντες
3248 1639 3353 1695 ἀπὸ
3408 1645 3513 1697 τῶν
3570 1641 3815 1713 κρειττό-

2155 1753 2257 1787 νων
2285 1731 2406 1793 τοὺς
2432 1730 2677 1810 χείρονας
2706 1749 2720 1764 ·
2766 1728 2850 1789 διὰ
2902 1728 2957 1785 δὲ
3006 1734 3103 1797 τῆς
3152 1735 3244 1785 τοῦ
3285 1727 3448 1811 λόγου
3502 1727 3815 1810 διακρίσεως

2155 1819 2220 1875 τὰ
2249 1816 2369 1885 εἴδη
2418 1824 2522 1873 τῶν
2573 1819 2856 1894 νοημάτων
2911 1817 3301 1895 ἀπογευόμεθα.
3360 1818 3460 1876 Καὶ
3501 1818 3567 1873 τά
3625 1818 3720 1893 μὲν
3751 1820 3815 1877 ἐκ

2154 1914 2345 1987 πικρᾶς
2415 1907 2649 1987 φυόμενα
2704 1908 2875 1987 ῥίζης,
2949 1907 2985 1976 ἢ
3058 1907 3516 1982 μετασκευάζομεν
3572 1905 3656 1963 ἐπὶ
3710 1909 3811 1977 τὴν

2156 1993 2409 2071 γλυκεῖαν
2456 1992 2697 2049 ἀνάδοσιν
2746 2001 2843 2062 τῆς
2889 1999 3097 2075 ψυχῆς,
3146 1994 3182 2062 ἢ
3224 1992 3518 2059 καθολικῶς
3563 1993 3812 2053 ἀποϐαλ-

2156 2082 2353 2158 λόμεθα
2384 2102 2398 2115 ⁸
2442 2084 2507 2139 τὰ
2535 2081 2587 2138 δὲ
2619 2082 2678 2139 ἐκ
2707 2084 2936 2160 βοτάνης
2983 2083 3187 2143 εὐθέτου
3244 2085 3332 2140 καὶ
3374 2082 3604 2164 χλοερᾶς
3649 2109 3816 2165 προσ-

2159 2172 2361 2248 ιὲμεθα,
2436 2179 2539 2229 πᾶν
2601 2172 2778 2247 νόημα
2859 2171 3345 2252 αἰχμαλωτίζοντες
3417 2174 3489 2237 εἷς
3546 2173 3645 2242 τὴν
3704 2177 3816 2232 ὑπ·-

2158 2262 2325 2328 ακοὴν
2381 2268 2471 2318 τοῦ
2516 2269 2763 2340 Χριστοῦ,
2803 2262 2899 2318 Διά
2930 2261 2982 2317 δὲ
3025 2266 3123 2329 τῆς
3154 2269 3245 2318 τοῦ
3275 2264 3393 2326 νοὸς
3436 2260 3689 2337 διανοίας,
3722 2275 3820 2325 τοῦ

2159 2360 2351 2417 νοητοῦ
2408 2352 2567 2430 μύρου
2632 2354 2730 2420 τῆς
2796 2358 2888 2408 τοῦ
2944 2352 3248 2427 Πνεύματος
3307 2351 3528 2431 χάριτος
3588 2353 3818 2434 ὀσφραι-

2160 2440 2377 2516 νόμεθα,
2459 2440 2779 2520 εὗφροσύνης
2851 2442 2938 2496 καὶ
3018 2439 3381 2518 ἀγαλλιάσεως
3438 2441 3537 2508 την
3601 2442 3817 2522 καρδίαν

2160 2526 2517 2607 πληρούμενοι
2553 2545 2565 2557 ·
2599 2526 2682 2583 διὰ
2729 2528 2784 2583 δὲ
2810 2534 2906 2595 τῆς
2954 2528 3242 2608 ἐγρηγόρου
3272 2526 3508 2609 καρδίας,
3555 2537 3646 2586 τοῦ
3687 2530 3815 2611 δρο-

2160 2618 2390 2687 σίζον-τος
2421 2615 2617 2673 ἄνωθεν
2675 2618 2981 2692 Πνεύματος
3030 2619 3128 2686 τὴν
3173 2616 3344 2698 φλόγα
3395 2623 3494 2685 τῆς
3536 2618 3813 2697 ἐπιθυμίας

2159 2708 2313 2781 ἡμῶν
2343 2712 2448 2762 τῶν
2480 2706 2681 2782 καλῶν,
2716 2708 2751 2776 ἣ
2786 2709 2873 2763 καὶ
2903 2707 3271 2786 θερμαίνοντος
3303 2708 3395 2770 τὰς
3437 2712 3810 2791 καταψυχθεί-

2160 2817 2255 2859 σας
2284 2794 2526 2870 δυνάμεις
2569 2797 2723 2872 ἡμῶν
2774 2803 2851 2872 τῷ
2904 2798 3046 2877 κρύει
3105 2797 3209 2853 τῶν
3266 2799 3468 2871 παθῶν,
3521 2800 3809 2866 εῦσυνέτως

2161 2884 2577 2960 ἐπαισθανόμεθα
2588 2934 2601 2947 .

2243 2964 2299 3031 ι’.
2336 2975 2582 3055 Καθάπερ
2610 2982 2688 3050 τῷ
2741 2976 2946 3051 σώματι
2995 2978 3149 3051 ἡμῶν
3197 2977 3462 3046 αἰσθήσεις
3521 2975 3671 3032 πέντε
3730 2980 3808 3034 εἷ-

2160 3066 2260 3136 σὶν,
2311 3063 2513 3145 ὅρασις,
2545 3064 2704 3139 ἀκοὴ,
2762 3071 2961 3143 γεῦσις,
2994 3062 3273 3145 ὄσφρησις,
3319 3066 3407 3121 καὶ
3450 3065 3556 3145 ἀφή
3588 3082 3607 3101 ⁸
3666 3065 3805 3123 οὕτω

2162 3155 2249 3209 καὶ
2276 3160 2344 3229 τῇ
2391 3159 2544 3233 ψυχῇ
2598 3155 2735 3209 κατά
2782 3155 2872 3210 τὸν
2923 3156 3078 3210 αὖτὸν
3136 3154 3353 3231 ἀριθμὸν
3412 3154 3565 3211 πέντε
3626 3157 3808 3226 αἰσθή-

2165 3265 2272 3306 σεις
2305 3244 2401 3299 εἰσί
2435 3262 2448 3275 ·
2511 3250 2651 3322 νοῦς,
2697 3241 2878 3321 λόγος,
2932 3242 3179 3309 αἴσθησις
3233 3243 3408 3322 νοερὰ,
3456 3251 3676 3322 γνῶσις,
3720 3249 3812 3304 καὶ

2164 3332 2461 3407 ἐπιστήμη.
2525 3333 2613 3394 Εἰς
2667 3344 2811 3412 τρεῖς
2879 3330 2933 3387 δὲ
3002 3338 3071 3407 τῇ
3129 3335 3282 3411 ψυχῇ
3327 3332 3591 3411 ἐνεργείας
3649 3346 3814 3396 ταῦτα

2163 3420 2491 3498 συνάγεται·
2540 3420 2615 3482 εἷς
2669 3428 2811 3499 νοῦν,
2871 3420 2945 3482 εἰς
3002 3417 3186 3498 λόγον,
3248 3420 3319 3483 εἰς
3378 3419 3650 3487 αἴσθησιν,
3721 3425 3822 3481 Καὶ

2164 3507 2248 3565 διὰ
2278 3510 2373 3584 μὲν
2415 3515 2507 3565 τοῦ
2535 3510 2676 3587 νοὸς,
2709 3509 2804 3572 τὰς
2836 3506 3133 3578 διανοήσεις
3168 3525 3184 3541 ⁸
3243 3506 3327 3564 διὰ
3384 3505 3440 3563 δὲ
3496 3519 3588 3569 τοῦ
3630 3512 3820 3590 λόγου,

2163 3600 2256 3662 τὰς
2288 3597 2566 3676 ἑρμηνείας
2600 3613 2612 3625 ·
2668 3595 2751 3653 διὰ
2800 3602 2897 3663 τῆς
2958 3598 3248 3666 αἰσθήσεως
3310 3594 3387 3671 δὲ,
3455 3599 3549 3661 τὰς
3608 3622 3818 3679 φαντα-

2164 3687 2279 3749 σίας
2334 3691 2431 3753 τῆς
2488 3688 2627 3751 θείας
2701 3686 3002 3761 ἐπιστήμης
3075 3687 3163 3742 καὶ
3232 3687 3478 3765 γνώσεως
3548 3686 3813 3764 λαμϐάνο-

2166 3797 2262 3850 μεν
2274 3824 2286 3837 ,

2247 3854 2342 3925 ια’.
2380 3856 2437 3923 10
2486 3866 2577 3919 τὸν
2635 3870 2752 3920 νοῦν
2811 3862 2955 3943 ἔχων
3006 3864 3099 3926 τὰς
3157 3862 3453 3936 διανοήσεις
3499 3874 3601 3924 τῶν
3659 3866 3818 3947 λογι..

2166 3954 2316 4029 σμῶν
2364 3954 2420 4010 εῦ
2467 3952 2816 4031 διακρίνοντα,
2865 3954 2954 4009 καὶ
3010 3955 3073 4008 τὰ
3115 3956 3234 4010 θεῖα
3278 3956 3522 4030 νοήματα
3578 3961 3821 4036 καθαρῶς

2166 4042 2534 4121 προσιέμενον,
2580 4044 2669 4098 τὸν
2727 4040 2781 4097 δέ
2850 4041 3034 4119 λόγον,
3094 4044 3421 4122 ἑρμηνευτὴν
3483 4052 3588 4102 τῶν
3661 4069 3821 4125 φυσι-

2168 4139 2275 4188 κῶν
2332 4134 2592 4200 κινήσεων
2649 4136 2747 4198 τῆς
2823 4131 3099 4209 ὁρωμένης
3153 4133 3366 4200 ἁπάσης
3411 4135 3656 4213 κτίσεως,
3702 4136 3826 4200 τοὺς

2166 4216 2354 4299 λόγους
2385 4219 2629 4286 δηλονότι
2659 4226 2764 4275 τῶν
2793 4217 2957 4275 ὄντων
3006 4219 3399 4301 διατρανοῦντα,
3457 4224 3553 4291 τὴν
3599 4222 3653 4279 δὲ
3697 4247 3824 4281 νοε-

2165 4312 2256 4388 ραν
2314 4308 2583 4383 αἴσθησιν,
2657 4306 3062 4390 ὑποδεχομένην
3136 4317 3235 4379 τῆς
3317 4316 3556 4390 ούρανίου
3630 4317 3821 4396 σοφίας

2165 4401 2253 4455 καὶ
2304 4399 2549 4476 γνώσεως
2593 4399 2691 4465 τὴν
2734 4399 3059 4473 ἐπιστήμην,
3098 4398 3184 4456 διὰ
3240 4408 3343 4458 τῶν
3382 4400 3699 4479 ἐλλάμψεων
3729 4411 3825 4461 τοῦ

2172 4482 2350 4544 Ἠλίου
2379 4489 2478 4553 τῆς
2507 4485 2838 4555 δικαιοσύνης
2890 4496 3062 4545 πᾶσαν
3115 4491 3349 4569 περάσας
3390 4493 3491 4559 τὴν
3544 4492 3819 4562 αἴσθησιν,

2168 4579 2241 4639 εἷς
2284 4577 2347 4634 τὰ
2378 4579 2507 4654 ὓπερ
2538 4576 2784 4643 αἴσθησιν
2842 4579 3050 4656 γέγονε,
3110 4581 3199 4636 καὶ
3250 4579 3354 4637 τῶν
3384 4580 3619 4659 ἀοράτων
3651 4603 3822 4638 κατα-

2168 4671 2331 4745 τρυφᾷ
2361 4671 2460 4733 τῆς
2492 4667 2846 4745 τερπνότητος
2858 4714 2871 4727 .

2250 4747 2344 4831 ιβ’,
2378 4758 2586 4813 Γενικαὶ
2614 4753 2859 4831 δυνάμεις
2890 4763 2980 4813 τοῦ
3010 4759 3129 4821 νοός
3178 4759 3275 4814 εἰσι
3326 4758 3577 4838 τέσσαρες
3612 4778 3627 4794 ⁶
3692 4760 3823 4817 σύν-

2168 4871 2299 4929 εσις,
2360 4849 2663 4928 ἀγχίνοιαῼ
2692 4848 3019 4925 κατάληψις,
3091 4853 3179 4907 καὶ
3231 4850 3528 4930 ἐντρέχεια.
3592 4844 3648 4910 Ὀ
3704 4853 3825 4909 τοί-

2167 4963 2253 4996 νυν
2297 4941 2487 5003 ταύτας
2531 4939 2857 5015 ἐπεσυνάῲας
2915 4942 3009 5005 τὰς
3055 4942 3267 5020 γενικάς
3316 4943 3418 5008 τῆς
3478 4947 3661 5023 ψυχῆς
3692 4943 3824 5023 ἀρε-

2168 5031 2260 5092 τὰς
2305 5032 2392 5086 καὶ
2444 5035 2512 5105 τῇ
2561 5028 2657 5105 μέν
2724 5029 2925 5086 συνέσει
2983 5039 3074 5087 τοῦ
3144 5032 3264 5095 νοὸς
3327 5033 3426 5099 τὴν
3480 5038 3578 5100 τῆς
3637 5038 3826 5113 ψυχῆς

2171 5120 2509 5199 σωφροσύνην
2542 5117 2806 5193 συζεύξας,
2860 5126 2929 5195 τῇ
2977 5117 3032 5175 δέ
3075 5119 3327 5199 ἀγχινοίᾳ
3384 5122 3482 5187 τὴν
3541 5122 3819 5201 φρόνησιν,

2169 5214 2237 5284 τῇ
2290 5207 2343 5263 δὲ
2397 5206 2699 5282 καταλήψει
2750 5211 2847 5273 την
2908 5205 3267 5288 δικαιοσύνην,
3328 5217 3396 5286 τῇ
3454 5208 3509 5266 δὲ
3552 5211 3825 5291 ἐντρεχείᾳ

2169 5298 2268 5364 τὴν
2298 5296 2530 5377 ἀνδρείαν
2563 5297 2786 5370 ἐνώσας,
2848 5295 2989 5375 ἅρμα
3048 5298 3307 5377 φλογερὸν
3362 5300 3450 5355 καὶ
3506 5297 3820 5379 οὗρανοδρό-

2170 5408 2268 5461 μον
2326 5387 2497 5459 ἐαυτῷ
2566 5383 2751 5449 διττῶς
2817 5384 3208 5465 συνηρμόσατο,
3286 5387 3424 5444 κατὰ
3490 5391 3593 5445 τῶν
3660 5391 3823 5467 τριῶν

2167 5476 2531 5553 γενικωτάτων
2586 5474 2768 5554 ἀρχῶν
2827 5474 2915 5530 καὶ
2972 5471 3241 5551 δυνάμεων
3310 5477 3409 5543 τῆς
3479 5476 3821 5555 παρατάξεως

2166 5566 2273 5620 τῶν
2342 5566 2546 5637 παθῶν,
2619 5562 2984 5642 φιλαργυρίας,
3050 5561 3357 5643 φιληδονίας
3437 5567 3526 5622 καὶ
3600 5563 3822 5646 φιλοδο-

2170 5650 2305 5719 Είας.

2254 5730 2353 5819 ιγ’,
2400 5731 2457 5800 ὀ
2500 5740 2601 5809 τὴν
2628 5738 2968 5821 φιλαργυρίαν
3036 5738 3121 5798 διὰ
3178 5749 3275 5813 τῆς
3332 5742 3690 5821 καταλήψεως
3718 5746 3821 5813 τῆς
