4126 6442
370 461 485 524 857

1361 461 1905 527 PRAGTICOBUM
1951 459 2290 524 CAPITUM
2333 458 2729 526 CENTURIA
2777 460 2804 521 Ι

3650 457 3772 524 858

368 594 591 671 ἐννόμου
634 592 993 671 δικαιοσύνης,
1044 593 1166 661 ἥτις
1225 592 1365 651 ἐστὶν
1421 594 1458 661 ἡ
1514 594 1647 673 πρὸς
1675 595 1738 651 τὸ
1766 595 2009 675 ὁμογενὲς

2107 592 2569 672 prehensionem
2594 591 2843 674 justitia}
2870 593 3098 672 legalis,
3123 613 3253 675 quae
3270 601 3360 656 est
3383 611 3522 671 erga
3541 593 3771 656 similes

367 680 615 759 ἐλεήμων
644 683 965 764 συμπάθεια,
996 682 1548 760 κατατροπωσάμενος
1583 703 1601 720 ⁸
1657 686 1756 752 τῆς
1814 682 1869 740 δὲ
1898 683 2027 764 φιλ-

364 770 603 854 ηδονίας,
667 771 752 830 διὰ
809 778 909 841 τῆς
969 771 1241 830 εὖουνέτου
1287 773 1653 853 σωφροσύνης,
1719 771 1831 842 ἥτις
1889 773 2026 830 ἐστὶν

361 865 397 931 ἠ
428 863 738 942 περιεκτικῆ
797 861 1099 943 ἐγκράτεια,
1159 863 1568 943 κατακρατήσας
1600 882 1616 898 ·
1674 864 1774 931 τῆν
1831 861 1885 919 δὲ
1935 886 2029 945 φι-

362 949 624 1023 λοδοξίαν,
701 950 785 1010 διὰ
853 954 952 1019 τῆς
1012 951 1293 1032 ἀγχινοίας
1364 952 1454 1008 καὶ
1523 953 1855 1033 φρονήσεως,
1908 950 2028 1019 ἥτις

360 1039 501 1098 ἐστὶν
530 1042 566 1111 ἡ
628 1038 950 1122 εὖδιάκριτος
1007 1037 1264 1121 διάκρισις
1322 1045 1428 1098 τῶν
1486 1043 1638 1097 θείων
1692 1043 1780 1098 καὶ
1822 1041 2028 1121 ἀνθρω-

358 1129 528 1186 πίνων
598 1129 950 1209 πραγμάτων,
1037 1130 1113 1193 ὡς
1197 1128 1568 1208 ἀσθενεστέραν
1649 1129 2022 1211 καταδραμὼν,

356 1220 596 1284 καὶτοῖς
644 1220 857 1300 ὡραίοις
901 1220 1054 1275 ποσὶν
1109 1220 1185 1283 ὡς
1242 1216 1420 1297 γεώδη
1478 1220 1677 1287 ταύτην
1718 1221 1808 1277 καὶ
1850 1217 2026 1296 μηδε-

356 1309 448 1372 νὸς
508 1306 656 1373 ἀξίαν
713 1310 1124 1382 καταπατήσας,
1194 1309 1256 1365 τὸ
1326 1309 1524 1388 χοΐκὸν
1579 1309 1827 1389 φρόνημα
1883 1330 2021 1366 κατ-

354 1397 661 1475 ηγωνίσατο
716 1402 816 1465 τῆς
873 1397 1068 1477 σαρκός
1101 1413 1118 1429 ·
1180 1399 1266 1454 καὶ
1322 1397 1583 1471 τοσούτῳ,
1628 1400 1702 1461 ὡς
1746 1400 1819 1462 εἷς
1862 1398 2024 1474 νόμον

352 1493 451 1543 τοῦ
495 1487 797 1561 πνεύματος
857 1490 958 1554 τῆς
1014 1490 1160 1557 ζωῆς
1217 1483 1542 1562 μεταϐαλεῖν
1600 1486 1749 1561 αὒτὸ,
1794 1487 1882 1544 καὶ
1931 1495 2024 1544 τοῦ

353 1573 521 1651 νόμου
590 1580 689 1642 τῆς
759 1575 1114 1653 τυραννούσης
1188 1577 1404 1654 σαρκὸς,
1464 1573 1729 1655 ἐλεύθερον
1783 1574 2022 1655 ἀπεργά-

352 1667 566 1738 σασθαι,
601 1665 691 1721 καὶ
734 1665 907 1722 εἰπεῖν
946 1684 957 1697 ·
1008 1668 1326 1745 Εὗχαριστῶ
1381 1671 1459 1740 τῷ
1513 1672 1651 1747 Θεῷ,
1687 1664 1770 1722 ὅτι
1801 1667 1830 1722 ὁ
1860 1687 2023 1739 νομος

347 1760 446 1812 τοῦ
491 1752 797 1829 Πνεύματος
825 1756 925 1820 τῆς
954 1756 1098 1824 ζωῆς
1128 1751 1454 1833 ἠλευθέρωσέ
1500 1776 1566 1830 με
1606 1753 1712 1810 ἀπὸ
1740 1758 1831 1810 τοῦ
1860 1752 2022 1829 νόμου

348 1843 441 1898 καὶ
470 1864 572 1907 της
604 1839 842 1906 δουλείας
885 1863 976 1898 του
1004 1841 1250 1904 θανάτου.

435 1919 527 1990 ιδ’.
574 1920 634 1988 Ὀ
685 1935 783 1998 τῆς
824 1928 980 1998 δόξης
1028 1937 1136 1987 τῶν
1197 1930 1484 2011 ἀνθρώπων
1540 1933 1614 1997 ὡς
1674 1929 1860 2011 οὔσης,
1919 1917 2080 2000 τῆςΒ

346 2020 619 2097 μηδαμῶς
677 2019 840 2089 οὔσης
898 2020 1355 2097 ἀντιποιούμενος,
1414 2021 1502 2076 καὶ
1552 2021 1652 2088 τῆν
1708 2018 2015 2101 φιληδονίαν

344 2108 435 2167 διὰ
480 2114 666 2190 ψυχῆς
723 2107 1022 2176 ἀπληστίαν
1077 2109 1573 2185 κατασπαζόμενος,
1635 2110 1722 2165 καὶ
1761 2114 1859 2175 τῆς
1889 2106 2015 2189 φιλ-

343 2198 596 2279 αργυρίας
668 2195 753 2253 διὰ
806 2195 1108 2263 πλῖονεξίας
1175 2198 1558 2279 ἀντεχόμενος,
1622 2198 1660 2267 ἢ
1730 2197 2012 2274 δαιμονιώ-

344 2285 445 2354 δης
502 2285 588 2342 διὰ
634 2290 734 2353 τῆς
794 2286 1017 2357 οἰήσεως
1061 2288 1150 2343 καὶ
1205 2287 1562 2368 ὑπερηφανίας
1616 2286 2007 2359 κατασκευάζε-

346 2398 463 2456 ται,
524 2374 560 2443 ἢ
612 2374 894 2443 κτηνώδης
953 2372 1038 2430 διὰ
1079 2381 1188 2432 τῶν
1241 2374 1447 2443 ἡδονῶν
1503 2381 1603 2444 τῆς
1665 2377 1894 2455 γαστρὸς
1937 2398 2006 2432 κα

347 2471 459 2521 τῶν
529 2465 891 2543 ὑπογαστρίων
962 2462 1328 2538 ἀποτελεῖται,
1388 2464 1425 2533 ἢ
1493 2461 1758 2544 θηρνώδης
1813 2464 2013 2543 γίνεται

344 2566 468 2618 τοῖς
518 2552 748 2621 πλησίον
805 2550 889 2608 διὰ
943 2557 1044 2620 τῆς
1086 2550 1469 2622 πλεονεκτικης
1520 2555 1610 2610 καὶ
1665 2553 2014 2632 ἀπανθρώπου

350 2641 697 2724 φιλαργυρίας
732 2659 747 2674 ⁸
809 2640 1077 2699 ἐκπίπτων
1130 2642 1228 2718 μὲν
1280 2643 1379 2709 τῆς
1424 2644 1555 2723 πρὸς
1585 2644 1714 2699 Θεὸν
1756 2644 2007 2717 πίστεως,

351 2729 438 2789 διά
508 2733 570 2787 τὸ
641 2727 931 2806 λαμϐάνειν
988 2728 1139 2797 δόξαν
1209 2732 1351 2811 παρὰ
1416 2731 1702 2810 ἀνθρώπων
1759 2732 1897 2788 κατὰ
1948 2733 2009 2789 τὸ

344 2818 528 2900 λόγιον
571 2834 586 2851 ⁸
653 2820 1038 2899 ἐκτρεπόμενος
1093 2818 1148 2875 δὲ
1204 2825 1304 2887 τῆς
1361 2823 1703 2901 σωφροσύνης
1730 2838 1737 2847 ⁸
1765 2821 1854 2877 καὶ
1903 2842 2002 2877 κα-

341 2910 663 2990 θαρότητος,
719 2908 803 2966 διὰ
846 2912 909 2966 τὸ
956 2909 1181 2966 ὲ;.καίειν
1225 2917 1293 2987 τῇ
1352 2909 1622 2983 ἀπληστίᾳ
1676 2911 1743 2967 τὰ
1797 2910 2006 2989 ὑπογά-

345 3020 522 3080 στρια,
556 3001 645 3056 καὶ
686 3011 813 3062 ταῖς
842 2998 1090 3062 ἀτάκτοις
1147 2999 1380 3055 ὑπείκειν
1440 3001 1635 3078 ὁρμαῖς
1667 3017 1680 3033 ⁸
1755 2998 2006 3076 ἐξοστρα-

343 3088 625 3162 κιζόμενος
675 3084 731 3142 δὲ
778 3091 877 3153 τῆς
929 3087 1167 3167 ἀγάπης,
1216 3085 1302 3143 διὰ
1341 3089 1403 3144 τὸ
1461 3088 1610 3164 μόνῳ
1650 3090 1820 3162 ἐαυτῷ
1860 3108 2004 3166 περι·

353 3175 498 3233 έπειν
554 3177 643 3233 καὶ
701 3176 779 3251 μὴ
848 3173 1045 3232 διδόναι
1114 3177 1178 3231 τὰ
1249 3178 1508 3256 χρήματα
1567 3177 1825 3256 χρῄζουσι
1887 3189 2006 3240 τοῖς

341 3264 572 3332 πλησίον
606 3284 623 3300 ⁸
685 3266 773 3322 καὶ
829 3263 967 3323 οὕτω
1023 3262 1367 3345 πολύμορφόν
1415 3287 1466 3321 τι
1518 3267 1696 3345 θηρίον
1752 3265 1812 3322 ἐκ
1865 3263 2007 3322 πολ-

2111 680 2456 744 misericors
2485 681 2862 763 compassio;
2895 692 2955 744 et
2984 700 3247 743 amorem
3272 682 3638 762 voluptatum
3663 700 3771 761 per

2111 768 2539 849 intelligentem
2574 770 3052 852 temperantiam,
3084 789 3216 852 quae
3248 779 3337 833 est
3368 770 3442 832 ab
3490 769 3767 832 omnibus

2111 858 2502 933 continentia,
2524 860 2865 922 dominatus
2887 868 2977 922 est
3003 881 3019 937 ;
3039 878 3302 923 amorem
3323 879 3460 922 vero
3474 861 3767 922 honorum

2113 949 2744 1029 perperspicacitatem
2771 958 2829 1011 et
2854 949 3253 1029 prudentiam,
3278 968 3409 1031 quas
3430 948 3768 1029 estsapiens

2110 1034 2445 1099 divinarum
2531 1038 3044 1120 humanarumque
3137 1056 3338 1099 rerum
3415 1037 3761 1112 discrimen,

2113 1133 2390 1206 tanquam
2412 1126 2807 1189 infirmiorem
2831 1145 3165 1207 aggressus.
3221 1145 3351 1188 eam
3401 1126 3770 1208 tempestivis

2108 1212 2361 1294 pedibus
2415 1221 2481 1276 ut
2538 1222 3000 1277 terrestremet
3070 1215 3437 1278 villissimam
3497 1216 3763 1293 calcavit,

2104 1302 2204 1371 ille
2234 1303 2424 1367 luteas
2492 1304 2691 1366 carnis
2742 1304 3169 1383 ceugitationes
3224 1305 3544 1387 superavit,
3593 1304 3674 1367 ita
3703 1313 3769 1368 ut

2105 1390 2266 1472 ipsas
2325 1400 2391 1454 ut
2459 1391 2651 1473 legem
2713 1393 2955 1474 spiritus
3026 1395 3388 1457 converterit
3441 1402 3501 1457 et
3554 1413 3587 1455 a
3635 1393 3765 1473 lege

2104 1479 2467 1561 dominantis
2529 1481 2728 1543 carnis
2763 1480 3128 1564 liberaverit,
3174 1482 3420 1544 dicens:
3454 1505 3478 1540 (ι
3534 1481 3763 1547 Gratias

2105 1586 2212 1648 ago
2242 1571 2393 1652 Deo,
2425 1571 2566 1653 quia
2591 1571 2685 1634 lex
2717 1570 2962 1652 spiritus
2992 1571 3124 1633 vitae
3168 1571 3415 1635 liberavi
3445 1591 3540 1635 me
3569 1592 3603 1635 a
3634 1572 3764 1651 lege

2106 1657 2408 1722 servitutis
2444 1659 2651 1722 mortis
2669 1660 2718 1725 2.
2754 1684 2782 1717 »

2186 1925 2285 1988 l4.
2320 1924 2433 1999 Qui
2462 1926 2719 2007 gloriam
2743 1928 3086 2004 humanam,
3121 1946 3253 2011 quae
3294 1928 3445 1991 nihil
3475 1937 3586 2004 est,
3639 1939 3764 1990 tan-

2103 2031 2280 2095 quam
2306 2016 2357 2075 si
2397 2016 2621 2097 aliquid
2671 2027 2828 2080 esset
2882 2018 3128 2100 appetit,
3188 2027 3247 2081 et
3300 2036 3564 2079 amorem
3591 2019 3761 2080 volu-

2101 2110 2375 2181 ptantum
2437 2112 2683 2186 propter
2726 2106 3123 2168 insatiabilem
3184 2106 3400 2167 animae
3452 2105 3761 2169 libidinem

2095 2190 2468 2271 amplecitur,
2530 2201 2586 2254 et
2628 2193 2888 2256 avaritiae
2936 2212 3045 2275 per
3090 2194 3422 2276 cupidatem
3474 2193 3759 2269 adhaeret,

2092 2280 2180 2339 vel
2215 2281 2580 2343 assimilatur
2612 2281 2985 2344 daemonibus
3006 2282 3081 2344 ob
3132 2287 3656 2364 praesumptionem
3705 2291 3766 2344 et

2086 2369 2460 2448 superbiam,
2488 2371 2581 2432 vel
2610 2380 2989 2452 comparatur
2998 2372 3291 2452 jumentis
3308 2391 3414 2452 per
3432 2372 3762 2454 voluptates

2096 2458 2323 2519 ventris
2355 2467 2412 2521 et
2441 2459 2803 2541 abdominis,
2837 2461 2924 2521 vel
2963 2469 3289 2542 monstrum
3313 2462 3376 2523 ﬁt
3397 2480 3539 2541 erga
3567 2463 3763 2543 proxi-

2095 2565 2256 2608 mum
2289 2546 2364 2609 ob
2394 2548 2776 2631 cupiditatem
2812 2556 2870 2611 et
2904 2550 3227 2611 immanem
3248 2550 3476 2628 argenti
3516 2552 3752 2614 famen:

2097 2635 2443 2698 excidensa
2495 2637 2611 2700 ﬁde
2659 2639 2719 2699 in
2784 2640 2991 2713 Deum,
3045 2639 3187 2719 quia
3241 2640 3456 2720 recipit
3505 2639 3756 2720 gloriam

2094 2723 2168 2785 ab
2219 2725 2588 2798 hominibus,
2647 2726 2806 2788 sicut
2864 2736 3153 2808 scriptum
3214 2736 3341 2805 est;
3398 2729 3661 2808 rejectus
3719 2748 3754 2791 a

2091 2813 2381 2894 sapientia
2401 2823 2460 2877 et
2479 2814 2756 2895 puritate,
2791 2815 2928 2897 quia
2976 2815 3300 2877 insatiabili
3323 2817 3495 2879 ardet
3516 2818 3757 2880 ﬂamma

2093 2903 2219 2982 ejus
2241 2902 2561 2980 abdomen,
2586 2903 3061 2986 inordinatisque
3090 2905 3358 2986 indulget
3381 2906 3708 2987 impetibus
3734 2932 3749 2983 ;

2091 2999 2151 3053 et
2180 2992 2456 3053 exsulans
2503 3011 2538 3054 a
2581 2993 2889 3065 charitate,
2938 2994 3077 3074 quia
3141 2994 3258 3055 sibi
3327 2995 3437 3055 soli
3469 2995 3749 3074 causulit,

2089 3097 2201 3143 nec
2223 3099 2330 3141 sua
2354 3081 2640 3161 indigenti
2670 3082 2936 3162 proximo
2986 3082 3084 3144 dat
3111 3083 3284 3145 bona.
3334 3082 3525 3153 Unde,
3560 3086 3753 3148 veluti

2093 3177 2421 3230 monstrum
2480 3170 2847 3233 muliiforme
2917 3189 2989 3232 ex
3066 3173 3270 3233 multis
3321 3173 3437 3234 sibi
3484 3173 3743 3237 invicem

2091 3257 2425 3334 contrariis,
2467 3258 2600 3321 talis
2627 3260 2805 3321 homo
2837 3258 3071 3322 videtur
3103 3264 3246 3344 Deo,
3308 3260 3655 3326 hominibus
3688 3272 3749 3326 et

356 3352 463 3411 λῶν
522 3352 932 3429 συντεθειμένων
981 3366 1101 3417 τοῖς
1160 3354 1374 3419 ἑαυτοῖς
1433 3354 1705 3431 ἐναντίων,
1761 3357 1790 3411 ὁ
1845 3360 2009 3411 τοιοό-

2097 3344 2303 3408 bestiis
2331 3346 2517 3440 hostis
2543 3346 3003 3411 infensissimus.

358 3464 447 3506 τος
475 3445 656 3522 δρᾶται
701 3449 818 3519 Θεῷ
873 3445 962 3500 καὶ
991 3443 1306 3524 ,ἀνθρώποις
1363 3445 1452 3501 καὶ
1500 3446 1749 3516 κτήνεσιν
1805 3438 2009 3500 ἄσπον-

351 3527 467 3597 δος.

429 3609 515 3684 ιε’,
582 3623 754 3698 Opp-bc
819 3622 908 3679 καὶ
963 3621 1208 3699 ἐπιθυμία
1263 3624 1353 3680 καὶ
1406 3624 1468 3679 τὸ
1538 3621 1842 3701 λογιστικὸν
1910 3631 2002 3682 τοῦ

342 3712 485 3783 νοὸς,
530 3712 575 3768 εἰ
630 3711 729 3788 μὲν
798 3712 936 3769 κατὰ
998 3712 1149 3792 φύσιν
1212 3711 1293 3790 ἐφ’
1337 3712 1538 3769 ἑαυτῶν
1595 3713 1850 3782 ἑστήκασι
1915 3706 2002 3769 καὶ

338 3804 626 3879 κινοῦνται,
659 3798 782 3857 ὅλον
828 3800 974 3857 θετόν
1030 3822 1148 3858 τινα
1189 3802 1278 3858 καὶ
1334 3798 1542 3868 θεοειδῆ
1601 3802 1691 3858 τὸν
1734 3799 2003 3880 ἄνθρωπον

335 3887 747 3967 ἀπεργάζονται,
810 3891 974 3968 ὑγιῶς
1030 3886 1277 3956 δηλονότι
1334 3890 1666 3965 κινούμενον,
1730 3894 1819 3947 καὶ
1874 3882 2001 3966 μηδ’

335 3979 579 4037 ὁπωσοῦν
647 3979 749 4045 τῆς
815 3984 1041 4058 φυσικῆς
1098 3978 1307 4055 βάσεως
1376 3977 1753 4053 ἐκτεπόμενον,
1832 3979 1889 4035 Εἰ
1945 3976 2000 4033 δὲ

332 4068 478 4147 παρὰ
521 4068 671 4148 φύσιν
729 4075 822 4124 τοῦ
880 4067 1084 4131 εἰκότος
1138 4080 1529 4146 πιρατραπεϊν,
1587 4069 1675 4124 καὶ
1714 4073 1813 4135 τῆς
1867 4064 2000 4126 ἰδίας

334 4155 714 4224 ἆποκινηθεϊεν
762 4158 992 4238 φύσεως,
1044 4156 1384 4236 πολύμορφόν
1428 4179 1546 4213 τινα
1588 4168 1774 4217 τοῦτον
1820 4156 1998 4237 ὥσπερ

334 4242 573 4322 εἴρηται,
619 4246 708 4302 καὶ
737 4245 794 4302 ἐκ
843 4244 1057 4302 πολλῶν
1102 4254 1208 4302 τῶν
1257 4245 1310 4301 ἐν
1360 4248 1540 4311 αὐτοῖς
1587 4246 1997 4323 ἐναντιουμένων

333 4334 728 4409 συντεθειμένον
756 4332 1206 4394 ἀποδεικνύουσιν.

421 4412 545 4497 ις’.
605 4416 661 4482 (Ο
705 4426 867 4500 θυμὸς
912 4424 1150 4505 μεθόριόν
1209 4425 1351 4482 ἐστιν
1409 4424 1707 4500 ἐπιθυμίας,
1762 4425 1851 4481 κῖτὶ
1906 4434 1999 4484 τοῦ

2163 3612 2259 3673 l5.
2287 3613 2493 3675 Partes
2521 3611 2737 3674 animal,
2782 3613 3119 3690 irascibilis,
3164 3614 3652 3698 concupiscibilis
3681 3627 3744 3682 et

2080 3700 2409 3773 rationalis,
2471 3700 2522 3762 si
2573 3704 2906 3766 secundum
2959 3715 3232 3766 naturam
3289 3706 3446 3767 ultro
3485 3714 3643 3769 stent
3672 3727 3743 3772 ac

2086 3799 2457 3866 moveantur,
2518 3798 2704 3852 totum
2756 3792 3063 3856 hominem
3113 3794 3284 3876 quasi
3330 3793 3655 3874 imaginem
3685 3806 3749 3862 et

2084 3878 2539 3943 similitudinem
2593 3881 2705 3943 Dei
2759 3881 3064 3960 reddunt;
3112 3883 3393 3946 videlicet
3443 3884 3749 3966 sapienter

2084 3977 2309 4056 motum
2343 3989 2411 4032 ec
2442 3970 2562 4035 ullo
2593 3972 2771 4035 modo
2800 3990 2833 4034 e
2865 3973 3121 4036 naturali
3165 3975 3745 4056 cursu‘perversum.

2085 4055 2149 4120 Si
2180 4077 2318 4121 vero
2346 4068 2551 4123 contra
2581 4069 2851 4125 naturam
2905 4082 2975 4124 ex
3000 4142 3006 4147 .
3028 4064 3338 4126 honestate
3368 4055 3745 4142 deﬂexerint,

2083 4155 2142 4208 et
2170 4165 2204 4209 e
2233 4148 2475 4230 propria
2502 4150 2866 4213 recesserint
2894 4162 3129 4230 natura,
3188 4153 3555 4217 multiforme
3584 4152 3745 4218 istud

2081 4245 2437 4315 monstrum,
2496 4247 2562 4301 ut
2617 4239 2840 4303 dictum
2897 4250 3009 4325 est,
3045 4260 3117 4305 ex
3176 4241 3377 4305 multis
3426 4243 3748 4306 contrariis
3812 4275 3821 4281 -

2082 4328 2773 4404 congestum‘exhibent.

2164 4418 2264 4478 l6.
2300 4419 2445 4479 Pais
2473 4416 2687 4479 animae
2715 4418 3032 4482 irascibilis
3074 4420 3328 4483 conﬁnis
3379 4428 3468 4483 est
3498 4439 3737 4485 concu-

332 4509 641 4591 λογιττικοῦ
681 4515 781 4581 τῆς
830 4515 1041 4595 ψυχῆς,
1100 4512 1265 4571 ὅπλον
1316 4518 1433 4571 οἷον
1477 4515 1684 4587 ἑκάστῳ
1736 4512 1817 4592 ὢν
1842 4513 1896 4569 ἐν
1924 4521 1993 4591 τῇ

2096 4505 2334 4568 ωἰεείὺὶιί
2391 4513 2451 4567 εἰ
2496 4506 2799 4587 rationali,
2865 4516 2923 4569 et
2978 4517 3064 4570 est
3144 4509 3323 4572 veluti
3382 4511 3564 4571 telum
3623 4531 3741 4593 quo

333 4602 480 4680 πραρά
539 4602 715 4683 φύσιν,
773 4603 810 4671 ἢ
856 4604 943 4659 καὶ
997 4604 1133 4659 κα-’ὲι
1191 4605 1342 4673 φεσιν
1384 4604 1592 4673 κινήσει
1650 4606 1828 4664 arb-:06.
1892 4612 1992 4661 Κι-

2096 4604 2329 4677 itraque
2359 4594 2546 4657 utitur
2574 4596 2811 4675 quando
2828 4606 3035 4659 contra
3082 4600 3175 4660 vel
3199 4599 3530 4662 secundum
3563 4610 3741 4663 natu-

337 4689 599 4766 νουμένης
669 4692 768 4770 γὰρ
839 4696 937 4758 τῆς
1007 4692 1282 4768 ἐπιθυμίας
1368 4693 1459 4749 καὶ
1532 4698 1623 4748 τοῦ
1694 4690 1996 4769 λογιστικοῦ

333 4781 471 4836 κατὰ
518 4781 670 4861 φύσιν
716 4779 802 4837 ἐπὶ
844 4782 912 4836 τὰ
959 4783 1105 4854 θετα,
1159 4779 1323 4839 ὅπλον
1380 4780 1517 4837 ἐστὶν
1574 4783 1601 4836 ὁ
1643 4782 1804 4855 θυμὸς
1860 4780 1993 4837 ἐκα-

331 4875 444 4942 στῷ
521 4867 857 4937 δικαιοσύνης
943 4871 1079 4926 κατὰ
1150 4893 1314 4946 μονου
1390 4876 1482 4926 τοῦ
1553 4871 1848 4948 συρίζοντος
1907 4871 1995 4926 καὶ

281 4974 285 4979 ’
334 4957 699 5036 ἐπιτιθεμένου
756 4959 941 5023 αὐτοῖς
985 4958 1156 5040 ὄφεως
1224 4960 1323 5029 τὴν
1376 4959 1679 5035 μετάληψιν
1735 4958 1842 5015 τῶν
1898 4964 1996 5030 τῆς

333 5047 529 5126 σαρκὸς
585 5044 815 5121 ¹ἡδονῶν,
882 5049 971 5104 καὶ
1024 5048 1124 5116 τὴν
1184 5053 1284 5116 τῆς
1329 5046 1485 5115 δόξης
1539 5048 1649 5104 τῶν
1705 5046 1995 5125 ἀνθρώπων

331 5133 624 5195 ἀπόλαυσιν
656 5157 670 5170 '
719 5137 1206 5216 παρατρεπομένων
1249 5135 1304 5193 δὲ
1358 5142 1457 5204 τῆς
1513 5137 1649 5193 κατά
1691 5136 1845 5217 φύσιν
1902 5158 1992 5192 κι-

335 5225 565 5306 νήσεως,
597 5227 685 5282 καὶ
718 5223 1199 5302 μεταϐαλλομένων
1257 5228 1330 5289 εἷς
1373 5227 1434 5284 τὸ
1489 5226 1633 5305 παρὰ
1690 5227 1841 5305 φύσιν
1895 5226 1994 5292 τὴν

333 5311 572 5391 δύναμιν,
604 5319 701 5371 καῖ
746 5315 853 5370 ἀπὸ
899 5318 998 5383 τῆς
1052 5313 1261 5395 σχολῆς
1305 5322 1411 5372 τῶν
1452 5315 1606 5373 θείων
1662 5315 1991 5393 πραγμάτων

328 5401 417 5459 ἐπὶ
468 5403 535 5461 τὰ
585 5402 885 5482 ἀνθρώπινα
927 5403 1390 5483 μεταφερομένων,
1455 5402 1621 5461 ὅπλον
1678 5402 1817 5459 ἐστὶν
1869 5400 1990 5458 ἀδι-

324 5492 446 5554 κίας
517 5494 590 5556 εἷς
648 5492 934 5572 ἁμαρτίαν,
992 5491 1060 5549 δι’
1121 5496 1283 5552 αὐτοῦ
1333 5492 1663 5575 μαχομένων
1723 5494 1810 5548 καὶ
1863 5491 1988 5549 ἐπι-

323 5579 614 5655 τιθεμένων
688 5592 809 5645 τοτς
886 5580 1285 5662 ἀναχαιτίζουσι
1364 5584 1461 5648 τας
1518 5583 1686 5663 ὁρμὰς
1743 5583 1831 5639 καὶ
1893 5583 1991 5646 τὰς

326 5666 524 5748 ὀρέξεις
579 5672 752 5729 αὐτῶν
799 5687 815 5703 ⁸
862 5671 936 5734 ὡς
980 5670 1213 5729 ἐντεῦθεν
1270 5670 1307 5740 ἢ
1376 5673 1666 5753 πρακτικὸν
1724 5672 1816 5728 καὶ
1863 5675 1994 5729 θεω-

409 5825 439 5870 9
465 5827 641 5891 Rom.
671 5842 805 5905 vni,
832 5826 892 5890 2.

2075 4703 2202 4747 ram
2236 4692 2522 4746 movetur.
2563 4686 2741 4748 Motis
2782 4687 2943 4748 enim
2993 4690 3323 4752 secundum
3372 4701 3642 4754 naturam
3675 4694 3741 4756 in

2077 4792 2176 4836 res
2204 4772 2435 4836 divinas
2465 4773 2728 4853 partibus
2749 4776 3206 4857 concupiscibili
3229 4790 3291 4840 et
3309 4780 3582 4843 rationali
3608 4801 3745 4862 pars

2078 4862 2364 4926 irascibili
2394 4863 2577 4924 telum
2607 4871 2696 4925 est
2723 4864 2973 4945 justitiaa
3020 4876 3225 4929 contra
3256 4868 3570 4932 inimicum
3603 4890 3739 4934 ser-

2080 4959 2344 5033 pentem,
2405 4950 2508 5032 qui
2559 4951 2706 5032 ipsis
2753 4953 3018 5017 insibilat
3069 4963 3127 5018 et
3171 4958 3434 5036 suggerit
3483 4967 3548 5020 ut
3576 4961 3740 5023 volu-

2080 5041 2336 5122 ptatibus
2360 5040 2558 5103 carnis
2588 5048 2648 5103 et
2671 5041 2860 5120 gloria
2882 5042 3155 5107 furantur
3182 5045 3465 5109 humana.
3520 5046 3742 5112 Iisdem

2077 5148 2216 5192 vero
2245 5148 2281 5191 a
2310 5137 2475 5191 motu
2496 5128 2753 5193 naturali
2779 5132 3073 5212 perversis
3092 5141 3149 5194 et
3179 5133 3296 5195 vim
3328 5154 3498 5198 suam
3523 5149 3739 5199 contra

2080 5227 2348 5281 naturam
2406 5217 2867 5282 deﬂectentibus
2898 5221 2951 5284 ei
2975 5240 3008 5283 a
3034 5221 3230 5284 studio
3262 5241 3466 5286 rerum
3515 5224 3743 5289 divina-

2077 5327 2206 5370 rum
2227 5308 2287 5371 in
2309 5325 2406 5370 res
2429 5309 2720 5371 humanas
2740 5312 3072 5394 conversis,
3095 5319 3155 5374 et
3200 5312 3384 5375 telum
3406 5312 3742 5395 iniquitatis

2073 5397 2145 5459 ad
2178 5404 2511 5479 peccatum,
2564 5417 2681 5479 quo
2731 5398 2849 5461 illae
2898 5410 3162 5482 pugnant
3207 5409 3271 5463 et
3311 5401 3742 5482 aggrediuntur

2074 5504 2178 5549 eos
2207 5485 2459 5568 quisuis
2505 5485 2828 5568 impetibus
2875 5497 2935 5553 et
2979 5490 3405 5571 cupiditatibus
3432 5493 3738 5557 resistant.

2075 5578 2163 5639 Ita
2185 5583 2249 5636 ut
2269 5575 2616 5669 praticusiet
2645 5577 3012 5669 theoretigps
3027 5586 3101 5669 ,et
3145 5579 3398 5669 maxime
3422 5580 3737 5669 theologus

2072 5664 2423 5730 ostendatur
2452 5665 2632 5729 homo
2664 5666 2726 5729 in
2788 5664 2993 5755 medio
3022 5667 3317 5734 Ecclesia
3368 5668 3660 5750 ﬁdelium,
3687 5671 3738 5735 si
