4126 6440
371 391 491 459 859

1669 396 1974 463 NIGETE
2017 392 2446 461 PECTOBATI

3643 393 3769 462 860

369 524 702 589 secundum
728 532 1001 591 naturam
1018 536 1351 605 moveatur,
1374 528 1468 592 vel
1489 529 1794 611 jumento,
1826 526 2032 591 bestiae

2134 530 2327 596 ιητικὸν
2380 531 2467 590 καὶ
2535 530 2987 611 θεολογικώτατον
3060 532 3248 613 μέσον,
3330 528 3606 611 δειχθῆναι
3676 529 3773 587 τὸν

367 633 438 679 ac
462 614 719 680 daemoni
745 616 984 700 similis,
1041 618 1095 681 si
1143 617 1218 682 ab
1262 617 1474 682 ordine
1521 625 1744 682 naturae
1773 635 2025 700 perver-

373 710 549 771 tatur.

459 883 554 949 l7.
586 883 715 949 Nisi
731 883 866 967 quis
888 884 1055 966 prius
1081 885 1242 950 vires
1262 885 1479 949 animae
1499 906 1622 951 suae
1634 905 1742 969 per
1772 885 2028 950 laborio-

374 989 501 1034 sam
520 973 964 1053 painnitentiam
984 976 1396 1037 etcontinuum
1413 977 1763 1042 exercitium
1787 993 2030 1040 conver-

375 1062 662 1146 sas,tales
683 1063 948 1127 eﬂ‘ecerit
971 1065 1179 1148 quales
1201 1065 1377 1130 nobis
1423 1069 1482 1129 in
1525 1067 1821 1150 principio
1865 1065 2032 1129 dedit

372 1152 555 1229 Deus,
580 1153 815 1234 quando
835 1153 1027 1217 Adam
1053 1155 1365 1237 plasmavit
1390 1181 1406 1230 ;
1436 1165 1495 1220 et
1516 1156 1879 1240 spiraculum
1899 1155 2033 1219 vitae

370 1241 485 1324 ipsi
541 1241 887 1323 inspiravit;
938 1262 1279 1326 nuncquam
1336 1246 1603 1328 seipsum
1670 1262 2032 1326 cognoscere

372 1330 610 1413 poterit,
645 1351 757 1395 nec
814 1341 1043 1414 partem
1099 1335 1454 1399 rationalem
1513 1356 1545 1399 a
1605 1334 2031 1417 cupiditatibus

374 1419 648 1498 liberam,
682 1421 1036 1504 modestam,
1082 1442 1203 1486 non
1250 1425 1568 1502 curiosam,
1622 1444 1742 1488 non
1773 1425 2028 1506 tristem,

374 1507 735 1592 simplicem,
798 1511 1114 1587 humilem,
1199 1513 1416 1577 invidae
1474 1523 1533 1578 et
1580 1513 2034 1577 obtrectationis

374 1607 678 1680 expertem
710 1606 769 1662 et
795 1600 996 1665 omnia
1046 1602 1300 1683 cogitata
1351 1604 1742 1686 captivantem
1790 1602 1853 1665 in
1884 1601 2034 1666 obe-

2109 617 2406 698 ἄνθρωπον,
2452 627 2551 690 τῆς
2606 628 2713 679 τῶν
2770 628 2971 680 πιστῶν
3026 618 3368 695 Ἐκκλησίας,
3428 619 3565 676 κατά
3614 619 3770 700 φύσιν

2107 708 2437 790 κινούμενον,
2471 711 2507 781 ἢ
2552 709 2800 780 κτηνώδη
2844 712 2932 768 καὶ
2980 708 3218 791 θηριώδη
3273 709 3363 768 καὶ
3413 705 3766 785 δαιμονιώδη,

2108 797 2181 862 εἰς
2210 798 2271 881 to
2298 800 2443 879 παρὰ
2484 800 2637 881 φύσιν
2665 801 3157 881 παρατρεπόμενον.

2191 877 2281 959 ιζ’.
2332 877 2392 947 Εἰ
2449 877 2526 967 μη
2585 912 2664 955 τις
2722 877 2931 971 πρῶτον
2986 890 3082 954 τὰς
3132 888 3380 966 δυνάμεις
3422 893 3521 955 τῆς
3579 890 3767 967 ψυχῆς

2110 977 2296 1034 ἑαυτοῦ
2366 975 2435 1035 δι’
2500 979 2752 1037 ἐπιπόνου
2810 979 3091 1056 μετανοίας
3147 980 3236 1037 καὶ
3294 977 3541 1037 συντόνου
3589 975 3770 1045 ἀσκή-

2110 1087 2246 1131 σεως
2315 1069 2562 1135 τοιαύτας
2618 1069 2986 1149 μεταστρέψας
3043 1068 3379 1143 ἀποτελέσει,
3450 1066 3574 1130 οἵας
3629 1067 3768 1142 ἡμῖν

2112 1153 2164 1222 ἐξ
2207 1157 2385 1238 ἀρχῆς
2418 1156 2639 1217 δέδωκεν
2685 1160 2713 1216 ὁ
2756 1161 2888 1224 Θεὸς
2940 1160 3029 1216 τὸν
3076 1157 3249 1235 Ἀδὰμ
3296 1156 3762 1235 πλαστουργήσας,

2111 1246 2200 1302 καὶ
2242 1246 2412 1314 πνοὴν
2463 1252 2607 1318 ζωῆς
2646 1247 2958 1325 ἐμπυσήσας
3001 1248 3169 1325 αὐτῷ,
3214 1245 3331 1305 οὗδὲ
3387 1246 3572 1303 ἑαυτὸν
3625 1249 3768 1323 γνῶ-

2114 1356 2197 1391 ναι
2251 1335 2491 1417 ἰσχύσειέ
2550 1359 2681 1395 ποτε
2713 1355 2730 1373 ⁸
2790 1334 2905 1396 οὐδὲ
2959 1337 3052 1393 τὸν
3112 1336 3470 1417 αὐτοκράτορα
3512 1332 3772 1412 λογισμὸν

2114 1429 2218 1481 τῶν
2275 1428 2456 1482 παθῶν
2502 1422 2716 1507 ἄτυφον,
2791 1424 3123 1507 ἀπερίεργον,
3191 1425 3484 1504 ἀπόνηρον,
3543 1422 3774 1496 ἁπλοῦν,

2114 1512 2521 1594 ταπεινόφρονα,
2582 1515 2771 1595 φθόνου
2837 1516 2922 1572 καὶ
2976 1516 3262 1592 βασκανίας
3322 1515 3500 1586 ἐκτὸς,
3559 1512 3776 1583 κτήσα-

2117 1604 2260 1677 σθαι,
2312 1608 2418 1659 πᾶν
2466 1602 2644 1680 νόημα
2713 1602 3178 1685 αἰχμαλωτίζοντα
3250 1605 3322 1667 εἰς
3375 1604 3474 1671 τὴν
3529 1598 3774 1667 ὑπακοὴν

374 1686 644 1751 dientian
693 1687 940 1766 Christi,
1004 1692 1334 1772 possidere.
1388 1692 1505 1757 Sed
1538 1712 1732 1775 neque
1777 1691 2038 1754 animam

2134 1697 2214 1747 τοῦ
2267 1697 2515 1771 Χριστοῦ.
2576 1691 2725 1749 Ἀλλ’
2769 1692 2886 1751 οὐδὲ
2927 1694 3026 1762 τὴν
3072 1695 3258 1753 ἑαυτοῦ
3310 1693 3494 1774 ψυχὴν
3552 1690 3775 1748 ἐκκαιο-

376 1794 543 1840 suam
573 1776 882 1840 ardentem
913 1797 1346 1864 accensamque
1376 1781 1483 1845 Dei
1503 1800 1708 1845 amore
1737 1780 2038 1862 reperiet;

2134 1777 2290 1854 μένην
2361 1781 2449 1835 καὶ
2499 1780 2937 1860 πυρπολουμένην
2989 1784 3198 1863 εὑρήσει
3270 1784 3343 1846 εἰς
3401 1782 3501 1850 τὴν
3557 1779 3775 1859 ἀγάπην

379 1884 576 1949 neque
594 1867 1003 1949 temperantiae
1046 1870 1164 1933 tino
1196 1859 1654 1953 pétergressam,
1696 1859 2035 1934 contentam

2134 1874 2211 1925 τοῦ
2237 1875 2392 1950 Θεοῦ,
2439 1859 2582 1945 μήτε
2632 1873 2755 1936 τοὺς
2812 1871 2963 1952 ὅρους
3021 1859 3121 1940 τῆς
3179 1872 3482 1951 ἐγκρατείας
3524 1865 3780 1949 ὑπερϐαί-

379 1954 615 2032 oblatis,
648 1966 710 2018 et
764 1956 983 2038 quietis
1022 1966 1363 2021 sanctorum
1426 1959 1729 2041 cupidam.
1786 1958 1958 2033 Quod
1986 1958 2039 2023 si

377 2045 530 2108 hisac
559 2045 759 2108 omnia
779 2065 899 2108 non
918 2046 1156 2125 habeat,
1187 2067 1383 2131 neque
1413 2067 1517 2112 cor
1545 2049 2038 2130 suumjmansue-

379 2140 528 2210 tum,
562 2134 878 2215 paciﬁcum
903 2136 1164 2220 sineira,
1199 2137 1590 2220 beneﬁcium,
1623 2138 1755 2202 sine
1780 2146 2034 2202 conten-

380 2220 566 2298 tione,
589 2222 827 2304 plenum
860 2224 1288 2290 misericordia;
1314 2232 1372 2290 et
1395 2227 1711 2290 hilaritatis
1727 2225 2036 2309 possidere

379 2312 621 2393 poterit,
658 2313 796 2395 quia
826 2313 997 2377 sicin
1040 2315 1299 2395 seipsam
1350 2315 1649 2381 dividetur
1697 2316 1921 2392 anima,
1976 2324 2037 2380 et

380 2410 627 2482 propter
665 2402 878 2465 virium
930 2404 1439 2485 perturbationem
1499 2406 1712 2488 privita
1770 2404 2038 2469 manebit

380 2490 607 2554 lumine
637 2490 896 2575 Spiritus
927 2495 1145 2559 sancti.

469 2671 562 2736 l8.
594 2671 710 2746 Qui
732 2691 849 2736 non
892 2673 980 2736 sic
1037 2673 1353 2756 primaevae}
1376 2674 1623 2755 originis
1666 2675 1850 2738 decus
1881 2675 1942 2736 in
1972 2692 2038 2736 se

383 2769 725 2843 recuperat,
759 2769 819 2824 et
848 2762 948 2845 qui
996 2781 1236 2844 semper
1284 2763 1585 2826 deformat
1634 2763 2039 2826 characterem

388 2849 670 2936 imaginis
704 2852 864 2914 illius
883 2851 986 2934 qui
1015 2853 1277 2934 desuper
1326 2853 1521 2936 ipsum
1566 2853 1639 2916 ad
1670 2871 1837 2915 suam
1867 2851 2041 2915 simi-

386 2935 700 3001 litudinem
723 2942 965 3017 creavit,
999 2942 1298 3023 quomodo
1349 2935 1607 3024 unquam
1636 2942 1795 3004 uniri
1826 2941 2044 3023 poterit

2118 1978 2329 2037 νουσαν,
2412 1960 2499 2017 καὶ
2582 1960 2918 2041 ἀρκουμένην
3000 1975 3119 2027 τοῖς
3206 1959 3602 2042 προκειμένοις,
3687 1959 3780 2015 καὶ

2119 2052 2235 2105 τῶν
2283 2049 2445 2128 ἁγίων
2504 2047 2794 2127 ἐπιεμένην
2836 2056 2935 2119 τῆς
2993 2052 3399 2115 καταπαύσεως.
3473 2049 3533 2106 Εἰ
3587 2045 3642 2104 δὲ
3696 2046 3781 2123 μὴ

2119 2135 2258 2193 οὕτω
2320 2138 2571 2195 κτάσεται
2654 2149 2838 2213 ταῦτα,
2927 2137 3043 2196 οῦδὲ
3124 2140 3224 2208 τὴν
3296 2140 3483 2197 ἑαυτοῦ
3562 2132 3780 2217 καρδίαν

2115 2239 2366 2306 πραεῖαν,
2401 2229 2694 2309 εἰρηνικὴν,
2727 2229 3013 2310 ἀόργητον,
3048 2231 3323 2311 χρηστὴν,
3362 2227 3604 2309 ἄμαχον,
3638 2246 3780 2302 μεσ-

2114 2316 2216 2385 τὴν
2245 2315 2423 2383 ἐλέους
2473 2319 2563 2376 καὶ
2613 2318 2952 2400 ἱλαρότητος,
3003 2320 3294 2391 κτήσασθαί
3342 2340 3473 2376 ποτε
3504 2316 3777 2397 δυνηθείη,

2117 2405 2255 2464 οὕτω
2283 2409 2665 2480 στασιαζούσης
2695 2409 2812 2466 καθ’
2841 2410 3034 2478 ἑαυτῆς
3078 2414 3178 2478 τῆς
3210 2414 3419 2490 ψυχῆς,
3454 2409 3543 2465 καὶ
3570 2405 3655 2465 διὰ
3683 2428 3782 2463 τα-

2117 2496 2294 2577 ραχὴν
2323 2502 2431 2554 τῶν
2460 2496 2757 2579 δυνάμεων,
2787 2499 3076 2580 ἀχωρήτου
3098 2499 3384 2576 μενούσης,
3417 2503 3524 2556 τῶν
3550 2497 3778 2555 ἀκτίνων

2117 2594 2209 2644 τοῦ
2251 2586 2558 2663 Πνεύματος
2569 2637 2582 2650 ,

2205 2663 2306 2741 ιη’.
2368 2667 2425 2733 Ὀ
2456 2677 2535 2753 μὴ
2582 2675 2721 2734 οὕτω
2763 2682 2862 2745 τῆς
2914 2677 3148 2743 παλαιᾶς
3201 2676 3463 2757 εὐγενείας
3519 2675 3775 2754 ἀπολαμ-

2122 2760 2295 2820 ϐάνων
2364 2764 2419 2822 ἐν
2472 2767 2644 2843 ἑαυτῷ
2697 2769 2797 2836 τὴν
2866 2767 3201 2848 εὐπρέπειαν,
3272 2768 3361 2825 καὶ
3416 2767 3538 2831 τοὺς
3595 2789 3780 2847 χαρα-

2122 2859 2323 2931 κτῆρας
2365 2855 2830 2936 ἀναμορφούμενος
2895 2857 2976 2915 ἀεὶ
3031 2862 3131 2925 τῆς
3187 2858 3388 2922 εἰκόνος
3429 2863 3523 2915 τοῦ
3578 2856 3777 2914 ἀνωθεν

2123 2942 2281 3000 «ore»
2365 2944 2485 3002 καθ’
2580 2948 2874 3023 ὁμοιότητα
2958 2948 3143 3006 ἑαυτοῦ
3210 2945 3768 3026 πλαστουργήσαντος,

388 3027 446 3089 ei
474 3045 509 3089 a
535 3047 650 3110 quo
680 3047 746 3092 se
775 3032 1070 3112 separavit
1128 3032 1494 3095 characteris
1524 3031 2037 3109 dissimilitudine,

2134 3038 2239 3098 πῶς
2311 3031 2524 3092 δυνατόν
2593 3058 2723 3093 ποτε
2798 3037 3086 3112 ἑνωθῆναι,
3144 3038 3204 3095 οὗ
3257 3034 3528 3104 διέστησεν
3583 3036 3771 3092 ἑαυτὸν

390 3122 450 3208 et
479 3116 577 3208 cui
606 3119 907 3208 oppositas
957 3128 1236 3202 tamquan
1283 3139 1424 3183 vero
1476 3120 1687 3183 lumini
1736 3118 2035 3196 tenebras,

2134 3128 2191 3201 τῇ
2242 3129 2349 3179 τῶν
2391 3126 2748 3206 χαρακτήρων
2803 3126 3196 3208 ἀνομοιότητις
3259 3127 3349 3184 καὶ
3404 3130 3450 3202 ᾧ
3508 3132 3617 3206 φῶς
3658 3123 3773 3182 ὄντι

388 3203 617 3295 lumine
645 3184 908 3271 extincto
967 3208 1031 3271 in
1076 3184 1141 3272 se
1181 3210 1462 3272 attraxit?
1510 3208 1639 3272 Non
1671 3209 1874 3272 unitus
1900 3184 2040 3272 vero

2134 3184 2584 3278 iitoo6506éiq|toﬁ
2634 3184 2833 3295 (ρωτὸς,
2892 3184 2954 3272 τὸ
3012 3184 3242 3273 ἐναντίᾎν
3299 3216 3373 3279 εἰς
3422 3184 3615 3273 ’ἑαυτὸν
3673 3213 3779 3272 ἐπ-

391 3293 512 3357 eia
540 3315 660 3378 que
710 3298 1069 3381 principium
1108 3299 1314 3363 habuit
1374 3298 1738 3375 substantia,
1782 3305 1898 3361 eta
1925 3317 2042 3380 quo

2134 3302 2394 3359 εσπάσατο
2428 3320 2444 3337 ’
2477 3302 2554 3379 μὴ
2585 3293 2793 3369 ἑνωθεὶς
2837 3301 2892 3359 δὲ
2940 3302 2992 3370 ἐξ
3036 3307 3097 3361 οὗ
3141 3305 3241 3373 τὴν
3284 3303 3462 3385 ἀρχὴν
3505 3302 3635 3386 ἔσχε
3676 3309 3779 3372 τῆς

394 3404 464 3449 ex
496 3388 687 3451 nihilo
742 3399 1043 3455 extractus
1092 3391 1359 3454 substitit
1407 3399 1464 3454 et
1483 3391 1885 3455 exsistentiam
1907 3409 2043 3452 sor-

2134 3393 2488 3468 5ποστάσεως,
2533 3395 2625 3451 καὶ
2666 3391 2791 3475 παρ’
2829 3395 2891 3451 οὗ
2944 3392 2997 3460 ἐξ
3039 3395 3133 3452 οὒκ
3188 3396 3354 3451 ὀντων
3411 3393 3635 3474 ὑπέστη,
3691 3394 3781 3451 καὶ

394 3475 538 3539 titus
567 3488 681 3561 est,
745 3500 945 3543 nonne
991 3486 1398 3563 sequestratus
1452 3488 1729 3562 tanquam
1782 3478 2043 3542 Creatori

2134 3484 2229 3539 τῶν
2287 3480 2452 3539 ὄντων
2494 3482 2806 3563 ἐκράτησεν,
2851 3483 2951 3564 ἆρά
2991 3505 3094 3540 που
3133 3484 3350 3560 τμηθεὶς
3402 3484 3475 3548 ὡς
3525 3483 3779 3560 ἀνόμοιος

394 3564 750 3644 disstmiliis,
762 3569 1183 3652 reprobabitur
1197 3577 1226 3635 ?
1243 3571 1451 3652 Liquet
1465 3569 1826 3648 videntibus,
1843 3568 2043 3633 etiam-

2134 3578 2202 3647 τῷ
2229 3573 2548 3640 πεποιηκότι
2577 3572 2857 3653 ῥιφήσεται
2884 3592 2900 3655 ;
2947 3572 3124 3641 Δῆλον
3164 3585 3284 3638 τοῖς
3314 3575 3498 3654 ὁρωσι,
3528 3571 3626 3630 κᾶν
3673 3572 3784 3653 ἐγὼ

394 3655 447 3718 si
477 3675 585 3738 ego
617 3658 850 3722 sileam.

483 3749 578 3811 19.
638 3747 869 3822 Qandiu
949 3751 1259 3814 materiam
1331 3751 1670 3832 passionum
1750 3749 1813 3811 in
1871 3748 2048 3813 nobis

396 3835 711 3914 habemus,
770 3847 828 3900 et
877 3838 1129 3920 objectis
1186 3860 1286 3904 eas
1352 3840 1748 3905 excitantibus
1798 3840 2053 3904 libenter

395 3923 791 4002 adhaaremus,
844 3928 973 3991 haec
1028 3950 1145 3992 non
1200 3931 1510 3992 studentes
1542 3938 1842 4005 excutere,
1897 3930 2053 4008 viget

402 4022 612 4077 contra
642 4034 749 4077 nos
778 4016 1013 4080 illarum
1068 4019 1175 4095 vis,
1234 4018 1421 4082 robur
1464 4019 1740 4082 videlicet
1771 4037 1846 4083 ex
1878 4017 2050 4081 nobis

404 4104 726 4181 hauriens;
761 4106 863 4169 ubi
893 4128 1032 4171 vero
1065 4129 1163 4172 eas
1185 4129 1219 4172 a
1249 4109 1422 4172 nobis
1442 4109 1840 4184 avellcrimus,
1861 4116 1918 4171 et
1949 4125 2055 4171 cor

404 4198 770 4279 pmnitentia:
798 4203 1074 4285 lacrymis
1107 4203 1638 4284 puriﬁcaverimus,
1657 4201 2053 4265 abhorrentes

401 4288 859 4354 etiamarerum
918 4290 1239 4356 visibilium
1297 4292 1525 4355 fallacia
1564 4300 1704 4353 tunc
1760 4289 2054 4354 Paracleti

2128 3663 2487 3739 σιωπήσωμαι
2500 3709 2511 3722 .

2211 3740 2301 3814 ιϐ’.
2339 3734 2472 3817 "qu
2515 3752 2613 3828 μὲν
2640 3752 2734 3817 τὰς
2761 3750 2890 3818 ὕλας
2934 3752 2988 3809 ἐν
3017 3754 3229 3815 ἑαυτοῖς
3278 3750 3479 3832 ἔχομεν
3532 3758 3640 3808 τῶν
3682 3774 3787 3809 πα-

2129 3842 2257 3917 θῶν,
2313 3842 2403 3898 καὶ
2459 3841 2555 3907 τὰς
2612 3843 2811 3900 τούτων
2869 3842 3035 3905 αἰτίας
3087 3839 3380 3905 αὐτοθελῶς
3439 3839 3785 3920 περιέπομεν,

2132 3928 2507 3988 ἆποσείσασθαι
2567 3933 2759 3995 ταύτας
2831 3934 2910 4007 μὴ
2978 3931 3406 4011 προαιρούμενοι,
3463 3930 3640 4010 ἰσχύει
3695 3932 3789 3987 αὖ·

2129 4024 2237 4077 τῶν
2263 4021 2381 4078 καθ’
2422 4023 2578 4096 ἡμῶν
2604 4022 2693 4078 καὶ
2724 4021 2759 4089 ἡ
2802 4017 3047 4101 δύναμις,
3103 4021 3164 4076 τὸ
3219 4019 3424 4100 ἰσχύειν
3475 4015 3787 4095 λαμϐάνου-

2132 4129 2199 4163 σα
2260 4107 2464 4177 δηλαδὴ
2520 4107 2573 4175 ἐξ
2627 4111 2806 4185 ἡμῶν.
2880 4107 3048 4167 Ἐπάν
3104 4107 3160 4164 δὲ
3229 4108 3423 4172 ταύτας
3479 4106 3530 4174 ἐξ
3584 4108 3787 4165 ἑαυτῶν

2133 4197 2532 4279 ἀποῤῥίψωμεν,
2589 4200 2677 4256 καὶ
2732 4199 2830 4267 τὴν
2885 4195 3100 4279 καρδῖαν
3168 4212 3287 4262 τοῖς
3346 4202 3444 4265 τῆς
3503 4199 3786 4273 μετανοίας

2134 4285 2347 4365 δάκρυσι
2378 4291 2738 4366 καθαρθῶμεν,
2772 4290 3094 4365 μισήσαντες
3124 4286 3212 4343 καὶ
3241 4287 3340 4355 τὴν
3370 4293 3474 4344 τῶν
3505 4285 3788 4365 ὁρωμένων

404 4378 734 4459 praesentiae
786 4381 1104 4463 participes
1160 4383 1369 4459 simus,
1423 4381 1611 4445 Deum
1663 4380 1932 4444 videntes
1987 4380 2043 4442 in

2135 4375 2369 4452 ἀπάτην,
2403 4384 2694 4445 τηνικαῦτα
2735 4382 2835 4445 τῆς
2884 4383 2977 4435 τοῦ
3028 4374 3378 4457 Παρακλήτου
3406 4376 3691 4456 παρουσίας
3734 4374 3789 4432 ἐν

407 4466 634 4531 lumine
662 4469 942 4534 invisibili
971 4471 1044 4534 ab
1067 4491 1257 4554 eoque
1286 4471 1421 4535 visi.

487 4647 588 4714 ΞΟ.
605 4647 715 4723 Qui
731 4649 1013 4713 mundani
1028 4666 1243 4712 sensus
1256 4650 1491 4714 vincula
1501 4669 1568 4714 ru
1579 4656 1852 4731 puerunt,
1879 4648 2054 4711 liberi

404 4736 480 4800 ab
512 4740 674 4801 omni
726 4757 1007 4802 sensuum
1056 4740 1337 4803 servitute
1380 4740 1623 4822 degunt,
1644 4741 1757 4802 sol:
1788 4736 2054 4820 Spirutui

408 4827 696 4904 viventes,
730 4835 788 4891 et
818 4846 955 4890 cum
985 4829 1114 4910 ipso
1168 4837 1611 4904 conversantes,
1646 4837 1849 4907 utpote
1876 4827 1951 4888 ab
1982 4845 2053 4889 eo

408 4918 574 4993 moti,
603 4935 708 4996 per
736 4936 912 4999 quem
945 4918 1549 4981 consubstantialibus
1581 4917 1740 4981 Patri
1780 4925 1837 4979 et
1855 4915 2053 4978 Verbo

409 5007 717 5088 conjungi,
753 5015 810 5069 et
843 5025 1027 5069 unum
1056 5007 1367 5088 Spiritum,
1421 5009 1587 5088 juxta
1637 5006 1870 5069 beatum
1907 5009 2055 5068 Pau-

409 5096 587 5177 lum3,
622 5096 853 5160 eﬂicere
874 5096 1088 5158 solent.
1123 5095 1234 5168 Qui
1263 5096 1502 5178 quidem
1537 5115 1654 5158 non
1684 5098 1872 5157 solum
1896 5095 2060 5158 inex-

410 5183 761 5267 pugnabiles
784 5184 1330 5261 suntdaamonibus,
1358 5186 1464 5247 sed
1503 5184 1732 5248 etiaml‘
1764 5184 2055 5247 rmidabi-

412 5274 522 5351 les,
550 5284 825 5356 tanquam
860 5273 1015 5354 ignis
1035 5273 1218 5335 divini
1266 5274 1606 5356 participes,
1644 5286 1700 5337 et
1729 5274 1876 5355 ipsis
1905 5274 2056 5354 ignis

410 5363 656 5428 realiter
684 5363 842 5428 facti.

402 5524 409 5529 ”
492 5540 592 5604 21.
626 5541 842 5604 Tactus
862 5561 981 5604 non
999 5539 1244 5622 estquid
1269 5514 1532 5624 partiale,
1560 5542 1622 5604 in
1646 5559 1761 5604 una
1795 5542 2064 5623 corporis

412 5635 584 5711 parte
612 5648 780 5693 suam
806 5630 925 5694 vim
956 5649 1268 5709 exercens,
1329 5637 1394 5695 ut
1420 5631 1637 5715 reliqui
1677 5649 1915 5711 sensus,
1955 5633 2062 5698 sed

490 5764 740 5831 3lCor.
770 5765 1013 5832 111.11.

2135 4465 2336 4541 μεθέξει
2390 4466 2663 4546 γινόμεθα,
2730 4467 2861 4524 Θεὸν
2918 4468 3143 4545 ὁρῶντες
3190 4464 3245 4522 ἐν
3302 4466 3436 4547 φωτὶ
3491 4462 3648 4541 ἀϊδίῳ
3702 4466 3792 4523 καὶ

2135 4557 2393 4636 ὁρώμενοι
2435 4554 2524 4614 ὑπ’
2554 4556 2734 4619 αὖτοῦ.

2213 4635 2290 4709 κ’.
2365 4649 2426 4704 Οἱ
2494 4651 2593 4712 τῆς
2644 4646 2977 4725 παγκοσμίου
3047 4645 3340 4716 αἰσθήσεως
3397 4643 3645 4722 ῥήξαντες
3725 4643 3794 4700 τὰ

2135 4732 2326 4812 δεσμὰ,
2388 4735 2442 4791 ἐν
2505 4734 2772 4808 ,ἐλευθερίᾳ
2839 4734 3018 4801 πάσης
3089 4731 3325 4797 δουλείας
3379 4730 3616 4812 διάγουσι
3684 4739 3794 4789 τῶν

2135 4825 2455 4897 αἰσθήσεων,
2514 4824 2660 4900 μόνῳ
2716 4830 2795 4899 τῷ
2861 4824 3118 4899 πνεύματι
3196 4829 3413 4895 ζῶντες,
3487 4822 3576 4879 καὶ
3650 4821 3794 4896 αὖτῴ

2142 4911 2610 4993 προσομιλοῦντες,
2664 4914 2738 4975 ὡς
2807 4909 2897 4969 ὑπ’
2970 4912 3169 4969 ἐκείνου
3224 4911 3542 4987 κινούμενοι,
3608 4907 3675 4966 δι’
3734 4913 3795 4968 οῦ

2136 5005 2227 5061 καὶ
2287 5017 2404 5067 τοῖς
2450 5001 2745 5079 ὃμοουσίοίς
2806 5002 2992 5079 Πατρὶ,
3064 5002 3152 5057 καὶ
3210 5002 3390 5081 Λόγῳ,
3447 4999 3798 5059 συνάπτεσθαί

2139 5116 2255 5160 πως
2329 5093 2564 5168 εἰώθασι,
2623 5092 2711 5148 καὶ
2765 5090 2821 5147 ἓν
2897 5096 3130 5167 Πνεῦμα,
3208 5090 3346 5146 κατὰ
3396 5089 3489 5145 τὸν
3561 5085 3794 5164 Παῦλον,

2140 5181 2538 5241 ἀποτελεῖσθαι.
2622 5182 2689 5239 Οἳ
2767 5180 2856 5236 καὶ
2932 5178 2991 5236 οὗ
3086 5177 3248 5254 μόνον
3332 5176 3618 5259 ἀχείρωτοί
3697 5178 3798 5234 εἰσι

2141 5270 2408 5352 δαίμοσιν,
2462 5268 2597 5328 ἀλλὰ
2650 5271 2741 5327 καί
2803 5265 3033 5350 φοϐεροὶ,
3108 5270 3181 5332 ὡς
3254 5264 3648 5343 μεταλαϐόντες
3702 5275 3799 5326 τοῦ

2139 5364 2276 5420 θείου
2370 5362 2559 5441 πυρὸς,
2657 5360 2748 5417 καὶ
2842 5364 2945 5437 πῦρ
3027 5357 3346 5437 αὐτόχρημα
3430 5356 3800 5438 χρηματίσαν-

2140 5474 2227 5516 τες
2235 5495 2253 5514 ο

2224 5531 2339 5604 κα’.
2388 5530 2452 5599 ’Π
2497 5538 2631 5621 ἁφὴ,
2679 5539 2741 5596 ού
2797 5537 2990 5617 μερική
3033 5537 3111 5600 τίς
3160 5535 3299 5594 ἐστιν
3359 5534 3415 5592 ἐν
3456 5541 3535 5611 τῷ
3586 5535 3799 5612 σώματι

2145 5631 2201 5690 ἐν
2254 5631 2332 5689 ἐνὶ
2387 5628 2536 5710 μέρει
2594 5628 2698 5698 τὴν
2751 5627 2945 5695 ἑαυτῆς
3000 5624 3288 5707 ἐνέργειαν,
3348 5625 3528 5707 ὥσπερ
3582 5628 3637 5683 αἱ
3690 5623 3805 5685 λοι.
