4126 6414
374 428 500 492 861

1386 427 1932 492 PRAGTICORUM
1979 427 2322 493 CAPITUM
2365 430 2762 497 CENTURIA
2805 433 2831 494 Ι

3661 427 3781 497 862

379 563 638 660 1:11.161;
705 563 1028 644 αἰσθήσεων,
1098 560 1348 660 φέρομσα,
1410 559 1533 660 ἀλλ’
1593 559 1751 660 ὁλική
1807 584 1913 643 τις,
1949 563 2038 660 καὶ

2128 562 2346 660 aliquid
2370 564 2710 660 universale
2729 565 2792 628 in
2830 572 3255 660 totumeorpus
3273 576 3604 631 extensum.
3630 566 3779 660 Cum

374 651 611 713 καθόλου
684 659 776 712 τοῦ
852 653 1131 730 σώματος,
1223 648 1378 711 ’ὒταν
1448 649 1540 708 οὖν
1615 649 1694 727 μῆ
1773 648 2047 732 χρειωδῶς

375 741 744 820 προσψαύσειέ
815 765 984 819 τινος,
1058 739 1137 800 ἔτι
1189 739 1614 822 προσπάσχουσα
1659 751 1784 804 ταῖς
1835 737 2047 808 λειότη-

374 852 452 906 σι,
541 830 854 908 σαλεύεσθαι
920 833 1012 889 τὸν
1082 839 1200 891 νοῦν
1277 831 1380 888 ὑπὸ
1449 828 1728 908 λογισμῶν
1796 827 2046 906 ἑμπαθῶν

377 921 760 1002 ἀπεργάζεται,
815 906 970 981 ηΟταν
1032 919 1088 978 δὲ
1140 921 1279 978 κατὰ
1347 906 1541 1000 χρείαν
1599 919 1699 987 τὴν
1755 919 2046 1000 ἀναγκαίαν

372 1017 446 1088 τῇ
501 1012 652 1093 φύσει
709 1025 834 1078 ταῖς
916 1010 1253 1080 ἁπαλότησιν
1330 1006 1730 1086 ἀποταξαμένη,
1808 1011 1895 1067 καὶ
1947 1010 2046 1078 τὴν

411 1098 439 1122 ν
859 1102 872 1125 r
1134 1103 1149 1125 ν
1277 1099 1302 1121 ν
1495 1100 1508 1121 ‹
1871 1099 1884 1118 \
1981 1104 2008 1115 «-

372 1103 628 1169 αισθησιν
681 1103 1050 1182 ὑπερκύψασα,
1097 1124 1194 1160 ουκ
1249 1102 1437 1157 ειωθεν
1491 1099 1788 1158 υποσαίνειν
1832 1121 1898 1157 τα
1945 1122 2045 1167 της

375 1193 568 1271 ψυχῆς
613 1192 956 1271 αἰσθητήρια.

459 1268 571 1357 ξβζ
618 1289 722 1340 Τοῦ
777 1268 897 1346 νοδς
951 1281 1008 1338 ἐν
1069 1293 1190 1347 τοῖς
1254 1280 1385 1361 ὑπὲρ
1453 1279 1606 1362 φύσιν
1659 1278 2036 1360 χωρήσαντος,

371 1370 430 1425 αἱ
458 1370 730 1441 αἰσθήσεις
771 1371 909 1428 κατὰ
965 1371 1118 1453 φύσιν
1188 1371 1444 1446 ἑστῶσαι,
1503 1369 1720 1432 ἀπαθῶς
1776 1380 1898 1431 ταῖς
1960 1369 2042 1424 αἰ-

373 1459 516 1523 τίαις
547 1458 959 1538 προσομιλοῦσι,
1002 1460 1127 1523 τοὺς
1178 1457 1368 1538 λόγους
1423 1458 1614 1535 μόνους
1667 1457 1756 1514 καὶ
1795 1456 1889 1520 τὰς
1945 1457 2041 1536 φύ-

371 1567 487 1612 σεις
546 1547 721 1605 αὐτῶν
782 1548 1124 1628 ἐρευνῶσαισ,
1209 1548 1299 1605 καὶ
1365 1545 1608 1624 ἀψευδῶς
1691 1543 2042 1626 διακρίνουσαι

370 1637 471 1702 τὰς
501 1637 706 1695 τούτων
736 1636 998 1718 ἐνεργείας
1047 1639 1182 1713 ὁμοῦ
1230 1637 1319 1694 καὶ
1359 1637 1681 1710 ποιότητας,
1740 1634 1818 1711 μὴ
1869 1655 2042 1714 προσ-

367 1726 701 1808 πάσχουσαι,
750 1727 788 1797 ἢ
843 1733 1113 1809 σχετικῶς
1163 1727 1308 1808 παρά
1349 1727 1506 1808 φύσιν
1559 1724 1865 1802 κινούμεναι
1907 1725 2042 1804 πρὸς

374 1816 566 1880 αὐτάς.

456 1895 574 1986 κγ’.
634 1903 870 1985 Ἀγῶνες
934 1907 1024 1964 καὶ
1081 1906 1234 1964 πόνοι
1289 1907 1662 1982 πνευματικοὶ,
1706 1905 1928 1984 γεννῶσι
1970 1908 2039 1980 τῇ

372 2000 532 2078 ψυχῇ
598 1995 916 2077 εὐφροσύνην
951 2013 966 2029 ⁸
1039 1997 1255 2076 εἰρήνης
1334 1994 1582 2064 δηλονότι
1638 1991 2036 2075 προηγησαμέ-

371 2108 472 2152 νης
515 2087 720 2149 παθῶν,
795 2095 940 2164 Οπερ
995 2085 1084 2144 οὖν
1138 2098 1259 2150 τοῖς
1311 2086 1413 2142 ὑπὸ
1455 2086 1554 2153 τὴν
1613 2083 1866 2150 αἴσθησιν
1907 2079 2037 2139 δυσ-

367 2174 559 2312 ἕερὲςν
628 2181 783 2233 τοῦτο
857 2180 1010 2256 ψυχῇ
1076 2175 1314 2253 πονούση
1387 2176 1476 2232 καὶ
1549 2175 1708 2232 πόθον
1766 2171 1820 2239 ἐξ
1884 2173 2037 2250 ἱερῶν

391 2261 607 2312 δοθέντων
672 2263 758 2312 ἐπὶ
808 2267 938 2312 Θεὸν
994 2264 1329 2312 κτησαηέντιγ
1391 2266 1480 2312 καὶ
1533 2261 1840 2312 ϐεϐληιιένη
1893 2262 2034 2312 θείας

391 2261 607 2344 δρέπων
672 2263 758 2322 ἐπὶ
808 2267 938 2322 Θεὸν
994 2264 1334 2343 κτησαμένη,
1391 2266 1480 2322 καὶ
1533 2261 1842 2342 βεϐλημένῃ
1893 2262 2034 2324 θείας

369 2352 622 2431 γνώσεως
682 2351 861 2433 ἔρωτι,
917 2352 1042 2431 ῥᾷον
1111 2353 1199 2410 καὶ
1264 2351 1468 2429 μᾶλλον
1525 2349 1807 2420 ἡδύτατον.
1869 2347 2037 2407 Ἐκεί-

368 2463 484 2506 νοις
539 2441 637 2516 μὲν
678 2443 778 2519 γὰρ
836 2444 884 2498 οἱ
935 2441 1123 2498 πόνοις
1149 2443 1239 2498 καὶ
1282 2445 1330 2499 οἱ
1385 2442 1589 2520 ἀγῶνες
1646 2445 1746 2508 τῆς
1805 2438 2030 2518 ἀρετῆς,

370 2530 466 2588 ἅτε
536 2529 602 2600 δὴ
675 2530 881 2588 ἀνέσεσι
950 2531 1200 2607 σώματος
1275 2533 1364 2588 καὶ
1434 2529 1636 2600 ἡδονῶν
1706 2526 2032 2586 ἀπολαύσεσι

371 2619 798 2700 προσκειμένοις,
833 2617 1114 2701 δυσχερεῖς
1160 2621 1282 2695 εἰσι,
1342 2621 1430 2678 καὶ
1485 2619 1600 2677 λὶαν
1647 2617 1856 2677 δοκοῦσι
1906 2637 2036 2695 τρα-

370 2723 526 2792 χεῖς,
588 2710 666 2786 μὴ
717 2708 1147 2790 προμελετήσασι
1208 2711 1271 2766 τὸ
1331 2707 1564 2788 ἁλμυρὸν
1630 2710 1737 2765 τῶν
1804 2704 2028 2778 ἡδονῶν,

370 2797 766 2857 ἀποκλύσασθαι
844 2811 962 2862 τοῖς
1049 2798 1244 2874 νάμασι
1312 2801 1418 2855 τῶν
1490 2797 1724 2877 δάκρύων
1767 2811 1788 2833 ⁶
1867 2793 2032 2870 ταύτῃ

371 2887 427 2946 δὲ
477 2889 792 2965 ποθούμενοί
843 2910 902 2945 τε
955 2889 1043 2945 καὶ
1097 2887 1475 2965 ἀσπαξόμενοι,
1531 2885 1888 2965 βδελυξαμένῃ
1937 2883 2031 2946 τὰς

369 2977 649 3058 προξένους
717 2975 910 3047 ἡδονὰς
974 2983 1074 3046 τῆς
1143 2975 1357 3058 ὀδύνης,
1417 2979 1506 3034 καὶ
1584 2977 1682 3045 τῆν
1753 2975 2032 3066 εὒπάθεσιαν

369 3067 796 3148 ἀποσεισαμένῃ,
841 3069 976 3145 μετά
1030 3072 1129 3136 τῆς
1187 3066 1462 3149 φιλαυτίας
1507 3072 1600 3124 τοῦ
1630 3070 1906 3142 σώματος.
1961 3069 2032 3119 Εν

2129 652 2312 734 igitur
2340 653 2474 718 sine
2521 655 2775 718 utilitate
2818 655 3042 737 aliquid
3097 655 3312 736 tetigit,
3366 657 3561 720 adhuc
3615 655 3781 718 laevia

2129 748 2439 822 appetens,
2467 751 2730 806 mentem
2755 744 2947 826 pravis
2967 743 3273 825 perturbat
3299 743 3778 826 cogitationibus.

2131 830 2278 895 Cum
2303 849 2443 894 vero
2468 843 2715 914 propter
2767 833 3109 916 utilitatem,
3138 835 3232 897 vix
3260 842 3484 897 naturae
3510 833 3780 897 necessi-

2127 919 2353 983 tatibus
2382 921 2442 983 in
2474 923 2632 984 lenia
2661 923 2964 1005 tangendo
3019 923 3304 1005 impletis,
3353 923 3550 986 statim
3581 921 3781 986 sensi-

2128 1007 2418 1072 bilitatem
2451 1029 2901 1093 supergressus,
2931 1011 3146 1075 animm
3168 1031 3379 1076 sensus
3408 1029 3783 1077 commovere

2128 1117 2250 1161 non
2279 1099 2458 1166 solet.

2204 1278 2306 1342 22.
2338 1278 2652 1342 Intellectu
2682 1279 2843 1344 circa
2869 1299 2967 1342 res
2995 1280 3480 1362 supernaturales
3518 1291 3778 1355 versato,

2122 1385 2332 1432 sensus
2363 1369 2424 1431 in
2458 1368 2673 1433 ordine
2733 1376 2957 1432 naturae
3003 1369 3304 1445 sistentes,
3353 1388 3556 1433 rerum
3587 1369 3782 1433 causis

2125 1457 2389 1540 student,
2412 1458 2676 1520 rationes
2705 1466 2928 1520 tantum
2987 1466 3046 1521 et
3095 1467 3334 1521 naturas
3376 1477 3580 1523 earum
3605 1478 3780 1522 scru-

2125 1552 2340 1620 tantes,
2393 1556 2453 1610 et
2501 1546 2899 1610 infallibiliter
2956 1548 3369 1611 discernentes
3431 1548 3778 1612 earumdem

2122 1635 2277 1700 vires
2331 1636 2510 1700 simul
2547 1645 2607 1700 et
2687 1636 3024 1719 qualitates,
3092 1657 3210 1701 non
3265 1656 3403 1701 vero
3449 1638 3778 1720 cupiditate

2123 1724 2414 1789 aﬂ‘ectuve
2443 1724 2504 1788 in
2537 1744 2639 1788 eas
2666 1726 2974 1788 commoti.

2199 1903 2299 1968 23.
2327 1903 2532 1967 Luctae
2562 1903 2916 1987 laboresque
2940 1904 3280 1986 spirituales
3300 1907 3541 1987 pariunt
3567 1906 3780 1968 animae

2119 1993 2426 2074 gaudium,
2460 2012 2606 2076 pace
2636 1994 2916 2057 videlicet
2971 1993 3327 2075 cupiditates
3358 1995 3777 2076 praeveniente.

2119 2081 2288 2157 Quod
2319 2083 2498 2163 igitur
2541 2083 2921 2146 sensualibus
2971 2102 3190 2162 aegrum
3243 2091 3362 2164 est,
3406 2085 3520 2148 hoc
3569 2083 3784 2146 animae

2120 2171 2440 2248 laboranti,
2503 2180 2563 2235 et
2611 2189 2645 2233 e
2697 2172 2884 2234 sacris
2932 2171 3252 2234 sudoribus
3295 2172 3661 2236 desiderium
3716 2171 3780 2235 in

2117 2260 2305 2324 Deum
2331 2262 2551 2342 potitae,
2582 2269 2762 2343 atque
2782 2280 2987 2324 amore
3011 2261 3211 2323 divino
3236 2261 3578 2338 vulneratae,
3605 2262 3778 2325 facile

2119 2357 2209 2412 est
2237 2350 2482 2412 etvalde
2505 2366 2831 2412 ammnum.
2885 2349 3011 2411 Illis
3054 2351 3244 2424 enim,
3297 2358 3477 2432 utope
3506 2352 3777 2432 corporis

2119 2437 2382 2501 mollitiae
2425 2438 2910 2520 volputatumque
2966 2438 3236 2502 fruitioni
3285 2439 3772 2518 inservientibus,

2117 2526 2352 2590 labores
2371 2546 2713 2610 agonesque
2770 2528 3004 2590 virtutis
3048 2528 3264 2608 ingrati
3307 2537 3447 2592 sunt
3491 2538 3550 2594 et
3597 2530 3779 2592 nimis

2117 2618 2312 2698 asperi
2343 2619 2640 2693 videntur,
2670 2617 2810 2699 quia
2862 2637 2979 2680 non
3029 2619 3358 2698 recogitant
3406 2621 3772 2701 voluptatum

2118 2706 2203 2767 sal
2258 2705 2623 2768 torrentibus
2675 2707 3135 2788 lucryminarum
3191 2707 3396 2784 ablui;
3451 2710 3588 2772 huic
3638 2728 3780 2773 vero

2117 2797 2330 2858 animae
2357 2795 2508 2875 grati
2538 2805 2675 2858 sunt
2696 2814 2764 2858 ac
2791 2796 3242 2877 desiderabiles,
3276 2798 3416 2878 quia
3440 2797 3496 2860 ei
3525 2799 3777 2861 sordent

2121 2885 2448 2966 voluptates
2475 2885 2849 2948 irritamenta
2879 2885 3040 2948 dolor
3055 2905 3175 2958 um,
3212 2895 3271 2948 et
3315 2886 3776 2950 delectationem

2112 2973 2330 3055 rejicit,
2390 2994 2526 3038 cum
2562 2993 2767 3038 amore
2821 2976 3014 3057 propii
3061 2975 3353 3056 corporis,
3397 2996 3466 3040 ac
3523 2976 3777 3059 proinde

2115 3082 2299 3126 unum
2331 3063 2389 3126 ei
2435 3063 2736 3144 displicet,
2787 3083 3003 3146 nempe
3055 3063 3327 3127 laborum
3379 3065 3550 3147 quies
3583 3067 3776 3130 lucta-

371 3159 461 3217 οὖν
490 3157 628 3237 αὒτῇ
656 3159 918 3239 λυπηρὸν,
975 3159 1011 3226 ἡ
1069 3157 1242 3222 ἄνεσις
1298 3157 1405 3214 τῶν
1447 3155 1648 3231 πόνων,
1701 3157 1789 3212 καὶ
1840 3155 1876 3222 ἡ
1924 3150 2031 3207 τῶν

2128 3171 2371 3234 rumque
2401 3153 2676 3216 cessatio.
2729 3152 2900 3226 Quod
2951 3171 3092 3233 ergo
3137 3155 3260 3217 illis
3307 3156 3480 3218 affert
3507 3156 3779 3239 corporis

372 3231 612 3328 ἀγώνων.
639 3231 818 3328 ἀργίαξ
875 3231 939 3304 Ἳ)
993 3245 1162 3304 τοίνυν
1221 3243 1467 3326 πρόξενον
1518 3243 1735 3307 ἐκείνοις
1788 3243 1928 3300 ἐστὶν
1958 3240 2029 3305 εἰς

2128 3231 2420 3321 gaudium,
2447 3243 2556 3305 hoc
2573 3242 2786 3304 animae
2824 3231 3126 3305 desideria
3144 3262 3252 3306 sua
3291 3243 3352 3306 iu
3375 3245 3565 3307 Deum
3591 3231 3775 3328 repo-

376 3337 696 3418 εὒφροσύνην
752 3335 1090 3412 σωματικὴν,
1139 3342 1296 3393 τοῦτο
1338 3340 1492 3415 ψυχῇ
1547 3332 1880 3410 μεταθεμένη
1938 3332 2031 3394 τὰς

2128 3331 2308 3416 uenti,
2340 3340 2615 3395 estcausa
2631 3331 2882 3394 tristitia
2910 3355 2926 3409 ;
2956 3342 3016 3394 et
3044 3333 3204 3414 quod
3226 3334 3368 3397 huic
3397 3334 3661 3398 laetitiam
3680 3335 3783 3399 dat

379 3425 580 3506 ἐφέσεις
610 3425 697 3484 ἐπὶ
724 3425 792 3483 τὰ
818 3429 965 3506 θεῖα,
995 3423 1170 3492 λυπης
1202 3423 1382 3482 αἴτιον
1415 3439 1432 3457 ⁸
1466 3425 1552 3481 καὶ
1582 3425 1610 3480 ὃ
1638 3424 1836 3491 ταύτης
1858 3419 2034 3478 αἴτιον

388 3516 696 3595 εὔφροσύνης
725 3519 1118 3596 πνευματικῆς,
1148 3513 1367 3580 ἐκείνοις
1395 3513 1708 3593 στεναγμῶν
1727 3513 1817 3570 καὶ
1846 3509 2034 3578 ὁδυνης

385 3605 655 3685 παραίτιον
665 3656 678 3670 .

467 3684 472 3685 ⁷
502 3684 547 3714 δ’
956 3691 979 3712 α
1079 3699 1104 3710 υ
1265 3694 1280 3711 \
1378 3691 1392 3714 9
1886 3690 1935 3730 n‘p

460 3715 523 3753 κο
548 3739 564 3756 .
624 3698 685 3754 Οἱ
739 3693 893 3752 πόνοι
950 3709 1164 3750 οοκουσι
1219 3715 1319 3768 μεν
1375 3715 1436 3750 εκ
1504 3693 1792 3772 προοιμίων
1849 3693 2038 3758 ὁουνης

381 3785 526 3843 εἶναι
597 3785 870 3852 ποιητικοὶ
913 3789 1042 3839 πᾶσι
1101 3795 1218 3846 τοῖς
1263 3781 1632 3861 εἰσαγομένοις
1703 3783 1775 3846 εἰς
1819 3780 2037 3860 ἱδρῶτας

374 3877 465 3936 καὶ
536 3875 751 3954 ἀγῶνας
819 3872 1207 3948 πνευματικούς
1241 3887 1254 3901 ⁹
1314 3872 1730 3950 γυμναζομένοις
1800 3870 1852 3926 δὲ
1903 3873 2033 3949 πρὸς

373 3963 610 4024 ἐπίδοσιν
668 3963 881 4044 ἀρετῆς,
942 3962 1032 4018 καὶ
1104 3962 1234 4041 πρὸς
1309 3962 1371 4016 τὸ
1427 3960 1587 4035 μέσον
1659 3960 2036 4036 ἐπεκτεινομέ-

373 4079 486 4120 νοις
556 4056 762 4126 αὐτοῖς,
830 4050 1026 4121 ἡδονῆς
1093 4072 1234 4114 τινος
1304 4051 1392 4106 καὶ
1448 4048 1738 4129 παραδόξου
1808 4049 2036 4113 ἀνέσεως

369 4147 668 4226 φαίνονται.
706 4131 860 4202 "011v
909 4139 964 4196 δὲ
1011 4142 1071 4196 τδ
1131 4141 1321 4206 θνητὸν
1365 4144 1520 4196 τοῦτο
1548 4162 1684 4196 κατα
1709 4143 1846 4216 ποθῇ
1902 4139 2037 4221 φρό-

372 4255 526 4310 νημα
596 4236 694 4300 τῆς
765 4232 982 4309 σαρκὸς,
1057 4230 1157 4286 ὑπὸ
1229 4233 1327 4295 τῆς
1401 4228 1660 4287 ἀθανάτου
1731 4234 1876 4300 ζωῆς
1940 4233 2038 4296 τῆς

373 4322 753 4401 ἐπιγινομένης
810 4321 862 4387 ἐξ
920 4316 1203 4394 ἐπιδημίας
1258 4324 1351 4374 τοῦ
1412 4318 1741 4394 Πνεύμςῖτος,
1797 4318 1851 4374 ἐν
1920 4331 2037 4381 τοῖς

374 4411 591 4480 ἀληθῶς
649 4409 1103 4486 ἐπεκτεινομένοις
1162 4409 1295 4485 πρὸς
1351 4407 1417 4461 τὰ
1477 4405 1608 4473 τέλη
1671 4414 1777 4463 τῶν
1838 4407 2038 4486 ἀρετῶν

376 4501 466 4558 διὰ
535 4500 734 4576 πόνων,
792 4505 965 4580 χαρᾶς
1043 4495 1266 4575 ἀῤῥήτου
1354 4496 1441 4551 καὶ
1506 4497 1823 4577 εὐφροσύνης
1891 4495 2034 4564 πλη-

375 4597 613 4671 ροῦνται,
643 4563 1107 4665 ἀναστἘμωθείσης
1137 4585 1322 4649 α’ὒτοῖς
1355 4563 1777 4664 δηλαδὶίέτηγῆς
1809 4589 2035 4665 καθαρᾶς
2059 4563 2103 4613 D

375 4670 485 4737 τῶν
515 4677 747 4759 δακρύων
796 4680 885 4735 καὶ
941 4676 1198 4757 γλυκεροῦ
1254 4674 1487 4749 νάματος
1546 4670 1742 4732 ἄνωθεν
1773 4673 2040 4755 ἐπομϐρυ-

379 4768 560 4833 θέντος
587 4774 686 4838 τῆς
717 4765 1042 4833 κατανύξεως
1053 4813 1068 4828 .

460 4847 567 4920 κε’.
639 4861 696 4916 Ei
767 4855 942 4934 βούλει
1007 4860 1113 4912 τῶν
1183 4851 1317 4932 ὅρων
1386 4849 1633 4920 ἐπιϐῆναι
1691 4859 1790 4920 τῆς
1848 4854 2039 4934 ἀρετῆς

377 4949 470 5003 καὶ
523 4950 621 5016 τὴν
684 4950 823 5028 πγὸς
895 4947 1024 5002 Θεὸν
1082 4935 1340 5024 φέρουσαν
1401 4943 1575 5019 εὑρεῖν
1635 4942 1908 5016 ἀπλανῶς,
1962 4943 2040 5018 μὴ

378 5034 481 5111 δῷς
513 5035 672 5095 ὕπνον
727 5027 847 5100 τοῖς
909 5031 1205 5116 ὀφθαλμοῖς
1249 5052 1365 5112 σου,
1413 5027 1548 5107 μηδὲ
1598 5033 1897 5109 νυσταγμὸν
1924 5044 2038 5094 τοῖς

377 5125 662 5206 βλεφάροις
730 5149 848 5202 σου,
908 5125 944 5194 ἢ
1001 5123 1294 5183 ἀνάπαυσιν
1365 5134 1482 5183 τοῖς
1568 5121 1848 5200 κροτάφοις
1921 5142 2034 5191 σου,

376 5216 479 5280 ἕως
564 5219 644 5292 οὗ,
721 5215 807 5273 διὰ
873 5214 1054 5272 πόνων
1110 5207 1324 5267 πολλῶν
1386 5211 1474 5266 καὶ
1545 5208 1804 5290 δακρύων,
1879 5211 2040 5266 τόπον

379 5304 633 5370 ἀπαθείας
701 5305 859 5385 εὕρῃς
931 5309 998 5380 τῇ
1069 5297 1452 5380 τετρυχωμένη
1531 5303 1686 5380 ψυχῇ
1741 5322 1834 5356 σου
1867 5315 1881 5328 ⁸
1958 5305 2046 5361 καί

377 5393 618 5473 εἰσέλθῃς
661 5397 736 5460 εἰς
779 5397 842 5452 τὸ
871 5392 1220 5472 ἁγιαστήριον
1269 5394 1367 5456 τῆς
1421 5387 1668 5466 γνώσεως
1712 5397 1805 5446 τοῦ
1861 5395 1992 5446 Θεοῦ
2024 5403 2039 5419 '

380 5485 470 5540 καὶ
511 5482 594 5540 διὰ
621 5490 722 5553 τῆς
751 5482 1102 5542 ἐνυποστάτου
1154 5478 1339 5557 σοφίας
1397 5478 1576 5555 αὐτοῦ,
1626 5481 1698 5544 εἰς
1742 5481 1807 5536 τὰ
1837 5478 2042 5558 ἔσχατα

381 5571 523 5630 τέλει
584 5577 693 5633 τῶν
761 5574 1101 5654 ἀνθρωπίνων
1177 5567 1508 5648 πραγμάτων
1579 5571 1714 5647 μετά
1783 5569 2041 5632 συνέσεως

385 5659 531 5740 ἴδῃς,
576 5667 664 5724 καὶ
695 5672 801 5724 τῶν
828 5665 974 5724 κάτω
1015 5659 1448 5740 καταφρονήσας,
1495 5657 1582 5716 ἐπὶ
1626 5660 1694 5716 τὰ
1718 5659 1901 5737 ὑψηλὰ
1942 5657 2040 5738 ὅρη

384 5755 487 5820 τῆς
527 5755 770 5835 θεωρίας,
816 5753 954 5812 κατὰ
995 5751 1089 5817 τὰς
1130 5748 1382 5831 ἐλάφους,
1427 5749 1517 5806 καὶ
1554 5748 1714 5816 αὐτὸς
1741 5747 2042 5828 διψητικώ-

387 5861 520 5900 τατα
545 5844 872 5926 ἀναδράμῃς.

2125 3422 2527 3505 spiritualem,
2561 3421 2681 3484 illis
2717 3431 2972 3501 gemitus
3003 3440 3072 3485 ac
3100 3422 3370 3489 dolorem
3401 3424 3579 3509 parit.

2202 3690 2304 3752 24.
2337 3689 2592 3751 Labores
2621 3689 2896 3752 videntur
2945 3691 3009 3753 in
3048 3691 3218 3756 initio
3263 3691 3536 3756 dolorem
3567 3706 3784 3774 parere

2121 3779 2398 3841 omnibus
2415 3779 2472 3840 in
2495 3779 2746 3842 sudores
2762 3799 3103 3864 agonesque
3124 3781 3466 3863 spirituales
3490 3782 3782 3846 inductis.

2113 3869 2224 3932 His
2281 3887 2422 3932 vero
2472 3870 2576 3948 qui
2631 3889 2736 3952 pro
2789 3871 3004 3933 virtute
3061 3872 3410 3952 adaugenda
3478 3875 3780 3936 luctantur

2111 3959 2358 4040 jamque
2383 3959 2457 4022 ad
2485 3960 2800 4022 dimidium
2833 3969 2971 4023 sunt
2998 3961 3238 4037 occisis,
3261 3962 3548 4042 gaudium
3581 3962 3779 4045 quod-

2121 4047 2255 4110 dam
2315 4056 2374 4110 et
2424 4047 2844 4112 incredibilem
2922 4051 3106 4113 atl‘ere
3158 4051 3435 4114 videntur
3491 4052 3780 4134 quietem.

2120 4139 2208 4201 Ac
2245 4138 2485 4202 tandem
2508 4139 2608 4202 ubi
2634 4140 3036 4220 mortalisliste
3058 4145 3311 4204 recessit
3329 4142 3527 4204 carnis
3547 4161 3780 4217 sensus,

2121 4228 2404 4310 expulsus
2459 4228 2530 4292 ab
2591 4230 2920 4293 immortili
2975 4231 3093 4292 vita
3147 4250 3282 4314 quae
3332 4251 3403 4294 ex
3465 4232 3792 4313 praesentia

2120 4317 2374 4399 Spiritus
2407 4319 2739 4382 innascitur
2767 4318 2841 4380 iis
2880 4319 2980 4401 qui
3013 4338 3151 4382 vere
3184 4320 3479 4383 interfecti
3513 4329 3650 4383 sunt
3682 4319 3772 4382 la-

2121 4407 2372 4471 boribus
2400 4428 2509 4490 pro
2541 4408 2903 4489 Perfectione
2949 4409 3253 4484 virtutum,
3315 4418 3458 4472 tunc
3489 4408 3790 4472 ineffabili

2121 4497 2334 4575 gaudio
2369 4507 2428 4560 et
2457 4497 2661 4559 laetitio
2691 4497 3040 4578 implentur,
3075 4508 3284 4578 aperto
3315 4498 3597 4562 videlicet
3628 4498 3776 4578 ipsis

2121 4588 2284 4649 fonte
2312 4586 2705 4667 lacrymarum
2754 4605 2824 4648 ac
2871 4586 3031 4648 dulci
3085 4587 3567 4669 compunctionis
3593 4587 3786 4650 imbre

2123 4674 2360 4738 caelitus
2389 4675 2655 4757 pluente.

2201 4853 2307 4917 ‘25.
2338 4852 2398 4917 Si
2431 4853 2515 4916 vis
2542 4853 2618 4916 ad
2672 4853 2903 4916 virtutis
2949 4853 3184 4935 apicem
3236 4853 3558 4935 acendere,
3593 4862 3653 4915 et
3684 4855 3782 4916 in-

2123 4951 2331 5006 ventre
2359 4943 2508 5004 viam
2558 4962 2689 5024 qum
2727 4944 2802 5005 ad
2855 4943 3044 5006 Deum
3093 4951 3258 5005 recta
3308 4941 3495 5016 ducit,
3552 4961 3626 5004 ne
3677 4943 3788 5007 des

2123 5053 2400 5097 somnum
2431 5035 2619 5097 oculis
2651 5035 2788 5110 tuis,
2844 5054 2957 5098 nec
3009 5033 3312 5117 palpebris
3359 5036 3475 5097 tuis
3496 5035 3787 5098 dormita-

2124 5123 2368 5208 tionem,
2432 5143 2545 5186 nec
2601 5125 2877 5202 requiem
2935 5123 3306 5206 temporibus
3369 5124 3508 5204 tuis,
3568 5123 3785 5201 donec,

2130 5209 2452 5274 sudoribus
2484 5213 2760 5294 perfusus
2790 5222 2851 5276 et
2887 5214 3187 5295 lacrymis,
3219 5213 3417 5274 locum
3444 5213 3790 5294 impassibi-

2130 5299 2312 5364 litatis
2343 5301 2612 5364 invenias
2642 5301 2976 5380 defatigatae
3023 5302 3237 5365 animae
3270 5307 3406 5381 tuae,
3440 5310 3499 5363 et
3527 5301 3792 5363 introeas

2129 5388 2193 5450 in
2221 5390 2581 5453 sanctarium
2615 5390 2885 5453 scientia:
2913 5391 3044 5470 Dei,
3077 5410 3146 5453 ac
3205 5407 3312 5471 per
3342 5393 3472 5470 ejus
3501 5407 3789 5470 persona-

2127 5483 2245 5545 lem
2277 5483 2656 5565 sapientiam,
2686 5502 2758 5546 ac
2783 5484 3251 5565 perfectissimas
3275 5500 3480 5544 rerum
3511 5483 3795 5548 humana-

2121 5591 2254 5634 rum
2307 5574 2642 5656 prudenter
2693 5573 2991 5652 intendas,
3025 5583 3084 5637 et
3139 5590 3275 5655 quae
3328 5571 3607 5636 deorsum
3657 5591 3796 5647 sunt

2127 5661 2492 5746 despiciens,
2518 5663 2581 5726 in
2604 5662 2896 5730 sublimes
2920 5662 3168 5729 theoria:
3190 5669 3446 5742 montes,
3481 5681 3793 5730 cervorum

2126 5751 2318 5818 instar
2345 5759 2408 5818 et
2432 5752 2563 5839 ipse
2591 5753 2696 5818 siti
2726 5753 3192 5821 ardentissimus
3219 5750 3495 5821 cursites.
