4126 6400
387 314 505 384 865
1391 310 1935 382 PRACTICORUM
1975 305 2317 375 CAPITUM
2355 306 2747 376 CENTURIA
2788 309 2817 373 Ι
3659 308 3781 376 866

384 459 479 511 τοῦ
522 458 653 511 Θεοῦ
694 451 906 518 ἐντολάς
940 467 955 483 ·
1014 454 1105 510 καὶ
1162 450 1278 510 καθ’
1338 451 1570 519 ἑκάστην
1627 448 1683 505 ἐν
1725 447 1939 529 δάκρυσι
1967 448 2057 505 «:c‘z.

2145 443 2311 506 lonec
2332 444 2578 523 oriatur,
2604 444 2723 525 ipsi
2746 443 3460 526 herbaimpassibilitatis,
3478 452 3779 510 etcrescat

385 542 665 623 σπέρματα
733 547 891 603 αὐτοῦ
957 539 1351 600 καταϐάλλεται
1436 541 1489 598 ἐν
1562 546 1631 618 τῇ
1704 540 1860 620 χώρᾳ
1936 541 2042 596 τῶν

2150 553 2186 596 n
2219 533 2513 623 calamum
2543 533 2756 596 divinm
2770 534 3132 623 sctentim,et
3149 534 3427 597 crebrum
3456 535 3606 597 ferat
3633 555 3773 617 gra-

378 633 616 713 ζώντων³
691 632 793 698 ἕως
849 634 911 689 οὗ
964 637 1071 712 φυῇ
1128 634 1268 707 αὒτῴ
1325 633 1362 700 ἠ
1426 629 1572 712 χλόη
1622 635 1721 697 τῆς
1763 627 2037 705 ἀπαθείας,

2145 641 2269 684 ium
2301 622 2519 685 rationi
2550 622 3016 705 superpositum,
3066 633 3126 686 et
3175 632 3269 686 eat
3324 623 3521 686 ferens
3550 625 3779 692 fructus

376 723 468 779 καὶ
500 724 575 788 εὶς
601 710 874 799 ’καλάμην
928 710 1131 799 αύξήσῃ
1190 710 1646 801 γνώσεωςίθείας,
1703 721 1793 776 καὶ
1840 718 2041 798 στάχυν

2151 710 2370 775 ustitim
2399 731 2541 776 sum.

376 811 514 892 φέρῃ
602 814 693 868 τὸν
777 812 973 870 κόκκον
1059 818 1151 868 τοῦ
1231 810 1393 891 λόγου
1477 809 1880 890 ἐπιφερόμενον,
1954 809 2043 865 καὶ

378 900 510 979 ἔλθῃ
597 901 768 982 φέρων
836 902 903 957 τὰ
976 901 1285 979 γεννήματα
1362 905 1464 967 τῆς
1534 897 1871 966 δικαιοσύνης
1945 897 2046 954 αὒ-

380 1013 475 1047 του
484 1040 498 1054 ,

470 1070 547 1144 λ’.
601 1078 900 1155 Οὗδαμόθεν
942 1080 1108 1144 οὕτως
1167 1078 1353 1155 θ’ἷομαι
1405 1080 1506 1147 τὴν
1565 1079 1839 1158 προκοφὴν
1895 1078 2042 1155 γίνε-

2209 1068 2308 1132 30.
2345 1073 2479 1133 Non
2527 1069 2772 1131 aliunde
2829 1077 2945 1131 tam
3007 1069 3156 1133 citos
3213 1071 3540 1156 brevesque
3568 1076 3783 1140 animm

386 1174 506 1227 σθαι
546 1175 643 1237 τῆς
677 1174 863 1250 ψυχῆς
907 1183 1136 1249 τοχεῖαν
1166 1171 1255 1225 καὶ
1303 1169 1584 1247 σύντομον,
1632 1169 1707 1231 ὡς
1760 1167 1822 1223 ἐκ
1872 1168 2041 1243 μόνης

2145 1176 2474 1237 irogressus
2505 1158 2635 1221 ﬁeri
2665 1158 2942 1239 arbitror,
2977 1179 3152 1240 quam
3212 1182 3280 1223 ex
3325 1163 3450 1225 sola
3501 1166 3668 1240 fide;
3725 1177 3785 1231 et

382 1265 487 1327 τῆς
527 1246 806 1322 πίστεως-⁷·
867 1246 1098 1321 πίστεως
1155 1256 1234 1338 δὲ,
1294 1257 1353 1315 οὒ
1407 1263 1507 1326 τῆς
1559 1246 1633 1321 εἰς
1680 1258 1810 1313 Θεὸν
1855 1258 2036 1332 μόνον³

2145 1246 2364 1338 [uidem
2386 1267 2503 1309 non
2522 1248 2802 1338 duntaxat
2824 1267 2896 1338 ex
2916 1248 3111 1311 [idein
3157 1254 3339 1313 Deum
3381 1261 3439 1314 et
3461 1252 3523 1316 in
3557 1254 3782 1337 Unige-

383 1351 474 1407 καὶ
517 1355 616 1416 τῆς
658 1351 790 1429 πρὸς
846 1350 939 1406 τὸν
1001 1336 1266 1426 μονογενῆ
1320 1348 1506 1404 τούτιυ
1561 1349 1705 1421 Υἱὸν,
1764 1344 1901 1402 ἀλλὰ
1955 1348 2044 1402 καὶ

2145 1337 2412 1429 ,u-nejus
2468 1336 2711 1412 Filium,
2768 1337 2875 1400 sed
2936 1356 3007 1399 ex
3060 1338 3298 1404 sincera
3354 1343 3453 1405 illa
3509 1344 3628 1408 ﬁde
3667 1336 3785 1428 qua

383 1444 484 1503 τῆς
554 1425 871 1511 ἐνδιαθέτου,
947 1434 1062 1513 μεθ’
1120 1425 1187 1504 ἧς
1250 1438 1565 1512 πιστεύομεν
1623 1433 1845 1502 ἀληθεῖς
1900 1435 2041 1492 εἶναι

2145 1425 2427 1488 :redimus
2455 1445 2622 1488 veras
2679 1445 2812 1490 esse
2868 1434 2991 1488 tum
3049 1429 3478 1509 promissiones
3539 1425 3779 1512 Christi,

383 1529 481 1592 τὰς
533 1526 855 1605 ἐπαγγελίας
906 1532 1152 1606 Χριστοῦ²
1215 1526 1277 1590 ἃς
1337 1523 1695 1604 ἐπῆγγείλαεο
1751 1526 1839 1581 καὶ
1887 1524 2043 1593 ἡτοί-

2145 1533 2273 1595 ιιιειε
2306 1516 2580 1606 promisit
2608 1535 2676 1578 ac
2735 1518 3085 1601 prmparavit
3137 1519 3526 1600 diligentibus
3555 1523 3777 1603 ipsum,

385 1639 525 1694 μασε
555 1630 674 1679 τοῖς
723 1617 1002 1694 ἀγαπῶσιν
1032 1617 1207 1689 αὐτὸν,
1266 1616 1354 1671 καὶ
1401 1616 1495 1679 τὰς
1539 1613 1760 1678 ἀπειλὰς
1814 1615 1900 1670 καὶ
1944 1637 2045 1670 κο-

2145 1623 2248 1694 .um
2283 1604 2474 1666 minas
2524 1624 2846 1694 poenasque
2900 1606 3114 1668 inferni
3177 1617 3406 1689 paratas
3463 1611 3698 1677 diabolo
3725 1623 3785 1676 et

385 1706 567 1770 λάσεις
608 1713 700 1764 τοῦ
750 1693 898 1779 ᾅδου,
951 1706 1047 1770 τὰς
1096 1703 1501 1781 ἡτοιμασμένοις
1558 1710 1635 1761 τῶ
1679 1700 1907 1778 διαϐόλῳ
1961 1703 2047 1759 καὶ

2145 1693 2261 1772 ejus
2292 1695 2563 1757 asseclis.
2626 1693 2765 1756 Haec
2821 1695 2950 1776 ipsa
3006 1696 3154 1758 ﬁdes
3210 1698 3424 1760 animm
3477 1700 3540 1763 in
3596 1721 3785 1783 agone

384 1810 506 1860 τοῖς
549 1796 795 1877 ἐργάταις
824 1797 1004 1857 αὐτοῦ,
1067 1794 1212 1862 Αὕτη
1254 1796 1289 1863 ἡ
1339 1795 1518 1858 πίστις
1574 1793 1907 1875 πληροφορεῖ
1947 1793 2043 1861 τὴν

2150 1783 2375 1844 uetanti
2398 1785 2715 1864 persuadet
2734 1793 2792 1846 ut
2816 1792 3015 1865 speret
3058 1804 3124 1845 se
3164 1797 3617 1852 consecuturam
3640 1782 3786 1856 esse

388 1873 588 1966 tim-[im
620 1873 846 1956 ἐλπίζειν
879 1882 1167 1963 ἐναγώνιον
1223 1882 1405 1959 οὖσαν,
1451 1873 1733 1963 ἐπιτυχεῖν
1769 1873 1883 1949 ντῆς
1940 1903 2045 1938 κα-

2145 1873 2618 1966 έθειδᾳναίἰοηθω
2656 1885 2995 1937 sanctorum
3025 1874 3380 1957 felicemque
3425 1897 3635 1942 eorum
3662 1882 3783 1943 im-

387 1959 694 2039 ταστάσεως
763 1979 869 2030 τῶν
941 1959 1129 2053 ἁγίων,
1188 1977 1286 2041 τῆς
1345 1959 1834 2052 μακαρίας-ταῦτῶν
1898 1971 2046 2028 ἀπα-

2145 1959 2606 2053 passibilitatem,
2640 1971 2820 2045 utque
2853 1962 3073 2053 nitatur
3119 1963 3194 2026 ad
3251 1965 3544 2029 excelsam
3578 1988 3785 2034 eorum

386 2066 553 2136 θείας,
601 2065 689 2121 καὶ
738 2047 1060 2143 ἀναδραμεῖν
1113 2047 1246 2142 πρὸς
1300 2047 1363 2118 τὸ
1417 2047 1552 2139 ὕψος
1607 2067 1705 2129 τῆς
1750 2061 2050 2140 ἁγιωσύνης

2145 2047 2611 2143 sanctimoniam,
2649 2060 2708 2113 et
2735 2053 2998 2114 cohmres
3026 2051 3158 2134 ipsa
3215 2054 3314 2117 ﬁat
3361 2056 3492 2118 vitae
3521 2066 3782 2123 mternm.

386 2135 584 2227 αὐτῶν,
656 2153 745 2210 καὶ
819 2135 1255 2233 σύγκληρονόμον
1332 2135 1539 2222 τούτοις
1621 2135 1858 2230 γενέσθαι
1943 2155 2044 2217 τῆς

2145 2135 2263 2199 I‘ali
2291 2146 2505 2233 autem,
2522 2140 2741 2233 ﬁducia
2764 2141 3015 2233 repleta,
3039 2141 3364 2233 studiosam
3385 2146 3786 2228 adimpleudis

385 2250 485 2301 τοῦ
514 2241 647 2300 Θεοῦ
674 2227 969 2319 βασιλείας.
1227 2240 1282 2298 δὲ
1326 2227 1824 2322 πληροφορουμένη,
1885 2262 2047 2296 σπου-

2145 2227 2424 2322 nandatis
2454 2229 2696 2308 operam
2726 2229 3042 2309 impendit,
3076 2249 3194 2293 non
3244 2230 3309 2294 in
3355 2252 3424 2296 se
3476 2227 3780 2314 dubitans,

386 2330 549 2396 δαίως
627 2332 760 2409 πρὸς
840 2330 938 2398 τὴν
1013 2329 1229 2409 ἐγασίαν
1305 2333 1412 2388 τῶν
1494 2328 1723 2387 ἐντολῶν
1805 2329 2048 2387 ἐπεκτεί-

388 2442 559 2503 νεται,
633 2421 713 2497 μὴ
797 2419 1131 2493 ἐνδοιάζουσα
1224 2419 1344 2477 καθ’
1427 2419 1646 2495 ἑαυτὴν,
1740 2416 1878 2475 ἀλλὰ
1962 2441 2053 2493 μι..

389 2510 634 2589 μουμένη
698 2510 821 2573 τοὺς
878 2510 1071 2574 πόνους
1126 2507 1364 2589 ἐκείνων,
1434 2509 1522 2565 καὶ
1582 2506 1667 2564 διὰ
1708 2512 1814 2565 τῶν
1856 2508 2052 2583 ὁμοίων

390 2598 616 2679 ἀγώνων
683 2594 945 2655 διώκουσα
1013 2595 1339 2655 καταλαϐεῖν
1419 2597 1519 2665 τὴν
1590 2600 1761 2657 αὐτῶν
1840 2595 2052 2654 τελειό-

393 2710 557 2757 τητα,

477 2767 589 2839 λα’.
639 2775 1077 2835 Συναλλοιοῦσθαι
1132 2775 1364 2858 πέφυκεν
1409 2778 1444 2846 ἡ
1502 2774 1687 2843 ἔξωθεν
1741 2783 1836 2834 τοῦ
1891 2797 2053 2856 προσ-

391 2870 546 2927 ώπου
621 2868 966 2941 κατάστασις,
1026 2873 1095 2944 τῇ
1164 2866 1311 2931 ἐντὸς
1373 2872 1472 2934 τῆς
1542 2871 1727 2948 ψυχῆς
1755 2867 2049 2944 ζκαταστά-

393 2980 501 3018 σει.
570 2957 706 3016 Ο⁷ίαν
760 2958 860 3037 γὰρ
913 2960 949 3026 ἡ
1015 2957 1168 3037 νοερὰ
1223 2959 1430 3024 κίνησις
1486 2956 1647 3026 αὐτῆς
1718 2957 1817 3024 τὴν
1886 2957 2051 3036 ἐργα-

389 3050 510 3105 σίαν
541 3044 684 3127 ἔχει,
726 3047 980 3115 τοιαύτην
1036 3047 1125 3103 καὶ
1182 3047 1217 3114 ἡ
1261 3047 1383 3122 ὄψις
1439 3052 1531 3103 τοῦ
1587 3047 1872 3126 προσώπου
1931 3058 2051 3110 τοῖς

390 3140 585 3214 ὁρῶσιν
634 3136 876 3217 ἐμφαίνει
928 3136 1028 3204 τὴν
1080 3134 1212 3192 ἰδίαν
1267 3133 1516 3193 διάθεσιν.
1577 3144 1706 3199 Τοῖς
1760 3135 1860 3214 γὰρ
1902 3133 2051 3214 ἐνερ-

2131 2315 2237 2406 sed
2256 2314 2502 2406 imitans
2531 2317 2774 2380 illorum
2805 2317 3064 2400 labores,
3092 2328 3150 2380 et
3180 2340 3289 2401 per
3307 2321 3535 2387 similes
3551 2344 3782 2406 pugnas

2135 2404 2391 2468 similem
2422 2425 2796 2489 persequens
2826 2408 3276 2490 perfectionem.

2215 2763 2316 2826 3t.
2340 2762 2614 2828 Exterior
2641 2763 2835 2826 vultus
2874 2763 3112 2827 habitus
3146 2766 3323 2829 simul
3353 2786 3487 2830 cum
3513 2769 3787 2836 interiori

2100 2880 2113 2911 ν,
2133 2853 2349 2915 animm
2403 2852 2605 2915 habitu
2662 2853 2881 2914 mutari
2936 2856 3111 2918 solet.
3163 2853 3348 2928 Quam
3379 2858 3540 2919 enim
3571 2878 3786 2941 opera-

2135 2941 2360 3005 tionem
2393 2950 2589 3005 motus
2619 2944 2794 3023 hujus
2842 2942 3264 3007 intellectualis
3316 2956 3577 3026 exercet,
3633 2950 3788 3014 hanc

2134 3029 2314 3093 facies
2338 3032 2578 3114 proprio
2598 3051 2707 3094 suo
2747 3039 2899 3094 statu
2941 3051 3283 3114 expressam
3310 3036 3498 3098 oculis
3519 3038 3785 3103 exhibet.

2135 3118 2283 3182 Nam
2314 3121 2490 3184 variis
2518 3140 2652 3184 sese
2703 3121 3083 3184 conformans
3129 3125 3346 3186 mentis
3375 3125 3789 3191 affectionibus

424 3199 436 3214 .
664 3199 675 3212 .
720 3199 730 3217 .
987 3199 998 3204 -
1775 3199 1785 3213 .
1833 3199 1842 3214 .
1989 3199 1998 3214 .

391 3233 547 3305 γοῦσι
602 3227 692 3283 τὸν
750 3224 1007 3302 λογισμὸν
1066 3222 1493 3300 συνδιατιθεμένη
1563 3227 1652 3282 καὶ
1704 3223 2050 3284 ουναλλοιου-

2145 3217 2196 3272 et
2225 3210 2684 3305 mutationibus,
2712 3211 2886 3305 modo
2937 3212 3170 3274 videtur
3219 3212 3481 3289 radians,
3517 3216 3657 3296 quia
3684 3233 3790 3281 cor

394 3316 560 3393 μὲνη,
603 3315 735 3373 ποτὲ
787 3317 883 3391 μὲν
933 3318 1117 3394 ὁρᾶται
1171 3312 1382 3394 φαιδρὰ,
1435 3319 1532 3382 τῆς
1576 3312 1787 3395 καρδίας
1846 3312 2053 3394 εὐφραι-

399 3405 627 3482 νομένης
696 3406 783 3483 επὶ
850 3401 1166 3462 ἀναϐάσεσιν
1238 3404 1465 3481 ἀγαθαῖς
1531 3403 1896 3481 ἐντθυμήσεων
1965 3405 2055 3460 καὶ

410 3494 603 3571 μελέτῃ
674 3500 805 3551 Θεοῦ
841 3510 854 3524 '
914 3493 1046 3551 ποτέ
1114 3491 1168 3549 δὲ
1222 3496 1472 3574 κατηφὴς
1532 3496 1618 3551 καὶ
1659 3491 1924 3574 ζοφώδης,
1969 3491 2054 3549 ἐπὶ

410 3581 689 3660 λογισμοῖς
719 3584 942 3647 ἀτοπίας
970 3581 1387 3663 πικραινομένης
1419 3599 1432 3612 ⁸
1495 3583 1548 3640 ἐν
1607 3586 1691 3646 οἷς
1748 3581 1930 3640 λαθεῖν
1962 3585 2055 3641 οὒκ

406 3671 518 3729 ἔστι
571 3675 658 3731 τὸν
727 3672 1097 3752 ἐνεργούμενον
1157 3674 1279 3737 τοὺς
1322 3672 1388 3728 τὰ
1444 3673 1761 3752 αἰσθητήρια
1815 3676 1913 3739 τῆς
1959 3676 2055 3746 ψυ-

404 3768 518 3843 χῆς
578 3762 995 3842 ἐπιφερομένους
1062 3760 1492 3840 γεγυμνασμένα,
1565 3760 1692 3818 Εἴτε
1781 3762 1880 3841 γὰρ
1949 3758 2053 3816 ἆλ-

401 3850 617 3917 λοίωσίς
666 3850 777 3909 ἐστι
819 3857 918 3919 τῆς
968 3848 1138 3916 δεξιᾶς
1184 3857 1279 3908 τοῦ
1339 3843 1611 3926 Ὑψίστου,
1657 3850 1855 3931 φανερά
1915 3849 2057 3906 ἐστιν

398 3944 587 4005 αὐτοῖς
635 3943 706 4006 ὡς
753 3941 996 4020 γνωρίμη
1041 3942 1131 3997 καὶ
1175 3938 1325 4021 φίλη,
1379 3937 1447 3996 δι’
1494 3941 1560 4007 ἣν
1616 3938 2057 4019 ἆναγεννηθέντες

395 4034 503 4090 ὑπὸ
550 4038 643 4089 τοῦ
693 4031 1000 4107 Πνεύματος
1041 4028 1263 4112 ἄνωθεν,
1322 4034 1435 4112 φῶς
1477 4031 1568 4087 καὶ
1609 4028 1743 4093 ἅλας
1800 4028 2055 4110 ἐχρημά-

394 4144 551 4180 τισαν
588 4134 709 4185 τοῖς
757 4119 986 4188 πλησίον
1021 4136 1034 4155 ·
1094 4118 1208 4178 εἴτε
1262 4124 1362 4188 τῆς
1416 4118 1654 4184 στάσεώς
1700 4117 1811 4176 ἐστι
1839 4125 1946 4176 τῶν
1975 4115 2059 4175 δυ-

396 4212 634 4289 νάμεων,
679 4212 767 4268 καὶ
822 4215 922 4278 τῆς
977 4214 1084 4267 τῶν
1141 4208 1414 4288 λογισμῶν
1470 4213 1741 4289 ταραχῆς,
1789 4207 1928 4279 δήλη
1978 4208 2058 4272 τίς

2135 3299 2350 3377 gaudet
2379 3300 2493 3380 piis
2521 3300 2956 3364 desideriorum
3013 3302 3467 3364 ascensionibus
3497 3314 3555 3366 et
3584 3324 3791 3369 amore

2136 3386 2265 3463 Dei,
2303 3388 2480 3449 modo
2511 3404 2648 3451 vero
2707 3388 2936 3468 dejecta
2982 3399 3040 3452 et
3083 3389 3357 3463 obscura,
3420 3393 3562 3474 quia
3619 3413 3790 3458 mens

2140 3477 2440 3559 perversis
2470 3477 3069 3559 amarisque'laborat
3097 3479 3576 3559 cogitationibus.
3620 3481 3791 3547 Unde

2137 3584 2308 3628 mens
2338 3585 2473 3628 cum
2532 3566 2656 3629 suis
2715 3567 3162 3648 operationibus
3207 3569 3393 3631 latere
3448 3571 3661 3649 nequit
3688 3588 3791 3636 eos

2136 3654 2238 3735 qui
2266 3673 2479 3717 sensus
2507 3655 2847 3735 animm\sic
2882 3675 3003 3738 prm
3040 3676 3106 3720 se
3136 3658 3335 3720 ferunt
3376 3660 3691 3723 exercitos.
3726 3660 3792 3725 Si

2136 3743 2298 3805 enim
2330 3745 2573 3807 mutatio
2597 3744 2674 3808 sit
2692 3745 2949 3808 dexterm
2978 3745 3236 3821 Excelsi,
3267 3754 3446 3828 patet,
3471 3748 3610 3829 quia
3640 3749 3793 3813 nitet

2137 3834 2333 3921 vultus
2381 3834 2482 3898 ille
2524 3834 2848 3898 benevolus
2907 3844 2966 3899 et
3020 3837 3271 3915 amicus,
3334 3855 3442 3917 per
3494 3857 3699 3921 quem,
3760 3858 3795 3902 a

2138 3920 2364 4003 Spiritu
2386 3934 2591 3987 sancto
2612 3924 2971 4006 regenerati,
3004 3925 3106 3988 lux
3144 3934 3204 3989 et
3249 3926 3332 3989 sal
3361 3928 3630 4007 proximo
3658 3920 3797 3993 tacti

2140 4021 2312 4076 sunt:
2349 4014 2402 4075 si
2428 4032 2568 4077 vero
2599 4014 2916 4079 tribuenda
2944 4015 3021 4078 sit
3047 4015 3363 4079 rebellioni
3394 4017 3796 4097 potentiarum

2141 4109 2201 4165 et
2249 4103 2672 4184 cogitationum
2723 4105 3118 4187 perturbatio,
3178 4106 3340 4169 clare
3393 4106 3601 4188 liquet,
3656 4110 3797 4191 quia

2140 4211 2273 4256 eam
2315 4194 2655 4278 repudiant,
2690 4205 2750 4258 et
2778 4196 3190 4259 characterem
3218 4195 3499 4277 imaginis
3524 4198 3660 4262 Filii
3688 4198 3799 4262 Dei

397 4281 515 4358 ἐστι
558 4281 765 4365 τούτοις
823 4303 1053 4380 τρανῶς,
1099 4299 1173 4362 ὡς
1221 4281 1693 4373 ’ἀποϐαλλομένόις
1723 4281 1925 4371 αὐτὴν,
1969 4296 2057 4353 καὶ

2145 4281 2594 4380 l‘ulgidissimam
2653 4284 2936 4349 exhibent
2992 4286 3055 4350 in
3134 4285 3353 4349 divinis
3410 4286 3796 4354 charismati—

400 4391 495 4449 τὸν
565 4363 885 4470 χαρακτῆρα
953 4363 1051 4456 τῆς
1122 4387 1323 4453 εἰκόνος
1392 4363 1522 4446 τοῦ.
1562 4389 1684 4444 Υἱοῦ
1764 4363 1869 4443 τοῠή
1912 4363 2274 4442 ⁷εὒεοῦῙηΠιε.

402 4478 815 4560 ἐπιφερομένοις
890 4475 1265 4557 λαμπρότατον
1335 4476 1390 4533 ἐν
1466 4489 1585 4541 τοῖς
1669 4476 1828 4542 θείοις
1898 4474 2059 4556 χαρί-

405 4590 599 4644 σμασι,

488 4645 598 4734 λβ’.
663 4647 726 4714 Ἦ
783 4655 931 4721 ἐντὸς
977 4655 1194 4736 ἐργασία
1251 4653 1286 4723 ἢ
1343 4653 1612 4734 στεφάνων
1670 4651 1918 4733 πρόξενος
1975 4652 2060 4732 γί-

406 4766 552 4802 νεται
579 4750 649 4823 τῇ
688 4749 865 4826 ψυχῇ,
917 4743 954 4812 ἢ
1004 4750 1203 4802 ποινῶν
1243 4744 1332 4801 καὶ
1386 4741 1680 4805 κολάσεων,
1740 4742 1800 4799 Εἰ
1836 4743 1932 4818 μὲν
1961 4742 2061 4822 γὰρ

403 4837 525 4916 περὶ
577 4837 642 4892 τὰ
696 4839 816 4893 θεῖα
890 4835 1177 4915 πράγματα
1244 4834 1604 4912 καταγίνεται,
1670 4833 1759 4889 καὶ
1813 4853 2060 4889 ταπεινο-

405 4926 672 5007 φροσύνης
714 4922 998 5004 φιλοκαλεῖ
1024 4926 1090 4981 τὰ
1119 4924 1315 5005 χωρία,
1370 4922 1488 5004 ἔχει
1537 4926 1635 4991 τὴν
1691 4919 1895 5001 ἀρδείαν
1926 4920 2063 4978 ἅνω-

405 5020 495 5073 θεν
524 5021 631 5073 τῶν
678 5012 934 5096 δακρύων,
982 5017 1070 5072 καὶ
1115 5026 1348 5095 γεωργεῖ
1400 5013 1501 5080 τὴν
1556 5013 1688 5092 πρὸς
1748 5013 1876 5068 Θεὸν
1921 5010 2063 5090 ἀγά-

408 5128 521 5173 πην
564 5106 652 5161 καὶ
704 5106 903 5180 πίστιν,
967 5104 1055 5160 καὶ
1116 5104 1214 5171 τὴν
1274 5104 1345 5167 εἷς
1422 5104 1515 5158 τὸν
1565 5099 1791 5170 πλησίον
1860 5100 2070 5176 συμπά-

409 5197 558 5251 θειαν
589 5210 606 5228 ⁸
652 5190 720 5249 δι’
747 5196 822 5250 ὧν
870 5191 1311 5274 ἀναμορφουμένη
1353 5193 1416 5248 τὸ
1452 5188 1649 5254 κάλλος
1706 5191 1741 5259 ἡ
1785 5188 1940 5269 ψυχὴ
1968 5193 2069 5255 τῆς

414 5282 617 5347 εἰκόνος
675 5288 925 5361 Χριστοῦ,
988 5288 1101 5362 φῶς
1159 5283 1359 5361 γίνεται
1415 5292 1533 5344 τοῖς
1608 5279 1924 5359 ἀνθρώποις³
1980 5278 2071 5335 καὶ

412 5385 541 5438 ταῖς
598 5373 782 5430 ἀκτῖσι
825 5375 931 5429 τῶν
979 5371 1181 5452 ἀρετῶν
1226 5368 1499 5453 ἐφέλκεται
1542 5370 1674 5449 πρὸς
1725 5366 1918 5434 ἑαυτὴν
1971 5366 2069 5429 τὰς

409 5461 624 5543 ὁράσεις
682 5460 877 5537 αὐτῶν,
948 5462 1036 5518 καὶ
1087 5472 1231 5518 κινεῖ
1298 5461 1501 5522 πάντας
1566 5458 1696 5538 πρὸς
1766 5453 2070 5534 δοξολογίαν

408 5559 569 5616 Θεοῦ.
636 5553 696 5609 Ei
760 5550 817 5607 δὲ
872 5551 991 5629 περὶ
1059 5550 1126 5606 τὰ
1178 5548 1328 5607 κάτω
1380 5550 1469 5606 καὶ
1516 5548 1582 5605 τὰ
1641 5545 1939 5625 ἀνθρώπινα
1980 5544 2070 5601 καὶ

404 5642 532 5708 τοὺς
602 5641 897 5717 ὑπονόμους
968 5637 1165 5703 τόπους
1236 5637 1548 5719 ἐκταράσσει
1617 5637 1706 5694 καὶ
1758 5632 2067 5693 ἀνασαλεύει

2222 4642 2323 4704 32.
2360 4639 2599 4703 Interna
2629 4641 2895 4721 operatio
2952 4642 3043 4707 vel
3100 4662 3452 4707 coronarum
3502 4663 3680 4709 causa
3708 4654 3800 4709 est

2143 4731 2377 4807 animm,
2411 4731 2502 4792 vel
2534 4748 2846 4811 pmnarum
2903 4748 2972 4794 ac
3028 4731 3486 4814 suppliciorum.
3541 4733 3604 4797 Si
3636 4739 3799 4798 enim

2144 4820 2304 4884 circa
2332 4839 2430 4882 res
2460 4819 2692 4881 divinas
2724 4829 3057 4903 exercetur,
3110 4822 3582 4905 humilitatisque
3624 4843 3802 4905 agros

2146 4909 2483 4992 prmdiligit,
2506 4909 2721 4987 gaudet
2743 4929 3002 4991 superna
3017 4911 3798 4996 lacrymarumirrigatione,

2147 5014 2205 5062 et
2232 4999 2372 5061 colit
2405 5000 2582 5060 ﬁdem
2617 5006 2675 5059 et
2721 4999 3068 5062 charitatem
3114 5000 3177 5063 in
3225 4999 3412 5063 Deum
3450 5003 3802 5067 misericor-

2150 5089 2430 5169 diamque
2461 5087 2521 5148 iu
2553 5088 2912 5169 proximum,
2968 5108 3077 5170 per
3127 5109 3261 5173 qum
3322 5110 3492 5153 mens
3548 5092 3803 5156 formam

2150 5196 2517 5259 recuperans
2546 5196 2615 5239 ac
2641 5178 2825 5241 decus
2870 5178 3147 5256 imaginis
3194 5181 3440 5258 Christi,
3501 5181 3704 5245 lumen
3739 5184 3805 5249 ﬁt

2151 5267 2518 5344 hominibus,
2542 5266 2805 5330 etradiis
2845 5267 3126 5330 virtutum
3169 5269 3410 5333 attrahit
3437 5270 3511 5332 ad
3543 5271 3802 5353 seipsam

2151 5376 2363 5420 eorum
2387 5358 2614 5433 oculos,
2635 5375 2965 5439 omnesque
2987 5358 3239 5441 impellit
3257 5359 3329 5421 ad
3347 5359 3804 5439 gloriﬁcandum

2149 5446 2363 5511 Deum.
2399 5444 2462 5508 Si
2489 5464 2630 5507 vero
2659 5446 2818 5509 circa
2847 5448 3052 5510 inﬁma
3101 5449 3478 5529 humanaque
3532 5467 3601 5511 ac
3658 5450 3802 5514 sub-

2151 5545 2427 5602 teraneos
2447 5534 2675 5618 peccati
2696 5535 2861 5599 locos
2880 5555 2944 5600 se
2968 5536 3167 5600 turbet
3195 5545 3254 5600 et
3281 5537 3486 5620 agitet,
3519 5538 3802 5604 deorsum

2152 5626 2463 5692 inveniens
2492 5624 2801 5689 miseriam
2846 5626 3270 5712 tenebrasque,
3321 5625 3469 5692 colit
3512 5627 3719 5693 odium
3747 5636 3807 5694 et
