  <div class='ocr_page' id='page_1' title='image "/cluster/home/n/w/nwhite01/storage/ocr_20150623/120/coo.31924054870245/441.png"; bbox 0 0 4126 6382; ppageno 0'>
   <div class='ocr_carea' id='block_1_1' title="bbox 364 293 3773 371">
    <p class='ocr_par' dir='ltr' id='par_1_1' title="bbox 364 293 3773 371">
     <span class='ocr_line' id='line_1_1' title="bbox 364 293 3773 371; baseline -0.004 -1"><span class='ocrx_word' id='word_1_1' title='bbox 364 301 480 371; x_wconf 87' lang='lat'><strong>867</strong></span> <span class='ocrx_word' id='word_1_2' title='bbox 1680 293 1986 366; x_wconf 68' lang='lat' dir='ltr'><strong>NICETJE</strong></span> <span class='ocrx_word' id='word_1_3' title='bbox 2031 293 2458 363; x_wconf 82' lang='lat' dir='ltr'><strong>PEGTORATI</strong></span> <span class='ocrx_word' id='word_1_4' title='bbox 3653 295 3773 363; x_wconf 86' lang='lat'><strong>868</strong></span> 
     </span>
    </p>
   </div>
   <div class='ocr_carea' id='block_1_2' title="bbox 365 426 1994 520">
    <p class='ocr_par' dir='ltr' id='par_1_2' title="bbox 365 433 1994 520">
     <span class='ocr_line' id='line_1_2' title="bbox 365 433 1994 520; baseline -0.005 -17"><span class='ocrx_word' id='word_1_5' title='bbox 365 438 732 504; x_wconf 80' lang='lat' dir='ltr'><strong>aversionem</strong></span> <span class='ocrx_word' id='word_1_6' title='bbox 769 437 931 515; x_wconf 91' lang='lat' dir='ltr'><strong>boni,</strong></span> <span class='ocrx_word' id='word_1_7' title='bbox 968 455 1076 518; x_wconf 90' lang='lat' dir='ltr'><strong>per</strong></span> <span class='ocrx_word' id='word_1_8' title='bbox 1105 455 1239 520; x_wconf 83' lang='lat' dir='ltr'><strong>quae</strong></span> <span class='ocrx_word' id='word_1_9' title='bbox 1267 435 1489 499; x_wconf 91' lang='lat' dir='ltr'><strong>luteam</strong></span> <span class='ocrx_word' id='word_1_10' title='bbox 1513 441 1571 499; x_wconf 89' lang='lat' dir='ltr'><strong>et</strong></span> <span class='ocrx_word' id='word_1_11' title='bbox 1593 433 1909 497; x_wconf 83' lang='lat' dir='ltr'><strong>informem</strong></span> <span class='ocrx_word' id='word_1_12' title='bbox 1936 450 1994 496; x_wconf 84' lang='lat' dir='ltr'><strong>re</strong></span> 
     </span>
    </p>
   </div>
   <div class='ocr_carea' id='block_1_3' title="bbox 2136 426 3765 520">
    <p class='ocr_par' dir='ltr' id='par_1_3' title="bbox 2136 426 3765 512">
     <span class='ocr_line' id='line_1_3' title="bbox 2136 426 3765 512; baseline -0.005 -18"><span class='ocrx_word' id='word_1_13' title='bbox 2136 431 2208 494; x_wconf 73' lang='grc' dir='ltr'>ἧς</span> <span class='ocrx_word' id='word_1_14' title='bbox 2257 429 2548 508; x_wconf 79' lang='grc' dir='ltr'>ἁμαρτίας,</span> <span class='ocrx_word' id='word_1_15' title='bbox 2591 429 2828 488; x_wconf 79' lang='grc' dir='ltr'><strong>κάτωθεν</strong></span> <span class='ocrx_word' id='word_1_16' title='bbox 2877 428 3076 512; x_wconf 79' lang='grc' dir='ltr'>ἔχουσα</span> <span class='ocrx_word' id='word_1_17' title='bbox 3116 431 3180 488; x_wconf 80' lang='grc' dir='ltr'>τὸ</span> <span class='ocrx_word' id='word_1_18' title='bbox 3228 426 3488 494; x_wconf 85' lang='grc' dir='ltr'>δυσσῶδες</span> <span class='ocrx_word' id='word_1_19' title='bbox 3531 430 3620 487; x_wconf 81' lang='grc' dir='ltr'><strong>καὶ</strong></span> <span class='ocrx_word' id='word_1_20' title='bbox 3669 437 3765 502; x_wconf 89' lang='grc' dir='ltr'>ζο-</span> 
     </span>
    </p>
   </div>
   <div class='ocr_carea' id='block_1_4' title="bbox 362 519 1991 612">
    <p class='ocr_par' dir='ltr' id='par_1_4' title="bbox 362 519 1991 612">
     <span class='ocr_line' id='line_1_4' title="bbox 362 519 1991 612; baseline -0.004 -20"><span class='ocrx_word' id='word_1_21' title='bbox 362 548 658 612; x_wconf 87' lang='lat' dir='ltr'><strong>cuperans</strong></span> <span class='ocrx_word' id='word_1_22' title='bbox 682 528 900 593; x_wconf 82' lang='lat' dir='ltr'><strong>veteris</strong></span> <span class='ocrx_word' id='word_1_23' title='bbox 959 519 1221 590; x_wconf 84' lang='lat' dir='ltr'><strong>hominis</strong></span> <span class='ocrx_word' id='word_1_24' title='bbox 1275 525 1622 607; x_wconf 81' lang='lat' dir='ltr'><strong>imaginem,</strong></span> <span class='ocrx_word' id='word_1_25' title='bbox 1653 542 1792 588; x_wconf 91' lang='lat' dir='ltr'><strong>vera</strong></span> <span class='ocrx_word' id='word_1_26' title='bbox 1821 523 1991 602; x_wconf 77' lang='lat' dir='ltr'><strong>caligt</strong></span> 
     </span>
    </p>
   </div>
   <div class='ocr_carea' id='block_1_5' title="bbox 2134 519 3763 612">
    <p class='ocr_par' dir='ltr' id='par_1_5' title="bbox 2134 519 3763 599">
     <span class='ocr_line' id='line_1_5' title="bbox 2134 519 3763 599; baseline 0.003 -26"><span class='ocrx_word' id='word_1_27' title='bbox 2134 520 2270 598; x_wconf 80' lang='grc' dir='ltr'>ερὸν,</span> <span class='ocrx_word' id='word_1_28' title='bbox 2329 533 2561 599; x_wconf 76' lang='grc' dir='ltr'><strong>γεωργεῖ</strong></span> <span class='ocrx_word' id='word_1_29' title='bbox 2611 522 2672 578; x_wconf 81' lang='grc' dir='ltr'>τὸ</span> <span class='ocrx_word' id='word_1_30' title='bbox 2738 534 2900 598; x_wconf 85' lang='grc' dir='ltr'>μτσος</span> <span class='ocrx_word' id='word_1_31' title='bbox 2957 521 3052 577; x_wconf 85' lang='grc' dir='ltr'><strong>καὶ</strong></span> <span class='ocrx_word' id='word_1_32' title='bbox 3104 520 3205 588; x_wconf 79' lang='grc' dir='ltr'>τὴν</span> <span class='ocrx_word' id='word_1_33' title='bbox 3263 519 3610 599; x_wconf 79' lang='grc' dir='ltr'>ἀποστροφὴν</span> <span class='ocrx_word' id='word_1_34' title='bbox 3665 520 3763 578; x_wconf 74' lang='grc' dir='ltr'><strong>τοῦ</strong></span> 
     </span>
    </p>
   </div>
   <div class='ocr_carea' id='block_1_6' title="bbox 363 607 1992 701">
    <p class='ocr_par' dir='ltr' id='par_1_6' title="bbox 363 607 1992 701">
     <span class='ocr_line' id='line_1_6' title="bbox 363 607 1992 701; baseline -0.004 -19"><span class='ocrx_word' id='word_1_35' title='bbox 363 607 752 701; x_wconf 40' lang='lat' dir='ltr'><strong>fit-proximo,</strong></span> <span class='ocrx_word' id='word_1_36' title='bbox 780 626 842 681; x_wconf 89' lang='lat' dir='ltr'><strong>et</strong></span> <span class='ocrx_word' id='word_1_37' title='bbox 895 617 1180 699; x_wconf 85' lang='lat' dir='ltr'><strong>operibus</strong></span> <span class='ocrx_word' id='word_1_38' title='bbox 1236 615 1553 696; x_wconf 86' lang='lat' dir='ltr'><strong>verbisque</strong></span> <span class='ocrx_word' id='word_1_39' title='bbox 1611 613 1836 677; x_wconf 74' lang='lat' dir='ltr'><strong>vitiosis</strong></span> <span class='ocrx_word' id='word_1_40' title='bbox 1869 633 1992 677; x_wconf 89' lang='lat' dir='ltr'><strong>cor-</strong></span> 
     </span>
    </p>
   </div>
   <div class='ocr_carea' id='block_1_7' title="bbox 2129 607 3758 701">
    <p class='ocr_par' dir='ltr' id='par_1_7' title="bbox 2129 607 3758 692">
     <span class='ocr_line' id='line_1_7' title="bbox 2129 607 3758 692; baseline 0.002 -29"><span class='ocrx_word' id='word_1_41' title='bbox 2129 607 2257 667; x_wconf 86' lang='grc' dir='ltr'>αλοῦ</span> <span class='ocrx_word' id='word_1_42' title='bbox 2287 625 2300 639; x_wconf 92' lang='grc'><em>’</em></span> <span class='ocrx_word' id='word_1_43' title='bbox 2347 607 2418 664; x_wconf 87' lang='grc' dir='ltr'>δι’</span> <span class='ocrx_word' id='word_1_44' title='bbox 2446 611 2514 676; x_wconf 79' lang='grc' dir='ltr'><strong>ἧς</strong></span> <span class='ocrx_word' id='word_1_45' title='bbox 2544 610 2645 678; x_wconf 66' lang='grc' dir='ltr'>τὴν</span> <span class='ocrx_word' id='word_1_46' title='bbox 2688 611 2894 692; x_wconf 73' lang='grc' dir='ltr'>χοΐκῆν</span> <span class='ocrx_word' id='word_1_47' title='bbox 2948 609 3392 691; x_wconf 82' lang='grc' dir='ltr'>ἀναμορφουμὲνη</span> <span class='ocrx_word' id='word_1_48' title='bbox 3450 611 3540 667; x_wconf 85' lang='grc' dir='ltr'>καὶ</span> <span class='ocrx_word' id='word_1_49' title='bbox 3582 609 3758 690; x_wconf 76' lang='grc' dir='ltr'>ἄμορ-</span> 
     </span>
    </p>
   </div>
   <div class='ocr_carea' id='block_1_8' title="bbox 363 695 1992 789">
    <p class='ocr_par' dir='ltr' id='par_1_8' title="bbox 363 695 1992 789">
     <span class='ocr_line' id='line_1_8' title="bbox 363 695 1992 789; baseline -0.004 -18"><span class='ocrx_word' id='word_1_50' title='bbox 363 695 587 789; x_wconf 83' lang='lat' dir='ltr'><strong>rumpit</strong></span> <span class='ocrx_word' id='word_1_51' title='bbox 613 708 843 770; x_wconf 89' lang='lat' dir='ltr'><strong>animas</strong></span> <span class='ocrx_word' id='word_1_52' title='bbox 868 695 1170 788; x_wconf 81' lang='lat' dir='ltr'><strong>simplices</strong></span> <span class='ocrx_word' id='word_1_53' title='bbox 1204 712 1263 768; x_wconf 90' lang='lat' dir='ltr'><strong>et</strong></span> <span class='ocrx_word' id='word_1_54' title='bbox 1281 695 1614 768; x_wconf 82' lang='lat' dir='ltr'><strong>imbecilles</strong></span> <span class='ocrx_word' id='word_1_55' title='bbox 1643 703 1992 786; x_wconf 64' lang='lat' dir='ltr'><strong>impellitqul</strong></span> 
     </span>
    </p>
   </div>
   <div class='ocr_carea' id='block_1_9' title="bbox 2127 695 3756 789">
    <p class='ocr_par' dir='ltr' id='par_1_9' title="bbox 2127 695 3756 779">
     <span class='ocr_line' id='line_1_9' title="bbox 2127 695 3756 779; baseline 0.004 -29"><span class='ocrx_word' id='word_1_56' title='bbox 2127 717 2191 752; x_wconf 74' lang='grc' dir='ltr'><strong>ιον</strong></span> <span class='ocrx_word' id='word_1_57' title='bbox 2222 695 2398 754; x_wconf 81' lang='grc' dir='ltr'>είκόνα</span> <span class='ocrx_word' id='word_1_58' title='bbox 2426 703 2518 754; x_wconf 91' lang='grc' dir='ltr'><strong>τοῦ</strong></span> <span class='ocrx_word' id='word_1_59' title='bbox 2547 697 2802 775; x_wconf 93' lang='grc' dir='ltr'>παλαιοῦ,</span> <span class='ocrx_word' id='word_1_60' title='bbox 2834 701 3024 762; x_wconf 82' lang='grc' dir='ltr'><strong>σκότος</strong></span> <span class='ocrx_word' id='word_1_61' title='bbox 3069 698 3393 779; x_wconf 75' lang='grc' dir='ltr'>αύτόχρημα</span> <span class='ocrx_word' id='word_1_62' title='bbox 3435 711 3553 763; x_wconf 80' lang='grc' dir='ltr'>τοῖς</span> <span class='ocrx_word' id='word_1_63' title='bbox 3605 697 3756 766; x_wconf 87' lang='grc' dir='ltr'>πλη-</span> 
     </span>
    </p>
   </div>
   <div class='ocr_carea' id='block_1_10' title="bbox 361 785 1990 879">
    <p class='ocr_par' dir='ltr' id='par_1_10' title="bbox 361 785 1990 879">
     <span class='ocr_line' id='line_1_10' title="bbox 361 785 1990 879; baseline -0.002 -20"><span class='ocrx_word' id='word_1_64' title='bbox 361 797 435 860; x_wconf 93' lang='lat' dir='ltr'><strong>ad</strong></span> <span class='ocrx_word' id='word_1_65' title='bbox 464 785 572 860; x_wconf 44' lang='lat' dir='ltr'><strong>D&#39;ei</strong></span> <span class='ocrx_word' id='word_1_66' title='bbox 599 785 1030 879; x_wconf 84' lang='lat' dir='ltr'><strong>blasphemiam</strong></span> <span class='ocrx_word' id='word_1_67' title='bbox 1055 817 1071 856; x_wconf 69' lang='grc' dir='ltr'><strong>τ</strong></span> <span class='ocrx_word' id='word_1_68' title='bbox 1127 802 1188 858; x_wconf 88' lang='lat' dir='ltr'><strong>et</strong></span> <span class='ocrx_word' id='word_1_69' title='bbox 1229 795 1315 858; x_wconf 89' lang='lat' dir='ltr'><strong>sic</strong></span> <span class='ocrx_word' id='word_1_70' title='bbox 1344 794 1442 857; x_wconf 92' lang='lat' dir='ltr'><strong>ubi</strong></span> <span class='ocrx_word' id='word_1_71' title='bbox 1474 802 1664 858; x_wconf 90' lang='lat' dir='ltr'><strong>morte</strong></span> <span class='ocrx_word' id='word_1_72' title='bbox 1693 785 1990 876; x_wconf 80' lang='lat' dir='ltr'><strong>occupatu:</strong></span> 
     </span>
    </p>
   </div>
   <div class='ocr_carea' id='block_1_11' title="bbox 2130 785 3759 879">
    <p class='ocr_par' dir='ltr' id='par_1_11' title="bbox 2133 785 3759 868">
     <span class='ocr_line' id='line_1_11' title="bbox 2133 785 3759 868; baseline 0.003 -29"><span class='ocrx_word' id='word_1_73' title='bbox 2133 785 2330 856; x_wconf 71' lang='grc' dir='ltr'>ιᾶζουσι</span> <span class='ocrx_word' id='word_1_74' title='bbox 2401 787 2624 865; x_wconf 91' lang='grc' dir='ltr'>γίνεται,</span> <span class='ocrx_word' id='word_1_75' title='bbox 2683 790 2775 845; x_wconf 85' lang='grc' dir='ltr'><strong>καὶ</strong></span> <span class='ocrx_word' id='word_1_76' title='bbox 2828 795 2896 866; x_wconf 76' lang='grc' dir='ltr'><strong>τῇ</strong></span> <span class='ocrx_word' id='word_1_77' title='bbox 2952 794 3059 845; x_wconf 82' lang='grc' dir='ltr'>τῶν</span> <span class='ocrx_word' id='word_1_78' title='bbox 3115 788 3331 868; x_wconf 90' lang='grc' dir='ltr'>φαύλων</span> <span class='ocrx_word' id='word_1_79' title='bbox 3383 787 3598 868; x_wconf 77' lang='grc' dir='ltr'><strong>ἐργασίᾳ</strong></span> <span class='ocrx_word' id='word_1_80' title='bbox 3668 789 3759 844; x_wconf 81' lang='grc' dir='ltr'><strong>καὶ</strong></span> 
     </span>
    </p>
   </div>
   <div class='ocr_carea' id='block_1_12' title="bbox 361 873 1990 966">
    <p class='ocr_par' dir='ltr' id='par_1_12' title="bbox 361 873 1863 966">
     <span class='ocr_line' id='line_1_12' title="bbox 361 873 1863 966; baseline -0.003 -17"><span class='ocrx_word' id='word_1_81' title='bbox 361 887 582 966; x_wconf 90' lang='lat' dir='ltr'><strong>anima,</strong></span> <span class='ocrx_word' id='word_1_82' title='bbox 615 885 700 948; x_wconf 88' lang='lat' dir='ltr'><strong>ibi</strong></span> <span class='ocrx_word' id='word_1_83' title='bbox 727 873 1001 949; x_wconf 78' lang='lat' dir='ltr'><strong>similiter</strong></span> <span class='ocrx_word' id='word_1_84' title='bbox 1029 884 1412 948; x_wconf 78' lang='lat' dir='ltr'><strong>mutationem</strong></span> <span class='ocrx_word' id='word_1_85' title='bbox 1445 883 1692 948; x_wconf 86' lang='lat' dir='ltr'><strong>invenit.</strong></span> <span class='ocrx_word' id='word_1_86' title='bbox 1845 873 1863 876; x_wconf 60' lang='grc'><strong><em>“</em></strong></span> 
     </span>
    </p>
   </div>
   <div class='ocr_carea' id='block_1_13' title="bbox 2128 873 3757 966">
    <p class='ocr_par' dir='ltr' id='par_1_13' title="bbox 2130 873 3757 958">
     <span class='ocr_line' id='line_1_13' title="bbox 2130 873 3757 958; baseline 0.001 -26"><span class='ocrx_word' id='word_1_87' title='bbox 2130 876 2298 956; x_wconf 80' lang='grc' dir='ltr'>μίλίᾳ,</span> <span class='ocrx_word' id='word_1_88' title='bbox 2331 873 2606 958; x_wconf 74' lang='grc' dir='ltr'>διαφθείρει</span> <span class='ocrx_word' id='word_1_89' title='bbox 2664 879 2847 958; x_wconf 77' lang='grc' dir='ltr'>ψυχὰς</span> <span class='ocrx_word' id='word_1_90' title='bbox 2898 876 3201 944; x_wconf 79' lang='grc' dir='ltr'><strong>ἀπλάστους</strong></span> <span class='ocrx_word' id='word_1_91' title='bbox 3257 879 3345 936; x_wconf 83' lang='grc' dir='ltr'>καὶ</span> <span class='ocrx_word' id='word_1_92' title='bbox 3383 877 3757 957; x_wconf 87' lang='grc' dir='ltr'>αστηρίκτους,</span> 
     </span>
    </p>
   </div>
   <div class='ocr_carea' id='block_1_14' title="bbox 2095 965 3759 1047">
    <p class='ocr_par' dir='ltr' id='par_1_14' title="bbox 2095 965 3759 1047">
     <span class='ocr_line' id='line_1_14' title="bbox 2095 965 3759 1047; baseline 0.001 -25"><span class='ocrx_word' id='word_1_93' title='bbox 2095 969 2183 1023; x_wconf 81' lang='grc' dir='ltr'><strong>καὶ</strong></span> <span class='ocrx_word' id='word_1_94' title='bbox 2212 978 2353 1023; x_wconf 79' lang='grc' dir='ltr'>κινεῖ</span> <span class='ocrx_word' id='word_1_95' title='bbox 2381 968 2517 1026; x_wconf 75' lang='grc' dir='ltr'>κατὰ</span> <span class='ocrx_word' id='word_1_96' title='bbox 2542 975 2636 1026; x_wconf 88' lang='grc' dir='ltr'><strong>τοῦ</strong></span> <span class='ocrx_word' id='word_1_97' title='bbox 2678 974 2809 1025; x_wconf 82' lang='grc' dir='ltr'><strong>Θεοῦ</strong></span> <span class='ocrx_word' id='word_1_98' title='bbox 2836 966 3179 1047; x_wconf 77' lang='grc' dir='ltr'><strong>βλασφημίαν</strong></span> <span class='ocrx_word' id='word_1_99' title='bbox 3210 985 3228 1005; x_wconf 88' lang='grc'><strong>·</strong></span> <span class='ocrx_word' id='word_1_100' title='bbox 3271 969 3361 1025; x_wconf 86' lang='grc' dir='ltr'>καὶ</span> <span class='ocrx_word' id='word_1_101' title='bbox 3391 965 3556 1031; x_wconf 68' lang='grc' dir='ltr'>οὕτως</span> <span class='ocrx_word' id='word_1_102' title='bbox 3585 966 3638 1023; x_wconf 92' lang='grc' dir='ltr'><strong>ἐν</strong></span> <span class='ocrx_word' id='word_1_103' title='bbox 3671 969 3759 1030; x_wconf 81' lang='grc' dir='ltr'>οἷς</span> 
     </span>
    </p>
   </div>
   <div class='ocr_carea' id='block_1_15' title="bbox 2097 1055 3762 1138">
    <p class='ocr_par' dir='ltr' id='par_1_15' title="bbox 2097 1055 3762 1138">
     <span class='ocr_line' id='line_1_15' title="bbox 2097 1055 3762 1138; baseline 0.001 -27"><span class='ocrx_word' id='word_1_104' title='bbox 2097 1055 2159 1112; x_wconf 81' lang='grc' dir='ltr'><strong>ἂν</strong></span> <span class='ocrx_word' id='word_1_105' title='bbox 2188 1056 2290 1111; x_wconf 76' lang='grc' dir='ltr'><strong>ὑπὸ</strong></span> <span class='ocrx_word' id='word_1_106' title='bbox 2320 1062 2411 1112; x_wconf 92' lang='grc' dir='ltr'><strong>τοῦ</strong></span> <span class='ocrx_word' id='word_1_107' title='bbox 2437 1056 2661 1116; x_wconf 85' lang='grc' dir='ltr'>θανάτου</span> <span class='ocrx_word' id='word_1_108' title='bbox 2691 1055 3008 1137; x_wconf 75' lang='grc' dir='ltr'>καταληφθῇ</span> <span class='ocrx_word' id='word_1_109' title='bbox 3049 1058 3085 1126; x_wconf 74' lang='grc' dir='ltr'>ἡ</span> <span class='ocrx_word' id='word_1_110' title='bbox 3131 1057 3311 1138; x_wconf 75' lang='grc' dir='ltr'>ψυχὴ,</span> <span class='ocrx_word' id='word_1_111' title='bbox 3346 1057 3434 1114; x_wconf 86' lang='grc' dir='ltr'><strong>καὶ</strong></span> <span class='ocrx_word' id='word_1_112' title='bbox 3476 1058 3573 1120; x_wconf 78' lang='grc' dir='ltr'><strong>τὰς</strong></span> <span class='ocrx_word' id='word_1_113' title='bbox 3605 1055 3762 1133; x_wconf 84' lang='grc' dir='ltr'>ἀμοι-</span> 
     </span>
    </p>
   </div>
   <div class='ocr_carea' id='block_1_16' title="bbox 2097 1142 2784 1226">
    <p class='ocr_par' dir='ltr' id='par_1_16' title="bbox 2097 1142 2784 1226">
     <span class='ocr_line' id='line_1_16' title="bbox 2097 1142 2784 1226; baseline 0.006 -26"><span class='ocrx_word' id='word_1_114' title='bbox 2097 1142 2194 1209; x_wconf 79' lang='grc' dir='ltr'><strong>ϐὰς</strong></span> <span class='ocrx_word' id='word_1_115' title='bbox 2226 1142 2504 1226; x_wconf 78' lang='grc' dir='ltr'>ἀναλόγως</span> <span class='ocrx_word' id='word_1_116' title='bbox 2535 1147 2784 1226; x_wconf 81' lang='grc' dir='ltr'>εὑρίσκει.</span> 
     </span>
    </p>
   </div>
   <div class='ocr_carea' id='block_1_17' title="bbox 444 1223 2073 1323">
    <p class='ocr_par' dir='ltr' id='par_1_17' title="bbox 444 1240 2011 1323">
     <span class='ocr_line' id='line_1_17' title="bbox 444 1240 2011 1323; baseline 0 -18"><span class='ocrx_word' id='word_1_117' title='bbox 444 1243 546 1307; x_wconf 89' lang='lat'><strong>33.</strong></span> <span class='ocrx_word' id='word_1_118' title='bbox 598 1243 716 1317; x_wconf 90' lang='lat' dir='ltr'><strong>Qui</strong></span> <span class='ocrx_word' id='word_1_119' title='bbox 774 1242 957 1305; x_wconf 91' lang='lat' dir='ltr'><strong>malas</strong></span> <span class='ocrx_word' id='word_1_120' title='bbox 1013 1242 1150 1305; x_wconf 90' lang='lat' dir='ltr'><strong>colit</strong></span> <span class='ocrx_word' id='word_1_121' title='bbox 1207 1241 1618 1323; x_wconf 78' lang='lat' dir='ltr'><strong>cogitationes,</strong></span> <span class='ocrx_word' id='word_1_122' title='bbox 1685 1240 2011 1305; x_wconf 91' lang='lat' dir='ltr'><strong>obscurum</strong></span> 
     </span>
    </p>
   </div>
   <div class='ocr_carea' id='block_1_18' title="bbox 2124 1223 3753 1323">
    <p class='ocr_par' dir='ltr' id='par_1_18' title="bbox 2171 1223 3753 1317">
     <span class='ocr_line' id='line_1_18' title="bbox 2171 1223 3753 1317; baseline 0.001 -27"><span class='ocrx_word' id='word_1_123' title='bbox 2171 1223 2282 1312; x_wconf 80' lang='grc' dir='ltr'>λγ’.</span> <span class='ocrx_word' id='word_1_124' title='bbox 2351 1223 2417 1294; x_wconf 18' lang='grc'><strong>’0⁷</strong></span> <span class='ocrx_word' id='word_1_125' title='bbox 2471 1223 2605 1291; x_wconf 14' lang='grc' dir='ltr'><strong>τῶνή</strong></span> <span class='ocrx_word' id='word_1_126' title='bbox 2646 1234 2861 1316; x_wconf 80' lang='grc' dir='ltr'>φαύλων</span> <span class='ocrx_word' id='word_1_127' title='bbox 2918 1235 3134 1294; x_wconf 81' lang='grc' dir='ltr'>ἐννοιῶν</span> <span class='ocrx_word' id='word_1_128' title='bbox 3194 1237 3430 1315; x_wconf 81' lang='grc' dir='ltr'>γεωργὸς</span> <span class='ocrx_word' id='word_1_129' title='bbox 3501 1233 3753 1317; x_wconf 85' lang='grc' dir='ltr'>ζοφώδεις</span> 
     </span>
    </p>
   </div>
   <div class='ocr_carea' id='block_1_19' title="bbox 359 1323 1988 1414">
    <p class='ocr_par' dir='ltr' id='par_1_19' title="bbox 359 1329 1984 1414">
     <span class='ocr_line' id='line_1_19' title="bbox 359 1329 1984 1414; baseline -0.001 -20"><span class='ocrx_word' id='word_1_130' title='bbox 359 1331 714 1414; x_wconf 87' lang='lat' dir='ltr'><strong>tristemque</strong></span> <span class='ocrx_word' id='word_1_131' title='bbox 742 1331 855 1394; x_wconf 90' lang='lat' dir='ltr'><strong>sibi</strong></span> <span class='ocrx_word' id='word_1_132' title='bbox 887 1331 1072 1395; x_wconf 80' lang='lat' dir='ltr'><strong>efficit</strong></span> <span class='ocrx_word' id='word_1_133' title='bbox 1121 1331 1373 1413; x_wconf 85' lang='lat' dir='ltr'><strong>vultum,</strong></span> <span class='ocrx_word' id='word_1_134' title='bbox 1436 1339 1496 1392; x_wconf 93' lang='lat' dir='ltr'><strong>et</strong></span> <span class='ocrx_word' id='word_1_135' title='bbox 1538 1331 1800 1410; x_wconf 83' lang='lat' dir='ltr'><strong>linguam</strong></span> <span class='ocrx_word' id='word_1_136' title='bbox 1830 1329 1984 1393; x_wconf 87' lang='lat' dir='ltr'><strong>habe</strong></span> 
     </span>
    </p>
   </div>
   <div class='ocr_carea' id='block_1_20' title="bbox 2134 1323 3763 1414">
    <p class='ocr_par' dir='ltr' id='par_1_20' title="bbox 2134 1323 3763 1404">
     <span class='ocr_line' id='line_1_20' title="bbox 2134 1323 3763 1404; baseline 0.002 -25"><span class='ocrx_word' id='word_1_137' title='bbox 2134 1323 2250 1380; x_wconf 66' lang='lat'><strong>5106</strong></span> <span class='ocrx_word' id='word_1_138' title='bbox 2277 1337 2512 1380; x_wconf 74' lang='grc' dir='ltr'>ποιεῖται</span> <span class='ocrx_word' id='word_1_139' title='bbox 2568 1326 2658 1381; x_wconf 88' lang='grc' dir='ltr'><strong>καὶ</strong></span> <span class='ocrx_word' id='word_1_140' title='bbox 2714 1325 2938 1404; x_wconf 80' lang='grc' dir='ltr'><strong>στυγνὰς</strong></span> <span class='ocrx_word' id='word_1_141' title='bbox 2996 1326 3092 1391; x_wconf 80' lang='grc' dir='ltr'>τὰς</span> <span class='ocrx_word' id='word_1_142' title='bbox 3149 1324 3301 1391; x_wconf 81' lang='grc' dir='ltr'>ἐκτὸς</span> <span class='ocrx_word' id='word_1_143' title='bbox 3359 1323 3536 1401; x_wconf 74' lang='grc' dir='ltr'>ὄψεις,</span> <span class='ocrx_word' id='word_1_144' title='bbox 3604 1323 3763 1383; x_wconf 76' lang='grc' dir='ltr'>ἄναυ-</span> 
     </span>
    </p>
   </div>
   <div class='ocr_carea' id='block_1_21' title="bbox 356 1410 1985 1503">
    <p class='ocr_par' dir='ltr' id='par_1_21' title="bbox 356 1410 1985 1503">
     <span class='ocr_line' id='line_1_21' title="bbox 356 1410 1985 1503; baseline -0.001 -19"><span class='ocrx_word' id='word_1_145' title='bbox 356 1410 868 1503; x_wconf 63' lang='grc' dir='ltr'>ᾒγιηηοείὶὶνὶηοε</span> <span class='ocrx_word' id='word_1_146' title='bbox 923 1427 1241 1495; x_wconf 87' lang='lat' dir='ltr'><strong>tacentem,</strong></span> <span class='ocrx_word' id='word_1_147' title='bbox 1302 1410 1368 1482; x_wconf 79' lang='lat' dir='ltr'><strong>et</strong></span> <span class='ocrx_word' id='word_1_148' title='bbox 1409 1420 1672 1500; x_wconf 89' lang='lat' dir='ltr'><strong>ingratus</strong></span> <span class='ocrx_word' id='word_1_149' title='bbox 1728 1420 1890 1482; x_wconf 90' lang='lat' dir='ltr'><strong>aditu</strong></span> <span class='ocrx_word' id='word_1_150' title='bbox 1922 1437 1985 1483; x_wconf 92' lang='lat' dir='ltr'><strong>es</strong></span> 
     </span>
    </p>
   </div>
   <div class='ocr_carea' id='block_1_22' title="bbox 2128 1410 3757 1503">
    <p class='ocr_par' dir='ltr' id='par_1_22' title="bbox 2128 1411 3757 1495">
     <span class='ocr_line' id='line_1_22' title="bbox 2128 1411 3757 1495; baseline -0.001 -25"><span class='ocrx_word' id='word_1_151' title='bbox 2128 1413 2180 1470; x_wconf 75' lang='grc' dir='ltr'><strong>όν</strong></span> <span class='ocrx_word' id='word_1_152' title='bbox 2220 1435 2278 1470; x_wconf 92' lang='grc' dir='ltr'><strong>τε</strong></span> <span class='ocrx_word' id='word_1_153' title='bbox 2307 1414 2406 1480; x_wconf 77' lang='grc' dir='ltr'><strong>τὴν</strong></span> <span class='ocrx_word' id='word_1_154' title='bbox 2435 1411 2678 1492; x_wconf 85' lang='grc' dir='ltr'>γλῶτταν</span> <span class='ocrx_word' id='word_1_155' title='bbox 2731 1411 2850 1495; x_wconf 76' lang='grc' dir='ltr'>ἔχει</span> <span class='ocrx_word' id='word_1_156' title='bbox 2898 1420 3006 1472; x_wconf 85' lang='grc' dir='ltr'><strong>τῶν</strong></span> <span class='ocrx_word' id='word_1_157' title='bbox 3047 1417 3203 1472; x_wconf 89' lang='grc' dir='ltr'>θείων</span> <span class='ocrx_word' id='word_1_158' title='bbox 3255 1413 3454 1491; x_wconf 80' lang='grc' dir='ltr'>ὕμνων,</span> <span class='ocrx_word' id='word_1_159' title='bbox 3497 1414 3585 1471; x_wconf 82' lang='grc' dir='ltr'>καὶ</span> <span class='ocrx_word' id='word_1_160' title='bbox 3627 1411 3757 1469; x_wconf 89' lang='grc' dir='ltr'>δυσ-</span> 
     </span>
    </p>
   </div>
   <div class='ocr_carea' id='block_1_23' title="bbox 356 1501 1985 1585">
    <p class='ocr_par' dir='ltr' id='par_1_23' title="bbox 356 1501 1985 1583">
     <span class='ocr_line' id='line_1_23' title="bbox 356 1501 1985 1583; baseline -0.001 -11"><span class='ocrx_word' id='word_1_161' title='bbox 356 1501 636 1572; x_wconf 84' lang='lat' dir='ltr'><strong>omnibus</strong></span> <span class='ocrx_word' id='word_1_162' title='bbox 659 1509 1138 1575; x_wconf 87' lang='lat' dir='ltr'><strong>occurrentibus.</strong></span> <span class='ocrx_word' id='word_1_163' title='bbox 1163 1509 1275 1583; x_wconf 85' lang='lat' dir='ltr'><strong>Qui</strong></span> <span class='ocrx_word' id='word_1_164' title='bbox 1296 1518 1540 1572; x_wconf 85' lang='lat' dir='ltr'><strong>econtra</strong></span> <span class='ocrx_word' id='word_1_165' title='bbox 1563 1511 1748 1572; x_wconf 86' lang='lat' dir='ltr'><strong>bonas</strong></span> <span class='ocrx_word' id='word_1_166' title='bbox 1766 1509 1985 1571; x_wconf 92' lang='lat' dir='ltr'><strong>immor</strong></span> 
     </span>
    </p>
   </div>
   <div class='ocr_carea' id='block_1_24' title="bbox 2128 1501 3757 1585">
    <p class='ocr_par' dir='ltr' id='par_1_24' title="bbox 2129 1501 3757 1585">
     <span class='ocr_line' id='line_1_24' title="bbox 2129 1501 3757 1585; baseline -0.001 -26"><span class='ocrx_word' id='word_1_167' title='bbox 2129 1503 2394 1571; x_wconf 85' lang='grc' dir='ltr'>πάντητός</span> <span class='ocrx_word' id='word_1_168' title='bbox 2423 1502 2532 1560; x_wconf 89' lang='grc' dir='ltr'>ἐστι</span> <span class='ocrx_word' id='word_1_169' title='bbox 2577 1509 2736 1561; x_wconf 84' lang='grc' dir='ltr'>πᾶσιν</span> <span class='ocrx_word' id='word_1_170' title='bbox 2795 1505 2868 1568; x_wconf 86' lang='grc' dir='ltr'>εἷς</span> <span class='ocrx_word' id='word_1_171' title='bbox 2927 1503 3197 1585; x_wconf 84' lang='grc' dir='ltr'>ἐντυχίαν.</span> <span class='ocrx_word' id='word_1_172' title='bbox 3245 1501 3306 1562; x_wconf 86' lang='grc' dir='ltr'>Ὀ</span> <span class='ocrx_word' id='word_1_173' title='bbox 3361 1502 3416 1560; x_wconf 78' lang='grc' dir='ltr'>δὲ</span> <span class='ocrx_word' id='word_1_174' title='bbox 3472 1508 3580 1560; x_wconf 84' lang='grc' dir='ltr'>τῶν</span> <span class='ocrx_word' id='word_1_175' title='bbox 3612 1502 3757 1581; x_wconf 88' lang='grc' dir='ltr'>ἀγα-</span> 
     </span>
    </p>
   </div>
   <div class='ocr_carea' id='block_1_25' title="bbox 356 1590 1985 1682">
    <p class='ocr_par' dir='ltr' id='par_1_25' title="bbox 356 1599 1985 1682">
     <span class='ocr_line' id='line_1_25' title="bbox 356 1599 1985 1682; baseline 0.001 -21"><span class='ocrx_word' id='word_1_176' title='bbox 356 1599 623 1682; x_wconf 88' lang='lat' dir='ltr'><strong>talesque</strong></span> <span class='ocrx_word' id='word_1_177' title='bbox 638 1600 836 1662; x_wconf 88' lang='lat' dir='ltr'><strong>cordis</strong></span> <span class='ocrx_word' id='word_1_178' title='bbox 855 1599 1084 1682; x_wconf 88' lang='lat' dir='ltr'><strong>plantas</strong></span> <span class='ocrx_word' id='word_1_179' title='bbox 1101 1601 1264 1677; x_wconf 89' lang='lat' dir='ltr'><strong>colit,</strong></span> <span class='ocrx_word' id='word_1_180' title='bbox 1281 1619 1580 1662; x_wconf 72' lang='lat' dir='ltr'><strong>ammnum</strong></span> <span class='ocrx_word' id='word_1_181' title='bbox 1595 1599 1985 1679; x_wconf 52' lang='lat' dir='ltr'><strong>eﬁradianten</strong></span> 
     </span>
    </p>
   </div>
   <div class='ocr_carea' id='block_1_26' title="bbox 2128 1590 3757 1682">
    <p class='ocr_par' dir='ltr' id='par_1_26' title="bbox 2128 1590 3757 1682">
     <span class='ocr_line' id='line_1_26' title="bbox 2128 1590 3757 1682; baseline 0.006 -36"><span class='ocrx_word' id='word_1_182' title='bbox 2128 1598 2194 1648; x_wconf 72' lang='grc' dir='ltr'>ὧν</span> <span class='ocrx_word' id='word_1_183' title='bbox 2271 1594 2362 1650; x_wconf 82' lang='grc' dir='ltr'>καὶ</span> <span class='ocrx_word' id='word_1_184' title='bbox 2439 1593 2710 1653; x_wconf 78' lang='grc' dir='ltr'>ἀθανάτων</span> <span class='ocrx_word' id='word_1_185' title='bbox 2793 1601 2989 1674; x_wconf 81' lang='grc' dir='ltr'>φωτῶν</span> <span class='ocrx_word' id='word_1_186' title='bbox 3061 1595 3299 1674; x_wconf 81' lang='grc' dir='ltr'>γεωργὸς</span> <span class='ocrx_word' id='word_1_187' title='bbox 3367 1593 3464 1663; x_wconf 74' lang='grc' dir='ltr'>τῆς</span> <span class='ocrx_word' id='word_1_188' title='bbox 3540 1590 3757 1682; x_wconf 68' lang='grc' dir='ltr'>καρδίας</span> 
     </span>
    </p>
   </div>
   <div class='ocr_carea' id='block_1_27' title="bbox 355 1679 1984 1771">
    <p class='ocr_par' dir='ltr' id='par_1_27' title="bbox 355 1679 1984 1771">
     <span class='ocr_line' id='line_1_27' title="bbox 355 1679 1984 1771; baseline 0 -21"><span class='ocrx_word' id='word_1_189' title='bbox 355 1679 544 1752; x_wconf 78' lang='lat' dir='ltr'><strong>habet</strong></span> <span class='ocrx_word' id='word_1_190' title='bbox 577 1689 828 1764; x_wconf 87' lang='lat' dir='ltr'><strong>vultum,</strong></span> <span class='ocrx_word' id='word_1_191' title='bbox 857 1679 936 1751; x_wconf 30' lang='lat' dir='ltr'><strong>vet</strong></span> <span class='ocrx_word' id='word_1_192' title='bbox 991 1706 1273 1751; x_wconf 89' lang='lat' dir='ltr'><strong>canoram</strong></span> <span class='ocrx_word' id='word_1_193' title='bbox 1331 1690 1405 1751; x_wconf 91' lang='lat' dir='ltr'><strong>ad</strong></span> <span class='ocrx_word' id='word_1_194' title='bbox 1466 1707 1676 1771; x_wconf 88' lang='lat' dir='ltr'><strong>preces</strong></span> <span class='ocrx_word' id='word_1_195' title='bbox 1724 1689 1984 1768; x_wconf 84' lang='lat' dir='ltr'><strong>linguam</strong></span> 
     </span>
    </p>
   </div>
   <div class='ocr_carea' id='block_1_28' title="bbox 2126 1679 3755 1771">
    <p class='ocr_par' dir='ltr' id='par_1_28' title="bbox 2126 1679 3755 1771">
     <span class='ocr_line' id='line_1_28' title="bbox 2126 1679 3755 1771; baseline 0.001 -34"><span class='ocrx_word' id='word_1_196' title='bbox 2126 1683 2333 1771; x_wconf 44' lang='grc' dir='ltr'>;αροπὸν</span> <span class='ocrx_word' id='word_1_197' title='bbox 2380 1684 2468 1740; x_wconf 80' lang='grc' dir='ltr'><strong>καὶ</strong></span> <span class='ocrx_word' id='word_1_198' title='bbox 2509 1684 2914 1762; x_wconf 82' lang='grc' dir='ltr'>γεγαννωμένον</span> <span class='ocrx_word' id='word_1_199' title='bbox 2973 1684 3091 1765; x_wconf 80' lang='grc' dir='ltr'>ἐχει</span> <span class='ocrx_word' id='word_1_200' title='bbox 3140 1686 3202 1741; x_wconf 79' lang='grc' dir='ltr'>τὸ</span> <span class='ocrx_word' id='word_1_201' title='bbox 3256 1683 3566 1762; x_wconf 86' lang='grc' dir='ltr'>πρόσωπον,</span> <span class='ocrx_word' id='word_1_202' title='bbox 3613 1679 3755 1771; x_wconf 88' lang='grc' dir='ltr'>μελ-</span> 
     </span>
    </p>
   </div>
   <div class='ocr_carea' id='block_1_29' title="bbox 355 1759 1984 1860">
    <p class='ocr_par' dir='ltr' id='par_1_29' title="bbox 355 1759 1984 1860">
     <span class='ocr_line' id='line_1_29' title="bbox 355 1759 1984 1860; baseline 0 -21"><span class='ocrx_word' id='word_1_203' title='bbox 355 1785 664 1859; x_wconf 90' lang='lat' dir='ltr'><strong>totumque</strong></span> <span class='ocrx_word' id='word_1_204' title='bbox 735 1759 998 1860; x_wconf 75' lang='lat' dir='ltr'><strong>seipsum</strong></span> <span class='ocrx_word' id='word_1_205' title='bbox 1073 1779 1134 1840; x_wconf 90' lang='lat' dir='ltr'><strong>in</strong></span> <span class='ocrx_word' id='word_1_206' title='bbox 1188 1759 1640 1842; x_wconf 70' lang='lat' dir='ltr'><strong>conversatione</strong></span> <span class='ocrx_word' id='word_1_207' title='bbox 1689 1759 1984 1860; x_wconf 36' lang='lat' dir='ltr'><strong>jucundis&#39;</strong></span> 
     </span>
    </p>
   </div>
   <div class='ocr_carea' id='block_1_30' title="bbox 2123 1759 3752 1860">
    <p class='ocr_par' dir='ltr' id='par_1_30' title="bbox 2123 1769 3752 1854">
     <span class='ocr_line' id='line_1_30' title="bbox 2123 1769 3752 1854; baseline 0 -27"><span class='ocrx_word' id='word_1_208' title='bbox 2123 1769 2226 1828; x_wconf 88' lang='grc' dir='ltr'>›δόν</span> <span class='ocrx_word' id='word_1_209' title='bbox 2272 1793 2330 1828; x_wconf 88' lang='grc' dir='ltr'><strong>τε</strong></span> <span class='ocrx_word' id='word_1_210' title='bbox 2385 1774 2458 1836; x_wconf 80' lang='grc' dir='ltr'>εἷς</span> <span class='ocrx_word' id='word_1_211' title='bbox 2517 1771 2725 1843; x_wconf 70' lang='grc' dir='ltr'>δεήσεις</span> <span class='ocrx_word' id='word_1_212' title='bbox 2782 1774 2880 1841; x_wconf 77' lang='grc' dir='ltr'>τὴν</span> <span class='ocrx_word' id='word_1_213' title='bbox 2941 1772 3186 1853; x_wconf 85' lang='grc' dir='ltr'>γλῶτταν</span> <span class='ocrx_word' id='word_1_214' title='bbox 3241 1775 3421 1854; x_wconf 70' lang='grc' dir='ltr'>αὐτοῦ,</span> <span class='ocrx_word' id='word_1_215' title='bbox 3480 1774 3569 1830; x_wconf 86' lang='grc' dir='ltr'>καὶ</span> <span class='ocrx_word' id='word_1_216' title='bbox 3627 1770 3752 1828; x_wconf 80' lang='grc' dir='ltr'>ὅλον</span> 
     </span>
    </p>
   </div>
   <div class='ocr_carea' id='block_1_31' title="bbox 354 1860 1983 1950">
    <p class='ocr_par' dir='ltr' id='par_1_31' title="bbox 354 1867 1983 1950">
     <span class='ocr_line' id='line_1_31' title="bbox 354 1867 1983 1950; baseline 0.001 -22"><span class='ocrx_word' id='word_1_217' title='bbox 354 1867 572 1929; x_wconf 89' lang='lat' dir='ltr'><strong>simum</strong></span> <span class='ocrx_word' id='word_1_218' title='bbox 611 1887 626 1928; x_wconf 88' lang='lat'><strong>:</strong></span> <span class='ocrx_word' id='word_1_219' title='bbox 662 1867 743 1928; x_wconf 93' lang='lat' dir='ltr'><strong>ita</strong></span> <span class='ocrx_word' id='word_1_220' title='bbox 772 1877 836 1928; x_wconf 89' lang='lat' dir='ltr'><strong>ut</strong></span> <span class='ocrx_word' id='word_1_221' title='bbox 878 1868 1018 1929; x_wconf 91' lang='lat' dir='ltr'><strong>inde</strong></span> <span class='ocrx_word' id='word_1_222' title='bbox 1075 1868 1236 1930; x_wconf 88' lang='lat' dir='ltr'><strong>clare</strong></span> <span class='ocrx_word' id='word_1_223' title='bbox 1290 1868 1481 1931; x_wconf 86' lang='lat' dir='ltr'><strong>oculis</strong></span> <span class='ocrx_word' id='word_1_224' title='bbox 1511 1875 1710 1950; x_wconf 87' lang='lat' dir='ltr'><strong>pateat</strong></span> <span class='ocrx_word' id='word_1_225' title='bbox 1735 1868 1983 1950; x_wconf 90' lang='lat' dir='ltr'><strong>quisnan</strong></span> 
     </span>
    </p>
   </div>
   <div class='ocr_carea' id='block_1_32' title="bbox 2126 1860 3755 1950">
    <p class='ocr_par' dir='ltr' id='par_1_32' title="bbox 2126 1860 3755 1950">
     <span class='ocr_line' id='line_1_32' title="bbox 2126 1860 3755 1950; baseline -0.001 -33"><span class='ocrx_word' id='word_1_226' title='bbox 2126 1862 2278 1950; x_wconf 76' lang='grc' dir='ltr'>αυτὸν</span> <span class='ocrx_word' id='word_1_227' title='bbox 2320 1863 2393 1925; x_wconf 79' lang='grc' dir='ltr'>εἷς</span> <span class='ocrx_word' id='word_1_228' title='bbox 2451 1861 2662 1938; x_wconf 80' lang='grc' dir='ltr'>ὁμιλίαν</span> <span class='ocrx_word' id='word_1_229' title='bbox 2720 1860 2976 1931; x_wconf 78' lang='grc' dir='ltr'>ἡδύτατον</span> <span class='ocrx_word' id='word_1_230' title='bbox 3011 1882 3025 1896; x_wconf 83' lang='grc'><em>’</em></span> <span class='ocrx_word' id='word_1_231' title='bbox 3074 1866 3148 1928; x_wconf 80' lang='grc' dir='ltr'>ὡς</span> <span class='ocrx_word' id='word_1_232' title='bbox 3201 1865 3422 1944; x_wconf 82' lang='grc' dir='ltr'>φανερὸν</span> <span class='ocrx_word' id='word_1_233' title='bbox 3474 1863 3617 1920; x_wconf 79' lang='grc' dir='ltr'>εἶναι</span> <span class='ocrx_word' id='word_1_234' title='bbox 3664 1861 3755 1918; x_wconf 86' lang='grc' dir='ltr'><strong>καὶ</strong></span> 
     </span>
    </p>
   </div>
   <div class='ocr_carea' id='block_1_33' title="bbox 355 1949 1984 2038">
    <p class='ocr_par' dir='ltr' id='par_1_33' title="bbox 355 1949 1984 2038">
     <span class='ocr_line' id='line_1_33' title="bbox 355 1949 1984 2038; baseline 0.002 -22"><span class='ocrx_word' id='word_1_235' title='bbox 355 1955 610 2037; x_wconf 90' lang='lat' dir='ltr'><strong>impuris</strong></span> <span class='ocrx_word' id='word_1_236' title='bbox 664 1955 860 2018; x_wconf 86' lang='lat' dir='ltr'><strong>adhuc</strong></span> <span class='ocrx_word' id='word_1_237' title='bbox 915 1955 1202 2019; x_wconf 87' lang='lat' dir='ltr'><strong>inserviat</strong></span> <span class='ocrx_word' id='word_1_238' title='bbox 1247 1949 1705 2036; x_wconf 80' lang='lat' dir='ltr'><strong>cogitationibus</strong></span> <span class='ocrx_word' id='word_1_239' title='bbox 1750 1949 1984 2038; x_wconf 83' lang='lat' dir='ltr'><strong>tyranni</strong></span> 
     </span>
    </p>
   </div>
   <div class='ocr_carea' id='block_1_34' title="bbox 2126 1949 3755 2038">
    <p class='ocr_par' dir='ltr' id='par_1_34' title="bbox 2131 1949 3755 2033">
     <span class='ocr_line' id='line_1_34' title="bbox 2131 1949 3755 2033; baseline 0 -28"><span class='ocrx_word' id='word_1_240' title='bbox 2131 1949 2322 2006; x_wconf 87' lang='grc' dir='ltr'>ίνεσθαι</span> <span class='ocrx_word' id='word_1_241' title='bbox 2368 1963 2485 2015; x_wconf 85' lang='grc' dir='ltr'>τοτς</span> <span class='ocrx_word' id='word_1_242' title='bbox 2543 1952 2736 2030; x_wconf 83' lang='grc' dir='ltr'>ὁρῶσιν</span> <span class='ocrx_word' id='word_1_243' title='bbox 2793 1951 3026 2011; x_wconf 85' lang='grc' dir='ltr'>ἐντεῦθεν</span> <span class='ocrx_word' id='word_1_244' title='bbox 3085 1950 3290 2033; x_wconf 83' lang='grc' dir='ltr'>καλῶς,</span> <span class='ocrx_word' id='word_1_245' title='bbox 3348 1951 3504 2010; x_wconf 75' lang='grc' dir='ltr'>αὐτόν</span> <span class='ocrx_word' id='word_1_246' title='bbox 3557 1972 3616 2008; x_wconf 91' lang='grc' dir='ltr'><strong>τε</strong></span> <span class='ocrx_word' id='word_1_247' title='bbox 3659 1951 3755 2006; x_wconf 84' lang='grc' dir='ltr'>τὸν</span> 
     </span>
    </p>
   </div>
   <div class='ocr_carea' id='block_1_35' title="bbox 352 2036 1981 2129">
    <p class='ocr_par' dir='ltr' id='par_1_35' title="bbox 352 2036 1981 2129">
     <span class='ocr_line' id='line_1_35' title="bbox 352 2036 1981 2129; baseline 0.001 -23"><span class='ocrx_word' id='word_1_248' title='bbox 352 2036 556 2126; x_wconf 69' lang='lat' dir='ltr'><strong>eaeque</strong></span> <span class='ocrx_word' id='word_1_249' title='bbox 581 2044 804 2108; x_wconf 90' lang='lat' dir='ltr'><strong>terreni</strong></span> <span class='ocrx_word' id='word_1_250' title='bbox 831 2063 1043 2108; x_wconf 89' lang='lat' dir='ltr'><strong>sensus</strong></span> <span class='ocrx_word' id='word_1_251' title='bbox 1063 2046 1179 2126; x_wconf 89' lang='lat' dir='ltr'><strong>legi</strong></span> <span class='ocrx_word' id='word_1_252' title='bbox 1201 2047 1523 2129; x_wconf 90' lang='lat' dir='ltr'><strong>subjaceat,</strong></span> <span class='ocrx_word' id='word_1_253' title='bbox 1548 2036 1823 2129; x_wconf 85' lang='lat' dir='ltr'><strong>quisnam</strong></span> <span class='ocrx_word' id='word_1_254' title='bbox 1854 2047 1981 2110; x_wconf 89' lang='lat' dir='ltr'><strong>libe.</strong></span> 
     </span>
    </p>
   </div>
   <div class='ocr_carea' id='block_1_36' title="bbox 2124 2036 3753 2129">
    <p class='ocr_par' dir='ltr' id='par_1_36' title="bbox 2124 2036 3753 2122">
     <span class='ocr_line' id='line_1_36' title="bbox 2124 2036 3753 2122; baseline 0.001 -28"><span class='ocrx_word' id='word_1_255' title='bbox 2124 2039 2190 2094; x_wconf 83' lang='grc' dir='ltr'><strong>πὸ</strong></span> <span class='ocrx_word' id='word_1_256' title='bbox 2248 2036 2481 2099; x_wconf 79' lang='grc' dir='ltr'>δουλείαν</span> <span class='ocrx_word' id='word_1_257' title='bbox 2531 2039 2606 2097; x_wconf 77' lang='grc' dir='ltr'><strong>ῗτι</strong></span> <span class='ocrx_word' id='word_1_258' title='bbox 2660 2047 2767 2098; x_wconf 82' lang='grc' dir='ltr'>τῶν</span> <span class='ocrx_word' id='word_1_259' title='bbox 2823 2042 3134 2122; x_wconf 71' lang='grc' dir='ltr'>ἀκαθάρτων</span> <span class='ocrx_word' id='word_1_260' title='bbox 3196 2040 3322 2100; x_wconf 69' lang='grc' dir='ltr'>ὄντα</span> <span class='ocrx_word' id='word_1_261' title='bbox 3388 2044 3594 2121; x_wconf 84' lang='grc' dir='ltr'>παθῶν,</span> <span class='ocrx_word' id='word_1_262' title='bbox 3659 2052 3753 2106; x_wconf 78' lang='grc' dir='ltr'>καὶ</span> 
     </span>
    </p>
   </div>
   <div class='ocr_carea' id='block_1_37' title="bbox 351 2128 1980 2219">
    <p class='ocr_par' dir='ltr' id='par_1_37' title="bbox 351 2128 1980 2219">
     <span class='ocr_line' id='line_1_37' title="bbox 351 2128 1980 2219; baseline 0.001 -23"><span class='ocrx_word' id='word_1_263' title='bbox 351 2133 427 2196; x_wconf 89' lang='lat' dir='ltr'><strong>ab</strong></span> <span class='ocrx_word' id='word_1_264' title='bbox 472 2133 805 2198; x_wconf 90' lang='lat' dir='ltr'><strong>istiusmodi</strong></span> <span class='ocrx_word' id='word_1_265' title='bbox 863 2135 1147 2198; x_wconf 88' lang='lat' dir='ltr'><strong>servitute</strong></span> <span class='ocrx_word' id='word_1_266' title='bbox 1191 2128 1346 2200; x_wconf 84' lang='lat' dir='ltr'><strong>vivat</strong></span> <span class='ocrx_word' id='word_1_267' title='bbox 1400 2137 1512 2200; x_wconf 92' lang='lat' dir='ltr'><strong>sub</strong></span> <span class='ocrx_word' id='word_1_268' title='bbox 1568 2128 1698 2218; x_wconf 87' lang='lat' dir='ltr'><strong>lege</strong></span> <span class='ocrx_word' id='word_1_269' title='bbox 1737 2137 1980 2219; x_wconf 90' lang='lat' dir='ltr'><strong>spiritus</strong></span> 
     </span>
    </p>
   </div>
   <div class='ocr_carea' id='block_1_38' title="bbox 2129 2128 3758 2219">
    <p class='ocr_par' dir='ltr' id='par_1_38' title="bbox 2129 2128 3758 2212">
     <span class='ocr_line' id='line_1_38' title="bbox 2129 2128 3758 2212; baseline 0.002 -27"><span class='ocrx_word' id='word_1_270' title='bbox 2129 2128 2181 2185; x_wconf 82' lang='grc' dir='ltr'>π’</span> <span class='ocrx_word' id='word_1_271' title='bbox 2238 2131 2475 2210; x_wconf 82' lang='grc' dir='ltr'>ἀνάγκην</span> <span class='ocrx_word' id='word_1_272' title='bbox 2521 2139 2612 2189; x_wconf 89' lang='grc' dir='ltr'><strong>τοῦ</strong></span> <span class='ocrx_word' id='word_1_273' title='bbox 2665 2133 2830 2209; x_wconf 84' lang='grc' dir='ltr'>νόμου</span> <span class='ocrx_word' id='word_1_274' title='bbox 2883 2133 3138 2192; x_wconf 84' lang='grc' dir='ltr'>τελοῦντα</span> <span class='ocrx_word' id='word_1_275' title='bbox 3199 2143 3292 2194; x_wconf 87' lang='grc' dir='ltr'><strong>τοῦ</strong></span> <span class='ocrx_word' id='word_1_276' title='bbox 3345 2130 3574 2212; x_wconf 84' lang='grc' dir='ltr'>γεώδους</span> <span class='ocrx_word' id='word_1_277' title='bbox 3625 2153 3758 2212; x_wconf 85' lang='grc' dir='ltr'>φρο-</span> 
     </span>
    </p>
   </div>
   <div class='ocr_carea' id='block_1_39' title="bbox 346 2219 1975 2307">
    <p class='ocr_par' dir='ltr' id='par_1_39' title="bbox 346 2223 1968 2307">
     <span class='ocr_line' id='line_1_39' title="bbox 346 2223 1968 2307; baseline 0.002 -22"><span class='ocrx_word' id='word_1_278' title='bbox 346 2223 514 2304; x_wconf 83' lang='lat' dir='ltr'><strong>juxta</strong></span> <span class='ocrx_word' id='word_1_279' title='bbox 531 2225 860 2306; x_wconf 90' lang='lat' dir='ltr'><strong>sapientem</strong></span> <span class='ocrx_word' id='word_1_280' title='bbox 887 2225 1262 2290; x_wconf 90' lang='lat' dir='ltr'><strong>Salomonem</strong></span> <span class='ocrx_word' id='word_1_281' title='bbox 1291 2244 1305 2291; x_wconf 92' lang='lat'>:</span> <span class='ocrx_word' id='word_1_282' title='bbox 1341 2248 1364 2285; x_wconf 77' lang='grc' dir='ltr'><strong>ιι</strong></span> <span class='ocrx_word' id='word_1_283' title='bbox 1393 2225 1508 2290; x_wconf 84' lang='lat' dir='ltr'><strong>Cor</strong></span> <span class='ocrx_word' id='word_1_284' title='bbox 1542 2228 1806 2307; x_wconf 87' lang='lat' dir='ltr'><strong>gaudens</strong></span> <span class='ocrx_word' id='word_1_285' title='bbox 1828 2227 1968 2291; x_wconf 89' lang='lat' dir='ltr'><strong>exbi</strong></span> 
     </span>
    </p>
   </div>
   <div class='ocr_carea' id='block_1_40' title="bbox 2122 2219 3751 2307">
    <p class='ocr_par' dir='ltr' id='par_1_40' title="bbox 2122 2219 3751 2304">
     <span class='ocr_line' id='line_1_40' title="bbox 2122 2219 3751 2304; baseline 0.006 -30"><span class='ocrx_word' id='word_1_286' title='bbox 2122 2219 2349 2294; x_wconf 73' lang='grc' dir='ltr'>ἤματος.</span> <span class='ocrx_word' id='word_1_287' title='bbox 2438 2222 2536 2279; x_wconf 84' lang='grc' dir='ltr'>Καὶ</span> <span class='ocrx_word' id='word_1_288' title='bbox 2632 2223 2722 2279; x_wconf 81' lang='grc' dir='ltr'><strong>τὸν</strong></span> <span class='ocrx_word' id='word_1_289' title='bbox 2821 2220 3230 2304; x_wconf 77' lang='grc' dir='ltr'>ἐλευθερωθέντα</span> <span class='ocrx_word' id='word_1_290' title='bbox 3312 2222 3413 2291; x_wconf 73' lang='grc' dir='ltr'><strong>τῆς</strong></span> <span class='ocrx_word' id='word_1_291' title='bbox 3497 2221 3751 2288; x_wconf 76' lang='grc' dir='ltr'>τοιαύτης</span> 
     </span>
    </p>
   </div>
   <div class='ocr_carea' id='block_1_41' title="bbox 350 2305 1979 2400">
    <p class='ocr_par' dir='ltr' id='par_1_41' title="bbox 350 2305 1979 2400">
     <span class='ocr_line' id='line_1_41' title="bbox 350 2305 1979 2400; baseline 0.002 -26"><span class='ocrx_word' id='word_1_292' title='bbox 350 2313 500 2376; x_wconf 88' lang='lat' dir='ltr'><strong>larat</strong></span> <span class='ocrx_word' id='word_1_293' title='bbox 527 2305 738 2378; x_wconf 79' lang='lat' dir='ltr'><strong>faciem</strong></span> <span class='ocrx_word' id='word_1_294' title='bbox 775 2331 792 2391; x_wconf 91' lang='lat'><strong>;</strong></span> <span class='ocrx_word' id='word_1_295' title='bbox 843 2314 906 2376; x_wconf 92' lang='lat' dir='ltr'><strong>in</strong></span> <span class='ocrx_word' id='word_1_296' title='bbox 955 2333 1214 2380; x_wconf 87' lang='lat' dir='ltr'><strong>moerore</strong></span> <span class='ocrx_word' id='word_1_297' title='bbox 1259 2317 1442 2378; x_wconf 90' lang='lat' dir='ltr'><strong>animi</strong></span> <span class='ocrx_word' id='word_1_298' title='bbox 1491 2305 1774 2398; x_wconf 56' lang='lat' dir='ltr'><strong>dejicitur</strong></span> <span class='ocrx_word' id='word_1_299' title='bbox 1820 2316 1979 2400; x_wconf 79' lang='lat' dir='ltr'><strong>spiri</strong></span> 
     </span>
    </p>
   </div>
   <div class='ocr_carea' id='block_1_42' title="bbox 2125 2305 3754 2400">
    <p class='ocr_par' dir='ltr' id='par_1_42' title="bbox 2125 2307 3754 2394">
     <span class='ocr_line' id='line_1_42' title="bbox 2125 2307 3754 2394; baseline 0.001 -29"><span class='ocrx_word' id='word_1_300' title='bbox 2125 2307 2350 2386; x_wconf 87' lang='grc' dir='ltr'>ουλείας,</span> <span class='ocrx_word' id='word_1_301' title='bbox 2403 2312 2503 2368; x_wconf 83' lang='grc' dir='ltr'><strong>ὑπὸ</strong></span> <span class='ocrx_word' id='word_1_302' title='bbox 2558 2319 2650 2368; x_wconf 87' lang='grc' dir='ltr'><strong>τοῦ</strong></span> <span class='ocrx_word' id='word_1_303' title='bbox 2723 2313 2890 2389; x_wconf 89' lang='grc' dir='ltr'>νόμου</span> <span class='ocrx_word' id='word_1_304' title='bbox 2951 2321 3044 2370; x_wconf 89' lang='grc' dir='ltr'><strong>τοῦ</strong></span> <span class='ocrx_word' id='word_1_305' title='bbox 3112 2314 3440 2394; x_wconf 86' lang='grc' dir='ltr'>πνεύματος,</span> <span class='ocrx_word' id='word_1_306' title='bbox 3485 2311 3621 2371; x_wconf 86' lang='grc' dir='ltr'><strong>κατά</strong></span> <span class='ocrx_word' id='word_1_307' title='bbox 3659 2314 3754 2366; x_wconf 81' lang='grc' dir='ltr'>τὸν</span> 
     </span>
    </p>
   </div>
   <div class='ocr_carea' id='block_1_43' title="bbox 353 2398 3752 2484">
    <p class='ocr_par' dir='ltr' id='par_1_43' title="bbox 353 2398 3752 2484">
     <span class='ocr_line' id='line_1_43' title="bbox 353 2398 3752 2484; baseline -0.003 -20"><span class='ocrx_word' id='word_1_308' title='bbox 353 2409 447 2464; x_wconf 89' lang='lat' dir='ltr'><strong>tus</strong></span> <span class='ocrx_word' id='word_1_309' title='bbox 479 2403 532 2466; x_wconf 81' lang='grc'><strong>4.</strong></span> <span class='ocrx_word' id='word_1_310' title='bbox 567 2424 597 2464; x_wconf 73' lang='grc' dir='ltr'><strong><em>ι</em></strong></span> <span class='ocrx_word' id='word_1_311' title='bbox 1856 2398 1870 2400; x_wconf 47' lang='lat'>_</span> <span class='ocrx_word' id='word_1_312' title='bbox 2091 2400 2254 2480; x_wconf 82' lang='grc' dir='ltr'>σοφὸν</span> <span class='ocrx_word' id='word_1_313' title='bbox 2307 2399 2632 2476; x_wconf 80' lang='grc' dir='ltr'>Σολομῶντα</span> <span class='ocrx_word' id='word_1_314' title='bbox 2665 2417 2680 2431; x_wconf 87' lang='grc'><strong>·</strong></span> <span class='ocrx_word' id='word_1_315' title='bbox 2727 2422 2754 2463; x_wconf 72' lang='lat' dir='ltr'><strong>c</strong></span> <span class='ocrx_word' id='word_1_316' title='bbox 2823 2400 3048 2482; x_wconf 82' lang='grc' dir='ltr'>Καρδίας</span> <span class='ocrx_word' id='word_1_317' title='bbox 3108 2403 3553 2484; x_wconf 76' lang='grc' dir='ltr'>εὖφραινομένης,</span> <span class='ocrx_word' id='word_1_318' title='bbox 3613 2398 3752 2456; x_wconf 83' lang='grc' dir='ltr'>θάλ-</span> 
     </span>
    </p>
   </div>
   <div class='ocr_carea' id='block_1_44' title="bbox 2086 2485 3748 2569">
    <p class='ocr_par' dir='ltr' id='par_1_44' title="bbox 2086 2485 3748 2569">
     <span class='ocr_line' id='line_1_44' title="bbox 2086 2485 3748 2569; baseline 0 -26"><span class='ocrx_word' id='word_1_319' title='bbox 2086 2485 2168 2543; x_wconf 92' lang='grc' dir='ltr'><strong>λει</strong></span> <span class='ocrx_word' id='word_1_320' title='bbox 2262 2488 2546 2568; x_wconf 89' lang='grc' dir='ltr'>πρόσωπον</span> <span class='ocrx_word' id='word_1_321' title='bbox 2577 2508 2590 2523; x_wconf 85' lang='lat'><strong><em>°</em></strong></span> <span class='ocrx_word' id='word_1_322' title='bbox 2678 2489 2732 2547; x_wconf 87' lang='grc' dir='ltr'><strong>ἐν</strong></span> <span class='ocrx_word' id='word_1_323' title='bbox 2816 2488 2871 2545; x_wconf 76' lang='grc' dir='ltr'>δὲ</span> <span class='ocrx_word' id='word_1_324' title='bbox 2958 2490 3150 2556; x_wconf 89' lang='grc' dir='ltr'>λύπαις</span> <span class='ocrx_word' id='word_1_325' title='bbox 3234 2491 3421 2563; x_wconf 76' lang='grc' dir='ltr'>οὔσης,</span> <span class='ocrx_word' id='word_1_326' title='bbox 3510 2487 3748 2569; x_wconf 83' lang='grc' dir='ltr'>στυγνά-</span> 
     </span>
    </p>
   </div>
   <div class='ocr_carea' id='block_1_45' title="bbox 2089 2585 2257 2648">
    <p class='ocr_par' dir='ltr' id='par_1_45' title="bbox 2089 2585 2257 2648">
     <span class='ocr_line' id='line_1_45' title="bbox 2089 2585 2257 2648; baseline -0.03 -10"><span class='ocrx_word' id='word_1_327' title='bbox 2089 2585 2195 2648; x_wconf 86' lang='grc' dir='ltr'>ζει.</span> <span class='ocrx_word' id='word_1_328' title='bbox 2227 2600 2257 2633; x_wconf 73' lang='grc' dir='ltr'><strong><em>ι</em></strong></span> 
     </span>
    </p>
   </div>
   <div class='ocr_carea' id='block_1_46' title="bbox 434 2655 2063 2766">
    <p class='ocr_par' dir='ltr' id='par_1_46' title="bbox 434 2669 2008 2766">
     <span class='ocr_line' id='line_1_46' title="bbox 434 2669 2008 2766; baseline 0 -31"><span class='ocrx_word' id='word_1_329' title='bbox 434 2669 536 2735; x_wconf 74' lang='grc'><strong>34.</strong></span> <span class='ocrx_word' id='word_1_330' title='bbox 569 2669 682 2733; x_wconf 86' lang='lat' dir='ltr'><strong>Per</strong></span> <span class='ocrx_word' id='word_1_331' title='bbox 703 2673 930 2754; x_wconf 77' lang='lat' dir='ltr'><strong>praxim</strong></span> <span class='ocrx_word' id='word_1_332' title='bbox 944 2673 1221 2766; x_wconf 76' lang='lat' dir='ltr'><strong>perfectae</strong></span> <span class='ocrx_word' id='word_1_333' title='bbox 1234 2673 1613 2766; x_wconf 82' lang='lat' dir='ltr'><strong>cupiditates,</strong></span> <span class='ocrx_word' id='word_1_334' title='bbox 1653 2672 2008 2766; x_wconf 82' lang='lat' dir='ltr'><strong>perpraxim</strong></span> 
     </span>
    </p>
   </div>
   <div class='ocr_carea' id='block_1_47' title="bbox 2121 2655 3750 2766">
    <p class='ocr_par' dir='ltr' id='par_1_47' title="bbox 2175 2655 3750 2766">
     <span class='ocr_line' id='line_1_47' title="bbox 2175 2655 3750 2766; baseline 0.003 -44"><span class='ocrx_word' id='word_1_335' title='bbox 2175 2655 2280 2723; x_wconf 80' lang='grc' dir='ltr'>λδ’⁶</span> <span class='ocrx_word' id='word_1_336' title='bbox 2340 2669 2417 2725; x_wconf 81' lang='grc' dir='ltr'><strong>Τά</strong></span> <span class='ocrx_word' id='word_1_337' title='bbox 2475 2668 2792 2766; x_wconf 59' lang='grc' dir='ltr'>ἐμπράκῖως</span> <span class='ocrx_word' id='word_1_338' title='bbox 2860 2669 3152 2747; x_wconf 80' lang='grc' dir='ltr'>τελούμενα</span> <span class='ocrx_word' id='word_1_339' title='bbox 3215 2670 3359 2737; x_wconf 87' lang='grc' dir='ltr'>πάθη</span> <span class='ocrx_word' id='word_1_340' title='bbox 3429 2669 3750 2766; x_wconf 69' lang='grc' dir='ltr'>ἐμπράκτως</span> 
     </span>
    </p>
   </div>
   <div class='ocr_carea' id='block_1_48' title="bbox 353 2756 1982 2846">
    <p class='ocr_par' dir='ltr' id='par_1_48' title="bbox 353 2756 1976 2846">
     <span class='ocr_line' id='line_1_48' title="bbox 353 2756 1976 2846; baseline 0.001 -24"><span class='ocrx_word' id='word_1_341' title='bbox 353 2761 534 2823; x_wconf 90' lang='lat' dir='ltr'><strong>etiam</strong></span> <span class='ocrx_word' id='word_1_342' title='bbox 590 2770 892 2826; x_wconf 87' lang='lat' dir='ltr'><strong>sanantur.</strong></span> <span class='ocrx_word' id='word_1_343' title='bbox 945 2761 1109 2825; x_wconf 90' lang='lat' dir='ltr'><strong>Sicut</strong></span> <span class='ocrx_word' id='word_1_344' title='bbox 1152 2763 1312 2825; x_wconf 90' lang='lat' dir='ltr'><strong>enim</strong></span> <span class='ocrx_word' id='word_1_345' title='bbox 1365 2756 1846 2846; x_wconf 85' lang='lat' dir='ltr'><strong>intemperantia,</strong></span> <span class='ocrx_word' id='word_1_346' title='bbox 1903 2782 1976 2825; x_wconf 91' lang='lat' dir='ltr'><strong>vo</strong></span> 
     </span>
    </p>
   </div>
   <div class='ocr_carea' id='block_1_49' title="bbox 2120 2756 3749 2846">
    <p class='ocr_par' dir='ltr' id='par_1_49' title="bbox 2120 2756 3749 2841">
     <span class='ocr_line' id='line_1_49' title="bbox 2120 2756 3749 2841; baseline 0 -29"><span class='ocrx_word' id='word_1_347' title='bbox 2120 2758 2180 2812; x_wconf 73' lang='lat' dir='ltr'><strong>Lati.</strong></span> <span class='ocrx_word' id='word_1_348' title='bbox 2234 2758 2636 2836; x_wconf 87' lang='grc' dir='ltr'>θεραπεύονται,</span> <span class='ocrx_word' id='word_1_349' title='bbox 2695 2756 2890 2840; x_wconf 71' lang='grc' dir='ltr'>’Ὠσπερ</span> <span class='ocrx_word' id='word_1_350' title='bbox 2956 2761 3050 2841; x_wconf 83' lang='grc' dir='ltr'><strong>ρὰρ</strong></span> <span class='ocrx_word' id='word_1_351' title='bbox 3115 2759 3360 2840; x_wconf 76' lang='grc' dir='ltr'>ἀκρασία,</span> <span class='ocrx_word' id='word_1_352' title='bbox 3432 2757 3600 2826; x_wconf 77' lang='grc' dir='ltr'>ἡδονή</span> <span class='ocrx_word' id='word_1_353' title='bbox 3659 2756 3749 2813; x_wconf 81' lang='grc' dir='ltr'><strong>καὶ</strong></span> 
     </span>
    </p>
   </div>
   <div class='ocr_carea' id='block_1_50' title="bbox 354 2845 1983 2930">
    <p class='ocr_par' dir='ltr' id='par_1_50' title="bbox 354 2845 1983 2930">
     <span class='ocr_line' id='line_1_50' title="bbox 354 2845 1983 2930; baseline 0.002 -20"><span class='ocrx_word' id='word_1_354' title='bbox 354 2849 579 2930; x_wconf 89' lang='lat' dir='ltr'><strong>luptas,</strong></span> <span class='ocrx_word' id='word_1_355' title='bbox 641 2850 797 2928; x_wconf 86' lang='lat' dir='ltr'><strong>gula,</strong></span> <span class='ocrx_word' id='word_1_356' title='bbox 852 2850 969 2913; x_wconf 89' lang='lat' dir='ltr'><strong>vita</strong></span> <span class='ocrx_word' id='word_1_357' title='bbox 1022 2852 1217 2914; x_wconf 89' lang='lat' dir='ltr'><strong>mollis</strong></span> <span class='ocrx_word' id='word_1_358' title='bbox 1294 2862 1354 2916; x_wconf 91' lang='lat' dir='ltr'><strong>et</strong></span> <span class='ocrx_word' id='word_1_359' title='bbox 1405 2845 1691 2916; x_wconf 90' lang='lat' dir='ltr'><strong>dissoluta</strong></span> <span class='ocrx_word' id='word_1_360' title='bbox 1746 2853 1983 2915; x_wconf 89' lang='lat' dir='ltr'><strong>habitun</strong></span> 
     </span>
    </p>
   </div>
   <div class='ocr_carea' id='block_1_51' title="bbox 2117 2845 3746 2930">
    <p class='ocr_par' dir='ltr' id='par_1_51' title="bbox 2117 2845 3746 2928">
     <span class='ocr_line' id='line_1_51' title="bbox 2117 2845 3746 2928; baseline 0.001 -26"><span class='ocrx_word' id='word_1_361' title='bbox 2117 2845 2416 2927; x_wconf 81' lang='grc' dir='ltr'>ιδδηφαγία,</span> <span class='ocrx_word' id='word_1_362' title='bbox 2461 2849 2548 2904; x_wconf 89' lang='grc' dir='ltr'>καὶ</span> <span class='ocrx_word' id='word_1_363' title='bbox 2609 2849 2722 2926; x_wconf 85' lang='grc' dir='ltr'>βίος</span> <span class='ocrx_word' id='word_1_364' title='bbox 2777 2849 2982 2926; x_wconf 79' lang='grc' dir='ltr'>ἀμελὴς</span> <span class='ocrx_word' id='word_1_365' title='bbox 3039 2851 3129 2906; x_wconf 86' lang='grc' dir='ltr'><strong>καὶ</strong></span> <span class='ocrx_word' id='word_1_366' title='bbox 3182 2847 3590 2928; x_wconf 79' lang='grc' dir='ltr'>διακεχυμένος,</span> <span class='ocrx_word' id='word_1_367' title='bbox 3647 2847 3746 2913; x_wconf 76' lang='grc' dir='ltr'>τὴν</span> 
     </span>
    </p>
   </div>
   <div class='ocr_carea' id='block_1_52' title="bbox 351 2934 1980 3024">
    <p class='ocr_par' dir='ltr' id='par_1_52' title="bbox 351 2938 1980 3024">
     <span class='ocr_line' id='line_1_52' title="bbox 351 2938 1980 3024; baseline 0.002 -25"><span class='ocrx_word' id='word_1_368' title='bbox 351 2938 789 3019; x_wconf 88' lang='lat' dir='ltr'><strong>cupiditatibus</strong></span> <span class='ocrx_word' id='word_1_369' title='bbox 820 2941 1134 3022; x_wconf 76' lang='lat' dir='ltr'><strong>perficiunt</strong></span> <span class='ocrx_word' id='word_1_370' title='bbox 1160 2941 1224 3003; x_wconf 92' lang='lat' dir='ltr'><strong>in</strong></span> <span class='ocrx_word' id='word_1_371' title='bbox 1254 2943 1478 3007; x_wconf 89' lang='lat' dir='ltr'><strong>anima.</strong></span> <span class='ocrx_word' id='word_1_372' title='bbox 1512 2961 1762 3024; x_wconf 90' lang='lat' dir='ltr'><strong>eamque</strong></span> <span class='ocrx_word' id='word_1_373' title='bbox 1781 2942 1856 3004; x_wconf 89' lang='lat' dir='ltr'><strong>ad</strong></span> <span class='ocrx_word' id='word_1_374' title='bbox 1881 2960 1980 3022; x_wconf 74' lang='lat' dir='ltr'><strong>per</strong></span> 
     </span>
    </p>
   </div>
   <div class='ocr_carea' id='block_1_53' title="bbox 2115 2934 3744 3024">
    <p class='ocr_par' dir='ltr' id='par_1_53' title="bbox 2115 2935 3744 3017">
     <span class='ocr_line' id='line_1_53' title="bbox 2115 2935 3744 3017; baseline 0.005 -27"><span class='ocrx_word' id='word_1_375' title='bbox 2115 2937 2501 3012; x_wconf 78' lang='grc' dir='ltr'>ιμπαθεστάτην</span> <span class='ocrx_word' id='word_1_376' title='bbox 2543 2935 2648 3003; x_wconf 80' lang='grc' dir='ltr'>ἕξιν</span> <span class='ocrx_word' id='word_1_377' title='bbox 2689 2938 3035 2996; x_wconf 81' lang='grc' dir='ltr'>ἀποτελοῦσιν</span> <span class='ocrx_word' id='word_1_378' title='bbox 3077 2938 3130 2996; x_wconf 91' lang='grc' dir='ltr'><strong>ἐν</strong></span> <span class='ocrx_word' id='word_1_379' title='bbox 3181 2945 3250 3014; x_wconf 80' lang='grc' dir='ltr'><strong>τῇ</strong></span> <span class='ocrx_word' id='word_1_380' title='bbox 3298 2942 3478 3017; x_wconf 80' lang='grc' dir='ltr'>ψυχῇ,</span> <span class='ocrx_word' id='word_1_381' title='bbox 3532 2938 3617 2992; x_wconf 84' lang='grc' dir='ltr'><strong>καὶ</strong></span> <span class='ocrx_word' id='word_1_382' title='bbox 3669 2936 3744 2998; x_wconf 76' lang='grc' dir='ltr'><strong>εἷς</strong></span> 
     </span>
    </p>
   </div>
   <div class='ocr_carea' id='block_1_54' title="bbox 354 3028 1983 3113">
    <p class='ocr_par' dir='ltr' id='par_1_54' title="bbox 354 3028 1983 3113">
     <span class='ocr_line' id='line_1_54' title="bbox 354 3028 1983 3113; baseline 0.003 -25"><span class='ocrx_word' id='word_1_383' title='bbox 354 3045 562 3090; x_wconf 84' lang='lat' dir='ltr'><strong>versas</strong></span> <span class='ocrx_word' id='word_1_384' title='bbox 592 3028 863 3090; x_wconf 90' lang='lat' dir='ltr'><strong>actiones</strong></span> <span class='ocrx_word' id='word_1_385' title='bbox 900 3030 1226 3094; x_wconf 89' lang='lat' dir='ltr'><strong>inducunt:</strong></span> <span class='ocrx_word' id='word_1_386' title='bbox 1266 3031 1354 3095; x_wconf 90' lang='lat' dir='ltr'><strong>sic</strong></span> <span class='ocrx_word' id='word_1_387' title='bbox 1398 3032 1690 3113; x_wconf 81' lang='lat' dir='ltr'><strong>angustia,</strong></span> <span class='ocrx_word' id='word_1_388' title='bbox 1751 3031 1983 3094; x_wconf 84' lang='lat' dir='ltr'><strong>labores</strong></span> 
     </span>
    </p>
   </div>
   <div class='ocr_carea' id='block_1_55' title="bbox 2111 3028 3740 3113">
    <p class='ocr_par' dir='ltr' id='par_1_55' title="bbox 2111 3028 3740 3110">
     <span class='ocr_line' id='line_1_55' title="bbox 2111 3028 3740 3110; baseline -0.002 -24"><span class='ocrx_word' id='word_1_389' title='bbox 2111 3028 2310 3110; x_wconf 80' lang='grc' dir='ltr'>πράξεις</span> <span class='ocrx_word' id='word_1_390' title='bbox 2352 3031 2580 3096; x_wconf 84' lang='grc' dir='ltr'>ἀτόπους</span> <span class='ocrx_word' id='word_1_391' title='bbox 2631 3031 2794 3100; x_wconf 73' lang='grc' dir='ltr'>αὐτὴν</span> <span class='ocrx_word' id='word_1_392' title='bbox 2849 3030 3086 3110; x_wconf 76' lang='grc' dir='ltr'>ἄγουσιν,</span> <span class='ocrx_word' id='word_1_393' title='bbox 3148 3029 3286 3088; x_wconf 72' lang='grc' dir='ltr'>οὕτω</span> <span class='ocrx_word' id='word_1_394' title='bbox 3347 3031 3598 3093; x_wconf 85' lang='grc' dir='ltr'>στένωσις</span> <span class='ocrx_word' id='word_1_395' title='bbox 3653 3028 3740 3084; x_wconf 82' lang='grc' dir='ltr'><strong>καὶ</strong></span> 
     </span>
    </p>
   </div>
   <div class='ocr_carea' id='block_1_56' title="bbox 360 3115 1989 3204">
    <p class='ocr_par' dir='ltr' id='par_1_56' title="bbox 360 3117 1988 3204">
     <span class='ocr_line' id='line_1_56' title="bbox 360 3117 1988 3204; baseline 0.002 -24"><span class='ocrx_word' id='word_1_396' title='bbox 360 3123 422 3180; x_wconf 90' lang='lat' dir='ltr'><strong>et</strong></span> <span class='ocrx_word' id='word_1_397' title='bbox 451 3117 621 3180; x_wconf 73' lang='lat' dir='ltr'><strong>luctae</strong></span> <span class='ocrx_word' id='word_1_398' title='bbox 650 3119 990 3200; x_wconf 90' lang='lat' dir='ltr'><strong>spirituales</strong></span> <span class='ocrx_word' id='word_1_399' title='bbox 1043 3120 1476 3204; x_wconf 90' lang='lat' dir='ltr'><strong>impassibilem</strong></span> <span class='ocrx_word' id='word_1_400' title='bbox 1535 3123 1694 3185; x_wconf 89' lang='lat' dir='ltr'><strong>illam</strong></span> <span class='ocrx_word' id='word_1_401' title='bbox 1728 3122 1988 3185; x_wconf 84' lang='lat' dir='ltr'><strong>reddunt</strong></span> 
     </span>
    </p>
   </div>
   <div class='ocr_carea' id='block_1_57' title="bbox 2114 3115 3743 3204">
    <p class='ocr_par' dir='ltr' id='par_1_57' title="bbox 2114 3115 3743 3201">
     <span class='ocr_line' id='line_1_57' title="bbox 2114 3115 3743 3201; baseline -0.005 -22"><span class='ocrx_word' id='word_1_402' title='bbox 2114 3119 2400 3198; x_wconf 65' lang='grc' dir='ltr'>ἐγκράτεια,</span> <span class='ocrx_word' id='word_1_403' title='bbox 2445 3121 2599 3179; x_wconf 90' lang='grc' dir='ltr'>πόνοι</span> <span class='ocrx_word' id='word_1_404' title='bbox 2641 3122 2729 3177; x_wconf 86' lang='grc' dir='ltr'><strong>καὶ</strong></span> <span class='ocrx_word' id='word_1_405' title='bbox 2772 3121 2973 3201; x_wconf 79' lang='grc' dir='ltr'>ἀγῶνες</span> <span class='ocrx_word' id='word_1_406' title='bbox 3028 3121 3396 3198; x_wconf 83' lang='grc' dir='ltr'>πνευματικοὶ,</span> <span class='ocrx_word' id='word_1_407' title='bbox 3451 3118 3546 3186; x_wconf 73' lang='grc' dir='ltr'>τὴν</span> <span class='ocrx_word' id='word_1_408' title='bbox 3600 3115 3743 3173; x_wconf 88' lang='grc' dir='ltr'>ἀπά-</span> 
     </span>
    </p>
   </div>
   <div class='ocr_carea' id='block_1_58' title="bbox 351 3205 1980 3294">
    <p class='ocr_par' dir='ltr' id='par_1_58' title="bbox 351 3208 1909 3294">
     <span class='ocr_line' id='line_1_58' title="bbox 351 3208 1909 3294; baseline 0.002 -24"><span class='ocrx_word' id='word_1_409' title='bbox 351 3226 422 3270; x_wconf 89' lang='lat' dir='ltr'><strong>ac</strong></span> <span class='ocrx_word' id='word_1_410' title='bbox 453 3208 529 3271; x_wconf 91' lang='lat' dir='ltr'><strong>de</strong></span> <span class='ocrx_word' id='word_1_411' title='bbox 557 3208 835 3290; x_wconf 89' lang='lat' dir='ltr'><strong>passione</strong></span> <span class='ocrx_word' id='word_1_412' title='bbox 865 3210 926 3272; x_wconf 92' lang='lat' dir='ltr'><strong>in</strong></span> <span class='ocrx_word' id='word_1_413' title='bbox 955 3210 1491 3294; x_wconf 87' lang='lat' dir='ltr'><strong>impassibilitatem</strong></span> <span class='ocrx_word' id='word_1_414' title='bbox 1521 3216 1909 3276; x_wconf 90' lang='lat' dir='ltr'><strong>translerunt.</strong></span> 
     </span>
    </p>
   </div>
   <div class='ocr_carea' id='block_1_59' title="bbox 2114 3205 3743 3294">
    <p class='ocr_par' dir='ltr' id='par_1_59' title="bbox 2114 3205 3743 3292">
     <span class='ocr_line' id='line_1_59' title="bbox 2114 3205 3743 3292; baseline 0.001 -26"><span class='ocrx_word' id='word_1_415' title='bbox 2114 3216 2240 3269; x_wconf 73' lang='lat' dir='ltr'><strong>letav</strong></span> <span class='ocrx_word' id='word_1_416' title='bbox 2268 3217 2662 3292; x_wconf 86' lang='grc' dir='ltr'>περιποιοῦνται</span> <span class='ocrx_word' id='word_1_417' title='bbox 2716 3212 2874 3289; x_wconf 78' lang='grc' dir='ltr'>αὐτῇ,</span> <span class='ocrx_word' id='word_1_418' title='bbox 2922 3212 3010 3268; x_wconf 86' lang='grc' dir='ltr'><strong>καὶ</strong></span> <span class='ocrx_word' id='word_1_419' title='bbox 3057 3209 3109 3278; x_wconf 79' lang='grc' dir='ltr'>ἐξ</span> <span class='ocrx_word' id='word_1_420' title='bbox 3152 3210 3440 3288; x_wconf 87' lang='grc' dir='ltr'>ἐμπαθείας</span> <span class='ocrx_word' id='word_1_421' title='bbox 3484 3210 3557 3275; x_wconf 76' lang='grc' dir='ltr'>εἰς</span> <span class='ocrx_word' id='word_1_422' title='bbox 3599 3205 3743 3268; x_wconf 78' lang='grc' dir='ltr'>ἀπά-</span> 
     </span>
    </p>
   </div>
   <div class='ocr_carea' id='block_1_60' title="bbox 2096 3299 2864 3382">
    <p class='ocr_par' dir='ltr' id='par_1_60' title="bbox 2096 3299 2864 3382">
     <span class='ocr_line' id='line_1_60' title="bbox 2096 3299 2864 3382; baseline 0.008 -27"><span class='ocrx_word' id='word_1_423' title='bbox 2096 3302 2240 3356; x_wconf 92' lang='grc' dir='ltr'>θειαν</span> <span class='ocrx_word' id='word_1_424' title='bbox 2270 3304 2433 3382; x_wconf 64' lang='grc' dir='ltr'>αὐτὴν</span> <span class='ocrx_word' id='word_1_425' title='bbox 2464 3299 2864 3382; x_wconf 82' lang='grc' dir='ltr'>μεταφέρουσιν.</span> 
     </span>
    </p>
   </div>
   <div class='ocr_carea' id='block_1_61' title="bbox 434 3375 2063 3474">
    <p class='ocr_par' dir='ltr' id='par_1_61' title="bbox 434 3386 2013 3474">
     <span class='ocr_line' id='line_1_61' title="bbox 434 3386 2013 3474; baseline 0.001 -24"><span class='ocrx_word' id='word_1_426' title='bbox 434 3387 536 3452; x_wconf 88' lang='grc'><strong>35.</strong></span> <span class='ocrx_word' id='word_1_427' title='bbox 573 3386 824 3460; x_wconf 88' lang='lat' dir='ltr'><strong>Quando</strong></span> <span class='ocrx_word' id='word_1_428' title='bbox 871 3389 1088 3472; x_wconf 88' lang='lat' dir='ltr'><strong>aliquis</strong></span> <span class='ocrx_word' id='word_1_429' title='bbox 1134 3399 1382 3474; x_wconf 91' lang='lat' dir='ltr'><strong>propter</strong></span> <span class='ocrx_word' id='word_1_430' title='bbox 1437 3391 1788 3455; x_wconf 85' lang='lat' dir='ltr'><strong>laboriosam</strong></span> <span class='ocrx_word' id='word_1_431' title='bbox 1818 3390 2013 3454; x_wconf 88' lang='lat' dir='ltr'><strong>conti-</strong></span> 
     </span>
    </p>
   </div>
   <div class='ocr_carea' id='block_1_62' title="bbox 2121 3375 3750 3474">
    <p class='ocr_par' dir='ltr' id='par_1_62' title="bbox 2175 3375 3750 3458">
     <span class='ocr_line' id='line_1_62' title="bbox 2175 3375 3750 3458; baseline 0.002 -13"><span class='ocrx_word' id='word_1_432' title='bbox 2175 3379 2277 3450; x_wconf 77' lang='grc' dir='ltr'>λε’.</span> <span class='ocrx_word' id='word_1_433' title='bbox 2329 3375 2481 3450; x_wconf 57' lang='grc' dir='ltr'><strong>1’ὃταν</strong></span> <span class='ocrx_word' id='word_1_434' title='bbox 2509 3390 2561 3457; x_wconf 83' lang='grc' dir='ltr'>ἐξ</span> <span class='ocrx_word' id='word_1_435' title='bbox 2607 3375 2860 3450; x_wconf 81' lang='grc' dir='ltr'>ἐπιπόνου</span> <span class='ocrx_word' id='word_1_436' title='bbox 2905 3412 2984 3455; x_wconf 92' lang='grc' dir='ltr'><strong>τις</strong></span> <span class='ocrx_word' id='word_1_437' title='bbox 3028 3392 3117 3447; x_wconf 85' lang='grc' dir='ltr'>καὶ</span> <span class='ocrx_word' id='word_1_438' title='bbox 3169 3392 3416 3447; x_wconf 83' lang='grc' dir='ltr'>συντόνου</span> <span class='ocrx_word' id='word_1_439' title='bbox 3469 3386 3750 3458; x_wconf 79' lang='grc' dir='ltr'>ἀσκήσεως</span> 
     </span>
    </p>
   </div>
   <div class='ocr_carea' id='block_1_63' title="bbox 352 3475 1981 3564">
    <p class='ocr_par' dir='ltr' id='par_1_63' title="bbox 352 3477 1980 3564">
     <span class='ocr_line' id='line_1_63' title="bbox 352 3477 1980 3564; baseline 0.002 -26"><span class='ocrx_word' id='word_1_440' title='bbox 352 3494 654 3558; x_wconf 84' lang='lat' dir='ltr'><strong>unamque</strong></span> <span class='ocrx_word' id='word_1_441' title='bbox 681 3477 935 3540; x_wconf 89' lang='lat' dir='ltr'><strong>ascesim</strong></span> <span class='ocrx_word' id='word_1_442' title='bbox 969 3498 1181 3560; x_wconf 87' lang='lat' dir='ltr'><strong>magna</strong></span> <span class='ocrx_word' id='word_1_443' title='bbox 1201 3481 1358 3543; x_wconf 85' lang='lat' dir='ltr'><strong>dona</strong></span> <span class='ocrx_word' id='word_1_444' title='bbox 1390 3500 1424 3543; x_wconf 94' lang='lat' dir='ltr'><strong>a</strong></span> <span class='ocrx_word' id='word_1_445' title='bbox 1446 3480 1569 3544; x_wconf 91' lang='lat' dir='ltr'><strong>Deo</strong></span> <span class='ocrx_word' id='word_1_446' title='bbox 1599 3480 1874 3564; x_wconf 87' lang='lat' dir='ltr'><strong>accipere</strong></span> <span class='ocrx_word' id='word_1_447' title='bbox 1905 3499 1980 3562; x_wconf 92' lang='lat' dir='ltr'><strong>pe</strong></span> 
     </span>
    </p>
   </div>
   <div class='ocr_carea' id='block_1_64' title="bbox 2117 3475 3746 3564">
    <p class='ocr_par' dir='ltr' id='par_1_64' title="bbox 2117 3476 3746 3561">
     <span class='ocr_line' id='line_1_64' title="bbox 2117 3476 3746 3561; baseline 0.002 -26"><span class='ocrx_word' id='word_1_448' title='bbox 2117 3480 2305 3558; x_wconf 75' lang='grc' dir='ltr'>ἶωρεῶν</span> <span class='ocrx_word' id='word_1_449' title='bbox 2373 3480 2624 3561; x_wconf 83' lang='grc' dir='ltr'>μεγάλων</span> <span class='ocrx_word' id='word_1_450' title='bbox 2697 3480 2840 3559; x_wconf 85' lang='grc' dir='ltr'><strong>παρά</strong></span> <span class='ocrx_word' id='word_1_451' title='bbox 2919 3488 3049 3537; x_wconf 88' lang='grc' dir='ltr'>Θεοῦ</span> <span class='ocrx_word' id='word_1_452' title='bbox 3124 3478 3208 3537; x_wconf 78' lang='grc' dir='ltr'><strong>διὰ</strong></span> <span class='ocrx_word' id='word_1_453' title='bbox 3261 3476 3746 3558; x_wconf 82' lang='grc' dir='ltr'>ταπεινοφροσύνης</span> 
     </span>
    </p>
   </div>
   <div class='ocr_carea' id='block_1_65' title="bbox 355 3564 1984 3652">
    <p class='ocr_par' dir='ltr' id='par_1_65' title="bbox 355 3566 1984 3652">
     <span class='ocr_line' id='line_1_65' title="bbox 355 3566 1984 3652; baseline 0.002 -24"><span class='ocrx_word' id='word_1_454' title='bbox 355 3566 756 3630; x_wconf 86' lang='lat' dir='ltr'><strong>humilitatem</strong></span> <span class='ocrx_word' id='word_1_455' title='bbox 787 3569 1109 3646; x_wconf 88' lang='lat' dir='ltr'><strong>meruit,ac</strong></span> <span class='ocrx_word' id='word_1_456' title='bbox 1144 3579 1349 3652; x_wconf 86' lang='lat' dir='ltr'><strong>postea</strong></span> <span class='ocrx_word' id='word_1_457' title='bbox 1387 3570 1530 3634; x_wconf 87' lang='lat' dir='ltr'><strong>inde</strong></span> <span class='ocrx_word' id='word_1_458' title='bbox 1558 3571 1861 3646; x_wconf 88' lang='lat' dir='ltr'><strong>revulsus,</strong></span> <span class='ocrx_word' id='word_1_459' title='bbox 1896 3590 1984 3633; x_wconf 88' lang='lat' dir='ltr'><strong>cu-</strong></span> 
     </span>
    </p>
   </div>
   <div class='ocr_carea' id='block_1_66' title="bbox 2117 3564 3746 3652">
    <p class='ocr_par' dir='ltr' id='par_1_66' title="bbox 2117 3564 3746 3650">
     <span class='ocr_line' id='line_1_66' title="bbox 2117 3564 3746 3650; baseline -0.001 -27"><span class='ocrx_word' id='word_1_460' title='bbox 2117 3566 2316 3650; x_wconf 79' lang='grc' dir='ltr'>ιξιωθῇ,</span> <span class='ocrx_word' id='word_1_461' title='bbox 2401 3570 2525 3627; x_wconf 74' lang='grc' dir='ltr'>εἶτα</span> <span class='ocrx_word' id='word_1_462' title='bbox 2603 3571 2875 3650; x_wconf 80' lang='grc' dir='ltr'>ὑποσυρεὶς</span> <span class='ocrx_word' id='word_1_463' title='bbox 2945 3570 3172 3646; x_wconf 71' lang='grc' dir='ltr'>ἐκεῖθεν,</span> <span class='ocrx_word' id='word_1_464' title='bbox 3242 3570 3461 3626; x_wconf 84' lang='grc' dir='ltr'>πάθεσιν</span> <span class='ocrx_word' id='word_1_465' title='bbox 3534 3564 3746 3629; x_wconf 77' lang='grc' dir='ltr'>ἔκδοτος</span> 
     </span>
    </p>
   </div>
   <div class='ocr_carea' id='block_1_67' title="bbox 351 3654 1980 3737">
    <p class='ocr_par' dir='ltr' id='par_1_67' title="bbox 351 3654 1980 3736">
     <span class='ocr_line' id='line_1_67' title="bbox 351 3654 1980 3736; baseline 0.003 -20"><span class='ocrx_word' id='word_1_466' title='bbox 351 3654 666 3736; x_wconf 88' lang='lat' dir='ltr'><strong>pipitatum</strong></span> <span class='ocrx_word' id='word_1_467' title='bbox 693 3676 763 3719; x_wconf 90' lang='lat' dir='ltr'><strong>ac</strong></span> <span class='ocrx_word' id='word_1_468' title='bbox 791 3657 1127 3721; x_wconf 69' lang='lat' dir='ltr'><strong>daemonum</strong></span> <span class='ocrx_word' id='word_1_469' title='bbox 1178 3659 1382 3723; x_wconf 75' lang='lat' dir='ltr'><strong>ferulaa</strong></span> <span class='ocrx_word' id='word_1_470' title='bbox 1430 3661 1678 3723; x_wconf 87' lang='lat' dir='ltr'><strong>traditus</strong></span> <span class='ocrx_word' id='word_1_471' title='bbox 1716 3668 1826 3734; x_wconf 91' lang='lat' dir='ltr'><strong>est,</strong></span> <span class='ocrx_word' id='word_1_472' title='bbox 1861 3660 1980 3722; x_wconf 90' lang='lat' dir='ltr'><strong>scia</strong></span> 
     </span>
    </p>
   </div>
   <div class='ocr_carea' id='block_1_68' title="bbox 2120 3654 3749 3737">
    <p class='ocr_par' dir='ltr' id='par_1_68' title="bbox 2120 3657 3749 3736">
     <span class='ocr_line' id='line_1_68' title="bbox 2120 3657 3749 3736; baseline -0.001 -22"><span class='ocrx_word' id='word_1_473' title='bbox 2120 3657 2310 3726; x_wconf 79' lang='grc' dir='ltr'>’ἑνηται</span> <span class='ocrx_word' id='word_1_474' title='bbox 2365 3660 2454 3717; x_wconf 83' lang='grc' dir='ltr'>καὶ</span> <span class='ocrx_word' id='word_1_475' title='bbox 2509 3657 2719 3736; x_wconf 89' lang='grc' dir='ltr'>δαίμοσι</span> <span class='ocrx_word' id='word_1_476' title='bbox 2776 3657 3112 3736; x_wconf 78' lang='grc' dir='ltr'>παιδευταῖς,</span> <span class='ocrx_word' id='word_1_477' title='bbox 3171 3659 3310 3715; x_wconf 74' lang='grc' dir='ltr'>ἵστω</span> <span class='ocrx_word' id='word_1_478' title='bbox 3355 3659 3541 3718; x_wconf 81' lang='grc' dir='ltr'>ἑαυτὸν</span> <span class='ocrx_word' id='word_1_479' title='bbox 3592 3658 3749 3732; x_wconf 82' lang='grc' dir='ltr'>ὑψω-</span> 
     </span>
    </p>
   </div>
   <div class='ocr_carea' id='block_1_69' title="bbox 345 3744 1974 3832">
    <p class='ocr_par' dir='ltr' id='par_1_69' title="bbox 345 3744 1974 3832">
     <span class='ocr_line' id='line_1_69' title="bbox 345 3744 1974 3832; baseline 0.006 -27"><span class='ocrx_word' id='word_1_480' title='bbox 345 3762 412 3806; x_wconf 90' lang='lat' dir='ltr'><strong>se</strong></span> <span class='ocrx_word' id='word_1_481' title='bbox 469 3744 650 3807; x_wconf 88' lang='lat' dir='ltr'><strong>fuisse</strong></span> <span class='ocrx_word' id='word_1_482' title='bbox 692 3747 933 3829; x_wconf 91' lang='lat' dir='ltr'><strong>elatum,</strong></span> <span class='ocrx_word' id='word_1_483' title='bbox 987 3767 1200 3828; x_wconf 87' lang='lat' dir='ltr'><strong>magna</strong></span> <span class='ocrx_word' id='word_1_484' title='bbox 1227 3749 1303 3812; x_wconf 92' lang='lat' dir='ltr'><strong>de</strong></span> <span class='ocrx_word' id='word_1_485' title='bbox 1334 3769 1399 3813; x_wconf 93' lang='lat' dir='ltr'><strong>se</strong></span> <span class='ocrx_word' id='word_1_486' title='bbox 1431 3749 1906 3832; x_wconf 72' lang='lat' dir='ltr'><strong>przesumpsisse,</strong></span> <span class='ocrx_word' id='word_1_487' title='bbox 1948 3767 1974 3814; x_wconf 79' lang='grc' dir='ltr'><strong>ε</strong></span> 
     </span>
    </p>
   </div>
   <div class='ocr_carea' id='block_1_70' title="bbox 2116 3744 3745 3832">
    <p class='ocr_par' dir='ltr' id='par_1_70' title="bbox 2116 3746 3745 3831">
     <span class='ocr_line' id='line_1_70' title="bbox 2116 3746 3745 3831; baseline -0.001 -27"><span class='ocrx_word' id='word_1_488' title='bbox 2116 3748 2266 3831; x_wconf 81' lang='grc' dir='ltr'>έντα,</span> <span class='ocrx_word' id='word_1_489' title='bbox 2336 3752 2424 3807; x_wconf 84' lang='grc' dir='ltr'>καὶ</span> <span class='ocrx_word' id='word_1_490' title='bbox 2479 3749 2688 3830; x_wconf 84' lang='grc' dir='ltr'>μεγάλα</span> <span class='ocrx_word' id='word_1_491' title='bbox 2736 3753 2855 3831; x_wconf 82' lang='grc' dir='ltr'>περὶ</span> <span class='ocrx_word' id='word_1_492' title='bbox 2926 3752 3111 3807; x_wconf 79' lang='grc' dir='ltr'>ἑαυτοῦ</span> <span class='ocrx_word' id='word_1_493' title='bbox 3168 3748 3434 3820; x_wconf 72' lang='grc' dir='ltr'>οἰηθέντα,</span> <span class='ocrx_word' id='word_1_494' title='bbox 3495 3748 3583 3804; x_wconf 82' lang='grc' dir='ltr'>καὶ</span> <span class='ocrx_word' id='word_1_495' title='bbox 3639 3746 3745 3802; x_wconf 78' lang='grc' dir='ltr'><strong>τῶν</strong></span> 
     </span>
    </p>
   </div>
   <div class='ocr_carea' id='block_1_71' title="bbox 342 3833 1971 3920">
    <p class='ocr_par' dir='ltr' id='par_1_71' title="bbox 342 3833 1971 3920">
     <span class='ocr_line' id='line_1_71' title="bbox 342 3833 1971 3920; baseline 0.003 -25"><span class='ocrx_word' id='word_1_496' title='bbox 342 3833 494 3896; x_wconf 89' lang='lat' dir='ltr'><strong>alias</strong></span> <span class='ocrx_word' id='word_1_497' title='bbox 519 3845 899 3916; x_wconf 89' lang='lat' dir='ltr'><strong>aspernatum</strong></span> <span class='ocrx_word' id='word_1_498' title='bbox 922 3856 1081 3900; x_wconf 90' lang='lat' dir='ltr'><strong>esse.</strong></span> <span class='ocrx_word' id='word_1_499' title='bbox 1101 3837 1230 3901; x_wconf 90' lang='lat' dir='ltr'><strong>Non</strong></span> <span class='ocrx_word' id='word_1_500' title='bbox 1253 3840 1429 3903; x_wconf 89' lang='lat' dir='ltr'><strong>aliter</strong></span> <span class='ocrx_word' id='word_1_501' title='bbox 1453 3840 1630 3920; x_wconf 89' lang='lat' dir='ltr'><strong>igitur</strong></span> <span class='ocrx_word' id='word_1_502' title='bbox 1657 3839 1971 3920; x_wconf 88' lang='lat' dir='ltr'><strong>hujusmod</strong></span> 
     </span>
    </p>
   </div>
   <div class='ocr_carea' id='block_1_72' title="bbox 2117 3833 3746 3920">
    <p class='ocr_par' dir='ltr' id='par_1_72' title="bbox 2117 3834 3746 3920">
     <span class='ocr_line' id='line_1_72' title="bbox 2117 3834 3746 3920; baseline -0.001 -27"><span class='ocrx_word' id='word_1_503' title='bbox 2117 3834 2264 3896; x_wconf 62' lang='lat' dir='ltr'><strong>Dtlmv</strong></span> <span class='ocrx_word' id='word_1_504' title='bbox 2347 3841 2737 3920; x_wconf 83' lang='grc' dir='ltr'>κατεπαρθέντα</span> <span class='ocrx_word' id='word_1_505' title='bbox 2769 3859 2786 3877; x_wconf 88' lang='grc'>⁶</span> <span class='ocrx_word' id='word_1_506' title='bbox 2873 3838 3157 3916; x_wconf 72' lang='grc' dir='ltr'>οὐδαμόθεν</span> <span class='ocrx_word' id='word_1_507' title='bbox 3239 3839 3330 3896; x_wconf 82' lang='grc' dir='ltr'><strong>οὖν</strong></span> <span class='ocrx_word' id='word_1_508' title='bbox 3414 3836 3633 3913; x_wconf 75' lang='grc' dir='ltr'>ἄλλοθεν</span> <span class='ocrx_word' id='word_1_509' title='bbox 3717 3837 3746 3892; x_wconf 86' lang='grc' dir='ltr'>ὁ</span> 
     </span>
    </p>
   </div>
   <div class='ocr_carea' id='block_1_73' title="bbox 345 3922 1974 4011">
    <p class='ocr_par' dir='ltr' id='par_1_73' title="bbox 345 3922 1974 4010">
     <span class='ocr_line' id='line_1_73' title="bbox 345 3922 1974 4010; baseline 0.004 -27"><span class='ocrx_word' id='word_1_510' title='bbox 345 3922 440 3984; x_wconf 87' lang='lat' dir='ltr'><strong>vir</strong></span> <span class='ocrx_word' id='word_1_511' title='bbox 469 3925 784 3986; x_wconf 86' lang='lat' dir='ltr'><strong>sanitatem</strong></span> <span class='ocrx_word' id='word_1_512' title='bbox 813 3928 1197 4008; x_wconf 89' lang='lat' dir='ltr'><strong>recuperabit</strong></span> <span class='ocrx_word' id='word_1_513' title='bbox 1225 3943 1283 3992; x_wconf 92' lang='lat' dir='ltr'><strong>et</strong></span> <span class='ocrx_word' id='word_1_514' title='bbox 1315 3930 1730 3993; x_wconf 87' lang='lat' dir='ltr'><strong>liberationem</strong></span> <span class='ocrx_word' id='word_1_515' title='bbox 1761 3947 1796 3990; x_wconf 92' lang='lat' dir='ltr'><strong>a</strong></span> <span class='ocrx_word' id='word_1_516' title='bbox 1827 3928 1974 4010; x_wconf 88' lang='lat' dir='ltr'><strong>cupi</strong></span> 
     </span>
    </p>
   </div>
   <div class='ocr_carea' id='block_1_74' title="bbox 2118 3922 3747 4011">
    <p class='ocr_par' dir='ltr' id='par_1_74' title="bbox 2121 3925 3747 4011">
     <span class='ocr_line' id='line_1_74' title="bbox 2121 3925 3747 4011; baseline -0.002 -27"><span class='ocrx_word' id='word_1_517' title='bbox 2121 3935 2323 3994; x_wconf 87' lang='grc' dir='ltr'>οιοῦτος</span> <span class='ocrx_word' id='word_1_518' title='bbox 2381 3931 2590 4011; x_wconf 78' lang='grc' dir='ltr'>εὑρήσει</span> <span class='ocrx_word' id='word_1_519' title='bbox 2643 3931 2741 3999; x_wconf 80' lang='grc' dir='ltr'><strong>τὴν</strong></span> <span class='ocrx_word' id='word_1_520' title='bbox 2793 3932 3068 4010; x_wconf 88' lang='grc' dir='ltr'>θεραπείαν</span> <span class='ocrx_word' id='word_1_521' title='bbox 3120 3931 3208 3988; x_wconf 86' lang='grc' dir='ltr'><strong>καὶ</strong></span> <span class='ocrx_word' id='word_1_522' title='bbox 3261 3926 3582 4007; x_wconf 79' lang='grc' dir='ltr'>ἀπαλλαγὴν</span> <span class='ocrx_word' id='word_1_523' title='bbox 3640 3925 3747 3983; x_wconf 79' lang='grc' dir='ltr'><strong>τῶν</strong></span> 
     </span>
    </p>
   </div>
   <div class='ocr_carea' id='block_1_75' title="bbox 343 4008 1972 4098">
    <p class='ocr_par' dir='ltr' id='par_1_75' title="bbox 343 4008 1972 4098">
     <span class='ocr_line' id='line_1_75' title="bbox 343 4008 1972 4098; baseline 0.005 -24"><span class='ocrx_word' id='word_1_524' title='bbox 343 4011 628 4076; x_wconf 90' lang='lat' dir='ltr'><strong>ditatibus</strong></span> <span class='ocrx_word' id='word_1_525' title='bbox 656 4014 1083 4098; x_wconf 63' lang='lat' dir='ltr'><strong>damoniisque</strong></span> <span class='ocrx_word' id='word_1_526' title='bbox 1116 4021 1290 4082; x_wconf 88' lang='lat' dir='ltr'><strong>vitam</strong></span> <span class='ocrx_word' id='word_1_527' title='bbox 1351 4039 1517 4084; x_wconf 90' lang='lat' dir='ltr'><strong>suam</strong></span> <span class='ocrx_word' id='word_1_528' title='bbox 1550 4008 1972 4083; x_wconf 85' lang='lat' dir='ltr'><strong>cohibentibus</strong></span> 
     </span>
    </p>
   </div>
   <div class='ocr_carea' id='block_1_76' title="bbox 2112 4008 3741 4098">
    <p class='ocr_par' dir='ltr' id='par_1_76' title="bbox 2112 4008 3741 4097">
     <span class='ocr_line' id='line_1_76' title="bbox 2112 4008 3741 4097; baseline -0.004 -21"><span class='ocrx_word' id='word_1_529' title='bbox 2112 4008 2450 4097; x_wconf 57' lang='grc' dir='ltr'><strong>πυνεχόντων⁷</strong></span> <span class='ocrx_word' id='word_1_530' title='bbox 2478 4023 2639 4078; x_wconf 77' lang='grc' dir='ltr'>αὐτοῦ</span> <span class='ocrx_word' id='word_1_531' title='bbox 2691 4019 2790 4088; x_wconf 64' lang='grc' dir='ltr'>τὴν</span> <span class='ocrx_word' id='word_1_532' title='bbox 2855 4008 3001 4091; x_wconf 70' lang='grc' dir='ltr'>ζωὴν</span> <span class='ocrx_word' id='word_1_533' title='bbox 3070 4019 3252 4077; x_wconf 81' lang='grc' dir='ltr'>παθῶν</span> <span class='ocrx_word' id='word_1_534' title='bbox 3307 4019 3396 4075; x_wconf 86' lang='grc' dir='ltr'><strong>καὶ</strong></span> <span class='ocrx_word' id='word_1_535' title='bbox 3453 4015 3741 4093; x_wconf 88' lang='grc' dir='ltr'>δαιμόνων,</span> 
     </span>
    </p>
   </div>
   <div class='ocr_carea' id='block_1_77' title="bbox 345 4103 1974 4191">
    <p class='ocr_par' dir='ltr' id='par_1_77' title="bbox 345 4103 1974 4191">
     <span class='ocr_line' id='line_1_77' title="bbox 345 4103 1974 4191; baseline 0.004 -27"><span class='ocrx_word' id='word_1_536' title='bbox 345 4121 526 4185; x_wconf 91' lang='lat' dir='ltr'><strong>quam</strong></span> <span class='ocrx_word' id='word_1_537' title='bbox 575 4103 884 4168; x_wconf 89' lang='lat' dir='ltr'><strong>redeundo</strong></span> <span class='ocrx_word' id='word_1_538' title='bbox 939 4125 1047 4188; x_wconf 93' lang='lat' dir='ltr'><strong>per</strong></span> <span class='ocrx_word' id='word_1_539' title='bbox 1094 4109 1500 4190; x_wconf 70' lang='lat' dir='ltr'><strong>paenitentiam</strong></span> <span class='ocrx_word' id='word_1_540' title='bbox 1555 4109 1630 4172; x_wconf 90' lang='lat' dir='ltr'><strong>ad</strong></span> <span class='ocrx_word' id='word_1_541' title='bbox 1686 4108 1974 4191; x_wconf 88' lang='lat' dir='ltr'><strong>pristinun</strong></span> 
     </span>
    </p>
   </div>
   <div class='ocr_carea' id='block_1_78' title="bbox 2116 4103 3745 4191">
    <p class='ocr_par' dir='ltr' id='par_1_78' title="bbox 2116 4103 3745 4189">
     <span class='ocr_line' id='line_1_78' title="bbox 2116 4103 3745 4189; baseline 0 -28"><span class='ocrx_word' id='word_1_542' title='bbox 2116 4103 2207 4163; x_wconf 76' lang='grc' dir='ltr'>ιλλ’</span> <span class='ocrx_word' id='word_1_543' title='bbox 2236 4106 2273 4177; x_wconf 69' lang='grc' dir='ltr'>ἢ</span> <span class='ocrx_word' id='word_1_544' title='bbox 2319 4107 2426 4164; x_wconf 78' lang='grc' dir='ltr'>ἀπὸ</span> <span class='ocrx_word' id='word_1_545' title='bbox 2479 4117 2572 4168; x_wconf 86' lang='grc' dir='ltr'><strong>τοῦ</strong></span> <span class='ocrx_word' id='word_1_546' title='bbox 2625 4108 2946 4189; x_wconf 79' lang='grc' dir='ltr'>ἀναδραμεῖν</span> <span class='ocrx_word' id='word_1_547' title='bbox 2987 4109 3143 4168; x_wconf 69' lang='grc' dir='ltr'>αὐτὸν</span> <span class='ocrx_word' id='word_1_548' title='bbox 3198 4107 3284 4166; x_wconf 80' lang='grc' dir='ltr'><strong>διὰ</strong></span> <span class='ocrx_word' id='word_1_549' title='bbox 3341 4107 3622 4184; x_wconf 85' lang='grc' dir='ltr'>μετανοίας</span> <span class='ocrx_word' id='word_1_550' title='bbox 3670 4106 3745 4170; x_wconf 81' lang='grc' dir='ltr'>εἷς</span> 
     </span>
    </p>
   </div>
   <div class='ocr_carea' id='block_1_79' title="bbox 343 4193 1972 4282">
    <p class='ocr_par' dir='ltr' id='par_1_79' title="bbox 343 4193 1972 4282">
     <span class='ocr_line' id='line_1_79' title="bbox 343 4193 1972 4282; baseline 0.004 -28"><span class='ocrx_word' id='word_1_551' title='bbox 343 4199 592 4282; x_wconf 88' lang='lat' dir='ltr'><strong>statum,</strong></span> <span class='ocrx_word' id='word_1_552' title='bbox 621 4201 680 4256; x_wconf 89' lang='lat' dir='ltr'><strong>et</strong></span> <span class='ocrx_word' id='word_1_553' title='bbox 710 4193 1148 4276; x_wconf 90' lang='lat' dir='ltr'><strong>interponendo</strong></span> <span class='ocrx_word' id='word_1_554' title='bbox 1179 4207 1459 4282; x_wconf 87' lang='lat' dir='ltr'><strong>tanquam</strong></span> <span class='ocrx_word' id='word_1_555' title='bbox 1492 4201 1744 4282; x_wconf 91' lang='lat' dir='ltr'><strong>optimas</strong></span> <span class='ocrx_word' id='word_1_556' title='bbox 1773 4197 1972 4262; x_wconf 91' lang='lat' dir='ltr'><strong>media</strong></span> 
     </span>
    </p>
   </div>
   <div class='ocr_carea' id='block_1_80' title="bbox 2111 4193 3740 4282">
    <p class='ocr_par' dir='ltr' id='par_1_80' title="bbox 2111 4195 3740 4280">
     <span class='ocr_line' id='line_1_80' title="bbox 2111 4195 3740 4280; baseline 0.001 -30"><span class='ocrx_word' id='word_1_557' title='bbox 2111 4195 2189 4264; x_wconf 76' lang='grc' dir='ltr'><strong>τὴν</strong></span> <span class='ocrx_word' id='word_1_558' title='bbox 2216 4196 2436 4276; x_wconf 87' lang='grc' dir='ltr'>πρώτην</span> <span class='ocrx_word' id='word_1_559' title='bbox 2489 4198 2836 4280; x_wconf 84' lang='grc' dir='ltr'>κατάστασιν,</span> <span class='ocrx_word' id='word_1_560' title='bbox 2891 4200 2982 4257; x_wconf 79' lang='grc' dir='ltr'>καὶ</span> <span class='ocrx_word' id='word_1_561' title='bbox 3023 4201 3327 4279; x_wconf 76' lang='grc' dir='ltr'>χρήσασθαι</span> <span class='ocrx_word' id='word_1_562' title='bbox 3385 4197 3576 4274; x_wconf 81' lang='grc' dir='ltr'>μεσίτῃ</span> <span class='ocrx_word' id='word_1_563' title='bbox 3633 4215 3740 4252; x_wconf 89' lang='grc' dir='ltr'>κα-</span> 
     </span>
    </p>
   </div>
   <div class='ocr_carea' id='block_1_81' title="bbox 352 4281 1981 4372">
    <p class='ocr_par' dir='ltr' id='par_1_81' title="bbox 352 4281 1980 4372">
     <span class='ocr_line' id='line_1_81' title="bbox 352 4281 1980 4372; baseline 0.004 -28"><span class='ocrx_word' id='word_1_564' title='bbox 352 4281 533 4346; x_wconf 87' lang='lat' dir='ltr'><strong>trices</strong></span> <span class='ocrx_word' id='word_1_565' title='bbox 562 4284 959 4348; x_wconf 85' lang='lat' dir='ltr'><strong>humilitatem</strong></span> <span class='ocrx_word' id='word_1_566' title='bbox 993 4297 1052 4350; x_wconf 93' lang='lat' dir='ltr'><strong>et</strong></span> <span class='ocrx_word' id='word_1_567' title='bbox 1081 4281 1339 4372; x_wconf 74' lang='lat' dir='ltr'><strong>propriae</strong></span> <span class='ocrx_word' id='word_1_568' title='bbox 1391 4281 1732 4370; x_wconf 79' lang='lat' dir='ltr'><strong>exiguitatis</strong></span> <span class='ocrx_word' id='word_1_569' title='bbox 1759 4287 1980 4367; x_wconf 89' lang='lat' dir='ltr'><strong>agnitio</strong></span> 
     </span>
    </p>
   </div>
   <div class='ocr_carea' id='block_1_82' title="bbox 2109 4281 3738 4372">
    <p class='ocr_par' dir='ltr' id='par_1_82' title="bbox 2109 4284 3738 4369">
     <span class='ocr_line' id='line_1_82' title="bbox 2109 4284 3738 4369; baseline 0.001 -28"><span class='ocrx_word' id='word_1_570' title='bbox 2109 4291 2191 4366; x_wconf 65' lang='grc' dir='ltr'>ιῷ,</span> <span class='ocrx_word' id='word_1_571' title='bbox 2249 4291 2319 4364; x_wconf 76' lang='grc' dir='ltr'><strong>τῇ</strong></span> <span class='ocrx_word' id='word_1_572' title='bbox 2380 4289 2695 4345; x_wconf 83' lang='grc' dir='ltr'>ταπεινώσει</span> <span class='ocrx_word' id='word_1_573' title='bbox 2749 4290 2839 4346; x_wconf 78' lang='grc' dir='ltr'><strong>καὶ</strong></span> <span class='ocrx_word' id='word_1_574' title='bbox 2893 4294 2963 4366; x_wconf 73' lang='grc' dir='ltr'>τῇ</span> <span class='ocrx_word' id='word_1_575' title='bbox 3029 4287 3312 4369; x_wconf 80' lang='grc' dir='ltr'>ἐπιγνώσει</span> <span class='ocrx_word' id='word_1_576' title='bbox 3368 4293 3473 4344; x_wconf 85' lang='grc' dir='ltr'><strong>τῶν</strong></span> <span class='ocrx_word' id='word_1_577' title='bbox 3531 4284 3738 4343; x_wconf 77' lang='grc' dir='ltr'>οἰκείων</span> 
     </span>
    </p>
   </div>
   <div class='ocr_carea' id='block_1_83' title="bbox 347 4373 1976 4458">
    <p class='ocr_par' dir='ltr' id='par_1_83' title="bbox 347 4376 1976 4458">
     <span class='ocr_line' id='line_1_83' title="bbox 347 4376 1976 4458; baseline 0.004 -25"><span class='ocrx_word' id='word_1_578' title='bbox 347 4390 511 4453; x_wconf 90' lang='lat' dir='ltr'><strong>nem,</strong></span> <span class='ocrx_word' id='word_1_579' title='bbox 543 4391 652 4455; x_wconf 90' lang='lat' dir='ltr'><strong>per</strong></span> <span class='ocrx_word' id='word_1_580' title='bbox 679 4391 828 4454; x_wconf 88' lang='lat' dir='ltr'><strong>quas</strong></span> <span class='ocrx_word' id='word_1_581' title='bbox 880 4376 1132 4458; x_wconf 89' lang='lat' dir='ltr'><strong>quilibet</strong></span> <span class='ocrx_word' id='word_1_582' title='bbox 1187 4381 1248 4442; x_wconf 89' lang='lat' dir='ltr'><strong>in</strong></span> <span class='ocrx_word' id='word_1_583' title='bbox 1304 4378 1692 4442; x_wconf 83' lang='lat' dir='ltr'><strong>fundamento</strong></span> <span class='ocrx_word' id='word_1_584' title='bbox 1721 4377 1976 4440; x_wconf 88' lang='lat' dir='ltr'><strong>virtutun</strong></span> 
     </span>
    </p>
   </div>
   <div class='ocr_carea' id='block_1_84' title="bbox 2114 4373 3743 4458">
    <p class='ocr_par' dir='ltr' id='par_1_84' title="bbox 2114 4373 3743 4456">
     <span class='ocr_line' id='line_1_84' title="bbox 2114 4373 3743 4456; baseline 0 -25"><span class='ocrx_word' id='word_1_585' title='bbox 2114 4375 2296 4455; x_wconf 84' lang='grc' dir='ltr'>ιὲτρων</span> <span class='ocrx_word' id='word_1_586' title='bbox 2328 4395 2347 4414; x_wconf 78' lang='grc' dir='ltr'><strong>ο</strong></span> <span class='ocrx_word' id='word_1_587' title='bbox 2407 4373 2476 4433; x_wconf 84' lang='grc' dir='ltr'><strong>δι’</strong></span> <span class='ocrx_word' id='word_1_588' title='bbox 2515 4376 2581 4444; x_wconf 76' lang='grc' dir='ltr'>ἣς</span> <span class='ocrx_word' id='word_1_589' title='bbox 2635 4383 2740 4444; x_wconf 86' lang='grc' dir='ltr'>πᾶς</span> <span class='ocrx_word' id='word_1_590' title='bbox 2783 4380 2812 4435; x_wconf 86' lang='grc' dir='ltr'>ὁ</span> <span class='ocrx_word' id='word_1_591' title='bbox 2854 4379 3135 4456; x_wconf 76' lang='grc' dir='ltr'>ἱστάμενος</span> <span class='ocrx_word' id='word_1_592' title='bbox 3177 4376 3356 4441; x_wconf 88' lang='grc' dir='ltr'>καλῶς</span> <span class='ocrx_word' id='word_1_593' title='bbox 3415 4375 3470 4434; x_wconf 87' lang='grc' dir='ltr'><strong>ἐν</strong></span> <span class='ocrx_word' id='word_1_594' title='bbox 3513 4381 3590 4451; x_wconf 82' lang='grc' dir='ltr'>τῷ</span> <span class='ocrx_word' id='word_1_595' title='bbox 3645 4378 3743 4432; x_wconf 84' lang='grc' dir='ltr'>θε-</span> 
     </span>
    </p>
   </div>
   <div class='ocr_carea' id='block_1_85' title="bbox 349 4439 1978 4548">
    <p class='ocr_par' dir='ltr' id='par_1_85' title="bbox 349 4439 1978 4545">
     <span class='ocr_line' id='line_1_85' title="bbox 349 4439 1978 4545; baseline 0.003 -20"><span class='ocrx_word' id='word_1_596' title='bbox 349 4439 510 4526; x_wconf 75' lang='lat' dir='ltr'><strong>bene</strong></span> <span class='ocrx_word' id='word_1_597' title='bbox 543 4439 919 4545; x_wconf 46' lang='lat' dir='ltr'><strong>.stabilitus;</strong></span> <span class='ocrx_word' id='word_1_598' title='bbox 956 4467 1121 4532; x_wconf 90' lang='lat' dir='ltr'><strong>omni</strong></span> <span class='ocrx_word' id='word_1_599' title='bbox 1165 4485 1302 4535; x_wconf 87' lang='lat' dir='ltr'><strong>sese</strong></span> <span class='ocrx_word' id='word_1_600' title='bbox 1346 4476 1620 4534; x_wconf 89' lang='lat' dir='ltr'><strong>creatura</strong></span> <span class='ocrx_word' id='word_1_601' title='bbox 1653 4467 1978 4532; x_wconf 89' lang='lat' dir='ltr'><strong>inferioren</strong></span> 
     </span>
    </p>
   </div>
   <div class='ocr_carea' id='block_1_86' title="bbox 2114 4439 3743 4548">
    <p class='ocr_par' dir='ltr' id='par_1_86' title="bbox 2114 4439 3743 4548">
     <span class='ocr_line' id='line_1_86' title="bbox 2114 4439 3743 4548; baseline 0.005 -27"><span class='ocrx_word' id='word_1_602' title='bbox 2114 4439 2256 4540; x_wconf 77' lang='grc' dir='ltr'>ιελίῳ</span> <span class='ocrx_word' id='word_1_603' title='bbox 2306 4471 2414 4523; x_wconf 82' lang='grc' dir='ltr'><strong>τῶν</strong></span> <span class='ocrx_word' id='word_1_604' title='bbox 2481 4439 2706 4548; x_wconf 72' lang='grc' dir='ltr'>ἀρετῶν,</span> <span class='ocrx_word' id='word_1_605' title='bbox 2725 4439 2736 4444; x_wconf 19' lang='lat' dir='ltr'><strong><em>ﬁ</em></strong></span> <span class='ocrx_word' id='word_1_606' title='bbox 2779 4439 3031 4527; x_wconf 61' lang='grc' dir='ltr'>ὑποκάτω</span> <span class='ocrx_word' id='word_1_607' title='bbox 3096 4439 3282 4526; x_wconf 77' lang='grc' dir='ltr'>ἑαυτὸν</span> <span class='ocrx_word' id='word_1_608' title='bbox 3343 4439 3472 4548; x_wconf 14' lang='grc' dir='ltr'>ήὲχει</span> <span class='ocrx_word' id='word_1_609' title='bbox 3562 4439 3743 4534; x_wconf 73' lang='grc' dir='ltr'>πάσης</span> 
     </span>
    </p>
   </div>
   <div class='ocr_carea' id='block_1_87' title="bbox 347 4551 1976 4622">
    <p class='ocr_par' dir='ltr' id='par_1_87' title="bbox 347 4551 668 4617">
     <span class='ocr_line' id='line_1_87' title="bbox 347 4551 668 4617; baseline 0 -2"><span class='ocrx_word' id='word_1_610' title='bbox 347 4551 668 4617; x_wconf 81' lang='lat' dir='ltr'><strong>existimat.</strong></span> 
     </span>
    </p>
   </div>
   <div class='ocr_carea' id='block_1_88' title="bbox 701 4551 2330 4622">
    <p class='ocr_par' dir='ltr' id='par_1_88' title="bbox 2085 4556 2330 4622">
     <span class='ocr_line' id='line_1_88' title="bbox 2085 4556 2330 4622; baseline 0.004 -11"><span class='ocrx_word' id='word_1_611' title='bbox 2085 4556 2307 4622; x_wconf 87' lang='grc' dir='ltr'>κτίσεως</span> <span class='ocrx_word' id='word_1_612' title='bbox 2316 4604 2330 4620; x_wconf 88' lang='grc'><strong>,</strong></span> 
     </span>
    </p>
   </div>
   <div class='ocr_carea' id='block_1_89' title="bbox 421 4635 2050 4734">
    <p class='ocr_par' dir='ltr' id='par_1_89' title="bbox 421 4642 2002 4734">
     <span class='ocr_line' id='line_1_89' title="bbox 421 4642 2002 4734; baseline 0.006 -26"><span class='ocrx_word' id='word_1_613' title='bbox 421 4642 522 4709; x_wconf 88' lang='grc'><strong>36.</strong></span> <span class='ocrx_word' id='word_1_614' title='bbox 553 4644 745 4728; x_wconf 67' lang='lat' dir='ltr'><strong>Eque</strong></span> <span class='ocrx_word' id='word_1_615' title='bbox 767 4646 988 4712; x_wconf 89' lang='lat' dir='ltr'><strong>malum</strong></span> <span class='ocrx_word' id='word_1_616' title='bbox 1013 4655 1106 4712; x_wconf 90' lang='lat' dir='ltr'><strong>est</strong></span> <span class='ocrx_word' id='word_1_617' title='bbox 1147 4647 1304 4734; x_wconf 90' lang='lat' dir='ltr'><strong>apud</strong></span> <span class='ocrx_word' id='word_1_618' title='bbox 1333 4652 1522 4715; x_wconf 87' lang='lat' dir='ltr'><strong>Deum</strong></span> <span class='ocrx_word' id='word_1_619' title='bbox 1546 4658 1604 4714; x_wconf 92' lang='lat' dir='ltr'><strong>et</strong></span> <span class='ocrx_word' id='word_1_620' title='bbox 1631 4651 1910 4716; x_wconf 90' lang='lat' dir='ltr'><strong>homines</strong></span> <span class='ocrx_word' id='word_1_621' title='bbox 1939 4653 2002 4717; x_wconf 90' lang='lat' dir='ltr'><strong>in</strong></span> 
     </span>
    </p>
   </div>
   <div class='ocr_carea' id='block_1_90' title="bbox 2111 4635 3740 4734">
    <p class='ocr_par' dir='ltr' id='par_1_90' title="bbox 2163 4635 3740 4729">
     <span class='ocr_line' id='line_1_90' title="bbox 2163 4635 3740 4729; baseline 0.008 -28"><span class='ocrx_word' id='word_1_622' title='bbox 2163 4635 2301 4720; x_wconf 78' lang='grc' dir='ltr'>λς’.</span> <span class='ocrx_word' id='word_1_623' title='bbox 2355 4656 2468 4706; x_wconf 89' lang='grc' dir='ltr'>Ῑσον</span> <span class='ocrx_word' id='word_1_624' title='bbox 2525 4648 2689 4706; x_wconf 86' lang='grc' dir='ltr'>κακόν</span> <span class='ocrx_word' id='word_1_625' title='bbox 2747 4647 2858 4707; x_wconf 88' lang='grc' dir='ltr'>ἐστι</span> <span class='ocrx_word' id='word_1_626' title='bbox 2914 4649 3058 4729; x_wconf 79' lang='grc' dir='ltr'>παρὰ</span> <span class='ocrx_word' id='word_1_627' title='bbox 3107 4655 3223 4725; x_wconf 86' lang='grc' dir='ltr'>Θεῷ</span> <span class='ocrx_word' id='word_1_628' title='bbox 3275 4649 3366 4706; x_wconf 84' lang='grc' dir='ltr'><strong>καὶ</strong></span> <span class='ocrx_word' id='word_1_629' title='bbox 3420 4647 3740 4726; x_wconf 79' lang='grc' dir='ltr'>ἀνθρώποις,</span> 
     </span>
    </p>
   </div>
   <div class='ocr_carea' id='block_1_91' title="bbox 339 4730 1968 4821">
    <p class='ocr_par' dir='ltr' id='par_1_91' title="bbox 339 4730 1966 4821">
     <span class='ocr_line' id='line_1_91' title="bbox 339 4730 1966 4821; baseline 0.004 -24"><span class='ocrx_word' id='word_1_630' title='bbox 339 4730 575 4798; x_wconf 89' lang='lat' dir='ltr'><strong>Christo</strong></span> <span class='ocrx_word' id='word_1_631' title='bbox 632 4736 917 4814; x_wconf 89' lang='lat' dir='ltr'><strong>viventes,</strong></span> <span class='ocrx_word' id='word_1_632' title='bbox 971 4739 1072 4821; x_wconf 89' lang='lat' dir='ltr'><strong>qui</strong></span> <span class='ocrx_word' id='word_1_633' title='bbox 1131 4730 1437 4804; x_wconf 77' lang='lat' dir='ltr'><strong>luxuriosa</strong></span> <span class='ocrx_word' id='word_1_634' title='bbox 1470 4739 1646 4804; x_wconf 87' lang='lat' dir='ltr'><strong>fovet</strong></span> <span class='ocrx_word' id='word_1_635' title='bbox 1701 4740 1966 4806; x_wconf 90' lang='lat' dir='ltr'><strong>desideri</strong></span> 
     </span>
    </p>
   </div>
   <div class='ocr_carea' id='block_1_92' title="bbox 2113 4730 3742 4821">
    <p class='ocr_par' dir='ltr' id='par_1_92' title="bbox 2113 4737 3742 4818">
     <span class='ocr_line' id='line_1_92' title="bbox 2113 4737 3742 4818; baseline 0.001 -26"><span class='ocrx_word' id='word_1_636' title='bbox 2113 4741 2212 4792; x_wconf 84' lang='grc' dir='ltr'><strong>ὦσι</strong></span> <span class='ocrx_word' id='word_1_637' title='bbox 2266 4737 2403 4794; x_wconf 82' lang='grc' dir='ltr'>κατὰ</span> <span class='ocrx_word' id='word_1_638' title='bbox 2458 4737 2708 4817; x_wconf 78' lang='grc' dir='ltr'>Χριστὸν,</span> <span class='ocrx_word' id='word_1_639' title='bbox 2767 4740 2830 4796; x_wconf 79' lang='grc' dir='ltr'>τὸ</span> <span class='ocrx_word' id='word_1_640' title='bbox 2885 4740 2975 4797; x_wconf 82' lang='grc' dir='ltr'><strong>καὶ</strong></span> <span class='ocrx_word' id='word_1_641' title='bbox 3016 4738 3229 4818; x_wconf 87' lang='grc' dir='ltr'>ἐμπαθῆ</span> <span class='ocrx_word' id='word_1_642' title='bbox 3270 4759 3389 4795; x_wconf 89' lang='grc' dir='ltr'>τινα</span> <span class='ocrx_word' id='word_1_643' title='bbox 3432 4737 3575 4796; x_wconf 79' lang='grc' dir='ltr'>εἶναι</span> <span class='ocrx_word' id='word_1_644' title='bbox 3617 4749 3742 4801; x_wconf 79' lang='grc' dir='ltr'>ταῖς</span> 
     </span>
    </p>
   </div>
   <div class='ocr_carea' id='block_1_93' title="bbox 337 4822 1966 4911">
    <p class='ocr_par' dir='ltr' id='par_1_93' title="bbox 337 4824 1961 4911">
     <span class='ocr_line' id='line_1_93' title="bbox 337 4824 1961 4911; baseline 0.006 -27"><span class='ocrx_word' id='word_1_645' title='bbox 337 4824 558 4911; x_wconf 88' lang='lat' dir='ltr'><strong>mentis</strong></span> <span class='ocrx_word' id='word_1_646' title='bbox 585 4826 1060 4907; x_wconf 89' lang='lat' dir='ltr'><strong>operationibus,</strong></span> <span class='ocrx_word' id='word_1_647' title='bbox 1094 4837 1154 4892; x_wconf 91' lang='lat' dir='ltr'><strong>et</strong></span> <span class='ocrx_word' id='word_1_648' title='bbox 1185 4829 1289 4911; x_wconf 91' lang='lat' dir='ltr'><strong>qui</strong></span> <span class='ocrx_word' id='word_1_649' title='bbox 1316 4829 1663 4894; x_wconf 90' lang='lat' dir='ltr'><strong>intumescit</strong></span> <span class='ocrx_word' id='word_1_650' title='bbox 1713 4829 1777 4894; x_wconf 91' lang='lat' dir='ltr'><strong>in</strong></span> <span class='ocrx_word' id='word_1_651' title='bbox 1808 4830 1961 4894; x_wconf 91' lang='lat' dir='ltr'><strong>virtu</strong></span> 
     </span>
    </p>
   </div>
   <div class='ocr_carea' id='block_1_94' title="bbox 2113 4822 3742 4911">
    <p class='ocr_par' dir='ltr' id='par_1_94' title="bbox 2113 4822 3742 4911">
     <span class='ocr_line' id='line_1_94' title="bbox 2113 4822 3742 4911; baseline 0 -29"><span class='ocrx_word' id='word_1_652' title='bbox 2113 4822 2297 4906; x_wconf 68' lang='grc' dir='ltr'>πράξεσι</span> <span class='ocrx_word' id='word_1_653' title='bbox 2379 4827 2603 4907; x_wconf 88' lang='grc' dir='ltr'>γνώμης</span> <span class='ocrx_word' id='word_1_654' title='bbox 2673 4826 2953 4911; x_wconf 79' lang='grc' dir='ltr'>ἀκολασίᾳ,</span> <span class='ocrx_word' id='word_1_655' title='bbox 3039 4831 3128 4887; x_wconf 85' lang='grc' dir='ltr'><strong>καὶ</strong></span> <span class='ocrx_word' id='word_1_656' title='bbox 3211 4825 3615 4911; x_wconf 53' lang='grc' dir='ltr'>πεφυσιωμένον</span> <span class='ocrx_word' id='word_1_657' title='bbox 3687 4825 3742 4883; x_wconf 86' lang='grc' dir='ltr'><strong>ἐν</strong></span> 
     </span>
    </p>
   </div>
   <div class='ocr_carea' id='block_1_95' title="bbox 337 4901 1966 5000">
    <p class='ocr_par' dir='ltr' id='par_1_95' title="bbox 337 4901 1966 5000">
     <span class='ocr_line' id='line_1_95' title="bbox 337 4901 1966 5000; baseline 0.007 -27"><span class='ocrx_word' id='word_1_658' title='bbox 337 4910 497 4975; x_wconf 92' lang='lat' dir='ltr'><strong>tibus</strong></span> <span class='ocrx_word' id='word_1_659' title='bbox 517 4901 731 4996; x_wconf 75' lang='lat' dir='ltr'><strong>spiritu</strong></span> <span class='ocrx_word' id='word_1_660' title='bbox 751 4901 1257 5000; x_wconf 76' lang='lat' dir='ltr'><strong>praesumptionis.</strong></span> <span class='ocrx_word' id='word_1_661' title='bbox 1291 4919 1809 4994; x_wconf 88' lang='lat' dir='ltr'><strong>Quemadmodum</strong></span> <span class='ocrx_word' id='word_1_662' title='bbox 1833 4921 1966 4986; x_wconf 84' lang='lat' dir='ltr'><strong>enin</strong></span> 
     </span>
    </p>
   </div>
   <div class='ocr_carea' id='block_1_96' title="bbox 2112 4901 3741 5000">
    <p class='ocr_par' dir='ltr' id='par_1_96' title="bbox 2115 4901 3741 4996">
     <span class='ocr_line' id='line_1_96' title="bbox 2115 4901 3741 4996; baseline 0.002 -25"><span class='ocrx_word' id='word_1_663' title='bbox 2115 4901 2204 4980; x_wconf 80' lang='grc' dir='ltr'><strong>ατς</strong></span> <span class='ocrx_word' id='word_1_664' title='bbox 2233 4901 2451 4996; x_wconf 53' lang='grc' dir='ltr'>ἀρεταίῐς</span> <span class='ocrx_word' id='word_1_665' title='bbox 2491 4901 2570 4993; x_wconf 81' lang='grc' dir='ltr'>τῷ</span> <span class='ocrx_word' id='word_1_666' title='bbox 2611 4922 2710 4986; x_wconf 78' lang='grc' dir='ltr'>τῆς</span> <span class='ocrx_word' id='word_1_667' title='bbox 2770 4901 2995 4989; x_wconf 76' lang='grc' dir='ltr'>οἰήσεώς</span> <span class='ocrx_word' id='word_1_668' title='bbox 3056 4901 3338 4996; x_wconf 69' lang='grc' dir='ltr'>πνεύματι.</span> <span class='ocrx_word' id='word_1_669' title='bbox 3397 4901 3491 4976; x_wconf 37' lang='grc' dir='ltr'><strong>“Ο”ν</strong></span> <span class='ocrx_word' id='word_1_670' title='bbox 3547 4915 3741 4996; x_wconf 84' lang='grc' dir='ltr'>τρόπον</span> 
     </span>
    </p>
   </div>
   <div class='ocr_carea' id='block_1_97' title="bbox 335 5003 1964 5092">
    <p class='ocr_par' dir='ltr' id='par_1_97' title="bbox 335 5003 1964 5092">
     <span class='ocr_line' id='line_1_97' title="bbox 335 5003 1964 5092; baseline 0.006 -28"><span class='ocrx_word' id='word_1_671' title='bbox 335 5011 468 5092; x_wconf 68' lang='lat' dir='ltr'><strong>quae</strong></span> <span class='ocrx_word' id='word_1_672' title='bbox 489 5003 590 5066; x_wconf 92' lang='lat' dir='ltr'><strong>ille</strong></span> <span class='ocrx_word' id='word_1_673' title='bbox 609 5003 671 5068; x_wconf 92' lang='lat' dir='ltr'><strong>in</strong></span> <span class='ocrx_word' id='word_1_674' title='bbox 692 5006 926 5069; x_wconf 86' lang='lat' dir='ltr'><strong>occulto</strong></span> <span class='ocrx_word' id='word_1_675' title='bbox 965 5006 1108 5070; x_wconf 85' lang='lat' dir='ltr'><strong>facit</strong></span> <span class='ocrx_word' id='word_1_676' title='bbox 1148 5026 1222 5072; x_wconf 90' lang='lat' dir='ltr'><strong>ac</strong></span> <span class='ocrx_word' id='word_1_677' title='bbox 1264 5018 1567 5092; x_wconf 87' lang='lat' dir='ltr'><strong>perpetrat</strong></span> <span class='ocrx_word' id='word_1_678' title='bbox 1588 5019 1756 5091; x_wconf 89' lang='lat' dir='ltr'><strong>turpe</strong></span> <span class='ocrx_word' id='word_1_679' title='bbox 1787 5020 1877 5074; x_wconf 87' lang='lat' dir='ltr'><strong>est</strong></span> <span class='ocrx_word' id='word_1_680' title='bbox 1905 5031 1964 5074; x_wconf 78' lang='lat' dir='ltr'><strong>ve</strong></span> 
     </span>
    </p>
   </div>
   <div class='ocr_carea' id='block_1_98' title="bbox 2112 5003 3741 5092">
    <p class='ocr_par' dir='ltr' id='par_1_98' title="bbox 2112 5005 3741 5090">
     <span class='ocr_line' id='line_1_98' title="bbox 2112 5005 3741 5090; baseline 0.002 -29"><span class='ocrx_word' id='word_1_681' title='bbox 2112 5005 2182 5085; x_wconf 71' lang='grc' dir='ltr'><strong>’ἄρ</strong></span> <span class='ocrx_word' id='word_1_682' title='bbox 2236 5015 2330 5066; x_wconf 88' lang='grc' dir='ltr'><strong>τοῦ</strong></span> <span class='ocrx_word' id='word_1_683' title='bbox 2381 5006 2593 5087; x_wconf 88' lang='grc' dir='ltr'>πρώτου</span> <span class='ocrx_word' id='word_1_684' title='bbox 2659 5009 2726 5068; x_wconf 77' lang='grc' dir='ltr'>τὰ</span> <span class='ocrx_word' id='word_1_685' title='bbox 2799 5009 3124 5090; x_wconf 86' lang='grc' dir='ltr'>ἐμπράκτως</span> <span class='ocrx_word' id='word_1_686' title='bbox 3198 5011 3287 5066; x_wconf 87' lang='grc' dir='ltr'><strong>καὶ</strong></span> <span class='ocrx_word' id='word_1_687' title='bbox 3353 5012 3527 5089; x_wconf 83' lang='grc' dir='ltr'>κρυφῆ</span> <span class='ocrx_word' id='word_1_688' title='bbox 3586 5007 3741 5086; x_wconf 87' lang='grc' dir='ltr'>γινό-</span> 
     </span>
    </p>
   </div>
   <div class='ocr_carea' id='block_1_99' title="bbox 334 5090 1963 5180">
    <p class='ocr_par' dir='ltr' id='par_1_99' title="bbox 334 5090 1963 5176">
     <span class='ocr_line' id='line_1_99' title="bbox 334 5090 1963 5176; baseline 0.006 -23"><span class='ocrx_word' id='word_1_689' title='bbox 334 5090 563 5176; x_wconf 89' lang='lat' dir='ltr'><strong>dicere,</strong></span> <span class='ocrx_word' id='word_1_690' title='bbox 595 5093 676 5156; x_wconf 89' lang='lat' dir='ltr'><strong>ita</strong></span> <span class='ocrx_word' id='word_1_691' title='bbox 705 5102 764 5158; x_wconf 90' lang='lat' dir='ltr'><strong>et</strong></span> <span class='ocrx_word' id='word_1_692' title='bbox 811 5096 996 5176; x_wconf 89' lang='lat' dir='ltr'><strong>hujus</strong></span> <span class='ocrx_word' id='word_1_693' title='bbox 1045 5116 1152 5161; x_wconf 88' lang='lat' dir='ltr'><strong>cor</strong></span> <span class='ocrx_word' id='word_1_694' title='bbox 1197 5090 1515 5163; x_wconf 81' lang='lat' dir='ltr'><strong>exaltatum</strong></span> <span class='ocrx_word' id='word_1_695' title='bbox 1565 5090 1776 5164; x_wconf 90' lang='lat' dir='ltr'><strong>sordes</strong></span> <span class='ocrx_word' id='word_1_696' title='bbox 1805 5109 1896 5165; x_wconf 89' lang='lat' dir='ltr'><strong>est</strong></span> <span class='ocrx_word' id='word_1_697' title='bbox 1932 5101 1963 5164; x_wconf 72' lang='grc' dir='ltr'><strong>ἱ]</strong></span> 
     </span>
    </p>
   </div>
   <div class='ocr_carea' id='block_1_100' title="bbox 2113 5090 3742 5180">
    <p class='ocr_par' dir='ltr' id='par_1_100' title="bbox 2113 5093 3742 5180">
     <span class='ocr_line' id='line_1_100' title="bbox 2113 5093 3742 5180; baseline 0.001 -30"><span class='ocrx_word' id='word_1_698' title='bbox 2113 5115 2214 5151; x_wconf 77' lang='grc' dir='ltr'>,ενα</span> <span class='ocrx_word' id='word_1_699' title='bbox 2269 5096 2494 5177; x_wconf 73' lang='grc' dir='ltr'>αἰσχρόν</span> <span class='ocrx_word' id='word_1_700' title='bbox 2536 5096 2648 5154; x_wconf 91' lang='grc' dir='ltr'>ἐστι</span> <span class='ocrx_word' id='word_1_701' title='bbox 2704 5097 2794 5156; x_wconf 87' lang='grc' dir='ltr'><strong>καὶ</strong></span> <span class='ocrx_word' id='word_1_702' title='bbox 2849 5099 3048 5180; x_wconf 81' lang='grc' dir='ltr'>λέγειν,</span> <span class='ocrx_word' id='word_1_703' title='bbox 3113 5097 3250 5158; x_wconf 75' lang='grc' dir='ltr'>οὕτω</span> <span class='ocrx_word' id='word_1_704' title='bbox 3292 5099 3382 5156; x_wconf 87' lang='grc' dir='ltr'><strong>καὶ</strong></span> <span class='ocrx_word' id='word_1_705' title='bbox 3423 5097 3516 5154; x_wconf 80' lang='grc' dir='ltr'><strong>τοῦ</strong></span> <span class='ocrx_word' id='word_1_706' title='bbox 3570 5093 3742 5152; x_wconf 83' lang='grc' dir='ltr'>δευτέ-</span> 
     </span>
    </p>
   </div>
   <div class='ocr_carea' id='block_1_101' title="bbox 334 5183 1963 5270">
    <p class='ocr_par' dir='ltr' id='par_1_101' title="bbox 334 5183 1963 5270">
     <span class='ocr_line' id='line_1_101' title="bbox 334 5183 1963 5270; baseline 0.006 -26"><span class='ocrx_word' id='word_1_707' title='bbox 334 5191 660 5270; x_wconf 79' lang='lat' dir='ltr'><strong>conspectu</strong></span> <span class='ocrx_word' id='word_1_708' title='bbox 689 5183 823 5248; x_wconf 88' lang='lat' dir='ltr'><strong>Dei.</strong></span> <span class='ocrx_word' id='word_1_709' title='bbox 857 5187 930 5246; x_wconf 88' lang='lat' dir='ltr'><strong>Et</strong></span> <span class='ocrx_word' id='word_1_710' title='bbox 957 5185 1113 5249; x_wconf 90' lang='lat' dir='ltr'><strong>sicut</strong></span> <span class='ocrx_word' id='word_1_711' title='bbox 1166 5187 1271 5252; x_wconf 88' lang='lat' dir='ltr'><strong>ille</strong></span> <span class='ocrx_word' id='word_1_712' title='bbox 1300 5189 1719 5254; x_wconf 90' lang='lat' dir='ltr'><strong>abominabilis</strong></span> <span class='ocrx_word' id='word_1_713' title='bbox 1749 5199 1840 5254; x_wconf 87' lang='lat' dir='ltr'><strong>est</strong></span> <span class='ocrx_word' id='word_1_714' title='bbox 1868 5193 1963 5255; x_wconf 63' lang='lat' dir='ltr'><strong>De:</strong></span> 
     </span>
    </p>
   </div>
   <div class='ocr_carea' id='block_1_102' title="bbox 2109 5183 3738 5270">
    <p class='ocr_par' dir='ltr' id='par_1_102' title="bbox 2110 5186 3738 5270">
     <span class='ocr_line' id='line_1_102' title="bbox 2110 5186 3738 5270; baseline 0 -28"><span class='ocrx_word' id='word_1_715' title='bbox 2110 5207 2170 5242; x_wconf 89' lang='grc' dir='ltr'><strong>ου</strong></span> <span class='ocrx_word' id='word_1_716' title='bbox 2246 5186 2312 5243; x_wconf 80' lang='grc' dir='ltr'><strong>τὰ</strong></span> <span class='ocrx_word' id='word_1_717' title='bbox 2381 5187 2648 5263; x_wconf 83' lang='grc' dir='ltr'>ὑψώματα</span> <span class='ocrx_word' id='word_1_718' title='bbox 2728 5193 2829 5257; x_wconf 79' lang='grc' dir='ltr'><strong>τῆς</strong></span> <span class='ocrx_word' id='word_1_719' title='bbox 2902 5187 3116 5270; x_wconf 86' lang='grc' dir='ltr'>καρδίας</span> <span class='ocrx_word' id='word_1_720' title='bbox 3201 5186 3539 5268; x_wconf 87' lang='grc' dir='ltr'>βδελύγματα</span> <span class='ocrx_word' id='word_1_721' title='bbox 3609 5187 3738 5243; x_wconf 79' lang='grc' dir='ltr'>εἰσιν</span> 
     </span>
    </p>
   </div>
   <div class='ocr_carea' id='block_1_103' title="bbox 332 5269 1961 5366">
    <p class='ocr_par' dir='ltr' id='par_1_103' title="bbox 332 5269 1961 5366">
     <span class='ocr_line' id='line_1_103' title="bbox 332 5269 1961 5366; baseline 0.007 -33"><span class='ocrx_word' id='word_1_722' title='bbox 332 5269 396 5332; x_wconf 89' lang='lat' dir='ltr'><strong>in</strong></span> <span class='ocrx_word' id='word_1_723' title='bbox 417 5272 712 5366; x_wconf 85' lang='lat' dir='ltr'><strong>requiem,</strong></span> <span class='ocrx_word' id='word_1_724' title='bbox 739 5273 820 5337; x_wconf 94' lang='lat' dir='ltr'><strong>ita</strong></span> <span class='ocrx_word' id='word_1_725' title='bbox 845 5274 1032 5357; x_wconf 52' lang='lat' dir='ltr'><strong>et.hic</strong></span> <span class='ocrx_word' id='word_1_726' title='bbox 1060 5276 1336 5360; x_wconf 88' lang='lat' dir='ltr'><strong>impurus</strong></span> <span class='ocrx_word' id='word_1_727' title='bbox 1354 5287 1446 5345; x_wconf 89' lang='lat' dir='ltr'><strong>est</strong></span> <span class='ocrx_word' id='word_1_728' title='bbox 1467 5298 1668 5344; x_wconf 84' lang='lat' dir='ltr'><strong>coram</strong></span> <span class='ocrx_word' id='word_1_729' title='bbox 1690 5278 1835 5361; x_wconf 92' lang='lat' dir='ltr'><strong>Deo,</strong></span> <span class='ocrx_word' id='word_1_730' title='bbox 1854 5279 1961 5366; x_wconf 88' lang='lat' dir='ltr'><strong>qui</strong></span> 
     </span>
    </p>
   </div>
   <div class='ocr_carea' id='block_1_104' title="bbox 2110 5269 3739 5366">
    <p class='ocr_par' dir='ltr' id='par_1_104' title="bbox 2110 5269 3739 5360">
     <span class='ocr_line' id='line_1_104' title="bbox 2110 5269 3739 5360; baseline 0.001 -29"><span class='ocrx_word' id='word_1_731' title='bbox 2110 5273 2302 5332; x_wconf 86' lang='grc' dir='ltr'>νώπιον</span> <span class='ocrx_word' id='word_1_732' title='bbox 2388 5282 2481 5332; x_wconf 88' lang='grc' dir='ltr'><strong>τοῦ</strong></span> <span class='ocrx_word' id='word_1_733' title='bbox 2553 5284 2710 5342; x_wconf 86' lang='grc' dir='ltr'>Θεοῦ.</span> <span class='ocrx_word' id='word_1_734' title='bbox 2780 5279 2880 5337; x_wconf 85' lang='grc' dir='ltr'>Καὶ</span> <span class='ocrx_word' id='word_1_735' title='bbox 2964 5269 3143 5360; x_wconf 80' lang='grc' dir='ltr'>ὥσπερ</span> <span class='ocrx_word' id='word_1_736' title='bbox 3223 5277 3430 5343; x_wconf 75' lang='grc' dir='ltr'>ἐκεῖνος</span> <span class='ocrx_word' id='word_1_737' title='bbox 3515 5275 3739 5355; x_wconf 83' lang='grc' dir='ltr'>ἀποτρό-</span> 
     </span>
    </p>
   </div>
   <div class='ocr_carea' id='block_1_105' title="bbox 333 5363 1962 5451">
    <p class='ocr_par' dir='ltr' id='par_1_105' title="bbox 333 5363 1892 5447">
     <span class='ocr_line' id='line_1_105' title="bbox 333 5363 1892 5447; baseline 0.005 -25"><span class='ocrx_word' id='word_1_738' title='bbox 333 5368 427 5422; x_wconf 85' lang='lat' dir='ltr'><strong>est</strong></span> <span class='ocrx_word' id='word_1_739' title='bbox 451 5363 770 5447; x_wconf 87' lang='lat' dir='ltr'><strong>superbus.</strong></span> <span class='ocrx_word' id='word_1_740' title='bbox 1873 5363 1892 5366; x_wconf 61' lang='grc'><strong><em>“</em></strong></span> 
     </span>
    </p>
   </div>
   <div class='ocr_carea' id='block_1_106' title="bbox 2109 5363 3738 5451">
    <p class='ocr_par' dir='ltr' id='par_1_106' title="bbox 2109 5367 3738 5451">
     <span class='ocr_line' id='line_1_106' title="bbox 2109 5367 3738 5451; baseline 0.002 -32"><span class='ocrx_word' id='word_1_741' title='bbox 2109 5386 2231 5429; x_wconf 79' lang='grc' dir='ltr'>ταιος</span> <span class='ocrx_word' id='word_1_742' title='bbox 2293 5371 2370 5441; x_wconf 80' lang='grc' dir='ltr'><strong>τῷ</strong></span> <span class='ocrx_word' id='word_1_743' title='bbox 2441 5373 2558 5442; x_wconf 88' lang='grc' dir='ltr'><strong>Θεῷ</strong></span> <span class='ocrx_word' id='word_1_744' title='bbox 2609 5368 2684 5432; x_wconf 85' lang='grc' dir='ltr'><strong>είς</strong></span> <span class='ocrx_word' id='word_1_745' title='bbox 2741 5367 3062 5451; x_wconf 78' lang='grc' dir='ltr'>ἀνάπαυσιν,</span> <span class='ocrx_word' id='word_1_746' title='bbox 3106 5368 3192 5426; x_wconf 79' lang='grc' dir='ltr'><strong>διὰ</strong></span> <span class='ocrx_word' id='word_1_747' title='bbox 3247 5370 3310 5426; x_wconf 82' lang='grc' dir='ltr'>τὺ</span> <span class='ocrx_word' id='word_1_748' title='bbox 3378 5369 3522 5426; x_wconf 72' lang='grc' dir='ltr'>εἶναι</span> <span class='ocrx_word' id='word_1_749' title='bbox 3579 5367 3738 5424; x_wconf 80' lang='grc' dir='ltr'>αὐτὸν</span> 
     </span>
    </p>
   </div>
   <div class='ocr_carea' id='block_1_107' title="bbox 2070 5453 3737 5538">
    <p class='ocr_par' dir='ltr' id='par_1_107' title="bbox 2070 5453 3737 5538">
     <span class='ocr_line' id='line_1_107' title="bbox 2070 5453 3737 5538; baseline 0.002 -28"><span class='ocrx_word' id='word_1_750' title='bbox 2070 5453 2264 5534; x_wconf 88' lang='grc' dir='ltr'>σάρκα,</span> <span class='ocrx_word' id='word_1_751' title='bbox 2310 5456 2448 5512; x_wconf 82' lang='grc' dir='ltr'>κατὰ</span> <span class='ocrx_word' id='word_1_752' title='bbox 2507 5457 2570 5513; x_wconf 83' lang='grc' dir='ltr'><strong>τὸ</strong></span> <span class='ocrx_word' id='word_1_753' title='bbox 2635 5455 2841 5538; x_wconf 88' lang='grc' dir='ltr'>λόγιον,</span> <span class='ocrx_word' id='word_1_754' title='bbox 2899 5459 3038 5517; x_wconf 71' lang='grc' dir='ltr'>οὕτω</span> <span class='ocrx_word' id='word_1_755' title='bbox 3091 5460 3180 5518; x_wconf 86' lang='grc' dir='ltr'><strong>καὶ</strong></span> <span class='ocrx_word' id='word_1_756' title='bbox 3229 5459 3379 5526; x_wconf 78' lang='grc' dir='ltr'>οὗτος</span> <span class='ocrx_word' id='word_1_757' title='bbox 3437 5457 3580 5538; x_wconf 80' lang='grc' dir='ltr'>παρὰ</span> <span class='ocrx_word' id='word_1_758' title='bbox 3622 5465 3737 5514; x_wconf 81' lang='grc' dir='ltr'><strong>Κυ-</strong></span> 
     </span>
    </p>
   </div>
   <div class='ocr_carea' id='block_1_108' title="bbox 2067 5543 3738 5630">
    <p class='ocr_par' dir='ltr' id='par_1_108' title="bbox 2067 5543 3738 5630">
     <span class='ocr_line' id='line_1_108' title="bbox 2067 5543 3738 5630; baseline -0.009 -12"><span class='ocrx_word' id='word_1_759' title='bbox 2067 5544 2164 5625; x_wconf 72' lang='grc' dir='ltr'><strong>Ρίῳ</strong></span> <span class='ocrx_word' id='word_1_760' title='bbox 2241 5543 2559 5627; x_wconf 74' lang='grc' dir='ltr'>ἀκάθαρτος,</span> <span class='ocrx_word' id='word_1_761' title='bbox 2646 5543 2733 5604; x_wconf 78' lang='grc' dir='ltr'><strong>διὰ</strong></span> <span class='ocrx_word' id='word_1_762' title='bbox 2827 5550 2890 5606; x_wconf 78' lang='grc' dir='ltr'>τὸ</span> <span class='ocrx_word' id='word_1_763' title='bbox 2989 5553 3130 5608; x_wconf 86' lang='grc' dir='ltr'>εἶναι</span> <span class='ocrx_word' id='word_1_764' title='bbox 3211 5550 3370 5609; x_wconf 73' lang='grc' dir='ltr'>αὐτὸν</span> <span class='ocrx_word' id='word_1_765' title='bbox 3453 5549 3738 5630; x_wconf 78' lang='grc' dir='ltr'>ὑπερήφα-</span> 
     </span>
    </p>
   </div>
   <div class='ocr_carea' id='block_1_109' title="bbox 2066 5665 2182 5704">
    <p class='ocr_par' dir='ltr' id='par_1_109' title="bbox 2066 5665 2182 5704">
     <span class='ocr_line' id='line_1_109' title="bbox 2066 5665 2182 5704; baseline 0.009 -1"><span class='ocrx_word' id='word_1_766' title='bbox 2066 5665 2182 5704; x_wconf 87' lang='grc' dir='ltr'>νον.</span> 
     </span>
    </p>
   </div>
   <div class='ocr_carea' id='block_1_110' title="bbox 414 5763 916 5846">
    <p class='ocr_par' dir='ltr' id='par_1_110' title="bbox 414 5763 916 5846">
     <span class='ocr_line' id='line_1_110' title="bbox 414 5763 916 5846; baseline 0.002 -14"><span class='ocrx_word' id='word_1_767' title='bbox 414 5763 447 5816; x_wconf 75' lang='grc'><strong>4</strong></span> <span class='ocrx_word' id='word_1_768' title='bbox 473 5767 646 5832; x_wconf 86' lang='lat' dir='ltr'><strong>Prov.</strong></span> <span class='ocrx_word' id='word_1_769' title='bbox 679 5783 780 5846; x_wconf 80' lang='lat' dir='ltr'><strong>xv,</strong></span> <span class='ocrx_word' id='word_1_770' title='bbox 815 5771 916 5833; x_wconf 77' lang='lat' dir='ltr'><strong>t3.</strong></span> 
     </span>
    </p>
   </div>
  </div>
