4126 6390
264 327 388 393 869

1277 328 1821 397 PRACTIGORUM
1863 327 2206 397 CAPITUM
2250 325 2641 400 CENTURIA
2687 336 2714 398 Ι

3550 333 3672 407 870

347 455 452 538 λζ’.
515 468 588 527 Οἶ)
648 469 749 550 γὰρ
791 469 844 526 εἴ
900 491 951 527 τι
1006 470 1196 547 πάθος,
1259 479 1414 529 τοῦτο
1471 471 1558 526 καὶ
1616 468 1918 550 ’έμπρακτος

2083 468 2185 530 37.
2219 466 2348 530 Non
2374 469 2531 550 quod
2565 469 2859 551 cupiditas
2909 466 2986 532 sit
3032 479 3197 534 actus
3247 473 3497 555 peccati,
3561 476 3667 540 sed

264 559 498 638 ἁμαρτία
530 579 544 593 ⁸
603 559 741 618 ἀλλὰ
781 561 958 642 ἕτερον
1009 567 1188 642 τοῦτο,
1235 563 1324 618 καὶ
1365 559 1496 618 ἄλλο
1553 559 1750 621 ἐκεῖνο.
1807 561 1925 616 Πά-

264 649 356 710 θος
401 647 496 724 μὲν
554 649 643 706 οὖν
685 650 794 706 ἐστι
837 654 899 708 τὸ
950 650 1034 708 ἐπὶ
1091 652 1277 730 ψυχὴν
1333 652 1642 726 κινούμενον
1671 670 1688 687 ο
1743 649 1927 728 πρᾶξις

267 734 323 792 δὲ
354 736 684 821 ἐφάμαρτος,
727 743 763 809 ἡ
795 741 880 798 ἐπὶ
922 742 983 797 τὸ
1039 747 1196 817 σῶμα
1225 739 1561 820 θεωρουμένη
1595 757 1609 770 ⁸
1658 743 1777 797 οἷον
1815 737 1928 820 φιλο

267 823 477 902 ηδονία,
549 827 884 911 φιλαργυρία,
970 831 1059 886 καὶ
1140 827 1426 909 φιλοδοξία,
1497 830 1640 896 πάθη
1713 826 1933 908 χαλεπά

267 913 381 972 ἐστι
453 923 552 985 τῆς
612 923 796 999 ψυχῆς
832 936 848 952 ⁶
908 920 1122 1000 πορνεία
1192 917 1269 995 δὲ,
1342 920 1432 975 καὶ
1487 915 1784 991 πλεονεξία,
1843 924 1934 979 καὶ

268 1003 466 1083 ἀδικία,
532 1007 746 1087 πράξεις
799 1010 1122 1092 ἐφάρμαρτοι
1181 1014 1280 1076 τῆς
1341 1008 1534 1088 σαρκός
1571 1024 1585 1040 ⁸
1660 1006 1928 1081 ἐπιθυμία,

267 1094 455 1169 θυμὸς,
515 1095 604 1151 καὶ
663 1097 1044 1178 ὑπερηφάνεια,
1105 1097 1248 1163 πάθη
1319 1101 1528 1176 ψυχῆς,
1589 1095 1732 1174 παρὰ
1783 1094 1932 1174 φύσιν

267 1188 376 1238 τῶν
431 1182 701 1261 δυνάμεων
774 1186 1098 1262 κινουμένων
1170 1188 1332 1252 αὖτῆς
1369 1200 1382 1215 ⁸
1460 1184 1651 1266 μοιχία
1727 1181 1782 1239 δὲ
1847 1186 1935 1241 καὶ

270 1271 456 1350 φόνος,
502 1272 681 1342 κλοπὴ
711 1276 799 1332 καὶ
830 1275 990 1356 μέθη,
1052 1275 1141 1332 καὶ
1188 1273 1240 1330 εἴ
1287 1297 1337 1330 τι
1388 1272 1520 1333 ἄλλο
1548 1271 1633 1330 διὰ
1674 1279 1768 1330 τοῦ
1819 1271 1933 1327 σώ-

269 1383 442 1434 ματος
498 1364 810 1442 πράττεται,
871 1363 1083 1444 πράξεις
1164 1363 1456 1444 ἐφάμαρτοι
1538 1363 1625 1418 καὶ
1694 1359 1936 1442 χαλεπαὶ

267 1455 368 1517 τῆς
399 1453 619 1532 σαρκός.

348 1528 480 1607 λη’..
501 1551 658 1620 Τρεῖς
720 1544 848 1599 εἰσιν
902 1545 950 1600 οἱ
1005 1543 1357 1623 γενικώτατοι
1399 1541 1613 1598 πάντων
1656 1545 1762 1595 τῶν
1818 1561 1930 1595 πα-

262 1631 369 1684 θῶν
430 1628 644 1712 ἔξαρχοι
682 1647 696 1661 ⁸
757 1635 842 1689 καὶ
897 1645 1043 1713 τρεῖς
1105 1636 1159 1688 αἱ
1213 1629 1333 1689 κατ’
1391 1632 1560 1689 αὐτῶν
1588 1625 1928 1702 παρατάξεις,

2008 555 2166 619 aliud
2187 557 2306 629 hic,
2333 557 2491 620 aliud
2515 558 2614 622 illa
2637 566 2748 622 est.
2773 559 3079 640 Cupiditas
3102 569 3191 622 est
3216 571 3407 624 motus
3429 565 3662 628 animae.

2011 655 2178 708 actus
2209 647 2664 727 peccaminosus
2694 647 2766 709 ad
2801 667 3018 730 corpus
3046 658 3291 730 spectat.
3325 652 3425 714 Sic
3459 653 3666 732 libido,

2013 735 2257 796 avaritia
2286 735 2607 797 etambitio
2639 745 2774 797 sunt
2808 755 2997 817 pravae
3029 738 3384 820 cupiditates
3413 742 3671 820 animae;

2014 823 2322 886 fornicatio
2345 834 2568 900 autem,
2595 823 2734 886 boni
2759 826 2937 888 alieni
2962 829 3270 909 usurpatio
3294 837 3351 891 et
3382 830 3674 911 injuslitia

2017 923 2156 975 sunt
2187 915 2588 995 peccaminosi
2633 915 2829 977 carnis
2881 924 3096 979 actus:
3159 919 3666 1001 concupiscentia,

2015 1001 2103 1063 ira
2132 1010 2190 1063 et
2219 1003 2520 1086 superbia,
2552 1004 2908 1085 cupiditates
2955 1014 3095 1068 sunt
3123 1007 3336 1070 animae
3365 1009 3672 1076 facultates

2016 1109 2150 1152 suas
2183 1101 2388 1154 contra
2417 1106 2689 1155 naturam
2753 1095 3088 1173 moventis;
3137 1097 3494 1162 adulterium
3528 1121 3667 1164 vero

2016 1189 2075 1242 et
2103 1184 2319 1256 caedes,
2351 1183 2568 1244 furtum
2620 1191 2678 1246 et
2727 1184 3004 1260 ebrietas,
3065 1193 3125 1249 et
3183 1188 3416 1268 quidvis
3445 1189 3603 1252 aliud
3635 1210 3670 1254 a

2016 1288 2266 1362 corpore
2317 1281 2634 1353 patratum,
2719 1274 3122 1354 peccaminosi
3189 1285 3328 1340 sunt
3383 1279 3668 1362 pravique

2018 1360 2215 1422 carnis
2242 1370 2429 1426 actus.

2096 1537 2198 1601 38-
2229 1539 2377 1633 Tres
2407 1549 2543 1603 sunt
2571 1541 3012 1621 generalissimi
3070 1545 3475 1610 universarum
3508 1551 3670 1633 cupi-

2013 1626 2264 1692 ditatum
2297 1630 2503 1706 duccs,
2539 1640 2598 1693 et
2651 1639 2773 1694 tres
2832 1641 3038 1694 contra
3085 1652 3187 1696 eos
3241 1636 3424 1713 acies,
3459 1647 3517 1701 et
3547 1626 3669 1704 tres

261 1719 352 1773 καὶ
402 1732 548 1796 τρεῖς
604 1723 650 1778 οἱ
709 1722 910 1778 τούτων
967 1720 1452 1800 καταγωνιζόμενοί
1497 1743 1555 1776 τε
1607 1721 1695 1776 καὶ
1741 1739 1918 1774 κατα-

2028 1725 2404 1812 ιιιηιλῐιεηιρθ
2427 1720 2748 1802 incipiens,
2780 1722 3100 1800 proficiens
3135 1731 3194 1786 et
3223 1725 3542 1806 perfectus,
3567 1739 3668 1812 qui

267 1803 557 1873 ϐάλλοντες
592 1825 606 1839 ⁶
655 1812 684 1866 6
731 1813 1102 1891 εἷσαγωγικὸς,
1165 1813 1192 1866 6
1238 1809 1425 1886 μέσος,
1485 1811 1575 1866 καὶ
1618 1811 1645 1865 6
1675 1806 1876 1870 τέλειος
1909 1821 1928 1840 ⁸

2028 1823 2118 1867 eos
2147 1806 2470 1885 debellant,
2529 1829 2602 1872 ac
2657 1817 3043 1890 prosternunt
3095 1803 3417 1893 tricipitem
3449 1803 3670 1881 amoris

268 1897 362 1952 τὸν
417 1903 515 1965 τῆς
574 1898 902 1980 φιληδονίας,
962 1903 1054 1958 τὸν
1110 1905 1210 1967 τῆς
1265 1899 1634 1981 φιλαργυρίας,
1695 1898 1783 1953 καὶ
1839 1897 1931 1952 τὸν

2028 1895 2406 1980 voluptatum,
2465 1901 2852 1981 pecuniaeque
2882 1908 2941 1961 et
2990 1901 3286 1964 honorum
3319 1903 3667 1973 draconem.

270 1991 372 2053 τῆς
419 1987 714 2072 φιλοδοξίας
743 1991 1055 2072 τρικέφαλον
1085 1989 1367 2070 δράκοντα.

349 2067 454 2138 λθ’.
489 2081 606 2160 Ούχ
648 2084 730 2145 εἷς
755 2082 843 2138 καὶ
875 2084 903 2138 6
932 2079 1090 2145 αὐτὸς
1138 2080 1285 2159 ἁγὼν
1333 2093 1451 2144 τοῖς
1501 2078 1638 2158 τρισὶ
1663 2075 1800 2133 κατὰ
1827 2079 1934 2131 τῶν

269 2173 428 2246 τριῶν
485 2167 670 2249 ἀρχῶν
717 2172 806 2227 καὶ
857 2168 1126 2244 δυνάμεων
1184 2175 1277 2227 τοῦ
1310 2167 1722 2249 -.ἐξουσιάζοντος
1765 2165 1930 2222 πνεύ-

269 2237 463 2338 ματος,
522 2237 645 2316 άλλ’
703 2259 862 2326 ἄλλος
904 2261 994 2318 καὶ
1060 2260 1246 2325 ἄλλος.
1310 2237 1516 2322 νΑλλως
1573 2258 1708 2313 κατὰ
1762 2276 1928 2335 στρα-

268 2347 560 2424 τευομένης
590 2355 688 2418 τῆς
719 2357 842 2427 μιᾶς
873 2352 960 2408 καὶ
990 2358 1114 2428 μιᾶς
1145 2350 1348 2408 τούτων
1383 2349 1559 2428 ἀρχῆς
1590 2344 1674 2427 ὑφ’
1705 2345 1930 2402 ἑκάστου

268 2443 362 2491 τοῦ
384 2438 516 2516 πρὸς
541 2439 638 2506 τὴν
663 2441 851 2520 μάχην
875 2440 1036 2509 αὐτῆς
1065 2439 1345 2516 ἱσταμένου
1375 2440 1462 2495 καὶ
1481 2433 1930 2510 καθοπλιζομένου

273 2532 510 2606 φυσικῶς
553 2535 632 2604 τῷ
660 2527 846 2605 δικαίῳ
874 2534 1044 2606 θυμῷ.

353 2605 436 2692 μ’.
476 2608 532 2676 Ὀ
563 2617 678 2699 ἄρτι
707 2622 838 2700 πρὸς
884 2605 1006 2684 τοὺς
1056 2621 1267 2700 ἀγῶνας
1325 2624 1425 2687 τῆς
1483 2615 1749 2682 εὐσεϐείας
1803 2614 1936 2671 ἁπο-

2098 2075 2197 2140 39.
2225 2075 2348 2138 Non
2377 2096 2561 2139 unum
2584 2085 2641 2141 et
2663 2077 2822 2140 idem
2846 2085 2936 2139 est
2968 2077 3154 2141 tribus
3184 2089 3487 2145 certamen
3519 2104 3668 2148 con-

2016 2181 2108 2234 ira
2155 2175 2274 2228 tres
2322 2166 2504 2229 duces
2553 2176 2612 2230 et
2658 2167 2955 2230 exercitus
3013 2171 3229 2231 summi
3289 2170 3669 2252 imperatoris

2012 2255 2276 2337 spiritus,
2302 2255 2409 2318 sed
2428 2255 2587 2317 aliud
2615 2264 2672 2318 et
2701 2256 2886 2319 aliud.
2915 2255 3109 2319 Aliter
3140 2267 3434 2338 pugnatur
3465 2274 3672 2327 contra

2011 2363 2221 2418 unum,
2245 2353 2304 2407 et
2323 2345 2498 2408 aliter
2517 2355 2722 2408 contra
2739 2345 2990 2408 alterum
3017 2345 3233 2408 ducum
3281 2349 3382 2430 qui
3414 2351 3674 2417 militant

2013 2433 2122 2496 sub
2154 2434 2403 2512 singulis
2437 2435 2712 2516 perfectis
2742 2453 2844 2497 eos
2873 2435 2946 2496 ad
2995 2435 3262 2517 przelium
3309 2439 3668 2507 ducentibus

2017 2532 2075 2587 et
2098 2524 2259 2605 justa
2287 2524 2646 2601 fortitudine
2665 2524 3015 2587 naturaliter
3041 2525 3305 2590 armatis.

2099 2615 2200 2678 40.
2235 2613 2347 2687 Qui
2379 2633 2569 2696 nuper
2617 2613 2691 2676 ad
2737 2632 2954 2694 agones
3011 2612 3244 2695 pietatis
3305 2635 3371 2679 se
3401 2617 3666 2698 nudavit,

269 2703 588 2785 δυσάμενος,
674 2711 762 2766 καὶ
833 2713 1183 2791 εἷσαγωγικὸς
1264 2711 1336 2768 ὢν
1430 2711 1562 2789 πρὸς
1647 2701 1931 2786 παράταξιν

2028 2702 2238 2784 quique
2266 2703 2476 2786 incipit
2505 2723 2764 2785 pugnam
2800 2711 3005 2765 contra
3035 2703 3408 2785 cupiditates,
3443 2709 3667 2772 adver-

272 2804 384 2854 τῶν
424 2802 630 2880 παθῶν,
675 2801 811 2858 γατὰ
855 2808 948 2858 τοῦ
995 2802 1294 2876 πνεύματος
1339 2799 1437 2869 τῆς
1488 2796 1791 2880 φιληδονίας
1821 2801 1931 2851 πᾶ-

2028 2811 2122 2856 sus
2146 2793 2394 2856 luxuriae
2422 2794 2694 2875 spiritum
2729 2793 2945 2854 Iuctam
2978 2811 3216 2854 omnem
3247 2794 3470 2876 dirigit,
3498 2799 3668 2861 totis-

274 2908 375 2944 σαν
404 2886 548 2968 αἴρει
603 2889 703 2956 τὴν
745 2890 934 2972 μάχην
976 2890 1156 2967 αυτοῦ,
1217 2892 1308 2946 καὶ
1362 2887 1576 2952 δυνατὸς
1635 2885 1721 2942 διὰ
1755 2885 1931 2951 πάσης

2028 2901 2133 2962 que
2163 2882 2386 2944 viribus
2417 2901 2524 2964 per
2552 2882 2735 2944 multa
2760 2889 3052 2944 tormenta
3081 2892 3288 2946 contra
3306 2903 3440 2948 eum
3461 2888 3672 2952 decer-

272 2979 633 3042 κακοπαθείας
702 2977 820 3036 κατ’
854 2970 861 2972 ἡ
893 2980 1052 3038 αὖτοὺ
1120 2979 1476 3060 ἐκστρατεύει,
1562 2977 1761 3056 σάρκας
1836 2973 1931 3051 μὲν

2028 2977 2121 3060 tat,
2173 2990 2414 3034 carnem
2473 2981 2803 3034 extenuans
2857 2970 3215 3034 abstinendo
3267 2974 3442 3058 cibis,
3503 2977 3670 3039 humi

270 3079 400 3130 ταῖς
443 3066 669 3134 ἀσιτίαις
725 3067 966 3140 ἐκτήκων
1018 3083 1142 3133 ταῖς
1199 3059 1540 3150 χαμευνίαις,
1584 3079 1707 3129 ταῖς
1765 3065 1931 3144 ἀγρυ-

2028 3059 2312 3150 cubando,
2346 3068 2526 3123 totam
2561 3069 2794 3124 noctem
2825 3061 2886 3122 in
2913 3060 3129 3141 vigiliis
3153 3072 3212 3126 et
3233 3065 3500 3128 oratione
3523 3086 3669 3130 con-

272 3155 478 3231 πνίαις,
526 3159 615 3214 καὶ
655 3171 778 3222 ταῖς
833 3159 1124 3240 παννύχοις
1179 3134 1412 3234 δέήσεσι,
1469 3155 1652 3236 ψυχὴν
1703 3152 1758 3210 δὲ
1800 3175 1930 3212 συν-

2028 3134 2308 3211 sumendo
2343 3167 2359 3224 ;
2399 3150 2659 3212 animam
2691 3168 2830 3212 vero
2887 3134 3203 3212 conterens
3251 3154 3672 3218 recordatione

271 3242 467 3323 τρίϐων
496 3252 566 3324 τῇ
599 3248 789 3325 μνήμῃ
831 3251 937 3304 τῶν
991 3239 1084 3308 τοῦ
1135 3246 1260 3321 ᾅδου
1316 3252 1539 3321 ποινῶν,
1585 3245 1674 3301 καὶ
1727 3249 1796 3320 τῇ
1839 3249 1931 3299 τοῦ

2028 3257 2325 3319 poenarum
2356 3239 2577 3302 inferni
2607 3248 2666 3302 et
2691 3239 2896 3301 mortis
2919 3241 3329 3317 meditatione,
3355 3255 3411 3305 et
3437 3263 3470 3305 a
3491 3245 3672 3308 corde

272 3335 498 3392 θανάτου
532 3335 754 3414 μελέτῃ,
795 3339 884 3394 καὶ
910 3339 1010 3405 τὴν
1039 3335 1250 3418 καρδίαν
1279 3337 1622 3414 ἀποσμήχων
1651 3343 1742 3391 τοῦ
1769 3332 1931 3411 ῥύπου

2028 3336 2330 3407 extergens
2360 3347 2468 3410 per
2492 3329 2856 3412 poenitentiae
2878 3329 3167 3410 lacrymas
3182 3331 3421 3394 sordem
3443 3334 3671 3414 copulae

276 3426 388 3477 τῶν
417 3422 752 3502 συνδυασμῶν
796 3429 885 3484 καὶ
939 3426 1368 3507 συγκαταθέσεων
1423 3423 1506 3481 διὰ
1547 3423 1782 3503 δακρύων
1837 3427 1931 3489 τῆς

2028 3424 2078 3480 et
2109 3419 2454 3481 commercii
2485 3420 2762 3484 carnalis.

285 3514 584 3586 μετανοίας,

365 3591 483 3677 μα’.
521 3594 575 3661 Ὀ
599 3606 730 3685 πρὸς
771 3607 833 3662 τὸ
866 3604 1026 3682 μέσον
1070 3611 1168 3672 τῆς
1220 3605 1400 3686 ἀρχῆς
1448 3601 1799 3680 μεταθέμενος
1832 3600 1931 3668 τὴν

2101 3599 2201 3661 41.
2238 3596 2349 3672 Qui
2379 3598 2456 3661 de
2476 3599 2648 3686 initio
2678 3599 2751 3661 ad
2783 3597 3046 3661 medium
3091 3617 3330 3679 gressus
3358 3603 3670 3678 convertit,

276 3689 540 3770 ἐπίϐασιν,
574 3697 661 3752 καὶ
714 3697 834 3761 τοὺς
889 3695 1106 3775 ἱδρῶτας
1162 3697 1282 3759 τοὺς
1340 3695 1477 3750 κατὰ
1532 3699 1622 3749 τοῦ
1656 3690 1931 3773 φιληδόνου

2028 3686 2409 3770 sudoresquae
2437 3679 2500 3750 in
2532 3688 2808 3751 luctando
2866 3697 3071 3750 contra
3130 3688 3374 3750 luxuriae
3403 3689 3676 3771 Spiritum

269 3783 573 3858 πνεύματος
632 3783 716 3842 διὰ
770 3793 863 3844 τοῦ
915 3787 1150 3864 σπόγγου
1213 3790 1311 3853 τῆς
1383 3783 1603 3858 πρώτης
1682 3780 1931 3847 ἀπαθείας

2028 3775 2260 3840 elicitos
2312 3779 2519 3858 prima;
2572 3777 3062 3859 impassibilitatis
3109 3779 3358 3859 spongia
3407 3781 3678 3862 extersit,

267 3872 706 3956 ρπομαξάμενος,
748 3875 864 3957 ἄρτι
907 3874 962 3932 δὲ
1009 3877 1128 3939 τοὺς
1177 3873 1480 3954 ὀφθαλμοὺς
1516 3870 1931 3952 ἆποῖιαλυφθεὶς,

2029 3865 2253 3947 quique
2307 3879 2587 3931 recenter
2640 3868 3043 3948 discooperuit
3098 3867 3300 3929 oculos
3353 3887 3677 3950 rerumque

262 3962 479 4026 καὶτὰς
528 3965 708 4044 φύσεις
767 3969 890 4047 ὁρᾷν
941 3971 1043 4024 τῶν
1088 3963 1252 4022 ὄντων
1299 3962 1614 4044 ἀρξάμενος,
1667 3963 1806 4019 κατὰ
1849 3968 1931 4018 τοῐ

2028 3965 2267 4047 naturas
2297 3958 2679 4020 considerare
2711 3958 2954 4038 incepit,
2988 3964 3195 4047 contra
3223 3957 3499 4038 spiritum
3525 3959 3678 4021 difﬁ-

273 4052 578 4129 πνεύματος
649 4061 748 4124 τῆς
802 4046 1024 4114 άπίστου
1077 4054 1421 4136 φιλαργυρίας
1479 4052 1620 4125 αἴρει
1674 4053 1742 4108 τὰ
1803 4049 1931 4108 ὅπλα

2028 4046 2223 4109 dentis
2270 4047 2527 4110 avaritiae
2573 4048 2724 4111 tollit
2767 4064 2932 4109 arma
2972 4046 3136 4123 ﬁdei,
3201 4055 3462 4112 mentem
3505 4067 3674 4112 suam

272 4145 376 4210 τῆς
406 4145 660 4222 πίστεως,
691 4148 780 4204 τὸν
826 4156 944 4205 νοῦν
977 4145 1076 4223 μὲν
1123 4145 1338 4220 ἀνυψῶν
1381 4143 1566 4202 ἑαυτοῦ
1619 4148 1688 4219 τῇ
1735 4140 1931 4218 μελέτῃ

2028 4137 2260 4200 elevans
2287 4137 2675 4201 meditatione
2706 4136 3042 4199 divinorum
3073 4153 3349 4216 operum,
3380 4138 3674 4200 rationem

277 4239 387 4290 τῶν
457 4236 610 4293 θείων
678 4236 1026 4317 πραγμάτων,
1107 4237 1198 4291 τὸν
1225 4233 1310 4289 ’δὲ
1378 4232 1538 4312 λόγον
1607 4233 1931 4311 παραθήγων

2028 4237 2254 4294 acutam
2301 4238 2359 4292 et
2402 4229 2808 4312 perspicacem
2860 4229 3123 4292 reddens
3170 4228 3246 4291 ad
3294 4229 3676 4311 explicandas

274 4335 400 4386 τοῖς
429 4321 613 4404 λόγοις
642 4331 741 4394 τῆς
790 4327 1034 4400 κτίσεως,
1095 4325 1185 4383 καὶ
1227 4326 1301 4388 εἷς
1339 4325 1399 4380 τὸ
1456 4323 1552 4387 τὰς
1595 4322 1774 4404 φύσεις
1833 4323 1931 4378 αύ-

2028 4327 2429 4382 creaturarum
2459 4319 2722 4381 rationes
2752 4337 2820 4381 ac
2856 4325 3118 4395 naturas,
3179 4325 3238 4380 et
3266 4317 3524 4380 animam
3556 4319 3674 4381 du-

273 4418 386 4469 τῶν
436 4411 794 4495 ἐκδιηγεῖσθαι
851 4414 1141 4496 διατρανῶν
1176 4433 1193 4451 ⁶
1238 4414 1339 4481 τὴν
1385 4409 1440 4468 δὲ
1499 4412 1684 4492 ψυχὴν
1726 4411 1931 4491 ἀνάγων

2028 4428 2163 4471 cens
2193 4427 2228 4470 a
2254 4407 2586 4472 visibilibus
2613 4408 2687 4470 ad
2745 4405 3134 4496 invisibilium
3182 4406 3392 4496 ardua,
3423 4407 3678 4469 credens

275 4509 349 4580 τῇ
391 4504 566 4562 πίστει
595 4505 700 4562 ἀπὸ
727 4511 834 4564 τῶν
883 4494 1189 4586 ὁρωμένων,
1243 4503 1328 4561 ἐπὶ
1379 4503 1445 4560 τὰ
1489 4500 1601 4578 ὕψη
1631 4507 1738 4558 τῶν
1768 4500 1931 4580 ἀορά-

2028 4498 2407 4581 providentiae.
2436 4497 2555 4586 Dei
2575 4496 2738 4560 illius
2761 4497 2860 4579 qui
2888 4494 3135 4586 propria
3165 4495 3517 4576 operatione
3534 4514 3672 4586 om-

275 4613 410 4670 των,
457 4595 546 4651 καὶ
587 4596 779 4654 πείθων
825 4583 984 4652 αὐτὸν
1027 4594 1171 4652 εἶναι
1226 4591 1555 4674 προνοητὴν,
1603 4593 1694 4650 τὸν
1739 4590 1800 4647 ἐκ
1845 4600 1931 4650 τοῦ

2028 4587 2120 4651 nia
2147 4605 2223 4651 ex
2261 4587 2451 4650 nihilo
2489 4585 2700 4652 adiens
2730 4583 2954 4661 eduxit,
3002 4592 3180 4668 atque
3209 4592 3330 4648 tota
3356 4603 3465 4668 spe
3495 4584 3670 4648 vitam

276 4682 360 4759 μὴ
403 4681 555 4750 ὄντος
599 4686 672 4749 εἰς
720 4687 780 4742 τὸ
825 4685 969 4742 εἶναι
1009 4685 1076 4742 τὰ
1112 4683 1287 4741 πάντα
1337 4681 1720 4762 παραγαγόντα
1776 4681 1928 4758 Θεὸν,
2025 4676 2308 4742 divinam.

269 4775 380 4830 τῶν
410 4774 616 4832 οἰκείων
658 4771 848 4856 ἔργων,
900 4776 990 4832 καὶ
1045 4773 1178 4842 ὃλην
1235 4773 1334 4842 τὴν
1384 4770 1570 4829 ἐλπίδα
1626 4776 1794 4828 ποιῶν
1838 4772 1939 4838 τῆς

275 4860 456 4920 ἐνθέου
484 4865 652 4936 ζωῆς.

362 4940 478 5029 μβ’.
516 4943 572 5011 (Ο
609 4955 671 5011 τὸ
723 4953 886 5031 μέσον
928 4951 1015 5010 διὰ
1057 4952 1276 5032 θεωρίας
1331 4951 1420 5008 καὶ
1468 4949 1719 5016 ἀπαθείας
1777 4949 1931 5029 περά-

2101 4947 2202 5012 42.
2219 4944 2332 5020 Qui
2350 4945 2661 5010 dimidium
2677 4963 2792 5027 ope
2820 4941 3341 5025 contemplationis
3366 4951 3424 5008 et
3447 4943 3679 5027 impas-

273 5062 402 5117 σας,
472 5043 561 5098 καὶ
630 5043 693 5100 τὸ
750 5040 1026 5110 ἀπατηλὸν
1091 5039 1396 5120 ὑπερκύψας
1453 5044 1553 5107 τῆς
1607 5039 1931 5117 παγκοσμίου

2028 5035 2323 5101 sibilitatis
2353 5036 2609 5112 transiit,
2670 5033 3084 5116 fallaciamque
3135 5051 3349 5096 sensus
3395 5035 3683 5098 mundani

275 5130 598 5212 αἰσθήσεως,
630 5128 745 5212 ἄρτι
789 5129 844 5188 δὲ
889 5131 1025 5208 μετὰ
1065 5129 1158 5188 τοὸ
1205 5127 1368 5207 λόγου
1417 5132 1517 5194 τῆς
1563 5127 1811 5206 γνώσεως
1855 5133 1931 5183 καῖ

2028 5144 2453 5208 supergressus
2474 5133 2583 5198 est.
2607 5143 2676 5188 ac
2695 5131 2993 5202 recenter,
3015 5123 3259 5212 juvante
3275 5122 3473 5187 Verbo
3491 5125 3683 5187 scien-

273 5224 379 5287 τῆς
410 5211 764 5279 ἐνυποστάτου
794 5228 925 5278 Θεοῦ
977 5220 1188 5300 σοφίας,
1233 5225 1310 5293 τῷ
1359 5217 1540 5299 γνόφῳ
1597 5221 1698 5283 τῆς
1751 5214 1931 5273 θεολο-

2028 5215 2124 5278 tiae
2155 5224 2212 5278 et
2242 5215 2541 5297 personali
2588 5213 2697 5277 Dei
2733 5212 3052 5296 Sapientia,
3091 5211 3344 5276 obscura
3372 5212 3682 5294 ingressus

277 5309 400 5389 γίας
456 5308 648 5386 εἰσδὺς,
723 5311 860 5368 κατὰ
932 5316 1027 5368 τοῦ
1101 5307 1404 5384 πνεύματος
1459 5311 1558 5374 τῆς
1615 5303 1931 5387 φιλοδοξίας,

2028 5313 2118 5368 est
2146 5305 2459 5386 theologia;
2499 5305 2800 5386 mysteria,
2824 5311 3030 5365 contra
3053 5301 3329 5382 Spiritum
3360 5302 3680 5384 superbiae,

273 5397 444 5478 αἴρει,
476 5399 693 5477 δυνάμει
735 5405 834 5468 τῆς
879 5399 1386 5479 ταπεινοφροσύνης,
1432 5398 1498 5454 τὰ
1544 5393 1706 5471 ὅπλα,
1759 5396 1931 5477 dux-in

2028 5395 2369 5459 humilitate
2392 5393 2765 5470 obﬁrmatus,
2797 5411 2961 5456 arma
2993 5391 3167 5468 tollit,
3199 5392 3457 5455 animam
3489 5391 3551 5454 in
3581 5391 3679 5454 di-

275 5491 378 5567 μὲν
444 5491 500 5548 ἐν
556 5504 682 5556 ταῖς
743 5493 913 5570 ἱεραῖς
979 5487 1343 5565 ἆποκαλύῴεσι
1411 5487 1778 5563 κατανύσσων,
1851 5487 1931 5544 καῖ

2028 5485 2180 5548 vinis
2229 5483 2692 5548 revelationibus
2763 5499 3194 5564 compungeus,
3272 5481 3682 5564 lacrymasque

275 5578 474 5663 δάκρυα
503 5580 761 5663 προχέειν
803 5578 1080 5645 ἀνωδύνως
1107 5583 1276 5638 ποιῶν
1309 5592 1326 5612 °
1381 5578 1445 5635 τὸ
1499 5575 1556 5634 δέ
1583 5597 1646 5656 γε
1689 5575 1931 5656 φρόνημα

2028 5573 2154 5638 sine
2182 5573 2390 5639 dolore
2420 5572 2694 5652 eiiciens,
2740 5571 3005 5637 animum
3051 5588 3191 5636 vero
3240 5570 3534 5634 memoria
3560 5571 3680 5635 hu-
