4126 6400
440 254 551 323 871
1772 268 1826 330 Ν
1830 262 2077 332 ICETIE

2173 262 2552 332 EGTORATI
3723 261 3801 327 87
3803 257 3844 320 2

450 408 641 456 mana)
671 393 1030 461 inﬁrmitatis
1060 397 1379 481 dejiciens,
1438 398 1677 479 erigens
1728 405 1926 461 autem
1959 416 2080 461 euri

2183 400 2345 468 αὐτῆς
2396 408 2465 479 τῇ
2515 401 2705 478 μνήμῃ
2753 398 3106 458 καταϐάλλων
3150 401 3249 471 τῆς
3299 401 3629 483 ἀνθρωπίνης
3678 398 3840 454 ἀσθε-

443 482 657 547 divina;
686 486 954 551 scientiae
982 488 1460 570 cogitationibus.

2180 488 2342 566 νείας,
2389 492 2478 548 καὶ
2507 490 2718 566 ἀνυψῶν
2750 490 2875 548 αὐτὸ
2914 490 3014 559 τῆς
3061 493 3202 558 θείας
3255 493 3503 571 γνώσεως
3543 502 3661 554 τοῖς
3705 487 3840 557 νοή-

521 664 620 726 43.
654 664 937 747 Jejuniis,
990 666 1230 747 vigiliis,
1288 666 1681 744 orationibus,
1714 667 1882 728 humi
1918 684 2095 729 recu-

443 752 661 826 bamlo,
701 754 1006 818 labOribus
1038 756 1329 838 corporis,
1393 765 1451 819 et
1498 755 1752 837 propriae
1780 755 2095 817 voluntatis

445 843 903 907 mortiﬁcatione
934 846 1254 908 humilitati
1298 846 1512 907 animae
1550 846 1892 925 CODjUﬂCla,
1926 844 2094 907 iner-

443 939 561 994 tem
590 933 898 996 reddimus
928 935 1176 998 luxuriaa
1205 936 1503 1017 spiritum,
1538 934 1925 1015 subjugamus
1955 952 2095 995 vero

442 1021 608 1083 illum
645 1024 1008 1103 poanitentia:
1042 1025 1337 1106 lacrymis,
1389 1042 1644 1104 eumque
1699 1025 1758 1084 in
1791 1041 2092 1085 carcerem

443 1112 849 1191 temperantiae
878 1113 1144 1194 ductum,
1177 1112 1546 1194 immobilem
1590 1112 1971 1193 debilemque
2002 1113 2095 1173 ta-

442 1186 652 1283 cimus,
701 1221 836 1263 cum
882 1186 1157 1265 videlicet
1208 1202 1269 1264 in
1320 1186 1676 1264 fervénlium
1731 1186 2090 1265 athletarum

439 1290 570 1353 acie
598 1290 939 1355 militamus.

518 1471 619 1534 44.
648 1471 847 1533 Armis
872 1469 1010 1533 ﬁdei
1030 1478 1088 1534 et
1108 1470 1349 1551 spiritus
1373 1471 1587 1550 gladio,
1616 1469 1718 1552 qui
1745 1468 2090 1533 estverbum

438 1557 567 1638 Dei,
620 1560 919 1622 devictum
966 1560 1224 1621 avaritiae
1272 1561 1550 1640 spiritum
1601 1559 1988 1633 trucidamus,
2022 1577 2091 1620 ac

437 1649 632 1710 statim
664 1667 734 1712 ac
762 1648 1326 1731 contemplationem
1360 1649 1587 1711 enlium
1623 1668 1757 1711 cum
1789 1650 1968 1709 verbo
1990 1666 2090 1708 sa-

437 1738 674 1819 pientiae
698 1754 1029 1813 currentes,
1057 1746 1113 1799 et
1142 1737 1426 1799 vilitatem
1458 1738 1780 1800 visibilium
1810 1755 1918 1818 per
1935 1736 2089 1799 Ver-
2114 1771 2152 1819 Β

436 1826 579 1889 bum
610 1827 880 1890 scientiae
911 1826 1337 1907 transiliemes,
1398 1827 1492 1889 ad'.
1520 1828 1738 1908 palatia
1785 1825 2092 1889 cbaritatis

434 1935 570 1979 cum
601 1916 914 1981 ditissimis
943 1917 1073 1998 Spei
1099 1914 1313 1980 divinae
1338 1917 1641 1981 thesauris
1670 1915 1993 1979 tendimus.

515 2186 617 2250 45.
650 2183 777 2248 Alis
807 2182 1303 2265 impassibilitatis
1349 2192 1407 2248 et
1458 2182 1807 2247 humilitatis
1855 2182 1914 2245 in
1943 2200 2084 2246 aere

433 2274 693 2356 mystica:
724 2273 1036 2355 theologiae
1069 2281 1358 2348 natantes,
1388 2283 1446 2337 et
1470 2273 1530 2336 in
1554 2293 1875 2355 supernum
1896 2272 2092 2335 scien-

435 2365 527 2426 tiae
558 2365 975 2445 mysteriorum
1002 2362 1107 2425 Dei
1135 2363 1417 2445 abyssum
1450 2383 1587 2426 cum
1631 2372 1835 2424 sancto
1867 2363 2088 2444 Spiritu

427 2453 702 2534 ingressi,
739 2453 1038 2516 sideribus
1067 2454 1402 2516 divinorum
1460 2453 1801 2533 dogmatum
1832 2460 1890 2515 et
1919 2451 2084 2530 cogi-

430 2554 709 2619 latorum,
769 2542 1067 2625 superbiae
1123 2542 1398 2625 spiritum
1459 2541 1859 2623 incendimus,
1893 2541 2088 2603 imbre

428 2641 624 2696 autem
656 2633 1046 2714 lacrymarum
1096 2642 1153 2695 et
1202 2631 1552 2694 ﬂuminibus
1602 2630 2085 2712 compunctionis

427 2722 491 2785 in
522 2724 701 2784 ﬁnem
732 2722 1126 2784 humanarum
1153 2740 1355 2783 rerum
1385 2722 1799 2802 respicientes,
1832 2720 2081 2782 immer-

429 2811 622 2892 gimus
682 2820 800 2872 tres
857 2812 990 2890 ejus
1048 2812 1375 2885 daemones,
1433 2810 1534 2891 qui
1591 2810 2080 2892 praesumptione,

429 2900 593 2962 inani
625 2899 813 2977 gloria
842 2908 902 2961 et
932 2900 1213 2982 superbia
1242 2908 1452 2962 contru
1486 2918 1595 2962 nos
1625 2900 1958 2962 decertant.

510 3080 609 3144 46.
643 3077 755 3152 Qui
799 3077 1341 3161 concupiscentiam
1389 3077 1609 3154 carnis,
1641 3076 2078 3160 concupiscen-

433 3169 574 3234 tiam
605 3169 913 3233 oculorum
965 3168 1302 3250 superbiam
1359 3170 1489 3230 vitae
1547 3169 1724 3247 (hanc
1754 3167 2082 3249 iniquitatis

430 3258 761 3337 mundum).
792 3277 900 3340 per
927 3276 1057 3340 quae
1091 3277 1125 3319 a
1155 3257 1440 3321 charitate
1484 3257 1593 3320 Die
1622 3258 1975 3335 alienamur,
2009 3277 2078 3320 ex

425 3349 606 3410 corde
635 3346 964 3410 detestatur
992 3365 1061 3409 ac
1091 3346 1368 3423 debellat,
1403 3347 1760 3427 sibimetipsi
1790 3347 2078 3410 mundum

425 3437 739 3511 cruciﬁxit,
773 3445 831 3499 et
860 3437 989 3518 ipse
1019 3437 1339 3499 cruciﬁxus
1391 3445 1479 3499 est
1529 3437 1775 3513 mundo,
1809 3437 2075 3499 inimici-

423 3525 532 3588 tias
561 3526 717 3588 inter
741 3525 928 3589 Deum
960 3535 1021 3589 et
1063 3526 1322 3588 animam
1353 3526 1588 3588 solvens
1641 3530 1702 3587 in
1733 3544 1915 3589 carne
1947 3546 2074 3605 sua,

422 3624 481 3677 et
510 3615 738 3679 faciens
762 3623 1014 3697 utraque
1044 3634 1255 3678 unum.
1290 3613 1404 3687 Qui
1463 3616 1624 3678 enim
1655 3615 1773 3679 illis
1804 3635 1912 3698 per
1942 3635 2078 3679 car-

422 3704 575 3767 nalis
603 3723 816 3768 sensus
863 3704 1280 3786 spoliationem
1342 3714 1609 3766 mortuus
1655 3714 1766 3787 est,
1801 3707 2080 3768 reconci-

423 3793 589 3856 liavit
618 3798 1009 3875 semetipsum
1041 3795 1189 3870 Deo,
1221 3793 1423 3854 odium
1458 3794 1740 3856 mundiin
1766 3788 2080 3859 mortiﬁca-

418 3882 643 3944 tionem
685 3882 1045 3964 voluptatum
1079 3900 1188 3963 per
1237 3882 1575 3944 cruciﬁxam
1629 3884 1851 3947 mundo
1899 3884 2076 3946 vitam

420 3970 814 4044 interﬁciens,
872 3980 935 4034 et
985 3970 1308 4033 amicitiam
1350 3972 1491 4035 Iesu
1543 3970 1660 4033 sibi
1716 3972 2073 4035 conciliavit.

420 4060 626 4141 Itaque
656 4060 1001 4140 hujusmodi
1032 4060 1121 4121 vir
1143 4060 1270 4140 jam
1322 4079 1440 4121 non
1475 4058 1754 4122 inimicus
1783 4061 1888 4123 Dei
1921 4068 2075 4134 (tan-

418 4166 599 4229 quam
625 4148 734 4212 Dei
778 4148 1100 4231 inimicus),
1136 4150 1240 4210 sed
1273 4148 1501 4211 amicus
1530 4148 1695 4211 illius
1727 4158 1838 4221 est,
1873 4157 2078 4233 utpote

418 4238 740 4302 cruciﬁxus
754 4240 997 4316 mundo,
1018 4249 1077 4302 et
1099 4239 1303 4302 dicere
1325 4238 1562 4301 valens:
1597 4261 1621 4297 α
1648 4239 1797 4304 Mihi
1819 4242 2078 4306 mundus

415 4331 733 4393 cruciﬁxus
764 4340 874 4408 est,
917 4340 977 4395 et
1006 4350 1112 4412 ego
1145 4330 1369 4393 mundo
1398 4333 1451 4392 5.
1492 4353 1517 4391 ι»

500 4511 602 4575 47.
639 4509 899 4575 Omnino
943 4509 1249 4573 derelictis
1284 4507 1645 4572 luctantibns
1686 4516 1930 4592 propter
1971 4511 2078 4574 has

270 4598 279 4605 ’
368 4638 375 4641 -
419 4599 769 4677 contingere
800 4599 954 4663 solet
986 4617 1217 4674 causas,
1250 4598 1480 4661 scilicet
1533 4597 1772 4660 inanem
1800 4599 2072 4679 gloriam,

416 4688 669 4768 proximi
700 4688 1286 4761 condemnationem,
1339 4696 1398 4749 et
1456 4687 1747 4750 elationes
1778 4689 1854 4750 de
1882 4689 2073 4751 virtu-

417 4776 597 4839 tibus.
633 4776 869 4858 Siquid
923 4778 1109 4858 igitur
1158 4778 1411 4840 istorum
1454 4778 1695 4840 animas
1724 4778 2074 4841 luctantium

413 4864 699 4929 invadens
730 4867 1101 4945 dominetur,
1158 4867 1246 4930 eis
1292 4867 1751 4930 derelictionem
1802 4887 1837 4930 a
1862 4868 1984 4932 Deo
2016 4873 2075 4933 in

414 4955 550 5033 fert,
586 4975 698 5019 nec
720 4963 996 5037 poterunt
1018 4958 1162 5040 quin
1180 4959 1259 5020 de
1282 4958 1391 5020 hac
1433 4966 1564 5039 post
1587 4959 1841 5021 offensas
1860 4961 2074 5023 merito

414 5055 793 5122 accusentur,
829 5047 1219 5128 quoadusque
1251 5047 1640 5129 principalem
1665 5048 2077 5113 derelictionis

416 5152 654 5197 causam
684 5142 1083 5214 removentes,
1117 5136 1180 5197 in
1237 5135 1588 5199 humilitatis
1637 5154 1838 5201 arcem
1869 5138 2076 5220 perfu-

417 5224 602 5302 giant.

499 5520 532 5572 5
563 5518 747 5583 Galat.
782 5537 866 5603 v1,
902 5521 1003 5586 14.

2182 601 2334 653 μασι.

2261 657 2376 746 μγ’.
2412 668 2695 736 Νηστείσις
2725 669 2821 745 μὲν
2851 670 2976 750 γὰρ,
3008 672 3096 728 καὶ
3147 670 3481 752 ἀγρυπνίαις,
3525 669 3614 726 καὶ
3663 687 3837 746 προσ-

2178 768 2395 838 ευχαῖς,
2439 759 2757 838 χαμευνίαις
2802 780 2861 815 τε
2908 762 2997 817 καὶ
3044 761 3232 823 κόποις
3291 759 3564 838 σώματος,
3623 758 3712 813 καὶ
3766 760 3836 831 τῇ

2176 846 2381 923 ἐκκοπῇ
2422 854 2527 904 τῶν
2583 847 2899 922 θελημάτων
2944 849 2999 905 ἐν
3042 850 3360 907 ταπεινώσει
3404 846 3611 928 ψυχῆς,
3659 845 3836 925 ἄπρα-

2175 958 2299 994 κτον
2323 939 2554 1013 ἱστῶμεν
2584 940 2644 994 τὸ
2695 937 2791 1005 τῆς
2850 936 3158 1019 φιληδονίας
3200 948 3409 1014 πνεῦμα
3445 956 3459 971 ·
3518 935 3835 1017 χειρούμεθα

2176 1024 2231 1082 δὲ
2289 1028 2414 1083 αὖα-ὸ
2469 1040 2590 1091 τοὶς
2645 1027 2743 1095 τῆς
2799 1029 3081 1103 μετανοίας
3130 1026 3370 1109 δάκρυσι,
3433 1028 3521 1083 καὶ
3577 1026 3709 1105 πρὸς
3774 1024 3835 1081 τὸ

2176 1112 2538 1195 δεσμωτήριον
2635 1114 2852 1195 ἄγοντες
2951 1117 3050 1186 τῆς
3146 1118 3479 1196 ἐγιῳγτείας,
3580 1114 3831 1180 ἀκίνητον

2170 1213 2324 1263 τοῦτο
2401 1206 2489 1261 καὶ
2571 1203 2913 1285 ἐνενέργηιον
2991 1204 3379 1286 ἀποτελοῦμεν,
3463 1204 3515 1262 ἐν
3585 1210 3655 1281 τῇ
3726 1207 3828 1259 τῶν

2170 1293 2466 1352 σπουδαίων
2563 1292 2808 1362 δηλονότι
2900 1296 2989 1352 καὶ
3075 1295 3481 1375 ἀγωνιζομένων
3563 1292 3829 1369 ἱστάμενοι

2169 1405 2276 1460 παρ
2284 1407 2322 1439 ;··
2332 1385 2374 1440 :o'
2382 1384 2454 1451 ξει
2464 1427 2479 1444 .

2252 1463 2362 1549 μδ’.
2421 1474 2653 1538 Πίστεως
2697 1472 2882 1541 ὅπλοις
2939 1476 3019 1532 usi
3077 1475 3319 1556 μαχαίρᾳ
3359 1480 3453 1531 τοῦ
3503 1471 3829 1548 πνεύματος,

2172 1559 2200 1617 ὅ
2228 1562 2339 1619 ἐστι
2382 1563 2525 1642 ῥῆμα
2557 1571 2709 1645 Θεοῦ,
2756 1566 2817 1621 τὸ
2859 1565 2954 1634 τῆς
3002 1563 3345 1646 φιλαργυρίας
3402 1568 3611 1639 πνεῦμα
3667 1582 3832 1617 κατα-

2172 1654 2596 1729 τροπωσάμενοι,
2671 1653 3081 1735 ἀποσφέττομεν
3116 1675 3133 1691 ⁶
3201 1653 3315 1734 ἄρτι
3375 1655 3506 1733 πρὸς
3551 1654 3649 1721 τὴν
3690 1654 3830 1707 θεω-

2175 1741 2286 1819 ρίαν
2340 1749 2447 1797 τών
2517 1740 2682 1800 ὄντων
2756 1744 2890 1819 με.ἀ
2958 1742 3120 1822 λόγου
3177 1743 3361 1823 σοφίας
3416 1740 3828 1821 ἀναδρομόντες,

2173 1832 2261 1886 καὶ
2315 1832 2557 1911 ὑπεράνω
2626 1831 2721 1901 τῆς
2775 1832 3143 1899 ταπεινώσεως
3200 1832 3482 1911 γεγονότες
3539 1831 3643 1887 τῶν
3696 1832 3830 1908 ὁρω-

2170 1917 2366 1995 μένων,
2396 1922 2488 1977 κιά
2515 1927 2608 1977 τοῦ
2645 1920 2808 2001 λόγου
2838 1922 2931 1991 τῆς
2962 1922 3230 2002 γνώσεως,
3295 1922 3383 1977 καὶ
3425 1921 3559 1999 πρὸς
3614 1919 3680 1975 τὰ
3721 1919 3828 1994 βα-

2169 2007 2337 2067 σίλεια
2378 2009 2474 2079 σιῆς
2506 2011 2718 2090 ἀγὲπης
2751 2013 2888 2087 μετΞι
2913 2019 3020 2069 τῶν
3063 2008 3373 2068 πολυόλϐων
3425 2013 3700 2089 θησαυρῶν
3731 2006 3828 2074 τῆς

2165 2099 2297 2178 πρὸς
2328 2101 2462 2180 Θεὸν
2490 2097 2700 2164 ἐλπίδος
2729 2100 3252 2180 ἐγκαταπαύϋσντες.

2246 2177 2355 2264 με’.
2392 2195 2616 2269 Πτεροῖς
2672 2177 2923 2255 ἀπαθείας
2972 2191 3060 2246 καὶ
3117 2188 3600 2270 ταπεινοφροσύνης
3640 2185 3693 2244 ἐν
3748 2191 3829 2261 τῷ

2173 2275 2284 2357 ἀέρι
2340 2278 2437 2346 τῆς
2489 2278 2746 2355 μυστικῆς
2801 2278 3074 2358 θεολογίας
3132 2279 3452 2360 νηχόμενοι,
3500 2278 3588 2334 καὶ
3630 2277 3704 2340 εἰς
3732 2276 3826 2331 τὸν

2170 2363 2280 2422 ἄνω
2336 2367 2490 2443 βυθὸν
2534 2367 2628 2436 τῆς
2686 2368 2933 2447 γνώσεως
2978 2375 3084 2427 τῶν
3143 2368 3445 2447 μυστήρίων
3499 2374 3630 2424 Θεοῦ
3688 2364 3827 2439 μετὰ

2166 2456 2303 2512 θείου
2372 2458 2679 2533 Πνεύματος
2745 2459 3109 2539 εἰσερχόμενοι
3173 2471 3296 2522 ταῖς
3352 2458 3652 2537 ἀστραπαῖς
3714 2458 3827 2509 τῶν

2167 2543 2353 2601 ἐνθέων
2423 2545 2701 2625 δογμάτων
2760 2549 2846 2604 καὶ
2902 2549 3211 2629 νοημάτων,
3256 2549 3316 2604 τὸ
3370 2552 3469 2614 τῆς
3529 2539 3823 2627 φ’λοδοξίας

2166 2634 2568 2715 καταφλέγομεν
2618 2643 2827 2712 πνεῦμα
2856 2655 2872 2672 °
2932 2635 3150 2717 ὄμϐροις
3208 2636 3263 2693 δὲ
3319 2635 3552 2716 δακρύων
3583 2634 3671 2690 καὶ
3712 2654 3823 2689 πο-

2163 2737 2361 2799 ταμοῖς
2432 2724 2759 2791 κατανύξεως
2837 2727 2911 2790 εἷς
2975 2729 3041 2784 τὰ
3103 2726 3233 2794 τέλη
3304 2731 3411 2783 τῶν
3483 2723 3820 2803 ἀνθρωπίνων

2165 2814 2490 2893 πραγμάτων
2548 2816 2795 2896 ὁρῶντες,
2842 2816 2963 2880 τοὺς
3020 2818 3300 2896 τριστάτςς
3357 2816 3515 2872 αὐτοῦ
3555 2833 3823 2868 καταπον-

2162 2903 2371 2978 οςίζομεν
2416 2900 2687 2979 δαίμονας,
2707 2888 2906 2974 ἀίήσει
2956 2926 3015 2961 τε
3057 2908 3145 2962 καὶ
3187 2903 3477 2981 κενοδοξία,
3509 2902 3595 2959 καὶ
3622 2902 3821 2979 ὑπερη.

2164 2991 2342 3072 (ρανίᾳ,
2373 2992 2491 3049 καθ’
2532 2995 2689 3068 ἡμῶν
2717 2992 3221 3072 ἐκσςρατελὶσαντας,

2242 3070 2388 3156 μς“.
2424 3073 2482 3140 ’0
2531 3084 2629 3151 τὴν
2681 3070 2953 3160 ἐπιθυμίαν
3001 3084 3098 3153 τῆς
3141 3086 3360 3164 σαρκὸς,
3418 3084 3505 3141 καὶ
3543 3081 3638 3148 τὴν
3695 3079 3813 3135 ἐπι-

2158 3170 2344 3246 θυμίαν
2384 3173 2490 3230 τῶν
2519 3172 2825 3253 ὀφθαλμῶν,
2878 3176 2965 3230 καὶ
3007 3175 3106 3242 τὴν
3157 3172 3477 3239 ἀλαξωνείαν
3527 3176 3619 3229 τού
3673 3169 3811 3249 βίου,

2158 3262 2252 3316 τὸν
2305 3261 2532 3337 κόσμον,
2592 3268 2756 3318 ταῦτα
2803 3261 2901 3331 τῆς
2959 3261 3187 3344 ἀδικίας,
3247 3262 3314 3319 δι’
3371 3266 3443 3320 ὧν
3486 3261 3583 3331 τῆς
3639 3257 3817 3341 φιλίας

2161 3347 2341 3430 ἐχθροὶ
2371 3351 2623 3429 γινόμεθα
2664 3358 2740 3427 τῷ
2772 3355 2912 3427 Θεῷ,
2968 3352 3205 3429 ἐκθύμως
3255 3354 3510 3429 μισήσας,
3564 3350 3652 3406 καὶ
3692 3348 3823 3417 ταύ-

2159 3460 2274 3504 ταις
2342 3438 2758 3517 ἀποναξάμενος,
2834 3443 3007 3517 ἑαυτῴ
3075 3445 3166 3499 τὸν
3238 3443 3440 3517 κόσμον
3494 3439 3816 3518 ἐστε-ύρωσε,

2159 3530 2248 3584 καὶ
2306 3530 2459 3593 αὐτὸς
2512 3529 2812 3609 ἐτταυρώθη
2873 3533 3037 3606 αὐτῷ,
3116 3531 3273 3597 λύσας
3350 3531 3449 3597 τὴν
3522 3524 3822 3604 ἀναμετπξὺ

2161 3622 2293 3673 Θεοῦ
2321 3619 2409 3674 καὶ
2438 3618 2617 3698 ψυχῆς
2660 3616 2855 3700 ἔχθραν
2903 3620 2956 3677 ἐν
3010 3627 3079 3698 τῇ
3111 3623 3263 3701 σαρ;.ὶ
3306 3621 3487 3699 αὐτοῦ,
3523 3618 3613 3674 καὶ
3654 3618 3821 3687 ποιή-

2160 3728 2254 3772 σας
2326 3705 2381 3761 ἐν
2446 3707 2761 3788 ἀμφοτέροις
2833 3710 3071 3789 εἰρήνην,
3135 3701 3193 3768 Ὀ
3254 3710 3354 3790 γὰρ
3407 3709 3610 3772 τούτοις
3653 3704 3706 3762 ἐν
3749 3711 3822 3782 τῇ

2158 3794 2437 3854 ἀπεκδύσει
2495 3805 2587 3855 τοῦ
2652 3806 2903 3878 σαρκικοῦ
2956 3801 3292 3880 φρονήματος
3328 3798 3624 3878 νεκρωθεὶς,
3680 3816 3820 3851 κατ-

2159 3885 2383 3957 ήλλαξεν
2455 3887 2640 3944 ἑαυτὸν
2708 3895 2784 3964 τῷ
2851 3895 2987 3963 Θεῷ,
3064 3890 3376 3954 ἀποκτείνας
3439 3886 3537 3942 τὴν
3620 3884 3822 3965 ἔχθραν

2159 3986 2251 4036 τοῦ
2319 3976 2524 4053 κόσμου
2580 3976 2635 4032 ἐν
2705 3985 2782 4053 τῷ
2844 3978 3097 4058 νεκρώσει
3166 3981 3271 4036 τῶν
3327 3974 3531 4046 ἡδονῶν
3585 3973 3672 4031 διὰ
3723 3974 3821 4042 τῆς

2159 4063 2562 4143 ἐσταυρωμένης
2593 4072 2672 4141 τῷ
2719 4066 2909 4142 κόσμῷ
2954 4066 3118 4148 ζωῆς,
3175 4067 3263 4122 καὶ
3313 4066 3412 4130 τὴν
3454 4064 3591 4141 μετὰ
3643 4060 3824 4130 Ἰησοῦ

2160 4152 2336 4235 φιλίαν
2364 4153 2664 4221 ἠσπάσατο.
2728 4156 2907 4213 Τοίνυν
2968 4159 3064 4215 οὒκ
3120 4153 3197 4212 ἔτι
3255 4157 3284 4211 ὁ
3342 4161 3576 4218 τοιοῦτος
3631 4150 3822 4232 ἐχθρὸς

2159 4247 2231 4311 ὡς
2262 4243 2409 4324 φίλος
2450 4251 2544 4301 τοῦ
2591 4244 2819 4323 κόσμου,
2878 4244 3019 4302 ἀλλὰ
3075 4246 3224 4326 φίλος
3278 4252 3374 4303 τοῦ
3417 4250 3547 4300 Θεοῦ
3575 4242 3821 4299 καθίστα⁴

2097 4355 2268 4411 υται,
2318 4335 2390 4399 ὡς
2433 4332 2829 4413 ἐσταυρωμένος
2875 4357 2953 4409 τῳ
3000 4334 3208 4415 κόσμῳ,
3266 4336 3354 4390 καὶ
3396 4331 3678 4409 δυνάμενος
3719 4329 3823 4387 λέ-

2157 4446 2270 4503 γειν
2302 4441 2328 4505 ⁸,
2353 4420 2509 4500 Ἐμοὶ
2533 4424 2733 4500 κόσμος
2763 4423 3113 4505 ἐσταύρωται,
3148 4424 3299 4503 κάγὼ
3326 4430 3404 4498 τῷ
3426 4423 3635 4498 κόσμῳ.

2238 4503 2350 4591 μζ’.
2410 4520 2562 4570 Πᾶσα
2618 4528 2736 4580 τοῖς
2816 4503 3233 4594 ἀγωνιζομένοις
3306 4511 3682 4592 ἐγκατάλειψις
3736 4508 3825 4567 διὰ

2155 4611 2318 4661 ταῦτα
2369 4604 2602 4683 γίνεσθαι
2649 4604 2850 4684 πέφυκε
2885 4621 2900 4635 '
2948 4602 3032 4661 διὰ
3086 4600 3408 4678 κενοδοξίαν,
3467 4599 3553 4657 διὰ
3591 4601 3692 4668 τὴν
3749 4602 3824 4666 είς

2155 4696 2247 4751 τὸν
2320 4691 2549 4761 πλησίον
2617 4695 2950 4775 κατάκρισιν,
3021 4694 3109 4750 καὶ
3177 4691 3262 4749 διὰ
3315 4694 3413 4759 τὴν
3474 4688 3558 4747 ἐπ’
3605 4689 3824 4770 ἀρεταῖς

2153 4781 2395 4863 ἔπαρσιν.
2430 4781 2499 4840 Εἴ
2528 4805 2578 4839 τι
2621 4782 2710 4840 οὖν
2738 4784 2939 4841 τούτων
2972 4781 3027 4838 ἐν
3071 4795 3192 4848 ταῖς
3223 4786 3432 4860 ψυχαῖς
3472 4781 3577 4835 τῶν
3630 4780 3827 4858 ἀγωνι-

2155 4873 2390 4950 ζομένων
2463 4871 2910 4953 προσεμπελάσαν
2975 4873 3260 4951 ἡγήσεται,
3334 4870 3433 4937 τὴν
3504 4868 3610 4925 ἀπὸ
3691 4875 3828 4926 Θεοῦ

2156 4965 2359 5028 τούτοις
2420 4962 2800 5041 ἐγκατάλειψιν
2855 4960 3101 5043 προξενεῖ
3133 4980 3150 4998 ⁶
3214 4961 3301 5017 καὶ
3362 4961 3457 5017 οὐκ
3512 4957 3574 5014 ἂν
3628 4958 3829 5026 ταύτης

2155 5055 2256 5122 τὴν
2323 5052 2409 5110 ἐπὶ
2463 5053 2713 5127 πτώμασι
2785 5050 2989 5108 δικαίαν
3058 5051 3323 5132 ἐκφύγωσι
3381 5048 3570 5127 κρίσιν,
3632 5047 3830 5128 μέχρις

2161 5146 2222 5202 οὗ
2272 5144 2373 5211 τὴν
2449 5140 2907 5222 προηγησαμένην
2978 5140 3148 5197 αἰτίαν
3227 5139 3324 5207 τῆς
3396 5134 3829 5215 ἐγκαταλείψεως

2160 5231 2598 5308 ἀποσεισάμενοι,
2632 5233 2704 5297 εἰς
2732 5232 2794 5288 τὸ
2822 5230 2952 5307 ὕψος
3009 5230 3107 5299 τῆς
3149 5226 3630 5309 ταπεινοφροσύνης
3684 5248 3829 5307 προ-

2160 5325 2449 5406 σφύγωσιν.
