4126 6418
257 425 380 491 873

266 651 423 708 τοῦτό
454 651 566 707 ἐστι
599 652 761 727 μόνον
817 651 1032 732 καρδίας
1088 652 1378 732 ἀκαθαρσία
1430 652 1519 707 καὶ
1573 649 1766 715 σπῖλος
1825 656 1932 726 ψυ-

266 745 404 820 χῆς,
438 739 575 797 ἀλλά
617 742 706 798 καὶ
766 743 827 797 τὸ
884 741 938 798 ἐν
982 740 1173 812 πλήθει
1230 741 1656 820 κατορθωμάτων
1716 741 1934 819 ἐπαίρε-

270 833 414 909 σθαι,
462 831 551 886 καὶ
592 831 652 886 τὸ
698 830 785 888 ἐπ’
835 830 1050 911 ἀρεταῖς
1104 833 1428 913 φυσιοῦσθαι,
1482 831 1571 887 καὶ
1612 829 1672 886 τὸ
1728 830 1935 908 μεγάλα

272 916 480 975 οἴεσθαι
534 918 621 976 ἐπὶ
665 921 820 1000 σοφίᾳ
876 922 964 978 καὶ
1021 921 1214 1000 γνώσει
1271 928 1422 999 Θεοῦ,
1483 920 1571 976 καὶ
1617 922 1678 977 τὸ
1722 921 1934 1002 μέμφε-

272 1011 394 1064 σθαι
439 1013 544 1065 τῶν
597 1006 833 1091 ἀδελφῶν
890 1010 1012 1075 τοὺς
1063 1010 1319 1089 ῥᾳθύμους
1374 1010 1462 1065 καὶ
1518 1009 1739 1085 ἀμελεῖς
1773 1026 1786 1041 ·
1848 1011 1936 1067 καὶ

269 1104 429 1154 τοῦτο
457 1095 618 1167 δῆλον
665 1098 726 1156 ἐκ
772 1102 873 1167 τῆς
914 1107 1007 1158 τοῦ
1061 1100 1381 1179 Φαρισσαίου
1437 1101 1526 1156 καὶ
1576 1107 1666 1157 τοῦ
1696 1099 1935 1159 Τελώνου

272 1209 382 1267 παρ
392 1184 586 1254 αϐολῆς
596 1233 611 1248 .

359 1267 469 1353 μθ’.
508 1278 596 1345 Μὴ
626 1276 747 1334 οἵου
776 1283 882 1334 τῶν
923 1281 1106 1335 παθῶν
1163 1277 1435 1358 ἀνεθῆναι,
1495 1280 1583 1335 καὶ
1625 1285 1731 1335 τῶν
1772 1301 1933 1357 γενο-

282 1367 458 1443 μένων
539 1366 739 1424 ἐκετθεν
827 1369 1077 1444 tamen»,
1144 1368 1429 1443 νοημάτων
1502 1369 1594 1425 τὸν
1666 1368 1766 1444 μολ
1804 1372 1939 1445 σμὸν

278 1456 554 1538 ἐκνρυγεῖν,
589 1456 871 1537 ἀφέρωχον
919 1457 995 1514 ἔτι
1039 1456 1210 1537 φέρων
1260 1458 1322 1511 τὸ
1365 1456 1611 1536 φρόνημα
1639 1460 1728 1514 καὶ
1767 1457 1937 1537 ἐξωγ-

276 1546 522 1621 κωμένον
552 1544 638 1602 ἐπ’
670 1546 885 1622 ἀρεταῖς
919 1564 935 1580 ⁸
984 1546 1043 1601 οὒ
1091 1547 1191 1625 γὰρ
1224 1546 1302 1621 μὴ
1335 1543 1457 1621 ἴδῃς
1488 1548 1703 1625 εἰρήνης
1746 1547 1933 1623 αὖλὴν,

275 1635 333 1691 ἐν
389 1635 703 1713 ἀγαθωσύνῃ
744 1642 849 1692 τῶν
907 1634 1202 1715 λογισμῶν,
1250 1632 1365 1690 οὖδέ
1413 1635 1486 1697 είς
1544 1637 1667 1691 ναὸν
1723 1636 1937 1715 ἀγάπης

276 1722 518 1799 εἰσέλθῃς
574 1724 709 1799 μετά
752 1730 953 1804 χαρᾶς,
999 1723 1052 1780 ἐν
1096 1723 1243 1799 πάσῃ
1295 1722 1626 1802 χρηστότητι
1687 1726 1776 1780 καὶ
1831 1748 1936 1804 γα-

272 1812 416 1888 λήνῃ
458 1810 695 1891 καρδίας,
726 1812 828 1877 ἕως
873 1816 933 1870 οὗ
978 1812 1032 1869 ἐν
1076 1814 1283 1886 σεαυτῷ
1313 1813 1585 1877 πεποιθὼς
1616 1814 1672 1870 εἷ
1704 1815 1791 1871 καὶ
1820 1829 1936 1880 τοῖς

274 1901 452 1980 ἔργοις
497 1922 611 1960 σου.

362 1980 432 2051 ν¹ι
470 1990 595 2047 Ἐὰν
617 1991 689 2053 εἷς
719 1988 965 2069 εὖχροίας
988 1990 1252 2065 σωμάτων
1268 1991 1598 2071 προσπάσχῃ
1615 2014 1707 2047 σου
1721 1993 1756 2060 ἡ
1782 1993 1937 2072 ψυχὴ

275 2077 397 2137 κατ’
450 2077 760 2155 ἐμπάθειαν,
815 2079 904 2135 καὶ
952 2081 1054 2136 ὕπὸ
1108 2085 1213 2135 τῶν
1256 2079 1457 2137 ἐκεῖθέν
1512 2102 1596 2137 σοι
1649 2079 1802 2148 δῆθεν
1848 2104 1937 2137 τι-

276 2169 554 2244 κτομένων
620 2167 869 2243 ἐμπαθῶν
925 2165 1199 2248 λογισμῶν
1268 2173 1606 2248 τυραννῆται,
1678 2171 1756 2246 μὴ
1813 2172 1939 2227 ὓπο-

276 2254 519 2334 λάμϐανε
575 2257 766 2320 ταύτας
825 2256 966 2313 εἶναι
1024 2258 1191 2322 αἰτίας
1260 2263 1359 2325 τῆς
1430 2258 1483 2314 ἐν
1549 2261 1631 2316 σοὶ
1690 2261 1935 2340 ταραχῆς

275 2348 367 2404 καὶ
450 2346 854 2423 ἑμπαθεστάτης
941 2348 1224 2421 κινήσεως,
1336 2346 1471 2404 ἀλλά
1563 2350 1933 2429 κεκρυμμένην

276 2436 387 2492 ἴσθι
418 2434 566 2500 ἐντὸς
610 2436 752 2492 εἶναι
794 2435 895 2503 τὴν
923 2436 1092 2493 αἰτίαν
1132 2442 1232 2504 τῆς
1278 2442 1379 2505 σῆς
1424 2441 1634 2519 ψυχῆς,
1680 2440 1753 2502 ὡς
1797 2438 1937 2495 λίθον

276 2524 546 2602 μαγνῆτίν
602 2545 743 2598 τινα,
790 2522 1045 2581 ἕλκουσαν
1102 2527 1234 2604 πρὸς
1278 2527 1470 2595 ἑαυτὴν
1525 2526 1738 2603 δυνάμει
1780 2527 1937 2593 ἕξεως

276 2615 551 2689 ἐμπαθοῦς
625 2614 715 2669 καὶ
791 2620 1023 2692 πονηρᾶς
1108 2616 1381 2682 συνηθείας
1462 2616 1562 2684 τὴν
1645 2617 1751 2674 ἀπὸ
1833 2623 1939 2672 τῶν

276 2702 552 2761 ποσώπων
580 2700 781 2777 λύμην,
813 2704 886 2766 ὡς
938 2700 1172 2781 σίδηρον,
1216 2703 1330 2761 ἐπεὶ
1374 2707 1464 2762 καὶ
1517 2706 1777 2783 κτίσματα
1809 2713 1942 2763 Θεοῦ

275 2793 477 2867 πάντα,
509 2792 598 2849 καὶ
626 2790 740 2848 λίαν
783 2799 859 2867 τῷ
896 2790 1010 2867 ἰδίῳ
1039 2791 1185 2871 λόγῳ
1226 2793 1386 2871 καλὰ,
1427 2793 1629 2872 μηδένα
1656 2795 1807 2853 λόθον
1835 2819 1941 2853 κα-

272 2883 513 2962 τήγορον
541 2880 742 2962 ἔχοντα
784 2887 883 2949 τῆς
913 2880 1159 2946 πλάσεως
1185 2891 1278 2940 τοῦ
1321 2892 1473 2947 Θεοῦ.

363 2959 475 3028 να’.
541 2954 738 3050 ’Ὠσπερ
798 2973 846 3027 οἱ
914 2969 1182 3028 θάλασσαν
1238 2974 1604 3052 περαιούμενοι
1667 2976 1756 3031 καὶ
1811 2997 1940 3030 ναυ-

278 3065 530 3140 τιῶντες,
562 3063 623 3118 οῦ
664 3060 807 3138 παρὰ
852 3059 950 3127 τῆν
1005 3065 1104 3127 τῆς
1158 3059 1428 3130 θαλάσσης
1484 3063 1632 3144 φύσιν
1674 3064 1940 3143 πάσχουσι

1263 427 1807 493 PRACTICORUM
1850 422 2189 489 CAPITUM
2234 428 2627 493 CENTURIA
2677 433 2703 492 Ι

348 551 473 637 μῆλ’.
508 566 582 621 Οῦ
623 563 724 642 γὰρ
753 564 814 619 τὸ
870 563 947 639 μῆ
989 562 1296 643 καθαρεύειν
1340 562 1590 638 ἐμπαθῶν
1621 563 1928 638 νοημάτων,
1952 581 1994 617 Α

3557 436 3684 501 874

2098 562 2196 623 48.
2239 565 2373 625 Non
2407 562 2565 624 enim
2607 563 2710 625 ille
2751 567 2984 626 tantum
3016 565 3288 646 impurus
3322 568 3511 631 corde
3541 573 3681 633 ani-

2015 668 2233 731 maque
2261 650 2606 732 inquinatus
2638 660 2746 726 est,
2782 653 2882 733 qui
2913 653 3242 729 immundis
3277 659 3480 719 sordet
3503 661 3671 740 cogi-

2018 740 2360 830 tationibus,
2388 742 2491 801 sed
2513 742 2688 830 etiam
2715 741 2825 830 ille
2856 743 2958 822 qui
2981 742 3154 804 bonis
3172 745 3674 830 exaltaturnperi-

2017 827 2128 890 bus
2159 847 2227 889 ac
2257 829 2331 889 de
2364 829 2679 891 virtutibus
2708 829 2983 906 intumec,
3021 832 3118 912 qui
3177 851 3393 911 magna
3443 827 3671 916 praesu-

2021 917 2125 976 mit
2169 916 2242 978 de
2272 936 2377 978 sua
2408 918 2698 998 sapientia
2746 918 2976 998 Deique
3028 921 3257 996 notitia,
3315 924 3415 1003 qui
3466 925 3677 989 fratres

2017 1004 2250 1097 incusat
2287 1006 2504 1097 molles
2535 1008 3022 1097 etnegligentes.
3068 1018 3262 1089 Atque
3310 1012 3460 1076 illud
3514 1024 3680 1097 patet

2019 1112 2089 1155 ex
2122 1095 2405 1157 Pharisaei
2435 1106 2493 1157 et
2524 1095 2833 1159 Publiceni
2866 1097 3145 1176 parabola
3176 1098 3230 1162 6.

2099 1274 2177 1334 49
2236 1272 2322 1334 No
2369 1281 2538 1353 putes
2587 1282 2641 1335 te
2691 1293 2723 1333 a
2769 1273 3148 1355 cupidatibus
3199 1276 3458 1341 solutum
3518 1300 3680 1362 esse,

2024 1372 2082 1423 et
2113 1380 2420 1442 pravarum
2480 1381 2624 1442 quas
2676 1366 2912 1443 pariunt
2961 1365 3388 1443 cogitationum
3439 1368 3681 1434 foedita-

2023 1458 2142 1512 tem
2192 1452 2435 1531 fugisse,
2489 1454 2754 1531 quandiu
2806 1469 3055 1517 sensum
3098 1456 3295 1518 adhuc
3326 1475 3448 1537 prae
3478 1468 3533 1521 te
3561 1461 3684 1523 fers

2021 1541 2343 1622 superbum
2377 1561 2449 1603 ac
2480 1546 2553 1602 de
2585 1541 2895 1604 virtutibus
2927 1547 3498 1627 tumentem.Neque
3519 1551 3679 1612 enim

2020 1630 2250 1692 videbis
2304 1631 2463 1711 pacis
2542 1631 2819 1710 palatium
2886 1633 2946 1692 in
2986 1632 3158 1694 bonis
3188 1634 3676 1715 cogitationibus,

2022 1739 2216 1801 neque
2266 1720 2551 1800 templum
2610 1720 2918 1783 charitatis
2972 1721 3137 1782 laetus
3193 1723 3554 1800 ingredieris
3614 1728 3676 1788 in

1982 1810 2184 1869 ’omni
2236 1808 2500 1870 bonitate
2554 1816 2611 1869 et
2662 1809 3089 1889 tranquillitate
3142 1810 3363 1892 cordis,
3412 1814 3680 1894 quandiu

1960 1931 1999 1979 Β
2022 1898 2274 1959 confidis
2303 1898 2363 1959 in
2392 1898 2582 1979 teipso
2616 1897 2849 1977 tuisque
2881 1898 3188 1978 operibus.

2107 1988 2206 2050 50.
2242 1987 2305 2049 Si
2334 2005 2607 2049 amcenos
2630 2005 2946 2067 corporum
2977 1988 3208 2049 colores
3238 1989 3437 2051 anima
3467 1998 3562 2051 tua
3580 2010 3684 2055 cu-

2027 2076 2168 2157 pide
2196 2084 2452 2158 appetat,
2490 2084 2550 2138 et
2580 2076 2777 2155 pravis
2799 2076 3257 2155 cogitationibus
3276 2078 3418 2141 inde
3438 2079 3683 2143 orienti-

2021 2166 2135 2228 bus
2166 2167 2471 2240 inserviat,
2508 2185 2585 2227 ne
2618 2165 2930 2228 arbitreris
2961 2166 3095 2227 illos
3121 2185 3254 2228 esse
3276 2186 3487 2231 causas
3507 2170 3684 2231 vehe-

2021 2254 2484 2316 metissimorum
2518 2253 2735 2334 quibus
2768 2253 3139 2334 perturberis
3179 2255 3537 2334 impetuum,
3572 2259 3678 2319 sed

2020 2350 2165 2424 scito
2206 2363 2404 2405 veram
2426 2345 2487 2405 in
2511 2343 2797 2405 interiore
2833 2342 3031 2404 anima
3055 2352 3155 2405 tua
3176 2345 3361 2405 latere
3398 2363 3634 2406 causam
3659 2396 3676 2427 ,

2020 2452 2171 2514 quae,
2209 2433 2361 2494 sicut
2393 2433 2539 2513 lapis
2570 2431 2936 2512 magneticus
2987 2432 3233 2508 ferrum,
3269 2433 3323 2493 vi
3367 2432 3678 2497 libidinosi

2022 2524 2302 2604 pravique
2352 2523 2590 2585 habitus
2641 2542 2674 2583 a
2729 2521 2987 2583 vultibus
3033 2523 3249 2583 malum
3299 2520 3373 2583 ad
3406 2522 3672 2603 seipsam

2022 2614 2279 2675 attrahit.
2346 2615 2571 2675 Omnes
2625 2630 2864 2673 omnem
2926 2611 3029 2672 Dei
3087 2618 3376 2673 creaturae
3437 2611 3679 2692 prOpria

2024 2709 2233 2763 natura
2262 2708 2398 2762 sunt
2427 2700 2597 2761 valde
2632 2700 2822 2776 bonae,
2875 2718 2987 2761 nec
3030 2700 3212 2760 ullam
3260 2697 3483 2760 habent
3535 2718 3677 2779 pro-

2027 2792 2337 2872 prietatem
2370 2810 2500 2872 quae
2530 2809 2677 2871 opus
2710 2790 2813 2855 Dei
2849 2790 3274 2870 reprehendat.

2106 2971 2205 3030 5t.
2243 2968 2408 3031 Sicut
2442 2968 2807 3047 trajicientes
2838 2985 3002 3028 mare
3041 2986 3108 3028 ac
3139 2975 3518 3043 nauseantes,
3555 2984 3676 3028 non

2025 3067 2268 3139 propter
2296 3066 2564 3119 naturam
2602 3056 2783 3117 maris
2812 3057 2924 3117 hoc
2956 3055 3276 3136 patiuntur,
3312 3055 3417 3117 sed
3446 3055 3520 3117 ob
3541 3074 3684 3117 cau-

273 3156 461 3223 τοῦτο,
519 3147 657 3206 ἀλλά
703 3149 847 3228 παρά
901 3150 998 3217 τὴν
1047 3156 1146 3217 τῆς
1205 3149 1407 3208 ἔνδοθεν
1469 3152 1937 3232 προαποκειμὲνης

2033 3167 2150 3209 sam
2176 3146 2587 3222 intiinsecam,
2624 3164 2838 3225 nempe
2872 3145 3182 3206 humorem
3219 3144 3518 3223 putridum
3549 3165 3563 3206 :
3590 3144 3679 3207 sic

276 3240 453 3302 αἰτίας
509 3245 601 3294 τοῦ
644 3237 940 3305 σεσηπότος
989 3246 1191 3319 χυμοῦ,
1238 3240 1377 3297 οὕτω
1431 3243 1519 3298 καὶ
1575 3243 1610 3309 ἡ
1669 3242 1849 3320 ψυχὴ,
1881 3242 1942 3298 οὐ

278 3327 426 3407 παρά
452 3327 551 3394 τῆν
579 3333 688 3383 τῶν
734 3326 1033 3406 προσώπων
1091 3329 1283 3409 αἰτίαν,
1343 3324 1480 3389 ἀλλά
1521 3331 1663 3407 παρά
1713 3330 1812 3397 τὴν
1840 3332 1939 3396 τῆς

280 3416 364 3473 ἔτι
394 3414 813 3493 ἒναποκειμὲνης
854 3423 946 3473 τοῦ
978 3427 1143 3477 κακοῦ
1189 3417 1368 3499 ἕξεως,
1422 3418 1474 3476 ἐν
1524 3423 1657 3495 αὕτη
1700 3421 1792 3477 τὸν
1835 3420 1937 3495 ἐμ-

288 3504 612 3589 παθέστατον
653 3508 930 3586 ὑφίσταται
959 3505 1148 3563 κλόνον
1176 3509 1265 3564 καὶ
1293 3509 1553 3589 τάραχον.

375 3582 480 3668 νβ’.
516 3595 654 3651 Κατά
678 3582 780 3663 τὴν
822 3593 1024 3652 ἔνδοθεν
1066 3594 1291 3654 διάθεσιν
1498 3602 1706 3677 ψυχῆς,
1740 3596 1937 3654 συναλ-

280 3681 550 3739 λοιοῦσθαι
579 3683 778 3766 πέφυκε
807 3686 961 3753 καὶὴ
1004 3686 1157 3766 φύσις
1216 3686 1350 3754 αὕτη
1408 3693 1512 3744 τῶν
1555 3687 1882 3765 πραγμάτων
1919 3705 1936 3722 ⁸

280 3770 412 3829 ὅταν
457 3771 545 3828 οὖν
587 3773 725 3829 κατά
783 3774 934 3853 φύσιν
989 3773 1204 3830 ἵσταται
1248 3777 1382 3852 αῦτῇ
1436 3777 1502 3831 τὰ
1558 3777 1710 3853 νοερά
1752 3777 1940 3843 αἰσθη-

2025 3245 2084 3298 et
2133 3236 2351 3310 anima,
2409 3253 2528 3297 non
2576 3241 2821 3314 propter
2871 3234 3084 3305 vultus,
3136 3233 3240 3294 sed
3292 3242 3538 3313 propter
3578 3236 3677 3294 in-

2024 3326 2339 3387 trinsecam
2395 3324 2533 3385 mali
2581 3323 3097 3395 consuetudinem,
3155 3321 3311 3382 intra
3366 3339 3430 3382 se
3493 3322 3675 3383 vehe-

2023 3414 2456 3478 mentissimum
2533 3412 2692 3474 subit
2770 3412 3111 3492 cupiditatis
3162 3411 3450 3490 impetum
3481 3418 3542 3472 et
3572 3421 3672 3474 tu-

2029 3504 2303 3567 multum.

2241 3597 2351 3655 Pro
2381 3592 2617 3653 interno
2660 3588 2874 3652 animae
2906 3587 3135 3665 habitu,
3171 3592 3431 3649 mutatur
3461 3598 3675 3651 natura

2022 3683 2151 3763 ipsa
2198 3700 2423 3744 rerum.
2484 3680 2733 3752 Quando
2789 3677 2967 3757 igitur
3022 3676 3352 3739 secundum
3404 3686 3675 3739 naturam

2025 3771 2462 3834 constituuntur
2491 3768 2922 3831 intellectuales
2951 3766 3112 3828 illius
3143 3783 3376 3841 sensus,
3411 3775 3470 3828 et
3505 3785 3679 3828 mens

275 3863 462 3941 τήρια,
508 3862 598 3918 καὶ
645 3865 674 3919 ὁ
716 3869 836 3927 νοῦς
892 3864 1011 3942 περὶ
1068 3864 1191 3926 τοὺς
1256 3863 1446 3942 λόγους
1495 3869 1600 3921 τῶν
1644 3865 1938 3943 γεγονότων

2033 3860 2286 3922 rationes
2309 3878 2509 3921 rerum
2535 3866 2700 3920 recte
2731 3857 3075 3937 perlustrat,
3093 3854 3326 3917 ratione
3358 3862 3680 3935 penetrans

274 3950 534 4015 ἀπλανῶς
593 3949 768 4029 ὁδεύῃ,
842 3954 935 4009 τὸν
991 3951 1153 4031 λόγον
1210 3951 1355 4033 ἔχων
1420 3951 1794 4033 διατρανοῦντα
1852 3955 1938 4026 τάς

2033 3968 2235 4010 earum
2270 3956 2506 4009 naturas
2539 3954 2597 4008 et
2627 3955 2843 4020 motus,
2893 3953 3032 4006 tunc
3071 3944 3159 4005 illi
3201 3943 3531 4005 secundum
3564 3962 3680 4005 na-

278 4041 467 4121 φύσεις
524 4042 613 4096 καὶ
668 4041 762 4104 τὰς
819 4042 1057 4111 κινήσεις
1116 4032 1309 4121 αὐτῶν,
1361 4043 1499 4099 κατά
1543 4032 1706 4123 ίφύσιν
1762 4045 1938 4120 ὁρᾶται

2033 4047 2222 4100 turam
2256 4038 2530 4099 videntur
2558 4055 2655 4098 res
2687 4043 2745 4097 et
2774 4052 3043 4116 persona;
3072 4034 3391 4113 omniaque
3413 4032 3685 4094 materia-

270 4134 409 4207 αῦτῇ
440 4129 530 4185 καὶ
583 4129 651 4185 τὰ
701 4129 1015 4210 πράγματα,
1075 4131 1165 4187 καὶ
1206 4131 1273 4187 τὰ
1328 4121 1612 4211 πρόσωπα,
1660 4132 1749 4188 καὶ
1800 4138 1938 4189 πᾶσα

2033 4128 2106 4189 lia
2135 4145 2407 4209 corpora,
2440 4145 2552 4188 nec
2584 4125 2761 4186 ullam
2797 4122 3015 4185 habent
3045 4122 3333 4186 latentem
3388 4121 3684 4202 perniciei

274 4219 430 4299 φύσις
496 4216 692 4274 ὲνύλων
762 4219 1052 4300 σωμάτων,
1117 4220 1196 4296 μὴ
1254 4219 1452 4300 ἔχοντά
1507 4242 1625 4277 τινα
1688 4219 1860 4297 λύμης
1904 4220 1938 4289 ἢ

2033 4218 2117 4279 vel
2150 4216 2496 4279 nocumenti
2538 4234 2797 4277 causam.
2821 4212 3072 4284 Quando
3104 4220 3300 4274 autem
3327 4222 3535 4273 contra
3566 4229 3679 4272 na-

273 4306 484 4385 βλάβης
526 4306 961 4386 ἐγκεκρυμμένην
1026 4309 1217 4368 αἰτίαν.
1313 4319 1450 4367 Οταν
1520 4307 1574 4365 δὲ
1648 4310 1790 4387 παρά
1849 4310 1938 4391 φύ-

2033 4320 2216 4368 luram
2249 4313 2562 4367 moventur
2592 4303 2862 4384 ejusdem
2906 4301 3239 4380 facultates,
3289 4308 3495 4361 contra
3544 4317 3681 4361 sese

275 4421 362 4455 σιν
417 4397 583 4464 αὒτῆς
640 4400 693 4453 αἱ
740 4394 989 4473 δυνάμεις
1044 4403 1318 4470 κινῶνται,
1365 4399 1497 4477 πρὸς
1544 4393 1743 4463 ἓαυτάς
1802 4387 1938 4455 στα-

2033 4395 2278 4457 invicem
2310 4394 2711 4472 insurgentes,
2768 4400 2906 4453 tunc
2940 4390 3042 4451 illa
3072 4398 3277 4451 contra
3317 4396 3588 4449 naturam
3625 4387 3683 4449 ei

275 4487 575 4563 σιάζουσαι,
636 4487 779 4565 παρὰ
822 4486 974 4567 φύσιν
1025 4487 1160 4565 αὐτῇ
1210 4490 1298 4546 καὶ
1352 4476 1517 4545 ταῦτα
1573 4491 1800 4568 ὁρᾶται·
1862 4489 1938 4564 μὴ

2033 4486 2323 4560 videntur,
2356 4492 2556 4562 atque,
2590 4480 2813 4543 nedum
2847 4498 2952 4560 per
2982 4477 3310 4540 naturalem
3342 4495 3511 4538 suam
3546 4476 3682 4556 pul-

280 4575 370 4634 διά
425 4580 525 4643 τῆς
585 4580 811 4656 φυσικῆς
838 4565 1039 4633 -αὖτῶν
1097 4575 1361 4645 καλλονῆς
1431 4578 1563 4656 πρὸς
1608 4565 1938 4645 *κατανόησιν

2033 4572 2426 4636 chritudinem
2458 4572 2529 4633 ad
2564 4570 2834 4633 notitiam
2865 4567 3165 4632 Creatoris
3195 4566 3383 4646 ipsam
3415 4565 3675 4656 eleveut,

278 4673 378 4723 τοῦ
429 4652 797 4744 γενεσιουργοῦ
852 4665 1049 4732 ταύτην
1131 4666 1419 4747 ἀνάγοντα,
1476 4652 1633 4723 ἀλλά
1688 4664 1773 4723 διὰ
1843 4671 1938 4734 τῆς

2033 4680 2157 4725 eam
2202 4670 2407 4721 contra
2452 4666 2693 4747 propter
2734 4657 3119 4718 libidinosum
3160 4654 3349 4734 ipsius
3379 4652 3675 4730 habitum,

277 4754 687 4832 ἐμπαθεστάτης
730 4752 888 4819 ἕξεως
940 4758 1107 4822 αὐτῆς
1151 4756 1225 4820 εἷς
1252 4745 1255 4746 ν
1286 4745 1440 4832 suae»
1495 4754 1763 4820 ἀπωλείας
1817 4777 1938 4812 κατ.

2033 4750 2102 4813 ad
2132 4749 2407 4829 abyssum
2437 4746 2786 4828 perditionis
2807 4745 3130 4807 deducunt.

274 4844 501 4924 άγοντα.

360 4923 468 5013 νγ’.
503 4935 564 4992 Εἰ
608 4934 897 5000 πέπτωκας
954 4935 1381 5016 ἐγκαταλειφθεὶς
1435 4934 1683 5011 πτώματι
1726 4935 1938 5013 σαρκὸς,

2110 4927 2209 4991 53.
2235 4925 2296 5016 Si
2318 4923 2638 5016 infeliciter
2656 4919 3366 5016 ceciderislapsucarnis,
3388 4919 3682 5000 linguaave

276 5025 315 5094 ἢ
346 5010 619 5106 γλώττης,
651 5024 689 5094 ἢ
739 5010 1020 5104 λογισμοῦ,
1082 5010 1331 5083 ἐπίπονον
1387 5010 1566 5082 ἕλκων
1608 5026 1697 5081 καὶ
1750 5010 1938 5103 τραχύ-

2033 5025 2130 5079 aut
2158 5014 2551 5096 cogitationis,
2599 5012 2954 5075 laboriosam
3003 5010 3518 5091 asperrimamque
3559 5016 3686 5071 tra-

278 5135 442 5170 τατον
472 5098 616 5195 βίον,
640 5114 720 5189 μὴ
775 5113 918 5180 ξένον
973 5114 1129 5172 τοῦτο
1182 5116 1270 5172 καὶ
1324 5111 1614 5193 παραδοξόν
1672 5135 1755 5170 σοι
1783 5098 1938 5168 κατ-α-

2033 5110 2182 5169 hens
2212 5106 2412 5179 vitam,
2442 5123 2516 5164 ne
2548 5104 2661 5164 hoc
2692 5110 2756 5163 ut
2779 5102 3074 5178 singulare
3105 5106 3163 5160 et
3190 5098 3553 5160 incredibile
3582 5117 3682 5159 ar-

272 5208 418 5285 φανῇ
452 5187 482 5237 ’⁷
514 5187 608 5259 σὸν
642 5187 750 5284 γάρ
806 5204 917 5261 ἐστι
973 5206 1036 5261 τὸ
1089 5210 1312 5281 πτῶμα,
1373 5187 1463 5260 καὶ
1520 5203 1627 5260 ἀπὸ
1687 5208 1786 5270 τῆς
1844 5207 1938 5269 σῆς

2033 5195 2295 5265 bitrcris;
2317 5213 2448 5254 nam
2473 5202 2603 5253 tuus
2618 5201 2705 5253 cst
2722 5192 2942 5271 lapsus,
2966 5197 3141 5270 teque
3158 5187 3338 5250 habet
3354 5197 3685 5262 auctorem,

274 5276 450 5357 ἀίτίάς
483 5312 499 5329 ⁸
563 5294 608 5349 εἰ
796 5292 896 5372 γὰρ
960 5295 1117 5357 αὐτὸς
1177 5276 1222 5362 ἢ⁷
1272 5276 1453 5349 καινόν
1509 5314 1559 5348 τι
1602 5297 1809 5371 πρῶτον
1857 5292 1938 5347 καῖ

2033 5294 2087 5347 et
2118 5284 2231 5345 nisi
2281 5283 2443 5363 prius
2493 5282 2619 5361 ipse
2661 5281 2986 5342 insolenter
3035 5292 3095 5341 et
3144 5284 3491 5354 arroganter
3525 5276 3599 5337 dc
3632 5286 3689 5337 te

271 5381 439 5461 ὄγκου
483 5383 702 5463 μεστὸν,
754 5385 829 5446 ὡς
882 5382 978 5440 οὒκ
1032 5382 1262 5462 ὤφελον,
1324 5383 1506 5457 ᾠήθης
1564 5383 1682 5462 περὶ
1724 5386 1938 5456 σαυτοῦ,

2033 5376 2323 5435 sensisses
2374 5370 2549 5452 (quod
2590 5372 2748 5433 Deus
2776 5389 2808 5431 a
2842 5390 2932 5430 mc
2978 5375 3244 5463 avertat),
3293 5367 3387 5430 vel
3438 5366 3688 5463 alterum

270 5453 331 5541 ἢ.
380 5453 722 5551 κατεπήρθης
800 5470 978 5551 ἐτέρου
1034 5453 1352 5547 ἀλαζονικῷ-
1393 5478 1471 5546 τῷ
1528 5453 1849 5550 φρονήματι,

2033 5462 2292 5543 superbo
2310 5461 2507 5521 animo
2540 5459 2940 5539 despexisses,
2971 5457 3057 5517 vel
3077 5454 3336 5536 aliquem
3350 5453 3692 5551 judicasses

272 5561 487 5642 ἔκρινας
530 5541 606 5617 ἐν’
629 5541 1119 5642 ἀσθενείᾳ1φύσεως
1152 5541 1502 5641 *ἀνθρωπίνης
1543 5541 1708 5640 'éwa,
1746 5541 1842 5615 οὐκ
1883 5556 1938 5613 ἂν

2033 5541 2469 5614 ἱηῖηῐὶτῐηίιειθ
2502 5557 2726 5610 netura:
2763 5550 3053 5621 humanae,
3097 5563 3218 5605 non
3250 5543 3352 5619 ita,
3388 5544 3553 5622 justo
3579 5541 3693 5606 Dei

343 5731 378 5783 ϐ
406 5745 583 5810 xvm,
621 5731 701 5794 10
741 5747 918 5811 seqq.

611 5910 869 5975 ΡΑτιιοι.
906 5906 1015 5975 Gn.
1048 5906 1215 5975 CXX.

3124 5893 3204 5957 28
