4126 6424
547 423 666 489 875
1859 416 2163 483 ΝῙΟΕΤιΕ

2265 414 2639 481 EGTORATI
3814 422 3921 487 876

535 559 771 640 judicio
792 557 1140 634 derelictus,
1176 565 1337 619 tuam
1367 551 1555 635 ipsius
1589 550 1933 632 agnovisses
1955 548 2179 640 infirmi

2288 549 2714 640 ἐγκαταλειφθεὶς
2776 553 2939 632 κρίσει
2997 550 3198 640 δικαίᾳ,
3231 559 3384 627 Θεοῦ,
3440 554 3542 621 τὴν
3598 555 3776 615 ἑαυτοῦ
3824 557 3914 615 ἑπ-

547 639 754 727 tatem,
789 657 854 711 ut
884 648 1027 711 inde
1056 647 1322 709 disceres
1350 663 1467 706 non
1492 643 1790 723 judicare,
1829 660 1949 701 non
1977 649 2035 702 te
2066 639 2179 720 plu:

2285 639 2452 718 έγνως
2482 642 2774 710 ἀσθένειαν,
2810 639 2975 720 ἔγνως
3020 639 3098 715 δὲ,
3130 639 3204 699 ἵν’
3260 640 3494 701 ἐντεῦθεν
3524 642 3693 719 μάθῃς
3723 645 3797 720 μὴ
3821 646 3916 725 κρί-

546 758 717 823 aequo
748 738 1069 815 aestimare,
1101 755 1222 799 non
1253 734 1568 815 deSpicere
1596 749 1980 814 quemquam.

2282 750 2410 801 νειν,
2447 731 2524 807 μὴ
2581 746 2796 811 φρονεῖν
2838 728 2963 811 παρ’
3021 730 3050 787 ὃ
3096 728 3181 789 δεῖ
3221 744 3462 812 φρονεῖν,
3525 732 3603 806 μή
3659 754 3791 798 τινος
3818 757 3911 792 κα-

2285 820 2644 899 τεπαίρεσθαι.

627 919 726 985 54.
762 920 990 1001 Lapsus
1040 917 1101 979 in
1145 916 1430 994 abyssum
1471 910 1794 1001 malorum,
1828 907 2075 969 minime
2118 908 2179 969 (lt

2364 899 2460 971 νδ’,
2496 911 2798 973 Πεπτωκὼς
2829 911 2903 973 εἷς
2930 910 3067 987 βάθη
3118 916 3321 991 κακῶν,
3368 907 3629 986 μηδαμῶς
3670 911 3763 979 τὴν
3789 911 3908 969 ἀνά-

549 1009 744 1073 snlute
768 997 1077 1089 desperes,
1097 1005 1328 1068 etiamsi
1345 1005 1414 1065 ad
1441 1008 1706 1064 extrema
1727 999 1963 1089 delatus
1986 998 2179 1089 fuisse:

2279 997 2468 1089 κλησιν
2527 998 2852 1089 ἀπελπίσῃς,
2917 1000 2962 1055 εἰ
3017 1000 3104 1056 καὶ
3159 1000 3231 1062 εὶς
3289 997 3546 1078 πέταυρον
3601 1000 3909 1080 κατανέχθης

545 1098 764 1162 inferni
798 1097 1077 1179 nequitia:
1105 1091 1453 1159 transtra.Si
1485 1091 1644 1152 enim
1672 1088 1949 1171 practicis
1971 1088 2179 1179 virtuti-

2280 1088 2511 1171 ἔσχατον
2539 1088 2664 1165 ᾅδου
2705 1091 2894 1155 κακίας
2930 1106 2944 1120 ⁸
3005 1091 3050 1146 εἰ
3100 1091 3201 1169 γαρ
3256 1103 3378 1154 ταῖς
3436 1089 3755 1169 ἐμπράκτοις
3793 1091 3905 1170 ἀρε-

544 1185 657 1250 bus
699 1177 1068 1270 propositum
1113 1203 1358 1265 semper
1406 1180 1560 1261 apud
1611 1188 1667 1270 te
1716 1178 1935 1270 habeas
1982 1177 2179 1270 funda

2277 1194 2399 1245 ταῖς
2456 1177 2958 1259 προκαταϐληθέντα
3028 1182 3234 1260 θερμῶς
3302 1182 3395 1236 τὸν
3465 1178 3707 1255 θεμέλιον
3776 1180 3904 1261 ἔχεις

544 1267 829 1339 ment—um—
848 1275 1108 1356 pietatis,
1141 1273 1282 1335 licet
1328 1272 1507 1351 hujus
1535 1268 1877 1342 aedificium,
1920 1267 2074 1347 quod
2122 1286 2192 1328 ex

543 1364 721 1427 variis
774 1375 1191 1427 ct-nstruxeras
1248 1360 1481 1422 virtutis
1529 1357 1848 1440 lapidibus,
1896 1356 2188 1418 eversum

541 1455 837 1518 corruerit
867 1472 1053 1534 usque
1082 1452 1155 1513 ad
1190 1450 1583 1532 pessimarum
1632 1447 1973 1525 cupidatum
2026 1445 2190 1527 pavi-

543 1550 839 1625 mentum,
888 1540 1280 1605 nihilominus
1325 1558 1441 1600 non
1474 1536 1855 1598 obliviscetur
1886 1536 2042 1613 Deus
2078 1554 2187 1595 an-

542 1632 741 1715 tiquos
789 1622 922 1693 tuos
949 1631 1206 1710 labores,
1257 1647 1327 1689 ac
1372 1626 1645 1704 sudores,
1681 1626 1729 1685 si
1761 1622 2084 1685 contritum
2115 1624 2190 1685 de

544 1712 661 1783 tuis
692 1720 953 1802 peccatis
982 1738 1085 1781 cor
1115 1717 1358 1791 habeas,
1414 1723 1473 1776 et
1528 1730 1760 1802 memor
1810 1712 2187 1802 antiquorum

545 1801 808 1884 dierum,
858 1809 1086 1890 lapsum
1131 1825 1266 1869 cum
1309 1802 1628 1884 gemitibus
1671 1801 1773 1890 tibi
1831 1820 2074 1862 revoces
2128 1801 2184 1861 in

544 1906 867 1979 conspectu
899 1889 1079 1959 illius.
1108 1894 1460 1975 Respiciens
1487 1890 1647 1952 enim
1695 1889 1856 1951 brevi
1908 1889 2189 1970 respiciet

546 1994 606 2050 te
637 1996 991 2050 trementem
1017 2002 1325 2047 sermones
1353 1982 1541 2062 ipsius
1564 1981 1617 2062 7,
1645 1988 1958 2059 tangetque
1987 1979 2194 2040 invisi-

543 2075 748 2139 biliter
775 2076 979 2138 oculos
1008 2073 1205 2136 cordis
1231 2071 1313 2133 tui
1343 2070 1622 2150 dolentis,
1651 2078 1708 2131 et
1737 2069 2033 2130 laboriose
2055 2069 2189 2149 jac-

546 2173 671 2229 tum
695 2183 730 2228 a
759 2173 817 2229 te
846 2162 1077 2226 virtutis
1128 2162 1579 2224 fundamentum
1629 2157 1950 2231 cusmdiet,
1985 2176 2054 2221 ac
2085 2157 2191 2219 tibi

543 2253 709 2318 dabit
752 2253 909 2316 vires
959 2252 1256 2334 praoruhus
1306 2251 1566 2330 majores
1596 2257 1656 2309 et
1686 2248 2092 2328 perfectiores,
2128 2248 2190 2309 in

541 2343 742 2408 calore
771 2342 1015 2422 Spiritus
1034 2340 1305 2414 fervoris,
1342 2349 1404 2399 ut
1431 2356 1537 2419 per
1569 2336 1910 2417 patientiam
1942 2354 2192 2415 recupeo

541 2450 643 2495 res
671 2451 855 2514 opera
885 2428 1350 2494 virtutisinvidia
1381 2426 1621 2505 maligni
1653 2427 1986 2506 deperdita,
2012 2436 2190 2506 atque

538 2531 863 2597 restaures,
914 2521 977 2583 in
1036 2519 1247 2599 spiritu
1298 2516 1691 2591 humilitatis,
1760 2516 2002 2576 domum
2061 2515 2190 2594 ipsa

541 2609 741 2693 priore
795 2609 1290 2692 splendidiorem,
1341 2607 1406 2669 iu
1459 2606 1730 2686 requiem
1781 2606 1871 2685 (ut
1897 2603 2187 2683 scriptum

542 2708 636 2763 est
659 2701 710 2775 8)
740 2698 874 2781 ejus
903 2710 1210 2761 aternam.

624 3057 724 3120 55.
759 3054 974 3120 Omnia
1002 3054 1072 3117 ad
1117 3051 1504 3131 ignominiam
1541 3051 1713 3114 nobis
1761 3051 2183 3131 contingentia,

2274 1271 2416 1348 παρά
2459 1272 2541 1326 σοὶ
2586 1275 2686 1337 τῆς
2731 1268 3017 1350 εὖσεϐείας,
3080 1271 3124 1326 εἰ
3182 1271 3269 1326 καὶ
3325 1274 3529 1326 πτῶσιν
3580 1270 3773 1338 ὑπέστη
3809 1292 3901 1326 κα-

2273 1360 2543 1418 τασεισθὲν
2591 1362 2652 1416 τὸ
2695 1359 3039 1437 οἰκοδομηθὲν
3095 1360 3291 1427 ταύτης
3352 1357 3562 1436 οἴκημα
3609 1362 3748 1440 παρά
3799 1366 3902 1435 σοῦ,

2274 1448 2335 1507 ἐκ
2405 1448 2665 1530 διαφόρων
2730 1449 2886 1508 λίθων
2946 1456 3043 1518 τῆς
3104 1451 3322 1529 ἀρετῆς,
3383 1448 3483 1514 ἕως
3555 1447 3768 1531 ἐδάφους
3817 1454 3904 1516 τῆς

2272 1539 2674 1615 ἐμπαθεστᾶτης
2724 1545 2827 1620 γῆς
2883 1547 2990 1597 τῶν
3045 1541 3250 1614 κακῶν,
3306 1536 3426 1595 ἀλλ’
3486 1543 3580 1598 οὒκ
3630 1538 3906 1610 ἐπιλησθή-

2274 1630 2420 1685 σεταί
2448 1651 2542 1686 σου
2590 1637 2697 1687 τῶν
2755 1629 2998 1687 παλαιῶν
3056 1630 3232 1687 πόνων
3288 1630 3377 1685 καὶ
3433 1626 3664 1710 ἱδρώτων
3713 1632 3740 1686 6
3769 1630 3907 1704 Θεὸς,

2272 1717 2390 1796 εἶ’γε
2434 1719 2880 1799 συντετριμμένην
2913 1720 2997 1775 ἐπὶ
3027 1732 3145 1785 τοῖς
3195 1717 3445 1794 πτώμασί
3499 1741 3593 1776 σου
3633 1719 3734 1787 τὴν
3786 1738 3908 1796 καρ-

2208 1804 2381 1895 Βδίαν
2410 1808 2611 1888 φέροις,
2657 1809 3004 1885 μεμνημένην
3046 1828 3105 1865 τε
3147 1810 3363 1888 ἡμερῶν
3400 1807 3661 1888 ἀρχαίων,
3714 1809 3796 1865 καὶ
3821 1808 3910 1874 τὴν

2277 1897 2469 1964 ἑαυτῆς
2528 1897 2962 1973 ἀνακαλουμένην
3009 1904 3211 1954 πτῶσιν
3267 1895 3322 1953 ἐν
3364 1910 3711 1975 στεναγμοῖς,
3769 1897 3913 1955 αὐτοῦ

2273 1983 2393 2042 κατ’
2449 1987 2699 2047 ἐνώπιον.
2763 1985 3097 2045 Ἐπιϐλέπων
3168 1987 3269 2066 γὰρ
3334 1983 3676 2061 ἐπιϐλέψεται
3734 1986 3912 2063 τάχιον

2274 2074 2359 2132 ἐπὶ
2391 2077 2451 2133 σὲ
2480 2077 2738 2156 τρέμοντα
2794 2078 2916 2140 τοὺς
2972 2075 3162 2155 λόγους
3220 2076 3400 2152 αὐτοῦ,
3446 2076 3534 2132 καὶ
3589 2075 3780 2151 ἅψεταί
3827 2096 3912 2130 σου

2271 2172 2378 2221 τῶν
2432 2165 2717 2247 ὀφθαλμῶν
2760 2166 2997 2246 ἀοράτως
3052 2169 3151 2234 τῆς
3195 2162 3492 2221 κατωδύνου
3549 2163 3785 2244 καρδίας,
3833 2164 3914 2219 καὶ

2269 2261 2348 2329 τῷ
2402 2253 2889 2333 προκαταϐληθέντι
2946 2255 3089 2334 παρά
3141 2263 3237 2313 σοῦ
3287 2252 3515 2330 θεμελίῳ
3581 2257 3679 2322 τῆς
3738 2251 3912 2332 ἀρετῆς

2272 2344 2407 2419 μετά
2456 2345 2656 2412 πόνων,
2711 2342 3034 2418 ἐπιστήσειε,
3092 2344 3179 2399 καὶ
3221 2341 3334 2420 δώῃ
3393 2364 3477 2399 σοι
3518 2343 3615 2409 τῆς
3669 2342 3913 2421 προτέρας

2269 2434 2456 2513 ἰσχύος
2486 2435 2756 2515 κρείττονά
2810 2454 2868 2490 τε
2909 2434 2998 2490 καὶ
3051 2431 3381 2511 τελειοτέραν
3438 2431 3615 2512 ἰσχὺν,
3675 2430 3730 2489 ἐν
3757 2432 3910 2509 θέρμῃ

2271 2522 2482 2595 ζέοντος
2546 2525 2843 2602 πνεύματος
2876 2540 2890 2553 ⁸
2952 2523 3025 2587 εἶς
3075 2523 3138 2579 τὸ
3191 2521 3352 2579 πάλιν
3408 2521 3800 2591 ἀνακτήσασθαι
3850 2519 3910 2574 τὰ

2271 2611 2693 2688 καταϐληθέντα,
2744 2613 3002 2690 βασκανίᾳ
3068 2618 3162 2669 τοῦ
3227 2617 3480 2690 πονηροῦ,
3539 2609 3654 2685 μεθ’
3710 2612 3908 2685 ὑπομο-

2274 2705 2371 2767 νῆς
2416 2699 2543 2781 ἔργα
2599 2707 2697 2772 τῆς
2753 2702 2948 2782 ἀρετῆς
2981 2718 2995 2732 ·
3054 2704 3144 2758 καὶ
3199 2701 3491 2781 ἀνεγεῖραι,
3554 2699 3609 2757 ἐν
3662 2699 3908 2776 πνεύματι

2274 2791 2662 2872 ταπεινώσεως,
2720 2793 2811 2849 τὸν
2881 2791 3036 2849 οἶκον
3092 2792 3255 2859 αὐτῆς
3310 2800 3405 2849 τοῦ
3464 2790 3718 2870 προτέρου
3772 2787 3910 2864 λαμ-

2271 2881 2523 2961 πρότερον
2556 2901 2571 2916 ο
2596 2883 2668 2946 εἰς
2694 2880 3009 2957 ἀνάπαυσιν,
3042 2881 3179 2938 κατά
3204 2879 3266 2937 τό
3294 2878 3685 2960 γεγραμμένον,
3707 2877 3910 2936 αἰωνίαν

2270 2969 2450 3032 αὐτοῦ.

2353 3085 2407 3118 νε
2420 3051 2449 3121 ’.
2499 3063 2679 3120 Πάντα
2743 3062 2811 3124 τὰ
2876 3062 3009 3141 πρὸς
3082 3059 3293 3135 ἀτιμίαν
3348 3059 3486 3134 ἡμῖν
3538 3054 3903 3134 συμϐαίνοντα,

543 3144 666 3209 sive
715 3145 791 3209 ab
836 3125 1200 3217 hominibus,
1255 3141 1380 3231 sive
1416 3161 1450 3202 a
1498 3140 1833 3223 daemoniis,
1880 3125 2040 3221 justo
2076 3142 2179 3206 Dei

2267 3150 2380 3207 εἴτε
2436 3149 2489 3218 ἐξ
2546 3151 2857 3231 ἀνθρώπων,
2912 3125 3027 3206 εἴτε
3074 3149 3136 3206 ἐκ
3189 3146 3478 3223 δαιμόνων,
3523 3147 3682 3225 κρίσει
3737 3142 3905 3216 δικαίᾳ

528 3234 762 3316 judicio
805 3244 864 3297 et
913 3231 1243 3296 oeconomia
1276 3229 1450 3292 nobis
1499 3231 1845 3310 contingunt
1871 3235 1945 3292 ad
1980 3232 2179 3293 humi--

533 3322 800 3384 liandum
832 3321 1073 3383 inanem
1104 3319 1437 3381 animarum
1483 3328 1818 3380 nostrarum
1852 3320 2122 3400 spiritum
2161 3341 2176 3384 :

534 3416 653 3475 vult
685 3411 847 3476 enim
888 3411 1248 3491 gubernator
1277 3409 1406 3470 vita;
1436 3417 1653 3470 nostra;
1702 3411 1856 3470 Deus
1908 3428 2015 3472 nos
2047 3428 2180 3472 esse

535 3517 776 3582 semper
803 3500 1080 3572 humiles,
1104 3516 1214 3560 nec
1244 3517 1352 3559 nos
1376 3498 1506 3578 plus
1526 3516 1694 3577 teque
1723 3498 2040 3572 aestimare,
2068 3517 2178 3560 nec

541 3606 753 3670 magna
781 3588 1005 3651 sentire
1036 3590 1111 3649 de
1142 3587 1335 3661 nobis,
1386 3587 1490 3647 sed
1535 3589 1606 3648 ad
1641 3587 1806 3648 illum
1842 3588 2176 3661 intendere,

536 3688 599 3741 et
638 3678 879 3753 imitari,
931 3686 1219 3760 quantum
1268 3674 1548 3757 poss~hi3e
1596 3685 1706 3751 est,
1764 3675 1999 3738 felicem
2051 3677 2180 3756 ejus

534 3766 959 3842 humilitatem,
992 3786 1125 3829 cum
1167 3765 1346 3827 fuerit
1395 3765 1555 3827 mitis
1585 3775 1644 3826 et
1674 3766 1915 3827 humilis
1946 3771 2125 3828 corde
2160 3786 2175 3828 :

534 3858 685 3919 tales
737 3867 935 3919 autem
988 3875 1105 3918 non
1157 3855 1286 3917 fieri
1335 3854 1637 3914 desiderat
1685 3858 1784 3935 qui
1828 3875 2035 3937 passus
2087 3869 2179 3918 est

535 3962 643 4028 pro
702 3944 876 4007 nobis
938 3954 1188 4006 mortem
1234 3942 1513 4023 injustam
1564 3956 1625 4004 et
1678 3942 2175 4023 iguomisiosam;

534 4032 689 4097 nihil
723 4034 882 4098 enim
909 4033 1066 4094 aliud
1098 4033 1246 4094 adeo
1291 4031 1380 4092 illi
1413 4031 1605 4110 placet
1655 4031 1714 4092 in
1744 4035 2028 4114 omnique
2061 4035 2174 4097 vir-

535 4130 659 4184 tute
703 4141 841 4185 vere
863 4122 1147 4185 immanet
1174 4131 1349 4202 atque
1397 4139 1432 4181 a
1479 4130 1744 4183 stercore
1793 4125 1993 4204 cupidi
2022 4136 2175 4187 atem

532 4212 766 4292 erigere
811 4213 998 4287 valet,
1051 4231 1225 4292 quam
1281 4214 1701 4281 mansuetudo,
1765 4214 2068 4277 humilitas
2119 4224 2178 4278 et

532 4300 792 4363 Charitas
847 4320 986 4381 erga
1036 4301 1372 4382 proximum
1421 4321 1435 4359 :
1482 4318 1613 4374 quae
1660 4301 1709 4362 si
1755 4303 1953 4365 desint
2005 4305 2178 4367 nobis

527 4390 801 4453 virtutem
835 4390 1191 4463 colentibus,
1228 4406 1409 4450 omne
1438 4408 1586 4469 opus
1632 4407 1715 4452 est
1752 4392 2009 4473 irritum,
2041 4416 2173 4458 om-

2264 3247 2415 3322 Θεοῦ,
2489 3242 2608 3298 κατ’
2681 3241 2981 3315 οἰκονομίαν
3039 3236 3467 3315 ἐπιωμόαίνουσι
3534 3239 3664 3311 πρὸς
3718 3234 3902 3293 ταπεί-

2262 3353 2419 3388 νωσιν
2485 3337 2580 3389 τοῦ
2635 3331 2858 3407 ματαίου
2927 3332 3237 3411 φυσήματος
3285 3332 3391 3387 τῶν
3448 3330 3639 3408 ψυχῶν
3709 3328 3860 3403 ἡμῶν
3886 3344 3903 3360 ⁸

2262 3422 2460 3485 σκοπὸς
2505 3422 2604 3499 γὰρ
2654 3426 2732 3495 τῷ
2772 3418 3066 3500 κυϐερνήτῃ
3118 3422 3235 3493 Θεῴ
3293 3422 3392 3487 τῆς
3435 3415 3698 3496 ἡμετέρας
3739 3417 3902 3495 ζωῆς,

2260 3511 2323 3565 τὸ
2366 3509 2445 3566 ἀεὶ
2487 3510 2766 3575 ταπεινοὺς
2814 3511 2958 3584 ἡμᾶς
3014 3508 3180 3579 εἶναι,
3238 3508 3327 3564 καὶ
3385 3506 3463 3581 μὴ
3520 3519 3737 3586 φρονεῖν
3786 3503 3904 3584 παρ’

2259 3598 2288 3655 ὃ
2317 3595 2400 3654 δεῖ
2428 3612 2664 3679 φρονεῖν,
2700 3597 2837 3655 ἀλλὰ
2878 3610 3090 3679 φρονεῖν
3133 3598 3206 3661 είς
3249 3597 3310 3653 τὸ
3338 3608 3631 3677 σωφρονεῖν
3667 3614 3682 3631 ⁸
3735 3596 3812 3672 μὴ
3853 3590 3905 3648 δὲ

2260 3686 2464 3745 οἴεσθαι
2496 3687 2704 3766 μεγάλα
2746 3689 2864 3767 περὶ
2905 3689 3125 3760 ἑαυτῶν,
3177 3683 3316 3742 ἀλλά
3370 3685 3500 3763 πρὸς
3557 3684 3720 3742 αὐτὸν
3776 3684 3905 3764 ἀφο-

2260 3785 2376 3858 Ρᾷν,
2448 3780 2538 3836 κκὶ
2605 3782 2883 3855 μιμεῖσθαι
2955 3782 3131 3848 αὖτοῦ,
3208 3778 3345 3833 κατά
3398 3778 3460 3833 τὸ
3516 3775 3756 3857 ἐφικτὸν,
3812 3774 3907 3841 τὴν

2260 3872 2519 3949 μακαρίαν
2584 3870 2919 3945 ταπείνωσιν,
2980 3867 3163 3938 ἐπειδὴ
3220 3874 3386 3948 πρᾶος
3442 3868 3508 3936 ἧν
3575 3869 3665 3925 καὶ
3720 3886 3907 3925 ταπει-

2260 3960 2347 4022 νὸς
2396 3960 2493 4026 τὴν
2534 3957 2747 4038 καρδίαν
2782 3975 2796 3989 ⁸
2843 3962 2933 4018 καὶ
2986 3960 3243 4022 τοιούτοις
3298 3960 3443 4033 ἡμᾶς
3500 3956 3743 4037 γενέσθαι
3800 3955 3909 4013 ἐπι-

2260 4050 2417 4105 ποθεῖ
2447 4050 2476 4105 6
2503 4049 2926 4125 ὑπομεμενηκὼς
2983 4048 3112 4127 ὑπὲρ
3166 4050 3324 4124 ἡμῶν
3365 4047 3586 4104 θάνατον
3642 4044 3825 4103 ἄδικόν
3855 4065 3910 4101 τε

2258 4137 2346 4193 καὶ
2389 4136 2577 4214 ἄτιμον
2611 4158 2626 4172 ο
2684 4136 2830 4195 ούδέν
2859 4140 2959 4218 γὰρ
3003 4137 3167 4200 οἶτως
3195 4137 3370 4217 ἕτερον
3415 4135 3564 4217 φίλον
3623 4136 3794 4211 αύτῷ,
3825 4134 3908 4191 καὶ

2258 4226 2609 4302 οἰκειούμενον
2652 4225 2707 4284 ἐν
2764 4228 2910 4306 πάσῃ
2966 4226 3176 4294 ἀληθῶς
3236 4227 3421 4306 ἀρετῇ,
3482 4226 3571 4283 καὶ
3622 4223 3906 4302 δυνάμενον

2257 4314 2363 4371 ἀπὸ
2411 4315 2630 4395 κοπρίας
2688 4320 2866 4374 παθῶν
2924 4318 3174 4392 ἀωψοῦν,
3223 4317 3297 4379 ὡς
3340 4316 3599 4395 πραότης,
3664 4318 3757 4372 καὶ
3807 4335 3905 4370 τα-

2257 4404 2528 4483 πείνωσις,
2582 4396 2675 4461 καὶ
2731 4405 2915 4484 ἀγάπη
2970 4407 3103 4484 πρὸς
3153 4406 3246 4461 τὸν
3295 4403 3521 4472 πλησίον
3556 4420 3570 4434 '
3618 4404 3822 4461 τούτων
3853 4398 3905 4457 δὲ

530 4479 752 4559 nisque
798 4480 967 4547 labor
1013 4479 1283 4545 asceticaa
1328 4477 1459 4539 vitae
1508 4480 1735 4543 inutilis
1788 4492 1846 4545 et
1899 4482 2024 4546 Deo
2072 4487 2169 4549 in-

2265 4494 2334 4570 μὴ
2391 4477 2651 4550 συνόντων
2705 4477 2843 4569 ἡμῖν
2896 4477 3266 4574 ἐργαζομένοις
3317 4494 3411 4558 τὰς
3482 4493 3694 4573 ἀρετὰς,
3764 4499 3906 4549 πᾶσα

526 4585 750 4650 gratus.

606 4737 708 4801 56.
744 4736 857 4810 Qui
884 4736 1063 4800 vitam
1099 4738 1333 4801 virtutis
1361 4738 1663 4818 inchoent,
1697 4738 2014 4820 instigante
2043 4763 2170 4825 pte-

522 4843 731 4887 narum
768 4838 950 4901 metu,
974 4837 1211 4889 servant
1236 4830 1508 4890 mandata
1532 4831 1960 4892 etdeclinantu
1992 4836 2167 4899 malo.

523 4912 633 4988 Qui
665 4924 863 4977 autem
898 4916 959 4976 in
991 4917 1207 4979 virtute
1258 4919 1638 4998 profecerunt
1685 4938 1874 5001 usque
1915 4924 1986 4983 ad
2021 4945 2166 4986 con-

522 5003 969 5086 templationem
1005 5006 1210 5083 gloriae
1241 5005 1368 5081 Dei,
1400 5006 1517 5068 alio
1561 5006 1778 5087 pariter
1806 5024 2058 5088 aguntur
2091 5014 2167 5074 ti—

522 5111 715 5165 more,
749 5093 851 5174 qui
883 5093 1302 5158 timidissimus
1330 5105 1419 5158 est
1448 5115 1517 5158 ac
1550 5099 1815 5177 provenit
1849 5119 1917 5162 ex
1966 5103 2165 5165 chari-

521 5189 665 5256 tate,
687 5200 903 5263 nempe
928 5194 1127 5246 castus
1149 5184 1249 5246 ille
1271 5195 1463 5247 metus
1488 5186 1588 5267 qui
1620 5189 1690 5248 ad
1729 5189 1927 5269 quiete
1960 5211 2167 5272 perse-

519 5272 847 5334 verandum
896 5272 958 5335 in
1015 5290 1220 5336 amore
1271 5274 1375 5336 Dei
1433 5294 1534 5337 eos
1581 5276 1838 5356 adjuvat,
1889 5292 2169 5346 verentes

517 5359 956 5426 formidandam
1016 5363 1196 5441 hujus
1242 5364 1557 5444 jacturam.
1617 5364 1755 5429 Ilus
1811 5370 2075 5449 quidem,
2133 5392 2167 5437 e

519 5449 825 5531 praposito
850 5454 969 5515 fine
998 5451 1297 5534 delapsos,
1326 5473 1396 5517 ac
1426 5466 1632 5535 postea
1655 5457 2077 5539 resipiscentes
2108 5472 2167 5525 et

517 5552 927 5621 resurgentes,
960 5541 1186 5624 excipit
1226 5543 1392 5626 prior
1423 5554 1655 5621 metus;
1694 5546 1787 5609 his
1813 5566 1975 5626 vero,
2009 5555 2060 5615 si
2093 5572 2164 5616 ex

594 5706 630 5761 7
657 5706 770 5771 In.
804 5725 963 5790 τινι,
993 5715 1055 5775 ε.
1137 5711 1171 5763 8
1195 5712 1404 5779 Matth.
1433 5732 1518 5791 xx,
1549 5714 1649 5782 29.

2255 4584 2478 4658 μάταιος
2507 4583 2543 4651 ἡ
2572 4582 2810 4662 ἐργασία,
2844 4585 2932 4640 καὶ
2958 4582 3099 4647 ἅπας
3129 4583 3293 4646 κόπος
3324 4582 3602 4653 ἀσκήσεως
3622 4579 3905 4663 ἀνωφελὴς

2254 4673 2343 4729 καὶ
2370 4669 2745 4752 ἀπρόσδεκτος.

2335 4761 2442 4836 νς”
2500 4772 2628 4825 Τοῖς
2681 4761 2778 4837 μὲν
2835 4763 3210 4840 εἷσαγωγικοῖς
3254 4765 3328 4826 εἰς
3383 4762 3474 4819 τόν
3540 4758 3658 4818 κατ’
3713 4758 3907 4839 ἀρετὴν

2253 4850 2364 4925 βίον
2456 4846 2615 4931 φόϐος
2684 4857 2791 4907 τῶν
2865 4849 3137 4908 κολάσεων
3212 4864 3455 4932 συνεργεῖ
3513 4853 3587 4914 εἷς
3657 4848 3909 4931 ἐργασίαν

2250 4940 2356 4997 τῶν
2385 4937 2638 5020 ἐντολῶν,
2670 4940 2759 4996 καὶ
2786 4939 3066 5021 ἀποφυγὴν
3107 4946 3213 4998 τῶν
3264 4943 3465 5015 κακῶν,
3524 4953 3642 5005 τοῖς
3687 4938 3744 4996 δὲ
3788 4932 3907 4995 κατ’

2251 5029 2444 5107 ἀρετὴν
2498 5029 2584 5086 ἐπὶ
2644 5029 2863 5108 θεωρίαν
2914 5031 3217 5109 προκόψασι
3273 5034 3370 5099 τῆς
3421 5039 3515 5089 τοῦ
3559 5038 3692 5089 Θεοῦ
3747 5026 3907 5093 δόξης

2252 5115 2412 5181 ἄλλος
2470 5116 2746 5196 ἀναλόγως
2816 5118 3106 5196 παρέπεται
3165 5116 3348 5199 φόϐος,
3411 5116 3529 5174 λίαν
3584 5118 3658 5175 ὢν
3716 5120 3907 5177 αὐτοῖς

2250 5204 2469 5288 φοϐερὸς
2517 5205 2568 5272 ἐξ
2623 5207 2862 5285 ἀγάπης,
2918 5210 2946 5265 6
3003 5210 3185 5288 ἁγνὸς,
3235 5209 3293 5272 ὃς
3343 5208 3433 5265 καὶ
3486 5219 3731 5288 συνεργεῖ
3775 5206 3907 5265 τού·-

2248 5320 2358 5360 τοις
2416 5299 2487 5361 εἰς
2540 5296 2637 5365 τὴν
2711 5299 3022 5377 παραμονὴν
3098 5299 3404 5370 ἀκλονήτως
3472 5297 3720 5356 ἵστασθαι
3808 5295 3909 5362 τῆς

2248 5388 2463 5467 ἀγάπης
2505 5388 2598 5447 τοῦ
2645 5394 2796 5467 Θεοῦ,
2850 5386 3193 5468 φοϐουμένοις
3241 5390 3329 5447 τὸν
3381 5388 3443 5446 ὲκ
3483 5389 3679 5455 ταύτης
3735 5382 3909 5467 φοϐε-

2248 5480 2335 5557 ρὸν
2404 5475 2636 5534 ὄλισθον.
2712 5473 2964 5542 Ἐκείνοις
3036 5478 3134 5553 μὲν
3190 5478 3290 5559 γὰρ
3344 5485 3564 5538 πεσοῦσι
3619 5482 3711 5535 τοῦ
3768 5474 3913 5532 κατὰ

2248 5579 2410 5647 χεῖρα
2458 5574 2680 5642 σκοποῦ,
2732 5564 3205 5649 μεταμελομένοις,
3265 5569 3354 5624 καὶ
3409 5566 3551 5631 αὖθις
3607 5561 3910 5642 ἀνιπαμᾶ-
3982 5638 3989 5649 1
