4126 6436
485 405 603 470 879

480 733 621 777 nam
690 723 832 776 tunc
889 720 1307 776 occurrentem
1368 712 1664 793 captivum
1719 719 2137 774 convertamus

481 805 771 879 animum,
806 802 897 866 vel
928 821 1064 865 cum
1090 801 1364 882 lacrymis
1394 820 1532 863 eum
1565 800 1637 862 ad
1665 801 1844 862 caelos
1866 809 1927 863 et
1948 803 2136 864 Deum

484 894 808 967 elevemus,
844 899 903 955 et
931 892 1039 963 sic,
1072 891 1193 953 Deo
1237 890 1410 953 nobis
1453 898 1861 971 succurrente,
1914 890 2138 953 libera-

486 981 686 1045 bimur
717 981 875 1044 mole
903 979 1317 1062 blasphemiae.

566 1160 666 1224 60.
701 1158 964 1222 Tristitia
1015 1166 1105 1221 est
1162 1158 1357 1239 passio
1416 1157 1752 1239 corruptrix
1809 1157 2025 1219 animae
2081 1165 2141 1220 et

485 1249 753 1329 corporis
780 1250 1060 1330 ipsasque
1105 1249 1403 1327 attingens
1446 1247 1760 1308 medullas.
1794 1250 1898 1308 Est
1940 1255 2134 1309 autem

484 1337 718 1400 tristitia
767 1339 992 1415 saeculi,
1037 1356 1166 1419 quae
1215 1337 1411 1399 subito
1462 1338 1738 1399 homines
1790 1335 2037 1412 invadit,
2069 1355 2138 1397 ac

485 1445 642 1509 saepe
659 1436 909 1491 mortem
928 1436 1232 1509 operatur;
1252 1434 1309 1490 et
1322 1426 1563 1488 tristitia
1580 1425 2133 1505 secundumDeum,

480 1536 613 1599 quae
654 1517 929 1581 salutaris
978 1517 1152 1580 simul
1200 1524 1258 1578 et
1297 1516 1472 1578 valde
1511 1516 1674 1578 utilis
1704 1523 1819 1590 est,
1852 1524 2135 1577 constan-

479 1610 746 1688 tiamque
774 1607 839 1668 in
867 1607 1177 1670 laboribus
1207 1613 1264 1667 et
1296 1604 1781 1667 tribulationibus
1828 1613 2127 1685 operatur,

478 1695 703 1758 fontem
746 1695 1226 1777 compunctionis
1277 1695 1559 1776 aperiens
1610 1693 1887 1755 militanti
1941 1704 2000 1756 et
2046 1690 2132 1757 Si-

478 1784 653 1847 tienti
673 1786 990 1864 justitiam,
1024 1794 1203 1865 atque
1243 1784 1452 1846 cibans
1482 1802 1586 1844 cor
1615 1782 1765 1862 lacrj
1788 1783 1925 1863 mis,
1957 1783 2040 1846 ita
2070 1795 2137 1849 ut

1790 394 2095 465 NICETxE
2137 393 2567 458 PEGTORATI

479 534 688 598 aaterni
719 552 733 599 :
767 534 830 596 in
859 541 1039 614 caput
1065 541 1233 595 tuum
1264 532 1491 595 recidat
1524 540 1622 595 tua
1651 530 2059 612 blasphemia;
2096 553 2122 585 »

2218 527 2499 605 ἀνάμεστε,
2573 530 2661 586 καὶ
2732 528 2946 588 ὑπόδικε
3003 533 3164 612 πυρὸς
3242 534 3452 590 αἰωνίου
3487 553 3501 567 ·

481 633 541 689 et
571 625 768 688 statim
800 624 877 687 ad
900 624 1158 706 aliquam
1183 622 1360 685 aliam
1388 641 1513 685 rem
1539 622 1797 683 divinam
1822 622 1913 682 vel
1935 623 2163 683 huma-.

3578 557 3715 592 κατα
3784 559 3890 604 της

2219 617 2454 707 κεφαλῆς
2512 641 2606 676 σου
2662 622 2697 689 ἡ
2757 619 3070 702 βλασφημία
3128 644 3222 679 σου
3256 639 3271 655 ⁸
3349 625 3437 679 καὶ
3497 624 3684 683 αὐτίκα
3749 629 3888 707 πρὸς

2220 704 2352 764 ἄλλο
2380 730 2430 764 τι
2460 710 2551 765 τὸν
2594 715 2714 767 νοῦν
2764 717 2985 789 πρᾶγμα
3039 715 3209 784 θεῖον,
3267 712 3304 780 ἢ
3362 712 3709 793 ἀνθρώπινον,
3756 704 3888 795 τόγε

2225 803 2311 853 νῦν
2370 797 2524 878 ἕχον,
2600 797 2668 855 δι’
2725 798 3100 879 αἰχμαλωσίας
3166 800 3648 882 ἀπασχολήσομεν,
3707 804 3746 873 ἢ
3796 808 3891 862 καὶ

2221 886 2358 961 μετά
2426 885 2658 967 δακρύων
2710 889 2841 968 πρὸς
2901 890 3149 970 οὐρανοὺς
3225 894 3381 951 αὐτὸν
3438 894 3526 949 καὶ
3596 895 3726 950 Θεὸν
3764 894 3888 951 ¹ἀν-

2220 976 2522 1052 υψώσωμεν
2558 993 2573 1007 '
2647 979 2737 1035 καὶ
2793 978 2984 1056 οὕτως,
3060 987 3190 1037 Θεοῦ
3260 981 3666 1061 συναιρουμένου
3716 986 3888 1061 ἡμῖν,

2218 1062 2711 1152 ἀπαλλαγησόμεθα
2738 1075 2830 1124 τοῦ
2861 1067 3052 1148 βάρους
3079 1074 3179 1137 τῆς
3213 1069 3584 1152 βλασφημίας.

2302 1142 2369 1219 ξ’,
2402 1142 2728 1236 Φθοροποιὸν
2770 1142 2942 1221 πάθος,
2964 1160 2999 1227 ἡ
3032 1156 3176 1226 λύπη
3207 1142 3281 1224 εἰς
3314 1142 3500 1241 ψυχὴν
3560 1163 3650 1219 καὶ
3695 1164 3879 1241 σῶμα,

2221 1243 2308 1298 καὶ
2352 1243 2525 1301 αὐτῶν
2568 1247 2706 1302 ἁπτο
2764 1245 2774 1264 ’
2935 1250 2962 1260 ”
3158 1247 3230 1304 λ“
3300 1267 3314 1281 ·
3482 1248 3496 1272 ’
3560 1252 3575 1271 ²
3691 1260 3713 1268 “

2711 1267 2845 1321 μενη
2891 1269 2997 1304 των
3058 1269 3155 1324 μυε
3192 1272 3265 1305 ων
3376 1249 3478 1307 ἀλλ
3552 1274 3587 1319 η
3628 1275 3717 1310 του
3772 1255 3879 1310 κό-

2220 1352 2382 1424 σμου,
2441 1335 2475 1401 ἡ
2521 1332 2605 1390 διὰ
2661 1337 2727 1391 τὰ
2784 1337 3078 1416 πρόσκαιρα
3134 1351 3253 1402 τοῖς
3299 1338 3593 1419 ἀνθρώποις
3648 1341 3880 1424 ἐφιπτα-

2223 1419 2386 1496 μένη,
2446 1422 2482 1488 ἣ
2552 1424 2641 1480 καὶ
2699 1423 2960 1489 πολλάκις
3043 1430 3227 1492 αὐτοῖς
3307 1429 3530 1487 θανάτου
3602 1419 3884 1510 παραίτιος

2218 1511 2417 1601 γίνεται
2453 1527 2466 1540 ’
2528 1515 2562 1580 ἡ
2622 1510 2677 1568 δὲ
2729 1515 2866 1571 κατά
2926 1516 3055 1571 Θεὸν
3106 1514 3271 1593 λύπη,
3331 1519 3467 1593 ὁμοῦ
3520 1542 3578 1576 τε
3619 1523 3886 1601 σωτήριος

2216 1600 2305 1654 καὶ
2361 1597 2476 1657 λίαν
2538 1601 2821 1682 ἐπωφελῆς
2892 1603 3046 1680 οὖσα,
3093 1606 3367 1682 ὁπομονὴν
3428 1608 3483 1665 ἐν
3532 1624 3652 1673 τοῖς
3694 1597 3884 1675 πόνοις

2216 1689 2305 1742 καὶ
2360 1702 2480 1778 τοῖς
2534 1704 2856 1771 πειρασμοῖς
2909 1695 3309 1773 κατεργάζεται,
3382 1698 3481 1765 τὴν
3535 1699 3721 1778 πηγὴν
3778 1704 3884 1766 τῆς

2220 1775 2547 1844 κατανύξεως
2619 1781 2991 1857 ἀναστομοῦσα
3056 1789 3135 1858 τῷ
3206 1786 3604 1864 ἀγωνιζομένῳ,
3633 1775 3749 1845 ⁷καὶ
3791 1786 3885 1845 δι·-

482 1874 880 1954 adimpleatur
910 1875 1258 1939 Davidicum
1292 1873 1368 1935 de
1395 1875 1509 1962 hoc
1532 1872 1771 1962 eﬂ'atum
1797 1890 1810 1935 :
1843 1893 1873 1933 (
1900 1871 2125 1937 Cibabis

2221 1866 2389 1962 ιιμὼντι
2419 1867 2517 1935 τὴν
2549 1866 2887 1938 δικαιοσύνην
2942 1878 3034 1928 τοῦ
3099 1879 3252 1949 Θεοῦ,
3311 1877 3402 1932 καὶ
3456 1877 3766 1952 ψωμίζουσα
3795 1875 3885 1935 διὰ

480 1982 591 2025 nos
617 1949 771 2044 pane
801 1965 1217 2046 lacrymarum,
1251 1970 1311 2024 et
1336 1961 1571 2043 potabis
1601 1979 1711 2023 nos
1754 1961 1815 2023 in
1861 1962 2125 2043 lacrymis

2218 1949 2452 2046 δακρύων
2496 1958 2595 2046 τξιν
2653 1956 2866 2039 καρδίαν
2928 1964 3105 2039 αὐτοῦ,
3165 1965 3240 2027 ὡς
3290 1949 3616 2044 πληροῦσθαι
3665 1968 3729 2023 τὸ
3774 1968 3884 2024 Δά-

484 2051 549 2113 in
575 2070 859 2116 mensura
885 2054 1008 2116 vini
1035 2051 1512 2132 compunctionis
1538 2051 1611 2112 43.
1651 2075 1678 2106 »

561 2320 660 2385 61.
685 2323 894 2385 Partes
914 2322 1128 2385 animm
1150 2340 1259 2403 per
1283 2322 1844 2404 peccatum‘idirutas
1863 2323 2131 2403 apprime

477 2418 775 2475 restaurat
804 2412 1046 2476 tristitia
1076 2413 1410 2475 secundum
1461 2414 1675 2493 Deum,
1708 2420 1767 2473 et
1795 2411 1872 2473 ad
1918 2420 2130 2473 statum

477 2501 807 2563 naturalem
837 2509 1110 2565 revocat:
1151 2502 1299 2565 adeo
1330 2500 1487 2563 enim
1523 2502 1793 2581 hyemem
1836 2499 2131 2580 cupidita-

478 2592 601 2652 tum
656 2589 1024 2672 nebulasque
1070 2590 1300 2671 peccati
1341 2591 1617 2670 lacrymis
1666 2589 1902 2670 minuit,
1954 2597 2012 2651 et
2056 2590 2129 2651 ab

479 2678 780 2758 spirituali
810 2679 1023 2741 animae
1054 2679 1296 2759 repellit
1322 2697 1482 2751 aere,
1516 2686 1581 2738 ut
1621 2678 1813 2740 statim
1848 2695 2127 2739 serenum

477 2767 579 2828 ﬁat
620 2767 685 2829 in
734 2767 1192 2847 cogitationibus
1237 2768 1475 2840 mentis,
1522 2765 2037 2848 tranquillitasque
2065 2766 2127 2827 in

477 2855 631 2917 mari
656 2856 1088 2937 intelligentiae,
1136 2866 1195 2918 et
1242 2856 1448 2917 laetitia
1475 2855 1539 2917 in
1567 2855 1786 2918 nostris
1819 2855 2123 2932 cordibus,

476 2953 654 3026 atque
683 2945 748 3006 in
778 2945 980 3026 specie
1007 2945 1205 3008 vultus
1237 2945 1426 3006 nostri
1456 2944 1814 3026 immutatio,
1848 2944 1907 3006 in
1949 2964 2125 3026 quam

472 3034 854 3115 perspicaces
882 3034 1320 3116 quodammodo
1351 3034 1554 3096 oculos
1583 3034 1951 3115 affectusque
1983 3052 2124 3097 suos

2215 2039 2418 2138 ςιτικὸν
2447 2045 2547 2138 *ἐπ’
2578 2047 2763 2138 έκείνῳ
2808 2050 2988 2129 λόγιον
3024 2067 3040 2083 ⁶
3091 2070 3123 2112 (
3171 2039 3420 2130 Ψωμιεῖς
3477 2056 3645 2133 ἡμᾶς,
3691 2058 3883 2138 φησὶν,

2215 2130 2370 2226 ἄρτον
2440 2133 2700 2214 δακρύων,
2779 2140 2868 2195 καὶ
2939 2153 3150 2206 ποτιεῖς
3207 2144 3350 2218 ἡμᾶς
3410 2142 3464 2201 ἐν
3518 2130 3763 2226 δάκρῷιν
3823 2130 3882 2206 ἐν

2216 2222 2394 2302 μέτρῳ
2423 2226 2514 2282 τὸν
2545 2226 2696 2283 οἶνον
2724 2232 2826 2295 τῆς
2872 2227 3223 2296 κατανύξεως,
3278 2256 3306 2289 n

2295 2305 2400 2377 ξα’.
2453 2316 2529 2374 Τὰ
2576 2318 3001 2405 συμπεπτωκότα
3043 2320 3180 2400 μέρη
3233 2327 3333 2390 τῆς
3381 2326 3568 2405 ψυχῆς
3611 2324 3717 2382 ἀπὸ
3772 2331 3878 2395 τῆς

2212 2401 2320 2457 τῶν
2361 2405 2540 2461 κακῶν
2592 2403 2858 2485 ἐργασίας,
2920 2406 3036 2467 λίαν
3092 2412 3126 2478 ἡ
3185 2413 3321 2468 κατά
3362 2401 3497 2469 Θεὸν
3539 2413 3681 2481 λύπη
3738 2414 3878 2472 ἀνα-

2215 2496 2403 2547 κτᾶται
2431 2494 2521 2549 καὶ
2563 2496 2636 2559 εἷς
2687 2496 2748 2552 τὸ
2800 2497 2937 2554 κατὰ
2978 2500 3131 2579 φύσιν
3186 2499 3532 2560 ἀνακαλεῖται
3569 2523 3585 2539 ⁸
3622 2511 3878 2564 τοσοῦτον

2213 2580 2312 2675 γάρ
2344 2583 2712 2675 τὸνὲχειμῶνα
2739 2587 2848 2675 ⁸τῶν
2890 2590 3096 2675 παθῶν,
3150 2593 3238 2648 καὶ
3283 2593 3350 2650 τὰ
3400 2592 3533 2675 νέφη
3561 2599 3663 2662 τῆς
3692 2597 3875 2675 ἀμαρ-

2210 2670 2325 2733 τίας
2382 2670 2687 2729 εκλεπτύνει
2758 2672 2843 2732 διὰ
2904 2674 3163 2756 δακρύων,
3222 2682 3310 2738 καὶ
3372 2670 3483 2739 τοῦ
3522 2670 3740 2753 νοητου
3769 2670 3875 2754 ei"):

2211 2760 2398 2838 ψυχῆς
2450 2760 2731 2855 ἀπελαύνει
2794 2762 2970 2855 ἀέρος,
3030 2768 3103 2830 ὡς
3159 2769 3353 2848 αἰθρίαν
3411 2771 3464 2829 ἐν
3536 2787 3655 2837 τοῖς
3713 2773 3877 2855 λογι-

2210 2861 2371 2942 σμοῖς
2412 2850 2609 2942 ῖαύτίκα
2664 2860 2756 2942 τοῦ
2813 2854 2932 2942 νοὸς
2973 2856 3129 2931 ἡμῶν
3180 2858 3435 2940 γίνεσθαι,
3478 2864 3568 2919 καὶ
3624 2850 3875 2942 γαλήνην

2208 2933 2261 2992 ἐν
2291 2943 2359 3029 τῇ
2403 2937 2644 3007 θαλάσση
2674 2941 2770 3010 τῆς
2814 2939 3069 3022 διανοίας,
3128 2933 3217 3004 καὶ
3270 2933 3588 3029 εὐφροσύνην
3639 2933 3701 3009 ’ἐν
3742 2933 3873 3020 ταῖς

2208 3023 2438 3121 καρδίαις
2481 3030 2658 3121 ἡμῶν,
2722 3032 2819 3121 καὶΔ
2870 3031 3151 3093 ἀλλοίωσιν
3212 3035 3265 3094 ἐν
3458 3040 3727 3121 ἐπιφανείᾳ
3768 3051 3871 3102 τοῦ

477 3112 868 3204 τεροῖιθηιεε,
899 3112 1035 3187 cum
1064 3123 1287 3188 Davide
1318 3124 1682 3187 exclamant:
1714 3146 1735 3179 «
1771 3112 1910 3185 Haec
1940 3132 2125 3186 muta-

2218 3114 2497 3211 προσώπου
2524 3119 2702 3211 ἡμῶν,
2738 3117 2820 3211 ἐφ’
2869 3120 2935 3189 ἣν
2984 3126 3030 3180 οἱ
3079 3122 3257 3191 καλῶς
3300 3112 3522 3207 ὁρῶντες
3559 3112 3737 3211 ὥσπερ
3765 3133 3867 3197 τὰς

473 3212 556 3274 tio
586 3212 846 3277 dexterae
875 3212 1109 3277 Excelsi
1139 3214 1210 3278 13.
1246 3239 1269 3269 υ

549 3483 652 3549 62.
684 3482 819 3546 Noli
863 3490 1141 3565 acceptas
1191 3482 1412 3545 habere
1463 3480 1858 3562 subrepentes
1909 3479 2015 3543 tibi
2054 3499 2126 3543 ex

2210 3205 2361 3279 ὄψεις
2391 3207 2479 3263 καὶ
2508 3208 2603 3271 τὰς
2654 3206 2908 3276 διαθέσεις
2965 3212 3138 3270 αὐτῶν
3185 3205 3873 3297 προσάναπαύοντεςίοῧτω

2209 3295 2345 3380 κατα
2388 3296 2478 3353 τὸν
2511 3294 2672 3380 ᾼαϐὶδ
2700 3298 3078 3378 ἀνακράζουσιν
3113 3321 3127 3335 ·
3170 3324 3195 3361 ιι
3229 3294 3373 3374 Αὕτη
3398 3309 3433 3375 ἡ
3464 3294 3745 3374 ἀλλοίωσις
3767 3316 3872 3380 τῆς

2209 3379 2376 3448 δεξιᾶς
2405 3394 2499 3445 τοῦ
2534 3376 2806 3462 Ὑψίστου.
2839 3376 2886 3446 ὴ»

2289 3470 2370 3548 EB.
2431 3474 2520 3542 Μὴ
2574 3475 2879 3573 παραδέχου
2938 3480 3061 3573 τοὺς
3117 3480 3170 3549 ἐξ
3231 3485 3490 3545 ὑπονοιῶν
3543 3490 3866 3573 ὑποστειρο-

468 3573 913 3653 suspicionibus
962 3559 1354 3653 cogitationes
1402 3559 1683 3633 adversus
1735 3569 2117 3664 proximum:

2218 3559 2392 3664 ιένους
2452 3585 2533 3620 σοι
2604 3563 2889 3644 λογισμοὺς
2943 3570 3081 3627 κατά
3152 3583 3246 3633 τοῦ
3300 3574 3551 3655 πλησίον,
3610 3582 3709 3639 εἰσὶ

467 3646 606 3725 ειηιῖ
642 3665 802 3726 enim
834 3646 1179 3745 mendaces,
1213 3662 1565 3744 perniciosae
1592 3678 1662 3721 ac
1686 3646 1930 3721 omnino
1959 3659 2122 3721 falla-

2218 3646 2414 3745 μευδεῖς
2438 3654 2555 3745 ,καὶ
2608 3653 2857 3737 ὀλέθριοι,
2917 3660 3007 3716 καὶ
3053 3661 3229 3730 πάντη
3282 3646 3670 3737 ἀπαταιῶντες,

467 3770 590 3814 ces.
630 3754 791 3815 Scito
835 3753 1014 3832 igitur
1057 3737 1354 3813 daemonia
1398 3752 1824 3839 hanctentare
1863 3749 2018 3810 viam
2047 3749 2120 3811 ad

2218 3737 2290 3793 >ῦν
2320 3738 2401 3796 ὅτι
2432 3739 2515 3799 διὰ
2568 3745 2753 3803 τούτου
2809 3756 2904 3807 τοῦ
2961 3759 3162 3809 σκοποῦ
3204 3756 3489 3834 πειρῶνται
3553 3763 3601 3817 οἱ
3665 3759 3862 3839 δαίμο-

468 3840 780 3920 pellendas
827 3830 886 3901 in
932 3840 1204 3921 abyssum
1255 3838 1610 3928 perditionis
1655 3837 1881 3928 animas
1913 3856 2117 3928 eorum

2218 3848 2283 3893 ρες
2309 3830 2380 3895 είς
2408 3831 2591 3928 βόθρον
2642 3833 2911 3928 ἀπωλείας
2970 3840 3175 3907 ὠθῆσαι
3231 3830 3326 3910 τὰς
3381 3849 3565 3928 ψυχὰς
3607 3852 3713 3908 τῶν
3753 3830 3864 3921 δίδη

466 3931 568 4010 qui
607 3932 729 4010 jam
765 3929 1151 4011 profecerunt
1179 3928 1239 3989 in
1269 3926 1586 3991 virtutibus
1614 3947 1628 3988 :
1663 3926 1837 3987 aliter
1865 3926 2024 3987 enim
2055 3927 2117 3987 in

2218 3922 2470 4022 rpp‘xom‘t;
2500 3924 2791 3983 ποιούντων
2834 3924 2888 3985 ἐν
2947 3942 3070 3994 ταῖς
3125 3930 3342 4009 ἀρεταῖς
3377 3954 3394 3973 ⁶
3455 3922 3631 4006 ἀλλως
3660 3942 3760 4022 γὰρ
3791 3945 3865 4011 εἷς

467 4006 1171 4097 gurgitem—damnationis
1189 4017 1576 4097 scelestaeque
1592 4015 1847 4106 actionis
1858 4015 2116 4096 aliquem

2218 4008 2349 4106 luti‘ov
2370 4103 2394 4106 ῃ
2434 4014 2790 4106 κατακρίσεως
2857 4016 2947 4072 καὶ
3028 4006 3284 4100 ἁμαρτίας
3374 4006 3685 4106 ἐμπριιὶδιτου¹
3732 4006 3863 4091 ⁸τῶν

466 4094 830 4197 athletarum
856 4106 1176 4197 detrudere
1194 4094 1522 4197 nequeunt,
1556 4122 1734 4186 quam
1764 4105 1850 4165 illi
1868 4094 2115 4197 persua-

2218 4096 2603 4197 ὶγωνιζομένων
2658 4104 2777 4160 τινὰ
2830 4106 3182 4185 παραπέμψαι
3241 4112 3301 4168 οὗ
3349 4094 3613 4194 δύνανται,
3675 4120 3718 4175 εἷ
3778 4122 3861 4197 μὴ

465 4194 662 4257 dendo
684 4205 749 4257 ut
764 4196 949 4258 malas
969 4195 1270 4276 concipiat
1291 4180 1686 4275 suspiciones;
1720 4211 1857 4254 nam
1868 4180 1965 4255 'sic
1979 4212 2115 4255 eum

2218 4182 2569 4266 ιαϐεῖνιαύτὸν
2609 4192 2835 4268 ὑποψίας
2863 4180 3111 4253 πείσουσι
3134 4203 3396 4284 πονηρὰς,
3432 4203 3494 4262 ἐκ
3518 4180 3624 4264 τῶν
3672 4180 3863 4275 ἔξωθεν

462 4282 526 4343 in
549 4282 845 4363 judicium
877 4274 1225 4366 peccatique
1244 4283 1472 4365 lapsum
1497 4282 1877 4363 inducenles,
1897 4282 1958 4343 in
1977 4302 2109 4344 con-

2218 4275 2337 4342 ifith
2395 4298 2452 4333 τε
2502 4281 2589 4335 καὶ
2646 4278 2924 4339 διαθέσεων
3007 4296 3102 4346 τοῦ
3181 4274 3410 4357 πλησίον
3443 4310 3458 4324 ⁸
3547 4295 3685 4354 οὕτω
3755 4303 3862 4383 γὰρ

463 4372 846 4436 demnatione
877 4365 1085 4435 mundi
1107 4372 1438 4453 implicant,
1458 4372 1627 4452 juxta
1647 4389 1884 4433 sacrum
1910 4389 2115 4435 oracu-

2218 4366 2297 4421 »πὸ
2324 4368 2492 4444 κρίσιν
2522 4370 2608 4426 καὶ
2636 4372 2838 4429 πτῶσιν
2863 4374 3121 4453 ἁμαρτίας
3150 4386 3337 4441 τοῦτον
3362 4386 3706 4466 ποιήσαντες,

460 4462 588 4525 lum
630 4483 645 4523 :
679 4488 706 4513 α
731 4462 898 4536 Quod
940 4463 992 4524 si
1040 4466 1441 4543 nosmetipsos
1471 4460 1962 4540 dijudicaremus,
1994 4481 2112 4524 non

2218 4456 2571 4534 ιατακριθῆναι
2598 4465 2675 4533 τῷ
2712 4460 2897 4537 κόσμῳ
2927 4461 3256 4549 ἐργάζονται,
3288 4474 3426 4530 κατά
3466 4476 3529 4531 τὸ
3558 4456 3703 4535 ὅσιον
3754 4456 3859 4537 λό-

463 4552 669 4634 utique
691 4553 1130 4633 judicaremur;
1153 4553 1293 4615 dum
1317 4554 1657 4634 judicamus
1677 4562 1895 4629 autem,
1928 4572 1961 4614 a
1990 4553 2111 4616 Do-

2218 4561 2358 4649 rtov:
2396 4569 2424 4602 α
2460 4548 2519 4603 Εἰ
2548 4550 2647 4649 γὰρ
2677 4550 2915 4649 ἑαυτούς,
2945 4557 3126 4649 ιρησὶν,
3162 4548 3455 4643 ἐκρίνομεν,
3488 4566 3582 4623 οὐκ
3614 4566 3678 4622 ἂν
3707 4567 3861 4649 ἐκρι-

463 4633 626 4704 mino
657 4644 1042 4724 corripimur,
1075 4652 1142 4705 ut
1171 4662 1292 4705 non
1323 4633 1458 4705 eum
1488 4644 1605 4705 hoc
1627 4644 1846 4705 mundo
1870 4642 2112 4706 damne-

2218 4633 2388 4733 νόμεθα
2421 4653 2438 4671 ⁸
2497 4639 2795 4733 κρινόμενοι
2837 4640 2916 4718 δὲ,
2967 4645 3069 4701 ὑπὸ
3114 4633 3302 4728 Κύριου
3337 4633 3730 4733 -παίδευομεθα,
3763 4633 3862 4717 θνα

462 4750 600 4794 mur
623 4733 697 4797 14.
735 4758 763 4790 ι)
1395 4790 1400 4795 .

542 4822 646 4884 63.
680 4821 822 4885 Cum
851 4840 921 4885 ex
942 4822 1306 4902 negligentia
1335 4819 1873 4896 daemoniislocum
1898 4820 2111 4883 damus

456 4911 817 4974 'susurrandi
847 4911 910 4973 in
940 4930 1114 4976 aures
1160 4918 1392 4973 nostras
1425 4909 1800 4990 suspiciones
1829 4909 2111 4973 adversus

458 4999 693 5077 fratres,
727 5002 867 5082 quia
894 5020 1112 5082 nempe
1136 5019 1258 5061 non
1277 4998 1650 5079 invigilamus
1682 4998 1939 5061 motibus
1961 5020 2110 5062 ocu-

462 5088 679 5166 lorum,
714 5099 841 5153 tum
884 5091 957 5153 ab
1001 5091 1076 5152 iis
1122 5088 1489 5170 impellimur
1518 5088 1591 5149 ad
1621 5088 2109 5153 condemnandos

462 5179 641 5241 etiam
672 5180 886 5243 virtute
911 5180 1234 5261 perfectos.
1258 5176 1404 5239 Nam
1423 5176 1474 5239 si
1504 5178 1681 5239 homo
1712 5176 1935 5259 aliquid
1970 5180 2107 5260 pul-

461 5268 590 5330 chri
618 5268 913 5351 aspiciens
940 5270 1104 5332 vultu
1129 5266 1498 5342 subridente,
1522 5266 1917 5348 omnibusque
1942 5269 2107 5333 aditu

459 5356 650 5420 facilis
676 5359 750 5421 ad
780 5358 1165 5440 colloquium,
1198 5356 1335 5418 ideo
1372 5355 1479 5417 tibi
1511 5356 1742 5417 videtur
1780 5374 2003 5437 pronus
2033 5360 2105 5421 ad

461 5447 816 5527 cupiditates
863 5466 933 5510 ac
978 5447 1347 5528 voluptates;
1379 5462 1518 5525 ergo
1561 5446 1921 5527 quicumque
1949 5447 2110 5512 videt

460 5533 685 5617 aliquid
714 5537 1011 5619 dejectum
1048 5552 1118 5602 ac
1142 5534 1332 5612 triste,
1365 5532 1467 5596 ille
1482 5537 1659 5598 etiam
1685 5534 1793 5597 tibi
1820 5534 2110 5602 habeatur

540 5704 600 5757 12
625 5703 781 5773 Psal.
812 5723 1014 5784 LXXIX,
1048 5707 1107 5772 6.
1192 5707 1253 5757 15
1277 5705 1435 5773 Psal.
1468 5723 1670 5789 Lxxyt,
1702 5708 1800 5772 11.

2194 4723 2273 4797 μὴ
2302 4724 2394 4826 σῦν
2423 4733 2500 4801 τῷ
2528 4728 2717 4805 κόσμῳ
2743 4733 3166 4812 κατακριθῶμεν,
3191 4723 3235 4795 ⁷ιι

2274 4816 2397 4912 ξγ
2420 4907 2431 4912 _
2468 4829 2606 4878 Οταν
2662 4822 2722 4880 ἐκ
2776 4825 3023 4902 ῥᾳθυμίας
3081 4830 3265 4911 χώραν
3326 4832 3499 4912 δῶμεν
3555 4848 3677 4905 τοῦς
3733 4840 3863 4900 δαι-

2194 4928 2315 5011 μοσι
2348 4906 2535 5011 λαλεῖν
2564 4913 2636 4977 εἰς
2680 4913 2742 4968 τὸ
2800 4914 2888 4978 οῦς
2946 4906 3122 4991 ἡμῶν*
3157 4906 3251 4988 τὰς
3298 4906 3435 4985 κατά
3475 4928 3582 4985 τῶν
3611 4927 3857 5011 ἀδελφῶν

2192 4996 2461 5075 ὑπονοίας,
2516 5000 2829 5080 ἀφυλάκτως
2886 5002 3132 5072 δηλονότι
3191 5010 3409 5092 ἔχοντες
3461 5018 3580 5097 περὶ
3621 5020 3715 5084 τὰς
3752 4996 3858 5078 ’κι-

2193 5090 2371 5191 νήσεις
2577 5093 2900 5191 όφθαλμῶν,
2931 5098 3052 5155 τότε
3093 5102 3165 5167 εἷς
3218 5090 3281 5160 τδ
3328 5090 3657 5189 κατακρίνειν
3714 5111 3857 5191 ἀγό-

2191 5182 2323 5282 μεθα
2351 5180 2440 5237 ὑπ’
2470 5184 2666 5265 αὐτῶν,
2716 5182 2823 5242 ἔσθ’
2873 5187 2961 5246 ὅτε
3012 5191 3101 5246 καὶ
3155 5193 3277 5257 τοὺς
3330 5180 3562 5263 τελείοῦς
3614 5201 3689 5264 εἷς
3736 5180 3862 5282 ἀρε-

2188 5269 2337 5369 τήν.⁸
2362 5271 2441 5369 Εἰ-
2469 5272 2568 5369 γὰρ
2617 5275 2646 5328 ὁ
2697 5278 2939 5355 χαροπὸν
2986 5279 3122 5356 ὁρῶν
3151 5281 3524 5359 ὑπομειδιῶντι
3553 5269 3852 5369 προσώπῳ,

2188 5360 2276 5414 καὶ
2318 5361 2347 5415 ὁ
2378 5362 2701 5459 *εὐπρόσιτος
2747 5372 2907 5459 πάσιν
2978 5371 3051 5435 εἷς
3090 5372 3332 5459 Ϋομιλίαν
3405 5360 3857 5459 συγκαταθετικός

2189 5471 2271 5505 σοι
2300 5451 2431 5540 πρὸς
2489 5449 2682 5520 ἡδονὰς
2738 5457 2827 5513 καὶ
2881 5459 3023 5526 πάθη
3083 5458 3251 5540 δοκεῖ,
3314 5464 3452 5524 ἔστω
3483 5449 3583 5527 ’σοι
3628 5471 3719 5528 καὶ
3745 5479 3857 5540 πᾶς

2189 5539 2428 5620 κατηφὲς
2473 5543 2609 5621 ὁρῶν
2656 5546 2745 5602 καὶ
2799 5550 3045 5631 στυγνὸν,
3105 5539 3269 5629 θυμοῦ
3322 5557 3498 5616 πνέων
3524 5561 3614 5618 καὶ
3641 5562 3857 5640 ὑπερη-

1888 5707 1994 5772 141
2022 5712 2162 5786 Cor.
2188 5730 2272 5794 XI,
2310 5711 2409 5792 31,
2441 5710 2541 5778 32.
