4126 6372
237 403 344 469 881
1211 400 1754 469 PBACTICORUM
1799 401 2142 465 CAPITUM
2188 400 2583 465 CENTUBIA
2629 404 2657 464 Ι
3524 402 3643 468 882

235 538 422 616 φανίας
456 538 673 614 μεστός.
725 538 875 596 Ἀλλ’
919 539 978 595 οὒ
1020 539 1132 619 χρὴ
1161 552 1279 602 τοῖς
1324 537 1668 617 ἀνθρωπίνοις
1717 560 1888 617 προσ-

1984 540 2037 594 ut
2068 533 2216 595 iram
2249 532 2484 615 spirans
2516 542 2575 595 et
2602 534 2883 611 superbia
2912 536 3228 616 plenus.At
3257 556 3378 599 non
3398 543 3641 618 oportet

239 627 389 707 ἐχειν
457 627 706 705 ἱδιώμασι
745 646 759 660 ⁶
838 627 1071 710 σφαλερὰ
1140 628 1239 707 γάρ
1298 628 1409 684 ἐστι
1459 640 1578 692 τοῖς
1649 634 1805 685 πᾶσιν
1861 630 1888 695 ἡ

1984 622 2287 685 immorari
2322 622 2599 685 humanis
2622 623 3106 704 proprietatibus,
3155 624 3450 707 siquidem
3474 626 3640 707 peri-

239 717 359 795 περὶ
404 718 470 774 τὰ
512 725 731 775 τοιαῦτα
790 720 983 798 κρίσις,
1044 719 1156 775 Εἰσὶ
1206 718 1305 797 γὰρ
1361 717 1653 797 ἀνθρώποις
1704 715 1888 774 πολλαῑ

1984 712 2250 774 culosum
2284 720 2373 774 est
2394 713 2675 775 omnibus
2699 712 2760 774 in
2783 714 3130 794 hujusmodi
3144 714 3464 795 judicium.
3487 713 3639 778 Sunt

234 811 315 879 τῷ
365 805 478 864 ὄντι
531 805 771 889 διαφοραὶ
827 809 1055 889 φύσεων,
1121 809 1209 864 καὶ
1266 805 1444 881 ἕξεων,
1504 807 1593 863 καὶ
1652 828 1888 882 σωματι-

1984 801 2142 863 enim
2192 801 2534 864 hominibus
2584 802 2783 864 multae
2823 803 2886 864 in
2937 803 3193 866 essendo
3225 804 3640 887 discrepantiae

235 901 346 951 κῶν
398 895 617 971 θέσεων,
690 900 749 954 αἲ
809 898 995 974 μόνοις
1054 897 1277 961 ἐκείνοις
1326 897 1552 961 ἐἰκότως
1611 897 1735 953 εἰσὶν
1793 896 1888 952 ὑπὸ

1984 899 2328 953 naturarum
2359 940 2374 967 ,
2433 890 2771 974 habituum,
2829 892 3290 973 dispositionum
3348 895 3637 974 corporis,

232 986 455 1065 θεωρίαν
510 987 597 1043 καὶ
667 987 835 1067 κρίσιν
893 986 1172 1064 ἀληθινὴν,
1235 999 1352 1051 τοϊς
1416 988 1638 1065 καθαρὸν
1680 1008 1888 1053 κτησα-

1984 999 2107 1061 quze
2130 981 2204 1043 ab
2235 980 2354 1043 illis
2388 988 2612 1042 tantum
2645 982 3073 1044 convenienter
3101 982 3429 1046 examinari
3462 991 3519 1045 et
3541 984 3640 1063 ju-

235 1072 418 1147 μένοις
447 1076 508 1132 τὸ
538 1076 719 1154 νοερὸν
750 1074 899 1152 ἅμμα
927 1082 1026 1144 τῆς
1085 1080 1272 1156 ψυχῆς
1315 1074 1400 1136 διὰ
1457 1074 1663 1143 πολλῆς
1721 1097 1892 1132 κατα-

232 1159 449 1237 νύξεως,
482 1165 569 1221 καὶ
612 1163 811 1222 ἔνοικον
856 1163 1043 1245 ἔχουσι
1090 1167 1152 1221 τὸ
1194 1162 1409 1243 ἄπειρον
1453 1165 1564 1245 φῶς
1595 1165 1689 1233 τῆς
1722 1164 1892 1222 ἐνθέου

229 1254 377 1321 ζωῆς
412 1267 427 1284 ⁸
461 1256 548 1317 οἷς
575 1256 664 1311 καὶ
691 1254 751 1311 τὸ
808 1252 997 1312 εἰδέναι
1053 1254 1206 1321 ἐδόθη
1263 1256 1330 1312 τὰ
1383 1256 1647 1334 μυστήρια
1675 1255 1769 1323 τῆς
1799 1261 1890 1312 τοῦ

233 1347 368 1400 Θεοῦ
397 1342 694 1419 βασιλείας,

315 1421 414 1497 ξδ’.
477 1435 764 1516 Αύτουργοὶ
818 1442 925 1495 τῶν
977 1436 1188 1517 φαύλων
1246 1436 1410 1517 ἔργων
1467 1435 1737 1515 γινόμενοι
1797 1436 1890 1504 τῆς

232 1520 451 1597 σαρκὸς,
507 1527 577 1598 τῇ
634 1524 777 1603 παρὰ
833 1524 986 1605 φύσιν
1041 1525 1288 1602 ἐπιθυμίᾳ
1343 1526 1432 1582 καὶ
1486 1532 1563 1600 τῷ
1603 1528 1752 1601 θυμῷ
1795 1524 1892 1593 τῆς

232 1608 418 1689 ψυχῆς
487 1608 912 1695 λειτουργοῦμεν,
986 1615 1155 1696 σάρκα
1230 1616 1327 1691 μὲν
1402 1616 1695 1690 μιαίνοντες
1771 1629 1892 1681 ταῖς

230 1696 457 1776 φαύλαις
498 1701 646 1779 ῥοαῖς
697 1703 791 1772 τῆς
837 1705 1114 1786 ἁμαρτίας,
1147 1705 1331 1785 ψυχὴν
1373 1702 1429 1761 δὲ
1472 1710 1541 1782 τῇ
1580 1711 1672 1762 τοῦ
1727 1708 1891 1781 θυμοῦ

1974 1069 2165 1132 dicari
2214 1079 2500 1151 possunt,
2555 1071 2659 1151 qui
2706 1070 3077 1152 spiritualem
3126 1073 3348 1134 anima;
3395 1073 3638 1136 oculum

1975 1160 2157 1222 multa
2176 1160 2612 1223 mundaverunt
2632 1162 3115 1243 compunctione,
3150 1162 3253 1243 qui
3280 1162 3545 1224 infusum
3577 1162 3641 1225 in

1974 1266 2039 1309 se
2070 1249 2293 1311 habent
2320 1249 2622 1311 inﬁnitum
2653 1250 2785 1313 vitae
2811 1250 3026 1313 divinae
3055 1251 3282 1331 lumen,
3331 1259 3389 1314 et
3418 1251 3639 1334 quibus

1972 1337 2173 1399 datum
2208 1346 2299 1400 est
2330 1357 2505 1400 nosse
2539 1340 2818 1421 mysteria
2845 1340 3015 1420 regni
3044 1338 3176 1405 Dei.

2054 1431 2153 1493 64.
2191 1430 2461 1513 Operarii
2484 1433 2774 1495 malorum
2808 1432 3005 1495 carnis
3036 1453 3284 1515 operum
3310 1433 3471 1512 facti,
3496 1453 3639 1497 con-

1973 1520 2357 1600 cupiscentia:
2407 1522 2631 1602 iraeque
2680 1522 2897 1586 mentis
2924 1523 3352 1599 sacrificamus,
3388 1541 3631 1586 carnem

1971 1609 2264 1672 fcedantes
2310 1612 2570 1673 sordidis
2622 1613 2852 1692 peccati
2907 1613 3166 1693 ﬂuentis,
3201 1613 3459 1676 animam
3486 1630 3633 1675 vero

1973 1703 2371 1767 amaritudine
2398 1705 2503 1766 irae
2528 1704 2942 1786 obscurantes,
2977 1713 3037 1767 et
3063 1706 3382 1768 abalienati
3416 1725 3452 1767 a
3478 1705 3632 1769 Filio

231 1788 418 1866 πικρίᾳ
485 1792 829 1869 σκοτίζοντες,
909 1796 998 1852 καὶ
1058 1793 1567 1875 ἀπαλλοτριούμενοι
1617 1802 1711 1851 τοῦ
1768 1798 1888 1851 Υἱοῦ

1984 1792 2103 1855 Dei.
2136 1793 2381 1876 Oportet
2401 1794 2579 1874 igitur
2607 1794 2934 1857 foeditatem
2984 1795 3391 1857 substantialis
3422 1796 3633 1857 ﬂuenti

230 1885 324 1933 τοῦ
352 1883 506 1943 Θεοῦ,
554 1879 653 1938 Δέϊ
682 1881 769 1939 οὖν
798 1885 888 1940 τὸν
919 1883 1016 1959 μὲν
1048 1882 1319 1960 μολυσμὸν
1349 1884 1445 1953 τῆς
1486 1884 1596 1941 ἀπὸ
1648 1890 1740 1941 τοῦ
1784 1885 1888 1941 σώ-

232 1985 401 2039 ματος
471 1967 749 2037 often-$300;
817 1973 975 2050 ῥοῆς,
1032 1971 1099 2029 δι’
1164 1972 1410 2054 ἐπιρροῆς
1466 1973 1729 2031 οῦσιωδὼν
1787 1972 1884 2031 δα-

230 2054 430 2132 κρύων,
501 2057 894 2140 ἀποκαθαίρειν,
955 2061 1047 2119 ’ίνα
1116 2061 1246 2143 ὅπερ
1303 2066 1337 2131 ἡ
1392 2061 1557 2132 ἡδονὴ
1628 2062 1713 2121 διὰ
1760 2064 1885 2143 ῥοῆς

228 2148 459 2221 φυσικῆς
503 2148 827 2226 κατεμόλυνε
884 2158 1063 2233 σῶμα,
1118 2162 1272 2213 τοῦτο
1325 2155 1360 2222 ἡ
1421 2152 1576 2222 ὀδύνη
1632 2158 1728 2223 τῆς
1786 2153 1883 2210 λύ-

229 2233 471 2324 πης-διὰ
504 2235 628 2315 ροἧς
659 2240 803 2305 αὖθις
827 2242 932 2299 τῶν
974 2240 1208 2323 δακρύων
1237 2246 1461 2323 φυσικῆς
1490 2244 1883 2324 ἀποκαθαίρειν,

223 2324 321 2412 τὸν
351 2321 407 2381 δὲ
436 2326 593 2407 ζόφον
623 2332 720 2399 τῆς
749 2332 936 2412 ψυχῆς
963 2334 1052 2389 τὸν
1076 2321 1192 2389 ἀπὸ
1215 2321 1314 2401 τῆς
1339 2340 1430 2389 τοῦ
1459 2336 1623 2409 θυμοῦ
1652 2321 1883 2411 πικρίας,

226 2409 315 2469 διὰ
346 2416 521 2493 φωτὸς
550 2409 881 2485 κατανύξεως
926 2424 1014 2479 καὶ
1062 2420 1387 2500 γλυκύτητος
1429 2424 1528 2489 τῆς
1572 2422 1706 2480 κατὰ
1753 2409 1888 2478 νΘεὸν

226 2502 473 2593 ἀγάπης,
507 2505 846 2585 ἀποδιώκειν,
876 2513 966 2568 καὶ
1024 2513 1258 2572 ἐνοῦσθαι
1319 2512 1487 2593 αὖθις,
1537 2514 1596 2569 οὗ
1623 2511 1807 2591 πρώην
1839 2509 1885 2567 δ’

228 2590 449 2679 ἐκείνων
486 2595 1020 2679 ἀπηλλοτριώθημεν,

312 2679 368 2748 ξε
380 2672 408 2741 ’.
466 2694 645 2766 Ωσπερ
695 2672 743 2745 ὁ·
771 2688 877 2747 ἀπὸ
901 2672 911 2678 ⁷
931 2695 1032 2760 τῆς
1061 2691 1251 2760 ἡδονῆς
1282 2691 1551 2769 μολυσμὸς
1578 2693 1669 2749 τὸν
1714 2714 1884 2749 σατα-

1969 1901 1999 1944 a
2031 1902 2283 1964 corpore
2313 1883 2528 1959 aborti,
2567 1885 2894 1965 superfusis
2924 1883 3415 1946 substantialibus
3436 1884 3636 1966 lacry-

1970 1972 2082 2033 mis
2112 1972 2451 2053 puriﬁcare,
2488 1982 2551 2035 ut
2583 1974 2740 2054 quod
2794 1973 3066 2055 voluptas
3104 1975 3362 2037 naturali
3407 1976 3631 2037 ﬂuento

1970 2061 2297 2141 inquinavit
2326 2080 2571 2142 corpus,
2605 2063 2718 2124 hoc
2740 2062 2913 2125 dolor
2935 2062 3189 2126 tristitiae
3218 2064 3442 2145 pariter
3466 2070 3635 2127 natu-

1968 2150 2077 2211 rali
2136 2152 2529 2232 lacrymarum
2588 2159 2857 2214 torrente
2933 2151 3249 2234 puriﬁcet,
3311 2152 3630 2233 caliginem

1971 2257 2109 2301 vero
2140 2240 2353 2302 animae
2381 2240 2784 2303 amaritudine
2828 2240 2934 2303 irze
2966 2242 3242 2323 eﬂ‘usam,
3281 2241 3415 2304 luce
3458 2261 3629 2305 com-

1971 2330 2307 2409 punctionis
2338 2348 2406 2391 ac
2436 2329 2755 2392 dulcedine
2777 2329 2992 2391 divinae
3020 2331 3322 2393 charitatis
3354 2332 3629 2413 dissipet,

1970 2426 2145 2498 atque
2188 2417 2271 2479 illi
2318 2419 2766 2495 reconcilietur,
2800 2438 2834 2481 a
2859 2438 2975 2499 quo
3018 2419 3121 2481 illa
3167 2438 3276 2483 nos
3318 2419 3629 2485 abaliena-

1970 2518 2198 2569 verant.

2050 2690 2152 2748 65.
2188 2684 2352 2749 Sicut
2398 2691 2700 2747 contracta
2730 2704 2800 2747 ex
2845 2685 3140 2769 voluptate
3162 2687 3368 2749 sordes
3388 2686 3626 2752 Satani-

228 2774 379 2862 νικὸν
451 2772 620 2854 ἔρωτα
688 2781 1129 2858 προηγησάμενον
1190 2780 1306 2862 ἔχει
1365 2783 1437 2847 εἷς
1507 2780 1888 2861 ἀποπλήρωσιν

1984 2794 2104 2837 sum
2132 2793 2399 2837 amorem
2432 2776 2645 2837 ducem
2678 2774 2859 2837 habet
2887 2778 2948 2837 in
2977 2777 3487 2858 complementum
3510 2795 3625 2841 ne-

233 2861 335 2930 τῆς
396 2863 749 2947 φαυλότητος,
818 2868 985 2934 οὕτως
1035 2872 1070 2939 ἡ
1126 2861 1380 2939 61:61-71;
1425 2868 1676 2928 ἐνωδύνου
1719 2869 1888 2938 λύπης

1984 2865 2192 2946 quituze,
2219 2864 2303 2926 sic
2325 2873 2630 2927 contracta
2652 2883 2720 2927 ex
2747 2865 3110 2946 poenitentiae
3134 2867 3374 2929 tristitia
3402 2866 3627 2948 puritas

229 2952 483 3030 κάθαρσις
520 2954 618 3022 τὴν
670 2959 868 3037 θερμην
916 2958 1034 3040 ἔχει
1080 2960 1173 3029 τῆς
1232 2958 1441 3040 καρδίας
1498 2962 1569 3026 εἰς
1627 2959 1885 3031 ἀποπλή-

1984 2956 2266 3017 fervorem
2293 2953 2506 3016 ducem
2539 2954 2720 3017 habet
2774 2955 2837 3016 in
2886 2956 3387 3037 complementum
3427 2956 3629 3021 luctus

224 3063 391 3121 ρωσιν
422 3054 516 3104 τοῦ
543 3046 758 3114 πένθους
808 3050 897 3106 καὶ
956 3051 1061 3107 τῶν
1116 3049 1350 3131 δακρύων
1384 3069 1398 3083 ·
1449 3053 1538 3108 καὶ
1592 3057 1747 3107 τοῦτο
1801 3052 1885 3107 οἷ-

1984 3054 2030 3106 et
2075 3045 2467 3125 lacrymarum
2504 3063 2517 3105 :
2550 3043 2731 3124 idque
2788 3049 3123 3108 (economia
3169 3045 3475 3109 charitatis
3518 3045 3625 3109 Dei

223 3131 456 3207 κονομίᾳ
509 3134 603 3203 τῆς
657 3139 786 3216 πρὸς
846 3140 988 3215 ἡμᾶς
1052 3146 1146 3196 τοῦ
1202 3147 1335 3197 Θεοῦ
1390 3140 1736 3218 ἀγαθότητος,
1794 3139 1887 3197 ’ίνα

1984 3151 2113 3212 erga
2143 3152 2273 3209 nos,
2302 3141 2363 3193 ut
2393 3151 2610 3213 nempe
2637 3132 2939 3197 laboribus
2971 3134 3198 3197 doloris
3227 3135 3495 3199 laborem
3523 3155 3629 3199 vo-

223 3222 416 3287 κόποις
485 3221 670 3293 ὀδύνης
735 3226 899 3285 κόπον
973 3227 1189 3303 ἡδονῆς,
1267 3231 1355 3286 καὶ
1428 3230 1577 3307 ῥοαῖς
1653 3227 1886 3308 δακρύων

1984 3222 2231 3305 iuptatis,
2264 3230 2323 3284 et
2351 3223 2743 3303 lacrymarum
2777 3224 2938 3287 ﬂuxu
2968 3224 3365 3287 fcedissimum
3398 3244 3624 3306 corpo-

227 3310 358 3387 ῥοὴν
429 3314 711 3394 αἰσχίστην
770 3320 960 3397 σαρκὸς
1017 3319 1431 3400 ἀποκρουόμενοί
1474 3342 1532 3376 τε
1586 3320 1673 3375 καὶ
1731 3318 1887 3375 ἐκκα-

1984 3310 2053 3371 ris
2101 3312 2323 3372 ﬂuxum
2366 3319 2743 3374 removentes
2789 3319 2848 3374 et
2901 3320 3242 3393 purgantes,
3288 3313 3473 3376 malas
3501 3313 3623 3375 im-

225 3401 516 3481 θαίροντες,
572 3412 692 3471 τοῦς
751 3407 942 3481 τύπους
999 3414 1103 3465 τῶν
1161 3408 1373 3489 φαύλων
1434 3409 1540 3466 ἀπὸ
1594 3414 1687 3466 τοῦ
1743 3409 1883 3483 νοὸς,

231 3490 327 3545 καὶ
367 3490 465 3554 τὰς
502 3492 758 3574 ἀκόρφους
801 3496 1004 3563 εἰκόνας
1060 3498 1164 3555 ἀπὸ
1207 3499 1300 3567 τῆς
1341 3499 1519 3579 ψυχῆς
1562 3497 1888 3579 ἐξαφανίσαι)-

232 3599 363 3669 μεν,
398 3580 485 3669 καὶ
524 3579 889 3664 λαμπροτέραν
946 3588 1142 3656 ταύτην
1198 3596 1275 3664 τῷ
1316 3587 1501 3647 κάλλει
1545 3592 1624 3664 τῷ
1683 3596 1889 3669 φυσικῷ

227 3666 608 3744 ἀποδείξωμεν,

311 3752 442 3838 ξςί
475 3752 567 3821 ηΟν
625 3768 824 3844 τρόπον
881 3775 961 3844 τῷ
1020 3774 1238 3849 πονηρῷ
1294 3768 1550 3844 πνεύματι
1580 3768 1886 3850 ἐνεργούμε-

224 3874 316 3918 νος
374 3856 404 3911 6
460 3857 749 3934 πορνεύων,
797 3859 982 3934 μισθὸν
1043 3865 1329 3937 καρποῦται
1392 3858 1490 3926 τὴν
1542 3857 1737 3927 ἡδονὴν
1792 3863 1890 3929 τῆς

223 3946 446 4023 σαρκὸς,
492 3947 581 4002 καὶ
623 3945 785 4027 πέρας
844 3952 999 4008 αὖτοῦ
1055 3948 1160 4005 τῶν
1224 3947 1458 4027 φαύλων,
1519 3951 1547 4005 6
1592 3947 1885 4024 μολυσμὸς,

221 4032 392 4099 οὕτως
425 4036 453 4091 6
502 4042 581 4110 τῷ
619 4037 882 4112 [Ινεύματι
931 4037 1126 4096 ἄνωθεν
1185 4037 1554 4117 ἐνεργούμενος
1597 4042 1674 4112 τῷ
1722 4038 1878 4117 ἁγίῳ,

1972 3401 2312 3480 pressiones
2342 3417 2377 3461 a
2405 3406 2605 3461 mente
2637 3407 2957 3482 turpesque
2994 3401 3287 3482 imagines
3316 3401 3390 3464 ab
3424 3402 3627 3464 anima

1970 3489 2384 3572 repudiemus,
2419 3496 2477 3551 et
2506 3487 2959 3571 praefulgentem
2994 3491 3149 3553 hanc
3177 3490 3627 3572 pulchritudine

1972 3579 2227 3643 naturali
2254 3578 2671 3642 ostendamus.

2051 3760 2151 3821 66.
2184 3756 2699 3832 Quemadmodum
2732 3756 2842 3820 sub
2864 3757 3090 3821 inﬂuxu
3112 3758 3358 3839 maligni
3380 3759 3626 3842 spiritus

1972 3866 2153 3929 agens
2180 3848 2526 3923 fornicator,
2562 3847 2903 3910 mercedem
2958 3848 3214 3931 percipit
3260 3849 3625 3931 voluptatem

1973 3938 2191 4011 carnis,
2226 3937 2639 4019 terminusque
2689 3938 2980 4000 malorum
3010 3938 3128 4019 ipsi
3157 3950 3247 4001 est
3276 3939 3510 4018 sordes,
3544 3940 3632 4003 ita

1973 4029 2074 4109 qui
2096 4046 2355 4109 superno
2382 4025 2639 4108 Spiritus
2662 4028 2854 4089 sancti
2890 4027 3179 4091 instinctu
3206 4029 3353 4110 agit,
3387 4047 3627 4093 merce-

224 4124 415 4198 μισθὸν
471 4131 764 4204 καρποῦται
825 4126 925 4193 τὴν
980 4128 1153 4207 χαρὰν
1318 4116 1538 4207 ψυχῆς,
1589 4128 1679 4184 καὶ
1719 4116 1882 4205 πέρας

1984 4119 2101 4180 lem
2137 4116 2393 4197 percipit
2416 4116 2695 4195 gaudium
2738 4117 2972 4199 animae,
2993 4117 3400 4207 terminusque
3429 4118 3626 4183 bono-

224 4213 371 4287 αὗτῴ
413 4213 521 4270 τῶν
577 4212 778 4288 καλῶν,
836 4216 872 4283 ἡ
923 4205 991 4272 ἐκ
1011 4205 1133 4274 ίτῶν
1188 4205 1448 4296 δακρύων⁷
1477 4217 1747 4296 κάθαρσις,
1795 4216 1885 4272 καὶ

1984 4225 2099 4268 .‘um
2132 4206 2247 4296 ipsi
2276 4205 2789 4296 estlacrymarum
2834 4206 3104 4287 purgatio
3138 4216 3195 4270 et
3217 4209 3628 4289 regeneratio,

223 4300 601 4384 ἀναγέννησις,
656 4304 744 4360 καὶ
785 4305 821 4373 ἡ
864 4307 992 4385 πρὸς
1047 4308 1138 4363 τὸν
1188 4307 1317 4363 Θεὸν
1363 4305 1570 4386 ἕνωσις,
1625 4307 1713 4362 καὶ
1757 4328 1886 4362 συν-

224 4411 408 4470 αφεια.

309 4470 408 4552 ξζ’.
448 4482 564 4538 Δύω
592 4484 762 4540 ούσῶν
807 4481 860 4541 ἐν
915 4485 1050 4558 ἡμῖν
1106 4488 1215 4541 τῶν
1270 4484 1331 4540 ἐκ
1384 4488 1484 4551 τῆς
1514 4486 1677 4551 αὐτῆς
1711 4485 1887 4546 οὐσίας

223 4575 462 4651 quame
531 4572 779 4649 ῥεύσεων,
842 4578 1007 4651 γονῆς
1064 4574 1153 4630 καὶ
1210 4571 1471 4651 δακρύων,
1532 4572 1616 4653 ὑφ’
1676 4576 1742 4641 ἧς
1795 4574 1887 4629 τὸν

224 4666 439 4740 χιτῶνα
466 4666 564 4728 τῆς
598 4666 783 4742 ψυχῆς
831 4660 1183 4739 μολονόμεθα,
1219 4663 1307 4719 καὶ
1332 4659 1401 4717 δι’
1450 4665 1523 4718 ὦν
1578 4659 1736 4717 πάλιν
1788 4661 1889 4717 αὗ·-

223 4755 319 4807 τὸν
380 4751 756 4831 καθαιρόμεθα,
817 4750 1023 4830 ἀνάγκη
1081 4754 1173 4808 τὸν
1233 4751 1293 4808 ἐκ
1349 4756 1448 4819 τῆς
1503 4751 1680 4814 οὐσίας
1735 4751 1889 4826 ἡμῶν

227 4840 507 4917 μολυσμὸν
535 4841 889 4917 ἀπονίψασθαι
934 4838 1018 4896 διὰ
1072 4847 1178 4897 τῶν
1232 4840 1293 4898 ἐκ
1347 4846 1446 4909 τῆς
1497 4844 1659 4908 αὐτῆς
1710 4841 1888 4904 οὐσίας

224 4929 552 5006 κινουμένων
583 4927 814 5009 δακρύων
851 4946 866 4961 ’
916 4926 1093 4994 ἄλλως
1148 4930 1248 5010 γὰρ
1288 4931 1381 4987 τὸν
1437 4930 1499 4988 ἐκ
1538 4934 1637 4998 τῆς
1681 4930 1888 5010 φύσεως

223 5021 398 5098 ῥύπον
421 5019 642 5098 καθᾶραι
671 5017 946 5077 ἀδύνατον.

312 5097 425 5175 Er".
456 5097 608 5165 Πᾶσα
638 5112 822 5188 ψυχῆς
862 5106 1287 5184 πλημμελούσης
1318 5105 1571 5180 διάθεσις,
1601 5114 1678 5182 τῷ
1707 5104 1891 5187 φαύλῳ

226 5195 520 5273 κινουμένη
550 5198 750 5274 τρόπον,
813 5198 885 5261 εἷς
937 5195 1130 5264 ἡδονὴν
1173 5198 1437 5276 βραχεῖαν
1497 5194 1745 5253 καταλύει
1802 5197 1892 5252 τὸν

225 5287 470 5362 κάματον
509 5305 520 5318 ·
574 5293 719 5344 πᾶσα
788 5284 843 5341 δὲ
899 5286 1256 5365 καθαιρομένη
1318 5288 1472 5367 ψυχὴ
1527 5291 1625 5354 τῆς
1687 5284 1893 5365 φαύλης

226 5377 507 5443 συνηθείας
536 5378 624 5433 καὶ
653 5373 954 5449 διαθέσεως,
988 5378 1061 5439 είς
1091 5377 1295 5455 μακρὰν
1338 5376 1531 5445 ἡδονὴν
1577 5378 1893 5456 εὐφροσύνης

226 5466 519 5524 ἐπεκτείνει
548 5467 670 5529 τοὺς
701 5466 917 5545 πόνους,
968 5467 1058 5522 καὶ
1102 5469 1275 5542 θαῦμα
1321 5472 1435 5531 πῶς
1481 5464 1673 5533 ἡδονὴν
1724 5461 1890 5532 ἡδονή

221 5554 684 5630 καταστέλλουσα,
714 5558 815 5623 τὴν
843 5554 903 5611 ὲκ
925 5560 1026 5623 τῆς
1054 5554 1249 5625 ἡδονῆς
1278 5555 1600 5632 τικτομέτην
1623 5552 1892 5632 καταγλυ-

218 5646 389 5704 καίνει
422 5644 635 5714 ὀδύνην.

302 5727 399 5803 ἔθ’,
465 5735 603 5793 Ποτὲ
677 5736 772 5811 μὲν
830 5734 1012 5814 πικρία
1090 5736 1176 5791 καὶ
1246 5735 1405 5798 πόνος
1477 5733 1764 5813 ἐπιγίνεται
1821 5738 1890 5809 τῇ

1971 4315 2104 4359 cum
2135 4295 2258 4357 Deo
2285 4294 2427 4357 unio
2461 4302 2519 4356 et
2550 4295 2829 4358 societas.

1906 4445 1953 4500 Β
2051 4476 2150 4539 67.
2187 4472 2333 4536 Cum
2355 4474 2472 4535 duo
2499 4474 2562 4535 in
2584 4473 2759 4537 nobis
2780 4492 2851 4536 ex
2873 4475 3084 4537 eadem
3104 4476 3438 4538 substantia
3456 4483 3627 4539 natu-

1970 4565 2175 4627 raliter
2202 4564 2468 4634 efﬂuant,
2504 4582 2720 4643 nempe
2749 4582 2979 4640 semen,
3023 4584 3138 4646 quo
3174 4564 3390 4627 animae
3434 4566 3622 4629 vesti-

1970 4663 2239 4717 mentum
2270 4652 2673 4733 inquinamus,
2709 4659 2767 4713 et
2798 4652 3100 4731 lacrymze,
3132 4654 3348 4733 quibus
3369 4655 3520 4718 illud
3547 4655 3626 4720 de

1971 4763 2123 4807 novo
2146 4743 2523 4823 mandamus,
2546 4759 2792 4803 necesse
2821 4750 2911 4804 est
2932 4744 3172 4805 sordem
3193 4761 3262 4806 ex
3292 4743 3628 4808 substantia

1972 4843 2174 4896 nostra
2226 4838 2586 4894 contractam
2626 4829 2785 4907 ablui
2834 4831 3107 4912 lacrymis
3136 4850 3205 4895 ex
3234 4832 3443 4896 eadem
3477 4833 3621 4896 sub-

1972 4922 2185 4985 stantia
2210 4921 2426 4983 elicitis
2458 4937 2471 4982 :
2507 4920 2681 4982 aliter
2711 4919 2873 4982 enim
2908 4920 3115 4984 sordes
3144 4939 3216 4984 ex
3243 4930 3453 4986 natura
3475 4941 3621 5005 pro-

1972 5012 2218 5074 veniens
2249 5009 2524 5073 mundari
2550 5027 2668 5070 non
2694 5021 2919 5090 posset.

2055 5104 2156 5165 68.
2191 5098 2399 5164 Omnis
2427 5099 2641 5160 animae
2670 5099 2972 5180 peccantis
3000 5100 3309 5165 inclinatio
3350 5102 3507 5166 male
3527 5102 3631 5166 di-

1977 5199 2138 5253 rocta
2179 5190 2240 5251 in
2288 5188 2529 5251 brevem
2582 5187 2941 5270 voluptatem
2998 5191 3241 5253 resolvit
3305 5192 3618 5272 laborem;

1977 5280 2171 5343 omnis
2203 5297 2342 5340 vero
2371 5277 2570 5338 anima
2599 5295 2668 5338 ex
2701 5295 2880 5357 prava
2899 5278 3247 5345 habitudine
3277 5289 3336 5346 et
3366 5282 3626 5346 inclina-

1979 5370 2140 5433 tione
2195 5373 2513 5449 expurgata
2561 5365 2634 5427 ad
2679 5365 2960 5446 longuam
3012 5370 3214 5449 gaudii
3267 5372 3628 5454 voluptatem

1978 5459 2214 5521 labores
2244 5456 2528 5545 extendit,
2565 5462 2623 5517 et
2653 5454 2871 5519 mirum
2911 5460 3210 5540 quomodo
3264 5463 3625 5545 voluptatem

1973 5548 2240 5629 voluptas
2291 5544 2653 5626 reprimens,
2701 5562 2770 5606 ex
2826 5546 3126 5631 voluptate
3174 5559 3371 5616 ortum
3408 5544 3632 5618 allevet

1971 5637 2264 5699 dolorem.

2051 5726 2154 5791 69.
2188 5723 2359 5787 Modo
2389 5721 2722 5795 amaritudo
2747 5731 2809 5790 et
2827 5725 2996 5792 labor
3025 5731 3370 5815 supervenit
3386 5731 3632 5797 intelle-
