4126 6374
217 379 332 451 sas
368 346 379 363 “

1193 388 1733 456 PRACTICORUM
1775 387 2111 455 CAPITUM
2154 391 2548 456 CENTURIA
2590 392 2619 456 Ι
2706 380 2745 407 Χ

3472 385 3592 453 886

218 527 351 600 σθαι,
379 525 412 593 ἢ
454 525 554 583 κᾶν
608 527 701 584 ἕνα
754 529 952 586 τούτων
1011 528 1400 608 τροπώσασθαι,
1460 532 1576 590 πῶς
1608 546 1852 602 μονομα-

1938 521 2155 583 horum
2184 519 2528 601 devincere,
2561 520 2860 602 quomodo
2902 520 3067 583 solus
3096 517 3463 602 przeliabitur
3487 517 3589 579 in-

219 615 375 694 χήσει
429 616 518 672 καὶ
575 616 629 673 ἐν
690 616 840 694 μέσῳ
894 616 1111 675 πολλῶν
1168 615 1432 696 μυριάδων
1487 616 1717 698 ἐχθρῶν,
1771 615 1858 672 καὶ

218 706 564 784 στρατηγικόν
632 729 683 763 τι
756 707 907 788 ἔργον
984 705 1280 787 ἐνδείξεται,
1354 705 1568 787 ἄπειρος
1625 704 1699 763 ὢν
1768 710 1860 760 τοῦ

217 791 442 869 πολέμου
476 814 492 876 ;
528 797 585 853 Εἰ
629 794 684 853 δὲ
740 803 895 854 τοῦτο
952 796 1036 854 ἐπὶ
1078 802 1183 854 τῶν
1215 797 1550 876 ἀνθρωπίνων
1581 793 1857 867 ἀδύνατον,

218 879 391 957 πολλῷ
432 882 639 959 μᾶλλον
687 884 924 943 ἐπὶ’τῶν
982 887 1156 948 θείων,
1217 885 1305 949 Τίς
1349 886 1449 963 γὰρ
1477 885 1606 964 πρὸς
1637 883 1859 962 ἐρημίαν

213 972 407 1052 φυγὼν,
458 975 553 1037 τὰς
596 979 704 1031 τῶν
762 974 1028 1052 δαιμόνων
1085 974 1394 1054 ἐπιδρομὰς,
1456 975 1544 1030 καὶ
1585 974 1689 1031 τῶν
1745 993 1857 1028 πα·-

210 1062 307 1117 θῶν
380 1062 475 1127 τὰς
535 1061 750 1142 ἐφόδους
808 1066 902 1129 τὰς
945 1065 1171 1146 ἀφανεῦς
1212 1066 1305 1121 καὶ
1356 1060 1649 1143 προδήλους
1708 1061 1854 1141 γνώ-

207 1172 369 1233 σεται,
401 1152 440 1221 ἢ
481 1153 824 1235 καταδρομὴν
865 1157 1148 1226 ποιήσεται
1177 1152 1295 1213 κατ’
1329 1158 1526 1235 αὐτῶν,
1578 1154 1655 1229 μὴ
1713 1151 1851 1232 πρό-

207 1261 348 1321 τερον
404 1243 583 1308 καλῶς
632 1244 1007 1325 ἐγγυμνασθεὶς
1044 1247 1159 1314 »τὴν
1216 1244 1450 1313 ἐκκοπὴν
1491 1250 1582 1301 τοῦ
1610 1244 1853 1319 θελήμα-

204 1351 311 1403 τος,
371 1331 538 1407 μέσον
608 1333 695 1391 ἐπὶ
764 1340 1080 1414 συναγωγῆς
1135 1332 1396 1415 ἀδελφῶν,
1459 1335 1562 1391 ὑπὸ
1618 1333 1853 1412 ἐμπείρῳ

203 1418 432 1500 ἂρχηγῷ
464 1428 554 1479 τοῦ
581 1424 817 1482 τοιούτου
845 1423 1106 1503 πολέμου,
1139 1424 1362 1503 ἀοράτου
1390 1420 1540 1486 ὄντος
1582 1423 1671 1479 καὶ
1712 1444 1849 1488 νοη-

203 1515 286 1565 τοῦ
314 1529 329 1590 ;
376 1512 441 1568 Εἰ
482 1508 536 1567 δὲ
565 1519 717 1570 τοῦτο
746 1510 1024 1587 ἀδύνατον,
1058 1510 1156 1593 ἄρα
1185 1514 1360 1579 πάντη
1386 1512 1673 1591 ἀμήχανον
1702 1509 1848 1575 ὅπως

202 1596 369 1655 ἄλλων
400 1601 434 1656 ὁ
462 1609 697 1665 τοιοῦτος
738 1603 1126 1683 ὑπερμαχήσῃ,
1185 1603 1271 1659 καὶ
1328 1600 1519 1665 ἄλλους
1564 1598 1742 1677 διδάξῃ
1783 1600 1851 1655 τὰ

200 1688 465 1772 κατᾶμτῶν
507 1688 744 1769 ἀοράτων
773 1692 980 1772 ἐχθρῶν
1008 1691 1258 1771 τρόπαια.

269 1766 369 1839 οδ’.
429 1766 641 1858 Περίελε
689 1766 954 1837 ἀπὸ-’σοῦ
1005 1766 1201 1845 ὄνειδος
1256 1779 1506 1855 ἀμελείας
1562 1781 1650 1836 καὶ
1696 1776 1847 1845 ἐξου-

1943 620 2031 673 ter
2063 612 2277 672 multas
2307 610 2453 672 inim
2479 630 2685 673 corum
2720 610 3042 690 myriades,
3077 609 3169 673 vel
3198 606 3435 691 aliquod
3469 605 3586 668 mi-

1942 701 2111 764 litare
2160 703 2375 762 t'actum
2419 702 2575 769 edet.
2630 720 2764 762 cum
2796 701 2874 761 sit
2917 698 3057 762 belli
3104 694 3496 777 inexpertus?
3524 693 3591 759 Si

1942 800 2138 852 autem
2164 790 2275 851 hoc
2299 797 2389 851 est
2407 789 2778 870 impossibile
2804 790 2864 851 in
2889 787 3163 851 humanis
3182 786 3385 863 rebus,
3404 785 3586 847 multo

1943 881 2129 958 magis
2160 880 2218 940 in
2260 879 2355 940 div
2384 879 2497 942 nis.
2538 878 2681 953 Quis
2722 881 2905 951 enim,
2935 887 3247 959 postquam
3279 876 3340 938 in
3371 874 3585 938 solitu-

1941 970 2142 1030 dinem
2176 970 2413 1048 l‘ugerit,
2446 971 2783 1031 daemonum
2833 969 3112 1031 incursus
3157 983 3589 1047 aggressusque

1941 1059 2327 1139 cupiditatum
2378 1059 2705 1121 invisibiles
2734 1066 2792 1121 et
2820 1057 3085 1120 visibiles
3121 1061 3462 1135 cognoscet,
3495 1054 3585 1117 vel

1936 1148 1995 1212 in
2029 1169 2097 1211 ea
2128 1150 2338 1223 irruet,
2366 1149 2412 1209 si
2447 1167 2563 1210 non
2595 1148 2762 1227 prius
2791 1167 2856 1210 se
2886 1149 3150 1211 exercuit
3174 1147 3233 1207 in
3256 1142 3586 1207 resecanda

1937 1240 2180 1320 propria
2227 1238 2549 1310 voluntate,
2603 1238 2660 1298 in
2719 1236 2914 1298 media
2965 1237 3213 1297 fratrum
3258 1251 3576 1313 synagoga,

1934 1331 2047 1389 sub
2076 1328 2228 1388 duce
2254 1327 2388 1388 talis
2421 1326 2558 1389 belli
2589 1326 2802 1408 perito,
2831 1332 3033 1405 utpote
3064 1322 3347 1387 invisibili
3379 1333 3438 1385 et
3461 1320 3582 1402 spi-

1933 1416 2180 1479 rituali?
2210 1416 2373 1488 Quod
2409 1416 2456 1477 si
2492 1417 2601 1477 hoc
2626 1415 2753 1477 ﬁeri
2786 1414 3012 1494 nequit.
3045 1432 3159 1475 non
3180 1419 3374 1494 potest
3399 1410 3577 1472 etiam

1932 1506 2102 1568 istius
2147 1506 2386 1586 generis
2437 1506 2614 1567 homo
2675 1524 2779 1585 pro
2830 1505 2966 1566 aliis
3009 1519 3278 1584 pugnare
3323 1508 3383 1563 et
3424 1499 3576 1563 alios

1933 1596 2153 1658 docere
2186 1595 2427 1657 modum
2457 1593 2735 1656 vincendi
2767 1593 2969 1656 hostes
2988 1590 3341 1654 invisibiles.

2010 1777 2111 1839 74.
2147 1775 2300 1839 Cave
2328 1791 2404 1836 ne
2435 1772 2539 1834 tibi
2569 1770 2957 1854 exprobretur
3003 1768 3388 1851 neg'igentia,
3430 1784 3578 1832 neve

196 1863 397 1924 δείνωσιν
437 1871 879 1949 καταφρονήσεως
909 1876 1015 1928 τῶν
1054 1869 1282 1928 ἐντολῶν
1311 1880 1403 1929 τοῦ
1459 1875 1591 1927 Θεοῦ
1623 1887 1640 1905 ⁸
1700 1869 1842 1926 ἀπο-

1932 1865 2007 1928 ob
2054 1865 2501 1946 despectioncm
2560 1862 2974 1924 mandatorum
3033 1859 3136 1922 Dei
3193 1857 3574 1940 vitupereris.

194 1950 347 2012 ϐαλοῦ
392 1956 502 2025 τὴν
543 1957 840 2041 φιλαυτίαν,
897 1964 985 2017 καὶ
1039 1961 1176 2018 κατὰ
1224 1962 1314 2026 τῆς
1372 1962 1565 2038 σαρκὸς
1616 1957 1842 2039 ἀφειδῶς

1932 1956 2138 2036 Ahjice
2178 1972 2441 2017 amorem
2492 1952 2820 2034 proprium,
2855 1951 2915 2012 in
2961 1968 3201 2013 carnem
3247 1946 3579 2028 impavidus

194 2041 425 2122 ὅρμησαν
461 2065 478 2080 ·
552 2034 786 2118 ζήτησον
824 2034 918 2105 ’τὰ
975 2047 1309 2124 δικαιώματα
1377 2034 1561 2128 κυρίου
1629 2034 1717 2104 καὶ
1777 2048 1843 2104 τὰ

1932 2034 2122 2121 irrue;
2156 2062 2355 2126 qumre
2377 2041 2837 2123 justilicationes
2866 2039 3100 2105 Domini
3143 2053 3205 2102 et
3235 2034 3576 2128 testimonia

195 2135 446 2215 μαρτύρια
504 2138 663 2197 αὐτοῦ
700 2156 713 2171 ⁸
769 2140 1171 2220 καταφρόνησον
1227 2136 1382 2206 δόξης
1445 2124 1532 2195 καὶ
1577 2139 1788 2214 ἀτιμίας
1824 2158 1838 2174 ο

1932 2135 2087 2214 ejus;
2122 2124 2340 2215 sperne
2370 2132 2619 2211 gloriam
2670 2139 2729 2191 et
2776 2129 3191 2208 ignominiam;
3225 2124 3576 2190 abominare

194 2223 408 2298 μίσησον
465 2226 565 2291 τὰς
620 2222 895 2296 ἐνηδόνους
952 2227 1146 2308 ὀρέξεις
1205 2235 1298 2286 τοῦ
1358 2228 1604 2305 σώματος
1639 2244 1653 2258 ⁸
1712 2228 1840 2307 φύγε

1932 2214 2283 2286 libidinosos
2346 2220 2618 2301 corporis
2665 2219 2968 2298 impetus;
3021 2219 3155 2295 fuge
3212 2214 3575 2295 satietatem,

195 2314 280 2370 τὸν
318 2315 504 2396 κόρον,
537 2315 604 2374 δι’
635 2320 697 2374 οῦ
723 2319 789 2376 τὰ
844 2306 1171 2400 ὑπογαστρια
1212 2309 1568 2398 ’ἐκπυροῦνται
1602 2335 1616 2348 ⁸
1664 2306 1839 2374 ἄσπα-

1932 2333 2036 2393 qua
2066 2313 2468 2374 inﬂammatur
2498 2308 2833 2382 abdomen;
2866 2306 3233 2383 amplectere
3265 2312 3578 2385 pauperta-

194 2422 274 2459 σαι
302 2405 397 2461 τῆν
456 2408 665 2479 πενίαν,
717 2407 814 2474 τὴν
869 2410 1228 2467 κακοπάθειαν
1259 2427 1277 2445 ⁸
1338 2412 1489 2476 στῆθι
1531 2408 1666 2464 κατὰ
1723 2430 1835 2464 πα-

1932 2411 2040 2464 tem
2067 2410 2129 2464 et
2155 2401 2490 2474 cruciatus;
2543 2397 2710 2459 obsta
2733 2393 3191 2476 cupiditatibus;
3223 2399 3386 2453 verte
3425 2408 3570 2452 sen-

193 2494 286 2548 θῶν
317 2512 333 2528 ο
391 2493 625 2575 στρέψον
656 2518 749 2552 σου
791 2497 885 2561 τὰς
930 2499 1196 2569 αἰσθήσεις
1238 2500 1366 2578 πρὸς
1423 2499 1490 2553 τὰ
1533 2497 1683 2561 ἐντὸς
1747 2502 1847 2565 τῆς

1932 2512 2031 2554 sus
2063 2502 2192 2552 tuos
2221 2491 2291 2552 ad
2317 2491 2658 2551 interiorem
2692 2485 2951 2547 animam
2979 2503 2996 2560 ;
3028 2482 3252 2545 inclina
3281 2498 3386 2542 cor
3408 2487 3573 2543 tuum

194 2586 364 2665 ψυχῆς
396 2604 416 2623 ⁹
460 2569 650 2644 νεῦσον
704 2585 850 2644 ἔνδον
892 2591 1023 2668 πρὸς
1079 2589 1179 2656 τῆν
1220 2569 1313 2646 τοῦ
1355 2588 1649 2669 κρείττονος
1680 2586 1840 2667 ἐργα-

1932 2582 1999 2645 atl
2031 2581 2186 2645 bona
2213 2599 2426 2661 opera;
2463 2598 2537 2639 ne
2570 2585 2625 2639 te
2658 2576 2912 2641 misceas
2957 2571 3210 2669 negotiis
3256 2569 3571 2645 humanis;

193 2673 297 2730 σίαν
328 2693 341 2708 ’
401 2676 681 2755 κώφευσον
735 2677 842 2734 ἀπὸ
898 2685 1005 2735 τῶν
1058 2678 1395 2758 ἀνθρωπίνων
1456 2677 1783 2757 πραγμάτων
1821 2695 1837 2713 ο

1932 2671 2173 2733 exhauri
2236 2671 2396 2732 vires
2442 2669 2513 2729 ad
2584 2667 2995 2728 mandatorum
3055 2661 3573 2734 observattonem;

191 2761 405 2822 κένωσον
461 2766 642 2823 πᾶσάν
699 2790 790 2824 σου
842 2768 938 2836 τὴν
994 2769 1151 2848 ἰσχὺν
1194 2769 1268 2831 εἷς
1310 2768 1410 2835 τὴν
1452 2769 1559 2822 τῦν
1613 2764 1839 2823 ἐντολῶν

1932 2780 2116 2841 geme,
2154 2759 2316 2822 humi
2341 2758 2513 2831 cuba,
2527 2758 2758 2838 jejuna,
2790 2763 2847 2816 te
2878 2752 3100 2821 crucia,
3133 2749 3370 2833 quietus
3401 2754 3570 2848 esto;

192 2848 418 2930 ἐργασίαν
454 2873 472 2888 ·
548 2856 835 2936 θρήνησον,
916 2835 1278 2938 χαμέδνησον,
1370 2857 1678 2931 νήστευσον,
1734 2876 1840 2911 κα-

1932 2835 2216 2929 Ξοεηοεςθ
2249 2849 2487 2910 demum
2521 2835 2638 2907 non
2669 2863 2802 2926 qua:
2828 2849 2967 2903 sunt
3010 2858 3167 2903 circa
3215 2849 3291 2907 te,
3335 2835 3442 2899 sed
3475 2844 3569 2938 te-

191 2940 510 3023 κοπάθησον,
568 2944 870 3025 ἦσύχασον,
915 2949 1100 3024 γνῶθι,
1157 2948 1221 3001 τὸ
1273 2942 1604 3015 τελευταῒον,
1652 2944 1729 3019 μὴ
1769 2944 1836 3000 τὰ

1932 2924 2257 3017 τηιῖιὶμευιῐι.
2296 2924 2701 3018 Superem‘ne
2736 2933 2946 2996 vilitati
2973 2930 3303 3025 visibilium
3336 2947 3353 3001 ;
3387 2924 3568 3025 tende

190 3031 296 3110 περὶ
323 3031 402 3106 σὲ,
434 3033 629 3089 σαυτὸν
663 3031 718 3089 δέ
752 3053 767 3069 ⁸
828 3035 1070 3114 ὑπεράνω
1115 3040 1213 3102 τῆς
1256 3035 1363 3090 τῶν
1411 3032 1693 3114 ὁρωμένων
1735 3052 1832 3112 γε-

1932 3012 2285 3110 spiritualem
2306 3012 2467 3087 tuum
2487 3025 2725 3087 oculum
2742 3024 2812 3085 ad
2832 3020 3399 3101 contemplationem
3438 3012 3568 3114 Dei,

190 3125 272 3174 νοῦ
297 3121 671 3186 ταπεινώσεως
706 3139 721 3153 ⁸
783 3123 1014 3181 πέτασον
1069 3145 1163 3180 σο)
1211 3125 1272 3180 τὸ
1316 3124 1495 3203 νοερὸν
1522 3119 1671 3198 ὄμμα
1701 3124 1833 3201 πρὸς

1932 3104 1977 3180 et
2006 3119 2136 3180 vide
2168 3117 2545 3178 dulcedinem
2592 3112 2829 3176 Domini
2883 3111 2944 3173 in
2987 3118 3394 3174 creaturarum
3427 3104 3562 3185 pul-

191 3207 392 3288 θεωρίαν
423 3218 581 3287 Θεοῦ,
618 3213 707 3268 καὶ
734 3210 818 3269 ἴδε
862 3214 958 3282 τὴν
1013 3214 1344 3293 τερπνότητα
1392 3200 1577 3291 Κυρίου
1631 3210 1692 3267 ἐκ
1732 3200 1865 3293 της,

1932 3207 2301 3280 :hritudine;
2335 3206 2597 3286 indeque
2626 3202 3024 3273 descendens,
3070 3218 3245 3263 narra
3283 3200 3563 3265 fratribus

287 3270 298 3288 ι
564 3270 581 3287 ι
880 3270 883 3271 ν
918 3270 930 3282 .
1264 3270 1276 3280 .
1468 3270 1478 3291 ,
1789 3270 1828 3277 .-

192 3295 438 3367 καλλονῆς
468 3303 577 3357 τῶν
606 3302 915 3378 κτισμάτων
949 3319 965 3335 ⁸
1000 3270 1248 3360 κάκεῖθεν
1289 3299 1544 3366 καταϐας,
1579 3272 1865 3378 διήγησαι⁴

1932 3298 2031 3358 '.uis
2058 3295 2349 3370 magnalia
2376 3270 2514 3356 vita;
2535 3303 2774 3355 aeternae
2805 3300 2863 3353 et
2893 3288 3194 3378 mysteria!
3218 3289 3389 3378 regni
3437 3309 3562 3354 coa-

194 3399 301 3450 τοῖς
329 3386 575 3471 ἀδελφοῖς
606 3413 700 3450 σου
724 3393 790 3448 τὰ
829 3393 925 3460 τῆς
970 3392 1179 3450 αἰωνίου
1207 3397 1376 3463 ζωῆς,
1409 3391 1496 3447 καὶ
1537 3390 1605 3448 τὰ
1634 3390 1834 3464 μυστή-

1932 3405 2109 3447 orum
2165 3385 2288 3448 Hoc
2321 3391 2411 3445 est
2439 3402 2588 3464 opus
2619 3381 2776 3443 illius
2803 3378 3001 3471 quiex
3037 3376 3381 3471 hominibus
3420 3378 3569 3471 fugit

199 3495 279 3551 ρια
312 3481 403 3544 τῆς
441 3486 538 3536 τοῦ
565 3487 699 3541 Θεοῦ
746 3481 1040 3559 βασιλείας.
1094 3484 1194 3541 Καὶ
1246 3481 1399 3541 τοῦτό
1451 3480 1562 3536 ἐστι
1591 3480 1652 3536 τὸ
1683 3477 1833 3558 ἔργον

1932 3493 2025 3537 )er
2054 3473 2370 3536 sublimem
2401 3471 2681 3553 ascesim,
2713 3471 2809 3532 Ιιιο
2839 3467 2976 3530 linis
3003 3467 3136 3530 vitae
3162 3466 3321 3528 intra
3348 3467 3564 3530 solitu-

197 3561 288 3630 τῆς
317 3561 366 3631 ἐξ
392 3565 676 3643 ἀνθρώπων
733 3575 929 3651 φυγῆς,
989 3568 1057 3627 δι’
1100 3568 1264 3651 ἄκρας
1307 3570 1607 3644 ἀσκήσεως,
1656 3570 1833 3625 καὶτὸ

193 3651 345 3739 πέρας
370 3656 459 3724 τῆς
489 3659 562 3724 εἰς
593 3658 818 3738 ἐρημίαν
847 3656 1146 3739 διατριϐῆς.

261 3733 354 3806 οε’.
386 3747 443 3804 El
490 3733 658 3814 θέλείς
698 3733 839 3806 τῖδετν
877 3733 1166 3829 ταᾶγαθᾶ,
1212 3749 1246 3804 ἃ
1299 3748 1586 3826 ἡτοίμασεν
1630 3751 1658 3805 ὁ
1703 3749 1832 3812 Θεὸς

185 3845 291 3896 τοῖς
320 3833 601 3914 ἀγαπῶσιν
637 3838 816 3909 αὺτὸν,
875 3836 930 3893 ἐν
970 3844 1040 3915 τῇ
1098 3837 1290 3918 ἐρημίᾳ
1345 3845 1498 3916 γενοῦ
1535 3843 1634 3905 τῆς
1664 3837 1834 3917 ἀρνή-

189 3942 312 3988 σεως
376 3935 471 3984 τοῦ
542 3922 674 3982 ἰδίου
728 3925 1050 4003 θελήματος,
1109 3928 1199 3984 καὶ
1267 3927 1396 4006 φύγε
1449 3928 1543 3984 τὶν
1610 3926 1829 4003 κόσμον.

190 4015 344 4069 Ποῖον
370 4011 437 4082 δὴ
486 4021 677 4072 τοῦτον
710 4034 727 4096 ;
772 4017 883 4075 Τὴν
924 4015 1197 4092 ἐπιθυμίαν
1250 4018 1354 4071 τῶν
1399 4015 1681 4096 ὀφθαλμῶν
1735 4016 1830 4083 τῆς

193 4101 371 4178 σαρκός
404 4119 420 4132 ⁶
454 4104 559 4172 τὴν
590 4102 895 4176 ἀλαζονείαν
921 4108 1028 4162 “civ
1059 4103 1355 4184 λογισμῶν,
1386 4106 1474 4160 καὶ
1527 4106 1625 4172 τῆν
1681 4104 1828 4161 ἀπά-

190 4211 280 4256 την
318 4193 423 4249 τῶν
455 4193 768 4271 ὁρωμένων,
811 4204 1005 4254 Τοῦτον
1058 4196 1158 4275 γὰρ
1214 4194 1304 4252 ἐὰν
1358 4195 1525 4274 φύγῃς
1584 4195 1675 4250 τὸν
1728 4194 1830 4251 κό-

191 4300 337 4361 σμον,
368 4283 626 4363 πρώῖμον
657 4282 974 4340 ἐπανατελεῖ
1015 4306 1098 4340 σοι
1154 4285 1215 4340 τὸ
1270 4287 1404 4365 φῶς,
1464 4283 1583 4358 ὄψει
1626 4282 1722 4350 τῆς
1753 4283 1835 4339 ἐν-

186 4367 294 4426 θέου
316 4376 487 4447 ζωῆς,
544 4373 635 4429 καὶ
689 4373 756 4429 τὰ
797 4374 996 4450 ἰάματα
1036 4379 1136 4441 τῆς
1179 4373 1360 4454 ψυχῆς
1407 4394 1526 4445 σου,
1585 4373 1722 4452 φημὶ
1764 4369 1830 4438 δὴ

187 4458 247 4514 τὰ
274 4456 495 4542 δάκρυα,
543 4461 689 4541 ταχὺ
736 4460 1004 4530 ἂνατελεϊ,
1040 4464 1127 4518 καὶ
1154 4463 1253 4529 τὴν
1282 4460 1563 4518 ἀλλοίωσιν
1592 4459 1828 4519 ἀλλοιω-

183 4547 310 4626 Nm;
338 4554 441 4618 τῆς
470 4547 646 4617 δεξιᾶς
674 4558 767 4608 τοῦ
831 4542 1098 4628 Τψίστου,
1156 4552 1245 4608 καὶ
1300 4548 1489 4626 μάστιξ
1519 4547 1699 4606 ἔκτοτε
1728 4572 1830 4607 παι

183 4639 278 4692 θῶν
307 4639 403 4695 οὒκ
432 4639 614 4718 ἐγγιεϊ
664 4646 742 4714 τῷ
796 4641 1107 4717 σκηνώματι
1161 4648 1273 4712 σου,
1336 4639 1425 4696 καὶ
1480 4638 1616 4695 οὕτω
1671 4640 1832 4715 μέσον

186 4726 379 4804 κόσμου
435 4731 528 4786 καὶ
584 4726 714 4786 λαοῦ
762 4727 1059 4810 διατρίϐων.
1104 4727 1201 4807 ἔσῃ
1257 4731 1329 4796 ὡς
1384 4729 1436 4786 ἐν
1493 4727 1686 4808 ἐρημίᾳ
1716 4726 1832 4783 διά-

186 4837 286 4891 γων
328 4818 417 4874 καὶ
475 4814 749 4897 ἄνθρωπον
793 4822 871 4896 μὴ
919 4822 1080 4899 ὁρῶν,
1127 4820 1184 4875 Εἰ
1238 4816 1294 4874 δὲ
1350 4819 1429 4894 μὴ
1470 4825 1655 4875 τοῦτον
1697 4817 1835 4875 οὕτω

112 4965 119 4973 ,
191 4904 353 4984 φύγῃς
397 4908 495 4965 τὸν
524 4907 750 4984 κόσμον,
784 4906 928 4965 οὐδέν
961 4931 1042 4966 σοι
1072 4909 1177 4964 ἀπὸ
1202 4907 1296 4976 τῆς
1328 4912 1499 4988 φυγῆς
1542 4906 1710 4982 μόνης
1740 4912 1834 4964 τοῦ

188 4993 455 5072 ὁρωμένου
482 4995 689 5072 κόσμου
718 4998 850 5076 πρὸς
880 4996 1150 5054 τελείωσιν
1190 5003 1295 5054 τῶν
1323 4995 1522 5077 ἀρετῶν
1550 4996 1639 5052 καὶ
1668 4995 1834 5052 συνάσ-

188 5103 331 5160 φειαν
364 5090 503 5165 Θεοῦ
531 5087 973 5165 προσγενήσεται.

263 5163 398 5247 ος..
446 5175 523 5233 Τὸ
551 5163 787 5252 γενέσθαι
818 5178 1059 5257 μοναχὸν
1117 5178 1177 5232 οὗ
1217 5178 1278 5231 τὸ
1335 5172 1434 5240 ἔξω
1487 5176 1589 5230 τῶν
1634 5173 1836 5252 ἀνθρώ-

190 5281 301 5317 πων
327 5264 546 5320 καὶτοῦ
599 5263 802 5339 κόσμου
858 5266 1096 5343 γενέσθαι
1146 5263 1306 5340 ἐστὶν,
1360 5261 1496 5320 ἀλλὰ
1521 5264 1583 5318 τὸ
1608 5260 1835 5319 καταλι-

186 5363 303 5406 πεῖν
360 5352 553 5408 ἑαυτὸν
608 5350 709 5418 ἔξω
758 5359 863 5408 τῶν
918 5359 1017 5421 τῆς
1073 5354 1264 5433 σαρκὸς
1317 5350 1632 5427 θελημάτων
1684 5349 1839 5428 γενέ-

185 5439 319 5512 σθαι,
368 5441 461 5496 καὶ
511 5439 883 5522 ἆπελθετνηεῖς
941 5443 1162 5523 ἐρημίαν
1218 5446 1424 5502 παθῶν.
1486 5442 1545 5497 Ei
1600 5441 1700 5519 γὰρ
1753 5442 1842 5497 καὶ

185 5529 308 5606 πρὸς
339 5531 432 5586 τὶν
491 5530 661 5609 μέγαν
717 5525 921 5590 ἐκεῖνον
980 5531 1185 5614 ἐρρἑθη,
1243 5537 1413 5611 Φεῦγε
1464 5530 1586 5593 τοὺς
1644 5528 1838 5610 ἀνθρώ-

193 5636 317 5680 πους
376 5620 471 5675 καὶ
532 5619 701 5698 σώζῃ,
771 5619 908 5678 ἀλλᾶ
969 5622 1139 5695 τούτῳ
1208 5628 1284 5695 τῷ
1353 5620 1534 5698 τρόπῳ
1590 5616 1770 5700 ἐρῤἐθη
1819 5635 1831 5648 '

191 5700 295 5763 imi
350 5709 442 5763 καὶ
502 5709 634 5781 μετᾶ
687 5711 748 5765 τὸ
802 5724 991 5789 φυγεῖν
1047 5711 1274 5785 ἐκεῖνον,
1337 5709 1496 5784 μέσον
1550 5708 1836 5785 ἀνθρώπων

1915 3565 2117 3627 dinem
2144 3561 2453 3641 degendae.

1997 3743 2093 3805 75.
2127 3741 2183 3805 Si
2215 3740 2363 3803 velis
2382 3739 2585 3802 videre
2615 3737 2774 3800 bona
2818 3754 2952 3819 qua;
2994 3733 3157 3798 Deus
3209 3734 3558 3816 praeparavit

1914 3831 2302 3907 diligentibus
2331 3849 2419 3903 se,
2455 3828 2551 3891 abi
2582 3827 2642 3890 in
2673 3825 3057 3889 solitudinem
3105 3823 3565 3887 renuntiationis

1916 3923 2171 4003 propria;
2204 3919 2543 3992 voluntatis,
2582 3930 2642 3979 et
2674 3917 2811 3997 fuge
2843 3913 3158 3978 mundum.
3183 3912 3370 3986 Quem
3392 3931 3566 3975 mun-

1913 4012 2100 4072 dum?
2130 4009 2688 4087 Concupiscentiam
2733 4005 3041 4068 oculorum
3080 4004 3302 4083 carnis,
3336 4002 3566 4080 cogita-

1912 4101 2138 4163 tionum
2171 4098 2536 4180 superbiam,
2580 4104 2635 4158 et
2680 4095 2969 4157 fallaciam
3017 4091 3356 4154 visibilium.
3397 4091 3567 4156 Hunc

1915 4191 2073 4253 enim
2103 4191 2151 4251 si
2187 4188 2406 4269 fugeris
2432 4187 2741 4250 mundum.
2766 4190 3049 4247 matutina
3069 4183 3172 4245 tibi
3193 4183 3419 4245 orietur
3439 4182 3563 4265 lux,

1914 4280 2128 4342 intuitu
2164 4281 2296 4341 vitae
2325 4278 2561 4355 divinae,
2608 4275 2877 4338 remedia
2904 4274 3121 4336 anima:
3152 4280 3289 4345 tuae,
3344 4270 3403 4333 id
3443 4279 3561 4350 est,

1916 4368 2208 4448 Iacrymze,
2244 4386 2379 4428 mox
2404 4366 2695 4445 orientur,
2733 4361 3058 4424 mutalieris
3079 4359 3407 4422 mutatione
3427 4358 3568 4422 dex-

1852 4432 2062 4520 Dterze
2086 4432 2361 4530 Excelsi;
2395 4432 2697 4535 ﬂagellum
2747 4451 3130 4532 cupiditatum
3157 4449 3282 4528 jam
3317 4466 3433 4509 non
3464 4466 3566 4529 ap-

1916 4545 2342 4628 propinquahit
2371 4545 2752 4605 tabernaculo
2781 4549 2901 4611 tuo,
2938 4536 3235 4628 sicquein
3261 4535 3563 4628 mediovi-

1913 4624 2058 4697 vens
2089 4624 2311 4696 mundo
2341 4644 2398 4696 et
2429 4631 2668 4703 saeculo,
2693 4628 2814 4691 eris
2843 4636 3118 4709 tanquam
3149 4625 3210 4686 in
3241 4624 3564 4688 solitudine

1915 4728 2143 4803 degens
2174 4723 2600 4802 hominemque
2631 4738 2746 4781 non
2792 4717 3025 4779 videns.
3061 4714 3121 4780 Si
3147 4722 3349 4803 autem
3381 4712 3562 4803 istum

1918 4801 2036 4874 non
2087 4813 2167 4873 ita
2216 4810 2436 4891 fugeris
2495 4801 2806 4888 mundum,
2847 4803 3003 4866 solas
3053 4801 3305 4891 visibilis
3354 4802 3566 4891 mundi

1916 4902 2050 4980 fuga
2080 4900 2227 4961 nihil
2262 4889 2369 4961 tibi
2410 4897 2676 4980 proderit
2701 4896 2775 4956 ad
2805 4894 3088 4957 virtutum
3131 4889 3563 4974 perfectionem

1918 5000 1979 5055 et
2010 5009 2145 5052 cum
2171 4990 2291 5052 Deo
2322 4987 2829 5070 conjunctionem.

2004 5170 2100 5233 76.
2137 5168 2484 5232 Monachum
2536 5164 2689 5239 ﬁeri,
2739 5184 2857 5227 non
2906 5170 2997 5227 est
3032 5182 3103 5227 ex
3132 5161 3479 5226 hominibus
3509 5169 3571 5226 et
3618 5166 3623 5167 “

1921 5261 2144 5324 mundo
2175 5261 2361 5340 exire,
2394 5257 2497 5319 sed
2524 5274 2767 5327 manere
2785 5255 3044 5318 alienum
3076 5272 3110 5317 a
3136 5253 3334 5315 carnis
3352 5253 3566 5340 volun:

1921 5349 2165 5424 tatibus,
2218 5359 2277 5409 et
2328 5338 2497 5409 abire
2566 5346 2870 5408 de~ertum
2920 5342 3336 5424 cupiditatum.
3395 5338 3566 5414 Quod

1923 5440 2082 5503 enim
2114 5437 2340 5500 dictum
2373 5454 2584 5515 magno
2613 5433 2702 5496 illi
2733 5435 2914 5499 Viro:
2945 5456 2972 5492 ι
3004 5436 3165 5513 Fuge
3188 5429 3485 5506 homines,
3510 5437 3571 5493 et

1924 5529 2121 5592 salvus
2173 5527 2315 5603 eris,
2352 5551 2380 5583 »
2417 5526 2530 5588 hoc
2576 5525 2639 5586 in
2690 5532 2890 5587 nostro
2937 5541 3121 5587 sensu
3169 5520 3397 5585 dictum
3430 5527 3564 5583 est:

1921 5615 2215 5700 siquidem
2262 5623 2570 5697 postquam
2593 5613 2694 5676 ille
2750 5613 2920 5694 fugit,
2982 5608 3374 5700 nihilominus
3407 5608 3572 5700 inter

1921 5699 2199 5770 homines
2228 5705 2596 5781 versabatur,
2617 5702 2678 5764 in
2705 5709 2983 5785 terraque
3000 5699 3257 5783 degebat
3281 5699 3566 5777 habitata,
