4126 6378
410 353 527 421 887
1736 358 2041 422 NICET/E
2084 357 2514 421 PEGTORATI
3706 355 3828 421 888

414 498 473 551 et
506 509 641 552 cum
672 490 984 572 discipulis
1014 491 1346 566 victitabat,
1366 493 1471 555 sed
1499 491 1863 555 conversain
1886 493 2083 571 fugam

2178 488 2431 565 ηὐλίζετο,
2484 494 2574 548 καὶ
2632 491 2686 547 ἐν
2744 493 3073 569 οἰκουμέναις
3132 491 3371 569 ἐνδημῶν
3425 493 3512 563 ἦν,
3573 494 3662 547 καὶ
3718 513 3822 567 μα-

414 577 791 658 Spiritualem
826 599 932 641 sua
963 579 1382 656 sensibilitate,
1419 580 1647 642 nullum
1674 600 1741 641 ex
1766 580 2075 642 hominum

2178 588 2352 646 Ιηταῖς
2397 582 2582 653 συνέζη
2619 600 2637 618 ⁸
2682 582 2820 640 ἀλλὰ
2865 585 2965 652 τὴν
3021 585 3218 651 νοητὴν
3275 583 3446 665 φυγὴν
3501 582 3556 639 ἐν
3599 589 3667 658 τῇ
3728 584 3820 637 αἶ-

414 668 786 730 commercio
818 669 1159 749 patiebatur
1178 669 1625 731 detrimentum.
1652 670 1821 732 Alius
1844 686 2080 750 quoque

417 755 518 818 vir
554 776 821 838 magnus,
861 777 893 820 e
924 759 1127 840 synaxi
1156 760 1495 840 egrediens,
1527 760 1818 821 clamabat
1852 781 1865 822 :
1898 780 1926 820 ‹
1963 757 2077 819 Fu-

416 845 562 924 gite,
603 848 845 923 fratres,
880 868 910 909 »
943 848 1049 910 sed
1100 866 1167 910 os
1220 848 1586 912 monstrabat
1632 847 2075 911 sciscitantibus

418 951 686 996 causam.

500 1113 604 1175 77.
636 1112 701 1174 In
732 1132 911 1175 unam
944 1112 1187 1175 domum
1231 1114 1610 1193 congregatio
1646 1113 1829 1175 tutior
1860 1122 1949 1175 est
1976 1132 2076 1174 so-

420 1200 699 1265 litudine.
721 1201 1144 1265 Necessitatem
1175 1203 1336 1264 enim
1383 1203 1771 1264 habitationis
1799 1204 1862 1265 in
1892 1222 2077 1265 unum

419 1297 674 1353 testatur
702 1310 934 1353 sacrum
958 1291 1197 1353 Domini
1228 1291 1369 1355 Jesu
1390 1291 1637 1353 verbum
1671 1314 1684 1354 :
1728 1318 1747 1347 ι
1777 1290 1891 1355 Ubi
1918 1292 2077 1354 enim

417 1386 555 1440 sunt
585 1379 700 1441 duo
731 1390 831 1442 aut
863 1388 982 1442 tres
1014 1381 1358 1460 congregati
1401 1382 1463 1442 in
1514 1381 1755 1443 nomine
1803 1401 1958 1457 meo,
1993 1377 2076 1442 ibi

417 1486 548 1528 sum
581 1468 642 1528 in
674 1469 872 1549 medio
904 1488 1108 1530 eorum
1136 1471 1217 1532 18.
1248 1495 1273 1524 ‹‹
1308 1474 1386 1532 De
1420 1471 1684 1550 periculo
1718 1479 1917 1532 autem
1939 1470 2070 1532 soli-

419 1554 643 1619 tudinis
688 1556 969 1619 Salomon
1023 1559 1142 1619 ait:
1175 1583 1200 1614 η
1233 1560 1332 1620 Vae
1374 1559 1509 1630 soli,
1546 1559 1685 1639 quia
1727 1579 1862 1621 cum
1913 1559 2075 1624 ceci-

418 1642 595 1720 derit,
614 1664 734 1707 non
758 1646 943 1707 habet
962 1646 1374 1708 sublevantem
1397 1665 1462 1709 se
1490 1647 1567 1703 t9.
1596 1672 1622 1702 η
1645 1647 1836 1728 Atque
1860 1667 1962 1710 eos
1976 1648 2079 1728 qui

2165 673 2337 747 σθητῇ
2368 670 2663 737 σπουδαίως
2707 674 2910 753 φυγὼν,
2961 672 3108 731 οὐδὲν
3163 673 3305 753 παρὰ
3358 678 3458 740 τῆς
3486 675 3591 728 τῶν
3622 672 3822 751 ἀνθρώ-

2160 780 2277 815 πων
2334 763 2607 826 συνουσίας
2670 759 2983 824 ἐϐλάπτετο,
3046 769 3212 821 Τοῦτο
3256 759 3312 817 δὲ
3353 763 3443 818 καὶ
3495 758 3655 825 ἄλλος
3712 767 3821 817 τῶν

2160 847 2407 925 μεγάλων
2437 848 2584 930 ἐϐόα,
2644 855 2741 917 τῆς
2786 848 3043 916 συνάξεως
3101 849 3446 931 ἐξερχόμενος
3484 865 3499 879 ⁸
3560 849 3817 927 Φεύγετε,

2163 934 2400 1017 ἀδελφοὶ,
2434 936 2571 995 ἀλλὰ
2599 939 2659 995 τὸ
2717 939 2889 1016 στόμα
2946 938 3221 1016 ἐδείκνυεν,
3281 938 3690 1018 ἐπερωτώμενος
3717 938 3820 1006 τὴν

2164 1026 2358 1087 αἰτίαν.

2246 1105 2348 1190 οζλ
2384 1107 2445 1173 Ἠ
2479 1115 2564 1172 ἐπὶ
2612 1118 2673 1173 τὸ
2717 1117 2843 1173 αὐτὸ
2901 1116 2955 1174 ἐν
3012 1115 3272 1181 συνοδίαις
3324 1116 3655 1189 κατοίκησις,
3717 1122 3816 1183 τῆς

2165 1204 2447 1281 μονώσεως
2478 1203 2861 1286 ἀσφαλεστέρα.
2915 1208 3037 1286 Περὶ
3094 1206 3190 1282 μὲν
3233 1206 3333 1284 γὰρ
3382 1211 3475 1261 τοῦ
3531 1204 3813 1283 ἀναγκαίου

2160 1300 2256 1362 τῆς
2299 1294 2384 1352 ἐπὶ
2441 1297 2502 1351 τὸ
2546 1296 2672 1354 αὐτὸ
2717 1296 3012 1370 κατοικίας,
3070 1297 3267 1374 μάρτυς
3314 1298 3342 1352 6
3372 1296 3510 1373 ἱερὸς
3538 1293 3692 1373 λόγος
3720 1301 3815 1351 τοῦ

2160 1382 2341 1450 Ἰησοῦ
2368 1385 2456 1440 καὶ
2502 1392 2633 1443 Θεοῦ
2662 1399 2675 1412 '
2738 1408 2765 1439 tt
2819 1386 2891 1441 Οὔ
2936 1386 3035 1463 γάρ
3084 1386 3181 1440 εἶσι
3231 1383 3334 1440 δύω
3376 1383 3413 1451 ἢ
3441 1396 3585 1463 τρεῖς
3628 1406 3823 1460 συνηγ-

2162 1473 2334 1550 μένοι,
2370 1475 2551 1554 φησὶν,
2604 1472 2656 1529 ἐν
2698 1481 2774 1549 τῷ
2805 1473 2918 1549 ἐμῴ
2961 1474 3206 1549 ὀνόματι,
3252 1473 3368 1529 ἐκεῖ
3424 1474 3530 1549 εἰμι
3590 1472 3824 1547 ἐνημέσω

2162 1566 2332 1620 αὐτῶν
2369 1581 2383 1595 ⁸
2431 1564 2548 1642 περὶ
2589 1560 2643 1619 δὲ
2689 1570 2781 1619 τοῦ
2832 1561 3151 1643 ἐπισφαλοῦς
3179 1568 3277 1630 τῆς
3306 1562 3591 1638 μονώσεως
3650 1564 3678 1617 6
3721 1568 3825 1616 Σο-

2160 1650 2341 1726 λομὼν
2378 1672 2393 1687 ⁸
2432 1675 2460 1706 α
2496 1653 2623 1708 Οὖαὶ
2664 1658 2741 1726 τῷ
2788 1652 2886 1726 ἑνὶ,
2944 1653 3126 1732 φησὶν,
3188 1651 3268 1707 ὅτι
3314 1650 3440 1707 ὅταν
3497 1650 3660 1727 πέσῃ,
3726 1651 3827 1707 οὒκ

418 1731 482 1794 in
513 1735 801 1798 charitate
824 1744 882 1797 et
907 1738 1232 1797 concordia
1262 1736 1448 1797 Deum
1483 1737 1933 1810 concelebrant,
1956 1741 2080 1817 ipse

2178 1738 2305 1797 ἔστιν
2336 1743 2363 1797 6
2393 1741 2607 1819 ἐγείρων
2639 1742 2797 1800 αὐτὸν
2827 1757 2840 1770 ⁸
2911 1731 2966 1795 »γ
3002 1742 3101 1798 Καὶ
3151 1741 3251 1820 γὰρ
3280 1743 3401 1804 τοὺς
3432 1740 3487 1796 ἐν
3518 1740 3703 1818 ἆγαπῃ
3731 1740 3825 1795 καὶ

418 1822 603 1885 David
663 1824 983 1899 beatificat,
1036 1826 1422 1887 exclamans:
1472 1850 1494 1880 ‹ι
1554 1828 1768 1888 Beatus
1830 1828 2083 1908 populus

421 1911 523 1992 qui
556 1913 668 1974 scit
700 1914 1119 1993 jubilationem
1168 1915 1253 1977 20.
1301 1914 1370 1975 Et
1416 1914 1476 1976 in
1522 1934 1703 1975 unum
1758 1916 2080 1977 habitatio-
2121 1930 2141 1946 °

426 2019 562 2062 nem
595 2002 796 2063 laudat
826 2003 1032 2066 dicens
1063 2020 1076 2065 :
1118 2030 1143 2058 ει
1178 2003 1333 2065 Ecce
1367 2004 1508 2084 quid
1546 2004 1765 2064 bonum
1798 2013 1897 2065 aut
1939 2006 2081 2086 quid

417 2089 778 2170 jucundum,
821 2092 935 2153 nisi
986 2092 1255 2155 habitare
1288 2093 1499 2154 fratres
1530 2093 1591 2153 in
1626 2112 1805 2153 unum
1825 2093 1872 2136 εί
1894 2092 1925 2152 ε)
1951 2118 1972 2151 υ
2000 2094 2085 2154 Ac

425 2179 500 2241 de
530 2179 840 2262 discipulis
896 2181 1134 2241 Domini
1183 2182 1405 2243 dicitur
1439 2200 1452 2244 :
1497 2207 1522 2237 α
1552 2186 1768 2244 Eorum
1822 2192 1949 2242 erat
1980 2201 2085 2243 cor

426 2286 609 2328 unum
644 2278 702 2330 et
730 2271 930 2331 anima
964 2288 1079 2331 una
1101 2269 1182 2328 Ἡ.
1228 2296 1248 2328 υ
1286 2269 1540 2349 Insuper
1570 2269 1725 2331 Deus
1746 2270 1819 2331 ad
1852 2289 1961 2337 nos
1984 2270 2088 2332 de-

424 2356 680 2437 scendit,
709 2377 827 2419 non
860 2361 918 2420 in
946 2359 1355 2434 solitudinem,
1392 2359 1497 2420 sed
1521 2359 1581 2419 in
1615 2368 1835 2420 terram
1860 2359 2087 2420 habita-

2163 1830 2384 1904 ὁμονοίᾳ
2415 1832 2504 1885 τὸν
2539 1830 2669 1885 Θεὸν
2725 1829 3014 1903 ὑμνοῦντας
3067 1831 3156 1886 καὶ
3212 1832 3239 1885 6
3287 1826 3447 1888 Δαϐἱδ
3492 1829 3766 1907 μακαρίζει
3805 1843 3819 1856 ⁸

2171 1937 2194 1973 α
2233 1918 2523 1997 Μακάριος,
2559 1919 2722 1994 βοῶν,
2757 1920 2784 1973 6
2809 1917 2936 1982 λαὸς
2964 1921 2992 1975 6
3015 1918 3291 1996 γινώσκων
3305 1915 3617 1996 ἁλαλαγμόν
3673 1940 3696 1974 ι
3723 1918 3827 1974 Καὶ
3856 1918 3857 1923 “

2167 2008 2263 2075 τὴν
2307 2005 2391 2063 ἐπὶ
2422 2010 2481 2065 τὸ
2513 2006 2638 2064 αὖτὸ
2669 2007 2937 2064 κατοικίαν
2988 2006 3199 2066 ἐπαινεῖ
3259 2005 3431 2085 λέγων
3466 2026 3478 2040 ⁸
3534 2030 3559 2063 ¢
3597 2004 3725 2065 Ἰδοὺ
3758 2003 3827 2074 δὴ

2167 2097 2218 2152 τί
2245 2094 2409 2152 καλὸν
2434 2097 2469 2164 ἢ
2498 2097 2548 2151 τί
2589 2097 2834 2174 τερπνὸν,
2868 2094 2989 2151 ἀλλ’
3047 2095 3083 2165 ἢ
3126 2098 3186 2154 τὸ
3242 2108 3521 2154 κατοικεῖν
3564 2093 3826 2176 ἀδελφοὺς

2169 2185 2321 2264 ἅμα,
2359 2208 2386 2239 υ
2422 2187 2519 2244 Καὶ
2548 2183 2632 2240 ἐπὶ
2654 2191 2756 2241 τῶν
2801 2188 3052 2260 μαθητῶν
3094 2192 3187 2241 τοῦ
3221 2186 3427 2266 Κυρίου,
3474 2208 3498 2240 ι(
3546 2186 3651 2241 Μία
3677 2185 3742 2253 ἦν
3773 2184 3829 2240 ἐν

2169 2273 2354 2337 αυτοῖς
2384 2275 2418 2342 ἡ
2451 2273 2629 2353 ψυχὴ,
2663 2274 2751 2330 καὶ
2778 2275 2813 2341 ἡ
2843 2272 3048 2352 καρδία.
3098 2271 3263 2331 Ἀλλὰ
3310 2275 3397 2330 καὶ
3443 2275 3477 2342 ἡ
3508 2275 3639 2352 πρὸς
3681 2275 3829 2349 ἡμᾶς

2168 2370 2260 2418 τοῦ
2290 2369 2421 2420 Θεοῦ
2446 2360 2689 2436 κάθοδος,
2725 2364 2819 2419 οὔκ
2841 2361 2903 2418 -ἐν
2935 2362 3128 2441 ἐρημίᾳ
3152 2363 3392 2443 γέγονεν,
3423 2360 3541 2419 ἀλλ’
3574 2362 3626 2419 ἐν
3658 2364 3831 2418 οἰκου-

427 2456 570 2522 tam,
605 2455 663 2507 et
692 2446 752 2508 in
777 2448 1004 2509 medios
1030 2448 1306 2510 homines
1333 2456 1702 2529 peccatores.
1736 2447 2013 2510 Necessat
2032 2449 2085 2510 ia

2178 2452 2378 2527 μέναις,
2412 2453 2500 2508 καὶ
2543 2452 2597 2508 ἐν
2629 2451 2777 2528 μέσῳ
2807 2452 3093 2530 ἀνθρώπων
3122 2451 3476 2533 ἁμαρτωλῶν.
3503 2451 3829 2531 Ἀναγκαῖον

427 2533 609 2613 igitur
637 2537 958 2599 concordia
1005 2536 1139 2598 vitae
1188 2538 1544 2612 communis,
1580 2537 1811 2599 lubrica
1861 2555 1997 2598 vero
2032 2546 2085 2599 et

2178 2540 2259 2596 οὗν
2302 2543 2336 2609 ἡ
2371 2541 2590 2617 ὁμόνοια
2638 2546 2737 2608 τῆς
2797 2541 2882 2597 ἐπὶ
2924 2543 2985 2599 τὸ
3041 2541 3167 2599 αὐτὸ
3224 2542 3391 2622 ζωῆς,
3445 2540 3678 2621 σφαλερὰ
3706 2539 3763 2597 δὲ
3792 2542 3828 2609 ἡ

432 2622 763 2703 periculosa
784 2625 1067 2688 solitudo.
1789 2679 1795 2685 .

513 2711 617 2775 78.
657 2738 683 2768 α
716 2712 972 2775 Necesse
1022 2724 1111 2776 est
1160 2723 1225 2775 ut
1269 2715 1509 2777 veniant
1554 2714 1856 2790 scandala,
1904 2716 2085 2796 inquit

2258 2710 2370 2786 οη’,
2412 2743 2436 2772 ι
2468 2717 2699 2797 Ἀνάγκη
2722 2718 2894 2776 ἐλθεῖν
2911 2720 2978 2775 τὰ
3001 2716 3288 2797 σκάνδαλα,
3320 2740 3343 2776 ι
3371 2720 3529 2799 φησὶν
3551 2721 3579 2775 6
3606 2719 3830 2799 Κύριος,

438 2800 752 2884 Dominus,
785 2811 1193 2864 verumtamen
1244 2823 1325 2865 va:
1378 2804 1609 2865 homini
1658 2804 1742 2864 illi
1777 2824 1883 2884 per
1913 2824 2085 2882 quem

2184 2832 2210 2862 tt
2246 2807 2365 2864 ἀλλ’
2396 2808 2511 2865 οὒαὶ
2554 2807 2620 2864 δι’
2678 2830 2737 2864 ου
2780 2811 2841 2864 τὸ
2894 2807 3185 2865 σκάνδαλον
3241 2810 3462 2887 γίνεται.
3517 2832 3543 2863 n
3601 2798 3657 2867 (Ο
3702 2816 3832 2887 γοῦν

435 2890 785 2951 scandalum
816 2892 977 2951 venit
1003 2892 1083 2950 εὖ.
1124 2918 1149 2947 »
1188 2891 1302 2965 Qui
1343 2910 1482 2969 ergo
1538 2893 1815 2973 pietatem
1871 2894 2085 2975 amisit,

2178 2898 2275 2964 τὴν
2354 2896 2623 2956 εὐλάϐειαν
2709 2896 3091 2974 ἀπολωλεκὼς,
3164 2899 3252 2954 καὶ
3323 2897 3376 2953 ἐν
3445 2899 3833 2977 καταφρονήσει

435 2985 613 3057 atque
643 2981 833 3041 Deum
871 2978 1213 3060 despiciens
1240 2988 1297 3041 et
1327 2999 1446 3041 non
1470 2980 1706 3057 timens,
1742 2981 1802 3042 in
1828 2983 2085 3069 mediam

2178 2988 2266 3042 καὶ
2309 2985 2528 3068 ἀφοϐείᾳ
2577 2992 2731 3059 Θεοῦ,
2786 2986 2946 3062 μέσον
3004 2989 3316 3067 ὁμηγύρεως
3376 2985 3636 3069 ἀδελφῶν,
3695 2987 3833 3044 ἀνα-

434 3066 682 3156 fratrum
715 3069 1237 3148 congregationem
1269 3070 1610 3144 revertitur,
1645 3068 1845 3133 multis
1871 3072 2085 3152 simpli-

2178 3066 2552 3156 στρεφόμενος,
2587 3073 2811 3141 πολλοῖς
2863 3082 2967 3133 τῶν
3021 3066 3388 3155 ἁπλουστέρων
3444 3066 3618 3132 δίδωσι
3667 3078 3834 3132 σκάνι

436 3155 606 3217 cibus
636 3156 810 3219 atl‘ert
836 3158 1139 3232 scandala,
1175 3159 1352 3221 modo
1380 3177 1485 3239 per
1508 3178 1707 3241 opera,
1738 3160 2085 3241 habitusque

2178 3155 2330 3226 61M,
2368 3170 2533 3222 Τοῦτο
2566 3165 2662 3239 μὲν
2687 3161 2753 3220 δι’
2788 3163 2978 3244 ἔργων,
3029 3167 3117 3222 καὶ
3167 3165 3493 3245 σχημάτων,
3547 3166 3635 3221 καὶ
3691 3187 3833 3245 φαυ-

2175 2630 2405 2705 μόνωσις
2436 2631 2525 2686 καὶ
2570 2628 2913 2693 ἐπικίνδυνος.

438 3251 500 3307 et
542 3263 750 3326 pravos
801 3265 1022 3321 mores,
1078 3248 1251 3310 modo
1308 3267 1415 3328 per
1461 3248 1642 3310 verba
1693 3256 1752 3310 et
1789 3260 2096 3331 corruptos

437 3349 770 3412 sermones,
807 3344 984 3418 atque
1013 3338 1343 3420 corrumpit
1370 3340 1597 3399 animas
1630 3357 1946 3420 moresque
1982 3341 2094 3403 bo-

438 3441 550 3485 nos
580 3433 639 3486 et
664 3426 968 3489 honestos.

524 3515 625 3577 79.
658 3514 773 3586 Qui
804 3522 996 3577 servat
1024 3516 1134 3579 Dei
1164 3516 1466 3591 mandata,
1492 3535 1612 3578 non
1633 3524 1799 3596 petra
1833 3520 2098 3581 scandali

441 3605 508 3665 fit
537 3602 904 3682 hominibus,
940 3605 1077 3684 quia
1128 3625 1247 3666 non
1293 3613 1383 3667 est
1430 3606 1776 3670 scandalum
1821 3607 1879 3668 in
1922 3609 2098 3689 ipso;

438 3692 614 3775 (Nam
667 3715 690 3749 α
728 3711 839 3774 pax
889 3693 1073 3755 multa
1123 3694 1513 3773 diligentibus
1561 3695 1754 3774 legem
1809 3705 1989 3772 tuam,
2043 3707 2101 3759 et

444 3801 565 3844 non
616 3787 705 3842 est
752 3780 873 3841 illis
919 3782 1265 3844 scandalum
1302 3783 1382 3859 94,
1434 3784 1493 3862 υ)
1522 3784 1626 3844 sed
1659 3785 1778 3861 lux,
1810 3792 1871 3847 et
1901 3786 2009 3860 sal,
2046 3795 2104 3847 et

448 3871 591 3946 vita,
611 3870 1028 3950 juxtaDomini
1048 3889 1257 3933 vocem
1284 3892 1295 3933 :
1330 3897 1356 3927 «
1382 3873 1503 3932 Vos
1527 3873 1785 3934 estislux
1812 3875 2096 3949 mundi‘iii,

445 3968 501 4022 et
524 3959 609 4019 sal
634 3957 887 4020 terra;36
911 3983 937 4013 »
978 3977 992 4021 ε
1022 3963 1149 4022 Lux
1178 3960 1425 4040 quidem
1444 3968 1554 4032 est,
1580 3969 1782 4041 utpote
1812 3961 1871 4022 in
1908 3963 2096 4025 virtu-

2178 3252 2416 3310 λοτάτων
2483 3252 2646 3328 ἠθῶν,
2720 3264 2874 3312 τοῦτο
2945 3252 2999 3309 δὲ
3069 3252 3153 3311 διὰ
3209 3254 3405 3333 λόγων,
3468 3255 3554 3310 καὶ
3614 3253 3827 3330 ὁμιλίας

2180 3340 2583 3422 διεφθαρμένης,
2615 3344 2703 3398 καὶ
2733 3340 3008 3423 διαφθείρει
3070 3344 3273 3423 ψυχὰς,
3333 3342 3436 3412 ἤθη
3467 3365 3524 3399 τε
3554 3342 3725 3421 ἀγαθὰ
3748 3346 3842 3400 καὶ

2180 3432 2393 3510 χρηστά
2402 3478 2416 3493 .

2264 3508 2363 3578 οϐ’.
2423 3511 2479 3577 Ὀ
2535 3524 2709 3599 τηρῶν
2766 3520 2861 3584 τὰς
2917 3519 3134 3584 ἐντολὰς
3187 3526 3280 3583 τοῦ
3338 3528 3490 3597 Θεοῦ,
3556 3525 3616 3580 οὗ
3672 3519 3840 3600 πέτρα

2182 3607 2475 3666 σκανδάλου
2506 3610 2703 3688 γίνεται
2745 3623 2863 3673 τοῖς
2914 3610 3228 3689 ἀνθρώποις,
3276 3608 3459 3677 ἐπειδὴ
3519 3607 3634 3669 οῦδέ
3679 3611 3841 3667 σκάν-

2183 3697 2340 3755 δαλόν
2396 3698 2537 3754 ἐστιν
2580 3698 2633 3755 ἐν
2679 3700 2843 3773 αὖτῷ.
2900 3701 3097 3778 Εἰρήνη
3158 3701 3258 3779 γὰρ
3307 3697 3483 3767 πολλὴ
3526 3712 3646 3763 τοῖς
3691 3699 3836 3777 ἀγα-

2182 3794 2323 3844 πῶσι
2374 3789 2463 3844 τὸν
2520 3789 2681 3863 νόμον
2727 3810 2840 3868 σου,
2901 3791 2988 3845 καὶ
3033 3793 3127 3848 οὐκ
3170 3788 3309 3847 ἔστιν
3364 3791 3548 3852 αὒτοῖς
3604 3787 3839 3845 σκάνδα-

2182 3875 2274 3933 λον
2306 3892 2321 3907 ⁸
2366 3874 2503 3935 ἀλλὰ
2545 3881 2681 3957 φῶς,
2727 3878 2815 3933 καὶ
2860 3876 3015 3951 ἅλας,
3071 3880 3159 3935 καὶ
3202 3880 3313 3949 ζωή
3352 3897 3364 3911 ⁸
3412 3880 3549 3935 κατὰ
3591 3879 3688 3945 τὴν
3746 3885 3845 3935 τοῦ

2188 3964 2375 4042 Κυρίου
2417 3955 2599 4043 φωνήν
2632 3984 2646 3999 ⁸
2688 3987 2715 4019 α
2770 3955 2955 4041 ιΥμεῖς
3014 3965 3132 4022 ἐστε
3188 3967 3251 4022 τὸ
3312 3968 3423 4045 φῶς
3472 3972 3566 4022 τοῦ
3611 3965 3839 4040 κόσμου,

445 4055 571 4110 tute
593 4046 823 4127 vivens,
847 4047 1199 4128 rationeque
1241 4048 1524 4128 fulgidus,
1564 4057 1622 4111 et
1656 4049 1960 4112 intellectu
2003 4069 2085 4113 sa-

2185 4054 2273 4109 καὶ
2298 4054 2360 4108 τὸ
2390 4052 2522 4117 ἅλας
2563 4058 2662 4120 τῆς
2711 4053 2811 4131 γῆς
2848 4073 2863 4089 ⁸
2914 4076 2938 4112 υ
3001 4060 3112 4134 φῶς
3170 4056 3291 4133 μὲν,
3353 4056 3427 4119 ὡς
3455 4055 3550 4110 τὸν
3579 4055 3690 4130 βίον
3723 4053 3847 4109 ἐνά-

446 4138 650 4217 piens;
694 4134 780 4196 sal
815 4153 979 4213 vero,
1032 4145 1098 4198 ut
1144 4136 1206 4197 in
1257 4137 1509 4198 scientia
1546 4136 1744 4200 divina
1773 4140 2014 4213 multus,
2048 4159 2078 4200 e

2187 4162 2359 4220 ρετος,
2395 4142 2482 4197 καὶ
2524 4140 2767 4221 λαμπρὸς
2816 4144 2907 4199 τὸν
2964 4143 3148 4223 λόγον,
3208 4145 3296 4200 καὶ
3351 4145 3514 4224 σοφὸς
3565 4145 3662 4211 τὴν
3720 4140 3843 4199 διά-

445 4231 663 4306 potens
692 4222 754 4284 in
786 4224 1080 4305 sapientia
1108 4225 1251 4302 Dei;
1283 4226 1399 4287 vita
1430 4226 1711 4307 denique,
1762 4236 1826 4288 ut
1869 4247 2085 4289 sermo-

2187 4253 2331 4286 νοιαν
2368 4248 2382 4263 ⁸
2428 4228 2559 4293 ἅλας
2589 4229 2666 4306 δὲ,
2701 4233 2776 4295 ὡς
2828 4232 2927 4299 τὴν
2984 4240 3180 4312 γνῶσιν
3236 4232 3334 4299 τὴν
3363 4222 3503 4290 θείαν
3534 4231 3723 4307 πολὺς,
3753 4235 3847 4288 καὶ

447 4305 626 4375 nibus
654 4313 783 4375 suis
813 4312 1117 4375 viviﬁcans
1134 4324 1381 4376 enectos
1403 4305 1852 4395 cupiditatibus,
1883 4336 2085 4400 eosqut

2186 4318 2399 4384 δυνατὸς
2426 4319 2522 4387 τὴν
2554 4319 2739 4399 σοφίαν
2798 4321 2928 4377 Θεοῦ
2962 4305 3137 4393 ’,ζωὴ
3195 4319 3272 4395 δὲ,
3337 4322 3410 4385 ὡς
3462 4334 3579 4385 τοῖς
3638 4305 3845 4398 ῥήμασι

447 4400 813 4463 resuscitans
844 4420 914 4463 ex
944 4402 1182 4465 inferno
1215 4403 1656 4484 desperationis
1680 4422 1694 4466 :
1722 4412 1781 4466 et
1809 4406 1943 4467 luce
1965 4406 2085 4487 qui-

2186 4409 2279 4476 τῆς
2362 4406 2572 4484 ὁμιλίας
2649 4412 2807 4467 αὐτοῦ
2878 4416 3155 4489 ζωογονῶν
3236 4409 3651 4489 νενεκρωμένους
3726 4424 3850 4477 τοῖς

449 4489 587 4550 dem
620 4506 868 4578 operum
879 4488 1127 4568 justitiaz
1147 4490 1382 4571 fulgens
1399 4511 1597 4553 coram
1622 4492 2085 4568 hominibus,eo:

2186 4498 2394 4569 πάθεσι,
2454 4498 2542 4552 καὶ
2598 4498 2812 4561 τούτους
2870 4498 2920 4565 ἐξ
2979 4499 3103 4556 ἅδον
3160 4499 3385 4555 ἀνιστῶν
3434 4499 3790 4578 ἀπογνώσεως
3829 4516 3843 4529 ⁸

452 4576 795 4668 illuminat;
820 4578 1108 4668 jucundis
1130 4588 1330 4668 autem
1363 4580 1544 4641 simul
1575 4590 1632 4641 et
1653 4581 1889 4642 acribus
1910 4583 2085 4643 verbi:

2190 4588 2384 4661 καὶτῷ
2414 4587 2510 4661 μὲν
2569 4588 2701 4664 φωξὶ
2758 4593 2862 4645 τῶν
2922 4587 3089 4668 ἔργων
3149 4590 3307 4647 αὐτοῦ
3364 4593 3462 4656 τῆς
3507 4586 3847 4655 δικαιοσύνης

449 4665 805 4757 constrictos
849 4684 883 4727 a
921 4666 1314 4757 dissolutione
1355 4668 1623 4757 retrahit,
1684 4669 2016 4751 tiberatque
2075 4691 2085 4731 ε

2194 4673 2420 4750 λάμπων
2480 4673 2771 4754 ἔμπροσθεν
2840 4665 2958 4733 τῶν.
2996 4665 3317 4756 ἀνθρώπων,
3390 4678 3480 4733 καὶ
3536 4679 3849 4757 καταφωτί-

449 4752 844 4833 cupiditatum
878 4756 1216 4834 putredine;
1258 4756 1505 4820 vivificis
1535 4758 1779 4820 demum
1809 4759 2110 4822 sermoni-
2194 4770 2297 4835 ζων
2348 4764 2534 4826 αὖτούς
2573 4780 2586 4794 ·

2649 4771 2711 4819 τε·
2793 4762 2839 4797 ἢ).
2907 4768 2919 4787 ε
2944 4764 2965 4784 Ν
3243 4766 3312 4804 ’1,
3561 4772 3587 4781 ὐ
3721 4765 3733 4788 Ῑ

2676 4788 2721 4839 ῳ
2788 4782 2843 4821 οι
2899 4779 3021 4835 ηοεῖ
3061 4768 3149 4822 καὶ
3206 4787 3449 4845 σιυροντι
3521 4789 3626 4822 των
3671 4765 3849 4844 λογων

446 4840 561 4905 bus
591 4842 768 4904 vitam
798 4844 1000 4908 reddit
1028 4847 1258 4909 enectis
1285 4856 1530 4928 peccato
1560 4847 1796 4910 animis.

2196 4853 2496 4931 συσφίγγων
2559 4853 2745 4916 αὐτοὺς
2800 4853 2906 4911 ἀπὸ
2961 4860 3060 4923 τῆς
3118 4854 3476 4935 χαυνότητος,
3521 4856 3609 4912 καὶ
3664 4854 3848 4911 ἀπαλ-

2196 4940 2402 4997 λάττων
2445 4946 2542 5008 τῆς
2586 4942 2802 5018 σήψεως
2846 4951 2951 5000 τῶν
3004 4948 3187 5001 παθῶν
3223 4961 3236 4977 ⁸
3283 4948 3352 5019 τῇ
3380 4940 3433 4998 δὲ
3465 4949 3576 5020 ζωῇ
3605 4949 3708 5001 τῶν
3739 4945 3847 5023 ῥη-

2195 5031 2377 5105 μάτων
2408 5033 2589 5110 αὐτοῦ,
2621 5031 2764 5101 ζωὴν
2796 5029 2966 5097 διδοὺς
3007 5047 3130 5098 ταῖς
3175 5031 3585 5109 νενεκρωμέναις
3616 5034 3717 5091 ὑπό
3746 5039 3849 5101 τῆς

2192 5118 2446 5196 ἁμαρτίας
2477 5123 2708 5198 ψυχαῖς.

532 5200 634 5264 80.
670 5199 869 5292 Inanis
897 5200 1103 5292 gloriae
1128 5204 1333 5266 vitium
1357 5213 1447 5267 est
1472 5206 1653 5268 telum
1682 5204 1900 5285 triplici
1921 5225 2085 5268 arma

2273 5198 2357 5269 π’.
2420 5209 2491 5265 Τὸ
2556 5213 2656 5275 τῆς
2685 5207 3003 5276 Αιενοδοξίας
3065 5211 3230 5274 πάθος
3273 5210 3510 5291 τρίϐολόν
3555 5212 3692 5292 ἐστι,
3764 5211 3854 5269 διὰ

454 5296 580 5351 tum
604 5290 876 5380 cuspide,
917 5290 1021 5371 qui
1050 5302 1136 5353 est
1166 5292 1362 5356 inanis
1395 5295 1605 5375 gloria,
1642 5295 2024 5376 praesumptio
2055 5314 2085 5358 e

2191 5294 2487 5362 κενοδοξίας
2545 5298 2633 5353 καὶ
2708 5300 2928 5369 οἰήσεως
2997 5301 3086 5356 καὶ
3141 5290 3523 5380 ὑπερηφανίας,
3583 5290 3685 5358 ὑπδ
3740 5308 3850 5360 τῶν

455 5378 759 5459 superbia,
793 5389 971 5461 atque
1000 5398 1035 5442 a
1065 5380 1438 5446 daemonibus
1493 5403 1562 5445 ex
1609 5383 1747 5463 igne
1781 5393 1835 5445 et
1866 5403 1983 5447 aere
2013 5385 2085 5447 fa-

2192 5388 2455 5463 δαιμόνων
2498 5388 2821 5467 πυρούμενόν
2867 5409 2924 5444 τε
2980 5390 3065 5444 καὶ
3121 5378 3516 5469 χαλκευόμενον
3554 5410 3569 5424 ⁸
3628 5389 3747 5448 ἀλλ’
3795 5391 3853 5447 ἐν

537 5574 835 5667 i_§1ttatth.
865 5596 1031 5667 xvnt,
1063 5581 1182 5667 2Q._
1218 5583 1308 5667 _i9
1334 5582 1550 5667 _Eccle.
1585 5603 1667 5661 IV,
1703 5587 1800 5649 10.
1886 5585 1949 5638 20
1997 5587 2151 5651 Psal.
2187 5587 2599 5667 txxxv1u,_16.
2682 5589 2737 5640 21
2793 5591 2944 5654 Psal.
2977 5607 3197 5667 cxxxn,
3240 5598 3291 5656 ι.

537 5589 599 5626 ιδ
626 5589 835 5639 Matth.
865 5596 1031 5654 xvnt,
1063 5589 1164 5645 20.
1250 5589 1308 5633 i9
1354 5589 1550 5645 Eccle.
1585 5603 1667 5661 IV,
1703 5589 1800 5649 10.
1886 5589 1949 5638 20
1997 5589 2151 5651 Psal.
2187 5603 2462 5663 txxxvnr,
2500 5589 2599 5652 16.
2682 5589 2737 5640 21
2793 5591 2944 5654 Psal.
2977 5607 3197 5667 cxxxn,
3240 5598 3291 5656 ι.
3376 5589 3436 5641 29
3463 5590 3596 5655 Act.
3631 5610 3713 5673 tv,
3745 5593 3851 5660 26.

455 5651 519 5705 33
544 5654 749 5721 Matth.
780 5675 946 5735 xvnl,
977 5660 1042 5724 7.
1124 5660 1189 5714 24
1214 5662 1372 5726 Psal.
1401 5680 1593 5728 cxvm.
1623 5667 1763 5731 165.
1847 5667 1907 5720 35
1934 5669 2141 5734 Matth.
2174 5687 2234 5745 ν,
2269 5668 2368 5731 14.
2449 5665 2514 5719 96
2545 5667 2697 5730 Ibid.
2740 5672 2832 5736 t3.
