4126 6410
325 407 446 473 889

1300 404 1839 472 PRACTICORUM
1882 407 2223 471 CAPITUM
2267 410 2660 483 CENTURIA
2703 411 2730 473 Ι

3597 407 3716 472 890

323 557 445 608 τοῖς
501 544 860 623 αὖλιζομένοις
934 546 990 602 ἐν
1032 544 1207 623 σκέπῃ
1262 553 1356 604 τοῦ
1413 552 1544 604 Θεοῦ
1600 549 1694 601 τοῦ
1765 539 2005 622 οὐρανοῦ.

2095 540 2354 603 ιεὶςεῑιιηι
2391 562 2409 620 ;
2440 542 2545 605 sed
2579 541 3086 606 commorantibus
3114 542 3176 604 in
3206 542 3317 607 Dei
3347 543 3716 625 protectione

324 633 625 715 εὖφώρατον
697 637 923 714 γίνεται,
981 635 1071 692 καὶ
1119 635 1187 696 τὰ
1243 632 1430 713 κέντρα
1476 633 1664 691 τούτου
1707 629 1978 688 συνθλῶν-

2095 636 2126 690 1t
2154 638 2326 712 captu
2349 631 2548 706 facile,
2580 631 2832 713 ejusque
2865 631 3144 714 cuspides
3173 631 3548 710 habetantur,
3578 632 3718 714 quia

321 744 433 796 ται,
500 723 942 804 ὓπεριπταμένοις
1007 721 1253 791 δηλονότι
1309 723 1509 780 τούτων
1564 719 1649 778 διὰ
1726 741 1980 777 ταπεινο-

2095 739 2283 801 tempe
2313 720 2399 783 illi
2428 721 2540 783 ista
2593 722 2975 803 supervolant
3017 722 3130 785 alis
3160 722 3531 801 humilitatis,
3566 722 3714 786 etin

322 813 585 895 φροσύης,

322 923 584 958 παυουσιν
595 950 610 964 ,

407 980 514 1050 οα’.
580 960 808 1050 ιὁπόταν
854 994 883 1048 ὁ
926 960 1217 1071 ἀκάθαρτος
1291 991 1442 1054 οὗτος
1498 990 1586 1046 καὶ
1642 986 1976 1067 πολυμήχα-

682 815 772 871 καὶ
843 815 917 877 εἲς
973 815 1035 871 τὸ
1101 814 1262 894 φυτὸν
1353 817 1452 878 τῆς
1533 815 1677 883 ζωῆς
1748 809 1983 890 ἐγκατα-

2095 809 2226 890 igno
2259 811 2387 873 vita;
2415 811 2823 893 requiescunt.

2143 989 2241 1050 8|.
2280 988 2719 1071 Cumimpurus
2764 991 2877 1055 iste
2909 992 3454 1074 callidissimusque
3484 992 3715 1055 daemon

322 1101 412 1144 νος
466 1077 666 1157 δαίμων
718 1077 1029 1160 προσϐάλλῃ
1074 1102 1158 1137 σοι
1203 1079 1476 1159 προκοπὰς
1527 1076 1831 1154 ποιουμένῳ
1859 1073 1977 1133 κατ’

2100 1078 2294 1141 credit
2321 1079 2394 1141 ad
2426 1088 2481 1141 te
2512 1079 2572 1140 in
2602 1081 2814 1142 virtute
2844 1082 3278 1162 proficientem,
3303 1073 3372 1144 et,
3393 1082 3592 1143 animo
3619 1090 3719 1144 tuo

323 1167 539 1248 ἀρετὴν,
589 1170 679 1226 καὶ
731 1169 1054 1247 μαντεύηταί
1096 1190 1179 1226 σοι
1228 1167 1427 1247 Θρόνων
1483 1165 1643 1243 ὕψος,
1701 1178 1823 1228 ταῖς
1869 1163 1984 1221 ἐπι-

2095 1168 2315 1230 hronos
2343 1168 2658 1250 pollicetur
2687 1169 2994 1249 sublimes,
3045 1171 3107 1233 in
3157 1172 3509 1234 memoriam
3539 1191 3716 1234 revo-

322 1258 515 1332 νοίαις,
577 1259 679 1315 ὑπὸ
734 1259 795 1315 τὸ
839 1258 1266 1335 μνημονευτικὸν
1323 1255 1531 1335 ἀνάγων
1611 1256 1699 1312 καὶ
1754 1253 1981 1333 ἐπαίρων

2102 1276 2209 1319 aus
2240 1265 2297 1319 et
2327 1258 2616 1321 extollens
2666 1267 2764 1322 tua
2810 1279 2993 1341 opera
3040 1268 3314 1341 tanquam
3347 1261 3479 1323 aliis
3511 1261 3717 1323 excel~

322 1367 418 1402 σου
486 1347 585 1414 τὴν
637 1346 909 1428 ἐργασίαν,
967 1348 1041 1412 ὡς
1106 1344 1493 1422 ὑπερκειμένην
1576 1350 1682 1402 τῶν
1758 1343 1978 1400 λοιπῶν·

322 1432 464 1490 ἀλλὰ
518 1435 605 1491 καὶ
664 1436 846 1517 ψυχὰς
900 1434 1048 1515 ἄγειν
1103 1437 1282 1491 ἱκανὸν
1332 1456 1391 1490 σε
1444 1434 1739 1491 ὑποτίθεται
1783 1433 1927 1489 εἶναι
1964 1451 1978 1465 ·

2066 1346 2341 1429 lentiora,
2374 1356 2548 1429 atque
2607 1349 2783 1411 etiam
2841 1351 3119 1432 supponit
3167 1360 3223 1413 te
3268 1350 3551 1412 idoneum
3584 1369 3721 1412 esse

2066 1437 2139 1498 ad
2172 1438 2504 1500 animarum
2538 1438 2967 1516 directionem;
3003 1449 3165 1519 tunc,
3183 1459 3316 1502 eum
3331 1439 3721 1521 spiritualiter

323 1525 618 1603 κατασχὼν
678 1525 836 1582 αὐτὸν
887 1529 1107 1604 νοερῶς,
1172 1524 1251 1600 μὴ
1294 1523 1432 1605 ἀφῇς
1488 1521 1802 1602 ἀποδράσαι,
1869 1519 1986 1600 εἴγε

2095 1526 2308 1595 istens.
2333 1546 2410 1590 ne
2433 1527 2593 1590 sinas
2613 1527 2804 1606 abire,
2829 1529 3123 1611 siquidem
3146 1519 3405 1611 desuper
3434 1529 3716 1611 accepisti

322 1610 543 1688 δύναμιν
596 1612 783 1678 ἔλαϐες
835 1612 888 1680 ἐξ
943 1613 1131 1694 ὕψους,
1186 1612 1325 1669 οὕτω
1375 1625 1554 1670 ποιεῖν
1588 1628 1602 1641 ⁶
1635 1613 1725 1669 καὶ
1778 1609 1982 1692 λαϐὼν,

2095 1624 2425 1679 potestatem
2464 1617 2525 1679 id
2543 1617 2841 1699 faciendi;
2884 1609 3103 1701 illoque
3125 1609 3452 1701 assumpto,
3482 1609 3721 1699 abiper

323 1701 533 1791 ἄπελθε
574 1708 643 1779 τῇ
684 1701 887 1776 διανοίᾳ
942 1703 997 1760 ἐν
1038 1710 1116 1778 τῷ
1175 1701 1375 1783 δοκεῖν,
1425 1702 1557 1791 προς
1590 1703 1650 1791 τί
1693 1724 1823 1759 ποτε
1880 1723 1985 1759 πε-

2095 1706 2291 1768 uentis
2322 1706 2804 1787 imaginationem
2857 1709 2930 1770 ad
2981 1710 3216 1790 aliquod
3265 1718 3568 1791 peccatum
3599 1718 3719 1769 ate

322 1790 630 1870 πραγμένον
660 1815 744 1850 σοι
774 1791 973 1872 φαῦλον
1007 1806 1022 1823 ⁶
1055 1794 1145 1849 καὶ
1198 1801 1354 1851 τοῦτο
1401 1789 1521 1848 κατ’
1585 1790 1809 1849 ἐνώπιον
1854 1791 1984 1848 ἀπο·

2095 1796 2210 1857 »Ιίῐη
2246 1796 2655 1865 commissum.
2708 1805 2766 1858 et
2817 1799 2930 1860 hoc
2982 1789 3363 1861 manifestans
3393 1814 3590 1860 coram
3624 1815 3718 1875 eo,

328 1878 615 1957 γυμνώσας
659 1881 839 1955 αὐτοῦ,
890 1881 1006 1937 εἰπὲ
1065 1881 1199 1960 πρὸς
1245 1880 1401 1939 αὐτόν
1434 1898 1450 1914 ⁶
1485 1881 1544 1937 Εἰ
1574 1882 1621 1937 οἱ
1665 1880 1732 1936 τὰ
1771 1889 1987 1938 τοιαῦτα

2095 1884 2172 1947 lic
2201 1885 2293 1947 ei:
2331 1905 2359 1947 ι
2394 1885 2484 1948 Αη
2518 1886 2618 1967 qui
2679 1886 2814 1947 talia
2869 1887 3112 1962 faciunt,
3148 1886 3312 1966 digni
3347 1894 3485 1948 sunt
3513 1884 3613 1967 qui
3644 1884 3718 1947 ad

324 1968 649 2046 πράσσοντες
688 1967 821 2035 ἄξιοί
878 1970 1005 2026 εἰσιν
1075 1971 1150 2033 εἷς
1203 1975 1442 2026 τοιοῦτον
1538 1967 1778 2026 ἀνελθεῖν
1821 1989 1989 2048 προε-

2095 1983 2303 2036 ηειηιιιιη
2330 1975 3453 2056 praaeminentizelastigiumeleventur,
3478 1994 3552 2037 an
3583 1974 3720 2036 ido-

327 2055 473 2137 δρίας
544 2056 699 2134 ὕψος,
773 2061 862 2116 καὶ
918 2060 1087 2116 ἱκανοί
1138 2080 1221 2116 σοι
1294 2055 1535 2115 δοκοῦσιν
1592 2056 1740 2136 ἄγειν
1784 2058 1987 2138 ψυχὰς,

2095 2064 2174 2127 ιθὶ
2203 2063 2312 2126 tibi
2337 2055 2516 2125 ’viden
2550 2083 2620 2124 ur
2662 2065 2733 2125 ad
2788 2065 3166 2144 dirigendum
3219 2068 3472 2146 animas,
3505 2082 3725 2145 easque

330 2149 421 2204 καὶ
476 2149 763 2228 προσάγειν
821 2146 1160 2225 σεσωσμένας
1232 2154 1488 2227 Χριστῷ,
1551 2149 1624 2202 Σὺ
1682 2145 1746 2202 ἂν
1801 2144 1988 2223 εἴπῃς,

2095 2153 2266 2214 :alvas
2296 2153 2713 2221 adducendum
2748 2154 2981 2217 Christo
3014 2154 3039 2217 ’ἰ
3067 2155 3154 2218 Tu
3186 2155 3304 2226 dic,
3340 2144 3727 2235 equidemisi-

328 2236 440 2315 ἐγὼ
467 2237 566 2316 γὰρ
620 2239 833 2298 σιωπῶ.
884 2237 975 2305 Μὴ
1037 2235 1183 2318 ἔχων
1241 2236 1349 2294 οὖν
1386 2236 1590 2299 ἐκεῖνος
1646 2236 1994 2316 ἀποκριθῆναί

329 2326 415 2382 σοί
456 2347 529 2397 τι,
562 2327 634 2390 ὡς
680 2327 886 2390 καπνὸς
936 2327 1038 2382 ὑπὸ
1093 2326 1352 2406 αἷσχὺνης
1405 2326 1684 2405 οἰχήσεται
1719 2341 1733 2357 ⁰
1780 2325 1868 2381 καὶ
1900 2326 1994 2381 οὒκ

329 2414 408 2472 ἔτι
437 2414 573 2490 μετὰ
622 2412 893 2488 δυνάμεως
945 2413 1176 2495 ὀχλήσει
1219 2436 1327 2477 σοι.
1381 2416 1441 2472 Εἰ
1489 2412 1543 2470 δέ
1591 2437 1642 2470 τι
1674 2413 1991 2494 πεπραγμέ-

330 2527 445 2584 νον,
508 2504 545 2570 ἢ
580 2522 594 2538 ⁹
654 2502 973 2584 λελεγμένον
1002 2509 1106 2561 τῶν
1151 2503 1364 2585 φαύλων
1414 2508 1504 2564 οῦκ
1558 2502 1668 2560 ἔστι
1726 2526 1833 2578 σοι,
1892 2508 1991 2570 τῆς

331 2592 688 2672 ὑπερκοσμίου
744 2596 889 2664 ζωῆς
959 2613 1078 2673 σου,
1139 2592 1236 2648 κᾶν
1295 2605 1420 2657 ταῖς
1478 2591 1723 2657 ἐντολαῖς
1781 2593 1990 2671 ἑαυτὸν,

330 2682 423 2738 καὶ
479 2694 598 2746 τοῖς
654 2681 888 2749 πάθησιν
932 2681 1280 2759 ἀντιπαράθες
1332 2688 1426 2738 τοῦ
1481 2681 1670 2760 Κυρίου
1702 2697 1716 2711 ⁶
1750 2683 1840 2739 καὶ
1900 2703 1993 2739 το-

333 2776 520 2827 σοῦτον
582 2770 771 2827 ἑαυτὸν
829 2771 1068 2849 εὑρήσεις
1123 2775 1217 2826 τοῦ
1273 2768 1474 2827 τελείου
1544 2769 1992 2846 ἀπολειπόμενον,

331 2858 447 2933 ὅσῳ
539 2857 910 2939 κολυμϐήθραν
992 2857 1194 2919 ὑδάτων
1279 2859 1713 2936 ἀπολειπομένην
1789 2858 1991 2921 θαλάσ-

2078 2244 2191 2305 leo.
2241 2267 2263 2297 υ
2302 2240 2459 2303 Nihil
2487 2241 2713 2303 habens
2772 2241 2872 2305 ille
2918 2244 3075 2324 quod
3110 2244 3213 2305 tibi
3246 2243 3628 2324 respondeat,
3661 2248 3731 2304 ut

2074 2332 2270 2394 fumus
2291 2349 2424 2392 cum
2461 2330 2688 2411 pudore
2713 2341 3051 2409 evanescet,
3082 2352 3192 2395 nec
3222 2332 3481 2412 amplius
3514 2343 3569 2393 te
3598 2332 3723 2393 for-

2077 2421 2214 2482 titer
2230 2417 2507 2481 turbabit.
2533 2418 2696 2491 Quod
2721 2419 2769 2481 si
2792 2421 2939 2482 nihil
2981 2422 3120 2483 mali
3146 2422 3360 2484 feceris
3376 2429 3475 2482 aut
3502 2419 3725 2482 dixeris

2076 2510 2137 2571 in
2167 2508 2280 2570 vita
2311 2517 2407 2569 tua
2438 2525 2580 2572 vere
2610 2508 2858 2582 caelesti,
2882 2510 3270 2572 nihilominus
3298 2510 3552 2590 teipsum
3583 2528 3729 2571 con.

2077 2599 2163 2661 fer
2186 2596 2498 2680 praceptis
2519 2605 2578 2658 et
2601 2597 2975 2678 passionibus
2996 2598 3256 2674 Domini,
3273 2597 3730 2680 tequeinvenies

2080 2697 2237 2750 tanto
2269 2706 2303 2749 a
2336 2686 2703 2768 perfectione
2752 2688 3160 2768 deficientem,
3195 2699 3412 2770 quanto
3443 2706 3728 2768 aquarum

2080 2777 2308 2860 piscina
2336 2776 2636 2857 discrepat
2663 2796 2697 2838 a
2723 2778 2871 2839 mari
2899 2797 2914 2842 :
2969 2777 3201 2859 justitia
3231 2778 3393 2841 enim
3421 2777 3728 2839 hominum

2079 2875 2301 2931 tantum
2334 2864 2513 2928 distat
2544 2884 2578 2927 a
2600 2866 2832 2946 justitia
2866 2867 2991 2940 Dei,
3018 2876 3304 2948 quantum
3323 2866 3731 2948 magnitudine

333 2970 459 3016 σης.
528 2939 590 3006 (Η
634 2950 734 3029 γὰρ
806 2946 1112 3016 δικαιοσύνη
1200 2954 1304 3005 τῶν
1398 2949 1683 3029 ἀνθρώπων
1763 2950 1999 3022 τοσούτῳ

2095 2957 2280 3019 lit’fert
2312 2962 2468 3017 terra
2490 2973 2524 3016 a
2552 2939 2702 3017 coelo
2734 2965 2794 3019 et
2825 2939 3086 3020 musca-a
3113 2959 3308 3021 leone.

334 3040 439 3104 της
497 3035 834 3106 δικαιοσύνης
918 3037 1262 3095 ἀπολείπεται
1346 3045 1438 3095 τοῦ
1513 3046 1665 3111 Θεοῦ,
1750 3037 1875 3095 ὅσον
1926 3039 1999 3102 εἷς

335 3125 562 3225 μέγεθρς
592 3128 628 3195 ἡ
673 3132 744 3205 γῆ
776 3136 871 3186 τοῦ
913 3127 1155 3206 ούρανοῦ,
1207 3128 1297 3184 καὶ
1327 3130 1355 3184 ὁ
1390 3126 1588 3203 κώνωψ
1632 3133 1724 3185 τοῦ
1763 3126 1999 3192 λέοντος.

339 3313 501 3377 Θεοῦ,
576 3303 1009 3380 ἀπολειπομένην
1080 3304 1197 3379 ἕψει
1255 3309 1354 3373 τῆς
1406 3305 1701 3385 προθέσεως
1757 3307 1857 3372 τὴν
1913 3311 2007 3361 τοῦ

339 3394 587 3468 σώματος
666 3390 911 3469 δύναμιν.
983 3393 1054 3451 Οὔ
1131 3395 1230 3472 γὰρ
1288 3392 1403 3451 ’ἐστι
1471 3394 1627 3473 κόρος
1698 3398 1766 3470 τῇ
1821 3393 2007 3449 τούτου

345 3480 583 3558 προθέσει
630 3481 685 3538 ἐν
726 3484 909 3547 πόνοις
964 3483 1052 3539 καὶ
1106 3479 1313 3561 ἱδρῶσιν
1373 3481 1650 3552 ἀσκήσεως
1686 3496 1699 3511 ⁸
1734 3480 1871 3537 κατὰ
1909 3480 2008 3558 γὰρ

349 3570 471 3633 τοὺς
509 3569 620 3628 λίαν
691 3570 957 3647 διψῶντας
1028 3570 1384 3647 διακείμενος,
1428 3572 1490 3627 τὸ
1533 3568 1745 3633 διακαὲς
1814 3569 2004 3649 αὐτῆς,

350 3662 447 3716 οὒκ
473 3656 578 3717 ἔστι
606 3662 667 3717 τὸ
724 3664 1012 3740 θεραπεῦον
1070 3662 1143 3725 εἰς
1199 3660 1355 3740 κόρον
1404 3675 1417 3689 ⁰
1480 3657 1617 3714 ἀλλά
1689 3655 1773 3717 διὰ
1826 3657 2006 3723 πάσης

344 3746 549 3828 ἡμέρας
592 3771 650 3805 τε
704 3751 794 3806 καὶ
843 3751 1027 3813 νυκτὸς
1075 3746 1203 3825 διψᾷ
1250 3750 1311 3805 τὸ
1356 3762 1566 3828 πονεῖν,
1627 3750 1715 3805 καὶ
1761 3752 1828 3823 τῇ
1858 3743 2009 3801 δυνά-

343 3858 433 3915 μει
461 3844 555 3894 τοῦ
580 3837 829 3913 σώματος
886 3837 1130 3906 ἥττηται.
1166 3838 1336 3913 Οἶμαι
1393 3836 1448 3894 δέ
1518 3836 1598 3894 ὅτι
1641 3844 1718 3912 τῷ
1756 3838 2010 3916 ὑπερφυεῖ

344 3927 518 4001 τούτῳ
579 3928 733 3984 πάθει
793 3929 881 3984 καὶ
951 3931 999 3984 οἱ
1041 3935 1135 3986 τοῦ
1190 3934 1416 4007 Χριστοῦ
1487 3927 1744 4006 μάρτυρες
1800 3946 2008 4005 κρατη-

338 4016 542 4090 θέντες,
613 4022 719 4073 τῶν
788 4017 1031 4094 βασάνων
1088 4018 1182 4074 οὒκ
1239 4016 1600 4095 έπῇσθάνοντο
1643 4032 1657 4046 ’
1706 4015 1795 4071 καὶ
1852 4013 2009 4094 κόρον

343 4110 442 4165 οῦκ
470 4107 634 4186 εἶχον
686 4106 905 4171 ταύταις
970 4104 1416 4186 προσομιλοῦντες
1453 4122 1466 4136 °
1508 4102 1626 4162 ἀλλ’
1670 4104 1854 4160 ἐνίκων
1927 4103 2013 4160 αύ-

344 4196 429 4253 τοὶ
487 4194 702 4260 ἑαυτοὺς
759 4201 837 4271 τῷ
892 4193 1103 4253 διακαεϊ
1158 4197 1288 4275 πρὸς
1349 4197 1478 4253 Θεὸν
1532 4192 1711 4273 ἔρωτι,
1784 4193 1872 4248 καὶ
1934 4192 2014 4248 ἀεὶ

346 4280 807 4358 ἀπολειπομένους
865 4283 1060 4363 ἑώρουν
1106 4289 1204 4351 τῆς
1259 4285 1391 4364 πρὸς
1424 4285 1484 4340 τὸ
1543 4284 1734 4339 παθεῖν
1783 4278 2014 4359 ἐμπύρου

348 4371 650 4452 προθέσεως
661 4418 673 4430 .

597 3213 657 3273 Ὀ
688 3202 791 3280 ⁷εἰς
848 3202 1005 3293 βάθος
1059 3216 1277 3297 τρωθεὶς
1333 3217 1433 3273 ὑπὸ
1490 3202 1590 3284 τῆς
1643 3216 1856 3295 ἀγάπης
1913 3223 2005 3272 τοῦ

2168 3217 2267 3279 82.
2295 3216 2405 3290 Qui
2424 3216 2661 3300 penitus
2683 3216 3025 3280 vulneratus
3048 3226 3137 3279 est
3170 3236 3372 3279 amore
3394 3216 3527 3291 Dei,
3551 3213 3735 3276 animi

2088 3306 2389 3369 voluntate
2422 3308 2686 3369 minores
2743 3305 2922 3367 habet
2976 3309 3244 3388 corporis
3301 3307 3476 3368 vires.
3536 3302 3602 3366 In
3633 3321 3741 3364 sua

2091 3395 2249 3457 enim
2273 3396 2572 3457 voluntate
2594 3395 2774 3457 nullis
2794 3395 2957 3457 satiat
2975 3416 3043 3457 ur
3065 3394 3368 3457 laboribus
3392 3391 3740 3455 sudoribus-

2091 3502 2206 3564 que
2236 3483 2459 3546 ascesis
2490 3502 2503 3547 :
2569 3484 2864 3565 siquidem
2898 3484 3113 3546 similis
3145 3492 3234 3546 est
3264 3501 3472 3545 eorum
3502 3481 3605 3562 qui
3633 3497 3737 3541 ve—

2090 3573 2356 3635 hementi
2385 3580 2634 3635 aestuant
2663 3574 2786 3646 siti,
2819 3573 3220 3654 ardoremque
3242 3571 3559 3634 voluntatis
3588 3567 3742 3631 nihil

2090 3662 2465 3740 exstinguere
2488 3670 2683 3742 potest
2703 3662 2772 3722 ad
2796 3662 3150 3728 satietatem.
3175 3661 3279 3724 sed
3312 3660 3412 3722 diu
3445 3665 3742 3741 noctuque

2090 3750 2216 3813 sitit
2250 3749 2539 3832 laborem,
2575 3760 2632 3813 et
2664 3750 2884 3813 viribus
2914 3752 3181 3832 corporis
3211 3749 3411 3814 deﬁcit
3467 3748 3746 3810 Arbitror

2091 3848 2286 3902 autem
2321 3858 2445 3921 sup'
2473 3841 2836 3902 ruaturalem
2884 3843 3037 3902 hanc
3086 3841 3425 3921 passionem
3458 3846 3747 3916 martyres

2095 3928 2312 3991 Christi
2344 3930 2706 3991 dominatam
2768 3932 2970 4004 fuisse,
3033 3929 3269 4011 quando
3303 3934 3596 3992 cruciatus
3627 3945 3746 3987 non

2093 4018 2452 4091 sentiebant,
2482 4037 2592 4081 nec
2614 4018 2814 4081 satiari
2836 4027 3105 4100 poterant
3132 4019 3203 4079 iis
3225 4019 3619 4091 adhaerentes,
3639 4015 3741 4076 sed

2094 4108 2329 4189 seipsos
2361 4107 2675 4171 vincebant
2701 4109 2950 4171 ardente
2980 4108 3041 4171 in
3076 4112 3262 4172 Deum
3295 4126 3522 4183 amore,
3557 4126 3748 4188 seque

2097 4216 2340 4279 semper
2368 4197 2749 4260 inveniebant
2775 4198 3036 4280 impares
3063 4198 3348 4262 voluntati
3366 4198 3425 4261 in
3450 4196 3751 4261 cruciatus

2098 4286 2366 4366 ﬂagranti

431 4451 552 4539 πγ’.
601 4453 658 4519 ιΟ
710 4463 921 4543 έαυτδν,
978 4462 1089 4520 καθ’
1155 4466 1275 4519 οἷον
1331 4459 1394 4531 δή
1450 4482 1570 4517 τινα
1625 4461 1842 4538 τρόπον.
1911 4459 2005 4514 τινῖ

2180 4455 2278 4533 83,
2316 4455 2430 4528 Qui
2486 4456 2748 4537 seipsum
2802 4476 3181 4537 quorumque
3238 4455 3415 4517 modo
3444 4461 3750 4534 comparat

350 4555 707 4629 παραμετρῶν
817 4553 922 4606 τῶν
1033 4548 1470 4625 σονασκουμένων
1505 4597 1518 4619 ,
1621 4547 1658 4615 ἢ
1753 4547 2015 4603 συνόντων

354 4640 500 4713 αύττῷ
582 4636 845 4719 ἀδελφῶν,
944 4637 1137 4705 λέληθε
1194 4643 1572 4725 ψφρεναπαττυν
1661 4637 1866 4708 ἑαυτὸν,
1927 4635 2017 4691 καὶ

350 4725 507 4793 ξένην
538 4734 668 4784 Θεοῦ
697 4724 941 4804 βαδίζων,
989 4725 1131 4787 ὁδόν.
1198 4726 1253 4784 Ἠ
1305 4728 1405 4806 γὰρ
1450 4727 1635 4782 ἑαυτὸν
1694 4727 1722 4781 ὁ
1778 4730 2016 4789 τοιοῦτος

352 4821 451 4875 οὒκ
498 4814 655 4894 ἔγνω,
700 4818 737 4884 ἦ
794 4822 893 4884 τῆς
950 4818 1211 4898 φερούσης
1270 4816 1584 4895 παρετράπη
1657 4816 1788 4893 πρὸς
1854 4817 2015 4893 οὐρα-

354 4905 500 4979 νοὺς,
556 4905 622 4972 ἣν
707 4908 753 4963 οἱ
824 4904 1103 4963 σπουδαῖοι
1188 4903 1642 4980 καταϐεϐλημένρ
1717 4904 2017 4983 φρονήματι

355 4990 637 5073 τρϐχουσι,
716 4995 805 5050 καὶ
869 4992 935 5050 δι’
985 4996 1052 5061 ἧς
1128 5001 1235 5050 τῶν
1312 4991 1547 5072 παγίδων
1606 4991 2017 5071 ὑπεριπτάμενοι

355 5085 452 5140 τοῦ
482 5084 674 5163 ἐχθροῦ
730 5085 802 5148 εἷς
862 5085 1053 5151 νοητὸν
1113 5082 1242 5163 ἀέρα
1296 5081 1537 5160 πτέρυξιν
1584 5080 1836 5145 ἀπαθείας
1894 5102 2019 5160 χω-

357 5182 529 5253 ροῦσι,
561 5173 735 5229 καὶέν
780 5185 1060 5253 φωτεινοτς
1110 5172 1423 5252 ἐνεαρίζουσι
1469 5172 1656 5234 τόποις
1701 5191 2020 5249 μετριοφρο-

362 5262 528 5328 σύνης
555 5260 980 5339 κεκοσμημένοι.

442 5340 557 5414 πδ’,
614 5341 667 5410 Ὀ
729 5350 1132 5432 πεφυσιωμένος
1174 5352 1260 5408 καὶ
1306 5352 1476 5421 οἰήσει
1524 5350 1619 5414 τάς
1670 5348 1863 5429 φρένας
1894 5347 2019 5415 ἐξα-

359 5439 701 5515 πατώμενος,
759 5440 951 5497 οόποτε
1002 5439 1373 5502 ταπεινώσεως
1431 5438 1488 5494 ἐν
1529 5438 1663 5518 φωτὶ
1692 5436 2021 5503 κατανύξεως

358 5529 682 5596 ἐπιτεύξεται
741 5530 989 5612 χάριτος,
1038 5527 1106 5587 δι’
1152 5532 1219 5597 ἧς
1289 5526 1685 5609 ἐπιϐραϐεύεται
1755 5535 1868 5609 φῶς
1922 5550 2022 5586 σο-

358 5619 483 5700 φίας
544 5625 676 5677 Θεοῦ
723 5635 842 5684 τοῖς
898 5621 996 5687 τὴν
1055 5617 1267 5698 καρδίαν
1326 5617 1813 5698 συντετριμμένοις,
1887 5620 2025 5676 κατὰ

359 5708 422 5764 τὸ
452 5707 886 5788 γεγραμμένονη
922 5728 953 5767 ι
1001 5705 1091 5765 Ἐν
1138 5714 1217 5783 τῷ
1241 5707 1376 5787 φωτί
1404 5729 1498 5764 σου
1527 5706 1767 5784 ὀψόμεθα
1796 5711 1908 5788 ιρῶς
1943 5724 1957 5738 ⁸
1992 5732 2019 5764 η

444 5867 503 5918 27
533 5866 691 5931 Psal.
727 5884 906 5947 xxxv,
949 5866 1044 5932 10.

2100 4545 2276 4607 alicui
2309 4545 2556 4606 fratrum
2616 4547 2714 4626 qui
2768 4564 2966 4607 secum
3028 4554 3452 4607 conversautur
3500 4543 3751 4604 vitamve

2101 4642 2282 4710 agunt
2310 4633 2659 4707 asceticam,
2695 4633 2958 4695 animum
3011 4653 3183 4695 suum
3240 4633 3463 4695 inscius
3491 4631 3655 4705 fallit,
3692 4641 3755 4692 et

2102 4722 2358 4783 alienam
2391 4741 2425 4783 a
2459 4720 2579 4783 Deo
2614 4722 2911 4801 percurrit
2965 4723 3140 4783 viam.
3205 4721 3309 4783 Vel
3345 4721 3505 4783 enim
3537 4720 3749 4800 hujus-

2103 4811 2264 4872 modi
2297 4810 2384 4871 vir
2425 4830 2491 4872 se
2550 4830 2667 4872 non
2725 4830 2943 4889 cognos
2980 4812 3048 4885 it,
3111 4812 3200 4873 vel
3261 4808 3755 4873 decliuavitavia

2101 4900 2359 4961 (lucente
2402 4898 2475 4960 ad
2520 4900 2759 4970 coelum,
2825 4919 2999 4980 quam
3057 4900 3357 4961 fetventes
3410 4898 3756 4959 conculcata

2102 4989 2382 5070 superbia
2411 5011 2420 5054 :
2450 4998 2784 5064 ercurrunt,
2821 4997 2878 5050 et
2908 5008 3015 5069 per
3043 5009 3220 5069 quam
3248 4987 3496 5050 insidias
3526 4986 3754 5048 inimici

2103 5084 2547 5159 supervolantes
2577 5078 2690 5139 alis
2739 5078 3234 5158 impassihihtatis
3291 5078 3352 5138 in
3383 5075 3753 5156 spiritualem

2103 5186 2307 5230 aerem
2340 5166 2642 5246 festinant,
2678 5176 2735 5229 et
2764 5168 2823 5228 in
2858 5167 3069 5229 lucidis
3099 5175 3346 5229 vernant
3375 5166 3520 5229 locis
3543 5165 3755 5226 mode-

2103 5258 2212 5319 stiu
2246 5259 2466 5321 ornati.

2186 5348 2288 5412 84.
2323 5348 2435 5421 Qui
2470 5354 2654 5408 tumet
2682 5364 2750 5407 ac
2801 5349 3266 5427 przesumptione
3298 5346 3558 5408 mentem
3590 5362 3758 5406 suam

2106 5438 2276 5519 fallit,
2305 5455 2604 5518 nunquam
2634 5435 2979 5498 humilitatis
3019 5437 3081 5498 in
3107 5439 3234 5499 luce
3256 5435 3505 5514 gratiam
3540 5451 3755 5495 conse-

2107 5536 2324 5609 quetur
2376 5525 2874 5606 compunctionis,
2936 5544 3248 5608 perquam
3310 5522 3637 5606 acquiritur
3667 5521 3763 5583 lux

2107 5615 2416 5699 sapientiae
2441 5614 2708 5677 contritis
2726 5614 2928 5691 corde,
2965 5613 3435 5696 sicutscriptum
3473 5619 3598 5675 est:
3639 5633 3666 5669 ‹
3699 5612 3763 5672 ln

2108 5705 2338 5769 lumine
2370 5711 2467 5768 tuo
2499 5701 2837 5766 videbimus
2868 5704 3066 5767 lumen
3097 5703 3157 5755 ‘37
3189 5723 3218 5764 ι)
3264 5723 3281 5781 ;
3312 5703 3415 5767 sed
3449 5720 3561 5764 nox
3593 5700 3761 5767 illum
