4126 6374
368 421 486 490 893
1352 424 1898 488 PRACTICORUM
1941 421 2283 485 CAPITUM
2326 420 2723 487 CENTURIA
2766 420 2794 482 Ι
3644 408 3764 475 894

366 557 403 625 ἢ
459 559 589 637 πρὸς
645 556 971 639 ἀδδηφαγίαν
1037 560 1126 615 καὶ
1199 558 1355 637 κόρον
1423 556 1758 623 ἐκκλίναντος
1814 559 1905 614 τὸν
1962 562 2003 614 τὲ

2114 554 2484 616 saturitatem
2502 553 2744 616 inclinat
2767 569 2983 633 corpus
3000 547 3353 639 naturaliter
3363 544 3535 639 nobis
3549 543 3760 639 inimi-

367 632 515 725 φύσεί
545 632 824 722 πολέμιον,
851 632 1173 726 ’λναγκαϊον
1232 632 1321 703 οῦν
1370 659 1489 712 τοῖς
1550 668 1611 703 ττ
1669 649 1802 727 πρὸς
1832 648 2003 727 ἀρετὴι

2109 661 2269 704 cum.
2297 642 2647 706 Necessaria
2668 642 2844 721 igitur
2860 632 3257 721 temperantia
3272 632 3764 727 etinchoantibus

368 724 745 815 εἰσαγωγικοϊς
799 737 834 805 ἡ
881 724 1181 816 ἐγκράτεια,
1235 736 1323 793 καὶ
1378 738 1501 802 τοῖς
1558 724 1805 817 ὑπὲρήτὸ
1862 724 2003 813 μέσοι

2108 731 2258 793 viam
2308 733 2540 795 virtutis
2570 742 2628 794 et
2657 732 2731 794 iis
2762 730 2864 813 qui
2903 732 3028 811 jam
3060 727 3237 790 stadii
3267 724 3527 817 medium
3561 731 3761 817 trans-

365 826 488 889 τοὺς
557 825 768 903 ἀγῶνας
827 824 1199 901 μεταθεμένοις
1261 828 1336 890 εἰς
1400 826 1500 894 τὴν
1556 826 1856 905 ἀκροτάτην
1924 832 2022 894 τῆς

360 913 579 993 θεωρίας
636 910 898 971 ἐπίϐασιν.
973 914 1153 988 Μέτηρ
1213 915 1313 993 γὰρ
1403 914 1580 994 ὑγείας
1654 914 1812 988 αὕτη,
1895 914 2021 995 φίλη

362 1006 462 1070 τῆς
493 1002 727 1085 ἁγνείας,
757 1005 846 1060 καὶ
873 1005 1358 1085 ταπεινοφροσύνης
1389 1004 1560 1082 ἀγαθὴ
1591 1005 1855 1069 σύνευνος.

525 1082 535 1101 ⁹
714 1082 743 1112 ⁷ι
1066 1093 1079 1111 ι
1110 1082 1143 1085 ’⁷
1180 1092 1194 1105 ο
1265 1093 1277 1111 ι
1470 1090 1496 1113 Ἰ
1704 1094 1719 1115 \
1757 1092 1780 1111 κ
1874 1100 1900 1111 ι..

444 1095 512 1150 πθ
539 1139 555 1154 .
595 1104 788 1161 Διττην
833 1093 974 1149 εἶναι
1026 1114 1124 1160 την
1172 1096 1429 1151 απαθειαν
1475 1096 1603 1166 ισθι,
1635 1116 1722 1150 και
1751 1108 1939 1158 οιττως
1967 1095 2019 1150 ἐν

361 1185 480 1246 τοῖς
539 1179 837 1246 σπουδαίοις
894 1180 1126 1256 μάλιστα
1187 1182 1441 1258 γίνεσθαι.
1513 1182 1611 1240 Καὶ
1658 1188 1867 1262 πρῶτον
1921 1184 2021 1259 μὲν

361 1271 468 1328 ἀπὸ
496 1277 593 1328 τοῦ
638 1269 822 1335 τέλους
886 1275 985 1337 τῆς
1028 1269 1332 1349 ἐμπράκτου
1378 1269 1687 1352 φιλοσοφίας
1736 1273 1770 1340 ἡ
1802 1274 2018 1352 πρώντη

361 1361 562 1439 γίνεται
631 1373 750 1424 τοῖς
812 1357 1110 1424 σπουδαίοις
1186 1359 1434 1426 ἀπάθεια,
1505 1358 1624 1427 ἥτις
1680 1361 1743 1417 ἐκ
1795 1363 2020 1438 νομίμου

362 1448 638 1519 ἀθλήσεως
724 1461 844 1512 τοῖς
964 1448 1146 1512 πόνοις
1249 1446 1597 1528 πολυτρόπως
1679 1451 2015 1529 προκόψασα,

361 1545 576 1618 νεκροῦν
633 1537 729 1613 μὲν
788 1535 933 1594 οἶδεν
988 1539 1174 1594 αὔτικα
1227 1538 1292 1593 τὰ
1332 1539 1498 1612 πάθη,
1559 1538 1646 1596 καὶ
1710 1540 1803 1605 τὰς
1852 1542 2017 1619 ὁρμὰς

358 1631 459 1695 τῆς
542 1629 734 1708 σαρκὸς
792 1627 1090 1706 ἀπράκτους
1146 1631 1294 1700 ἱστᾷν
1326 1644 1342 1659 ⁶
1375 1631 1634 1686 κινεῖσθαι
1692 1626 1747 1685 δὲ
1796 1631 1927 1709 πρὸς
1955 1632 2017 1687 τὸ

358 1718 494 1775 κατὰ
524 1718 676 1798 φύσιν
719 1718 815 1780 τας
842 1721 941 1784 τῆς
988 1721 1174 1797 ψυχῆς
1231 1716 1477 1793 δυνάμεις
1530 1731 1680 1775 ποιεῖ
1731 1737 1745 1753 ⁸
1795 1721 1885 1777 καὶ
1925 1721 2014 1777 τὸν

359 1814 479 1885 νοῦν
511 1806 564 1862 ὲν
596 1805 795 1883 μελέτῃ
826 1812 934 1863 τῶν
986 1808 1136 1864 θε’ων
1169 1808 1304 1884 μετὰ
1353 1807 1612 1873 συνέσεως
1660 1809 2010 1885 ἀποκαθιστᾷ,

2106 822 2293 899 gressi
2310 822 2639 884 tendunlad
2661 811 2958 882 summum
2974 812 3492 898 contemplationis
3505 811 3758 893 apicem.

2105 908 2211 972 Illa
2268 912 2428 973 enim
2487 922 2577 974 est
2626 922 2816 973 mater
2854 908 3146 982 sanitatis,
3199 902 3491 969 castitatis
3538 899 3751 975 amica,

2105 1002 2330 1084 optima
2360 1000 2712 1068 humilitatis
2737 1001 3200 1067 contubernalis.

2185 1093 2283 1155 89.
2304 1095 2610 1175 Duplicem
2625 1092 3311 1175 esseimpassibilitatem
3326 1087 3759 1175 scito,eamque

2105 1180 2328 1262 duplici
2360 1173 2683 1263 praesertim
2718 1173 2894 1246 modo
2926 1206 2960 1244 ει
2992 1179 3362 1245 ferventibus
3391 1173 3644 1256 acquiri.
3684 1174 3758 1236 Et

2106 1271 2298 1351 primo
2329 1273 2569 1353 quidem
2593 1293 2626 1334 a
2662 1273 3026 1354 perfectione
3066 1269 3341 1351 practicze
3364 1263 3757 1346 philosophias

2105 1359 2295 1439 prima
2325 1362 2442 1422 fert
2462 1363 2697 1424 antibus
2727 1363 2982 1423 inoritur
3012 1355 3485 1439 impassibilitas,
3519 1371 3653 1433 quae
3684 1370 3754 1413 ex

2102 1448 2363 1528 legitima
2394 1451 2549 1512 lucta
2579 1453 2779 1513 multis
2828 1450 3132 1512 laboribus
3185 1462 3520 1529 progressa,
3553 1440 3751 1503 statim

2102 1539 2456 1617 cupiditates
2472 1543 2693 1621 optime
2719 1542 3055 1612 mortificat,
3077 1540 3333 1618 impetus
3345 1533 3541 1596 carnis
3556 1530 3756 1593 reddit

2100 1626 2463 1704 inefﬁcaces,
2497 1628 2801 1691 facultates
2831 1647 3045 1691 annuae,
3095 1635 3159 1688 ut
3208 1622 3535 1687 secundum
3569 1627 3749 1680 natu-

2097 1734 2225 1778 ram
2286 1727 2640 1781 moveantur
2691 1719 2895 1794 efficit,
2983 1726 3364 1795 mentemque
3417 1711 3489 1772 ad
3548 1725 3748 1770 rerum

2099 1805 2435 1869 divinarum
2471 1809 2917 1871 meditationem
2949 1805 3232 1870 restituit.
3288 1800 3515 1867 Deinde
3543 1797 3617 1860 ab
3647 1797 3747 1858 in-

361 1878 579 1954 νΕπειτα
623 1896 730 1953 ἀπὸ
771 1878 897 1963 ἰτῆς
966 1878 1181 1976 ἀρχῆς-
1214 1902 1314 1964 τῆς
1399 1903 1626 1980 φυσικῆς
1680 1900 1922 1980 θεωρίας,
1968 1878 2003 1956 ’ὖ

2099 1896 2415 1959 choatione
2446 1899 2731 1960 naturalis
2762 1898 3007 1960 theoriaa
3034 1893 3296 1957 secunda
3347 1900 3404 1952 et
3429 1886 3751 1970 perfectior

357 1984 570 2065 δευτέρα
651 1987 739 2044 καὶ
825 1986 1122 2066 τελειοτέρα
1210 1994 1387 2066 σοφῶς
1454 1990 1638 2052 αὐτοῖς
1696 1989 2004 2068 ἐπιγίνεται,

2102 1984 2223 2047 illis
2253 1997 2694 2068 peropportune
2725 1987 3068 2069 supervenit
3116 1980 3584 2065 impassibilitas,
3617 1994 3749 2058 qua

363 2073 478 2143 ἥτις
533 2074 594 2132 ὲκ
635 2082 817 2156 νοερᾶς
875 2077 1104 2156 ἡσυχίας
1175 2082 1281 2132 τῶν
1324 2075 1620 2155 λογισμῶν,
1680 2085 1753 2142 εἰς
1810 2081 2003 2159 εἰρηνι-

2101 2093 2133 2135 e
2155 2075 2446 2156 spirituali
2473 2077 2894 2155 cogitationum
2914 2076 3188 2159 quretead
3214 2072 3520 2154 pacificum
3545 2075 3748 2159 evecta

354 2165 458 2233 κήν
514 2172 607 2222 τοῦ
646 2167 769 2229 νοὸς
819 2165 1160 2241 ἀνυψωθεῖσα
1218 2166 1562 2238 κατάστασιν,
1624 2165 2003 2248 διορατικώτα-

2100 2155 2318 2225 mentis
2350 2174 2590 2248 statum,
2624 2167 2776 2228 hanc
2833 2155 3409 2247 perspicacissimam
3442 2178 3511 2248 ac
3545 2155 3744 2248 provi-

355 2255 446 2311 τὸν
488 2276 545 2311 τε
600 2256 689 2312 καὶ
742 2255 1240 2335 προορατικώτατον
1283 2253 1398 2312 οἶδε
1452 2258 1541 2312 τὸν
1611 2264 1730 2315 νοῦν
1771 2257 2003 2337 ἀπεργά-

2096 2253 2500 2315 dentissimam
2550 2244 2660 2317 scit
2708 2244 3009 2317 reddere:
3072 2247 3651 2335 perspicacissimam
3684 2244 3745 2305 in

354 2347 529 2416 ζεσθαι
604 2361 618 2377 ’
680 2342 1125 2424 διορςιτικώτατον
1196 2346 1313 2421 μὲν,
1386 2346 1441 2403 ἐν
1497 2348 1768 2427 πράγμασι
1826 2349 2003 2423 θείοις,

2096 2341 2272 2403 rebus
2292 2343 2530 2414 divinis,
2552 2344 2692 2405 etin
2721 2344 2974 2405 videndo
2997 2343 3153 2425 quod
3182 2341 3401 2402 bonum
3428 2346 3539 2409 est,
3564 2343 3745 2427 atque

356 2431 410 2490 ἕν
455 2455 513 2491 τε
568 2434 845 2498 ὁπτασίκις
913 2441 1005 2490 του
1073 2435 1392 2516 κρείττονος,
1440 2435 1495 2493 ἕν
1535 2423 1592 2493 τε
1619 2423 2003 2513 *ἀποκαλύψεσι

2099 2431 2158 2493 in
2182 2433 2638 2496 revelationibus
2668 2423 3078 2515 mysteriorum
3105 2431 3249 2507 Dei;
3291 2423 3744 2516 providentissi-

353 2523 657 2602 μυστηρίων
729 2531 861 2584 Θεοῦ
896 2540 909 2554 ⁸
959 2513 1455 2605 προορατικώτατον
1506 2524 1582 2601 δὲ,
1652 2527 1705 2585 ἐν
1760 2530 2003 2609 πράγμα-

2098 2541 2252 2583 mam
2287 2542 2424 2584 vero
2458 2526 2516 2585 in
2575 2513 2755 2585 rebus
2812 2522 3087 2599 humanis
3146 2536 3350 2602 poSIea
3380 2513 3588 2578 futuris
3623 2522 3745 2609 eta

350 2634 435 2668 σιν
495 2613 861 2692 ἀνθρωπίνοις,
927 2602 1186 2693 μακρόθεν
1244 2613 1557 2694 ἐρχομένοις
1612 2618 1700 2673 καὶ
1757 2602 2003 2692 μέλλουσι

2096 2611 2266 2692 longe
2291 2613 2687 2675 venientibus.
2713 2613 2777 2676 In
2797 2613 2898 2675 illa
2916 2621 3112 2675 autem
3145 2609 3366 2691 duplici
3398 2602 3742 2686 impassibi-

349 2703 580 2781 γίνεσθαι
615 2721 631 2737 ·
664 2701 718 2759 ἐν
747 2707 842 2767 αἷς
887 2701 942 2759 ἓν
989 2705 1078 2759 καὶ
1134 2705 1197 2762 τὸ
1250 2706 1377 2761 αὐτὸ
1428 2714 1635 2780 πνεῦμα
1662 2707 1725 2762 τὸ
1768 2706 2003 2786 ἐνεργοῦν

2096 2700 2252 2763 litate
2272 2721 2425 2764 unus
2448 2711 2506 2764 et
2524 2703 2683 2765 idem
2708 2711 2992 2784 operatur
3018 2702 3284 2783 spiritus,
3318 2698 3418 2779 qui
3448 2699 3508 2757 in
3542 2694 3742 2786 priore

349 2791 484 2866 ἐστι,
530 2793 591 2848 τὸ
635 2799 857 2873 κρατοῦν
914 2794 1012 2869 μὲν
1054 2794 1149 2850 καὶν
1196 2792 1419 2874 συνέχον
1473 2795 1611 2851 κατὰ
1638 2785 1756 2863 ’τὴν
1788 2785 2003 2876 πρώτην

2096 2791 2433 2852 moderatur
2462 2800 2522 2853 et
2573 2792 2867 2873 reprimit.
2927 2791 2986 2852 in
3050 2789 3382 2869 posteriore
3409 2804 3546 2847 vero
3581 2785 3742 2845 laxas

347 2880 626 2954 ἀπάθειαν,
673 2880 903 2939 ἀπολύον
947 2880 1028 2961 δὲ,
1086 2883 1221 2939 κατὰ
1262 2883 1362 2951 τὴν
1406 2881 1667 2963 δευτέραν,
1720 2888 1807 2942 καὶ
1850 2886 2002 2944 ἐλευ-

2096 2881 2182 2942 dat
2216 2880 2482 2944 habenas
2513 2890 2573 2945 et
2602 2882 2938 2945 libertatem
2974 2890 3213 2943 aeterna:
3242 2879 3397 2953 vitae,
3432 2886 3496 2938 ut
3529 2877 3741 2937 Paulus

342 2971 516 3053 θερίαν
544 2971 754 3053 αἰωνίου
780 2976 951 3043 ζωῆς,
985 2974 1058 3035 ὡς
1090 2973 1117 3028 ὁ
1151 2970 1357 3036 Παῦλος
1388 2995 1542 3053 φησι,
1894 2964 1899 2977 ’
2085 2964 2349 3051 loquitur
2377 2971 2462 3031 50.
3048 2986 3056 2999 ⁸

428 3048 514 3135 4’.
565 3050 622 3118 Ὀ
664 3065 764 3127 τῆς
808 3060 1061 3124 ἀπαθείας
1109 3048 1415 3127 πλησιάσας
1465 3076 1583 3126 τοῖς
1627 3061 1793 3142 ὅροις,
1847 3067 2000 3145 ὀρθὰς

2165 3048 2266 3141 90,
2303 3059 2411 3133 Qui
2446 3060 2939 3142 impassibilitalis
2972 3058 3189 3120 finibus
3218 3053 3735 3145 apprOpinquavit,

341 3150 441 3224 μὲν
483 3151 602 3229 περὶ
663 3151 794 3207 Θεὸν
851 3150 1074 3212 καὶτὰς
1131 3149 1311 3230 φύσεις
1368 3155 1476 3206 τῶν
1528 3149 1694 3208 ὄντων
1750 3154 2000 3230 ποιουμέο

2096 3157 2283 3211 rectos
2313 3149 2384 3210 ad
2413 3152 2598 3213 Deum
2627 3159 2984 3230 naturasque
3007 3167 3207 3211 rerum
3234 3145 3484 3208 tendens
3511 3144 3736 3216 oculos,

342 3260 433 3303 νος
500 3239 598 3303 τάς
670 3239 902 3318 ὁράσεις,
962 3237 1023 3295 ἐκ
1064 3243 1162 3305 τῆς
1218 3237 1484 3306 καλλονῆς
1528 3240 1632 3297 τῶν
1697 3244 2002 3319 κτισμάτων

2096 3246 2537 3313 acreaturarum
2564 3239 3006 3319 pulchritudine
3029 3238 3104 3298 ub
3126 3255 3292 3299 suam
3320 3235 3631 3317 puritatem
3663 3231 3735 3293 ad

345 3326 623 3406 ἀναλόγως
667 3329 767 3395 τῆς
832 3332 990 3387 αὐτοῦ
1031 3328 1387 3409 καθαρότητος
1430 3329 1561 3407 πρὸς
1616 3332 1707 3387 τὸν
1764 3335 2003 3402 Ποιητὴν

2096 3329 2429 3391 Creatorem
2462 3345 2801 3405 assurgens,
2825 3327 3041 3406 recipit
3063 3324 3529 3388 illuminationes
3553 3322 3737 3403 spiri-

346 3416 679 3498 ἀνατρέχων,
753 3415 968 3498 δέχεται
1080 3419 1176 3482 τὰς
1262 3420 1600 3499 φωτοχυσίας
1672 3428 1764 3478 τοῦ
1835 3429 1998 3481 Πνευο

351 3527 513 3580 ματος
547 3523 561 3537 ⁶
609 3507 809 3586 ἀγαθὰς
866 3504 921 3564 δὲ
985 3509 1078 3572 τὰς
1124 3505 1421 3585 ὑπολήψεις
1468 3507 1613 3590 ἔχων
1682 3512 1814 3587 πρὸς
1858 3514 1999 3571 πάν-

346 3616 463 3674 τας,
533 3596 611 3653 ἀεί
658 3595 922 3676 λογίζεται
992 3599 1110 3677 περὶ
1165 3597 1377 3657 πάντων
1448 3600 1587 3656 καλά
1642 3618 1659 3635 ⁶
1707 3602 1887 3680 ἁγίους
1942 3626 2000 3660 τε

342 3684 542 3749 πάντας
614 3687 710 3765 ὁρᾷ
776 3687 865 3743 καὶ
918 3687 1129 3766 ἁγνοὺς,
1202 3689 1291 3744 καὶ
1346 3689 1463 3768 περὶ
1529 3690 1681 3746 θείων
1750 3692 1838 3747 καὶ
1897 3692 1997 3750 ἀν-

339 3775 612 3854 θρωπίνων
669 3776 1000 3855 πραγμάτων
1057 3777 1157 3843 τὴν
1207 3777 1375 3857 κρίσιν
1431 3778 1587 3857 ὀρθὴν
1639 3778 1944 3860 ἐπιφέρεται
1979 3804 1992 3819 ο

336 3865 427 3921 καὶ
468 3862 583 3942 ἐρᾷ,
647 3864 744 3940 μὲν
814 3862 1019 3930 οωενὸς
1078 3871 1185 3922 τῶν
1247 3868 1366 3946 περὶ
1437 3868 1538 3935 τὴν
1585 3866 1718 3936 ὅλην
1759 3878 1855 3928 τοῦ
1908 3871 1997 3927 κό-

337 3976 499 4029 σμου,
558 3955 648 4011 καὶ
715 3966 834 4018 τοῖς
892 3953 1186 4034 ἀνθρώποις
1232 3954 1667 4032 σπουδαζομένων
1700 3976 1712 3989 '
1747 3956 1896 4023 ἐκδὺς
1941 3957 1996 4016 δὲ

333 4050 414 4119 τῷ
470 4048 544 4118 νῷ
598 4048 697 4110 τῆς
753 4046 1087 4121 παγκοσμίου
1149 4045 1469 4125 αἰσθήσεως,
1540 4048 1670 4125 πρὸς
1744 4050 1993 4127 οὗρανοὺς

2089 3424 2204 3491 tus,
2235 3416 2640 3496 optimamque
2671 3416 2898 3478 habens
2945 3415 3292 3495 Opinionem
3327 3414 3401 3476 de
3433 3411 3733 3488 omnibus,

2088 3504 2162 3565 de
2179 3505 2459 3567 omnibus
2479 3524 2719 3586 semper
2736 3505 2890 3567 bene
2915 3505 3154 3585 «regitat,
3179 3522 3391 3566 omnes
3413 3509 3471 3564 ut
3496 3511 3737 3564 sanctos

2084 3594 2263 3656 habet
2292 3613 2359 3656 ac
2407 3603 2665 3668 sanctos,
2724 3593 2800 3656 de
2854 3594 3071 3656 divinis
3130 3592 3525 3673 humanisque
3554 3590 3737 3653 rebus

2082 3685 2437 3745 rectumfert
2446 3684 2739 3765 judicium
2767 3707 2782 3758 ;
2819 3683 2965 3745 nihil
2999 3692 3155 3744 amat
3183 3680 3581 3743 materialium
3614 3698 3731 3742 sae-

2084 3773 2201 3834 culi
2257 3793 2454 3836 rerum
2519 3794 2666 3856 qms
2722 3774 2998 3835 homines
3048 3773 3316 3834 studiose
3392 3778 3727 3850 appetunt;

2084 3870 2284 3925 mente
2321 3882 2499 3925 sensu
2533 3862 2832 3924 mundano
2865 3871 3059 3937 exuta,
3105 3861 3178 3922 ad
3211 3863 3394 3923 caelos
3422 3864 3734 3941 Deumque

2080 3951 2267 4013 currit
2330 3971 2511 4033 purus
2541 3953 2614 4014 ab
2667 3953 2829 4013 omni
2877 3952 2999 4013 luto
3049 3960 3106 4012 ct
3153 3950 3225 4012 ab
3256 3949 3417 4011 omni
3450 3950 3736 4012 servitute

2081 4041 2255 4118 liber,
2290 4051 2447 4105 totus
2505 4051 2594 4103 est
2639 4041 3051 4123 spiritualibus
3102 4040 3207 4103 Dei
3264 4038 3436 4101 bonis
3493 4040 3552 4100 in
3606 4039 3733 4100 solo

333 4133 425 4188 καὶ
457 4133 587 4188 Θεὸν
647 4131 928 4212 ἀνατρέχει
979 4135 1202 4211 καθαρὸς
1262 4135 1440 4203 πάσης
1498 4134 1663 4215 ἰλύος,
1697 4137 1786 4192 καὶ
1814 4138 1994 4205 πάσης

2096 4131 2317 4213 spiritu.
2379 4133 2756 4213 divinamque
2828 4132 2990 4194 videt
3071 4130 3602 4212 pulchritudinem.
3665 4147 3736 4190 ac

331 4219 572 4285 δουλείας
622 4219 907 4301 ἐλείθερος,
967 4223 1054 4279 καὶ
1085 4220 1209 4286 ὅλος
1240 4225 1438 4302 γίνεται
1481 4229 1589 4280 τῶν
1646 4232 1852 4292 νοητῶν
1906 4235 1999 4284 τοῦ

2096 4221 2285 4283 :Iivine
2317 4220 2533 4282 divinis
2564 4221 2853 4283 inhabitat
2886 4220 3032 4282 locis
3058 4220 3158 4281 ubi
3192 4218 3417 4282 residet
3439 4219 3610 4280 beata
3627 4217 3734 4279 Dei

333 4317 471 4367 Θεοῦ
527 4310 737 4389 ἀγαθῶν
791 4309 844 4366 ἐν
907 4311 1055 4386 μόνῳ
1109 4313 1186 4387 τῷ
1255 4314 1531 4388 πνεύματι,
1582 4317 1671 4371 καὶ
1738 4316 1801 4371 τὸ
1858 4319 2003 4380 θετον

2096 4312 2298 4392 gloria,
2336 4332 2467 4374 cum
2526 4312 2809 4374 ineffabili
2860 4311 3097 4372 silentio
3148 4320 3205 4372 et
3236 4309 3456 4385 laetitia,
3492 4317 3550 4370 et
3577 4328 3733 4369 cun-

333 4396 532 4462 κάλλος
577 4401 694 4479 ὁρᾷ,
754 4401 841 4456 καὶ
889 4403 1196 4480 θεοπρεπῶς
1254 4401 1626 4483 ἐμφιλοχωρετ
1679 4419 1796 4468 τοτς
1839 4407 1995 4470 θείοις

2096 4403 2200 4464 clis
2230 4402 2507 4464 sensibus
2539 4403 3013 4472 transformalus,
3051 4409 3113 4460 ut
3167 4402 3415 4477 angelus
3444 4400 3503 4460 in
3541 4407 3732 4460 mate-

609 4463 620 4479 .
651 4463 694 4478 ..
1023 4463 1034 4480 .
1184 4463 1191 4464 κ
1283 4463 1293 4476 .
1338 4463 1348 4483 .
1452 4463 1491 4483 κ
1541 4463 1551 4482 ,
1783 4463 1794 4468 -
1980 4463 1991 4470 .

330 4487 544 4561 τόποις,
606 4493 704 4555 τῆς
750 4489 1010 4568 μακαρίας
1070 4497 1199 4549 Θεοῦ
1254 4488 1433 4562 δόξης,
1493 4492 1546 4549 ἐν
1604 4492 1814 4571 ἀῤῥήτιρ
1869 4501 1995 4573 σιγῇ

2096 4490 2210 4552 'iaii
2242 4510 2516 4573 corpore,
2550 4491 2959 4553 immaterialis
2991 4489 3145 4551 inter
3178 4490 3448 4553 homines
3477 4507 3730 4550 conver-

329 4578 421 4635 καὶ
463 4583 633 4657 χαρᾷ,
706 4580 794 4635 καὶ
852 4580 945 4642 τὰς
1000 4580 1267 4649 αἰσθήσεις
1324 4582 1497 4644 πάσας
1554 4580 1883 4655 ἀλλοιωθεὶς,
1918 4587 1991 4649 ὡς
2080 4589 2262 4644 satur.

330 4663 561 4745 ἅγγελος
618 4666 672 4725 ἐν
759 4666 925 4743 ὑλικῷ
1001 4668 1234 4744 σώματι,
1310 4667 1465 4734 ἄϋλος
1528 4684 1644 4735 τοῖς
1698 4670 1992 4752 ἀνθρώποις

331 4756 837 4837 συναναστρέφεται.

417 4835 535 4922 ζα’.
585 4835 863 4918 Αἷσθήσεις
921 4844 1067 4904 οἶδεν
1098 4850 1125 4904 ὁ
1156 4847 1313 4927 λόγος
1357 4848 1515 4907 πέντε
1544 4852 1632 4907 καὶ
1684 4853 1782 4918 τῆς
1814 4853 1987 4924 ἀσκή-

328 4958 468 5001 σεως
505 4958 517 4970 ·
567 4937 882 5019 ἀγρυπνίαν,
928 4938 1181 5015 μελέτην,
1254 4941 1445 5022 εὐχὴν,
1514 4941 1846 5025 ἐγκράτειαν,
1904 4953 1994 5008 καὶ

325 5027 563 5107 ἡσυχίαν
611 5044 626 5059 ’
660 5029 871 5092 ταύταις
940 5032 969 5085 ὁ
1017 5031 1111 5093 τὰς
1170 5030 1357 5089 ἑαυτοῦ
1414 5033 1681 5101 αἰσθήσεις
1738 5033 1993 5090 ἐπισυνά-

326 5120 460 5190 ψας,
508 5118 598 5172 καὶ
649 5117 749 5185 τὴν
811 5119 905 5193 μὲν
965 5117 1147 5197 ὅρασιν
1192 5124 1261 5195 τῇ
1319 5120 1597 5197 ἀγρυπνίᾳ,
1673 5124 1769 5188 τὴν
1824 5122 1993 5191 ἀκοὴν

324 5203 379 5261 δὲ
412 5212 482 5283 τῇ
531 5204 757 5284 μελετῃ,
820 5208 917 5274 τὴν
968 5206 1221 5287 ὄσφρησιν
1261 5214 1330 5286 τῇ
1379 5213 1542 5291 εὐχῇ,
1592 5215 1691 5280 τὴν
1720 5212 1896 5291 γεῦσιν
1924 5221 1992 5291 τῇ

323 5293 630 5373 ἐγκρατείᾳ,
691 5296 778 5352 καὶ
834 5296 934 5363 τὴν
1004 5296 1144 5376 ἁφὴν
1200 5294 1443 5368 συζεύξας
1512 5304 1582 5376 τῇ
1639 5302 1858 5380 ἡσυχίᾳ,
1890 5324 1991 5358 τα-

324 5381 476 5462 χέως
507 5384 746 5463 καθαίρει
775 5385 866 5441 τὸν
911 5391 1028 5442 νοῦν
1077 5388 1176 5451 τῆς
1235 5382 1372 5450 ῗδίας
1432 5390 1643 5467 ψυχῆς,
1674 5389 1764 5444 καὶ
1804 5388 1995 5445 λεπτύ-

322 5493 418 5535 νας
482 5468 568 5529 διὰ
611 5474 811 5531 τούτων
874 5473 1054 5554 αὒτὸν,
1129 5474 1306 5543 ἀπαθῆ
1356 5478 1444 5533 καὶ
1500 5475 1795 5558 διορατικὸν
1838 5478 1995 5535 αὐτὸν

320 5558 704 5640 ἀπεργάζεται.

321 5682 331 5711 Ι

398 5777 465 5830 ιο
491 5774 518 5841 Ι
546 5778 687 5843 Cor.
719 5778 955 5856 111,“.

2156 4848 2256 4910 91.
2292 4848 2461 4911 Ratio
2517 4849 2780 4930 quinque
2832 4849 3137 4928 cognoscit
3191 4846 3416 4908 ascesis
3466 4863 3727 4909 sensus:

2080 4938 2362 5017 vigiliam,
2398 4938 2871 5011 meditationem,
2891 4937 3247 5017 orationem,
3274 4936 3729 5016 temperantiam

2079 5036 2132 5089 ct
2175 5027 2454 5109 quietem.
2509 5027 2612 5091 His
2656 5028 2756 5108 qui
2798 5047 3011 5089 sensus
3042 5025 3438 5097 acommodat,
3503 5023 3588 5085 sci
3616 5024 3730 5086 iret

2075 5118 2265 5179 visum
2283 5117 2495 5197 vigilia;
2531 5118 2795 5178 auditum
2826 5116 3221 5191 meditationi,
3256 5115 3569 5176 odoratum
3600 5132 3731 5175 ora-

2080 5206 2249 5281 tioni,
2284 5216 2519 5285 gustum
2575 5206 3005 5287 temperantiae,
3064 5214 3122 5266 et
3182 5212 3398 5266 tactum
3450 5214 3731 5283 coaptans

2079 5296 2291 5378 quieti,
2312 5296 2474 5357 brevi
2492 5296 3032 5377 purificatmentem
3050 5314 3172 5356 sure
3188 5293 3421 5374 animae,
3447 5292 3729 5374 illamque

2077 5387 2164 5447 sic
2195 5403 2521 5458 exacuens,
2578 5385 3006 5466 impassibilcm
3066 5383 3262 5460 reddit
3320 5392 3376 5444 et
3417 5381 3727 5464 perSpica-

2078 5494 2231 5538 cem.
