4126 6382
329 401 452 467 895

328 627 518 690 victor
548 629 937 710 cupiditatum
990 638 1052 713 et
1099 631 1371 712 superior
1426 631 1661 693 tristitia
1692 640 1750 696 et
1782 630 1981 693 laetitia

330 717 518 780 factus
576 727 686 781 est.
751 719 862 792 Qui
916 740 1111 802 neque
1167 721 1474 784 doloribus
1531 740 1604 785 ex
1658 720 1981 802 impetibus

329 806 545 869 animae
572 808 801 872 obortis
852 808 1153 890 dejicitur,
1205 829 1399 891 neque
1442 811 1640 872 laetitia
1669 829 1738 872 ex
1767 810 1982 872 anima:

333 896 532 976 quiete
561 905 843 980 percepta
881 899 1235 981 inebriatur,
1270 901 1374 963 sed
1417 900 1477 961 in
1507 899 1983 963 tribulationibus

333 985 569 1064 gaudet,
596 994 653 1047 et
678 987 738 1047 in
765 988 1254 1070 prosperitatibus
1292 996 1653 1071 temperatur
1687 1008 1797 1052 nec
1826 989 1986 1051 ultra

335 1074 576 1136 modum
608 1076 871 1137 effertur.

415 1163 514 1227 93.
552 1167 793 1244 Magnus
825 1173 916 1227 est
943 1165 1281 1229 daemonum
1312 1166 1478 1229 furor
1507 1168 1567 1229 in
1594 1186 1697 1230 eos
1722 1167 1822 1249 qui
1849 1185 1982 1249 pro-

334 1252 539 1314 ﬁciunt
568 1272 755 1335 usque
784 1254 855 1317 ad
916 1255 1229 1317 theoriam.
1299 1256 1660 1320 lnsidiantur
1695 1257 1855 1319 enim
1889 1256 1981 1319 eis

335 1340 440 1404 diu
468 1350 804 1422 noctuque:
852 1352 1026 1425 atque
1078 1355 1199 1407 tum
1235 1364 1341 1426 per
1371 1364 1577 1408 eorum
1612 1345 1807 1408 socios
1840 1365 1977 1428 pro—

336 1429 604 1492 bationes
633 1432 870 1495 sibimet
903 1433 1144 1496 nocivas
1176 1435 1456 1510 excitant,
1481 1442 1725 1516 tumper
1743 1436 1982 1513 seipsos

332 1519 594 1598 fragores
620 1521 779 1584 cient
807 1522 881 1583 ad
909 1524 1365 1587 eosterrendos.
1394 1527 1517 1591 lmo
1544 1525 1982 1587 dormientibus

1637 408 1941 471 NIGET/E
1983 406 2417 471 PECTORATI

409 537 510 602 92.
536 539 786 603 Animus
840 541 1227 623 impassibilis
1266 543 1366 605 ille
1414 549 1523 605 est.
1589 543 1689 624 qui
1741 545 2047 604 suarumA

3607 403 3728 470 896

2155 525 2273 613 ἥθ’.
2311 544 2444 601 Νοῦς
2491 536 2698 606 ἀπαθής
2742 535 2907 610 ἐστιν,
2974 539 3003 593 ὁ
3060 541 3162 591 τῶν
3222 536 3406 592 ἑαυτοῦ
3457 537 3725 615 κρατήσας

2061 629 2264 699 παθῶν,
2338 627 2427 683 καὶ
2510 625 2754 704 ὑπεράνω
2810 624 2981 692 λύπης
3037 625 3125 680 καὶ
3193 630 3368 703 χαρᾶς
3431 624 3665 703 γεγονώς
3704 643 3719 660 ·

2062 719 2119 782 ὃς
2151 718 2268 775 οὔτε
2316 730 2439 781 ταῖς
2490 714 2543 781 ἐξ
2599 715 2861 796 ἐπιφορῶν
2920 715 3108 779 λύπαις
3168 715 3553 793 ἐπιστυγνάζει,
3601 714 3721 772 οῧτε

2061 813 2130 883 τῇ
2197 804 2249 872 ἐξ
2301 805 2544 881 εὖθυμίας
2606 802 2878 885 διαχεῖται
2961 811 3128 885 χαρᾷ,
3175 801 3294 860 ἀλλ’
3342 804 3395 860 ἐν
3455 805 3552 880 μὲν
3594 817 3717 870 ταῖς

2060 894 2292 970 θλίψεσι,
2345 891 2674 973 χαιρομένην
2723 893 3099 973 ἐπιφερόμενος
3148 892 3247 959 τὴν
3305 892 3513 971 ψυχὴν,
3559 892 3613 947 ἐν
3663 890 3720 948 δὲ

2063 996 2186 1047 ταῖς
2216 984 2506 1062 εὐθυμίαις,
2578 980 3056 1061 ἐγκρατευομένην,
3112 981 3309 1057 καὶμὴ
3369 988 3461 1038 τοῦ
3528 981 3722 1061 μέτρου

2064 1072 2362 1152 φερομένην
2401 1072 2553 1137 ἐκτός
2565 1119 2579 1134 ,

2146 1151 2265 1240 4γ’.
2299 1160 2481 1229 Πολλὴ
2509 1162 2646 1218 κατᾶ
2686 1168 2792 1218 τῶν
2837 1161 2909 1223 εἰς
2960 1163 3179 1239 θεωριαν
3234 1159 3508 1239 προκοπὰς
3538 1181 3725 1217 ποιου-

2064 1249 2236 1327 μένων
2266 1252 2301 1319 ἠ
2384 1253 2486 1307 τῶν
2545 1248 2809 1326 δαιμόνων
2874 1249 3059 1326 μανία,
3162 1246 3522 1329 Ἐφεδρεύουσι
3624 1249 3724 1328 γὰρ

2063 1336 2181 1396 κατ’
2256 1339 2427 1396 αὐτῶν
2478 1339 2637 1396 νύκτα
2699 1340 2786 1396 καὶ
2838 1336 2955 1414 μεθ’
3011 1336 3215 1417 ἡμέραν
3262 1358 3277 1374 ο
3344 1338 3432 1393 καὶ
3488 1334 3573 1393 διὰ
3629 1338 3726 1412 μὲν

2063 1435 2169 1485 τῶν
2223 1428 2482 1486 συνόντων
2579 1428 2903 1508 πειρασμοὺς
2968 1425 3242 1507 χαλεποὺς
3325 1427 3537 1491 ἑαυτοῖς
3595 1425 3728 1483 ἐπε-

2064 1517 2292 1597 γείρουσι
2325 1532 2339 1547 ⁸
2388 1515 2455 1573 δι’
2510 1518 2709 1574 ἑαυτῶν
2753 1516 2808 1572 δὲ
2856 1516 3084 1579 κτύπους
3141 1522 3380 1573 ποιοῦσιν
3434 1516 3507 1581 εἷς
3538 1513 3724 1595 φόϐον.

333 1608 574 1685 instant,
612 1628 821 1673 eorum
853 1612 1039 1693 quieti
1070 1612 1426 1684 invidentes,
1454 1614 1772 1695 multisque
1788 1614 1983 1675 modis

2078 1609 2167 1665 Kal.
2213 1608 2459 1665 ὁπνοῦσιν
2529 1605 2843 1664 ἐπιτίθενται
2925 1606 3155 1676 τούτοις,
3240 1609 3308 1681 τῇ
3364 1602 3538 1660 ἀνέσει
3599 1608 3725 1685 φθο-

2126 1703 2150 1712 ν
2368 1697 2381 1714 τ
2434 1703 2460 1712 ~
2654 1697 2667 1714 \
2888 1693 2919 1714 I‘
3081 1693 3100 1714 Ἴ
3221 1703 3241 1712 -ι
3428 1694 3443 1714 9
3518 1694 3531 1709 λ
3706 1694 3720 1714 ἱ

334 1707 545 1759 vexant
568 1699 725 1780 illos,
752 1701 1023 1780 quamvis
1049 1720 1268 1764 nocere
1293 1712 1591 1783 nequeant
1614 1693 1704 1764 bis
1729 1703 1829 1784 qui
1861 1703 1980 1765 Deo

2078 1703 2271 1762 δοῦντες
2330 1697 2522 1777 αὗτῶν,
2583 1697 2672 1752 καὶ
2752 1693 3007 1757 ποικίλως
3080 1693 3329 1753 λυποῦσιν
3389 1694 3601 1768 αὖτοὺς,
3678 1694 3723 1749 εἰ

2134 1788 2148 1801 .
2257 1787 2270 1801 ε
2347 1782 2396 1801 κ,
2649 1783 2703 1801 η
2762 1790 2789 1800 -
3022 1784 3036 1801 ς
3142 1784 3155 1801 ς
3374 1782 3383 1799 ο
3589 1790 3621 1801 η

333 1805 398 1847 se
426 1797 874 1853 consacrarunt.
907 1789 971 1850 Et
1005 1792 1119 1851 nisi
1151 1782 1399 1870 angelus
1438 1792 1672 1856 Domini
1702 1782 1981 1873 omnipo-

2078 1788 2153 1842 ιαὶ
2208 1787 2285 1862 μὴ
2341 1782 2582 1842 δύνανται
2639 1783 2889 1852 ἀδικῆσαι
2957 1784 3079 1848 τοὺς
3132 1782 3511 1857 ἀνακειμένους
3585 1790 3722 1855 eaq).

334 1876 514 1938 tentis
544 1877 707 1957 ipsos
748 1879 1099 1956 custodiret,
1119 1880 1445 1942 diabolicas
1466 1881 1713 1944 insidias
1740 1883 1983 1946 mortis-

334 1983 452 2045 que
479 1966 726 2047 laqueos
763 1985 879 2028 non
906 1969 1259 2046 effugerent.

414 2143 515 2207 94.
548 2144 825 2207 Arma'us
856 2165 959 2227 pro
993 2148 1250 2227 practica
1298 2148 1529 2212 virtutis
1578 2150 1982 2232 philosophia,

335 2248 473 2291 cave
529 2232 848 2311 diligenter
894 2254 929 2296 a
986 2235 1280 2298 lethiferis
1329 2238 1663 2300 daemonum
1722 2239 1979 2302 insidiis.

333 2317 627 2390 Quantum
653 2322 812 2383 enim
836 2325 1206 2387 ascensionis
1228 2346 1605 2407 progressum
1635 2329 1696 2389 in
1720 2328 1984 2391 excelsas

332 2407 577 2471 virtutes
606 2410 893 2491 disponis,
957 2422 1016 2476 et
1073 2414 1272 2477 divina
1325 2420 1420 2478 lux
1484 2417 1591 2478 tibi
1641 2432 1892 2494 augetur
1922 2419 1982 2479 in

331 2497 717 2571 orationibus,
757 2508 932 2581 atque
957 2502 1030 2563 ad
1061 2505 1455 2567 reveEationes
1489 2507 1764 2585 pervenis
1798 2506 1980 2567 visio-

330 2586 927 2668 nesqueineﬂ‘abiles,
972 2592 1288 2671 adjuvante
1330 2592 1578 2674 Spiritu,
1615 2603 1839 2655 tantum
1872 2594 1981 2671 ilii,

330 2686 669 2756 surgentem
688 2687 744 2741 te
767 2680 841 2741 ad
867 2682 1083 2743 caelum
1106 2682 1398 2759 vidvntes,
1416 2683 1981 2757 stridentdentibus,

330 2772 389 2825 et
420 2766 775 2847 multiplicia
799 2770 1082 2850 nequitiae
1105 2788 1226 2833 suae
1248 2772 1398 2833 retia
1428 2771 1488 2833 in
1521 2772 1817 2853 Spirituuli
1848 2792 1986 2835 aere

336 2853 939 2931 diligentertendunt.
960 2858 1087 2919 Non
1106 2862 1293 2920 so'um
1311 2861 1467 2921 enim
1485 2861 1989 2941 concupiscentia:

337 2941 559 3023 iraeque
577 2945 834 3006 carnalia
856 2955 910 3007 et
932 2947 1199 3010 bestialia
1223 2958 1427 3010 contra
1451 2959 1507 3010 te
1531 2950 1842 3031 Spirabunt
1871 2952 1988 3012 dae-

2068 1877 2166 1933 Καὶ
2195 1877 2238 1932 εἰ
2287 1876 2363 1951 μὴ
2413 1873 2640 1953 ἅγγελος
2695 1875 2881 1953 Κυρίου
2950 1873 3373 1952 παντοκράτορος
3444 1875 3472 1928 ὁ
3516 1870 3726 1953 φυλάσ-

2065 1986 2172 2022 σων
2216 1965 2402 2029 αὖτοὺς
2431 1966 2516 2041 ἦν,
2570 1967 2665 2022 οὐκ
2716 1962 2778 2020 ἂν
2808 1969 2907 2031 τῆς
2953 1966 3121 2021 αὖτῶν
3180 1959 3465 2028 ἐπιϐουλῆς
3515 1962 3729 2018 καὶτοῦ

2066 2054 2289 2134 Θανάτου
2319 2054 2438 2119 τοὺς
2481 2054 2712 2134 βρόχους
2744 2051 3013 2133 ἐξέφυγον.

2151 2133 2265 2219 4δ’.
2321 2133 2652 2222 Ἐναγωνίως
2703 2141 2848 2223 ἔχων
2918 2142 3037 2221 περὶ
3091 2141 3190 2208 τὴν
3247 2139 3552 2220 ἔμπρακτον
3583 2137 3734 2219 φιλο-

2067 2233 2253 2311 σοφίαν
2296 2238 2394 2300 τῆς
2448 2232 2666 2311 ἀρετῆς,
2719 2232 2958 2310 πρόσεχε
3011 2226 3241 2305 ἀκριϐῶς
3289 2242 3412 2292 ταῖς
3456 2234 3562 2285 τῶν
3592 2226 3726 2284 ὁλα-

2064 2323 2217 2401 θρίων
2294 2318 2559 2397 δαιμόνων
2598 2318 2948 2393 ἐπιϐουλαῖς.
3086 2329 3210 2392 Οσῳ
3292 2319 3392 2397 γὰρ
3450 2314 3733 2380 ἀναϐάσεις

2065 2415 2351 2489 προκοπῦν
2415 2411 2487 2473 εἰς
2582 2408 2792 2485 ὑψηλὰς
2879 2408 3068 2488 ἀρετὰς
3153 2405 3461 2482 διατίθεσαι,
3516 2407 3604 2463 καὶ
3673 2407 3734 2463 τὸ

2066 2506 2178 2582 φῶς
2236 2497 2508 2564 αὒξάνεταί
2588 2520 2671 2555 σοι
2741 2501 2804 2554 τὸ
2857 2501 3002 2555 θεῖον
3091 2496 3146 2552 ἐν
3211 2509 3570 2576 προσευχαῖς,
3643 2497 3734 2552 καὶ

2066 2593 2198 2670 πρὸς
2297 2587 2661 2664 ἀποκαλύψεις
2745 2588 2885 2668 ’έρχῇ
2963 2588 3050 2644 καὶ
3134 2587 3390 2651 ὀπτασίας
3474 2584 3732 2664 ἀῤῥήτους

2068 2677 2153 2735 διὰ
2195 2684 2286 2735 τοῦ
2331 2679 2661 2758 Πνεύματος,
2705 2684 2953 2735 τοσοῦτον
3024 2676 3221 2733 ἐκεῖνοι
3278 2675 3639 2756 ἀνερχόμενόν
3671 2695 3731 2731 σε

2069 2771 2292 2847 ὁρῶντες
2352 2769 2483 2846 πρὸς
2541 2769 2784 2846 οὗρανὸν,
2854 2767 3090 2846 τρύζουσι
3162 2765 3282 2828 τοὺς
3370 2763 3587 2828 ὀδόντας
3642 2765 3733 2821 καὶ

2069 2859 2136 2913 τὰ
2205 2862 2304 2924 τῆς
2384 2858 2575 2920 κακίας
2632 2856 2804 2913 αὐτῶν
2872 2853 3186 2932 πολύπλοκα
3247 2852 3425 2910 δίκτυα
3494 2853 3580 2910 ἐπὶ
3638 2855 3729 2909 τὸν

2071 2946 2261 3013 νοητὸν
2314 2945 2439 3025 ἀέρα
2496 2943 2788 3008 σπουδαίως
2862 2942 3199 3003 ἐκτείνουσιν,
3283 2946 3357 3001 Οὐ
3413 2942 3571 3018 μόνον
3627 2943 3729 3021 γὰρ

340 3032 564 3119 monia,
586 3034 688 3095 sed
725 3035 901 3096 etiam
919 3036 1221 3099 dazmones
1249 3030 1633 3119 blaSpbemiae
1661 3058 1859 3102 amara
1890 3042 1983 3100 in-

2078 3036 2119 3092 οἷ
2174 3040 2271 3103 τῆς
2331 3034 2605 3111 ἐπιθυμίας
2662 3035 2751 3091 καὶ
2804 3043 2896 3093 τοῦ
2952 3037 3118 3109 θυμοῦ
3168 3030 3478 3112 φιλόσαρκοί
3535 3052 3593 3087 τε
3642 3032 3731 3088 καὶ

338 3118 499 3181 vidia
527 3121 589 3183 in
623 3131 677 3184 te
715 3122 1047 3203 insurgunt.
1105 3118 1412 3204 Praeterea,
1446 3128 1770 3191 visibiliter
1800 3137 1861 3193 et
1887 3130 1984 3191 in-

2078 3121 2341 3203 ὒηριώδεις
2394 3125 2532 3180 κατά
2587 3124 2680 3180 τοῦ
2754 3124 3033 3182 πνεύσουσι
3112 3120 3381 3197 δαίμονες,
3440 3119 3577 3177 ἀλλὰ
3644 3121 3733 3177 καὶ

337 3208 652 3272 visibiliter
679 3231 879 3274 aerem
914 3214 1395 3298 principatusque
1426 3236 1493 3280 ac
1528 3226 1846 3299 potestates
1876 3219 1988 3281 cir-

2078 3214 2119 3269 o't
2174 3217 2271 3280 τῆς
2332 3211 2672 3294 βλασφημίας
2705 3212 2879 3293 φθόνῳ
2943 3218 3115 3289 πικρῷ
3172 3232 3255 3267 σοι
3326 3210 3730 3279 ἐπαναστήσον-

339 3300 694 3375 cumvolaut,
760 3302 819 3363 in
898 3323 1066 3366 mera
1144 3307 1347 3386 specie
1416 3306 1527 3368 sub
1585 3307 1987 3387 singularibus

336 3387 754 3476 horrificisque
814 3392 1019 3455 formis
1074 3402 1454 3476 apparentes,
1512 3396 1585 3457 ad
1651 3398 1988 3460 noeendum

341 3475 445 3538 tibi
477 3487 759 3559 quantum
792 3480 852 3542 in
901 3501 967 3544 se
1013 3492 1127 3558 est,
1157 3475 1569 3563 ievigilabunt,
1604 3486 1707 3547 sed
1744 3487 1989 3549 mentali

337 3566 589 3629 orationi
621 3571 903 3633 exercitio
937 3571 1170 3651 vigilem
1235 3575 1454 3636 mentis
1511 3575 1753 3639 oculum
1786 3576 1987 3638 inten-

337 3654 510 3746 dens,
542 3658 860 3740 animoque
890 3672 1115 3724 natum
1173 3664 1660 3744 contemplationi
1692 3665 1988 3746 applicato

336 3741 441 3835 Dei
472 3765 653 3827 opera
683 3749 998 3824 meditans,
1032 3770 1149 3812 non
1177 3741 1505 3815 timebisiab
1539 3741 1748 3814 eorum
1775 3741 1989 3835 sagitta

340 3834 572 3923 volante
602 3835 661 3897 in
687 3837 808 3917 die,
842 3858 1036 3919 neque
1066 3840 1226 3901 enim
1254 3841 1745 3923 appropinquare
1779 3834 1984 3907 taber-

343 3922 554 4015 naculo
587 3931 684 3984 tuo
742 3926 1041 4015 valebunt,
1103 3948 1138 3989 a
1189 3929 1415 3991 lumine
1475 3929 1580 3992 tibi
1611 3932 1785 3993 insito
1818 3934 1989 4015 quasi

341 4009 529 4089 caligo
559 4012 808 4096 repulsi,
841 4033 911 4076 ac
935 4015 1137 4077 divino
1173 4017 1306 4096 igne
1343 4018 1663 4080 combusti.

422 4367 522 4427 95.
554 4365 812 4447 Spiritus
840 4371 1029 4433 sancti
1059 4373 1303 4451 gratiam
1336 4374 1505 4435 valde
1531 4373 1991 4437 formidantma-

343 4454 485 4534 ligni
515 4456 780 4536 spiritus,
815 4478 882 4522 ac
916 4462 1242 4541 praesertim
1276 4484 1411 4525 cum
1444 4463 1755 4526 abundans
1786 4465 1986 4526 infun-

2078 4458 2269 4540 σφόδρα
2338 4465 2437 4527 τῆς
2492 4462 2747 4541 πονηρίας
2805 4462 2869 4518 τὰ
2943 4461 3219 4537 πνεύματα
3275 4479 3289 4493 ·

2078 4549 2101 4565 ,ι
2299 4548 2317 4565 η
2437 4552 2447 4565 .
2577 4551 2590 4565 .
2805 4554 2815 4565 ,
3058 4550 3083 4565 ο,
3218 4555 3239 4565 -

341 4544 524 4620 ditur,
555 4545 648 4605 vel
699 4548 870 4609 nobis
930 4550 1249 4629 purifitat's
1310 4551 1696 4614 meditatione
1728 4572 1992 4635 puraque

339 4638 631 4699 oratione.
659 4638 785 4701 Non
801 4642 1097 4704 ausienim
1114 4647 1593 4727 appropinquare
1608 4645 1990 4709 tabernaculo

339 4744 547 4787 eorum
580 4728 680 4808 qui
714 4729 786 4791 ab
818 4730 917 4792 illa
970 4732 1409 4810 illuminantur,
1461 4735 1604 4796 solis
1635 4735 1993 4814 imaginibus

343 4816 754 4898 borrifieisque
804 4820 1139 4897 fragoribus
1188 4836 1243 4883 et
1293 4824 1572 4885 obscuris
1620 4824 1863 4886 vocibus
1893 4844 1995 4886 eos

341 4911 568 4967 terrere
598 4924 667 4967 ac
718 4909 1069 4986 perturbare
1131 4921 1443 4987 conantur,
1506 4920 1563 4973 et
1609 4931 1891 4976 revocare
1920 4914 1993 4975 ab

341 4995 627 5056 exercitio
660 4997 873 5075 vigiliae
903 5011 960 5060 et
1011 5001 1299 5062 orationis
1335 5022 1349 5062 :
1411 5002 1531 5063 imo
1583 5012 1641 5063 et
1693 5022 1796 5065 eos
1826 5004 1992 5065 bumi

341 5081 712 5146 dormientes
729 5088 891 5147 nullo
920 5108 1037 5149 non
1055 5089 1407 5152 adoriuntur
1427 5090 1677 5153 artificio
1706 5112 1721 5163 ;
1753 5104 1806 5153 at
1836 5092 1991 5153 invi-

341 5171 552 5233 dentes
578 5173 667 5235 vel
702 5173 1065 5238 brevissima:
1096 5196 1299 5240 eorum
1360 5200 1392 5240 a
1453 5179 1755 5240 laboribus
1785 5181 1991 5260 quieti,

340 5260 717 5337 insidiantur,
744 5276 795 5324 et
822 5267 1315 5329 convulsionibus
1341 5269 1695 5349 quibusdam
1719 5271 1996 5333 auferunt

342 5368 615 5413 somnum
647 5352 720 5415 ab
754 5353 1022 5433 ipsorum
1056 5357 1271 5433 oculis,
1309 5358 1840 5422 utlaboriosiorcm
1867 5360 1992 5421 illo-

342 5455 473 5528 rum
508 5440 684 5502 vitam
714 5461 782 5504 ac
813 5444 1021 5507 dolore
1058 5445 1293 5524 plenam
1340 5466 1444 5528 per
1473 5447 1807 5509 istiusmodi
1835 5455 1995 5509 artes

344 5527 621 5591 eﬂiciant.

428 5707 526 5773 96.
563 5712 824 5789 Corpore
864 5712 1067 5774 subtili
1092 5713 1284 5777 induti
1315 5715 1589 5779 videntur
1619 5716 1997 5780 tenebrarum

2066 3323 2177 3363 ται.
2226 3303 2324 3360 Καὶ
2393 3304 2524 3381 πρὸς
2594 3302 2819 3375 τούτοις,
2896 3306 3132 3381 φανερῶς
3190 3321 3248 3358 τε
3299 3301 3388 3355 καὶ
3438 3299 3651 3380 ἀφανῶς
3684 3302 3733 3356 οἱ

2068 3392 2186 3469 περὶ
2240 3394 2331 3449 τὸν
2383 3391 2532 3471 ἀέρα,
2594 3393 2680 3448 καὶ
2738 3391 2834 3455 τὰς
2919 3390 3115 3471 ἀρχὰς,
3195 3389 3283 3445 καὶ
3352 3390 3445 3452 τὰς
3499 3388 3732 3456 ἐξουσίας

2069 3481 2374 3558 ἱπτάμενοι,
2433 3481 2570 3537 κατα
2625 3481 2917 3561 φαντασίαν
2970 3480 3177 3558 γυμνὴν
3231 3478 3287 3535 ἐν
3342 3476 3503 3542 ἰδέαις
3562 3476 3732 3545 ξὲναις

2071 3570 2160 3626 καὶ
2216 3582 2463 3650 φρικτατς
2530 3569 2965 3650 μεμορφωμένοι,
3038 3569 3111 3631 εἰς
3168 3568 3397 3625 κάκωσίν
3456 3590 3550 3625 σου
3610 3569 3734 3625 ὅσον

2069 3660 2131 3714 τὸ
2186 3658 2273 3714 ἐπ’
2328 3660 2511 3721 αὐτοῖς
2556 3657 2928 3736 ἐγερθήσονται
2966 3671 2979 3686 ⁸
3013 3656 3151 3713 ἀλλὰ
3202 3663 3272 3733 τῇ
3328 3663 3482 3736 νοερᾷ
3511 3657 3733 3737 ἐργασίᾳ

2071 3751 2167 3816 τῆς
2198 3749 2505 3829 προσευχῆς
2534 3744 2738 3824 ὄμματι
2769 3748 2889 3810 νοὸς
2919 3746 3199 3825 ἐγρηγόρῳ
3230 3744 3527 3826 ἐνασχολού
3544 3768 3730 3822 μενος,

2071 3839 2157 3892 καὶ
2185 3850 2306 3901 ταῖς
2338 3837 2558 3899 ἐννοίαις
2617 3838 2713 3903 τῆς
2768 3842 2997 3916 φυσικῆς
3031 3837 3249 3913 θεωρίας
3307 3835 3360 3892 ἐν
3415 3849 3535 3898 τοῖς
3564 3838 3733 3906 ποιή-

2073 3947 2231 4002 μασιν
2300 3924 2608 4002 ἐμμελετῶν
2679 3932 2772 3983 τοῦ
2831 3933 2983 4000 Θεοῦ,
3032 3928 3090 3984 οὗ
3159 3922 3440 4006 φοϐηθάσῃ
3505 3926 3611 3983 ἀπὸ
3640 3936 3736 3987 τοῦ

2071 4014 2256 4092 βέλους
2316 4016 2485 4073 arb:th
2554 4025 2649 4074 τοῦ
2723 4015 3033 4092 πετωμένου
3108 4014 3311 4094 ἠμέρας
3388 4031 3402 4045 ⁸
3464 4013 3579 4075 ὠδὲ
3633 4017 3736 4096 γὰρ

2070 4111 2149 4178 τῷ
2190 4104 2499 4180 σκηνώματι
2532 4126 2625 4161 σου
2677 4102 2972 4172 πλησιάσαι
3015 4105 3346 4185 ἰσχύσουσιν,
3404 4106 3505 4161 ὑπὸ
3555 4112 3648 4162 τοῦ
3677 4106 3733 4161 ἐν

2071 4194 2153 4250 σοὶ
2182 4195 2356 4275 φωτὸς
2388 4198 2482 4251 οἷα
2512 4193 2700 4259 σκότος
2747 4192 3145 4271 ἐκδιωκόμενοι,
3196 4197 3285 4251 καὶ
3341 4196 3443 4252 ὑπὸ
3472 4205 3566 4255 τοῦ
3594 4195 3733 4253 θείου

2073 4284 2249 4363 πυρόςᾷ
2265 4282 2655 4363 ἐμπιπράμενοι
2666 4328 2682 4344 .

2157 4361 2268 4448 μ’.
2330 4361 2449 4440 Τὴν
2497 4381 2591 4432 τοῦ
2636 4373 2772 4429 θείου
2830 4373 3136 4449 Πνεύματος
3194 4373 3355 4453 χάριν
3411 4370 3732 4432 δεδίττονται

3366 4462 3453 4518 καὶ
3524 4461 3731 4538 μᾶλλον

2073 4549 2200 4607 ὅταν
2258 4548 2521 4616 πλουσίως
2573 4551 2982 4632 ἐπιφοιτήσασα,
3144 4551 3541 4631 καθαιρομένοις
3598 4554 3737 4630 ἡμῖν

2075 4640 2136 4696 ἐκ
2192 4638 2420 4715 μελέτης
2488 4643 2576 4698 καὶ
2629 4645 2858 4721 καθαρᾶς
2916 4647 3250 4722 προσευχῆς.
3323 4643 3410 4711 Μὴ
3451 4641 3738 4718 τολμῶντα

2076 4731 2176 4810 γὰρ
2232 4728 2524 4796 πλησιάσαι
2569 4737 2646 4806 τῷ
2700 4731 3013 4807 σκηνώματι
3069 4739 3174 4787 τῶν
3231 4730 3733 4809 καταλαμπομένων

2076 4820 2301 4896 ἐκεζθεν,
2354 4820 2540 4896 μόναις
2610 4835 2734 4886 ταῖς
2791 4821 3098 4900 φαντασίαις
3155 4823 3244 4877 καὶ
3312 4833 3429 4885 τοῖς
3484 4820 3735 4902 φοϐεροῖς

2076 4910 2319 4984 κτύποις,
2363 4912 2450 4966 καὶ
2507 4924 2628 4976 ταῖς
2677 4911 2906 4987 ἀσήμοις
2965 4924 3171 4991 φωναῖς
3224 4907 3472 4990 ἐκφοϐεῖν
3526 4914 3617 4968 καὶ
3644 4934 3741 4968 τα-

2075 4999 2283 5078 ράσσειν
2362 4998 2712 5081 ἐπιχειροῦσι,
2773 5001 2862 5056 καὶ
2934 5000 3025 5057 τοῦ
3115 4998 3269 5079 ἔργο)
3348 5000 3574 5079 ἀπάγειν
3631 5006 3733 5068 τῆς

2076 5089 2359 5167 ἀγρυπνίας
2416 5092 2504 5147 καὶ
2559 5095 2864 5171 προσευχῆς
2913 5106 2926 5120 ⁸
2995 5089 3132 5146 ἀλλά
3203 5091 3291 5146 καὶ
3361 5091 3737 5166 κατεψευσμέ-

2076 5200 2163 5233 νον
2196 5200 2245 5233 τι
2274 5179 2574 5235 ὑπιούντων
2617 5179 2789 5235 αὒτῶν
2831 5178 2917 5235 ἐπὶ
2970 5180 3095 5257 γῆς,
3158 5180 3217 5235 οὔ
3268 5177 3553 5261 φείδονται.
3588 5183 3737 5237 Φθο-

2077 5268 2286 5330 νοῦντες
2336 5266 2389 5322 δὲ
2432 5275 2498 5344 τῇ
2546 5268 2856 5348 βραχυτάτῃ
2899 5275 3002 5323 τῶν
3059 5268 3234 5325 πόνων
3288 5272 3459 5325 αότῶν
3489 5268 3737 5324 ἀναπαύ-

2077 5381 2178 5433 σει,
2253 5355 2603 5437 ἐφεδρεύουσι,
2674 5359 2762 5414 καὶ
2836 5370 3109 5433 σπασμοϊς
3184 5379 3320 5413 τισιν
3378 5356 3585 5438 αἴρουσι
3643 5359 3738 5413 τὸν

2076 5448 2237 5505 ὕπνον
2308 5448 2412 5503 ἀπὸ
2488 5453 2594 5503 τῶν
2677 5445 2952 5526 βλεφάρων
3042 5448 3238 5526 αἰτῶν,
3341 5447 3737 5527 ἐπιπονωτέραν

2080 5538 2275 5594 τούτων
2319 5538 2415 5605 τὴν
2458 5537 2602 5607 ζωὴν
2649 5537 2738 5591 καὶ
2793 5534 2977 5602 ὀδύνης
3036 5536 3238 5613 μεστὴν
3293 5550 3472 5594 ποιεῖν
3521 5534 3605 5593 διὰ
3629 5542 3739 5593 τῶν

2082 5626 2336 5685 τοιούτων
2367 5623 2777 5700 ἐπινοουμένων.

2168 5705 2315 5793 4ς·”.
2367 5716 2829 5791 Ἐνσωματούσθαι
2887 5712 3097 5775 δοκοῦσι
3153 5713 3455 5781 λεπτύντως
3512 5716 3578 5772 τὰ
3647 5723 3741 5773 τοῦ
