4126 6402
371 392 492 463 897

1367 392 1917 460 PRACTICOBUM
1960 389 2302 459 CAPITUM
2346 397 2743 462 CENTURIA
2783 399 2810 461 Ι

3640 393 3778 467 ’898

371 531 593 594 σκότους
649 531 948 608 πνεύματα,
996 533 1071 596 ὡς
1133 533 1162 588 6
1217 529 1378 610 λόγος
1434 528 1495 587 ἐκ
1558 531 1741 610 πείρας
1791 531 2038 588 ὑπονοεῖν

2133 528 2450 612 daemones,
2474 538 2538 593 ut
2558 530 2713 594 ratio
2736 531 2811 595 de
2831 531 3201 613 experientia
3221 533 3527 615 conjicere
3558 542 3775 616 potest,

372 617 582 678 δίδωσιν
631 637 645 652 ⁸
707 620 821 678 εἴτε
899 630 1055 681 τοῦτο
1131 620 1485 701 φαντάζονται,
1575 621 1677 686 τῆς
1745 621 2037 691 αἰσθήσεως

371 708 874 788 ὕποκλεπτομένης,
944 709 1057 766 εἴτε
1139 710 1227 766 καὶ
1286 712 1358 775 εἰς
1427 718 1582 769 τοῦτο
1664 709 2039 789 κατακριθέντα

375 798 483 855 ἀπὸ
539 801 640 866 τῆς
712 799 881 857 πάλαι
940 799 1278 865 ἐκπτώσεως.
1326 798 1474 867 Πλὴν
1538 797 1684 874 ὅμως
1732 797 2036 875 συμπλέκε-

378 890 496 945 σθαι
561 894 633 965 τῇ
701 888 971 967 ἐναγωνίῳ
1073 887 1342 968 ἐφορμῶσι
1442 892 1622 968 ψυχῇ,
1716 887 2038 966 τρεπομένου

375 978 540 1055 αὐτῇς
569 979 704 1058 πρὸς
748 976 911 1035 ὕπνον
959 987 1051 1038 τοῦ
1100 976 1285 1037 δούλου
1326 977 1574 1054 σώματος
1622 994 1637 1010 ·
1671 975 1700 1033 ὅ
1726 978 1815 1034 καὶ
1843 975 2037 1054 δοκιμή

373 1087 456 1129 τις
486 1066 628 1124 εἶναί
701 1090 790 1143 μοι
834 1066 982 1125 δοκεῖ
1029 1071 1240 1148 ψυχῆς,
1296 1065 1411 1148 ἄρτι
1469 1066 1754 1146 γινομένης
1795 1067 2038 1146 ὑπεράνω

374 1157 476 1222 τῆς
523 1165 618 1216 τοῦ
672 1155 920 1233 σώματος
984 1155 1358 1218 ταπεινώτεως
1391 1175 1405 1189 ο
1440 1157 1515 1219 ὡς
1558 1152 1620 1212 ἄν
1666 1156 1729 1211 τὸ
1767 1153 2034 1231 θυμοειδὲς

378 1247 541 1312 αὐτῆς
586 1247 673 1302 καὶ
714 1243 977 1325 ἀνδρεῖον,
1031 1242 1177 1309 ὅπως
1233 1243 1352 1325 ἔχοι
1406 1245 1542 1301 κατὰ
1609 1250 1717 1300 τῶν
1785 1244 2035 1301 τοιούτων

378 1332 704 1415 ἀποδειχθῇ,
787 1331 1142 1392 απειλούντων
1201 1338 1336 1412 αὒτῇ
1392 1334 1456 1391 τὰ
1511 1334 1720 1413 φρικτὰ,
1789 1332 1844 1389 ἐν
1891 1337 2038 1409 θυμῷ

378 1425 468 1479 καὶ
520 1424 682 1498 μανίᾳ
728 1421 904 1500 πο)λῇ
938 1439 953 1456 ‘
1001 1427 1086 1487 οἷς
1107 1425 1143 1491 ἡ
1184 1422 1339 1504 ἔρωτι
1385 1423 1692 1503 τετρωμένη
1741 1431 1893 1497 Θεοῦ,
1950 1430 2038 1484 καὶ

382 1525 509 1575 ταῖς
554 1525 795 1592 γενικαῖς
835 1512 1053 1592 ἀρεταῖς
1109 1511 1501 1589 πεπυκνωμένη
1540 1517 1719 1594 ψυχὴ,
1763 1512 1822 1568 οὐ
1877 1512 2037 1589 μόνον

381 1607 461 1676 τῷ
537 1600 723 1674 δικαίῳ
811 1602 960 1678 θυμῷ
1031 1601 1424 1676 ἀντιτάσσεται,
1499 1600 1636 1658 ἀλλὰ
1691 1602 1778 1658 καὶ
1857 1602 2040 1658 τύπτει

382 1690 627 1770 τούτους,
673 1688 728 1746 εἴ
758 1712 839 1755 τις
871 1688 925 1748 ἐν
953 1691 1136 1754 αὐτοῖς
1168 1689 1417 1758 αἴσθησις
1460 1689 1516 1747 ἐν
1572 1693 1650 1765 τῷ
1677 1687 1852 1748 δοκεῖν
1882 1689 2040 1770 ἀφει-

380 1775 485 1842 δῶς
532 1778 890 1858 ἆπογεωθεῖσι
935 1786 1005 1857 τῇ
1048 1779 1307 1837 ἐκπτώσει
1355 1788 1449 1839 τοῦ
1494 1778 1704 1858 πρώτου
1748 1781 1838 1837 καὶ
1905 1779 2042 1836 θείου

380 1867 558 1949 φωτός
569 1913 581 1926 .

464 1945 610 2034 4ς“ὀ
647 1958 754 2039 Πρὸ
777 1963 879 2027 τῆς
928 1955 1241 2035 συμπλοκῆς
1293 1958 1382 2015 καὶ
1436 1962 1536 2025 τῆς
1579 1957 1747 2027 ἥττης
1777 1956 2037 2021 πολλάκις

379 2049 428 2104 οἱ
456 2044 700 2123 δαίμονες
769 2048 870 2116 την
926 2047 1175 2116 αἴσθησιν
1246 2053 1343 2116 τῆς
1386 2052 1571 2128 ψυχῆς
1639 2046 2036 2127 ἐκταράττουσι,

384 2137 476 2192 καὶ
517 2138 609 2193 τὸν
657 2135 822 2195 ὕπνον
863 2136 970 2194 ἀπὸ
1010 2142 1117 2193 τῶν
1163 2136 1436 2217 βλεφάρων
1488 2136 1827 2216 ἁρπάζουσιν.
1873 2133 2040 2193 Ἀλλὰ

380 2225 605 2305 θάρσους
662 2227 751 2283 καὶ
847 2224 1083 2306 ἀνδρείας
1143 2228 1179 2296 ἡ
1252 2226 1356 2284 ὐπὸ
1435 2232 1527 2283 τοῦ
1585 2226 1888 2302 Πνεύματος
1944 2230 2038 2282 τοῦ

383 2315 534 2393 ἁγίου
604 2314 1002 2396 πεπληρωμένη
1060 2317 1238 2397 ψυχὴ,
1300 2314 1491 2395 ἆλογεῖ
1525 2315 1621 2391 μὲν
1687 2318 1787 2384 τῆς
1842 2315 2039 2372 τούτων

381 2403 570 2486 ἐφόδου
596 2407 684 2462 καὶ
712 2412 903 2484 πικρᾶς
963 2405 1178 2482 μανίας,
1250 2406 1304 2462 ἐν
1360 2403 1415 2462 δὲ
1470 2411 1547 2481 τῷ
1592 2410 1837 2479 ζωοποιῷ
1893 2403 2041 2482 μόνῳ

381 2495 554 2571 τύπῳ,
599 2495 688 2552 καὶ
716 2501 784 2573 τῇ
833 2493 1109 2566 ἐπικλήσει
1161 2501 1255 2552 τοῦ
1303 2495 1479 2562 Ἰησοῦ
1520 2495 1609 2550 καὶ
1664 2500 1815 2575 Θεοῦ,
1868 2494 1963 2558 τάς
1984 2515 2042 2550 τε

384 2583 672 2665 φαντασίας
730 2588 902 2645 αὐτῶν
958 2581 1179 2665 διαλύει,
1237 2586 1326 2642 καὶ
1376 2585 1589 2647 τούτους
1645 2582 1757 2660 ἅμα
1812 2581 2043 2664 φυγάδας

382 2672 663 2731 ἀποτελεῖ.

470 2750 595 2838 4ἠ’.
672 2763 730 2820 Εἰ
785 2762 851 2819 τὰ
921 2762 1086 2820 σκύλα
1162 2772 1516 2844 προνομεῦσαι
1586 2767 1693 2820 τῶν
1773 2758 2041 2837 πολεμίων

383 2851 725 2927 πνευμάτων,
785 2850 846 2908 ἐκ
902 2857 1200 2932 πρακτικῆς
1258 2850 1470 2920 ἐξῆλθες
1541 2850 1874 2933 φιλοσοφίας,
1947 2850 2044 2930 ὅρα

382 2942 474 2998 καὶ
516 2941 751 3022 πρόσεχε
809 2955 926 3008 τοῖς
977 2941 1164 3007 ὅπλοις
1213 2943 1397 2999 ἑαυτὸν
1448 2941 1698 2999 πάντοθεν
1749 2947 1842 3000 τοῦ
1872 2940 2043 2999 Πνεύ-

386 3054 554 3109 ματος
585 3028 932 3097 καθοπλίσας.
991 3030 1158 3098 Οἶδας
1215 3032 1314 3112 γὰρ
1382 3032 1538 3088 τίνων
1594 3032 1660 3088 τὰ
1724 3031 1886 3099 σκεύη
1943 3031 2042 3110 ἀρ-

386 3120 557 3177 πάσαι
627 3120 997 3201 προεθυμήθης
1054 3137 1068 3151 ·
1136 3120 1406 3197 πολεμίων
1482 3120 1580 3197 μὲν
1636 3118 1773 3179 ἀλλὰ
1841 3122 2046 3187 νοητῶν

1163 2632 1179 2665 2

2121 618 2246 682 sive
2262 638 2489 683 meram
2508 620 2831 683 exhibeant
2844 622 3107 702 speciem
3124 624 3399 687 sensibus
3418 625 3628 693 illusis.
3655 625 3779 688 sive

2120 708 2194 770 ad
2226 710 2340 795 hoc
2359 710 2582 774 fuerint
2610 710 2875 774 damnati
2908 720 3150 793 propter
3172 714 3482 796 antiquum
3512 715 3776 793 lapsum.

2121 797 2421 879 Quidquid
2456 798 2556 870 sit,
2589 817 2728 861 cum
2760 799 2954 861 anima
3007 821 3260 881 pugnam
3289 823 3610 866 conserere
3629 804 3777 866 ado-

2120 887 2376 962 riuntur,
2410 906 2579 950 verso
2625 888 2701 950 ad
2739 907 3016 951 somnum
3067 891 3292 954 famulo
3325 893 3454 973 ejus
3483 911 3774 974 corpore:

2120 975 2300 1058 idque
2321 977 2470 1039 mihi
2492 976 2727 1039 videtur
2751 996 2886 1040 esse
2927 978 3208 1059 probatio
3230 981 3466 1063 animae,
3502 996 3782 1045 recenter

2119 1083 2300 1146 supra
2327 1066 2596 1147 corporis
2627 1066 2910 1129 vilitatem
2943 1068 3133 1144 elatae,
3159 1078 3221 1130 ut
3264 1079 3461 1152 pateat
3483 1072 3675 1153 qualis
3706 1073 3781 1135 sit

2119 1154 2247 1234 ejus
2265 1154 2544 1217 fortitudo
2558 1163 2617 1217 et
2632 1156 2883 1219 virilitas
2900 1157 3184 1222 adversus
3198 1159 3533 1223 istiusmodi
3549 1162 3775 1241 hostes,

2117 1242 2218 1324 qui
2244 1243 2558 1306 horribilia
2616 1243 2730 1325 ipsi
2792 1246 3097 1309 minantur
3159 1267 3293 1309 cum
3346 1248 3435 1310 ira
3486 1260 3547 1314 et
3578 1251 3779 1313 furore

2122 1349 2374 1411 magno:
2410 1351 2559 1414 quos
2591 1332 2832 1414 quidem
2865 1352 3067 1396 amore
3097 1338 3367 1399 vulnerat
3391 1337 3594 1400 divino
3619 1357 3776 1420 prae-
3806 1342 3811 1347 ’

2120 1420 2436 1503 cipuisque
2464 1431 2672 1484 ornata
2726 1422 3065 1499 virtutibus,
3117 1444 3235 1487 non
3286 1425 3480 1488 solum
3513 1447 3778 1509 congruo

2124 1518 2342 1589 pugnat
2371 1511 2593 1585 animo,
2617 1511 2722 1572 sed
2745 1512 2922 1574 etiam
2942 1514 3218 1593 percutit,
3247 1514 3296 1575 si
3314 1515 3448 1596 quis
3468 1516 3543 1578 sit
3565 1536 3780 1580 sensus

2123 1600 2185 1660 in
2207 1599 2324 1661 eis:
2345 1600 2567 1682 quippe
2589 1620 2738 1681 quos
2754 1602 3182 1665 immisericors
3198 1604 3256 1665 in
3279 1605 3479 1686 specie
3498 1606 3782 1669 severitas

2125 1688 2201 1751 ob
2232 1689 2460 1772 lapsum
2494 1690 2776 1771 rcpulita
2827 1691 3106 1772 primaavo
3156 1692 3477 1777 divinoque
3525 1695 3778 1759 lumine.

2206 1958 2307 2024 97.
2340 1957 2494 2021 Ante
2519 1976 2909 2038 congressum
2935 1965 2995 2022 et
3024 1959 3258 2023 cladem
3297 1979 3456 2043 saepe
3485 1960 3782 2026 daemonia

2122 2066 2336 2113 sensus
2366 2046 2582 2109 animae
2610 2046 2873 2123 turbant,
2929 2056 2988 2110 et
3033 2050 3308 2112 somn’um
3354 2051 3428 2113 ab
3458 2051 3649 2114 oculis
3676 2070 3779 2114 ra-

2124 2139 2317 2220 piunt,
2376 2134 2495 2199 Sed
2544 2136 2910 2199 confidentia
2959 2146 3019 2199 et
3063 2137 3414 2203 fortitudine
3470 2159 3504 2202 a
3553 2138 3783 2222 Spiritu

2119 2234 2320 2290 sancto
2361 2226 2594 2308 repleta
2624 2226 2847 2307 anima,
2892 2225 3146 2306 despicit
3192 2228 3441 2290 istorum
3471 2228 3779 2293 incursum

2118 2315 2520 2398 acerbumque
2549 2315 2836 2389 furorem,
2867 2314 2930 2377 in
2969 2317 3223 2398 soloque
3255 2318 3485 2381 vivifico
3515 2319 3684 2399 signo
3713 2327 3776 2382 et

2122 2407 2498 2469 invocatione
2524 2404 2763 2468 Domini
2791 2404 2931 2468 Jesu
2965 2407 3372 2488 phantasmata
3403 2427 3609 2471 eorum
3640 2408 3771 2471 dis-

2123 2496 2277 2578 sipat
2309 2514 2532 2578 eosque
2559 2496 2737 2559 simul
2769 2496 2831 2558 in
2861 2496 3055 2576 fugam
3089 2500 3405 2562 convertit.

2202 2758 2304 2823 98.
2338 2757 2401 2821 Si
2430 2757 2622 2839 spolia
2669 2755 3034 2838 praedaturus
3085 2754 3560 2819 adversariorum
3593 2756 3775 2838 spiri-

2128 2856 2291 2910 tuum
2323 2865 2357 2910 e
2387 2846 2647 2931 practica
2675 2845 2894 2909 exieris
2929 2844 3327 2927 philosophia,
3352 2844 3492 2907 vide
3522 2854 3581 2908 et
3604 2865 3771 2925 cave,

2127 2957 2260 3001 cum
2295 2946 2356 3000 te
2386 2944 2571 2999 totum
2623 2935 2809 2998 armis
2861 2932 3119 3015 Spiritus
3175 2934 3363 2997 sancti
3418 2934 3772 2997 accinxeris.

2129 3024 2365 3088 Etenim
2409 3024 2528 3087 scis
2577 3040 2831 3105 quorum
2878 3040 3016 3083 vasa
3064 3022 3331 3105 diripere
3380 3022 3608 3105 cupias,
3641 3042 3779 3086 nam

2128 3122 2338 3177 contra
2367 3115 2568 3176 hostes
2598 3113 2865 3194 quidem,
2895 3111 3005 3174 sed
3037 3112 3376 3193 spi'rituales
3406 3120 3464 3174 et
3504 3112 3779 3193 incorpo-

383 3210 475 3266 καὶ
522 3200 793 3291 άσάρκων,
855 3211 884 3267 6
939 3210 1073 3286 μετὰ
1128 3211 1377 3286 σώματος
1426 3208 1503 3267 ἔτι
1555 3216 1633 3291 τῇ)
1688 3208 1901 3286 βασιλεῖ
1939 3214 2042 3265 τῶν

2133 3211 2287 3285 reos,
2322 3211 2383 3265 tu
2412 3202 2609 3265 adhuc
2630 3221 2879 3284 corpore
2901 3200 3146 3291 indutus
3166 3201 3276 3264 sub
3298 3220 3440 3281 rege
3461 3200 3779 3283 spirituum

383 3276 701 3375 πνευμάτων
757 3276 846 3355 καὶ
903 3276 1018 3374 6·εῷ
1061 3276 1493 3380 στρατευόμενος.
1570 3276 1699 3356 Ἴσθί
1786 3299 1886 3378 γὰρ
1966 3298 2040 3360 ὡς

2133 3300 2187 3354 et
2216 3276 2340 3356 Deo
2370 3291 2616 3355 militas.
2647 3276 2811 3354 Scito
2843 3289 3005 3353 enim
3038 3309 3142 3353 eos
3169 3276 3581 3380 acrius'quam
3607 3299 3782 3352 antea

386 3388 697 3468 πικρότερον
751 3386 789 3456 ἢ
859 3386 1112 3468 πρότερον
1190 3388 1621 3469 ἐκστρατεύσουσι
1703 3387 1840 3444 κατὰ
1882 3390 2037 3466 ’σοῦ,

2126 3388 2333 3444 contra
2362 3389 2419 3444 te
2444 3387 2830 3464 pugnaturos,
2891 3380 3172 3461 variaque
3217 3377 3650 3457 excogitaturos
3678 3378 3782 3440 ad-

389 3467 495 3532 καὶί
533 3475 724 3534 πολλοὶ
781 3490 904 3542 ταῖς
961 3467 1097 3534 κατὰ
1176 3485 1272 3536 σοῦ
1319 3467 1658 3556 γενήσονται
1708 3490 1989 3558 μηχαναῖς
2022 3494 2041 3512 ⁹

2133 3489 2331 3533 versus
2360 3480 2420 3534 te
2448 3477 2887 3553 stratagemata,
2921 3468 3115 3531 donec
3162 3471 3252 3532 vel
3299 3467 3489 3550 spolia
3518 3486 3780 3549 recupe-

390 3562 497 3628 ’έως
526 3565 560 3634 ἢ
609 3564 857 3633 λαθόντες
901 3566 956 3623 ἐν
1000 3574 1077 3642 τῷ
1125 3568 1191 3624 τὰ
1242 3565 1412 3624 σκύλα
1465 3564 1875 3648 προσαπολύειν.
1912 3567 2042 3641 μετὰ

2133 3560 2321 3625 rando
2352 3558 2606 3623 inscium
2636 3566 2695 3622 te
2710 3560 2888 3623 simul
2911 3578 3047 3622 cum
3078 3559 3171 3622 his
3195 3558 3492 3648 captivum
3521 3558 3780 3648 rapiant,

389 3654 588 3713 τούτων
619 3679 679 3713 σε
736 3654 1063 3737 δορυάλωτον
1120 3646 1517 3739 ἀφαρπάσωσι,
1552 3657 1642 3713 xxi
1696 3653 1903 3722 πολλῆς
1950 3677 2042 3712 πι-

2134 3649 2435 3731 multaque
2463 3647 2860 3712 amaritudine
2888 3648 3150 3711 animam
3180 3656 3338 3710 tuam
3367 3647 3663 3730 repleant,
3689 3646 3781 3709 vel

387 3745 537 3825 κρίας
594 3745 690 3814 τὴν
738 3735 925 3828 ψύχήν
972 3769 1065 3803 σου
1122 3735 1501 3828 πληρώσωσιν,
1553 3744 1590 3812 ἥ
1624 3744 1836 3811 ’κακοῖς
1865 3766 1934 3828 σεΔ
1963 3740 2042 3801 καῖ

2134 3738 2307 3801 malis
2337 3748 2393 3802 te
2459 3736 2814 3821 molestique
2871 3737 3158 3820 dejiciant
3214 3736 3661 3828 tentationibus,
3707 3735 3784 3799 ad

388 3832 670 3915 ὁδυνηροῖς
740 3826 1180 3894 καθυποϐάλλωσι
1242 3826 1594 3916 πειρασμοῖς,
1669 3836 1739 3900 εἷς
1790 3826 2042 3891 σκώλοπι

2135 3829 2552 3909 ﬂagellandam
2583 3848 2825 3892 carnem
2858 3835 3016 3890 tuam
3046 3828 3224 3911 eique
3251 3826 3615 3891 nocendum.

384 3922 488 3992 τῆς
518 3925 712 4005 σαρκὸς
741 3947 835 3982 σου
856 3926 945 3982 καὶ
973 3924 1231 3985 κάκωσιν.

475 4003 599 4090 4θ’,⁷
625 4015 698 4072 Οὔ
751 4010 1173 4092 δύναται
1230 4013 1402 4093 ἀγαθὴ
1460 4008 1668 4090 νάματα
1724 4006 2042 4092 θολερὰξκαῖ

2208 4009 2308 4072 99.
2345 4012 2481 4074 Non
2502 4016 2694 4090 potest
2720 4010 2846 4071 fons
2875 4007 3070 4071 bonus
3110 4007 3276 4069 rivos
3312 4006 3585 4070 emittere
3617 4006 3785 4069 luto-

390 4101 568 4175 ὀξώδη
625 4102 909 4184 πηγάζειν,
966 4098 1099 4171 ῧλης
1142 4103 1405 4180 κοσμικῆς
1476 4101 1809 4160 ἀποπνέοντα
1856 4117 1869 4131 ⁸
1928 4099 2042 4159 οόδὲ

2133 4116 2225 4161 sos
2253 4099 2586 4181 fetidosque
2617 4111 2677 4161 et
2712 4099 2919 4162 mundi
2958 4098 3162 4161 faecem
3215 4097 3560 4179 spirantes;
3590 4115 3787 4178 neque

389 4190 576 4272 καρδία
604 4190 756 4256 ἐκτὸς
784 4197 880 4260 τῆς
927 4192 1197 4269 βασιλείας
1242 4192 1370 4250 οὖσα
1424 4199 1531 4249 τῶν
1581 4186 1833 4272 οὖρανῶν,
1866 4192 2042 4271 ῥεῖθρα

2133 4188 2424 4272 εηίιιιυεει
2451 4207 2635 4269 regno
2692 4190 2979 4252 coelorum
3028 4187 3306 4251 exsulans
3362 4195 3591 4249 scatere
3655 4186 3789 4249 vita:

390 4270 538 4354 ζωῆς
590 4303 722 4340 ποτε
764 4284 901 4348 θείας
958 4279 1245 4363 ἐκϐλύζειν,
1324 4280 1542 4340 εύωδίαν
1615 4270 1778 4363 μύρου
1854 4288 2042 4349 νοητοῦ

2133 4277 2343 4340 divinae
2373 4270 2614 4341 fluentis
2673 4297 2913 4341 suavem
2956 4276 3349 4360 spiritualium
3383 4275 3631 4338 odorum
3661 4275 3787 4338 fra-

390 4370 801 4447 ἀναπέμποντα.
859 4373 1003 4442 Μήτι
1071 4372 1193 4452 γὰρ,
1270 4372 1453 4452 φησὶν,
1510 4373 1573 4440 ἡ’
1605 4370 1760 4449 πηγὴ
1817 4369 1891 4426 ’ἐκ
1946 4375 2042 4438 τῆς

2133 4368 2421 4447 grantiam
2455 4368 2821 4431 halantibus.
2856 4372 3033 4443 Nam,
3066 4377 3131 4430 ut
3164 4366 3389 4429 dictum
3419 4374 3528 4446 est,
3569 4387 3592 4423 ιι
3618 4384 3789 4426 num-

390 4463 557 4529 αὖτῆς
600 4461 739 4530 ὀπῆς
768 4460 910 4541 βρύει
939 4462 1000 4517 τὸ
1043 4459 1209 4539 γλυκὺ
1265 4462 1353 4517 καὶ
1401 4462 1462 4517 τὸ
1491 4461 1680 4540 πικρὸν
1708 4479 1724 4541 ς
1773 4459 1863 4528 Μὴ
1892 4458 2042 4516 δύνα-

2135 4456 2275 4540 quid
2306 4457 2440 4520 fons
2465 4457 2542 4519 de
2571 4458 2782 4537 eodem
2813 4454 3104 4519 foramine
3156 4473 3428 4518 emanam
3456 4454 3693 4517 dulcem
3724 4463 3789 4518 et

390 4573 481 4606 ται
524 4550 684 4627 βάτος
755 4548 933 4613 ἐλαίας
989 4549 1231 4624 ποιῆσαι,
1280 4548 1316 4618 ἣ
1367 4549 1626 4627 βαλάνους
1684 4547 1876 4630 ἐλαία;
1943 4546 2042 4607 03-

2135 4564 2396 4608 amaram
2429 4546 2704 4628 aquam?)4
2728 4548 2759 4606 ?
2789 4571 2815 4602 ο
2850 4544 3149 4627 Numquid
3176 4552 3374 4626 potest
3402 4542 3586 4605 rubus
3602 4541 3787 4606 olivas

392 4662 501 4705 τως
532 4639 648 4699 οὐδὲ
694 4639 851 4718 πηγὴ
898 4639 994 4716 μία
1043 4636 1279 4719 καρδίας,
1330 4640 1562 4719 πονηρὸν
1609 4641 1698 4696 καὶ
1746 4639 1937 4719 ἀγαθὸν
1967 4638 2042 4695 ἐπῖ

2133 4635 2354 4716 facere,
2378 4635 2733 4715 autglandes
2751 4635 2902 4698 oliva
2919 4641 2948 4698 ?
2971 4637 3056 4699 Ita
3086 4651 3197 4698 nec
3229 4653 3383 4697 unus
3411 4632 3546 4696 fons
3588 4631 3788 4696 cordis

391 4731 456 4787 τὸ
487 4728 614 4786 αὖτὸ
660 4726 839 4786 τεκεῖν
885 4728 1064 4805 νόημα
1096 4747 1112 4763 ⁸
1158 4725 1279 4784 ἀλλ’
1312 4729 1341 4784 6
1384 4727 1481 4805 μὲν
1534 4728 1728 4807 ἀγαθὸς
1781 4726 2042 4807 ἅνθρωπος

2133 4723 2324 4787 bonas
2348 4732 2408 4787 et
2433 4724 2619 4786 malas
2648 4722 2808 4788 circa
2842 4722 3000 4789 idem
3032 4722 3365 4806 prOducere
3399 4730 3593 4803 potest
3621 4721 3787 4809 cogi-

393 4819 457 4876 ἐκ
509 4826 601 4877 τοῦ
642 4819 839 4899 ἀγαθοῦ
880 4821 1141 4896 θησαυροῦ
1191 4822 1292 4885 τῆς
1360 4814 1573 4898 καρδίας
1610 4817 1789 4874 αὐτοῦ
1842 4816 2042 4899 ἐκφέρει

2133 4814 2388 4878 taliones
2414 4833 2430 4889 ;
2454 4813 2559 4875 sed
2595 4836 2623 4870 α
2648 4813 2841 4876 bonus
2857 4812 3036 4875 homo
3058 4811 3134 4875 de
3155 4811 3311 4875 bono
3342 4812 3626 4874 thesauro
3657 4829 3788 4874 cor-

392 4911 462 4966 τὰ
520 4908 690 4989 ἀγαθά
723 4927 739 4944 ο
772 4911 800 4965 6
843 4905 899 4964 δὲ
954 4908 1185 4986 πονηρὸς
1243 4907 1305 4963 ἐκ
1354 4914 1448 4964 τοῦ
1499 4916 1733 4989 πονηροῦ
1787 4910 2049 4987 θησαυροῦ

392 5003 496 5067 τῆς
524 4996 736 5078 καρδίας
796 4997 953 5055 αὐτοῦ
1004 4995 1208 5077 ἐκφέρει
1246 4995 1313 5052 τὰ
1366 4997 1600 5079 πονηρὰ,
1658 4997 1935 5078 κατὰιτήν
1962 5003 2055 5055 τοῦ

396 5087 584 5169 Κυρίον
596 5088 818 5169 Δφωνήν.

478 5158 552 5258 ρ’,
595 5158 798 5257 "bona?
828 5174 1076 5234 ἀδύνατον
1115 5174 1291 5236 ἐλαίου
1340 5176 1429 5233 καὶ
1486 5177 1648 5255 πυρὸς
1707 5175 1828 5234 ἄνευ
1855 5174 2055 5258 λύχνου

394 5268 660 5349 καίεσθαι,
690 5269 780 5323 καὶ
834 5268 1032 5348 φαίνειν
1076 5279 1196 5332 τοῖς
1248 5266 1300 5325 ἐν
1342 5273 1411 5345 τῇ
1457 5267 1615 5348 οἰκίᾳ,
1662 5266 1800 5325 οὕτω
1838 5268 1928 5324 καὶ
1956 5271 2053 5344 ψυ-

397 5359 514 5443 χὴν
561 5358 849 5439 ἀμήχανον
907 5356 1027 5416 ἄνευ
1071 5359 1208 5415 θείου
1250 5359 1555 5434 Πνεύματος
1599 5359 1689 5415 καὶ
1741 5360 1927 5433 πυρὸς,
1985 5359 2054 5415 τὰ

396 5454 522 5507 θεῖα
591 5448 901 5529 τρανότερον
984 5446 1319 5530 φθέγγεσθαι,
1365 5448 1454 5504 καὶ
1524 5447 1764 5528 φωτίζειν
1843 5447 2053 5528 ἀνθρώ-

393 5561 558 5604 πους,
605 5544 714 5595 Πᾶν
742 5539 843 5617 γὰρ
871 5534 1095 5617 δώρημα
1152 5535 1376 5613 τέλειον,
1430 5533 1626 5594 ἄνωθέν
1673 5536 1816 5594 ἐστιν
1857 5536 1918 5594 ἐκ
1959 5544 2054 5595 τοῦ

479 5721 534 5766 ³1
563 5722 689 5787 Jac.
722 5737 812 5800 In,
844 5721 945 5785 11.
1027 5719 1086 5766 ³2
1109 5718 1314 5786 Matth.
1344 5735 1452 5801 xu,
1480 5722 1519 5784 3
1550 5720 1586 5785 5
1614 5735 1632 5797 ;
1663 5721 1813 5785 Luc.
1845 5735 1930 5805 τι,
1960 5719 2067 5786 45.

2135 4904 2228 4966 dis
2259 4903 2350 4966 sui
2400 4903 2625 4985 profert
2676 4903 2855 4981 bona,
2917 4911 2975 4965 et
3033 4902 3225 4965 malus
3280 4902 3459 4964 homo
3509 4901 3583 4965 de
3628 4901 3787 4963 malo

2139 4995 2418 5056 thesauro
2449 4993 2647 5056 cordis
2675 4993 2766 5056 sui
2801 4988 3026 5075 profert
3050 4990 3246 5075 ;mala,
3285 5017 3313 5050 ιι
3343 4992 3521 5074 juxta
3551 4989 3791 5054 Domini

2135 5102 2206 5145 vo
2218 5101 2348 5146 cem
2366 5081 2453 5146 52.

2218 5172 2356 5238 100.
2404 5172 2573 5235 Sicut
2599 5190 2720 5234 non
2748 5179 2943 5256 potest
2973 5170 3104 5234 sine
3129 5172 3261 5247 oleo
3293 5179 3352 5234 et
3380 5169 3517 5250 igne
3546 5169 3794 5233 lucerna

2136 5262 2408 5340 accendi,
2445 5270 2503 5325 et
2530 5261 2778 5325 illucere
2802 5261 2877 5324 iis
2925 5261 3027 5344 qui
3050 5269 3189 5325 sunt
3217 5262 3278 5323 in
3318 5260 3520 5333 domo,
3553 5259 3642 5321 sic
3670 5276 3793 5321 non

2137 5364 2330 5441 potest
2358 5354 2558 5418 anima
2607 5354 2740 5417 sine
2785 5352 2985 5441 divino
3032 5354 3258 5439 Spiritu
3301 5360 3361 5416 et
3411 5353 3549 5433 igne
3594 5351 3793 5414 divina

2137 5445 2296 5509 clare
2316 5444 2618 5529 explicare
2629 5440 2998 5508 etillustrare
3011 5440 3552 5507 homines.Etenim
3573 5459 3795 5529 «omne

2136 5536 2359 5599 donum
2378 5535 2704 5618 perfectum
2723 5533 3038 5599 desursum
3052 5542 3164 5612 est,
3178 5532 3554 5599 descendens
3568 5550 3604 5595 a
3620 5534 3795 5597 Patre
