4126 6378
403 370 523 434 899
1708 365 2011 433 NICEM
2056 365 2483 431 PECTORATI
3677 347 3801 411 900

401 506 694 569 luminum
726 505 803 586 (in
826 502 1167 566 mercedem
1202 502 1417 564 anima;
1455 501 1640 565 Deum
1677 500 2003 585 diligentis)

2113 511 2240 562 τῶν
2296 505 2486 585 φώτων
2551 504 2779 582 Πατρὸς,
2842 497 3312 579 ἒπιόραϐευόμενον
3375 495 3523 569 πάσῃ

402 596 556 678 apud
590 577 766 678 quem
786 613 905 656 non
932 601 1023 655 est
1046 592 1232 673 (juxta
1250 608 1482 653 sacrum
1505 577 1834 670 oraculum)
1853 577 2021 655 trans

2134 577 2346 675 ψυχῇ”
2381 591 2506 674 παρ’
2548 596 2595 668 ᾧ
2634 577 2734 649 οὗκ
2779 589 2876 666 ἔνι,
2926 577 3063 646 κατὰ
3117 590 3179 645 τὸ
3235 586 3441 664 λόγιον,
3472 577 3801 659 παραλλαγὴ

403 686 650 748 mutatio
682 703 795 747 nec
822 681 1245 747 vicissitudinis
1264 680 1673 744 obrumhratio
1691 681 1776 743 33.
1816 706 1843 738 ι)

2132 692 2221 740 καὶ
2250 683 2451 764 τροπῆς
2481 682 2823 757 ἀποσκίασμα
2835 724 2848 739 .

1248 869 1548 878 —-__

1583 1012 1930 1142 ΤΟΥ
2031 1010 2617 1143 ΑΥΤΟΥ

804 1286 1308 1372 ΔΕΥΤΕΡΑ
1396 1283 1887 1369 ΦΥΣΙΚΩΝ
1981 1284 2628 1370 ΚΕΦΑΛΑΙΩΝ
2717 1279 3384 1368 ΕΚΑΤΟΝΤΑΣ

1497 1494 1644 1547 Περι
1689 1494 1821 1545 ΤΗΣ
1868 1495 1993 1544 ΤΟΥ
2041 1494 2214 1545 ΝΟΟΣ
2264 1495 2686 1551 ΚΑΘᾹΡΣΕΩΣ.

1781 1881 2412 1993 EJUSDEM

819 2126 1539 2212 PHYSICORUM
1632 2125 2121 2210 CAPITUM
2194 2123 2757 2210 CENTURIA
2845 2119 3355 2208 SECUNDA

1631 2313 1728 2374 DE
1773 2311 2269 2375 PURGATIONE
2312 2311 2540 2375 ANIMI

461 2682 520 2743 l.
544 2679 913 2760 Principium
946 2677 1165 2740 amoris
1195 2678 1300 2741 Dei
1348 2688 1440 2739 est
1468 2677 1787 2740 visibilium
1821 2679 2021 2740 huma-

2203 2670 2281 2741 α’.
2313 2678 2488 2759 Ἀρχή
2549 2678 2659 2753 μὴν
2714 2677 2931 2756 ἀγάπης
2981 2683 3138 2757 Θεοῦ,
3211 2681 3317 2731 τῶν
3365 2674 3649 2754 ὁρωμένων
3693 2694 3765 2729 κα

380 2787 709 2850 uarumque
726 2787 929 2829 rerum
953 2768 1268 2848 despectus
1293 2785 1309 2842 ;
1338 2767 1601 2829 medium
1628 2787 1791 2845 vero,
1827 2768 2021 2830 cordis

2113 2768 2444 2848 ἀνθρωπίνων
2515 2766 2839 2846 πραγμάτων
2891 2768 2925 2835 ἡ
2972 2764 3361 2845 καταφρόνησις
3433 2782 3446 2796 ·
3521 2763 3779 2839 μεσότηςὶ

380 2866 440 2922 et
470 2858 654 2920 animi
687 2857 978 2937 purgatio,
1008 2875 1074 2918 ex
1098 2876 1211 2936 qua
1236 2857 1567 2937 procedunt
1587 2857 1913 2938 spiritualis
1944 2857 2021 2918 in.

2119 2859 2198 2935 δὲ,
2260 2859 2473 2941 καρδίας
2530 2862 2618 2917 καὶ
2679 2862 2798 2923 νοὸς
2841 2861 3111 2938 κάθαρσις,
3142 2858 3193 2925 ἐξ
3260 2860 3327 2926 ἧς
3365 2860 3401 2927 ἡ
3459 2857 3611 2937 νοερὰ
3666 2861 3777 2912 τῶν

381 2946 805 3011 tellectualium
837 2945 1149 3007 oculorum
1174 2944 1428 3026 apertio.
1457 2944 1866 3008 etabsconditi
1885 2946 2021 3007 intra

2122 2958 2329 3019 νοητῶν
2385 2948 2670 3031 ὀφθαλμῶν
2738 2948 3094 3029 ἀποκάλυψις,
3139 2949 3227 3005 καὶ
3268 2949 3303 3016 ἡ
3360 2947 3639 3025 ἐπίγνωσις
3671 2944 3774 3014 τῆς

378 3054 489 3097 nos
512 3035 683 3114 regni
714 3036 817 3097 Dei
868 3033 1125 3114 cognitio
1158 3054 1173 3109 ;
1205 3034 1340 3095 linis
1372 3034 1651 3115 denique,
1710 3036 2036 3097 vehemens

376 3123 747 3187 desiderium
779 3124 1316 3204 supernaturalium
1352 3124 1454 3186 Dei
1485 3124 1804 3200 donorum,
1834 3133 1891 3187 et
1923 3146 2031 3189 na-

379 3214 586 3276 turalis
606 3213 899 3295 appetitus
920 3213 1219 3275 societatis
1253 3232 1387 3276 cum
1420 3217 1568 3292 Deo,
1593 3232 1723 3295 quae
1744 3222 1834 3276 est
1866 3214 2032 3296 ipsa-

383 3312 509 3366 met
537 3304 596 3365 in
631 3323 699 3364 eo
725 3303 917 3384 quies.

456 3394 515 3456 2.
538 3392 652 3455 Ubi
675 3411 844 3454 amor
866 3391 970 3454 Dei
995 3403 1053 3454 et
1073 3392 1469 3473 spiritualium
1494 3411 1696 3455 rerum
1731 3393 2026 3473 operatio,

374 3491 432 3546 et
460 3482 893 3545 inaccessibilis
924 3481 1073 3543 lucis
1098 3482 1495 3563 puticipatio,
1522 3482 1605 3544 ibi
1630 3482 2025 3564 potentiarnm

372 3573 588 3635 anima;
637 3591 768 3652 pax,
818 3571 1155 3652 mentisque
1209 3572 1503 3652 purgatio,
1562 3581 1621 3633 et
1677 3573 2028 3635 inhaliitatio

371 3669 596 3723 sanctae
624 3659 956 3723 Trinitatis.
1009 3659 1244 3722 Etenim
1280 3686 1306 3716 α
1343 3662 1444 3741 qui
1495 3660 1685 3739 diligit
1717 3680 1834 3732 me,
1862 3661 2028 3724 Chri-

367 3758 491 3812 stus
521 3750 733 3831 inquit,
777 3769 1120 3812 sermonem
1171 3768 1368 3811 meum
1424 3749 1709 3827 servabit,
1767 3760 1825 3813 et
1857 3750 2031 3812 Pater

369 3857 538 3900 meus
555 3839 932 3918 diligeteum,
957 3847 1014 3899 et
1062 3840 1133 3901 ad
1166 3856 1301 3900 eum
1323 3839 1653 3914 veniemus,
1681 3838 2025 3901 etmansio-

371 3945 509 3989 nem
540 3928 693 4008 apud
728 3946 864 3989 eum
902 3927 1287 3991 faciemus“.
1330 3956 1351 3987 ι
1455 3996 1463 4005 ,

448 4018 509 4078 3.
540 4017 689 4079 Tres
722 4016 879 4078 novit
908 4016 1057 4077 ratio
1103 4026 1290 4079 status
1337 4018 1490 4093 vitae,
1526 4018 1853 4094 carnalem,
1885 4019 2017 4080 ani-

370 4105 585 4166 malem
618 4112 677 4166 et
704 4106 1101 4186 spiritualem.
1155 4106 1379 4168 Horum
1428 4110 1844 4189 unusquisque
1877 4128 2020 4189 pro-

368 4193 563 4275 prium
598 4193 774 4256 habet
802 4195 1126 4257 exsistendi
1162 4196 1479 4259 modumin
1500 4215 1564 4259 se
1589 4197 1932 4260 distinctum
1966 4205 2025 4260 et

365 4283 439 4344 ab
467 4284 601 4345 aliis
631 4283 1011 4346 dissimilem.

445 4374 506 4436 4.
540 4373 807 4437 Carnalis
826 4374 959 4436 vitae
981 4383 1168 4437 status
1192 4381 1346 4436 totus
1370 4375 1766 4457 voluptatibus
1788 4384 1850 4439 et
1882 4395 2025 4458 prae-

366 4462 551 4524 sentis
580 4463 715 4525 vitae
745 4463 979 4525 deliciis
1009 4465 1249 4525 deditus
1272 4472 1381 4539 est,
1410 4463 1557 4525 nihil
1590 4464 1865 4527 animalis
1894 4466 2022 4547 spi-

365 4551 718 4633 ritualisque
751 4561 938 4616 status
968 4553 1028 4613 in
1056 4573 1120 4615 se
1139 4552 1389 4627 habens,
1415 4555 1848 4635 autacqnirere
1882 4558 2023 4617 ulla-

365 4647 539 4703 tenus
565 4644 791 4706 volens.
824 4642 1139 4725 Animalis,
1165 4643 1335 4724 quasi
1383 4643 1586 4705 vitium
1638 4657 1702 4706 et
1744 4645 2021 4707 virtutem

359 4727 745 4810 interjacens,
790 4730 862 4792 ad
919 4750 1119 4793 curam
1174 4731 1610 4813 sanitatemque
1660 4732 1926 4814 corporis
1957 4741 2017 4797 et

361 4819 434 4880 ad
456 4820 690 4882 laudem
721 4822 1038 4882 humanam
1070 4820 1349 4901 intendit,
1383 4823 1605 4901 pariter
1632 4823 1868 4884 labores
1890 4825 2013 4885 vir-

359 4907 500 4969 tutis
557 4911 890 4984 excutiens,
944 4919 1005 4971 et
1053 4928 1235 4992 Opera
1282 4910 1513 4989 fugiens
1564 4911 1785 4984 carnis,
1820 4932 2014 4995 neque

353 4995 578 5072 virtuti,
615 5015 809 5078 neque
836 4997 977 5059 vitio
1010 4998 1386 5079 incumbens,
1441 5009 1684 5079 propter
1712 5006 2014 5082 oppositas

354 5086 471 5147 sibi
504 5086 758 5149 invicem
793 5105 1003 5148 causas
1039 5109 1054 5162 ;
1084 5107 1201 5148 non
1250 5088 1471 5161 virtuti,
1510 5098 1752 5169 prOpter
1779 5092 2012 5172 asperi-

359 5182 539 5236 tatem
570 5177 702 5256 ejus
760 5175 936 5238 simul
985 5185 1043 5238 et
1085 5177 1531 5252 difﬁcultatem;
1588 5197 1705 5239 non
1737 5178 1900 5261 vitio,
1938 5201 2012 5244 ne

2117 3039 2486 3121 κεκρυμμένης
2530 3038 2584 3095 ἒν
2626 3041 2762 3114 ἡμῖν
2808 3039 2915 3095 τῶν
2977 3042 3208 3118 οὐρανῶν
3264 3036 3533 3114 βασιλείας
3569 3053 3583 3068 ⁸
3615 3034 3772 3097 τέλος

2115 3128 2192 3211 δὲ,
2253 3130 2618 3210 ἀκατάσχετος
2663 3127 2793 3208 ἔρως
2854 3128 2959 3185 τῶν
2991 3128 3123 3207 ὑπὲρ
3170 3127 3320 3208 φύσιν
3367 3133 3462 3183 τοῦ
3498 3130 3629 3182 Θεοῦ
3657 3121 3773 3181 δω-

2114 3227 2270 3301 ρεῶν,
2340 3222 2429 3277 καὶ
2471 3219 2665 3301 φυσικῆ
2736 3219 2979 3293 ἐπιθυμία
3039 3217 3135 3286 τῆς
3218 3218 3351 3293 μετᾶ
3409 3224 3541 3275 Θεοῦ
3602 3236 3770 3271 συνα-

2114 3310 2264 3390 φείας
2306 3310 2466 3390 σξότῆς
2497 3313 2595 3375 τῆς
2642 3307 2695 3365 ὲν
2730 3307 2870 3382 αὒτῷ
2899 3307 3305 3371 καταπαύσεως,

2193 3389 2268 3477 β’.
2319 3380 2478 3458 ⁸Ὀπου
2527 3396 2658 3478 ἔρως
2704 3406 2860 3471 Θεοῦ,
2917 3398 3002 3453 καὶ
3052 3402 3159 3452 τῶν
3190 3401 3394 3462 νοητῶν
3437 3394 3767 3474 πραγμάτων

2110 3490 2145 3557 ἡ
2214 3489 2452 3567 ἐργασία,
2512 3489 2600 3544 καὶ
2668 3490 2703 3556 ἡ
2776 3488 3023 3563 μετουσία
3082 3492 3175 3542 τοῦ
3230 3485 3512 3564 ἀπροσίτου
3562 3483 3766 3564 φωτός,

2111 3578 2226 3635 ἐκεῖ
2283 3584 2391 3634 τῶν
2477 3577 2747 3653 δυνάμεων
2815 3581 2914 3643 τῆς
2960 3575 3141 3656 ψυχῆς
3219 3576 3424 3655 εἰρήνη,
3477 3576 3566 3630 καὶ
3640 3575 3765 3656 vobo;

2108 3668 2382 3747 κάθαρσις,
2428 3671 2517 3724 καὶ
2570 3670 2605 3735 ἡ
2679 3666 2943 3734 ἐνοίκησις
3142 3654 3293 3744 ἁγίας
3350 3661 3591 3745 Τριάδος.
3643 3687 3669 3719 α
3710 3654 3771 3721 ι0

2110 3757 2210 3837 γὰρ
2239 3758 2461 3836 ἀγαπῶν
2505 3777 2592 3832 με,
2657 3757 2810 3838 φησὶ,
2844 3757 2935 3811 τὸν
2981 3754 3139 3833 λόγον
3197 3774 3299 3830 μου
3340 3755 3588 3833 τηρήσει,
3620 3753 3772 3809 καὶὸ

2111 3849 2295 3926 Πατήρ
2340 3869 2440 3923 μου
2488 3846 2757 3925 ἀγαπήσει
2816 3846 2995 3913 αὗτὸν,
3033 3845 3118 3900 καὶ
3159 3844 3291 3922 πρὸς
3336 3844 3491 3901 αὒτὸν
3545 3841 3770 3898 ἐλευσό-

2043 3946 2085 3995 C
2108 3940 2264 4012 μεθα,
2310 3938 2399 3993 καὶ
2428 3937 2598 4011 μονὴν
2624 3933 2750 4016 παρ’
2781 3939 2922 4010 αὒτῷ
2963 3935 3288 4009 ποιήσομεν.
3343 3956 3365 3989 ιι

2231 4015 2241 4033 ο
2323 4016 2380 4039 (__
2462 4038 2465 4039 ,
2603 4022 2627 4039 ιι
2745 4027 2757 4039 ι
2822 4023 2884 4039 ει
3263 4023 3276 4039 ρ
3512 4029 3535 4039 υ

2185 4021 2263 4103 γ’.
2323 4021 2496 4104 ’Τρεῖς
2541 4022 2683 4081 οῒδεν
2738 4027 2768 4080 ί,
2822 4023 2981 4102 λόγος
3040 4023 3393 4085 καταστάσεις
3448 4029 3540 4079 τοῦ
3591 4021 3707 4098 βίου
3746 4042 3760 4057 ο

2105 4115 2383 4195 σαρκικῆν,
2431 4113 2695 4193 ψυχικὴν,
2752 4115 2842 4170 καὶ
2870 4114 3260 4187 πνευματικήν.
3320 4112 3529 4171 Τούτων
3559 4111 3763 4179 ἑκάστη

2104 4207 2204 4273 την
2264 4204 2456 4262 οἰκείαν
2516 4202 2632 4284 ἔχει
2690 4201 2914 4261 διάθεσιν
2971 4208 3070 4270 τῆς
3151 4202 3296 4275 ζωῆς
3354 4200 3762 4281 διακεκριμένην

2104 4297 2234 4375 πρὸς
2264 4294 2476 4370 ἑαυτὴν,
2507 4296 2595 4351 καὶ
2624 4299 2728 4349 τῶν
2753 4292 2927 4354 ἄλλων
2957 4293 3233 4368 ἀνόμοιον.

2189 4373 2232 4400 κο
2304 4375 2317 4395 ι
2619 4382 2632 4401 ς
2772 4390 2793 4398 ν
2894 4383 2903 4403 ρ
3139 4382 3152 4403 ι
3403 4381 3429 4401 φα
3533 4404 3538 4412 _
3649 4380 3660 4399 ο

2170 4398 2211 4465 lo
2238 4428 2252 4443 .
2321 4390 2365 4439 Π
2422 4405 2679 4463 σαρκικην
2705 4405 2798 4439 του
2853 4383 2964 4459 βιου
3021 4403 3342 4446 καταστασις
3402 4380 3502 4449 ολη
3534 4378 3760 4437 καθολου

2102 4475 2232 4554 πρὸς
2305 4471 2494 4541 ἡδονὰς
2562 4474 2651 4528 καὶ
2733 4469 3052 4535 ἀπολαύσεις
3103 4471 3199 4539 τῆς
3288 4471 3559 4550 παρούσης
3613 4469 3759 4541 ζωῆς

2108 4562 2465 4643 καταγίνεται,
2529 4560 2695 4637 μηδὲν
2749 4560 2785 4629 ἢ
2844 4560 2948 4617 ἀπὸ
3004 4560 3099 4628 τῆς
3157 4565 3396 4641 ψυχικῆς
3480 4559 3759 4617 καταστά-

2106 4674 2264 4734 σεως,
2297 4652 2333 4721 ἢ
2395 4653 2501 4709 ἀπὸ
2555 4657 2653 4719 τῆς
2698 4656 3060 4727 πνευματικῆς
3081 4667 3233 4731 ’προς
3290 4651 3483 4719 ἑαυτὴν
3526 4648 3754 4730 ἔχουσα,

2104 4742 2140 4810 ἢ
2233 4741 2331 4798 κᾶν
2399 4741 2537 4807 ὅλως
2636 4739 2930 4818 βουλομένη
3018 4742 3473 4820 προσκτήσασθαι.
3580 4734 3642 4797 Ἠ
3699 4737 3758 4796 δὲ

2096 4832 2330 4914 ψυχικὴ,
2406 4832 2647 4912 μεθόριός
2717 4853 2798 4894 τις
2904 4831 3031 4888 οὖσα
3128 4833 3315 4895 κακίας
3382 4833 3471 4888 καὶ
3532 4830 3756 4911 ἀρετῆς,

2095 4926 2227 5003 πρὸς
2296 4923 2395 4991 τὴν
2492 4929 2584 4978 τοῦ
2676 4922 2924 4997 σώματος
3022 4919 3327 4996 ἐπιμέλειαν
3427 4923 3515 4978 καὶ
3593 4922 3757 5000 ρὦιν

2095 5015 2212 5092 ὁρᾷ,
2258 5014 2347 5069 καὶ
2403 5013 2534 5091 πρὸς
2589 5013 2681 5069 τὸν
2739 5009 2952 5069 ἔπαινον
3003 5011 3109 5067 τῶν
3166 5010 3451 5091 ἀνθρώπων
3487 5027 3501 5041 ⁸
3563 5010 3755 5077 ἐπίσης

2094 5104 2214 5165 τούς
2269 5123 2325 5158 τε
2383 5103 2575 5166 πόνους
2635 5099 2994 5176 ἆποσειομένη
3055 5106 3154 5168 τῆς
3197 5100 3413 5179 ἆρετῆς,
3488 5102 3575 5157 καὶ
3655 5101 3757 5163 τὰς

2094 5191 2304 5271 πράξεις
2364 5193 2626 5273 φεύγουσα
2671 5197 2771 5258 τῆς
2822 5190 3014 5270 σαρκός
3052 5207 3064 5220 '
3101 5191 3178 5266 μὴ
3231 5191 3589 5269 προσκειμένη
3645 5212 3755 5246 κα-

353 5265 666 5360 amittatur
721 5265 1028 5327 hominum
1089 5266 1470 5329 existimatio.
1529 5266 1863 5347 Spiritualis
1901 5272 2011 5334 de-

2113 5282 2202 5354 ιίᾳ,
2248 5280 2285 5349 ἢ
2329 5281 2516 5360 ἀρετῇ,
2568 5278 2651 5336 δια
2705 5282 2799 5345 τας
2858 5280 2911 5336 ἐν
2970 5281 3155 5345 αὒταϊς
3215 5280 3510 5345 ἀντιθέτους
3555 5281 3751 5349 αἰτίας,

354 5372 513 5415 mum
546 5355 680 5418 vitae
735 5364 922 5417 status
971 5357 1224 5418 duorum
1286 5359 1550 5437 priorum
1610 5358 1760 5421 nihil
1793 5360 2011 5424 habere

350 5443 495 5519 vult,
531 5454 590 5506 et
619 5445 828 5508 ambos
848 5446 930 5507 ita
952 5448 1140 5509 malos
1164 5448 1411 5509 minime
1436 5447 1683 5528 appetit,
1718 5453 1822 5513 sed
1855 5462 2011 5515 totus

352 5530 424 5593 ab
454 5542 706 5617 utroque
753 5552 1002 5617 prorsus
1052 5537 1227 5616 liber,
1290 5536 1695 5616 deargentatis
1746 5540 2007 5606 charita-

429 5701 483 5745 ³⁸
511 5701 639 5767 Jac.
672 5722 714 5782 ι,
749 5705 847 5766 l7.
935 5704 989 5747 ³⁴
1015 5704 1188 5771 Joan.
1219 5722 1343 5785 xxv,
1374 5705 1476 5773 23.

2093 5371 2278 5449 ἀρετῇ,
2342 5371 2463 5451 μὲν,
2522 5368 2606 5427 διὰ
2652 5371 2714 5426 τὸ
2766 5371 2938 5450 τραχὺ
2994 5370 3191 5438 ταύτης
3250 5373 3383 5447 ὁμοῦ
3424 5373 3513 5427 καὶ
3553 5369 3753 5428 ἐπίπο-

2094 5482 2181 5517 νον
2214 5477 2230 5494 ⁸
2265 5462 2424 5533 κακίᾳ
2480 5459 2558 5532 δὲ,
2618 5457 2703 5516 διὰ
2759 5461 2819 5515 τὸ
2879 5460 2957 5536 μὴ
3013 5459 3408 5539 προσαπολέσαι
3478 5461 3600 5526 τοὺς
3644 5460 3755 5518 τῶν

2100 5550 2389 5629 ἀνθρώπων
2461 5550 2726 5615 ἐπαίνους,
2795 5540 2856 5606 Ἠ
2943 5547 2997 5605 δὲ
3062 5551 3395 5627 πνευματικὴ
3477 5559 3568 5607 τοῦ
3638 5551 3756 5628 βίου
