4126 6380
406 404 524 475 903

1712 370 2020 457 NICET/E
2062 370 2491 450 PECTORATI

3682 374 3800 440 994

419 563 551 629 quae
567 561 670 606 eos
684 543 863 605 ducat
880 544 1261 629 mentemque
1282 531 1512 629 aperiat
1530 529 1609 629 ad
1627 529 2067 629 scripturarum

2170 520 2335 582 ιῦτοῖς
2391 518 2455 572 τὸ
2507 514 2730 594 δδηγοῦν
2762 520 2897 595 φῶς,
2956 515 3043 572 καὶ
3100 511 3368 592 διανοῖγον
3426 514 3517 569 τὸν
3561 517 3680 569 νοῦν
3729 510 3805 573 εἷς

2182 609 2196 626 κ
2390 606 2403 629 ρ
2466 628 2469 629 ,
2572 607 2657 629 λη
2728 610 2829 629 n___
2882 605 2932 629 Α-
3046 601 3210 629 una-
3286 605 3375 629 ηε--
3441 599 3550 629 -19:
3628 598 3803 629 mm.-.

414 617 897 713 intelligentiam.
925 626 1075 702 Quin
1108 622 1283 685 etiam
1324 621 1396 682 ab
1428 620 1548 681 illis
1576 617 1829 680 ducibus
1857 634 1923 677 se
1953 632 2064 674 au—

415 725 546 787 dire
576 701 692 785 nou
752 719 1083 802 patiuntur.
1125 713 1298 776 Umle
1355 709 1778 772 convenienter
1807 705 1881 766 de
1937 701 2067 763 istis

416 815 735 899 Apostolus
753 797 954 874 dixit:
993 836 1016 865 σι
1054 803 1544 899 Aninialisliomo
1576 821 1693 899 non
1726 797 1978 899 percipit
1999 814 2068 858 ea

418 887 551 990 quae
582 913 719 967 sunt
747 901 1002 990 Spiritus
1060 896 1208 961 Dei:
1243 893 1488 990 stultitia
1534 890 1694 990 enim
1745 898 1836 990 est
1864 887 1973 960 illi,
2009 893 2068 948 et

418 979 538 1059 non
570 1001 761 1077 potest
790 979 1151 1067 intelligere,
1186 984 1324 1077 quia
1382 983 1474 1044 lex
1504 979 1836 1063 spiritualis
1867 986 1976 1054 est,
2010 983 2070 1038 et

422 1073 813 1167 Spiritualiter
843 1077 1210 1167 examinatur
1226 1073 1311 1135 36.

497 1178 557 1237 7.
591 1172 701 1245 Qui
731 1169 943 1251 spiritu
967 1165 1292 1238 adhaerent,
1321 1170 1377 1224 et
1399 1154 2069 1251 omnino__spiritualem

417 1264 645 1343 eligunt
667 1245 864 1335 vitam,
900 1257 1135 1338 placent
1188 1256 1339 1343 Deo,
1390 1251 1486 1343 cui
1530 1259 1595 1311 ut
1649 1245 2077 1343 Nazarasi‘sunt

414 1335 747 1416 consecrati
779 1367 795 1411 :
832 1335 1073 1427 semper
1090 1342 1249 1406 enim
1272 1339 1577 1403 laboribus
1592 1355 1730 1398 snas
1761 1335 2075 1416 puriﬁcant

417 1443 669 1517 animas,
695 1448 754 1501 et
776 1425 1070 1519 praecepta
1094 1431 1332 1497 Ilomini
1353 1429 1715 1519 custodiunt.
1732 1425 2074 1488 Fundentes

418 1551 591 1594 suum
626 1518 975 1606 sanguinem
1001 1524 1075 1585 ob
1093 1539 1357 1583 amorem
1382 1518 1565 1593 illius,
1589 1532 1827 1579 carnem
1857 1532 2035 1575 emun
2054 1546 2073 1557 -

418 1624 560 1685 dant
584 1617 839 1701 jejuniis
864 1623 923 1677 et
950 1612 1186 1692 vigiliis,
1222 1607 1497 1690 lacrymis
1547 1625 1651 1667 cor
1678 1608 2071 1667 incrassatum

415 1692 743 1783 attenuant,
802 1703 1073 1766 membra
1131 1699 1491 1761 mortiﬁcant
1547 1692 2069 1766 macerationibus,

419 1797 705 1863 orationis
730 1782 795 1857 et
823 1790 1228 1856 meditationis
1258 1807 1370 1869 ope
1419 1793 1679 1848 mentem
1710 1782 1937 1845 lumine
1969 1799 2073 1843 re-

425 1885 1030 1974 plentfulgidumque
1054 1880 1303 1954 faciunt,
1336 1875 1649 1974 voluntatis
1681 1871 2078 1974 abnegatione

424 1960 698 2061 proprias
708 1960 948 2037 animas
969 1976 1279 2061 segregant
1298 1985 1332 2028 a
1352 1964 1618 2061 corporis
1631 1960 2071 2061 cupiditatibus,

422 2048 491 2130 ac
523 2048 629 2129 toti
658 2064 839 2126 unius
868 2062 1020 2122 ﬁunt
1045 2048 1294 2140 spiritus
1319 2076 1332 2118 :
1358 2055 1556 2134 itaque
1587 2048 1925 2140 spirituales
1954 2065 2074 2140 non

423 2156 617 2218 solum
646 2152 949 2229 videntur,
970 2134 1097 2209 sedT
1118 2154 1178 2207 et
1219 2151 1504 2229 vocantur
1546 2137 1974 2202 convenienter
2000 2134 2075 2198 ab

422 2243 723 2309 omnibus.
758 2226 944 2302 [idem
972 2236 1042 2298 ad
1070 2228 1608 2315 impassibilitatem
1642 2238 1700 2290 et
1728 2226 2076 2290 charitatem

423 2331 864 2416 pervenientes,
928 2325 999 2387 ad
1055 2331 1461 2385 creaturarum
1509 2315 2075 2397 contemplationem

418 2406 719 2486 advolant.
783 2417 928 2482 Inde
985 2414 1293 2477 scientiam
1356 2412 1581 2473 entium
1640 2406 1943 2484 accipiunt
1973 2420 2081 2484 per

423 2509 777 2593 sapientiam
809 2507 869 2569 in
902 2508 1027 2569 Deo
1057 2502 1433 2575 absconsam,
1486 2499 1692 2577 hisque
1727 2502 1952 2556 tantum
1983 2492 2084 2554 da-

426 2583 544 2665 tam
578 2601 678 2682 qui
708 2597 1055 2677 superiores
1108 2591 1301 2682 eﬂ'ecli
1351 2597 1491 2653 sunt
1531 2584 1801 2668 corporis
1828 2583 2080 2646 vilitate.

429 2672 684 2756 Omnem
723 2672 904 2768 igitur
929 2681 1137 2748 mundi
1184 2698 1426 2743 sensum
1479 2673 1854 2754 transgressi,
1889 2680 1946 2734 et
1976 2672 2070 2734 in-

426 2782 669 2843 tellectu
699 2777 1035 2840 illuminato
1065 2774 1139 2835 ad
1188 2791 1259 2833 ea
1305 2789 1440 2851 qua),
1494 2776 1739 2830 sensum
1796 2771 2079 2845 superant

429 2868 667 2944 clevati,
689 2868 986 2929 rationem
1017 2862 1362 2932 clariﬁcant,
1397 2865 1457 2919 et
1486 2857 1545 2918 in
1571 2855 1766 2917 medio
1797 2851 2081 2914 Ecclesia:

430 2958 537 3021 Dei
569 2966 627 3020 et
655 2955 894 3019 concilii
929 2952 1099 3015 multi
1130 2948 1392 3012 ﬁdelium
1450 2947 1640 3008 bonos
1675 2959 1987 3006 sermones
2011 2959 2082 3003 ex

433 3065 582 3129 puro
611 3045 793 3108 corde
826 3043 1157 3125 proferunt,
1180 3046 1358 3129 atque
1371 3031 1879 3129 liunthomini-bus
1909 3030 1994 3129 sal
2025 3037 2085 3092 et

433 3120 555 3210 lux,
580 3136 768 3216 juxta,
812 3120 1058 3195 verbum
1101 3146 1216 3210 quo
1246 3126 1537 3216 Dominus
1589 3140 1696 3216 eos
1724 3120 2081 3202 alloquitur:

440 3246 471 3287 ‹
500 3213 622 3289 Vos
648 3224 790 3286 estis
821 3223 919 3285 lux
948 3219 1156 3284 mundi
1185 3224 1244 3280 et
1273 3214 1360 3279 sal
1395 3224 1570 3277 terrae
1585 3213 1671 3276 37.
1718 3236 1741 3272 ιο

516 3674 578 3737 8.
599 3698 626 3729 α
640 3670 883 3753 Vacate,
904 3677 962 3732 et
981 3666 1179 3730 videte
1191 3663 1474 3746 quoniam
1494 3680 1601 3753 ego
1614 3679 1745 3753 sum
1771 3663 1930 3725 Deus
1946 3660 2034 3735 '58,
2058 3683 2083 3717 υ

437 3765 567 3827 haec
596 3770 690 3825 est
719 3750 904 3823 Verbi
930 3756 1117 3820 divini
1144 3774 1276 3830 vox,
1297 3772 1429 3835 quae
1452 3752 1524 3814 ad
1559 3751 1784 3833 praxim
1818 3769 1853 3812 a
1877 3750 2087 3812 volen-

434 3853 595 3916 tibus
622 3849 947 3913 reducitur.
986 3846 1193 3908 Bel‘ert
1220 3844 1400 3920 igitur
1429 3844 1558 3921 ejus
1579 3841 1679 3922 qui
1701 3840 1890 3902 semel
1923 3839 2088 3901 vale-

435 3942 583 4004 dixit
606 3934 1133 4014 sollicitudinibus,
1158 3932 1440 4015 periculis
1484 3928 1910 3993 etvanitatibus
1937 3928 2093 4015 vitae,

437 4029 623 4092 multa
642 4025 944 4105 vigilantia
973 4022 1241 4103 etquiete
1261 4019 1576 4097 diligenter
1604 4016 1945 4080 examinare
1997 4019 2093 4078 in-

438 4127 641 4180 ternos
670 4123 840 4178 actus
889 4131 1048 4188 suos,
1097 4118 1155 4172 et
1195 4110 1382 4172 Deum
1414 4108 1475 4169 in
1533 4107 1731 4189 seipso
1760 4106 2092 4188 inquirere,

441 4226 577 4270 cum
605 4206 762 4267 intra
788 4221 898 4265 nos
928 4202 1004 4264 sit
1021 4216 1276 4279 regnum
1299 4200 1427 4262 Dei.
1451 4197 1561 4261 Vix
1585 4197 1744 4259 enim
1774 4197 1991 4278 aliquis
2012 4196 2094 4257 ita

436 4315 642 4377 agens,
680 4313 785 4376 per
804 4293 1044 4373 longum
1074 4289 1360 4371 temporis
1382 4287 1637 4370 spatium
1668 4286 1853 4348 malas
1879 4285 2094 4348 animae

437 4375 868 4469 impressiones
902 4381 1157 4462 evadere
1189 4388 1409 4462 posset,
1452 4386 1509 4439 et
1557 4376 1875 4458 pristinum
1909 4375 2092 4439 decus

438 4480 493 4541 ei
516 4476 617 4559 qui
647 4474 838 4556 dedit,
864 4474 1160 4552 integrum
1194 4487 1458 4533 servare.

519 4746 580 4811 8.
603 4744 953 4827 Depositum
984 4741 1046 4803 in
1076 4739 1251 4803 nobis
1274 4736 1411 4800 mali
1432 4751 1751 4827 venenum,
1773 4749 1908 4795 cum
1933 4730 2093 4795 mul-

440 4845 570 4900 tum
603 4820 713 4911 sit;
739 4833 990 4896 multum
1015 4829 1268 4912 proinde
1288 4825 1547 4908 suppetit
1566 4824 1769 4902 ignem
1793 4821 1893 4904 qui
1922 4820 2093 4902 puri-

443 4926 583 4988 ﬁcet
613 4942 718 5005 per
748 4911 1037 5003 lacrymas
1071 4913 1437 5000 poenitentiae
1460 4921 1519 4976 et
1545 4911 1906 5005 voluntarios
1918 4928 2093 5005 asce-

442 5015 527 5077 sis
547 5000 803 5076 labores.
839 5000 1148 5092 Siquidem
1176 5006 1270 5069 vel
1333 5023 1442 5085 per
1470 5003 1831 5092 voluntarios
1861 5000 2096 5092 labores

422 5104 535 5167 'vel
567 5121 676 5185 per
704 5090 1135 5164 involuntarias
1166 5096 1529 5159 calamitates
1560 5112 1594 5155 a
1615 5090 1891 5155 sordibus
1931 5090 2092 5171 puri-

446 5180 697 5257 ﬁcamur
725 5197 1128 5275 peccatorum.
1150 5187 1210 5251 Si
1231 5185 1392 5248 enim
1412 5181 1749 5265 praecedant
1765 5180 2093 5242 voluntaria

442 5302 562 5346 non
596 5270 1042 5361 subsequuntur
1069 5275 1504 5351 involuntaria;
1552 5271 1602 5333 si
1624 5280 1817 5333 autem
1848 5270 1951 5333 illa
1970 5288 2090 5330 non

446 5358 908 5446 mundantquod
940 5366 1100 5428 intus
1131 5376 1222 5428 est
1247 5362 1453 5427 calicis
1482 5370 1539 5423 et
1569 5358 1926 5443 paropsidis,
1968 5358 2096 5420 haec

443 5459 807 5523 eﬂicacimus
854 5475 961 5518 nos
990 5454 1063 5518 ad
1088 5452 1403 5536 pristinum
1457 5458 1672 5514 statum
1726 5455 2087 5525 restaurant,

440 5548 687 5631 speciali
714 5546 1015 5611 Creatoris
1042 5542 1394 5608 oeconomia.

2148 609 2208 663 τὸ
2265 606 2493 664 συνιέναι
2564 607 2659 669 τὰς
2725 605 2959 684 Γραιράς.
3046 601 3212 660 Ἀλλὰ
3281 605 3381 682 γὰρ
3438 599 3554 658 οῦδὲ
3623 598 3804 656 ἄλλων

2148 695 2511 775 διηγουμένων
2561 695 2778 752 ἀκοῦσαι
2834 700 2999 750 ταῦτα
3053 692 3360 773 ἀνέχονται.
3422 691 3654 755 Εἰκότως
3715 688 3807 745 οῦν

2149 787 2237 842 καὶ
2289 787 2405 864 περὶ
2473 790 2582 841 τῶν
2647 784 2898 840 τοίου-των
2942 785 2970 839 ὁ
3040 779 3367 844 Ἀπόστολος
3428 780 3735 859 ἀπεφήνατο
3786 792 3801 806 ·

2237 894 2260 927 ⁸
2296 873 2545 952 Ψυχικὸς
2574 867 2845 950 ἅνθρωπος
2876 870 2935 926 οὗ
2964 868 3180 949 δέχεται
3237 869 3305 925 τὰ
3357 874 3451 924 τοῦ
3475 870 3803 942 Πνεῦματος,

2150 961 2322 1039 μωρία
2374 963 2473 1040 γὰρ
2528 961 2671 1035 αῦτῴ
2728 962 2849 1040 εἰσι,
2908 961 2995 1016 καὶ
3065 961 3159 1016 οῦκ
3220 956 3363 1015 οἶδεν
3420 955 3501 1013 ὅτι
3558 958 3586 1012 ὁ
3642 956 3807 1032 νόμος

2150 1051 2505 1148 πνευματικός
2533 1048 2641 1106 ἐστι
2681 1050 2770 1105 καὶ
2798 1053 3167 1125 πνευματικῶς
3198 1047 3554 1127 ἀνακρίνεται,
3588 1063 3619 1103 )
3707 1030 3715 1032 ὴ
3884 1030 3891 1037 ι

2229 1133 2301 1211 ζ’.
2335 1142 2396 1197 Οἱ
2438 1140 2700 1215 πνεύματι
2759 1145 3102 1218 στοιχοῦντες
3143 1137 3232 1193 καὶ
3272 1137 3371 1203 τὴν
3442 1133 3806 1210 πνευματικὴν

2154 1227 2543 1308 ἐπανῃρημένοι
2574 1226 2641 1284 δι’
2677 1225 2802 1284 ὅλου
2843 1228 3008 1305 ζωὴν,
3057 1226 3323 1304 εὗάρεστοι
3352 1240 3373 1263 ’
3420 1225 3518 1279 εἶσι
3546 1222 3624 1298 τῷ
3656 1223 3801 1297 Θεῷ,

2156 1318 2300 1394 αὐτῷ
2373 1321 2446 1383 ὡς
2515 1324 2792 1397 Ναζιραῖοι
2854 1316 3323 1396 προσανακείμενοι
3361 1331 3376 1346 ⁸
3423 1313 3502 1369 ἀεὶ
3559 1314 3658 1391 γαρ
3698 1311 3807 1366 πό-

2155 1430 2263 1473 νοις
2295 1409 2495 1467 ἑαυτῶν
2547 1410 2874 1485 καθεαίρουσι
2920 1407 3015 1469 τὰς
3067 1405 3271 1485 ψυχὰς,
3323 1404 3411 1461 καὶ
3456 1403 3551 1466 τὰς
3594 1399 3811 1463 ἐντολὰς

2154 1507 2248 1556 τοῦ
2319 1497 2503 1576 Κυρίου
2557 1504 2800 1576 τηροῦσι.
2888 1502 3168 1559 Κενοῦντες
3229 1495 3427 1550 ἑαυτῶν
3487 1492 3555 1547 τὰ
3606 1487 3814 1565 αἵματα

2150 1588 2281 1667 ὑπὲρ
2343 1592 2443 1654 τῆς
2486 1587 2707 1666 ἀγάπης
2765 1587 2943 1665 αὐτοῦ,
3002 1585 3303 1663 καθαίρουσι
3362 1582 3459 1649 τὴν
3508 1579 3677 1657 σάρκα
3716 1601 3814 1644 νη-

2154 1666 2352 1739 στείαις
2407 1676 2505 1732 καὶ
2578 1674 2913 1755 ἀγρυπνίαις,
2980 1670 3193 1751 δάκρυσι
3265 1673 3326 1728 τὸ
3384 1670 3564 1750 πάχος
3611 1666 3814 1729 λεπτύ-

2096 1769 2300 1823 Βνουσι
2355 1769 2456 1832 τῆς
2516 1763 2750 1843 καρδίας,
2815 1762 3189 1827 κακοπαθείαις
3244 1766 3483 1839 νεκροῦσι
3537 1760 3604 1815 τὰ
3641 1756 3811 1833 μέλη.

2155 1860 2438 1934 προσευχῇ
2478 1855 2566 1910 καὶ
2636 1852 2835 1929 μελέτῃ
2888 1853 2982 1908 τὸν
3032 1860 3151 1909 νοῦν
3204 1849 3465 1929 πληροῦσι
3522 1850 3695 1928 φωτὸς
3724 1846 3817 1901 καὶ

2158 1943 2402 2024 λαμπρὸν
2482 1943 2636 2000 αὐτὸν
2724 1941 3135 2020 ἀπεργάζονται,
3208 1945 3278 2016 τῇ
3360 1938 3652 2017 ἀπαρνήσει
3707 1940 3818 1990 τῶν

2158 2033 2476 2111 θελημάτων
2520 2034 2805 2114 χωρίζουσι
2861 2033 2955 2098 τὰς
3013 2030 3142 2097 ἱδίας
3197 2031 3376 2111 ψυχὰς
3444 2029 3552 2086 ἀπὸ
3580 2033 3678 2094 τῆς
3707 2026 3822 2106 ,τοῦ

2161 2126 2407 2201 σώματος
2462 2123 2836 2203 προσπαθείας,
2895 2123 2984 2178 καὶ
3035 2119 3151 2178 ὅλοι
3208 2121 3372 2196 μόνου
3423 2128 3516 2178 τοῦ
3569 2118 3817 2192 πνεύμα-

2159 2236 2248 2280 τος
2305 2216 2538 2292 γίνονται
2591 2232 2604 2246 ’
2665 2211 2746 2269 διὸ
2806 2214 2896 2268 καὶ
2950 2211 3297 2287 πνευματικοὶ
3338 2209 3397 2264 οὗ
3453 2208 3612 2285 μόνον
3667 2226 3819 2284 γνω-

2160 2305 2408 2383 ρίζονται,
2466 2301 2603 2359 ἀλλὰ
2639 2303 2727 2358 καὶ
2768 2300 3053 2357 καλοῦνται
3104 2300 3247 2379 παρὰ
3314 2298 3526 2355 πάντῶν
3576 2296 3818 2360 εἰκότως.

2162 2396 2316 2450 Οὗτοι
2372 2394 2502 2470 πρὸς
2553 2392 2808 2448 ἀπάθειαν
2870 2392 2959 2447 καὶ
3023 2388 3241 2468 ἀγάπην
3310 2386 3620 2467 ἐρχόμενοι,
3690 2386 3825 2464 πρὸς

2160 2481 2377 2560 θεωρίαν
2448 2487 2758 2560 πτεροῦνται
2836 2484 2935 2547 τῆς
3028 2478 3270 2543 κτίσεως.
3347 2477 3446 2534 Καὶ
3514 2474 3613 2543 τὴν
3672 2480 3820 2552 γνῶ-

2165 2592 2247 2626 σιν
2305 2569 2506 2627 ἐκεῖθεν
2556 2570 2661 2626 τῶν
2720 2568 2884 2625 ὄντων
2957 2566 3042 2624 διὰ
3114 2566 3296 2647 σοφίας
3353 2562 3677 2641 λαμϐάνουσι
3723 2567 3828 2629 τῆς

2166 2656 2643 2738 ἆποκεκρυμμένης
2718 2664 2857 2733 Θεῷ,
2919 2657 3007 2712 καὶ
3078 2655 3257 2731 μόνοις
3355 2650 3630 2728 διδομένης
3700 2651 3828 2715 τοῖς

2157 2748 2399 2827 ὑπεράνω
2487 2745 2788 2827 ιρινομένοις
2871 2750 2968 2812 τῆς
3041 2750 3133 2800 τοῦ
3218 2742 3464 2819 σώματος
3548 2741 3823 2798 ταπεινώ-

2159 2858 2319 2900 σεως.
2404 2837 2582 2894 Τοίνον
2664 2835 2753 2891 καὶ
2846 2841 3021 2891 πᾶσαν
3100 2833 3199 2900 τὴν
3275 2830 3524 2898 αἴσθησιν
3548 2836 3663 2897 ,τοῦ
3718 2830 3824 2885 κό-

2162 2948 2298 3002 σμου
2369 2923 2802 3005 διαπεράσαντες,
2894 2925 2983 2980 καὶ
3055 2920 3257 2993 διανοίᾳ
3299 2918 3672 3002 πεφωτιςμένῃ
3740 2920 3823 2982 εἷς

2170 3018 2238 3073 τὰ
2293 3016 2423 3094 ὑπὲρ
2479 3013 2731 3082 αἴσθησιν
2814 3013 3118 3093 γεγονότες,
3200 3017 3508 3091 τρανοῦνται
3576 3011 3666 3065 τὸν
3723 3006 3829 3065 λό-

2172 3128 2290 3186 γον,
2334 3107 2423 3161 καὶ
2478 3104 2533 3161 ἐν
2605 3103 2753 3180 μέσῳ
2820 3100 3144 3169 Ἐκκλησίας
3194 3108 3327 3161 Θεοῦ
3374 3100 3462 3156 καὶ
3512 3102 3829 3178 συναγωγῆς

2165 3193 2376 3262 πολλῆς
2418 3199 2526 3252 τῶν
2568 3194 2772 3250 πιστῶν
2809 3190 2998 3272 λόγους
3055 3191 3282 3271 ἀγαθοὺς
3329 3190 3390 3246 ὲκ
3431 3191 3661 3268 καθαρᾶς
3687 3209 3830 3267 καρ-

2165 3285 2278 3351 δίας
2333 3286 2635 3366 ἐρεύγονται
2670 3302 2685 3318 '
2719 3286 2809 3342 καὶ
2862 3287 3096 3362 γίνονται
3139 3294 3259 3344 τοῖς
3326 3280 3618 3359 ἀνθρώποις
3690 3276 3827 3341 ἅλας

2163 3376 2254 3434 καὶ
2308 3382 2445 3456 φῶς,
2505 3375 2638 3434 καθὰ
2691 3376 2780 3431 καὶ
2804 3375 2833 3430 ὁ
2878 3374 3067 3453 Κύριος
3138 3372 3270 3451 πρὸς
3316 3370 3502 3433 αὐτοὺς
3559 3366 3833 3448 ἀποφθέγ-

2163 3484 2316 3544 γεται
2350 3481 2363 3495 '
2406 3484 2435 3524 ι
2466 3472 2636 3542 Υμετς
2678 3463 2798 3520 ἐστε
2826 3463 2890 3520 τό
2930 3469 3041 3542 φῶς
3083 3471 3177 3521 τοῦ
3222 3459 3428 3536 κόσμου
3468 3459 3556 3514 καὶ
3583 3459 3646 3514 τὸ
3689 3456 3828 3522 ἅλας

2164 3560 2265 3623 τῆς
2295 3558 2424 3633 γῆς.
2461 3576 2487 3609 ι)

2248 3632 2331 3711 η’;
2405 3641 2744 3723 Σχολάσατε,
2803 3641 2893 3699 καὶ
2933 3646 3129 3719 γνῶτε,
3176 3637 3256 3695 ὅτι
3286 3638 3395 3719 ἐγώ
3450 3638 3558 3713 εἶμι
3614 3638 3643 3692 ὁ
3669 3635 3827 3700 Θεός,

2169 3740 2273 3792 Τοῦ
2292 3734 2432 3791 θείου
2461 3732 2622 3813 λόγου
2662 3739 2818 3789 τοῦτο
2868 3730 3044 3812 φωνὴ,
3078 3730 3167 3786 καὶ
3212 3728 3518 3808 πρακτικῶς
3565 3739 3683 3791 τοῖς
3713 3724 3834 3802 βου⁹

2169 3822 2415 3900 λομένοις
2471 3821 2903 3900 ἐπιγινώσκεται.
2955 3817 3227 3900 Συμφέρον
3285 3817 3376 3874 οὖν
3433 3817 3543 3873 ἐστι
3572 3822 3650 3891 τῷ
3689 3812 3834 3881 ἅπαξ

2175 3910 2560 3988 ἀποταξαμένῳ
2646 3916 2716 3979 τῆ
2778 3909 3141 3989 πολυταράχῳ
3213 3914 3308 3965 τοῦ
3382 3906 3495 3983 βίου
3551 3907 3639 3962 καὶ
3685 3901 3837 3981 δεινῇ

2177 4002 2517 4080 ματαιότητι,
2577 3999 2662 4057 διὰ
2717 4006 2995 4083 προσοχῆς
3051 3996 3253 4066 πολλῆς
3311 3998 3497 4054 ἑαυτὸν
3539 3996 3630 4052 καὶ
3688 3996 3835 4062 ἡσυ-

2175 4093 2326 4173 χίας,
2398 4098 2502 4149 τῶν
2556 4090 2662 4147 ἔσω
2746 4091 3097 4170 πραγμάτων,
3193 4085 3459 4165 ἐπιμελῶς
3508 4083 3837 4142 ἐπισκέπτε-

2174 4184 2318 4253 σθαι,
2363 4182 2451 4237 καὶ
2491 4181 2582 4236 τὸν
2614 4181 2744 4236 Θεὸν
2772 4179 2826 4237 ἐν
2857 4181 3027 4255 ἐαυτῷ
3082 4185 3264 4249 ζητεῖν
3312 4176 3598 4255 ἐπιγνῶναι
3634 4192 3653 4210 ⁸
3683 4173 3837 4237 ἐντός

2172 4273 2328 4346 ἡμῶν
2376 4269 2539 4337 οῦσης
2581 4274 2681 4337 τῆς
2730 4268 2998 4346 βασιλείας
3048 4268 3229 4329 αὒτοῦ.
3279 4265 3446 4330 Μόλις
3498 4266 3598 4344 γὰρ
3628 4260 3837 4319 ἄνοῧτω

2175 4365 2344 4418 ποιῶν
2403 4381 2509 4438 τις,
2560 4357 2645 4415 διὰ
2710 4356 2926 4416 πολλῶν
2974 4355 3231 4437 περιόδων
3280 4366 3374 4415 τοῦ
3425 4355 3646 4435 χρόνου,
3706 4353 3834 4418 τοὺς

2112 4450 2156 4500 D
2176 4449 2368 4513 τύπους
2426 4454 2524 4516 τῆς
2578 4449 2763 4512 κακίας
2818 4447 3067 4514 ἆποξέσαι
3125 4451 3224 4513 τῆς
3294 4449 3476 4526 ψυχῆς
3561 4440 3833 4518 δυνηθείη,

2175 4543 2264 4598 καὶ
2325 4542 2387 4597 τὸ
2429 4539 2664 4620 ἀρχαῖον
2726 4537 2923 4602 κάλλος
2989 4544 3066 4612 τῷ
3122 4534 3263 4593 δόντι
3316 4538 3557 4613 καθαρῶς
3615 4530 3839 4589 ἀνασώ-

2176 4634 2362 4689 σασθαι
2373 4676 2386 4690 .

2255 4711 2326 4781 θ’.
2379 4711 2437 4778 Ὀ
2488 4720 2866 4799 προαποτεθεὶς
2908 4720 2985 4785 ἰὸς
3039 4718 3092 4775 ἐν
3149 4718 3286 4793 ἡμῖν
3340 4719 3439 4783 τῆς
3494 4713 3702 4788 κακίας,
3735 4734 3838 4769 πο-

2176 4808 2270 4874 λὺς
2325 4809 2423 4891 ὤν,
2498 4807 2634 4866 πολὺ
2689 4811 2777 4865 καὶ
2817 4811 2880 4866 τὸ
2933 4815 3034 4889 πῦρ
3099 4806 3197 4888 ἄρα
3255 4808 3317 4863 τὸ
3372 4805 3689 4883 καθαρτικὸν
3749 4800 3839 4859 διὰ

2177 4898 2408 4980 δακρύων
2467 4899 2658 4979 χρῄζει
2726 4905 2826 4967 τῆς
2901 4899 3206 4976 μετανοίας,
3265 4896 3355 4953 καὶ
3422 4897 3527 4951 τῶν
3579 4893 3839 4950 ἑκουσίων

2176 4994 2276 5057 τῆς
2307 4989 2588 5059 ἀσκήσεως
2637 4988 2836 5049 πόνων.
2881 4986 3101 5055 Ἐπειδὴ
3152 4987 3190 5053 ἢ
3237 4983 3303 5043 δι’
3348 4984 3598 5042 ἐκουσίῶν
3656 4981 3837 5039 πόνων

2175 5078 2529 5158 καθαιρόμεθα
2598 5085 2704 5136 τῶν
2777 5078 3063 5157 μολυσμῶν
3134 5081 3234 5143 τῆς
3306 5078 3586 5154 ἁμαρτίας,
3659 5072 3696 5140 ἢ
3765 5069 3838 5126 δι’

2177 5170 2437 5227 ἀκουσίων
2507 5169 2774 5250 ἐπιφορῶν
2827 5187 2842 5202 ⁶
2902 5176 3008 5227 τῶν
3086 5170 3187 5248 γὰρ
3246 5166 3496 5226 ἑκουσίων
3556 5184 3840 5243 προηγου-

2176 5258 2371 5340 μένων,
2430 5259 2536 5340 οὐχ
2605 5261 2810 5335 ὑπαντᾷ
2878 5271 2945 5317 τὰ
3008 5259 3229 5317 ἀκούσια
3288 5276 3304 5292 ⁸
3365 5256 3578 5313 ἐκείνων
3641 5251 3695 5310 δε
3756 5252 3840 5328 μὴ

2177 5347 2527 5428 ἐνεργούντων
2583 5350 2681 5417 τήν
2742 5350 2991 5430 κάθαρσιν
3062 5355 3157 5406 τοῦ
3212 5347 3358 5411 ἐντὸς
3414 5354 3510 5405 τοῦ
3579 5343 3840 5422 ποτηρίου

2176 5439 2265 5494 καὶ
2320 5443 2421 5506 τῆς
2478 5436 2792 5518 παροψίδος,
2850 5449 3014 5520 ταῦτα
3065 5435 3414 5519 σφοδρότερον
3471 5435 3680 5515 ἐνεργεῖ
3734 5433 3840 5499 τὴν

2177 5527 2442 5607 ἡμετέραν
2492 5529 2624 5607 πρὸς
2685 5531 2746 5585 τὸ
2789 5528 3020 5611 ἀρχαῖον
3067 5527 3517 5603 ἀποκατάστασιν,
3564 5523 3702 5580 οὕτω
3742 5528 3843 5579 τοῦ

2168 5620 2416 5699 τεχνίτου
2448 5618 2920 5694 οἰκονομήσαντα..

527 5802 581 5850 ³⁸
606 5802 634 5868 Ι
655 5802 794 5868 Cor.
828 5820 892 5883 ιι,
919 5810 986 5874 4.
1069 5803 1123 5846 ⁸⁷
1150 5802 1356 5866 Matth.
1387 5818 1448 5879 ν,
1488 5801 1582 5877 13,
1617 5798 1716 5866 14.
1800 5798 1855 5844 ³⁸
1882 5797 2041 5864 Psal.
2071 5814 2208 5878 xu,
2243 5799 2343 5863 11.
