4126 6378
282 255 414 323 903

283 487 637 564 πραγμάτων,
673 492 719 545 οἱ
765 490 843 564 μὴ
893 492 1030 547 κατὰ
1074 491 1235 570 λόγον
1292 493 1393 560 τὴν
1442 495 1643 549 ἑαυτῶν
1706 515 1942 563 πεποιη-

286 572 444 639 κότες
514 577 824 659 ἀπαταγῆν,
910 579 1047 655 μηδὲ
1119 578 1420 656 διδασκάλῳ
1489 584 1791 662 χρήσασθαι
1857 586 1945 641 καὶ

286 659 473 751 ᾄδηγῷ
513 666 857 743 βουληθέντες
914 668 973 726 ἐκ
1019 672 1333 751 προοιμίων,
1399 659 1544 729 ἀλλά-
1580 680 1649 750 τῇ
1689 672 1791 747 ἰδίᾳ
1819 698 1943 731 συν-

288 749 398 807 ἐσει
469 753 946 839 ἀκολουθήσαντες,
1019 749 1106 817 καὶ
1172 760 1420 840 φανέντες
1477 761 1702 819 ἐνώπιον
1773 766 1942 821 αὐτῶν

284 839 667 920 ἐπιστήμονες,

373 921 469 992 ια’.
533 932 663 992 Οὔτε
705 940 810 995 τῶν
868 939 1189 1015 σωματικῶν
1246 943 1427 997 παθῶν
1483 943 1579 1004 τὰς
1638 943 1943 1007 νοσοποιοὺς

286 1020 461 1086 αἰτίας
516 1021 726 1081 δύναταί
775 1049 855 1092 τις
927 1025 1155 1107 ἀκριϐῶς
1221 1026 1433 1109 εἰδέναι,
1492 1032 1581 1087 καὶ
1635 1031 1729 1095 τὰς
1784 1035 1941 1112 θερα-

288 1112 445 1175 πείας
494 1112 689 1180 αὐτῶν,
736 1111 858 1172 ἄνευ
913 1117 1096 1197 πείρας
1143 1116 1351 1184 πολλῆς
1393 1123 1492 1186 τῆς
1548 1121 1786 1200 ἰατρικῆς
1831 1121 1945 1178 ἐπι-

287 1201 527 1277 στήμης,
590 1202 707 1260 οὔτε
763 1211 869 1263 τῶν
929 1211 1198 1287 ψυχικῶν,
1260 1203 1381 1264 ἄνευ
1436 1214 1535 1276 τῆς
1581 1208 1787 1279 πολλῆς
1830 1214 1946 1290 περὶ

287 1296 456 1345 ταῦτα
524 1290 829 1363 ἀσκήσεως,
907 1293 1128 1363 Ἐπειδὴ
1199 1295 1378 1377 ὥσπερ
1458 1298 1689 1379 σφαλερὰ
1771 1298 1942 1377 δοκεῖ,

285 1379 378 1434 καὶ
422 1377 618 1459 ὀλίγοις
648 1381 843 1459 κομιδῆ
875 1382 1168 1463 εὔγνωστος
1215 1387 1250 1453 ἡ
1310 1392 1416 1441 τῶν
1471 1394 1792 1463 σωματικῶν
1851 1412 1944 1447 νο-

1267 265 1766 334 PHYSICORUM
1812 268 2157 371 CAPITUM
2201 268 2597 340 CENTURIA
2644 280 2699 340 II

365 386 426 460 ι’.
460 400 704 472 Παίζουσι
755 404 851 469 τὴν
912 400 1202 480 εὗσέϐειαν,
1261 406 1348 461 καὶ
1390 404 1662 476 παίζονται
1693 406 1792 461 ὕπὸ
1834 407 2001 459 τῶνΛ

3563 280 3685 345 906

2112 410 2203 500 t0.
2241 404 2487 500 Ιλιιὰιιηι
2510 409 2787 490 pietatem
2836 421 2895 474 et
2947 412 3235 477 luduntur
3263 415 3335 479 ab
3366 418 3679 500 Operibus,

2027 492 2126 572 qui
2158 512 2275 555 non
2307 496 2522 577 seipsis
2554 500 2992 564 rationabiliter
3020 492 3533 585 renuntiaverunt,
3569 527 3679 570 nec

2029 582 2307 661 magistro
2341 586 2428 646 vel
2463 587 2615 650 duce
2666 589 2750 651 uti
2812 591 3015 653 volunt
3070 594 3142 655 ab
3175 594 3366 671 initio,
3401 582 3681 678 sedvpro-

2031 671 2220 750 prium
2246 684 2576 754 sequuntur
2597 680 2936 761 consilium,
2966 689 3024 744 et
3041 682 3434 766 sibimetipsis
3451 671 3682 769 sapien-

2031 768 2119 821 tes
2149 761 2442 825 videntur.

2109 941 2207 1002 11.
2236 943 2425 1004 Nemo
2456 950 2649 1024 potest
2673 946 3011 1037 morbiﬁcas
3034 950 3376 1031 passionum
3409 956 3683 1037 corporis

2028 1045 2235 1091 causas
2265 1050 2593 1112 earumque
2622 1036 2913 1098 medelam
2947 1041 3300 1119 percallere,
3335 1043 3466 1106 sine
3500 1042 3684 1108 multa

2028 1119 2291 1180 scientiae
2316 1121 2623 1184 medicalis
2646 1128 3042 1205 experientia;
3071 1148 3182 1192 nec
3206 1133 3541 1210 passionum
3556 1135 3685 1195 ani-

2032 1225 2161 1282 mm,
2210 1208 2341 1270 sine
2395 1211 2575 1271 multo
2631 1213 2789 1274 circa
2839 1216 2942 1276 has
2998 1208 3306 1281 exercitio.
3367 1220 3676 1304 Siquidem

2029 1302 2310 1375 quantum
2336 1297 2567 1361 lubrica
2592 1301 2822 1364 videtur
2845 1313 2901 1365 et
2925 1308 3127 1385 paucis
3151 1297 3558 1375 tantummodo
3579 1333 3678 1376 ac-

2032 1392 2233 1445 curate
2262 1389 2685 1465 cognoscibilis
2736 1392 3074 1457 morborum
3126 1399 3397 1480 corporis
3442 1402 3672 1479 notitia,

288 1468 550 1544 σημάτων
593 1470 899 1549 διάγνωσις,
945 1476 1063 1553 περὶ
1105 1475 1170 1540 ἣν
1218 1476 1253 1540 ἡ
1312 1481 1417 1531 τῶν
1472 1478 1664 1556 ἰατρῶν
1720 1479 1941 1556 καταγί-

2037 1473 2191 1535 circa
2213 1494 2387 1554 quam
2421 1488 2690 1541 versatur
2717 1484 3083 1545 medicorum
3113 1468 3397 1565 scientia;
3440 1498 3671 1554 tantum

287 1579 437 1613 νεται
522 1558 820 1637 ἐπιστήμη,
915 1561 1051 1619 oliuo
1136 1562 1501 1646 σιρολερωτὲρα
1588 1568 1678 1623 καὶ
1764 1566 1941 1644 πολλῷ

2037 1572 2088 1623 et
2122 1564 2304 1623 multo
2339 1568 2521 1644 magis
2551 1568 2810 1631 difﬁcilis
2841 1578 2932 1634 est
2965 1573 3307 1638 morborum
3332 1580 3545 1642 animm
3566 1600 3670 1644 co-

287 1644 519 1722 μᾶλλον,
552 1647 588 1717 ἢ
633 1636 832 1724 ἐκείνη,
886 1653 920 1719 ἡ
977 1657 1083 1708 τῶν
1142 1636 1601 1744 ψυχικῶνῖὛΟσῳ
1650 1656 1748 1735 γὰρ
1793 1636 1941 1738 ψυχῆ

2037 1651 2243 1733 gnitio.
2271 1636 2498 1725 Quanto
2523 1657 2682 1718 enim
2702 1662 2939 1739 corpori
2980 1672 3214 1741 praestat
3254 1669 3472 1744 anima,
3510 1679 3673 1734 tanto

288 1736 541 1811 σώματος
570 1740 843 1818 κρείττων,
871 1748 1116 1798 τοσοῦτον
1140 1742 1301 1818 μείζω
1320 1744 1385 1799 τὰ
1405 1742 1609 1811 ἐκείνης
1631 1747 1719 1802 καὶ
1749 1744 1941 1803 δυσκα-

2037 1741 2256 1821 majora
2269 1743 2573 1822 etcognitu
2593 1736 2928 1811 difficiliora
2948 1736 3083 1812 sunt
3099 1756 3247 1817 mala
3269 1758 3483 1820 animm
3497 1779 3670 1842 quam

283 1826 525 1892 τανόητα
553 1828 719 1909 πάθη,
754 1828 792 1896 ἢ
820 1834 911 1885 τοῦ
941 1831 1259 1910 φαινομένου
1292 1839 1451 1888 πᾶσιν
1481 1835 1741 1901 αἰσθητῶς
1763 1837 1941 1892 τούτου

2037 1831 2182 1891 mala
2218 1833 2487 1913 corporis
2522 1834 2699 1916 hujus
2729 1838 3009 1901 omnibus
3039 1843 3307 1910 visibilis.

289 1913 540 1989 σώματος
550 1962 565 1977 .

377 1993 473 2079 ιβ’.
507 2005 666 2060 Φύσει
709 2019 828 2069 τοῖς
884 2006 1179 2086 ἀνθρώποις
1232 2010 1283 2063 αἰ
1339 2011 1541 2087 γενικαὶ
1569 2013 1657 2067 καὶ
1686 2008 1943 2092 ἄρχουσαι

284 2093 352 2148 τὸ
381 2090 571 2149 λοιπὸν
615 2094 794 2173 ἀρεταὶ
824 2098 1254 2172 συνεκτίσθησαν,
1304 2096 1393 2178 ἀφ’
1437 2101 1511 2154 ὧν
1557 2102 1629 2161 ὡς
1660 2100 1720 2156 ἐκ
1747 2103 1942 2158 τεσσά-

287 2203 398 2260 ρων
430 2181 613 2262 ἀρχῶν
638 2186 685 2239 οἱ
727 2186 957 2259 ποταμοὶ
987 2187 1091 2241 τῶν
1123 2183 1298 2243 ἄλλων
1318 2187 1537 2243 ἀπασῶν
1567 2188 1763 2268 ἀρετῶν
1793 2189 1943 2257 πλη-

286 2279 502 2349 ροῦνται
531 2270 757 2349 ὑδάτων,
791 2275 878 2329 καὶ
933 2275 1197 2345 ποτίζουσι
1258 2276 1357 2343 τὴν
1412 2275 1568 2332 πόλιν
1622 2287 1716 2337 τοῦ
1760 2285 1890 2334 Θεοῦ
1926 2297 1938 2308 ·

284 2358 411 2426 ἥτις
469 2361 607 2417 ἐστὶν
663 2364 698 2429 ἡ
758 2363 1114 2442 καθαιρομένη
1181 2361 1387 2443 καρδία,
1459 2367 1547 2422 καὶ
1601 2365 1942 2446 παρακαλου-

287 2449 429 2525 μένη
471 2447 556 2505 διὰ
601 2448 860 2531 δακρύων.
914 2453 1113 2515 Ταύτας
1168 2455 1196 2509 6
1239 2454 1478 2532 τηρήσας
1537 2455 1943 2521 ἆκατασείστους

287 2539 400 2595 ἀπὸ
442 2539 550 2595 τῶν
604 2541 917 2616 πνευμάτων
967 2547 1064 2609 τῆς
1122 2544 1400 2624 πονηρίας,
1459 2544 1495 2612 ἣ
1551 2547 1578 2600 6
1609 2547 1943 2620 συμπτωθεί-

286 2650 387 2705 σας
460 2627 544 2685 διὰ
608 2629 785 2686 πόνων
853 2630 1068 2688 πολλῶν
1137 2638 1236 2699 τῆς
1311 2634 1593 2709 μετανοίας
1648 2635 1939 2715 ἀνεγείρας,

288 2722 447 2776 οἷκον
504 2720 674 2794 ἑαυτῷ
729 2720 1001 2797 βασιλικὸν
1045 2724 1133 2779 καὶ
1192 2721 1450 2780 παλάτιον
1509 2721 1741 2805 ἤγειρεν,
1787 2725 1842 2781 ἐν
1899 2730 1944 2801 ᾦ

287 2811 463 2888 μονὴν
533 2825 768 2869 ποιεῖται
826 2816 854 2870 ὁ
912 2813 1166 2878 Βασιλεὺς
1233 2822 1326 2871 τοῦ
1409 2818 1631 2893 παντὸς,
1705 2818 1792 2873 καὶ
1848 2818 1942 2881 τὰς

285 2902 505 2977 ὑψηλὰς
554 2899 752 2980 δωρεὰς
812 2905 968 2960 αὐτοῦ
1024 2916 1141 2968 τοῖς
1200 2904 1368 2968 οὕτως
1425 2905 1641 2969 ἑαυτοὺς
1701 2907 1942 2986 εὐτρεπί-

286 3012 442 3047 σασιν
467 2990 706 3072 ἀφθόνως
749 2991 1003 3068 ἀπονέμει
1032 2995 1121 3051 καὶ
1150 2991 1348 3054 δίδωσι.

371 3069 468 3157 ιγ’,
515 3069 730 3160 Βραχὺς
773 3082 801 3137 6
853 3082 988 3161 βίος,
1049 3083 1251 3162 μακρὸς
1305 3085 1332 3139 6
1389 3084 1599 3161 μέλλων
1650 3085 1800 3162 αἰὼν,
1852 3089 1980 3143 xz‘t'.‘

284 3167 464 3247 ὀλίγον
495 3171 557 3224 τὸ
613 3166 881 3246 διάστημα
924 3175 1023 3238 τῆς
1079 3172 1349 3250 παρούσης
1408 3180 1574 3245 ζωῆς.
1655 3177 1937 3254 Ανθρωπος

283 3256 340 3313 δὲ
384 3259 447 3313 τὸ
477 3257 615 3337 μέγα
648 3260 738 3315 καὶ
768 3260 943 3340 βραχὺ
998 3269 1151 3319 τοῦτο
1193 3267 1351 3337 ζῶον,
1398 3267 1443 3338 ᾧ
1485 3264 1667 3326 στενὸς
1698 3266 1725 3319 6
1755 3266 1935 3343 παρὼν

282 3345 442 3414 ἐδόθη
470 3349 677 3426 καιρὸς,
708 3347 933 3418 ἀσθενής
969 3363 984 3377 ⁸
1032 3351 1121 3405 καὶ
1171 3352 1199 3406 6
1253 3351 1352 3425 μὲν
1401 3354 1604 3416 στενὸς.
1640 3354 1668 3408 6
1698 3350 1753 3408 δὲ
1782 3353 1940 3409 ἀσθε-

281 3439 381 3508 νῆς
410 3452 424 3466 ⁸
456 3438 517 3493 τὸ
547 3435 603 3492 δὲ
633 3438 977 3516 προκείμενον
1008 3437 1187 3519 ἆθλον,
1221 3441 1293 3504 εἰς
1322 3440 1561 3501 ἐπάθλων
1592 3441 1938 3517 ἀντιμισθίαν,

282 3525 449 3604 μέγα,
481 3527 690 3606 μυρίους
721 3524 867 3606 ἔχων
895 3528 1016 3591 τοὺς
1049 3527 1342 3609 σκόλοπας,
1378 3531 1463 3587 καὶ
1494 3533 1566 3594 εἰς
1597 3530 1940 3610 βραχυτάτην

284 3613 584 3672 κινδυνεῦον
612 3616 780 3687 ζωήν.

368 3693 457 3766 ιδ’.
516 3705 587 3761 Οὐ
642 3702 886 3781 βούλεται
954 3711 1060 3762 τῶν
1117 3705 1412 3764 σπουδαίων
1468 3708 1568 3775 τὴν
1624 3707 1866 3788 ἐργασίαν
1911 3712 1938 3764 6

283 3794 417 3856 θεὸς
485 3789 834 3851 ἀϐασάνιστον
906 3793 1071 3875 εἶναι,
1146 3793 1283 3851 ἀλλὰ
1337 3798 1426 3852 καὶ
1477 3795 1594 3852 λίαν
1653 3795 1937 3873 δεδοκιμα-

281 3882 510 3958 σμένην.
561 3882 660 3946 Διὰ
700 3892 855 3943 τοῦτο
898 3883 985 3939 οὗν
1028 3885 1089 3938 τὸ
1145 3906 1247 3963 πυρ
1303 3883 1556 3966 ἐπαφίησι
1599 3892 1705 3941 τῶν
1749 3907 1939 3965 πειρα-

232 3988 243 4007 ‘
282 3977 459 4052 σμῶν,
489 3972 579 4028 καὶ
620 3971 721 4038 τὴν
765 3972 923 4052 χάριν
984 3971 1256 4039 συστέλλει
1312 3977 1444 4054 πρὸς
1503 3973 1681 4054 ὀλίγον
1730 3975 1830 4043 τὴν
1860 3975 1941 4031 δι-

238 4089 249 4095 ·
280 4059 514 4137 δομένην
557 4062 742 4124 αὐτοῖς
793 4057 1013 4135 ἄνωθεν,
1073 4062 1161 4117 καὶ
1210 4068 1316 4118 τῶν
1364 4062 1637 4141 λογισμῶν
1693 4064 1791 4130 τὴν
1833 4087 1939 4142 γα-

281 4149 455 4221 λήνην
508 4151 612 4207 ὑπὸ
666 4152 770 4207 τῶν
813 4151 1127 4226 πνευμάτων
1191 4156 1291 4219 τῆς
1348 4152 1605 4232 πονηρίας
1661 4154 1938 4228 κυμανθῆ-

2114 2007 2205 2107 12,
2235 2010 2460 2107 Natura
2481 2012 2824 2107 horninibus
2847 2028 3069 2082 matres
3106 2021 3409 2107 ducesque
3429 2036 3678 2093 cratera-

2027 2114 2157 2157 rum
2182 2097 2374 2160 insitaz
2397 2108 2535 2162 sunt
2557 2103 2824 2186 virtutes,
2845 2124 2877 2166 e
2907 2108 3123 2187 quibus
3154 2097 3400 2175 velufex
3430 2125 3683 2197 quatuor

2026 2185 2287 2247 fontibus
2311 2189 2851 2285 fluvii-reliquarum
2866 2185 3141 2259 virtutum
3154 2201 3326 2282 aquis
3343 2185 3569 2285 replent
3583 2227 3679 2284 ur,

2030 2282 2086 2334 et
2114 2274 2678 2352 irrigantcivitatem
2706 2282 2837 2363 Dei,
2874 2304 3004 2365 quae
3051 2295 3138 2348 est
3173 2274 3278 2351 cor
3309 2274 3678 2373 puriﬁcatum

2029 2373 2085 2424 et
2107 2363 2385 2445 lacrymis
2403 2366 2741 2433 allevatum.
2768 2363 2905 2432 Illas
2926 2374 3026 2454 qui
3067 2388 3264 2439 servat
3294 2363 3682 2449 inconcussas

2026 2471 2059 2512 a
2087 2453 2395 2531 spiritibus
2426 2457 2719 2536 malignis,
2757 2460 2844 2521 vel
2892 2453 2991 2542 qui
3043 2464 3243 2545 lapsus
3273 2472 3532 2551 resurgit
3576 2493 3682 2555 per

2028 2542 2243 2602 multos
2271 2545 2637 2623 paenitentia}
2658 2547 2916 2626 labores,
2958 2551 3071 2613 sibi
3099 2542 3342 2618 domum
3374 2542 3549 2622 struit
3576 2542 3681 2624 re-

2026 2630 2178 2707 giam
2212 2640 2269 2692 et
2289 2635 2591 2713 palatium,
2616 2635 2675 2696 in
2702 2638 2817 2719 q‘uo
2845 2642 3211 2704 mansionem
3246 2646 3387 2708 facit
3408 2650 3679 2714 omnium

2026 2718 2405 2798 gubernator,
2428 2742 2682 2807 suasque
2701 2729 3255 2808 superabundantes
3277 2735 3508 2800 divitias
3523 2738 3680 2804 bene

2030 2810 2370 2888 pmparatis
2393 2817 2631 2893 copiose
2661 2814 2965 2880 distribuit
2993 2829 3051 2882 et
3080 2821 3347 2901 largitur.

2107 3077 2201 3141 13.
2234 3079 2439 3178 Brevis
2468 3090 2559 3144 est
2587 3081 2721 3160 vita,
2758 3085 2999 3178 longum
3030 3096 3267 3171 tempus
3299 3091 3586 3178 futurum,
3619 3106 3678 3161 et

2021 3182 2260 3245 parvum
2312 3170 2443 3231 vitae
2500 3174 2810 3251 praesentis
2869 3170 3169 3257 spatium.’
3209 3179 3418 3252 Homo.
3455 3170 3677 3251 animal

2019 3252 2164 3313 illud
2199 3273 2477 3335 magnum
2537 3268 2595 3322 et
2648 3252 2919 3341 parvum,
2975 3266 3071 3327 cui
3133 3267 3308 3331 breve
3354 3271 3555 3334 datum
3587 3285 3680 3339 est

2029 3358 2289 3443 praesens
2322 3350 2850 3443 tempus_,_debilis_
2879 3361 3008 3417 est:
3074 3356 3279 3438 sicque
3327 3368 3559 3443 tempus
3587 3373 3678 3426 est

2026 3429 2224 3504 breve,
2261 3433 2438 3496 homo
2471 3436 2722 3515 debilis;
2750 3448 2808 3500 at
2837 3441 3108 3505 bravium
3140 3429 3211 3507 ad
3244 3429 3677 3514 remuneratio-

2023 3536 2162 3579 nem
2175 3521 2506 3585 atbelarum
2522 3527 2767 3588 oifertur
2780 3547 3080 3609 magnum,
3095 3533 3677 3603 innumerashabens

2023 3626 2255 3691 cruces,
2289 3620 2346 3673 et
2377 3614 2656 3692 periculis
2685 3617 2817 3679 vitae
2844 3618 3208 3684 brevissimae
3237 3627 3589 3706 expositum.

2109 3699 2198 3761 14.
2235 3699 2363 3792 _Non
2397 3705 2516 3764 vult
2567 3704 2724 3766 Deus
2782 3707 3073 3772 bonorum
3120 3699 3678 3792 Opera-tentaminis

2023 3788 2288 3867 expertia
2319 3809 2474 3868 esse,
2503 3794 2604 3854 sed
2630 3796 2797 3857 valde
2839 3797 3102 3878 probari.
3130 3788 3446 3883 Propterea
3474 3807 3675 3886 ignem

2024 3877 2422 3976 tentati-onum
2457 3881 2744 3976 immittit,
2783 3877 2853 3948 et,
2874 3887 2944 3948 ad
2996 3897 3231 3971 tempus
3247 3877 3529 3956 'retrabit'
3541 3916 3674 3976 gra-

2031 3966 2321 4059 tiamgillis
2348 3969 2544 4032 datam
2592 3973 2874 4055 desuper,
2930 3985 2990 4039 et
3047 3966 3474 4059 cogitationum
3509 3966 3677 4048 tran-

2025 4056 2374 4156 quillitatem
2406 4069 2758 4156 tempestate
2783 4056 3500 4153 perturbarivtempestive
3534 4094 3673 4156 per-

2024 4144 2241 4206 mittit:
2307 4160 2368 4208 ut
2413 4149 2609 4212 videat
2669 4144 3128 4234 propensionem
3187 4144 3426 4240 animae,
3462 4144 3675 4248 in-quo

280 4262 367 4297 ναι
412 4240 549 4296 κατὰ
596 4241 780 4318 καιρὸν
824 4253 1099 4320 συγχωρεῖ
1133 4259 1148 4274 ⁸
1194 4238 1269 4295 ’ἔν’
1326 4238 1420 4317 ἴδη
1478 4242 1787 4318 τὴν-ῥοπὴν
1839 4250 1936 4313 τῆς

2037 4232 2136 4294 sibi
2170 4236 2423 4299 maxime
2470 4232 2855 4321 complaceat,
2910 4254 3107 4308 utrum
3162 4247 3224 4309 in
3256 4267 3363 4312 suo
3398 4232 3678 4318 Creat6re

279 4333 490 4408 ψυχης,
523 4329 624 4385 τίνι
652 4307 713 4384 :6
743 4307 1025 4385 πλεῖστον’
1052 4329 1327 4425 χαρίζεται
1350 4347 1362 4361 ·
1397 4307 1632 4425 ’πότερον
1677 4334 1821 4404 αὐτῴ
1861 4338 1939 4425 τιξ)

2037 4341 2091 4383 tc
2123 4323 2526 4403 benefactore,
2561 4307 2636 4391 an
2669 4331 2729 4392 in
2763 4307 2945 4397 sensu
3005 4337 3211 4397 mundi
3245 4340 3674 4425 voluptatisque

276 4421 484 4493 ποιητῇ
511 4416 600 4472 καὶ
639 4415 885 4494 εὐεργέτῃ
943 4416 1135 4490 αὐτῆς,
1180 4417 1216 4485 ἢ
1278 4424 1347 4495 τῇ
1405 4419 1641 4488 αἰσθήσει
1698 4427 1791 4478 τοῦ
1848 4419 1927 4475 κό.

276 4527 439 4580 σμου,
495 4505 585 4560 καὶ
624 4511 704 4579 τῷ
759 4502 884 4580 λείῳ
933 4506 1034 4571 τῆς
1091 4503 1288 4574 ἣδονῆς
1324 4522 1337 4535 ⁸
1388 4508 1477 4562 καὶ
1535 4507 1702 4570 οὕτως
1757 4507 1793 4575 ἢ
1836 4508 1937 4574 τὴν

277 4593 440 4674 χάριν
509 4591 837 4664 διπλασιάζει
910 4595 1119 4669 αὐτοῖς,
1204 4595 1597 4675 προκόπτουσιν
1684 4598 1756 4659 εἰς
1836 4597 1936 4663 τὴν

277 4663 496 4762 ἀγάπην
534 4682 717 4757 αὐτοῦ,
873 4663 1114 4760 μαστίζεί
1166 4663 1383 4750 τούτους
1438 4699 1558 4749 τοῖς
1614 4698 1935 4766 πειρασμοῖς

280 4773 367 4825 καὶ
420 4784 544 4835 ταῖς
614 4770 843 4848 θλίψεσι,
907 4773 1327 4853 προσκειμένους
1399 4788 1515 4838 τοῖς
1573 4776 1880 4854 πράγμασιν
1915 4789 1929 4804 ⁸

278 4852 384 4917 ἕως
414 4864 473 4911 οξ
508 4874 675 4935 μῖσος
705 4858 907 4918 λάϐωσι
935 4852 1038 4920 τῶν
1071 4863 1357 4943 ὁρωμένων
1389 4870 1488 4932 τῆς
1520 4852 1749 4921 ἀστάτου
1780 4885 1933 4943 περι-

279 4949 468 5025 φορᾶς,
500 4952 588 5002 καὶ
614 4950 712 5017 τὴν
755 4951 964 5030 πικρίαν
1007 4959 1115 5009 τῶν
1170 4953 1375 5011 ἐκεῖθεν
1434 4952 1636 5021 ἡδονῶν
1693 4950 1938 5033 δάκρυσιν

277 5032 668 5093 ἀποκλύσονται
678 5081 692 5096 .

361 5113 450 5185 ιε’.
484 5130 596 5192 Τῆς
626 5128 839 5207 εἰρήνης
891 5135 999 5186 τῶν
1057 5130 1332 5212 λογισμῶν
1382 5134 1486 5189 61:6
1527 5138 1634 5188 τῶν
1692 5131 1935 5207 πνευμά-

275 5234 383 5269 των
454 5218 554 5282 “Lib
622 5218 879 5297 πονηρίας
953 5216 1397 5303 ἐκταραχθείσης,
1471 5222 1657 5281 αὐτίκα
1726 5223 1813 5278 καὶ
1869 5221 1936 5278 τὰ

279 5301 635 5382 πεπυρωμένα
703 5305 835 5381 βέλη
905 5315 1005 5377 τῆς
1071 5301 1392 5388 ἐπιθυμίας,
1428 5312 1564 5369 κατὰ
1628 5318 1718 5368 τοῦ
1774 5310 1933 5377 ὀξέως

2022 4412 2338 4510 dulcedine
2372 4434 2387 4491 ;
2444 4425 2582 4512 tunc
2636 4439 2776 4512 vero
2809 4424 2897 4484 vel
2934 4426 3178 4503 gratiam
3211 4412 3675 4512 suam.dupli.cat

2021 4500 2108 4562 eis
2139 4504 2189 4563 si
2227 4522 2445 4585 nempe
2493 4507 2554 4568 in
2603 4509 2730 4588 ejus
2779 4500 2983 4574 amore
3033 4516 3364 4595 proﬁciant,
3416 4500 3512 4582 vel
3560 4523 3671 4584 ﬂa-

2019 4592 2202 4670 gellat
2233 4612 2334 4655 eos
2369 4599 2678 4659 tormentis
2706 4618 2773 4661 ac
2821 4592 3327 4683 tribulationibus,
3350 4592 3355 4593 ί
3378 4608 3428 4669 si
3470 4628 3670 4673 rerum

2017 4681 2339 4772 cupiditate
2362 4684 2659 4763 laborent,
2694 4691 3086 4772 quoadusque
3116 4681 3455 4759 instabilem
3479 4701 3676 4763 visibi-

2018 4769 2165 4830 lium
2182 4771 2653 4838 vicissitudinem
2680 4778 2791 4852 osi,
2808 4769 3264 4846 amaritudinem
3293 4793 3670 4853 terrenarum

2020 4860 2387 4942 voluptatum
2418 4864 2692 4947 lacrymis
2727 4878 3002 4948 purgent.

2099 5129 2197 5226 46.
2221 5127 2674 5226 Tranquillitate
2697 5137 3123 5226 cogitationum
3157 5162 3190 5205 a
3211 5146 3519 5226 spiritibus
3543 5168 3674 5210 ma-

2017 5216 2192 5296 lignis
2225 5220 2476 5295 turbata,
2510 5226 2727 5315 statim
2776 5225 2962 5305 ignita
3005 5216 3508 5315 concupiscentiae
3563 5239 3679 5300 tela

2018 5315 2228 5369 contra
2258 5328 2390 5370 eum
2424 5314 2523 5392 qui
2572 5316 2642 5377 ad
2698 5315 2915 5383 mentis
2963 5314 3352 5387 elevationem
3393 5328 3681 5391 velociter

270 5391 563 5473 τρέχοντος
620 5396 753 5473 πρὸς
812 5398 878 5453 τὰ
933 5398 1045 5474 ὕψη
1103 5404 1249 5482 νοὸς,
1307 5403 1450 5459 πααὺ
1506 5408 1613 5457 τῶν
1668 5404 1933 5498 θηρευτῶν

342 5482 357 5498 ι
484 5478 502 5498 ς
600 5480 611 5498 .
833 5482 856 5498 ρ,
976 5488 986 5498 .
1231 5490 1240 5498 .
1713 5495 1734 5498 _

2037 5399 2226 5473 :urrit,
2259 5417 2293 5460 a
2326 5391 2707 5466 venatoribus
2739 5407 3197 5493 carnalibusque
3235 5415 3551 5479 daemoniis
3574 5418 3675 5498 ja-

272 5482 362 5538 καὶ
421 5478 759 5563 φιλοσάρκων
829 5482 1117 5570 δαιμόνων,
1176 5478 1477 5567 πέμπονται
1534 5495 1798 5569 συνεχῶς.
1877 5479 1933 5545 Ὀ

2037 5496 2249 5550 :tantur
2270 5488 2699 5556 indesinenter.
2743 5499 2948 5560 Mensv
2963 5518 3065 5563 ero
3080 5478 3119 5563 ἆ
3126 5512 3289 5566 motu
3307 5478 3680 5572 ascensionis

723 5652 982 5717 ΡΑτιιοι..
1021 5654 1131 5722 Gn.
1162 5656 1332 5722 CXX.

3271 5677 3349 5741 ‘29
