  <div class='ocr_page' id='page_1' title='image "/cluster/home/n/w/nwhite01/storage/ocr_20150623/120/coo.31924054870245/461.png"; bbox 0 0 4126 6392; ppageno 0'>
   <div class='ocr_carea' id='block_1_1' title="bbox 478 296 3879 375">
    <p class='ocr_par' dir='ltr' id='par_1_1' title="bbox 478 296 3879 375">
     <span class='ocr_line' id='line_1_1' title="bbox 478 296 3879 375; baseline 0.002 -8"><span class='ocrx_word' id='word_1_1' title='bbox 478 296 597 368; x_wconf 83' lang='lat'><strong>907</strong></span> <span class='ocrx_word' id='word_1_2' title='bbox 1762 298 2066 365; x_wconf 74' lang='lat' dir='ltr'><strong>NICETIE</strong></span> <span class='ocrx_word' id='word_1_3' title='bbox 2106 297 2538 365; x_wconf 81' lang='lat' dir='ltr'><strong>PECTORATI</strong></span> <span class='ocrx_word' id='word_1_4' title='bbox 3754 310 3879 375; x_wconf 87' lang='lat'><strong>908</strong></span> 
     </span>
    </p>
   </div>
   <div class='ocr_carea' id='block_1_2' title="bbox 480 433 2106 526">
    <p class='ocr_par' dir='ltr' id='par_1_2' title="bbox 480 436 2101 518">
     <span class='ocr_line' id='line_1_2' title="bbox 480 436 2101 518; baseline -0.002 -18"><span class='ocrx_word' id='word_1_5' title='bbox 480 437 814 509; x_wconf 79' lang='lat' dir='ltr'><strong>remittens,</strong></span> <span class='ocrx_word' id='word_1_6' title='bbox 832 436 1255 499; x_wconf 88' lang='lat' dir='ltr'><strong>inindecentes</strong></span> <span class='ocrx_word' id='word_1_7' title='bbox 1266 436 1655 518; x_wconf 90' lang='lat' dir='ltr'><strong>impurosque</strong></span> <span class='ocrx_word' id='word_1_8' title='bbox 1677 443 1869 499; x_wconf 90' lang='lat' dir='ltr'><strong>motus</strong></span> <span class='ocrx_word' id='word_1_9' title='bbox 1890 436 2101 498; x_wconf 80' lang='lat' dir='ltr'><strong>incidit</strong></span> 
     </span>
    </p>
   </div>
   <div class='ocr_carea' id='block_1_3' title="bbox 2200 433 3875 526">
    <p class='ocr_par' dir='ltr' id='par_1_3' title="bbox 2211 433 3875 526">
     <span class='ocr_line' id='line_1_3' title="bbox 2211 433 3875 526; baseline 0.006 -34"><span class='ocrx_word' id='word_1_10' title='bbox 2211 434 2265 492; x_wconf 86' lang='grc' dir='ltr'><strong>δέ</strong></span> <span class='ocrx_word' id='word_1_11' title='bbox 2292 457 2351 514; x_wconf 92' lang='grc' dir='ltr'><strong>γε</strong></span> <span class='ocrx_word' id='word_1_12' title='bbox 2384 442 2502 499; x_wconf 76' lang='grc' dir='ltr'>νοῦς</span> <span class='ocrx_word' id='word_1_13' title='bbox 2529 440 2628 503; x_wconf 77' lang='grc' dir='ltr'><strong>τῆς</strong></span> <span class='ocrx_word' id='word_1_14' title='bbox 2683 435 2769 492; x_wconf 87' lang='grc' dir='ltr'><strong>ἐπὶ</strong></span> <span class='ocrx_word' id='word_1_15' title='bbox 2812 437 2878 492; x_wconf 80' lang='grc' dir='ltr'><strong>τὰ</strong></span> <span class='ocrx_word' id='word_1_16' title='bbox 2934 433 3043 494; x_wconf 74' lang='grc' dir='ltr'><strong>ἅνω</strong></span> <span class='ocrx_word' id='word_1_17' title='bbox 3100 441 3362 510; x_wconf 69' lang='grc' dir='ltr'>κινήσεως</span> <span class='ocrx_word' id='word_1_18' title='bbox 3405 445 3735 526; x_wconf 83' lang='grc' dir='ltr'>περικοπεὶς,</span> <span class='ocrx_word' id='word_1_19' title='bbox 3796 447 3875 507; x_wconf 85' lang='grc' dir='ltr'>εἷς</span> 
     </span>
    </p>
   </div>
   <div class='ocr_carea' id='block_1_4' title="bbox 478 525 2106 610">
    <p class='ocr_par' dir='ltr' id='par_1_4' title="bbox 478 526 2106 607">
     <span class='ocr_line' id='line_1_4' title="bbox 478 526 2106 607; baseline -0.002 -17"><span class='ocrx_word' id='word_1_20' title='bbox 478 536 537 590; x_wconf 91' lang='lat' dir='ltr'><strong>et</strong></span> <span class='ocrx_word' id='word_1_21' title='bbox 564 527 652 590; x_wconf 86' lang='lat' dir='ltr'><strong>sic</strong></span> <span class='ocrx_word' id='word_1_22' title='bbox 670 526 1010 590; x_wconf 80' lang='lat' dir='ltr'><strong>inordinate</strong></span> <span class='ocrx_word' id='word_1_23' title='bbox 1039 529 1352 607; x_wconf 83' lang='lat' dir='ltr'><strong>insurgere</strong></span> <span class='ocrx_word' id='word_1_24' title='bbox 1383 527 1662 589; x_wconf 86' lang='lat' dir='ltr'><strong>adversus</strong></span> <span class='ocrx_word' id='word_1_25' title='bbox 1686 526 1964 607; x_wconf 89' lang='lat' dir='ltr'><strong>spiritum</strong></span> <span class='ocrx_word' id='word_1_26' title='bbox 1992 545 2106 588; x_wconf 79' lang='lat' dir='ltr'><strong>can</strong></span> 
     </span>
    </p>
   </div>
   <div class='ocr_carea' id='block_1_5' title="bbox 2200 525 3876 610">
    <p class='ocr_par' dir='ltr' id='par_1_5' title="bbox 2211 525 3876 610">
     <span class='ocr_line' id='line_1_5' title="bbox 2211 525 3876 610; baseline 0.005 -28"><span class='ocrx_word' id='word_1_27' title='bbox 2211 525 2475 606; x_wconf 78' lang='grc' dir='ltr'><strong>ἀπρεπεῖς</strong></span> <span class='ocrx_word' id='word_1_28' title='bbox 2559 527 2797 597; x_wconf 81' lang='grc' dir='ltr'>κινήσεις</span> <span class='ocrx_word' id='word_1_29' title='bbox 2874 529 2962 583; x_wconf 89' lang='grc' dir='ltr'>καὶ</span> <span class='ocrx_word' id='word_1_30' title='bbox 3020 529 3355 610; x_wconf 74' lang='grc' dir='ltr'>πεφυρμένας</span> <span class='ocrx_word' id='word_1_31' title='bbox 3428 525 3725 609; x_wconf 53' lang='grc' dir='ltr'>ἐκπίπτει,</span> <span class='ocrx_word' id='word_1_32' title='bbox 3781 536 3876 591; x_wconf 81' lang='grc' dir='ltr'><strong>καὶ</strong></span> 
     </span>
    </p>
   </div>
   <div class='ocr_carea' id='block_1_6' title="bbox 474 613 2106 699">
    <p class='ocr_par' dir='ltr' id='par_1_6' title="bbox 474 615 2106 699">
     <span class='ocr_line' id='line_1_6' title="bbox 474 615 2106 699; baseline -0.003 -19"><span class='ocrx_word' id='word_1_33' title='bbox 474 616 711 699; x_wconf 88' lang='lat' dir='ltr'><strong>incipit,</strong></span> <span class='ocrx_word' id='word_1_34' title='bbox 760 616 1201 680; x_wconf 89' lang='lat' dir='ltr'><strong>titillationibus</strong></span> <span class='ocrx_word' id='word_1_35' title='bbox 1250 617 1513 680; x_wconf 90' lang='lat' dir='ltr'><strong>animum</strong></span> <span class='ocrx_word' id='word_1_36' title='bbox 1573 615 2003 696; x_wconf 85' lang='lat' dir='ltr'><strong>ardoribusque</strong></span> <span class='ocrx_word' id='word_1_37' title='bbox 2034 627 2106 677; x_wconf 88' lang='lat' dir='ltr'><strong>at-</strong></span> 
     </span>
    </p>
   </div>
   <div class='ocr_carea' id='block_1_7' title="bbox 2200 613 3876 699">
    <p class='ocr_par' dir='ltr' id='par_1_7' title="bbox 2210 613 3876 696">
     <span class='ocr_line' id='line_1_7' title="bbox 2210 613 3876 696; baseline 0.005 -26"><span class='ocrx_word' id='word_1_38' title='bbox 2210 613 2375 679; x_wconf 62' lang='grc' dir='ltr'>οὕτως</span> <span class='ocrx_word' id='word_1_39' title='bbox 2463 614 2705 678; x_wconf 80' lang='grc' dir='ltr'><strong>ἀτάκτως</strong></span> <span class='ocrx_word' id='word_1_40' title='bbox 2787 616 2822 684; x_wconf 78' lang='grc' dir='ltr'><strong>ἡ</strong></span> <span class='ocrx_word' id='word_1_41' title='bbox 2910 617 3038 696; x_wconf 82' lang='grc' dir='ltr'>σὰρζ</span> <span class='ocrx_word' id='word_1_42' title='bbox 3122 618 3495 677; x_wconf 67' lang='grc' dir='ltr'><strong>ἐπανίστασθαι</strong></span> <span class='ocrx_word' id='word_1_43' title='bbox 3572 624 3706 679; x_wconf 80' lang='grc' dir='ltr'>κατὰ</span> <span class='ocrx_word' id='word_1_44' title='bbox 3776 630 3876 679; x_wconf 78' lang='grc' dir='ltr'>τοῦ</span> 
     </span>
    </p>
   </div>
   <div class='ocr_carea' id='block_1_8' title="bbox 480 702 2106 788">
    <p class='ocr_par' dir='ltr' id='par_1_8' title="bbox 480 704 2106 788">
     <span class='ocr_line' id='line_1_8' title="bbox 480 704 2106 788; baseline -0.002 -21"><span class='ocrx_word' id='word_1_45' title='bbox 480 708 746 784; x_wconf 90' lang='lat' dir='ltr'><strong>trahens,</strong></span> <span class='ocrx_word' id='word_1_46' title='bbox 779 707 931 769; x_wconf 90' lang='lat' dir='ltr'><strong>etin</strong></span> <span class='ocrx_word' id='word_1_47' title='bbox 986 707 1274 788; x_wconf 82' lang='lat' dir='ltr'><strong>abyssum</strong></span> <span class='ocrx_word' id='word_1_48' title='bbox 1329 705 1642 786; x_wconf 88' lang='lat' dir='ltr'><strong>voluptatis</strong></span> <span class='ocrx_word' id='word_1_49' title='bbox 1697 724 1833 766; x_wconf 91' lang='lat' dir='ltr'><strong>eum</strong></span> <span class='ocrx_word' id='word_1_50' title='bbox 1863 704 2106 784; x_wconf 64' lang='lat' dir='ltr'><strong>dejicere</strong></span> 
     </span>
    </p>
   </div>
   <div class='ocr_carea' id='block_1_9' title="bbox 2200 702 3878 788">
    <p class='ocr_par' dir='ltr' id='par_1_9' title="bbox 2208 702 3878 785">
     <span class='ocr_line' id='line_1_9' title="bbox 2208 702 3878 785; baseline 0.006 -26"><span class='ocrx_word' id='word_1_51' title='bbox 2208 704 2505 779; x_wconf 90' lang='grc' dir='ltr'>πνεύματος</span> <span class='ocrx_word' id='word_1_52' title='bbox 2556 702 2803 785; x_wconf 77' lang='grc' dir='ltr'>ἄρχεται,</span> <span class='ocrx_word' id='word_1_53' title='bbox 2860 704 3255 784; x_wconf 72' lang='grc' dir='ltr'><strong>γαργαλισμοῖς</strong></span> <span class='ocrx_word' id='word_1_54' title='bbox 3314 711 3405 765; x_wconf 84' lang='grc' dir='ltr'>τὸν</span> <span class='ocrx_word' id='word_1_55' title='bbox 3451 720 3568 769; x_wconf 79' lang='grc' dir='ltr'>νοῦν</span> <span class='ocrx_word' id='word_1_56' title='bbox 3625 714 3715 768; x_wconf 87' lang='grc' dir='ltr'><strong>καὶ</strong></span> <span class='ocrx_word' id='word_1_57' title='bbox 3772 735 3878 768; x_wconf 86' lang='grc' dir='ltr'>πυ·-</span> 
     </span>
    </p>
   </div>
   <div class='ocr_carea' id='block_1_10' title="bbox 478 792 2106 880">
    <p class='ocr_par' dir='ltr' id='par_1_10' title="bbox 478 792 2102 879">
     <span class='ocr_line' id='line_1_10' title="bbox 478 792 2102 879; baseline -0.002 -20"><span class='ocrx_word' id='word_1_58' title='bbox 478 796 753 879; x_wconf 89' lang='lat' dir='ltr'><strong>cupiens.</strong></span> <span class='ocrx_word' id='word_1_59' title='bbox 804 795 877 858; x_wconf 91' lang='lat' dir='ltr'><strong>Et</strong></span> <span class='ocrx_word' id='word_1_60' title='bbox 928 796 1047 858; x_wconf 89' lang='lat' dir='ltr'><strong>nisi</strong></span> <span class='ocrx_word' id='word_1_61' title='bbox 1099 796 1390 859; x_wconf 89' lang='lat' dir='ltr'><strong>Dominus</strong></span> <span class='ocrx_word' id='word_1_62' title='bbox 1441 794 1696 859; x_wconf 84' lang='lat' dir='ltr'><strong>Sabaoth</strong></span> <span class='ocrx_word' id='word_1_63' title='bbox 1727 792 2102 855; x_wconf 89' lang='lat' dir='ltr'><strong>abbreviasse</strong></span> 
     </span>
    </p>
   </div>
   <div class='ocr_carea' id='block_1_11' title="bbox 2200 792 3876 880">
    <p class='ocr_par' dir='ltr' id='par_1_11' title="bbox 2208 793 3876 880">
     <span class='ocr_line' id='line_1_11' title="bbox 2208 793 3876 880; baseline 0.005 -32"><span class='ocrx_word' id='word_1_64' title='bbox 2208 793 2429 872; x_wconf 86' lang='grc' dir='ltr'>ρώσεσιν</span> <span class='ocrx_word' id='word_1_65' title='bbox 2458 800 2809 875; x_wconf 84' lang='grc' dir='ltr'>κατασπῶσα,</span> <span class='ocrx_word' id='word_1_66' title='bbox 2839 797 2928 851; x_wconf 88' lang='grc' dir='ltr'>καὶ</span> <span class='ocrx_word' id='word_1_67' title='bbox 2957 797 3089 874; x_wconf 82' lang='grc' dir='ltr'>πρὸς</span> <span class='ocrx_word' id='word_1_68' title='bbox 3119 798 3303 877; x_wconf 82' lang='grc' dir='ltr'>βόθρον</span> <span class='ocrx_word' id='word_1_69' title='bbox 3331 796 3526 866; x_wconf 77' lang='grc' dir='ltr'>ἡδονῆς</span> <span class='ocrx_word' id='word_1_70' title='bbox 3548 805 3876 880; x_wconf 79' lang='grc' dir='ltr'>καταχῶσαι</span> 
     </span>
    </p>
   </div>
   <div class='ocr_carea' id='block_1_12' title="bbox 477 880 2106 969">
    <p class='ocr_par' dir='ltr' id='par_1_12' title="bbox 477 883 2106 969">
     <span class='ocr_line' id='line_1_12' title="bbox 477 883 2106 969; baseline -0.003 -21"><span class='ocrx_word' id='word_1_71' title='bbox 477 885 610 949; x_wconf 90' lang='lat' dir='ltr'><strong>dies</strong></span> <span class='ocrx_word' id='word_1_72' title='bbox 642 885 800 961; x_wconf 90' lang='lat' dir='ltr'><strong>illos,</strong></span> <span class='ocrx_word' id='word_1_73' title='bbox 832 905 899 949; x_wconf 89' lang='lat' dir='ltr'><strong>ac</strong></span> <span class='ocrx_word' id='word_1_74' title='bbox 929 887 1204 950; x_wconf 88' lang='lat' dir='ltr'><strong>virtutem</strong></span> <span class='ocrx_word' id='word_1_75' title='bbox 1253 884 1705 969; x_wconf 88' lang='lat' dir='ltr'><strong>perseverantia</strong></span> <span class='ocrx_word' id='word_1_76' title='bbox 1734 883 1970 946; x_wconf 86' lang='lat' dir='ltr'><strong>famulis</strong></span> <span class='ocrx_word' id='word_1_77' title='bbox 2001 883 2106 945; x_wconf 80' lang='lat' dir='ltr'><strong>sui:</strong></span> 
     </span>
    </p>
   </div>
   <div class='ocr_carea' id='block_1_13' title="bbox 2200 880 3873 969">
    <p class='ocr_par' dir='ltr' id='par_1_13' title="bbox 2206 880 3873 969">
     <span class='ocr_line' id='line_1_13' title="bbox 2206 880 3873 969; baseline 0.006 -32"><span class='ocrx_word' id='word_1_78' title='bbox 2206 888 2390 969; x_wconf 77' lang='grc' dir='ltr'>τοῦτον</span> <span class='ocrx_word' id='word_1_79' title='bbox 2434 880 2776 958; x_wconf 82' lang='grc' dir='ltr'>ἐπιθυμοῦσα.</span> <span class='ocrx_word' id='word_1_80' title='bbox 2813 884 2912 942; x_wconf 82' lang='grc' dir='ltr'>Καὶ</span> <span class='ocrx_word' id='word_1_81' title='bbox 2959 885 3004 940; x_wconf 79' lang='grc' dir='ltr'><strong>εἰ</strong></span> <span class='ocrx_word' id='word_1_82' title='bbox 3051 886 3129 961; x_wconf 78' lang='grc' dir='ltr'><strong>μὴ</strong></span> <span class='ocrx_word' id='word_1_83' title='bbox 3179 887 3367 966; x_wconf 84' lang='grc' dir='ltr'>Κύριος</span> <span class='ocrx_word' id='word_1_84' title='bbox 3422 884 3645 945; x_wconf 79' lang='grc' dir='ltr'>Σαϐαὼθ</span> <span class='ocrx_word' id='word_1_85' title='bbox 3670 888 3873 947; x_wconf 85' lang='grc' dir='ltr'>ἐκολό-</span> 
     </span>
    </p>
   </div>
   <div class='ocr_carea' id='block_1_14' title="bbox 479 967 2106 1053">
    <p class='ocr_par' dir='ltr' id='par_1_14' title="bbox 479 967 1958 1053">
     <span class='ocr_line' id='line_1_14' title="bbox 479 967 1958 1053; baseline -0.001 -16"><span class='ocrx_word' id='word_1_86' title='bbox 479 973 875 1053; x_wconf 85' lang='lat' dir='ltr'><strong>retribuisset,</strong></span> <span class='ocrx_word' id='word_1_87' title='bbox 909 995 1030 1039; x_wconf 89' lang='lat' dir='ltr'><strong>non</strong></span> <span class='ocrx_word' id='word_1_88' title='bbox 1058 967 1268 1041; x_wconf 78' lang='lat' dir='ltr'><strong>fuisset</strong></span> <span class='ocrx_word' id='word_1_89' title='bbox 1292 977 1458 1040; x_wconf 89' lang='lat' dir='ltr'><strong>salva</strong></span> <span class='ocrx_word' id='word_1_90' title='bbox 1489 973 1684 1038; x_wconf 91' lang='lat' dir='ltr'><strong>omnis</strong></span> <span class='ocrx_word' id='word_1_91' title='bbox 1713 992 1851 1036; x_wconf 91' lang='lat' dir='ltr'><strong>caro</strong></span> <span class='ocrx_word' id='word_1_92' title='bbox 1874 974 1958 1036; x_wconf 77' lang='lat'><strong>39.</strong></span> 
     </span>
    </p>
   </div>
   <div class='ocr_carea' id='block_1_15' title="bbox 2200 967 3875 1053">
    <p class='ocr_par' dir='ltr' id='par_1_15' title="bbox 2208 967 3875 1052">
     <span class='ocr_line' id='line_1_15' title="bbox 2208 967 3875 1052; baseline 0.007 -26"><span class='ocrx_word' id='word_1_93' title='bbox 2208 967 2346 1027; x_wconf 80' lang='grc' dir='ltr'>ϐωσε</span> <span class='ocrx_word' id='word_1_94' title='bbox 2394 971 2490 1035; x_wconf 80' lang='grc' dir='ltr'>τὰς</span> <span class='ocrx_word' id='word_1_95' title='bbox 2540 971 2742 1051; x_wconf 82' lang='grc' dir='ltr'>ἡμέρας</span> <span class='ocrx_word' id='word_1_96' title='bbox 2787 971 3013 1047; x_wconf 85' lang='grc' dir='ltr'>ἐκείνας,</span> <span class='ocrx_word' id='word_1_97' title='bbox 3075 975 3163 1031; x_wconf 84' lang='grc' dir='ltr'><strong>καὶ</strong></span> <span class='ocrx_word' id='word_1_98' title='bbox 3191 973 3407 1051; x_wconf 85' lang='grc' dir='ltr'>δύναμιν</span> <span class='ocrx_word' id='word_1_99' title='bbox 3441 978 3715 1052; x_wconf 81' lang='grc' dir='ltr'>ὑπομονῆς</span> <span class='ocrx_word' id='word_1_100' title='bbox 3748 992 3875 1044; x_wconf 78' lang='grc' dir='ltr'>τοῖς</span> 
     </span>
    </p>
   </div>
   <div class='ocr_carea' id='block_1_16' title="bbox 2209 1057 3870 1140">
    <p class='ocr_par' dir='ltr' id='par_1_16' title="bbox 2209 1057 3870 1140">
     <span class='ocr_line' id='line_1_16' title="bbox 2209 1057 3870 1140; baseline 0.007 -25"><span class='ocrx_word' id='word_1_101' title='bbox 2209 1060 2393 1119; x_wconf 75' lang='grc' dir='ltr'>ἑαυτοῦ</span> <span class='ocrx_word' id='word_1_102' title='bbox 2464 1057 2812 1139; x_wconf 81' lang='grc' dir='ltr'>ἐπεϐράϐευσε</span> <span class='ocrx_word' id='word_1_103' title='bbox 2882 1059 3110 1140; x_wconf 74' lang='grc' dir='ltr'>δούλοις,</span> <span class='ocrx_word' id='word_1_104' title='bbox 3172 1068 3267 1124; x_wconf 77' lang='grc' dir='ltr'><strong>οὐκ</strong></span> <span class='ocrx_word' id='word_1_105' title='bbox 3335 1064 3398 1122; x_wconf 78' lang='grc' dir='ltr'><strong>ἂν</strong></span> <span class='ocrx_word' id='word_1_106' title='bbox 3469 1064 3642 1134; x_wconf 81' lang='grc' dir='ltr'>ἐσώθη</span> <span class='ocrx_word' id='word_1_107' title='bbox 3715 1075 3870 1126; x_wconf 83' lang='grc' dir='ltr'>πᾶσα</span> 
     </span>
    </p>
   </div>
   <div class='ocr_carea' id='block_1_17' title="bbox 2208 1147 2354 1229">
    <p class='ocr_par' dir='ltr' id='par_1_17' title="bbox 2208 1147 2354 1229">
     <span class='ocr_line' id='line_1_17' title="bbox 2208 1147 2354 1229; baseline -0.027 -14"><span class='ocrx_word' id='word_1_108' title='bbox 2208 1147 2354 1229; x_wconf 80' lang='grc' dir='ltr'>σάρξ.</span> 
     </span>
    </p>
   </div>
   <div class='ocr_carea' id='block_1_18' title="bbox 2288 1228 3864 1320">
    <p class='ocr_par' dir='ltr' id='par_1_18' title="bbox 2288 1228 3864 1320">
     <span class='ocr_line' id='line_1_18' title="bbox 2288 1228 3864 1320; baseline 0.006 -26"><span class='ocrx_word' id='word_1_109' title='bbox 2288 1228 2409 1313; x_wconf 75' lang='grc' dir='ltr'><strong>ις’.</strong></span> <span class='ocrx_word' id='word_1_110' title='bbox 2447 1229 2506 1297; x_wconf 61' lang='grc' dir='ltr'><strong>εΟ</strong></span> <span class='ocrx_word' id='word_1_111' title='bbox 2557 1244 2656 1307; x_wconf 81' lang='grc' dir='ltr'>τῆς</span> <span class='ocrx_word' id='word_1_112' title='bbox 2706 1241 2950 1319; x_wconf 83' lang='grc' dir='ltr'>πορνείας</span> <span class='ocrx_word' id='word_1_113' title='bbox 2999 1239 3317 1320; x_wconf 84' lang='grc' dir='ltr'>πολύπειρος</span> <span class='ocrx_word' id='word_1_114' title='bbox 3360 1244 3448 1297; x_wconf 87' lang='grc' dir='ltr'><strong>καὶ</strong></span> <span class='ocrx_word' id='word_1_115' title='bbox 3504 1242 3864 1320; x_wconf 80' lang='grc' dir='ltr'>πολυμέθοδος</span> 
     </span>
    </p>
   </div>
   <div class='ocr_carea' id='block_1_19' title="bbox 2206 1325 3866 1413">
    <p class='ocr_par' dir='ltr' id='par_1_19' title="bbox 2206 1325 3866 1413">
     <span class='ocr_line' id='line_1_19' title="bbox 2206 1325 3866 1413; baseline 0.004 -30"><span class='ocrx_word' id='word_1_116' title='bbox 2206 1325 2406 1403; x_wconf 88' lang='grc' dir='ltr'>δαίμων</span> <span class='ocrx_word' id='word_1_117' title='bbox 2449 1341 2566 1393; x_wconf 78' lang='grc' dir='ltr'>τοῖς</span> <span class='ocrx_word' id='word_1_118' title='bbox 2615 1329 2713 1405; x_wconf 79' lang='grc' dir='ltr'>μὲν</span> <span class='ocrx_word' id='word_1_119' title='bbox 2760 1330 2961 1394; x_wconf 75' lang='grc' dir='ltr'>πτῶσις</span> <span class='ocrx_word' id='word_1_120' title='bbox 3018 1331 3106 1386; x_wconf 85' lang='grc' dir='ltr'><strong>καὶ</strong></span> <span class='ocrx_word' id='word_1_121' title='bbox 3163 1328 3361 1395; x_wconf 81' lang='grc' dir='ltr'>λάκκος</span> <span class='ocrx_word' id='word_1_122' title='bbox 3420 1330 3674 1412; x_wconf 73' lang='grc' dir='ltr'>βορϐόρου</span> <span class='ocrx_word' id='word_1_123' title='bbox 3714 1336 3866 1413; x_wconf 83' lang='grc' dir='ltr'>γίνε-</span> 
     </span>
    </p>
   </div>
   <div class='ocr_carea' id='block_1_20' title="bbox 2205 1416 3869 1504">
    <p class='ocr_par' dir='ltr' id='par_1_20' title="bbox 2205 1416 3869 1504">
     <span class='ocr_line' id='line_1_20' title="bbox 2205 1416 3869 1504; baseline 0.005 -31"><span class='ocrx_word' id='word_1_124' title='bbox 2205 1439 2291 1473; x_wconf 90' lang='grc' dir='ltr'><strong>ται</strong></span> <span class='ocrx_word' id='word_1_125' title='bbox 2326 1423 2341 1451; x_wconf 93' lang='lat'>‘</span> <span class='ocrx_word' id='word_1_126' title='bbox 2374 1431 2490 1481; x_wconf 82' lang='grc' dir='ltr'>τοῖς</span> <span class='ocrx_word' id='word_1_127' title='bbox 2521 1416 2598 1498; x_wconf 83' lang='grc' dir='ltr'>δὲ,</span> <span class='ocrx_word' id='word_1_128' title='bbox 2629 1417 2816 1493; x_wconf 79' lang='grc' dir='ltr'>μάστιξ</span> <span class='ocrx_word' id='word_1_129' title='bbox 2846 1419 2933 1475; x_wconf 86' lang='grc' dir='ltr'>καὶ</span> <span class='ocrx_word' id='word_1_130' title='bbox 2961 1416 3147 1496; x_wconf 79' lang='grc' dir='ltr'>ῥάϐδος</span> <span class='ocrx_word' id='word_1_131' title='bbox 3176 1417 3349 1476; x_wconf 86' lang='grc' dir='ltr'>δικαία</span> <span class='ocrx_word' id='word_1_132' title='bbox 3383 1440 3400 1456; x_wconf 79' lang='lat'><strong><em>&#39;</em></strong></span> <span class='ocrx_word' id='word_1_133' title='bbox 3444 1435 3565 1484; x_wconf 77' lang='grc' dir='ltr'>τοῖς</span> <span class='ocrx_word' id='word_1_134' title='bbox 3597 1419 3674 1504; x_wconf 79' lang='grc' dir='ltr'>δὲ,</span> <span class='ocrx_word' id='word_1_135' title='bbox 3698 1437 3869 1503; x_wconf 78' lang='grc' dir='ltr'>πεῖρα</span> 
     </span>
    </p>
   </div>
   <div class='ocr_carea' id='block_1_21' title="bbox 566 1241 2125 1325">
    <p class='ocr_par' dir='ltr' id='par_1_21' title="bbox 566 1241 2125 1325">
     <span class='ocr_line' id='line_1_21' title="bbox 566 1241 2125 1325; baseline -0.003 -18"><span class='ocrx_word' id='word_1_136' title='bbox 566 1245 660 1307; x_wconf 85' lang='grc'><strong>16.</strong></span> <span class='ocrx_word' id='word_1_137' title='bbox 694 1242 1127 1307; x_wconf 86' lang='lat' dir='ltr'><strong>Fornicaticnis</strong></span> <span class='ocrx_word' id='word_1_138' title='bbox 1155 1243 1413 1325; x_wconf 86' lang='lat' dir='ltr'><strong>damon,</strong></span> <span class='ocrx_word' id='word_1_139' title='bbox 1472 1243 1534 1304; x_wconf 92' lang='lat' dir='ltr'><strong>in</strong></span> <span class='ocrx_word' id='word_1_140' title='bbox 1593 1241 1820 1304; x_wconf 90' lang='lat' dir='ltr'><strong>artibus</strong></span> <span class='ocrx_word' id='word_1_141' title='bbox 1851 1241 2125 1320; x_wconf 77' lang='lat' dir='ltr'><strong>dolisque</strong></span> 
     </span>
    </p>
   </div>
   <div class='ocr_carea' id='block_1_22' title="bbox 476 1332 2119 1412">
    <p class='ocr_par' dir='ltr' id='par_1_22' title="bbox 476 1332 2119 1412">
     <span class='ocr_line' id='line_1_22' title="bbox 476 1332 2119 1412; baseline -0.002 -18"><span class='ocrx_word' id='word_1_142' title='bbox 476 1333 724 1412; x_wconf 88' lang='lat' dir='ltr'><strong>multus,</strong></span> <span class='ocrx_word' id='word_1_143' title='bbox 757 1334 889 1396; x_wconf 90' lang='lat' dir='ltr'><strong>aliis</strong></span> <span class='ocrx_word' id='word_1_144' title='bbox 937 1334 1003 1396; x_wconf 87' lang='lat' dir='ltr'><strong>ﬁt</strong></span> <span class='ocrx_word' id='word_1_145' title='bbox 1052 1334 1476 1397; x_wconf 79' lang='lat' dir='ltr'><strong>offendiculum</strong></span> <span class='ocrx_word' id='word_1_146' title='bbox 1533 1339 1592 1395; x_wconf 91' lang='lat' dir='ltr'><strong>et</strong></span> <span class='ocrx_word' id='word_1_147' title='bbox 1615 1332 1779 1395; x_wconf 90' lang='lat' dir='ltr'><strong>lacus</strong></span> <span class='ocrx_word' id='word_1_148' title='bbox 1822 1349 2119 1407; x_wconf 71' lang='lat' dir='ltr'><strong>caenosus,</strong></span> 
     </span>
    </p>
   </div>
   <div class='ocr_carea' id='block_1_23' title="bbox 472 1421 2126 1504">
    <p class='ocr_par' dir='ltr' id='par_1_23' title="bbox 472 1421 2126 1504">
     <span class='ocr_line' id='line_1_23' title="bbox 472 1421 2126 1504; baseline -0.001 -19"><span class='ocrx_word' id='word_1_149' title='bbox 472 1422 605 1486; x_wconf 90' lang='lat' dir='ltr'><strong>aliis</strong></span> <span class='ocrx_word' id='word_1_150' title='bbox 634 1423 940 1504; x_wconf 76' lang='lat' dir='ltr'><strong>flagellum</strong></span> <span class='ocrx_word' id='word_1_151' title='bbox 991 1431 1051 1487; x_wconf 90' lang='lat' dir='ltr'><strong>et</strong></span> <span class='ocrx_word' id='word_1_152' title='bbox 1103 1423 1266 1504; x_wconf 85' lang='lat' dir='ltr'><strong>virga</strong></span> <span class='ocrx_word' id='word_1_153' title='bbox 1323 1423 1562 1498; x_wconf 83' lang='lat' dir='ltr'><strong>vindex,</strong></span> <span class='ocrx_word' id='word_1_154' title='bbox 1621 1421 1753 1483; x_wconf 89' lang='lat' dir='ltr'><strong>aliis</strong></span> <span class='ocrx_word' id='word_1_155' title='bbox 1789 1422 2036 1483; x_wconf 87' lang='lat' dir='ltr'><strong>tentatio</strong></span> <span class='ocrx_word' id='word_1_156' title='bbox 2066 1428 2126 1483; x_wconf 85' lang='lat' dir='ltr'><strong>et</strong></span> 
     </span>
    </p>
   </div>
   <div class='ocr_carea' id='block_1_24' title="bbox 467 1507 2106 1594">
    <p class='ocr_par' dir='ltr' id='par_1_24' title="bbox 467 1511 2106 1594">
     <span class='ocr_line' id='line_1_24' title="bbox 467 1511 2106 1594; baseline -0.003 -19"><span class='ocrx_word' id='word_1_157' title='bbox 467 1513 682 1576; x_wconf 85' lang='lat' dir='ltr'><strong>anima</strong></span> <span class='ocrx_word' id='word_1_158' title='bbox 715 1522 1098 1576; x_wconf 89' lang='lat' dir='ltr'><strong>tormentum.</strong></span> <span class='ocrx_word' id='word_1_159' title='bbox 1128 1513 1352 1576; x_wconf 89' lang='lat' dir='ltr'><strong>Horum</strong></span> <span class='ocrx_word' id='word_1_160' title='bbox 1386 1513 1640 1594; x_wconf 90' lang='lat' dir='ltr'><strong>primum</strong></span> <span class='ocrx_word' id='word_1_161' title='bbox 1667 1518 1892 1591; x_wconf 83' lang='lat' dir='ltr'><strong>spectat</strong></span> <span class='ocrx_word' id='word_1_162' title='bbox 1918 1512 1989 1572; x_wconf 93' lang='lat' dir='ltr'><strong>ad</strong></span> <span class='ocrx_word' id='word_1_163' title='bbox 2025 1511 2106 1570; x_wconf 51' lang='lat' dir='ltr'><strong>inu</strong></span> 
     </span>
    </p>
   </div>
   <div class='ocr_carea' id='block_1_25' title="bbox 2200 1507 3868 1594">
    <p class='ocr_par' dir='ltr' id='par_1_25' title="bbox 2204 1507 3868 1589">
     <span class='ocr_line' id='line_1_25' title="bbox 2204 1507 3868 1589; baseline 0.004 -27"><span class='ocrx_word' id='word_1_164' title='bbox 2204 1507 2293 1562; x_wconf 87' lang='grc' dir='ltr'>καὶ</span> <span class='ocrx_word' id='word_1_165' title='bbox 2334 1511 2519 1586; x_wconf 79' lang='grc' dir='ltr'>ψυχῆς</span> <span class='ocrx_word' id='word_1_166' title='bbox 2549 1508 2803 1583; x_wconf 79' lang='grc' dir='ltr'>βάσανος.</span> <span class='ocrx_word' id='word_1_167' title='bbox 2838 1509 3046 1566; x_wconf 78' lang='grc' dir='ltr'><strong>Τούτων</strong></span> <span class='ocrx_word' id='word_1_168' title='bbox 3096 1509 3156 1564; x_wconf 84' lang='grc' dir='ltr'>τὸ</span> <span class='ocrx_word' id='word_1_169' title='bbox 3220 1509 3339 1584; x_wconf 78' lang='grc' dir='ltr'>μὲν,</span> <span class='ocrx_word' id='word_1_170' title='bbox 3392 1512 3510 1589; x_wconf 87' lang='grc' dir='ltr'>περὶ</span> <span class='ocrx_word' id='word_1_171' title='bbox 3541 1512 3663 1575; x_wconf 86' lang='grc' dir='ltr'>τοὺς</span> <span class='ocrx_word' id='word_1_172' title='bbox 3708 1514 3868 1569; x_wconf 79' lang='grc' dir='ltr'>εἷσα-</span> 
     </span>
    </p>
   </div>
   <div class='ocr_carea' id='block_1_26' title="bbox 470 1594 2106 1695">
    <p class='ocr_par' dir='ltr' id='par_1_26' title="bbox 470 1600 2106 1695">
     <span class='ocr_line' id='line_1_26' title="bbox 470 1600 2106 1695; baseline -0.004 -30"><span class='ocrx_word' id='word_1_173' title='bbox 470 1604 766 1695; x_wconf 81' lang='lat' dir='ltr'><strong>choantes</strong></span> <span class='ocrx_word' id='word_1_174' title='bbox 794 1603 1150 1695; x_wconf 80' lang='lat' dir='ltr'><strong>quiascesis</strong></span> <span class='ocrx_word' id='word_1_175' title='bbox 1165 1603 1375 1695; x_wconf 83' lang='lat' dir='ltr'><strong>jugum</strong></span> <span class='ocrx_word' id='word_1_176' title='bbox 1435 1602 1821 1695; x_wconf 76' lang='lat' dir='ltr'><strong>negligenter</strong></span> <span class='ocrx_word' id='word_1_177' title='bbox 1838 1600 2031 1695; x_wconf 83' lang='lat' dir='ltr'><strong>adhuc</strong></span> <span class='ocrx_word' id='word_1_178' title='bbox 2063 1610 2106 1661; x_wconf 81' lang='lat' dir='ltr'><strong>el</strong></span> 
     </span>
    </p>
   </div>
   <div class='ocr_carea' id='block_1_27' title="bbox 2200 1594 3871 1695">
    <p class='ocr_par' dir='ltr' id='par_1_27' title="bbox 2203 1594 3871 1687">
     <span class='ocr_line' id='line_1_27' title="bbox 2203 1594 3871 1687; baseline 0.004 -36"><span class='ocrx_word' id='word_1_179' title='bbox 2203 1598 2465 1673; x_wconf 85' lang='grc' dir='ltr'>γωγικοὺς</span> <span class='ocrx_word' id='word_1_180' title='bbox 2496 1594 2573 1652; x_wconf 76' lang='grc' dir='ltr'>ἔτι</span> <span class='ocrx_word' id='word_1_181' title='bbox 2602 1598 2692 1653; x_wconf 80' lang='grc' dir='ltr'><strong>τὸν</strong></span> <span class='ocrx_word' id='word_1_182' title='bbox 2721 1598 2877 1676; x_wconf 83' lang='grc' dir='ltr'>ζυγὸν</span> <span class='ocrx_word' id='word_1_183' title='bbox 2920 1595 3173 1661; x_wconf 74' lang='grc' dir='ltr'>ἕλκοντας</span> <span class='ocrx_word' id='word_1_184' title='bbox 3230 1603 3328 1665; x_wconf 77' lang='grc' dir='ltr'>τῆς</span> <span class='ocrx_word' id='word_1_185' title='bbox 3380 1599 3681 1677; x_wconf 67' lang='grc' dir='ltr'>ἀσκήσεως,</span> <span class='ocrx_word' id='word_1_186' title='bbox 3714 1603 3871 1687; x_wconf 86' lang='grc' dir='ltr'>χαύ-</span> 
     </span>
    </p>
   </div>
   <div class='ocr_carea' id='block_1_28' title="bbox 467 1685 2106 1771">
    <p class='ocr_par' dir='ltr' id='par_1_28' title="bbox 467 1689 2106 1771">
     <span class='ocr_line' id='line_1_28' title="bbox 467 1689 2106 1771; baseline -0.002 -19"><span class='ocrx_word' id='word_1_187' title='bbox 467 1691 773 1754; x_wconf 89' lang='lat' dir='ltr'><strong>incuriose</strong></span> <span class='ocrx_word' id='word_1_188' title='bbox 805 1692 1084 1768; x_wconf 87' lang='lat' dir='ltr'><strong>trahunt;</strong></span> <span class='ocrx_word' id='word_1_189' title='bbox 1135 1692 1465 1755; x_wconf 90' lang='lat' dir='ltr'><strong>secundum</strong></span> <span class='ocrx_word' id='word_1_190' title='bbox 1494 1692 1566 1753; x_wconf 90' lang='lat' dir='ltr'><strong>ad</strong></span> <span class='ocrx_word' id='word_1_191' title='bbox 1594 1710 1696 1752; x_wconf 87' lang='lat' dir='ltr'><strong>eos</strong></span> <span class='ocrx_word' id='word_1_192' title='bbox 1726 1689 1826 1771; x_wconf 92' lang='lat' dir='ltr'><strong>qui</strong></span> <span class='ocrx_word' id='word_1_193' title='bbox 1859 1689 2106 1751; x_wconf 83' lang='lat' dir='ltr'><strong>medium</strong></span> 
     </span>
    </p>
   </div>
   <div class='ocr_carea' id='block_1_29' title="bbox 2200 1685 3870 1771">
    <p class='ocr_par' dir='ltr' id='par_1_29' title="bbox 2203 1685 3870 1771">
     <span class='ocr_line' id='line_1_29' title="bbox 2203 1685 3870 1771; baseline 0.004 -31"><span class='ocrx_word' id='word_1_194' title='bbox 2203 1707 2305 1748; x_wconf 91' lang='grc' dir='ltr'><strong>νως</strong></span> <span class='ocrx_word' id='word_1_195' title='bbox 2329 1688 2417 1742; x_wconf 89' lang='grc' dir='ltr'>καὶ</span> <span class='ocrx_word' id='word_1_196' title='bbox 2436 1685 2650 1763; x_wconf 82' lang='grc' dir='ltr'>ἀμελῶς</span> <span class='ocrx_word' id='word_1_197' title='bbox 2671 1690 2950 1767; x_wconf 72' lang='grc' dir='ltr'>θεωρεῖται</span> <span class='ocrx_word' id='word_1_198' title='bbox 2971 1703 2984 1717; x_wconf 88' lang='lat'><strong>&#39;</strong></span> <span class='ocrx_word' id='word_1_199' title='bbox 3032 1690 3093 1745; x_wconf 79' lang='grc' dir='ltr'>τὸ</span> <span class='ocrx_word' id='word_1_200' title='bbox 3118 1686 3197 1764; x_wconf 79' lang='grc' dir='ltr'>δὲ,</span> <span class='ocrx_word' id='word_1_201' title='bbox 3221 1690 3339 1768; x_wconf 87' lang='grc' dir='ltr'>περὶ</span> <span class='ocrx_word' id='word_1_202' title='bbox 3361 1694 3480 1753; x_wconf 70' lang='grc' dir='ltr'>τοὺς</span> <span class='ocrx_word' id='word_1_203' title='bbox 3512 1690 3675 1765; x_wconf 91' lang='grc' dir='ltr'>μέσον</span> <span class='ocrx_word' id='word_1_204' title='bbox 3701 1685 3870 1771; x_wconf 74' lang='grc' dir='ltr'>ἔχον-</span> 
     </span>
    </p>
   </div>
   <div class='ocr_carea' id='block_1_30' title="bbox 473 1776 2106 1862">
    <p class='ocr_par' dir='ltr' id='par_1_30' title="bbox 473 1778 2106 1862">
     <span class='ocr_line' id='line_1_30' title="bbox 473 1778 2106 1862; baseline 0 -23"><span class='ocrx_word' id='word_1_205' title='bbox 473 1788 682 1843; x_wconf 91' lang='lat' dir='ltr'><strong>tenent</strong></span> <span class='ocrx_word' id='word_1_206' title='bbox 703 1780 811 1843; x_wconf 93' lang='lat' dir='ltr'><strong>via</strong></span> <span class='ocrx_word' id='word_1_207' title='bbox 831 1782 904 1843; x_wconf 90' lang='lat' dir='ltr'><strong>ad</strong></span> <span class='ocrx_word' id='word_1_208' title='bbox 944 1782 1225 1843; x_wconf 88' lang='lat' dir='ltr'><strong>virtutem</strong></span> <span class='ocrx_word' id='word_1_209' title='bbox 1263 1780 1722 1862; x_wconf 84' lang='lat' dir='ltr'><strong>progredientis,</strong></span> <span class='ocrx_word' id='word_1_210' title='bbox 1756 1778 1864 1842; x_wconf 88' lang='lat' dir='ltr'><strong>sed</strong></span> <span class='ocrx_word' id='word_1_211' title='bbox 1895 1778 2106 1840; x_wconf 70' lang='lat' dir='ltr'><strong>tardius</strong></span> 
     </span>
    </p>
   </div>
   <div class='ocr_carea' id='block_1_31' title="bbox 2200 1776 3869 1862">
    <p class='ocr_par' dir='ltr' id='par_1_31' title="bbox 2201 1776 3869 1859">
     <span class='ocr_line' id='line_1_31' title="bbox 2201 1776 3869 1859; baseline 0.004 -30"><span class='ocrx_word' id='word_1_212' title='bbox 2201 1795 2295 1837; x_wconf 86' lang='grc' dir='ltr'><strong>τας</strong></span> <span class='ocrx_word' id='word_1_213' title='bbox 2325 1776 2604 1854; x_wconf 74' lang='grc' dir='ltr'>προκοπῆς</span> <span class='ocrx_word' id='word_1_214' title='bbox 2641 1777 2715 1840; x_wconf 81' lang='grc' dir='ltr'>εἷς</span> <span class='ocrx_word' id='word_1_215' title='bbox 2762 1776 2865 1844; x_wconf 78' lang='grc' dir='ltr'><strong>τὴν</strong></span> <span class='ocrx_word' id='word_1_216' title='bbox 2912 1776 3128 1857; x_wconf 79' lang='grc' dir='ltr'>ἀρετὴν,</span> <span class='ocrx_word' id='word_1_217' title='bbox 3163 1780 3253 1834; x_wconf 82' lang='grc' dir='ltr'>καὶ</span> <span class='ocrx_word' id='word_1_218' title='bbox 3305 1777 3686 1859; x_wconf 85' lang='grc' dir='ltr'>σχολαιότερον</span> <span class='ocrx_word' id='word_1_219' title='bbox 3728 1782 3869 1857; x_wconf 80' lang='grc' dir='ltr'>πρὸς</span> 
     </span>
    </p>
   </div>
   <div class='ocr_carea' id='block_1_32' title="bbox 469 1863 2106 1951">
    <p class='ocr_par' dir='ltr' id='par_1_32' title="bbox 469 1868 2106 1951">
     <span class='ocr_line' id='line_1_32' title="bbox 469 1868 2106 1951; baseline -0.001 -20"><span class='ocrx_word' id='word_1_220' title='bbox 469 1868 544 1932; x_wconf 88' lang='lat' dir='ltr'><strong>ad</strong></span> <span class='ocrx_word' id='word_1_221' title='bbox 576 1888 711 1933; x_wconf 90' lang='lat' dir='ltr'><strong>eam</strong></span> <span class='ocrx_word' id='word_1_222' title='bbox 746 1870 999 1934; x_wconf 84' lang='lat' dir='ltr'><strong>tendunt</strong></span> <span class='ocrx_word' id='word_1_223' title='bbox 1035 1893 1048 1930; x_wconf 90' lang='lat'><strong>:</strong></span> <span class='ocrx_word' id='word_1_224' title='bbox 1110 1871 1346 1933; x_wconf 89' lang='lat' dir='ltr'><strong>tertium</strong></span> <span class='ocrx_word' id='word_1_225' title='bbox 1391 1871 1648 1951; x_wconf 90' lang='lat' dir='ltr'><strong>denique</strong></span> <span class='ocrx_word' id='word_1_226' title='bbox 1676 1870 1750 1932; x_wconf 89' lang='lat' dir='ltr'><strong>ad</strong></span> <span class='ocrx_word' id='word_1_227' title='bbox 1782 1888 1883 1931; x_wconf 90' lang='lat' dir='ltr'><strong>eos</strong></span> <span class='ocrx_word' id='word_1_228' title='bbox 1912 1868 2014 1950; x_wconf 87' lang='lat' dir='ltr'><strong>qui</strong></span> <span class='ocrx_word' id='word_1_229' title='bbox 2043 1868 2106 1932; x_wconf 89' lang='lat' dir='ltr'><strong>ad</strong></span> 
     </span>
    </p>
   </div>
   <div class='ocr_carea' id='block_1_33' title="bbox 2200 1863 3868 1951">
    <p class='ocr_par' dir='ltr' id='par_1_33' title="bbox 2202 1863 3868 1949">
     <span class='ocr_line' id='line_1_33' title="bbox 2202 1863 3868 1949; baseline 0.005 -31"><span class='ocrx_word' id='word_1_230' title='bbox 2202 1866 2366 1931; x_wconf 80' lang='grc' dir='ltr'>αὐτὴν</span> <span class='ocrx_word' id='word_1_231' title='bbox 2395 1864 2857 1939; x_wconf 89' lang='grc' dir='ltr'>ἐπεκτεινομένους</span> <span class='ocrx_word' id='word_1_232' title='bbox 2893 1882 2909 1896; x_wconf 78' lang='grc'><strong><em>⁸</em></strong></span> <span class='ocrx_word' id='word_1_233' title='bbox 2970 1867 3031 1922; x_wconf 82' lang='grc' dir='ltr'><strong>τὸ</strong></span> <span class='ocrx_word' id='word_1_234' title='bbox 3081 1863 3162 1946; x_wconf 81' lang='grc' dir='ltr'>δὲ,</span> <span class='ocrx_word' id='word_1_235' title='bbox 3219 1868 3338 1946; x_wconf 85' lang='grc' dir='ltr'>περὶ</span> <span class='ocrx_word' id='word_1_236' title='bbox 3394 1868 3517 1932; x_wconf 86' lang='grc' dir='ltr'>τοὺς</span> <span class='ocrx_word' id='word_1_237' title='bbox 3575 1866 3678 1936; x_wconf 75' lang='grc' dir='ltr'><strong>ἤδη</strong></span> <span class='ocrx_word' id='word_1_238' title='bbox 3726 1871 3868 1949; x_wconf 81' lang='grc' dir='ltr'>πρὸς</span> 
     </span>
    </p>
   </div>
   <div class='ocr_carea' id='block_1_34' title="bbox 467 1954 2106 2041">
    <p class='ocr_par' dir='ltr' id='par_1_34' title="bbox 467 1958 2106 2041">
     <span class='ocr_line' id='line_1_34' title="bbox 467 1958 2106 2041; baseline 0 -21"><span class='ocrx_word' id='word_1_239' title='bbox 467 1958 761 2021; x_wconf 87' lang='lat' dir='ltr'><strong>theoriam</strong></span> <span class='ocrx_word' id='word_1_240' title='bbox 786 1959 899 2022; x_wconf 89' lang='lat' dir='ltr'><strong>alis</strong></span> <span class='ocrx_word' id='word_1_241' title='bbox 926 1958 1110 2022; x_wconf 90' lang='lat' dir='ltr'><strong>animi</strong></span> <span class='ocrx_word' id='word_1_242' title='bbox 1143 1959 1429 2037; x_wconf 81' lang='lat' dir='ltr'><strong>extensis,</strong></span> <span class='ocrx_word' id='word_1_243' title='bbox 1467 1977 1662 2041; x_wconf 89' lang='lat' dir='ltr'><strong>nuper</strong></span> <span class='ocrx_word' id='word_1_244' title='bbox 1689 1959 1764 2021; x_wconf 91' lang='lat' dir='ltr'><strong>ad</strong></span> <span class='ocrx_word' id='word_1_245' title='bbox 1795 1958 2106 2040; x_wconf 89' lang='lat' dir='ltr'><strong>perfectio-</strong></span> 
     </span>
    </p>
   </div>
   <div class='ocr_carea' id='block_1_35' title="bbox 2200 1954 3866 2041">
    <p class='ocr_par' dir='ltr' id='par_1_35' title="bbox 2201 1954 3866 2038">
     <span class='ocr_line' id='line_1_35' title="bbox 2201 1954 3866 2038; baseline 0.004 -30"><span class='ocrx_word' id='word_1_246' title='bbox 2201 1954 2417 2032; x_wconf 83' lang='grc' dir='ltr'>θεωρίαν</span> <span class='ocrx_word' id='word_1_247' title='bbox 2455 1956 2515 2011; x_wconf 84' lang='grc' dir='ltr'>τὸ</span> <span class='ocrx_word' id='word_1_248' title='bbox 2577 1956 2769 2033; x_wconf 86' lang='grc' dir='ltr'>πτερὸν</span> <span class='ocrx_word' id='word_1_249' title='bbox 2830 1955 3162 2019; x_wconf 84' lang='grc' dir='ltr'>πετάσαντας</span> <span class='ocrx_word' id='word_1_250' title='bbox 3240 1959 3327 2013; x_wconf 80' lang='grc' dir='ltr'>τοῦ</span> <span class='ocrx_word' id='word_1_251' title='bbox 3395 1958 3538 2037; x_wconf 84' lang='grc' dir='ltr'>νοὸς,</span> <span class='ocrx_word' id='word_1_252' title='bbox 3598 1959 3685 2014; x_wconf 87' lang='grc' dir='ltr'><strong>καὶ</strong></span> <span class='ocrx_word' id='word_1_253' title='bbox 3742 1959 3866 2038; x_wconf 76' lang='grc' dir='ltr'>ἄρτι</span> 
     </span>
    </p>
   </div>
   <div class='ocr_carea' id='block_1_36' title="bbox 462 2040 2106 2131">
    <p class='ocr_par' dir='ltr' id='par_1_36' title="bbox 462 2040 2106 2131">
     <span class='ocr_line' id='line_1_36' title="bbox 462 2040 2106 2131; baseline 0 -22"><span class='ocrx_word' id='word_1_254' title='bbox 462 2064 594 2109; x_wconf 88' lang='lat' dir='ltr'><strong>rem</strong></span> <span class='ocrx_word' id='word_1_255' title='bbox 616 2057 1084 2130; x_wconf 89' lang='lat' dir='ltr'><strong>properaverunt</strong></span> <span class='ocrx_word' id='word_1_256' title='bbox 1102 2040 1642 2131; x_wconf 86' lang='lat' dir='ltr'><strong>impassibilitatem</strong></span> <span class='ocrx_word' id='word_1_257' title='bbox 1669 2068 1683 2109; x_wconf 90' lang='lat'>:</span> <span class='ocrx_word' id='word_1_258' title='bbox 1713 2056 1772 2110; x_wconf 91' lang='lat' dir='ltr'><strong>et</strong></span> <span class='ocrx_word' id='word_1_259' title='bbox 1794 2048 1880 2111; x_wconf 92' lang='lat' dir='ltr'><strong>sic</strong></span> <span class='ocrx_word' id='word_1_260' title='bbox 1908 2066 2106 2111; x_wconf 86' lang='lat' dir='ltr'><strong>unum-</strong></span> 
     </span>
    </p>
   </div>
   <div class='ocr_carea' id='block_1_37' title="bbox 2200 2040 3863 2131">
    <p class='ocr_par' dir='ltr' id='par_1_37' title="bbox 2200 2040 3863 2125">
     <span class='ocr_line' id='line_1_37' title="bbox 2200 2040 3863 2125; baseline 0.004 -27"><span class='ocrx_word' id='word_1_261' title='bbox 2200 2040 2377 2107; x_wconf 79' lang='grc' dir='ltr'>καλῶς</span> <span class='ocrx_word' id='word_1_262' title='bbox 2436 2042 2726 2107; x_wconf 77' lang='grc' dir='ltr'>ἐλάσαντας</span> <span class='ocrx_word' id='word_1_263' title='bbox 2799 2042 2933 2124; x_wconf 81' lang='grc' dir='ltr'>πρὸς</span> <span class='ocrx_word' id='word_1_264' title='bbox 3010 2045 3109 2113; x_wconf 80' lang='grc' dir='ltr'><strong>τὴν</strong></span> <span class='ocrx_word' id='word_1_265' title='bbox 3170 2044 3491 2125; x_wconf 82' lang='grc' dir='ltr'>τελεωτέραν</span> <span class='ocrx_word' id='word_1_266' title='bbox 3547 2046 3804 2104; x_wconf 81' lang='grc' dir='ltr'>ἀπάθειαν</span> <span class='ocrx_word' id='word_1_267' title='bbox 3847 2069 3863 2085; x_wconf 75' lang='grc' dir='ltr'><strong>ο</strong></span> 
     </span>
    </p>
   </div>
   <div class='ocr_carea' id='block_1_38' title="bbox 464 2131 2106 2278">
    <p class='ocr_par' dir='ltr' id='par_1_38' title="bbox 464 2135 1844 2229">
     <span class='ocr_line' id='line_1_38' title="bbox 464 2135 1844 2229; baseline 0.002 -32"><span class='ocrx_word' id='word_1_268' title='bbox 464 2135 743 2219; x_wconf 84' lang='lat' dir='ltr'><strong>quodque</strong></span> <span class='ocrx_word' id='word_1_269' title='bbox 769 2145 843 2200; x_wconf 89' lang='lat' dir='ltr'><strong>ad</strong></span> <span class='ocrx_word' id='word_1_270' title='bbox 875 2137 1189 2229; x_wconf 81' lang='lat' dir='ltr'><strong>utilitatem</strong></span> <span class='ocrx_word' id='word_1_271' title='bbox 1221 2138 1460 2201; x_wconf 77' lang='lat' dir='ltr'><strong>calitus</strong></span> <span class='ocrx_word' id='word_1_272' title='bbox 1488 2138 1844 2221; x_wconf 91' lang='lat' dir='ltr'><strong>disponitur.</strong></span> 
     </span>
    </p>
   </div>
   <div class='ocr_carea' id='block_1_39' title="bbox 2200 2131 3865 2278">
    <p class='ocr_par' dir='ltr' id='par_1_39' title="bbox 2200 2131 3865 2278">
     <span class='ocr_line' id='line_1_39' title="bbox 2200 2131 3865 2215; baseline 0.004 -28"><span class='ocrx_word' id='word_1_273' title='bbox 2200 2131 2427 2193; x_wconf 79' lang='grc' dir='ltr'>ἑκάστου</span> <span class='ocrx_word' id='word_1_274' title='bbox 2473 2134 2606 2212; x_wconf 83' lang='grc' dir='ltr'>πρὸς</span> <span class='ocrx_word' id='word_1_275' title='bbox 2671 2135 2733 2190; x_wconf 79' lang='grc' dir='ltr'>τὸ</span> <span class='ocrx_word' id='word_1_276' title='bbox 2790 2134 3053 2215; x_wconf 78' lang='grc' dir='ltr'>συμφέρον</span> <span class='ocrx_word' id='word_1_277' title='bbox 3105 2133 3351 2203; x_wconf 89' lang='grc' dir='ltr'>δηλονότι</span> <span class='ocrx_word' id='word_1_278' title='bbox 3412 2137 3865 2213; x_wconf 78' lang='grc' dir='ltr'>οἷκονομουμένου</span> 
     </span>
     <span class='ocr_line' id='line_1_40' title="bbox 2200 2217 2415 2278; baseline 0 0"><span class='ocrx_word' id='word_1_279' title='bbox 2200 2217 2415 2278; x_wconf 67' lang='grc' dir='ltr'>ἄνωθεν.</span> 
     </span>
    </p>
   </div>
   <div class='ocr_carea' id='block_1_40' title="bbox 2197 2242 2415 2281">
    <p class='ocr_par' dir='ltr' id='par_1_40' title="bbox 2197 2242 2415 2281">
     <span class='ocr_line' id='line_1_41' title="bbox 2197 2242 2415 2281; baseline 0.009 -2"><span class='ocrx_word' id='word_1_280' title='bbox 2197 2242 2393 2279; x_wconf 80' lang='grc' dir='ltr'>ανωυεν</span> <span class='ocrx_word' id='word_1_281' title='bbox 2403 2268 2415 2281; x_wconf 89' lang='grc'><strong>.</strong></span> 
     </span>
    </p>
   </div>
   <div class='ocr_carea' id='block_1_41' title="bbox 2281 2299 3865 2394">
    <p class='ocr_par' dir='ltr' id='par_1_41' title="bbox 2281 2299 3865 2394">
     <span class='ocr_line' id='line_1_42' title="bbox 2281 2299 3865 2394; baseline 0.006 -32"><span class='ocrx_word' id='word_1_282' title='bbox 2281 2299 2371 2380; x_wconf 72' lang='grc' dir='ltr'>ιζ’.</span> <span class='ocrx_word' id='word_1_283' title='bbox 2405 2310 2611 2376; x_wconf 82' lang='grc' dir='ltr'>Πτῶσις</span> <span class='ocrx_word' id='word_1_284' title='bbox 2653 2312 2741 2368; x_wconf 84' lang='grc' dir='ltr'><strong>καὶ</strong></span> <span class='ocrx_word' id='word_1_285' title='bbox 2791 2309 2989 2375; x_wconf 80' lang='grc' dir='ltr'>λάκκος</span> <span class='ocrx_word' id='word_1_286' title='bbox 3044 2309 3299 2393; x_wconf 85' lang='grc' dir='ltr'>βορϐόρου</span> <span class='ocrx_word' id='word_1_287' title='bbox 3337 2327 3454 2379; x_wconf 72' lang='grc' dir='ltr'>τοῖς</span> <span class='ocrx_word' id='word_1_288' title='bbox 3498 2315 3553 2370; x_wconf 89' lang='grc' dir='ltr'><strong>ἐν</strong></span> <span class='ocrx_word' id='word_1_289' title='bbox 3582 2311 3865 2394; x_wconf 69' lang='grc' dir='ltr'>ἀδιαφορία</span> 
     </span>
    </p>
   </div>
   <div class='ocr_carea' id='block_1_42' title="bbox 2196 2397 3861 2484">
    <p class='ocr_par' dir='ltr' id='par_1_42' title="bbox 2196 2397 3861 2484">
     <span class='ocr_line' id='line_1_43' title="bbox 2196 2397 3861 2484; baseline 0.004 -30"><span class='ocrx_word' id='word_1_290' title='bbox 2196 2397 2343 2474; x_wconf 80' lang='grc' dir='ltr'>πάσῃ</span> <span class='ocrx_word' id='word_1_291' title='bbox 2396 2401 2489 2456; x_wconf 86' lang='grc' dir='ltr'>τὸν</span> <span class='ocrx_word' id='word_1_292' title='bbox 2559 2401 2768 2480; x_wconf 83' lang='grc' dir='ltr'>μονήρη</span> <span class='ocrx_word' id='word_1_293' title='bbox 2839 2399 3102 2459; x_wconf 89' lang='grc' dir='ltr'>διανύουσι</span> <span class='ocrx_word' id='word_1_294' title='bbox 3158 2403 3294 2484; x_wconf 83' lang='grc' dir='ltr'>βίον,</span> <span class='ocrx_word' id='word_1_295' title='bbox 3369 2406 3399 2460; x_wconf 98' lang='lat'><strong>6</strong></span> <span class='ocrx_word' id='word_1_296' title='bbox 3453 2409 3553 2472; x_wconf 79' lang='grc' dir='ltr'><strong>τῆς</strong></span> <span class='ocrx_word' id='word_1_297' title='bbox 3611 2404 3861 2483; x_wconf 74' lang='grc' dir='ltr'>πορνείας</span> 
     </span>
    </p>
   </div>
   <div class='ocr_carea' id='block_1_43' title="bbox 2197 2486 3860 2573">
    <p class='ocr_par' dir='ltr' id='par_1_43' title="bbox 2197 2486 3860 2573">
     <span class='ocr_line' id='line_1_44' title="bbox 2197 2486 3860 2573; baseline 0.005 -32"><span class='ocrx_word' id='word_1_298' title='bbox 2197 2487 2395 2564; x_wconf 87' lang='grc' dir='ltr'>γίνεται</span> <span class='ocrx_word' id='word_1_299' title='bbox 2451 2486 2653 2564; x_wconf 83' lang='grc' dir='ltr'>δαίμων</span> <span class='ocrx_word' id='word_1_300' title='bbox 2687 2505 2701 2519; x_wconf 83' lang='grc'><strong>’</strong></span> <span class='ocrx_word' id='word_1_301' title='bbox 2763 2490 2831 2548; x_wconf 78' lang='grc' dir='ltr'>τὰ</span> <span class='ocrx_word' id='word_1_302' title='bbox 2873 2489 3012 2566; x_wconf 88' lang='grc' dir='ltr'>μέλη</span> <span class='ocrx_word' id='word_1_303' title='bbox 3054 2492 3278 2567; x_wconf 85' lang='grc' dir='ltr'>τούτων,</span> <span class='ocrx_word' id='word_1_304' title='bbox 3323 2497 3423 2560; x_wconf 82' lang='grc' dir='ltr'><strong>τῆς</strong></span> <span class='ocrx_word' id='word_1_305' title='bbox 3482 2494 3725 2573; x_wconf 80' lang='grc' dir='ltr'>πορνείας</span> <span class='ocrx_word' id='word_1_306' title='bbox 3782 2500 3860 2571; x_wconf 77' lang='grc' dir='ltr'><strong>τῇ</strong></span> 
     </span>
    </p>
   </div>
   <div class='ocr_carea' id='block_1_44' title="bbox 2196 2574 3857 2663">
    <p class='ocr_par' dir='ltr' id='par_1_44' title="bbox 2196 2574 3857 2663">
     <span class='ocr_line' id='line_1_45' title="bbox 2196 2574 3857 2663; baseline 0.005 -31"><span class='ocrx_word' id='word_1_307' title='bbox 2196 2574 2353 2655; x_wconf 72' lang='grc' dir='ltr'>φλογὶ</span> <span class='ocrx_word' id='word_1_308' title='bbox 2409 2579 2497 2635; x_wconf 85' lang='grc' dir='ltr'><strong>καὶ</strong></span> <span class='ocrx_word' id='word_1_309' title='bbox 2539 2584 2606 2655; x_wconf 79' lang='grc' dir='ltr'><strong>τῇ</strong></span> <span class='ocrx_word' id='word_1_310' title='bbox 2662 2578 2933 2662; x_wconf 82' lang='grc' dir='ltr'>ἐπιθυμίᾳ,</span> <span class='ocrx_word' id='word_1_311' title='bbox 2988 2582 3397 2663; x_wconf 81' lang='grc' dir='ltr'>κατεμπιπρῶν,</span> <span class='ocrx_word' id='word_1_312' title='bbox 3457 2587 3544 2641; x_wconf 88' lang='grc' dir='ltr'><strong>καὶ</strong></span> <span class='ocrx_word' id='word_1_313' title='bbox 3598 2581 3857 2659; x_wconf 78' lang='grc' dir='ltr'>μεθόδους</span> 
     </span>
    </p>
   </div>
   <div class='ocr_carea' id='block_1_45' title="bbox 546 2313 2111 2399">
    <p class='ocr_par' dir='ltr' id='par_1_45' title="bbox 546 2313 2111 2399">
     <span class='ocr_line' id='line_1_46' title="bbox 546 2313 2111 2399; baseline 0.001 -23"><span class='ocrx_word' id='word_1_314' title='bbox 546 2315 620 2377; x_wconf 84' lang='grc'><strong>17</strong></span> <span class='ocrx_word' id='word_1_315' title='bbox 632 2366 646 2380; x_wconf 95' lang='grc'><strong>.</strong></span> <span class='ocrx_word' id='word_1_316' title='bbox 675 2313 1113 2381; x_wconf 80' lang='lat' dir='ltr'><strong>Oﬂ‘endiculum</strong></span> <span class='ocrx_word' id='word_1_317' title='bbox 1138 2327 1197 2381; x_wconf 89' lang='lat' dir='ltr'><strong>et</strong></span> <span class='ocrx_word' id='word_1_318' title='bbox 1218 2318 1382 2380; x_wconf 91' lang='lat' dir='ltr'><strong>lacus</strong></span> <span class='ocrx_word' id='word_1_319' title='bbox 1408 2336 1681 2381; x_wconf 66' lang='lat' dir='ltr'><strong>caenosus</strong></span> <span class='ocrx_word' id='word_1_320' title='bbox 1704 2317 1779 2380; x_wconf 87' lang='lat' dir='ltr'><strong>iis</strong></span> <span class='ocrx_word' id='word_1_321' title='bbox 1804 2318 1904 2399; x_wconf 86' lang='lat' dir='ltr'><strong>qui</strong></span> <span class='ocrx_word' id='word_1_322' title='bbox 1935 2333 2111 2398; x_wconf 90' lang='lat' dir='ltr'><strong>pror-</strong></span> 
     </span>
    </p>
   </div>
   <div class='ocr_carea' id='block_1_46' title="bbox 461 2405 2112 2488">
    <p class='ocr_par' dir='ltr' id='par_1_46' title="bbox 461 2405 2112 2488">
     <span class='ocr_line' id='line_1_47' title="bbox 461 2405 2112 2488; baseline 0.002 -24"><span class='ocrx_word' id='word_1_323' title='bbox 461 2421 564 2465; x_wconf 92' lang='lat' dir='ltr'><strong>sus</strong></span> <span class='ocrx_word' id='word_1_324' title='bbox 592 2405 1002 2470; x_wconf 79' lang='lat' dir='ltr'><strong>indiﬂ‘erentes</strong></span> <span class='ocrx_word' id='word_1_325' title='bbox 1022 2407 1352 2470; x_wconf 87' lang='lat' dir='ltr'><strong>solitariam</strong></span> <span class='ocrx_word' id='word_1_326' title='bbox 1382 2418 1561 2488; x_wconf 83' lang='lat' dir='ltr'><strong>agunt</strong></span> <span class='ocrx_word' id='word_1_327' title='bbox 1595 2409 1797 2488; x_wconf 87' lang='lat' dir='ltr'><strong>vitam,</strong></span> <span class='ocrx_word' id='word_1_328' title='bbox 1824 2407 1891 2468; x_wconf 81' lang='lat' dir='ltr'><strong>fit</strong></span> <span class='ocrx_word' id='word_1_329' title='bbox 1919 2405 2112 2469; x_wconf 89' lang='lat' dir='ltr'><strong>forni-</strong></span> 
     </span>
    </p>
   </div>
   <div class='ocr_carea' id='block_1_47' title="bbox 460 2494 2114 2579">
    <p class='ocr_par' dir='ltr' id='par_1_47' title="bbox 460 2494 2114 2579">
     <span class='ocr_line' id='line_1_48' title="bbox 460 2494 2114 2579; baseline 0.002 -24"><span class='ocrx_word' id='word_1_330' title='bbox 460 2494 711 2557; x_wconf 88' lang='lat' dir='ltr'><strong>cationis</strong></span> <span class='ocrx_word' id='word_1_331' title='bbox 740 2496 996 2579; x_wconf 87' lang='lat' dir='ltr'><strong>damon,</strong></span> <span class='ocrx_word' id='word_1_332' title='bbox 1031 2498 1304 2560; x_wconf 83' lang='lat' dir='ltr'><strong>membra</strong></span> <span class='ocrx_word' id='word_1_333' title='bbox 1331 2516 1538 2560; x_wconf 91' lang='lat' dir='ltr'><strong>eorum</strong></span> <span class='ocrx_word' id='word_1_334' title='bbox 1570 2497 1822 2578; x_wconf 89' lang='lat' dir='ltr'><strong>impuris</strong></span> <span class='ocrx_word' id='word_1_335' title='bbox 1854 2496 2114 2558; x_wconf 86' lang='lat' dir='ltr'><strong>ﬂammis</strong></span> 
     </span>
    </p>
   </div>
   <div class='ocr_carea' id='block_1_48' title="bbox 457 2585 2113 2669">
    <p class='ocr_par' dir='ltr' id='par_1_48' title="bbox 457 2585 2113 2669">
     <span class='ocr_line' id='line_1_49' title="bbox 457 2585 2113 2669; baseline 0.001 -25"><span class='ocrx_word' id='word_1_336' title='bbox 457 2600 527 2644; x_wconf 91' lang='lat' dir='ltr'><strong>ac</strong></span> <span class='ocrx_word' id='word_1_337' title='bbox 584 2585 901 2648; x_wconf 88' lang='lat' dir='ltr'><strong>desideriis</strong></span> <span class='ocrx_word' id='word_1_338' title='bbox 956 2586 1239 2660; x_wconf 91' lang='lat' dir='ltr'><strong>adurens,</strong></span> <span class='ocrx_word' id='word_1_339' title='bbox 1308 2587 1549 2669; x_wconf 90' lang='lat' dir='ltr'><strong>viasque</strong></span> <span class='ocrx_word' id='word_1_340' title='bbox 1603 2587 1678 2648; x_wconf 87' lang='lat' dir='ltr'><strong>iis</strong></span> <span class='ocrx_word' id='word_1_341' title='bbox 1734 2586 2009 2668; x_wconf 86' lang='lat' dir='ltr'><strong>prabens</strong></span> <span class='ocrx_word' id='word_1_342' title='bbox 2039 2585 2113 2646; x_wconf 92' lang='lat' dir='ltr'><strong>ad</strong></span> 
     </span>
    </p>
   </div>
   <div class='ocr_carea' id='block_1_49' title="bbox 461 2667 2106 2753">
    <p class='ocr_par' dir='ltr' id='par_1_49' title="bbox 461 2667 2106 2753">
     <span class='ocr_line' id='line_1_50' title="bbox 461 2667 2106 2753; baseline 0.002 -20"><span class='ocrx_word' id='word_1_343' title='bbox 461 2671 797 2738; x_wconf 82' lang='lat' dir='ltr'><strong>faciendam</strong></span> <span class='ocrx_word' id='word_1_344' title='bbox 849 2676 1047 2738; x_wconf 89' lang='lat' dir='ltr'><strong>carnis</strong></span> <span class='ocrx_word' id='word_1_345' title='bbox 1090 2667 1479 2753; x_wconf 83' lang='lat' dir='ltr'><strong>voluntatem,</strong></span> <span class='ocrx_word' id='word_1_346' title='bbox 1537 2667 1899 2738; x_wconf 17' lang='lat' dir='ltr'><strong>etiam’sine</strong></span> <span class='ocrx_word' id='word_1_347' title='bbox 1955 2693 2106 2738; x_wconf 88' lang='lat' dir='ltr'><strong>com-</strong></span> 
     </span>
    </p>
   </div>
   <div class='ocr_carea' id='block_1_50' title="bbox 2200 2667 3855 2753">
    <p class='ocr_par' dir='ltr' id='par_1_50' title="bbox 2200 2667 3855 2752">
     <span class='ocr_line' id='line_1_51' title="bbox 2200 2667 3855 2752; baseline 0.005 -30"><span class='ocrx_word' id='word_1_348' title='bbox 2200 2667 2450 2747; x_wconf 78' lang='grc' dir='ltr'>παρέχων</span> <span class='ocrx_word' id='word_1_349' title='bbox 2483 2670 2663 2735; x_wconf 72' lang='grc' dir='ltr'>αὐτοῖς</span> <span class='ocrx_word' id='word_1_350' title='bbox 2692 2671 2765 2735; x_wconf 80' lang='grc' dir='ltr'>εἷς</span> <span class='ocrx_word' id='word_1_351' title='bbox 2795 2673 2856 2727; x_wconf 86' lang='grc' dir='ltr'>τὸ</span> <span class='ocrx_word' id='word_1_352' title='bbox 2899 2686 3080 2729; x_wconf 79' lang='grc' dir='ltr'>ποιεῖν</span> <span class='ocrx_word' id='word_1_353' title='bbox 3123 2674 3185 2728; x_wconf 82' lang='grc' dir='ltr'>τὸ</span> <span class='ocrx_word' id='word_1_354' title='bbox 3239 2678 3337 2740; x_wconf 75' lang='grc' dir='ltr'>τῆς</span> <span class='ocrx_word' id='word_1_355' title='bbox 3397 2675 3588 2752; x_wconf 83' lang='grc' dir='ltr'>σαρκὸς</span> <span class='ocrx_word' id='word_1_356' title='bbox 3616 2671 3855 2750; x_wconf 79' lang='grc' dir='ltr'>θέλημα,</span> 
     </span>
    </p>
   </div>
   <div class='ocr_carea' id='block_1_51' title="bbox 458 2757 2106 2846">
    <p class='ocr_par' dir='ltr' id='par_1_51' title="bbox 458 2762 2106 2846">
     <span class='ocr_line' id='line_1_52' title="bbox 458 2762 2106 2846; baseline 0.002 -24"><span class='ocrx_word' id='word_1_357' title='bbox 458 2762 683 2826; x_wconf 90' lang='lat' dir='ltr'><strong>mercio</strong></span> <span class='ocrx_word' id='word_1_358' title='bbox 730 2765 952 2827; x_wconf 89' lang='lat' dir='ltr'><strong>aterius</strong></span> <span class='ocrx_word' id='word_1_359' title='bbox 1000 2765 1217 2829; x_wconf 84' lang='lat' dir='ltr'><strong>carnis.</strong></span> <span class='ocrx_word' id='word_1_360' title='bbox 1273 2766 1358 2827; x_wconf 89' lang='lat' dir='ltr'><strong>De</strong></span> <span class='ocrx_word' id='word_1_361' title='bbox 1415 2764 1630 2846; x_wconf 89' lang='lat' dir='ltr'><strong>quibus</strong></span> <span class='ocrx_word' id='word_1_362' title='bbox 1689 2778 1860 2845; x_wconf 83' lang='lat' dir='ltr'><strong>turpe</strong></span> <span class='ocrx_word' id='word_1_363' title='bbox 1921 2772 2011 2826; x_wconf 91' lang='lat' dir='ltr'><strong>est</strong></span> <span class='ocrx_word' id='word_1_364' title='bbox 2057 2771 2106 2826; x_wconf 89' lang='lat' dir='ltr'><strong>el</strong></span> 
     </span>
    </p>
   </div>
   <div class='ocr_carea' id='block_1_52' title="bbox 2200 2757 3858 2846">
    <p class='ocr_par' dir='ltr' id='par_1_52' title="bbox 2200 2757 3858 2845">
     <span class='ocr_line' id='line_1_53' title="bbox 2200 2757 3858 2845; baseline 0.004 -31"><span class='ocrx_word' id='word_1_365' title='bbox 2200 2761 2283 2815; x_wconf 85' lang='grc' dir='ltr'><strong>καὶ</strong></span> <span class='ocrx_word' id='word_1_366' title='bbox 2336 2757 2457 2818; x_wconf 81' lang='grc' dir='ltr'>ἄνευ</span> <span class='ocrx_word' id='word_1_367' title='bbox 2512 2761 2723 2837; x_wconf 81' lang='grc' dir='ltr'>ὁμιλίας</span> <span class='ocrx_word' id='word_1_368' title='bbox 2782 2762 2964 2842; x_wconf 78' lang='grc' dir='ltr'>ἐτέρας</span> <span class='ocrx_word' id='word_1_369' title='bbox 3019 2765 3239 2844; x_wconf 89' lang='grc' dir='ltr'>σαρκός.</span> <span class='ocrx_word' id='word_1_370' title='bbox 3299 2767 3425 2845; x_wconf 89' lang='grc' dir='ltr'>Περὶ</span> <span class='ocrx_word' id='word_1_371' title='bbox 3481 2768 3554 2821; x_wconf 84' lang='grc' dir='ltr'>ὧν</span> <span class='ocrx_word' id='word_1_372' title='bbox 3629 2766 3858 2845; x_wconf 80' lang='grc' dir='ltr'>αἰσχρόν</span> 
     </span>
    </p>
   </div>
   <div class='ocr_carea' id='block_1_53' title="bbox 459 2846 2106 2935">
    <p class='ocr_par' dir='ltr' id='par_1_53' title="bbox 459 2850 2106 2934">
     <span class='ocr_line' id='line_1_54' title="bbox 459 2850 2106 2934; baseline 0.002 -24"><span class='ocrx_word' id='word_1_373' title='bbox 459 2850 665 2913; x_wconf 85' lang='lat' dir='ltr'><strong>dicere</strong></span> <span class='ocrx_word' id='word_1_374' title='bbox 694 2862 753 2916; x_wconf 89' lang='lat' dir='ltr'><strong>et</strong></span> <span class='ocrx_word' id='word_1_375' title='bbox 800 2855 1084 2934; x_wconf 83' lang='lat' dir='ltr'><strong>cogitare.</strong></span> <span class='ocrx_word' id='word_1_376' title='bbox 1135 2854 1237 2916; x_wconf 92' lang='lat' dir='ltr'><strong>Isti</strong></span> <span class='ocrx_word' id='word_1_377' title='bbox 1292 2873 1531 2917; x_wconf 88' lang='lat' dir='ltr'><strong>carnem</strong></span> <span class='ocrx_word' id='word_1_378' title='bbox 1593 2861 1680 2934; x_wconf 87' lang='lat' dir='ltr'><strong>(ut</strong></span> <span class='ocrx_word' id='word_1_379' title='bbox 1734 2854 1817 2916; x_wconf 89' lang='lat' dir='ltr'><strong>ait</strong></span> <span class='ocrx_word' id='word_1_380' title='bbox 1844 2852 2106 2934; x_wconf 86' lang='lat' dir='ltr'><strong>quidam)</strong></span> 
     </span>
    </p>
   </div>
   <div class='ocr_carea' id='block_1_54' title="bbox 2200 2846 3859 2935">
    <p class='ocr_par' dir='ltr' id='par_1_54' title="bbox 2200 2846 3859 2935">
     <span class='ocr_line' id='line_1_55' title="bbox 2200 2846 3859 2935; baseline 0.005 -31"><span class='ocrx_word' id='word_1_381' title='bbox 2200 2846 2306 2905; x_wconf 89' lang='grc' dir='ltr'>ἐστι</span> <span class='ocrx_word' id='word_1_382' title='bbox 2336 2852 2422 2907; x_wconf 84' lang='grc' dir='ltr'><strong>καὶ</strong></span> <span class='ocrx_word' id='word_1_383' title='bbox 2473 2849 2670 2931; x_wconf 87' lang='grc' dir='ltr'>λέγειν,</span> <span class='ocrx_word' id='word_1_384' title='bbox 2731 2855 2820 2909; x_wconf 86' lang='grc' dir='ltr'><strong>καὶ</strong></span> <span class='ocrx_word' id='word_1_385' title='bbox 2873 2853 3098 2915; x_wconf 76' lang='grc' dir='ltr'>ἐννοεῖν.</span> <span class='ocrx_word' id='word_1_386' title='bbox 3162 2857 3315 2912; x_wconf 81' lang='grc' dir='ltr'>Οὗτοι</span> <span class='ocrx_word' id='word_1_387' title='bbox 3374 2855 3544 2933; x_wconf 81' lang='grc' dir='ltr'>σάρκα</span> <span class='ocrx_word' id='word_1_388' title='bbox 3597 2875 3683 2935; x_wconf 81' lang='grc' dir='ltr'><strong>τε,</strong></span> <span class='ocrx_word' id='word_1_389' title='bbox 3713 2856 3859 2913; x_wconf 79' lang='grc' dir='ltr'>κατὰ</span> 
     </span>
    </p>
   </div>
   <div class='ocr_carea' id='block_1_55' title="bbox 459 2939 2106 3024">
    <p class='ocr_par' dir='ltr' id='par_1_55' title="bbox 459 2942 2106 3023">
     <span class='ocr_line' id='line_1_56' title="bbox 459 2942 2106 3023; baseline 0.001 -22"><span class='ocrx_word' id='word_1_390' title='bbox 459 2942 781 3017; x_wconf 86' lang='lat' dir='ltr'><strong>maculant,</strong></span> <span class='ocrx_word' id='word_1_391' title='bbox 828 2953 887 3005; x_wconf 90' lang='lat' dir='ltr'><strong>et</strong></span> <span class='ocrx_word' id='word_1_392' title='bbox 915 2944 1138 3007; x_wconf 90' lang='lat' dir='ltr'><strong>fructus</strong></span> <span class='ocrx_word' id='word_1_393' title='bbox 1174 2944 1497 3006; x_wconf 86' lang='lat' dir='ltr'><strong>comedunt</strong></span> <span class='ocrx_word' id='word_1_394' title='bbox 1533 2962 1739 3007; x_wconf 91' lang='lat' dir='ltr'><strong>amare</strong></span> <span class='ocrx_word' id='word_1_395' title='bbox 1768 2943 2106 3023; x_wconf 85' lang='lat' dir='ltr'><strong>voluptatis,</strong></span> 
     </span>
    </p>
   </div>
   <div class='ocr_carea' id='block_1_56' title="bbox 2200 2939 3857 3024">
    <p class='ocr_par' dir='ltr' id='par_1_56' title="bbox 2200 2939 3857 3024">
     <span class='ocr_line' id='line_1_57' title="bbox 2200 2939 3857 3024; baseline 0.004 -31"><span class='ocrx_word' id='word_1_396' title='bbox 2200 2939 2286 2994; x_wconf 81' lang='grc' dir='ltr'>τὸν</span> <span class='ocrx_word' id='word_1_397' title='bbox 2342 2940 2612 3021; x_wconf 75' lang='grc' dir='ltr'>εἰρηκότα,</span> <span class='ocrx_word' id='word_1_398' title='bbox 2665 2940 2952 3023; x_wconf 81' lang='grc' dir='ltr'>μιαίνουσι,</span> <span class='ocrx_word' id='word_1_399' title='bbox 3011 2944 3099 2999; x_wconf 83' lang='grc' dir='ltr'><strong>καὶ</strong></span> <span class='ocrx_word' id='word_1_400' title='bbox 3157 2943 3279 3007; x_wconf 80' lang='grc' dir='ltr'>τοὺς</span> <span class='ocrx_word' id='word_1_401' title='bbox 3337 2944 3570 3024; x_wconf 82' lang='grc' dir='ltr'>καρποὺς</span> <span class='ocrx_word' id='word_1_402' title='bbox 3626 2941 3857 3003; x_wconf 86' lang='grc' dir='ltr'>ἐσθίουσι</span> 
     </span>
    </p>
   </div>
   <div class='ocr_carea' id='block_1_57' title="bbox 458 3027 2106 3137">
    <p class='ocr_par' dir='ltr' id='par_1_57' title="bbox 458 3030 2106 3137">
     <span class='ocr_line' id='line_1_58' title="bbox 458 3030 2106 3137; baseline 0.001 -48"><span class='ocrx_word' id='word_1_403' title='bbox 458 3036 518 3137; x_wconf 68' lang='lat' dir='ltr'><strong>et</strong></span> <span class='ocrx_word' id='word_1_404' title='bbox 543 3030 752 3137; x_wconf 64' lang='lat' dir='ltr'><strong>oculos</strong></span> <span class='ocrx_word' id='word_1_405' title='bbox 774 3030 993 3095; x_wconf 90' lang='lat' dir='ltr'><strong>habent</strong></span> <span class='ocrx_word' id='word_1_406' title='bbox 1014 3032 1268 3112; x_wconf 79' lang='lat' dir='ltr'><strong>caligine</strong></span> <span class='ocrx_word' id='word_1_407' title='bbox 1289 3033 1520 3114; x_wconf 88' lang='lat' dir='ltr'><strong>plenos,</strong></span> <span class='ocrx_word' id='word_1_408' title='bbox 1545 3052 1614 3095; x_wconf 91' lang='lat' dir='ltr'><strong>ac</strong></span> <span class='ocrx_word' id='word_1_409' title='bbox 1646 3032 1858 3095; x_wconf 89' lang='lat' dir='ltr'><strong>merito</strong></span> <span class='ocrx_word' id='word_1_410' title='bbox 1889 3050 1925 3093; x_wconf 90' lang='lat' dir='ltr'><strong>a</strong></span> <span class='ocrx_word' id='word_1_411' title='bbox 1953 3030 2106 3092; x_wconf 91' lang='lat' dir='ltr'><strong>bono</strong></span> 
     </span>
    </p>
   </div>
   <div class='ocr_carea' id='block_1_58' title="bbox 2200 3027 3855 3137">
    <p class='ocr_par' dir='ltr' id='par_1_58' title="bbox 2200 3027 3855 3113">
     <span class='ocr_line' id='line_1_59' title="bbox 2200 3027 3855 3113; baseline 0.005 -30"><span class='ocrx_word' id='word_1_412' title='bbox 2200 3033 2292 3095; x_wconf 78' lang='grc' dir='ltr'><strong>τῆς</strong></span> <span class='ocrx_word' id='word_1_413' title='bbox 2324 3027 2558 3109; x_wconf 85' lang='grc' dir='ltr'>ἁλμυρᾶς</span> <span class='ocrx_word' id='word_1_414' title='bbox 2594 3028 2816 3112; x_wconf 77' lang='grc' dir='ltr'>ἡδονῆς,</span> <span class='ocrx_word' id='word_1_415' title='bbox 2877 3035 2966 3088; x_wconf 85' lang='grc' dir='ltr'>καὶ</span> <span class='ocrx_word' id='word_1_416' title='bbox 3022 3034 3182 3113; x_wconf 78' lang='grc' dir='ltr'>ζόφου</span> <span class='ocrx_word' id='word_1_417' title='bbox 3238 3033 3333 3097; x_wconf 83' lang='grc' dir='ltr'><strong>τὰς</strong></span> <span class='ocrx_word' id='word_1_418' title='bbox 3390 3033 3542 3108; x_wconf 78' lang='grc' dir='ltr'>ὄψεις</span> <span class='ocrx_word' id='word_1_419' title='bbox 3573 3031 3855 3112; x_wconf 80' lang='grc' dir='ltr'>πληροῦν·-</span> 
     </span>
    </p>
   </div>
   <div class='ocr_carea' id='block_1_59' title="bbox 457 3117 2106 3204">
    <p class='ocr_par' dir='ltr' id='par_1_59' title="bbox 457 3117 2106 3204">
     <span class='ocr_line' id='line_1_60' title="bbox 457 3117 2106 3204; baseline 0.001 -26"><span class='ocrx_word' id='word_1_420' title='bbox 457 3117 810 3202; x_wconf 84' lang='lat' dir='ltr'><strong>deflectunt,</strong></span> <span class='ocrx_word' id='word_1_421' title='bbox 842 3122 1057 3204; x_wconf 88' lang='lat' dir='ltr'><strong>quibus</strong></span> <span class='ocrx_word' id='word_1_422' title='bbox 1108 3122 1443 3184; x_wconf 63' lang='lat' dir='ltr'><strong>volentibus</strong></span> <span class='ocrx_word' id='word_1_423' title='bbox 1490 3123 1724 3185; x_wconf 90' lang='lat' dir='ltr'><strong>medela</strong></span> <span class='ocrx_word' id='word_1_424' title='bbox 1773 3120 1885 3184; x_wconf 90' lang='lat' dir='ltr'><strong>erit</strong></span> <span class='ocrx_word' id='word_1_425' title='bbox 1914 3120 2106 3202; x_wconf 79' lang='lat' dir='ltr'><strong>pani-</strong></span> 
     </span>
    </p>
   </div>
   <div class='ocr_carea' id='block_1_60' title="bbox 2200 3117 3852 3204">
    <p class='ocr_par' dir='ltr' id='par_1_60' title="bbox 2200 3118 3852 3201">
     <span class='ocr_line' id='line_1_61' title="bbox 2200 3118 3852 3201; baseline 0.004 -28"><span class='ocrx_word' id='word_1_426' title='bbox 2200 3138 2305 3194; x_wconf 88' lang='grc' dir='ltr'>ται,</span> <span class='ocrx_word' id='word_1_427' title='bbox 2378 3120 2466 3174; x_wconf 87' lang='grc' dir='ltr'><strong>καὶ</strong></span> <span class='ocrx_word' id='word_1_428' title='bbox 2531 3120 2638 3176; x_wconf 80' lang='grc' dir='ltr'>τῶν</span> <span class='ocrx_word' id='word_1_429' title='bbox 2712 3121 3026 3199; x_wconf 87' lang='grc' dir='ltr'>κρειττόνων</span> <span class='ocrx_word' id='word_1_430' title='bbox 3102 3118 3314 3186; x_wconf 81' lang='grc' dir='ltr'>ἐνδίκως</span> <span class='ocrx_word' id='word_1_431' title='bbox 3380 3121 3852 3201; x_wconf 78' lang='grc' dir='ltr'>ἐξαμαρτάνουσιν,</span> 
     </span>
    </p>
   </div>
   <div class='ocr_carea' id='block_1_61' title="bbox 458 3207 2106 3296">
    <p class='ocr_par' dir='ltr' id='par_1_61' title="bbox 458 3208 2106 3296">
     <span class='ocr_line' id='line_1_62' title="bbox 458 3208 2106 3296; baseline 0.001 -27"><span class='ocrx_word' id='word_1_432' title='bbox 458 3208 661 3272; x_wconf 90' lang='lat' dir='ltr'><strong>tentia</strong></span> <span class='ocrx_word' id='word_1_433' title='bbox 680 3211 899 3290; x_wconf 82' lang='lat' dir='ltr'><strong>fervor,</strong></span> <span class='ocrx_word' id='word_1_434' title='bbox 932 3220 991 3274; x_wconf 92' lang='lat' dir='ltr'><strong>et</strong></span> <span class='ocrx_word' id='word_1_435' title='bbox 1020 3213 1236 3275; x_wconf 87' lang='lat' dir='ltr'><strong>exinde</strong></span> <span class='ocrx_word' id='word_1_436' title='bbox 1270 3212 1662 3294; x_wconf 79' lang='lat' dir='ltr'><strong>lacrymarum</strong></span> <span class='ocrx_word' id='word_1_437' title='bbox 1695 3210 2106 3296; x_wconf 70' lang='lat' dir='ltr'><strong>compunctio;</strong></span> 
     </span>
    </p>
   </div>
   <div class='ocr_carea' id='block_1_62' title="bbox 2200 3207 3852 3296">
    <p class='ocr_par' dir='ltr' id='par_1_62' title="bbox 2200 3207 3852 3290">
     <span class='ocr_line' id='line_1_63' title="bbox 2200 3207 3852 3290; baseline 0.002 -26"><span class='ocrx_word' id='word_1_438' title='bbox 2200 3212 2281 3273; x_wconf 85' lang='grc' dir='ltr'>οἷς</span> <span class='ocrx_word' id='word_1_439' title='bbox 2313 3208 2453 3285; x_wconf 75' lang='grc' dir='ltr'>ἴαμα</span> <span class='ocrx_word' id='word_1_440' title='bbox 2508 3207 2848 3286; x_wconf 80' lang='grc' dir='ltr'>βουλομένοις</span> <span class='ocrx_word' id='word_1_441' title='bbox 2905 3210 3049 3267; x_wconf 75' lang='grc' dir='ltr'>ἔσται</span> <span class='ocrx_word' id='word_1_442' title='bbox 3107 3211 3201 3279; x_wconf 78' lang='grc' dir='ltr'>τῆς</span> <span class='ocrx_word' id='word_1_443' title='bbox 3259 3211 3540 3286; x_wconf 89' lang='grc' dir='ltr'>μετανοίας</span> <span class='ocrx_word' id='word_1_444' title='bbox 3588 3213 3624 3280; x_wconf 79' lang='grc' dir='ltr'><strong>ἡ</strong></span> <span class='ocrx_word' id='word_1_445' title='bbox 3654 3210 3852 3290; x_wconf 85' lang='grc' dir='ltr'>θέρμη,</span> 
     </span>
    </p>
   </div>
   <div class='ocr_carea' id='block_1_63' title="bbox 460 3298 2106 3384">
    <p class='ocr_par' dir='ltr' id='par_1_63' title="bbox 460 3301 2105 3384">
     <span class='ocr_line' id='line_1_64' title="bbox 460 3301 2105 3384; baseline 0.006 -24"><span class='ocrx_word' id='word_1_446' title='bbox 460 3317 591 3380; x_wconf 89' lang='lat' dir='ltr'><strong>qua</strong></span> <span class='ocrx_word' id='word_1_447' title='bbox 619 3301 840 3363; x_wconf 90' lang='lat' dir='ltr'><strong>malum</strong></span> <span class='ocrx_word' id='word_1_448' title='bbox 874 3304 1055 3383; x_wconf 73' lang='lat' dir='ltr'><strong>fugat,</strong></span> <span class='ocrx_word' id='word_1_449' title='bbox 1110 3310 1170 3365; x_wconf 89' lang='lat' dir='ltr'><strong>et</strong></span> <span class='ocrx_word' id='word_1_450' title='bbox 1214 3303 1474 3364; x_wconf 83' lang='lat' dir='ltr'><strong>animam</strong></span> <span class='ocrx_word' id='word_1_451' title='bbox 1507 3312 1717 3384; x_wconf 80' lang='lat' dir='ltr'><strong>purgat</strong></span> <span class='ocrx_word' id='word_1_452' title='bbox 1744 3322 1778 3365; x_wconf 91' lang='lat' dir='ltr'><strong>a</strong></span> <span class='ocrx_word' id='word_1_453' title='bbox 1804 3304 2105 3382; x_wconf 88' lang='lat' dir='ltr'><strong>sordibus,</strong></span> 
     </span>
    </p>
   </div>
   <div class='ocr_carea' id='block_1_64' title="bbox 2200 3298 3857 3384">
    <p class='ocr_par' dir='ltr' id='par_1_64' title="bbox 2200 3298 3857 3379">
     <span class='ocr_line' id='line_1_65' title="bbox 2200 3298 3857 3379; baseline 0.003 -26"><span class='ocrx_word' id='word_1_454' title='bbox 2200 3298 2281 3354; x_wconf 79' lang='grc' dir='ltr'>καὶ</span> <span class='ocrx_word' id='word_1_455' title='bbox 2327 3300 2362 3367; x_wconf 81' lang='grc' dir='ltr'>ἡ</span> <span class='ocrx_word' id='word_1_456' title='bbox 2414 3298 2474 3354; x_wconf 89' lang='grc' dir='ltr'><strong>ἐκ</strong></span> <span class='ocrx_word' id='word_1_457' title='bbox 2523 3299 2717 3367; x_wconf 81' lang='grc' dir='ltr'>ταύτης</span> <span class='ocrx_word' id='word_1_458' title='bbox 2767 3299 2872 3356; x_wconf 82' lang='grc' dir='ltr'><strong>τῶν</strong></span> <span class='ocrx_word' id='word_1_459' title='bbox 2930 3298 3163 3379; x_wconf 82' lang='grc' dir='ltr'>δακρύων</span> <span class='ocrx_word' id='word_1_460' title='bbox 3217 3299 3490 3366; x_wconf 79' lang='grc' dir='ltr'>κατάνυξις</span> <span class='ocrx_word' id='word_1_461' title='bbox 3524 3319 3542 3336; x_wconf 88' lang='grc'><strong>·</strong></span> <span class='ocrx_word' id='word_1_462' title='bbox 3601 3299 3719 3367; x_wconf 73' lang='grc' dir='ltr'>ἥτις</span> <span class='ocrx_word' id='word_1_463' title='bbox 3761 3302 3857 3358; x_wconf 81' lang='grc' dir='ltr'><strong>καὶ</strong></span> 
     </span>
    </p>
   </div>
   <div class='ocr_carea' id='block_1_65' title="bbox 456 3387 2106 3477">
    <p class='ocr_par' dir='ltr' id='par_1_65' title="bbox 456 3391 2106 3477">
     <span class='ocr_line' id='line_1_66' title="bbox 456 3391 2106 3477; baseline 0.005 -27"><span class='ocrx_word' id='word_1_464' title='bbox 456 3407 711 3471; x_wconf 82' lang='lat' dir='ltr'><strong>eamque</strong></span> <span class='ocrx_word' id='word_1_465' title='bbox 764 3391 903 3455; x_wconf 89' lang='lat' dir='ltr'><strong>facit</strong></span> <span class='ocrx_word' id='word_1_466' title='bbox 960 3392 1177 3455; x_wconf 90' lang='lat' dir='ltr'><strong>divina</strong></span> <span class='ocrx_word' id='word_1_467' title='bbox 1219 3393 1647 3456; x_wconf 89' lang='lat' dir='ltr'><strong>misericordia</strong></span> <span class='ocrx_word' id='word_1_468' title='bbox 1703 3394 2106 3477; x_wconf 74' lang='lat' dir='ltr'><strong>participem;</strong></span> 
     </span>
    </p>
   </div>
   <div class='ocr_carea' id='block_1_66' title="bbox 2200 3387 3853 3477">
    <p class='ocr_par' dir='ltr' id='par_1_66' title="bbox 2200 3387 3853 3469">
     <span class='ocr_line' id='line_1_67' title="bbox 2200 3387 3853 3469; baseline 0.001 -27"><span class='ocrx_word' id='word_1_469' title='bbox 2200 3387 2290 3453; x_wconf 78' lang='grc' dir='ltr'><strong>τὴν</strong></span> <span class='ocrx_word' id='word_1_470' title='bbox 2344 3387 2625 3467; x_wconf 74' lang='grc' dir='ltr'>ἀποφυγὴν</span> <span class='ocrx_word' id='word_1_471' title='bbox 2677 3394 2768 3445; x_wconf 84' lang='grc' dir='ltr'>τοῦ</span> <span class='ocrx_word' id='word_1_472' title='bbox 2832 3395 2998 3447; x_wconf 73' lang='grc' dir='ltr'>κακοό</span> <span class='ocrx_word' id='word_1_473' title='bbox 3046 3402 3304 3469; x_wconf 80' lang='grc' dir='ltr'>ποιεῖται,</span> <span class='ocrx_word' id='word_1_474' title='bbox 3362 3391 3451 3445; x_wconf 85' lang='grc' dir='ltr'><strong>καὶ</strong></span> <span class='ocrx_word' id='word_1_475' title='bbox 3505 3388 3603 3456; x_wconf 73' lang='grc' dir='ltr'><strong>τὴν</strong></span> <span class='ocrx_word' id='word_1_476' title='bbox 3661 3388 3853 3468; x_wconf 76' lang='grc' dir='ltr'>ψυχὴν</span> 
     </span>
    </p>
   </div>
   <div class='ocr_carea' id='block_1_67' title="bbox 453 3476 2106 3564">
    <p class='ocr_par' dir='ltr' id='par_1_67' title="bbox 453 3476 2101 3564">
     <span class='ocr_line' id='line_1_68' title="bbox 453 3476 2101 3564; baseline 0.005 -23"><span class='ocrx_word' id='word_1_477' title='bbox 453 3498 630 3561; x_wconf 91' lang='lat' dir='ltr'><strong>quam</strong></span> <span class='ocrx_word' id='word_1_478' title='bbox 680 3500 944 3563; x_wconf 78' lang='lat' dir='ltr'><strong>congrue</strong></span> <span class='ocrx_word' id='word_1_479' title='bbox 994 3484 1188 3545; x_wconf 89' lang='lat' dir='ltr'><strong>innuit</strong></span> <span class='ocrx_word' id='word_1_480' title='bbox 1229 3484 1472 3564; x_wconf 86' lang='lat' dir='ltr'><strong>sapiens</strong></span> <span class='ocrx_word' id='word_1_481' title='bbox 1500 3485 1803 3557; x_wconf 88' lang='lat' dir='ltr'><strong>Salomon,</strong></span> <span class='ocrx_word' id='word_1_482' title='bbox 1840 3476 2053 3548; x_wconf 82' lang='lat' dir='ltr'><strong>dicens</strong></span> <span class='ocrx_word' id='word_1_483' title='bbox 2087 3507 2101 3549; x_wconf 91' lang='lat'><strong>:</strong></span> 
     </span>
    </p>
   </div>
   <div class='ocr_carea' id='block_1_68' title="bbox 2200 3476 3853 3564">
    <p class='ocr_par' dir='ltr' id='par_1_68' title="bbox 2200 3476 3853 3558">
     <span class='ocr_line' id='line_1_69' title="bbox 2200 3476 3853 3558; baseline 0.002 -27"><span class='ocrx_word' id='word_1_484' title='bbox 2200 3477 2417 3556; x_wconf 80' lang='grc' dir='ltr'>ιαθαίρει</span> <span class='ocrx_word' id='word_1_485' title='bbox 2473 3478 2579 3534; x_wconf 79' lang='grc' dir='ltr'><strong>τῶν</strong></span> <span class='ocrx_word' id='word_1_486' title='bbox 2634 3476 2946 3558; x_wconf 75' lang='grc' dir='ltr'>μολυσμῶν,</span> <span class='ocrx_word' id='word_1_487' title='bbox 3012 3480 3101 3536; x_wconf 87' lang='grc' dir='ltr'><strong>καὶ</strong></span> <span class='ocrx_word' id='word_1_488' title='bbox 3156 3478 3489 3557; x_wconf 88' lang='grc' dir='ltr'>κληρονόμον</span> <span class='ocrx_word' id='word_1_489' title='bbox 3549 3479 3710 3545; x_wconf 77' lang='grc' dir='ltr'>αὐτὴν</span> <span class='ocrx_word' id='word_1_490' title='bbox 3753 3485 3853 3535; x_wconf 78' lang='grc' dir='ltr'>τοῦ</span> 
     </span>
    </p>
   </div>
   <div class='ocr_carea' id='block_1_69' title="bbox 462 3564 2106 3653">
    <p class='ocr_par' dir='ltr' id='par_1_69' title="bbox 462 3571 1962 3653">
     <span class='ocr_line' id='line_1_70' title="bbox 462 3571 1962 3653; baseline 0.001 -21"><span class='ocrx_word' id='word_1_491' title='bbox 462 3589 486 3626; x_wconf 77' lang='grc' dir='ltr'><strong>ιι</strong></span> <span class='ocrx_word' id='word_1_492' title='bbox 523 3571 763 3634; x_wconf 89' lang='lat' dir='ltr'><strong>Curatio</strong></span> <span class='ocrx_word' id='word_1_493' title='bbox 792 3573 969 3636; x_wconf 86' lang='lat' dir='ltr'><strong>faciet</strong></span> <span class='ocrx_word' id='word_1_494' title='bbox 999 3591 1234 3636; x_wconf 75' lang='lat' dir='ltr'><strong>cessare</strong></span> <span class='ocrx_word' id='word_1_495' title='bbox 1260 3582 1505 3653; x_wconf 86' lang='lat' dir='ltr'><strong>peccata</strong></span> <span class='ocrx_word' id='word_1_496' title='bbox 1532 3574 1787 3637; x_wconf 84' lang='lat' dir='ltr'><strong>maxima</strong></span> <span class='ocrx_word' id='word_1_497' title='bbox 1814 3575 1897 3639; x_wconf 72' lang='lat'><strong>40.</strong></span> <span class='ocrx_word' id='word_1_498' title='bbox 1940 3600 1962 3633; x_wconf 70' lang='grc' dir='ltr'><strong><em>υ</em></strong></span> 
     </span>
    </p>
   </div>
   <div class='ocr_carea' id='block_1_70' title="bbox 2200 3564 3847 3653">
    <p class='ocr_par' dir='ltr' id='par_1_70' title="bbox 2200 3564 3847 3653">
     <span class='ocr_line' id='line_1_71' title="bbox 2200 3564 3847 3653; baseline 0.002 -32"><span class='ocrx_word' id='word_1_499' title='bbox 2200 3564 2365 3630; x_wconf 68' lang='grc' dir='ltr'>ἐλέους</span> <span class='ocrx_word' id='word_1_500' title='bbox 2422 3575 2554 3626; x_wconf 78' lang='grc' dir='ltr'>Θεοῦ</span> <span class='ocrx_word' id='word_1_501' title='bbox 2608 3567 2961 3653; x_wconf 62' lang='grc' dir='ltr'>ἀπεργάζεται</span> <span class='ocrx_word' id='word_1_502' title='bbox 2997 3585 3010 3601; x_wconf 87' lang='grc'>⁶</span> <span class='ocrx_word' id='word_1_503' title='bbox 3072 3570 3138 3637; x_wconf 77' lang='grc' dir='ltr'>ἦν</span> <span class='ocrx_word' id='word_1_504' title='bbox 3194 3570 3412 3634; x_wconf 83' lang='grc' dir='ltr'>εἰκότως</span> <span class='ocrx_word' id='word_1_505' title='bbox 3467 3568 3557 3625; x_wconf 84' lang='grc' dir='ltr'>καὶ</span> <span class='ocrx_word' id='word_1_506' title='bbox 3608 3569 3637 3624; x_wconf 90' lang='grc' dir='ltr'>ὁ</span> <span class='ocrx_word' id='word_1_507' title='bbox 3679 3569 3847 3648; x_wconf 77' lang='grc' dir='ltr'>σοφὸς</span> 
     </span>
    </p>
   </div>
   <div class='ocr_carea' id='block_1_71' title="bbox 2184 3637 3847 3740">
    <p class='ocr_par' dir='ltr' id='par_1_71' title="bbox 2184 3637 3847 3740">
     <span class='ocr_line' id='line_1_72' title="bbox 2184 3637 3847 3740; baseline 0.002 -30"><span class='ocrx_word' id='word_1_508' title='bbox 2184 3656 2544 3732; x_wconf 78' lang='grc' dir='ltr'>αἰνιττόμενος</span> <span class='ocrx_word' id='word_1_509' title='bbox 2574 3637 2856 3736; x_wconf 64' lang='grc' dir='ltr'>Σολομιὶιν,</span> <span class='ocrx_word' id='word_1_510' title='bbox 2914 3637 3095 3740; x_wconf 52' lang='lat' dir='ltr'><strong>&quot;lauat,</strong></span> <span class='ocrx_word' id='word_1_511' title='bbox 3161 3658 3285 3739; x_wconf 48' lang='lat' dir='ltr'><strong>&quot;ean,</strong></span> <span class='ocrx_word' id='word_1_512' title='bbox 3319 3658 3613 3715; x_wconf 85' lang='grc' dir='ltr'>καταπαύει</span> <span class='ocrx_word' id='word_1_513' title='bbox 3662 3637 3847 3736; x_wconf 80' lang='grc' dir='ltr'>ἁμάρ-</span> 
     </span>
    </p>
   </div>
   <div class='ocr_carea' id='block_1_72' title="bbox 2181 3746 2603 3825">
    <p class='ocr_par' dir='ltr' id='par_1_72' title="bbox 2181 3746 2603 3825">
     <span class='ocr_line' id='line_1_73' title="bbox 2181 3746 2603 3825; baseline 0.009 -25"><span class='ocrx_word' id='word_1_514' title='bbox 2181 3746 2296 3810; x_wconf 84' lang='grc' dir='ltr'>τίας</span> <span class='ocrx_word' id='word_1_515' title='bbox 2344 3747 2603 3825; x_wconf 83' lang='grc' dir='ltr'>μεγάλας.</span> 
     </span>
    </p>
   </div>
   <div class='ocr_carea' id='block_1_73' title="bbox 540 3825 2106 3924">
    <p class='ocr_par' dir='ltr' id='par_1_73' title="bbox 540 3840 2100 3924">
     <span class='ocr_line' id='line_1_74' title="bbox 540 3840 2100 3924; baseline 0.001 -21"><span class='ocrx_word' id='word_1_516' title='bbox 540 3840 635 3903; x_wconf 87' lang='grc'><strong>18.</strong></span> <span class='ocrx_word' id='word_1_517' title='bbox 665 3840 994 3919; x_wconf 82' lang='lat' dir='ltr'><strong>Flagellum</strong></span> <span class='ocrx_word' id='word_1_518' title='bbox 1029 3851 1087 3905; x_wconf 92' lang='lat' dir='ltr'><strong>et</strong></span> <span class='ocrx_word' id='word_1_519' title='bbox 1114 3841 1280 3922; x_wconf 82' lang='lat' dir='ltr'><strong>virga</strong></span> <span class='ocrx_word' id='word_1_520' title='bbox 1310 3841 1519 3905; x_wconf 89' lang='lat' dir='ltr'><strong>merito</strong></span> <span class='ocrx_word' id='word_1_521' title='bbox 1552 3842 1616 3903; x_wconf 82' lang='lat' dir='ltr'><strong>fit</strong></span> <span class='ocrx_word' id='word_1_522' title='bbox 1666 3841 1827 3904; x_wconf 86' lang='lat' dir='ltr'><strong>idem</strong></span> <span class='ocrx_word' id='word_1_523' title='bbox 1858 3842 2100 3924; x_wconf 89' lang='lat' dir='ltr'><strong>spiritus</strong></span> 
     </span>
    </p>
   </div>
   <div class='ocr_carea' id='block_1_74' title="bbox 2200 3825 3845 3924">
    <p class='ocr_par' dir='ltr' id='par_1_74' title="bbox 2265 3825 3845 3916">
     <span class='ocr_line' id='line_1_75' title="bbox 2265 3825 3845 3916; baseline 0.002 -25"><span class='ocrx_word' id='word_1_524' title='bbox 2265 3825 2366 3903; x_wconf 81' lang='grc' dir='ltr'>ιη’,</span> <span class='ocrx_word' id='word_1_525' title='bbox 2426 3835 2626 3903; x_wconf 81' lang='grc' dir='ltr'>Μάστιξ</span> <span class='ocrx_word' id='word_1_526' title='bbox 2681 3838 2768 3894; x_wconf 86' lang='grc' dir='ltr'><strong>καὶ</strong></span> <span class='ocrx_word' id='word_1_527' title='bbox 2827 3833 3014 3916; x_wconf 81' lang='grc' dir='ltr'>ῥάϐδος</span> <span class='ocrx_word' id='word_1_528' title='bbox 3071 3837 3270 3915; x_wconf 89' lang='grc' dir='ltr'>γίνεται</span> <span class='ocrx_word' id='word_1_529' title='bbox 3328 3835 3539 3903; x_wconf 84' lang='grc' dir='ltr'>δικαίως</span> <span class='ocrx_word' id='word_1_530' title='bbox 3581 3846 3735 3895; x_wconf 78' lang='grc' dir='ltr'>τοῦτο</span> <span class='ocrx_word' id='word_1_531' title='bbox 3776 3839 3845 3894; x_wconf 83' lang='grc' dir='ltr'>τὸ</span> 
     </span>
    </p>
   </div>
   <div class='ocr_carea' id='block_1_75' title="bbox 451 3924 2106 4012">
    <p class='ocr_par' dir='ltr' id='par_1_75' title="bbox 451 3928 2102 4012">
     <span class='ocr_line' id='line_1_76' title="bbox 451 3928 2102 4012; baseline 0.001 -22"><span class='ocrx_word' id='word_1_532' title='bbox 451 3928 547 3990; x_wconf 87' lang='lat' dir='ltr'><strong>his</strong></span> <span class='ocrx_word' id='word_1_533' title='bbox 569 3930 671 4009; x_wconf 92' lang='lat' dir='ltr'><strong>qui</strong></span> <span class='ocrx_word' id='word_1_534' title='bbox 697 3930 759 3992; x_wconf 91' lang='lat' dir='ltr'><strong>in</strong></span> <span class='ocrx_word' id='word_1_535' title='bbox 794 3932 983 4012; x_wconf 90' lang='lat' dir='ltr'><strong>prima</strong></span> <span class='ocrx_word' id='word_1_536' title='bbox 1014 3930 1492 4011; x_wconf 87' lang='lat' dir='ltr'><strong>impassibilitate</strong></span> <span class='ocrx_word' id='word_1_537' title='bbox 1524 3931 1770 4011; x_wconf 87' lang='lat' dir='ltr'><strong>perfecti</strong></span> <span class='ocrx_word' id='word_1_538' title='bbox 1827 3940 1963 3992; x_wconf 93' lang='lat' dir='ltr'><strong>sunt</strong></span> <span class='ocrx_word' id='word_1_539' title='bbox 1995 3950 2102 4011; x_wconf 91' lang='lat' dir='ltr'><strong>per</strong></span> 
     </span>
    </p>
   </div>
   <div class='ocr_carea' id='block_1_76' title="bbox 2200 3924 3843 4012">
    <p class='ocr_par' dir='ltr' id='par_1_76' title="bbox 2200 3924 3843 4007">
     <span class='ocr_line' id='line_1_77' title="bbox 2200 3924 3843 4007; baseline 0 -25"><span class='ocrx_word' id='word_1_540' title='bbox 2200 3934 2412 4003; x_wconf 73' lang='grc' dir='ltr'>πνεῦμα,</span> <span class='ocrx_word' id='word_1_541' title='bbox 2454 3941 2574 3991; x_wconf 81' lang='grc' dir='ltr'>τοῖς</span> <span class='ocrx_word' id='word_1_542' title='bbox 2630 3929 2748 4006; x_wconf 84' lang='grc' dir='ltr'>περὶ</span> <span class='ocrx_word' id='word_1_543' title='bbox 2798 3929 2899 3995; x_wconf 79' lang='grc' dir='ltr'><strong>τὴν</strong></span> <span class='ocrx_word' id='word_1_544' title='bbox 2940 3927 3161 4007; x_wconf 86' lang='grc' dir='ltr'>πρώτην</span> <span class='ocrx_word' id='word_1_545' title='bbox 3223 3927 3476 3985; x_wconf 84' lang='grc' dir='ltr'>ἀπάθειαν</span> <span class='ocrx_word' id='word_1_546' title='bbox 3524 3924 3843 4003; x_wconf 85' lang='grc' dir='ltr'>τελειουμέ-</span> 
     </span>
    </p>
   </div>
   <div class='ocr_carea' id='block_1_77' title="bbox 447 4015 2106 4102">
    <p class='ocr_par' dir='ltr' id='par_1_77' title="bbox 447 4018 2098 4102">
     <span class='ocr_line' id='line_1_78' title="bbox 447 4018 2098 4102; baseline 0.002 -24"><span class='ocrx_word' id='word_1_547' title='bbox 447 4018 768 4097; x_wconf 90' lang='lat' dir='ltr'><strong>practicam</strong></span> <span class='ocrx_word' id='word_1_548' title='bbox 800 4020 1264 4102; x_wconf 85' lang='lat' dir='ltr'><strong>philosophiam,</strong></span> <span class='ocrx_word' id='word_1_549' title='bbox 1323 4039 1392 4083; x_wconf 89' lang='lat' dir='ltr'><strong>ac</strong></span> <span class='ocrx_word' id='word_1_550' title='bbox 1449 4030 1733 4084; x_wconf 85' lang='lat' dir='ltr'><strong>recenter</strong></span> <span class='ocrx_word' id='word_1_551' title='bbox 1788 4022 1860 4082; x_wconf 88' lang='lat' dir='ltr'><strong>ad</strong></span> <span class='ocrx_word' id='word_1_552' title='bbox 1898 4020 2098 4100; x_wconf 91' lang='lat' dir='ltr'><strong>perfe-</strong></span> 
     </span>
    </p>
   </div>
   <div class='ocr_carea' id='block_1_78' title="bbox 2200 4015 3842 4102">
    <p class='ocr_par' dir='ltr' id='par_1_78' title="bbox 2200 4015 3842 4098">
     <span class='ocr_line' id='line_1_79' title="bbox 2200 4015 3842 4098; baseline 0.003 -26"><span class='ocrx_word' id='word_1_553' title='bbox 2200 4038 2288 4080; x_wconf 76' lang='grc' dir='ltr'>νοις</span> <span class='ocrx_word' id='word_1_554' title='bbox 2354 4015 2439 4072; x_wconf 82' lang='grc' dir='ltr'>διὰ</span> <span class='ocrx_word' id='word_1_555' title='bbox 2495 4022 2594 4084; x_wconf 80' lang='grc' dir='ltr'>τῆς</span> <span class='ocrx_word' id='word_1_556' title='bbox 2654 4017 2961 4096; x_wconf 78' lang='grc' dir='ltr'>ἐμπράκτου</span> <span class='ocrx_word' id='word_1_557' title='bbox 3018 4015 3357 4098; x_wconf 79' lang='grc' dir='ltr'>φιλοσοφίας,</span> <span class='ocrx_word' id='word_1_558' title='bbox 3415 4018 3505 4075; x_wconf 85' lang='grc' dir='ltr'><strong>καὶ</strong></span> <span class='ocrx_word' id='word_1_559' title='bbox 3559 4018 3842 4096; x_wconf 77' lang='grc' dir='ltr'>προκοπὰς</span> 
     </span>
    </p>
   </div>
   <div class='ocr_carea' id='block_1_79' title="bbox 451 4104 2106 4192">
    <p class='ocr_par' dir='ltr' id='par_1_79' title="bbox 451 4106 2095 4192">
     <span class='ocr_line' id='line_1_80' title="bbox 451 4106 2095 4192; baseline 0.002 -25"><span class='ocrx_word' id='word_1_560' title='bbox 451 4106 639 4169; x_wconf 82' lang='lat' dir='ltr'><strong>ctiora</strong></span> <span class='ocrx_word' id='word_1_561' title='bbox 659 4127 841 4174; x_wconf 90' lang='lat' dir='ltr'><strong>novos</strong></span> <span class='ocrx_word' id='word_1_562' title='bbox 864 4111 1085 4173; x_wconf 87' lang='lat' dir='ltr'><strong>faciunt</strong></span> <span class='ocrx_word' id='word_1_563' title='bbox 1110 4129 1483 4192; x_wconf 83' lang='lat' dir='ltr'><strong>progressus.</strong></span> <span class='ocrx_word' id='word_1_564' title='bbox 1518 4108 1751 4171; x_wconf 84' lang='lat' dir='ltr'><strong>Etenim</strong></span> <span class='ocrx_word' id='word_1_565' title='bbox 1784 4120 2095 4191; x_wconf 82' lang='lat' dir='ltr'><strong>postquam</strong></span> 
     </span>
    </p>
   </div>
   <div class='ocr_carea' id='block_1_80' title="bbox 2200 4104 3840 4192">
    <p class='ocr_par' dir='ltr' id='par_1_80' title="bbox 2200 4105 3840 4186">
     <span class='ocr_line' id='line_1_81' title="bbox 2200 4105 3840 4186; baseline 0.001 -25"><span class='ocrx_word' id='word_1_566' title='bbox 2200 4105 2295 4185; x_wconf 83' lang='grc' dir='ltr'>ἱρτι</span> <span class='ocrx_word' id='word_1_567' title='bbox 2373 4105 2714 4182; x_wconf 85' lang='grc' dir='ltr'>ποιουμένοις</span> <span class='ocrx_word' id='word_1_568' title='bbox 2785 4107 2870 4164; x_wconf 89' lang='grc' dir='ltr'><strong>ἐπὶ</strong></span> <span class='ocrx_word' id='word_1_569' title='bbox 2952 4108 3019 4164; x_wconf 84' lang='grc' dir='ltr'><strong>τὰ</strong></span> <span class='ocrx_word' id='word_1_570' title='bbox 3090 4107 3274 4186; x_wconf 90' lang='grc' dir='ltr'>πρόσω</span> <span class='ocrx_word' id='word_1_571' title='bbox 3357 4108 3444 4164; x_wconf 82' lang='grc' dir='ltr'><strong>καὶ</strong></span> <span class='ocrx_word' id='word_1_572' title='bbox 3513 4105 3840 4185; x_wconf 86' lang='grc' dir='ltr'>τελεώτερα,</span> 
     </span>
    </p>
   </div>
   <div class='ocr_carea' id='block_1_81' title="bbox 448 4195 2098 4281">
    <p class='ocr_par' dir='ltr' id='par_1_81' title="bbox 448 4195 2098 4281">
     <span class='ocr_line' id='line_1_82' title="bbox 448 4195 2098 4281; baseline 0.002 -26"><span class='ocrx_word' id='word_1_573' title='bbox 448 4212 484 4256; x_wconf 88' lang='lat' dir='ltr'><strong>a</strong></span> <span class='ocrx_word' id='word_1_574' title='bbox 513 4195 645 4259; x_wconf 86' lang='lat' dir='ltr'><strong>vita</strong></span> <span class='ocrx_word' id='word_1_575' title='bbox 672 4200 943 4262; x_wconf 89' lang='lat' dir='ltr'><strong>ascetica</strong></span> <span class='ocrx_word' id='word_1_576' title='bbox 973 4200 1188 4262; x_wconf 88' lang='lat' dir='ltr'><strong>robore</strong></span> <span class='ocrx_word' id='word_1_577' title='bbox 1220 4218 1339 4281; x_wconf 88' lang='lat' dir='ltr'><strong>pra</strong></span> <span class='ocrx_word' id='word_1_578' title='bbox 1367 4209 1607 4280; x_wconf 88' lang='lat' dir='ltr'><strong>torpore</strong></span> <span class='ocrx_word' id='word_1_579' title='bbox 1634 4199 2003 4273; x_wconf 87' lang='lat' dir='ltr'><strong>defecerunt,</strong></span> <span class='ocrx_word' id='word_1_580' title='bbox 2038 4206 2098 4259; x_wconf 92' lang='lat' dir='ltr'><strong>et</strong></span> 
     </span>
    </p>
   </div>
   <div class='ocr_carea' id='block_1_82' title="bbox 450 4284 2095 4368">
    <p class='ocr_par' dir='ltr' id='par_1_82' title="bbox 450 4284 2095 4368">
     <span class='ocr_line' id='line_1_83' title="bbox 450 4284 2095 4368; baseline 0.002 -23"><span class='ocrx_word' id='word_1_581' title='bbox 450 4285 522 4346; x_wconf 92' lang='lat' dir='ltr'><strong>ad</strong></span> <span class='ocrx_word' id='word_1_582' title='bbox 545 4284 1046 4352; x_wconf 89' lang='lat' dir='ltr'><strong>inconsideratam</strong></span> <span class='ocrx_word' id='word_1_583' title='bbox 1069 4308 1280 4353; x_wconf 88' lang='lat' dir='ltr'><strong>sensus</strong></span> <span class='ocrx_word' id='word_1_584' title='bbox 1309 4288 1596 4351; x_wconf 90' lang='lat' dir='ltr'><strong>mundani</strong></span> <span class='ocrx_word' id='word_1_585' title='bbox 1627 4288 1916 4350; x_wconf 89' lang='lat' dir='ltr'><strong>visionem</strong></span> <span class='ocrx_word' id='word_1_586' title='bbox 1948 4306 2095 4368; x_wconf 89' lang='lat' dir='ltr'><strong>pau-</strong></span> 
     </span>
    </p>
   </div>
   <div class='ocr_carea' id='block_1_83' title="bbox 2184 4185 3845 4276">
    <p class='ocr_par' dir='ltr' id='par_1_83' title="bbox 2184 4185 3845 4276">
     <span class='ocr_line' id='line_1_84' title="bbox 2184 4185 3845 4276; baseline 0.002 -26"><span class='ocrx_word' id='word_1_587' title='bbox 2184 4185 2442 4261; x_wconf 72' lang='grc' dir='ltr'>Ὀπηνίκα</span> <span class='ocrx_word' id='word_1_588' title='bbox 2491 4196 2589 4274; x_wconf 78' lang='grc' dir='ltr'><strong>γὰρ</strong></span> <span class='ocrx_word' id='word_1_589' title='bbox 2637 4196 2728 4252; x_wconf 79' lang='grc' dir='ltr'>τὸν</span> <span class='ocrx_word' id='word_1_590' title='bbox 2786 4197 2937 4253; x_wconf 88' lang='grc' dir='ltr'>τόνον</span> <span class='ocrx_word' id='word_1_591' title='bbox 2981 4198 3078 4265; x_wconf 74' lang='grc' dir='ltr'><strong>τῆς</strong></span> <span class='ocrx_word' id='word_1_592' title='bbox 3124 4185 3396 4276; x_wconf 83' lang='grc' dir='ltr'>ἐχομένης</span> <span class='ocrx_word' id='word_1_593' title='bbox 3440 4196 3720 4267; x_wconf 72' lang='grc' dir='ltr'>ἀσκήσεως</span> <span class='ocrx_word' id='word_1_594' title='bbox 3751 4193 3845 4253; x_wconf 78' lang='grc' dir='ltr'><strong>διὰ</strong></span> 
     </span>
    </p>
   </div>
   <div class='ocr_carea' id='block_1_84' title="bbox 2181 4282 3842 4365">
    <p class='ocr_par' dir='ltr' id='par_1_84' title="bbox 2181 4282 3842 4365">
     <span class='ocr_line' id='line_1_85' title="bbox 2181 4282 3842 4365; baseline 0.003 -27"><span class='ocrx_word' id='word_1_595' title='bbox 2181 4283 2430 4359; x_wconf 72' lang='grc' dir='ltr'>ῥᾳθυμίας</span> <span class='ocrx_word' id='word_1_596' title='bbox 2513 4282 2816 4365; x_wconf 79' lang='grc' dir='ltr'>ἐνδώσουσι,</span> <span class='ocrx_word' id='word_1_597' title='bbox 2874 4286 2964 4341; x_wconf 89' lang='grc' dir='ltr'><strong>καὶ</strong></span> <span class='ocrx_word' id='word_1_598' title='bbox 3042 4287 3173 4365; x_wconf 83' lang='grc' dir='ltr'>πρὸς</span> <span class='ocrx_word' id='word_1_599' title='bbox 3251 4284 3548 4364; x_wconf 78' lang='grc' dir='ltr'>ἀφύλακτον</span> <span class='ocrx_word' id='word_1_600' title='bbox 3615 4286 3842 4362; x_wconf 81' lang='grc' dir='ltr'>θεωρίαν</span> 
     </span>
    </p>
   </div>
   <div class='ocr_carea' id='block_1_85' title="bbox 450 4358 2106 4460">
    <p class='ocr_par' dir='ltr' id='par_1_85' title="bbox 450 4358 2096 4460">
     <span class='ocr_line' id='line_1_86' title="bbox 450 4358 2096 4460; baseline 0.001 -26"><span class='ocrx_word' id='word_1_601' title='bbox 450 4373 641 4437; x_wconf 89' lang='lat' dir='ltr'><strong>lulum</strong></span> <span class='ocrx_word' id='word_1_602' title='bbox 672 4376 1138 4456; x_wconf 79' lang='lat' dir='ltr'><strong>declinaverunt,</strong></span> <span class='ocrx_word' id='word_1_603' title='bbox 1172 4388 1346 4460; x_wconf 90' lang='lat' dir='ltr'><strong>atque</strong></span> <span class='ocrx_word' id='word_1_604' title='bbox 1376 4379 1437 4440; x_wconf 91' lang='lat' dir='ltr'><strong>in</strong></span> <span class='ocrx_word' id='word_1_605' title='bbox 1467 4397 1667 4440; x_wconf 90' lang='lat' dir='ltr'><strong>rerum</strong></span> <span class='ocrx_word' id='word_1_606' title='bbox 1702 4358 2096 4438; x_wconf 45' lang='lat' dir='ltr'><strong>humana-rum</strong></span> 
     </span>
    </p>
   </div>
   <div class='ocr_carea' id='block_1_86' title="bbox 2200 4358 3843 4460">
    <p class='ocr_par' dir='ltr' id='par_1_86' title="bbox 2200 4358 3843 4454">
     <span class='ocr_line' id='line_1_87' title="bbox 2200 4358 3843 4454; baseline 0.002 -27"><span class='ocrx_word' id='word_1_607' title='bbox 2200 4376 2279 4440; x_wconf 78' lang='grc' dir='ltr'><strong>τῆς</strong></span> <span class='ocrx_word' id='word_1_608' title='bbox 2312 4358 2415 4433; x_wconf 82' lang='grc' dir='ltr'><strong>τοῦ</strong></span> <span class='ocrx_word' id='word_1_609' title='bbox 2461 4375 2662 4450; x_wconf 87' lang='grc' dir='ltr'>κόσμου</span> <span class='ocrx_word' id='word_1_610' title='bbox 2718 4358 3010 4445; x_wconf 75' lang='grc' dir='ltr'>αἰσθήσεως</span> <span class='ocrx_word' id='word_1_611' title='bbox 3067 4358 3252 4454; x_wconf 79' lang='grc' dir='ltr'>μικρὸν</span> <span class='ocrx_word' id='word_1_612' title='bbox 3301 4358 3683 4448; x_wconf 62' lang='grc' dir='ltr'>ὗπεκκλίνωσι,</span> <span class='ocrx_word' id='word_1_613' title='bbox 3722 4358 3843 4430; x_wconf 43' lang='grc' dir='ltr'>’καὶ</span> 
     </span>
    </p>
   </div>
   <div class='ocr_carea' id='block_1_87' title="bbox 452 4466 2099 4547">
    <p class='ocr_par' dir='ltr' id='par_1_87' title="bbox 452 4466 2099 4547">
     <span class='ocr_line' id='line_1_88' title="bbox 452 4466 2099 4547; baseline 0.001 -23"><span class='ocrx_word' id='word_1_614' title='bbox 452 4466 998 4547; x_wconf 84' lang='lat' dir='ltr'><strong>concupiscentiam</strong></span> <span class='ocrx_word' id='word_1_615' title='bbox 1018 4469 1384 4531; x_wconf 88' lang='lat' dir='ltr'><strong>devenerunt</strong></span> <span class='ocrx_word' id='word_1_616' title='bbox 1411 4487 1429 4543; x_wconf 90' lang='lat'><em>;</em></span> <span class='ocrx_word' id='word_1_617' title='bbox 1455 4467 1651 4532; x_wconf 86' lang='lat' dir='ltr'><strong>statim</strong></span> <span class='ocrx_word' id='word_1_618' title='bbox 1675 4467 1978 4545; x_wconf 80' lang='lat' dir='ltr'><strong>flagellans</strong></span> <span class='ocrx_word' id='word_1_619' title='bbox 1999 4466 2099 4528; x_wconf 90' lang='lat' dir='ltr'><strong>ille</strong></span> 
     </span>
    </p>
   </div>
   <div class='ocr_carea' id='block_1_88' title="bbox 454 4556 2098 4640">
    <p class='ocr_par' dir='ltr' id='par_1_88' title="bbox 454 4556 2098 4640">
     <span class='ocr_line' id='line_1_89' title="bbox 454 4556 2098 4640; baseline 0.001 -26"><span class='ocrx_word' id='word_1_620' title='bbox 454 4562 663 4616; x_wconf 87' lang='lat' dir='ltr'><strong>contra</strong></span> <span class='ocrx_word' id='word_1_621' title='bbox 692 4574 795 4618; x_wconf 90' lang='lat' dir='ltr'><strong>eos</strong></span> <span class='ocrx_word' id='word_1_622' title='bbox 824 4557 1186 4640; x_wconf 88' lang='lat' dir='ltr'><strong>immittitur,</strong></span> <span class='ocrx_word' id='word_1_623' title='bbox 1218 4578 1253 4621; x_wconf 94' lang='lat' dir='ltr'><strong>a</strong></span> <span class='ocrx_word' id='word_1_624' title='bbox 1293 4558 1523 4636; x_wconf 84' lang='lat' dir='ltr'><strong>fastigio</strong></span> <span class='ocrx_word' id='word_1_625' title='bbox 1553 4556 1736 4618; x_wconf 89' lang='lat' dir='ltr'><strong>divini</strong></span> <span class='ocrx_word' id='word_1_626' title='bbox 1768 4574 1905 4635; x_wconf 77' lang='lat' dir='ltr'><strong>erga</strong></span> <span class='ocrx_word' id='word_1_627' title='bbox 1938 4556 2098 4636; x_wconf 91' lang='lat' dir='ltr'><strong>ipsos</strong></span> 
     </span>
    </p>
   </div>
   <div class='ocr_carea' id='block_1_89' title="bbox 450 4643 2100 4729">
    <p class='ocr_par' dir='ltr' id='par_1_89' title="bbox 450 4643 2100 4729">
     <span class='ocr_line' id='line_1_90' title="bbox 450 4643 2100 4729; baseline 0 -25"><span class='ocrx_word' id='word_1_628' title='bbox 450 4644 695 4727; x_wconf 86' lang='lat' dir='ltr'><strong>amoris,</strong></span> <span class='ocrx_word' id='word_1_629' title='bbox 729 4664 1057 4729; x_wconf 89' lang='lat' dir='ltr'><strong>eorumque</strong></span> <span class='ocrx_word' id='word_1_630' title='bbox 1104 4652 1374 4711; x_wconf 88' lang='lat' dir='ltr'><strong>animum</strong></span> <span class='ocrx_word' id='word_1_631' title='bbox 1434 4646 1753 4711; x_wconf 88' lang='lat' dir='ltr'><strong>verberare</strong></span> <span class='ocrx_word' id='word_1_632' title='bbox 1795 4643 2100 4724; x_wconf 83' lang='lat' dir='ltr'><strong>cogitatio-</strong></span> 
     </span>
    </p>
   </div>
   <div class='ocr_carea' id='block_1_90' title="bbox 448 4730 2097 4818">
    <p class='ocr_par' dir='ltr' id='par_1_90' title="bbox 448 4730 2097 4818">
     <span class='ocr_line' id='line_1_91' title="bbox 448 4730 2097 4818; baseline 0.002 -26"><span class='ocrx_word' id='word_1_633' title='bbox 448 4730 630 4795; x_wconf 89' lang='lat' dir='ltr'><strong>nibus</strong></span> <span class='ocrx_word' id='word_1_634' title='bbox 650 4737 1152 4818; x_wconf 89' lang='lat' dir='ltr'><strong>concupiscentia</strong></span> <span class='ocrx_word' id='word_1_635' title='bbox 1172 4735 1428 4800; x_wconf 87' lang='lat' dir='ltr'><strong>carnalis</strong></span> <span class='ocrx_word' id='word_1_636' title='bbox 1451 4736 1668 4816; x_wconf 82' lang='lat' dir='ltr'><strong>incipit</strong></span> <span class='ocrx_word' id='word_1_637' title='bbox 1685 4754 1697 4798; x_wconf 92' lang='lat'><strong>:</strong></span> <span class='ocrx_word' id='word_1_638' title='bbox 1725 4742 1785 4797; x_wconf 88' lang='lat' dir='ltr'><strong>ut</strong></span> <span class='ocrx_word' id='word_1_639' title='bbox 1805 4735 1921 4796; x_wconf 90' lang='lat' dir='ltr'><strong>hoc</strong></span> <span class='ocrx_word' id='word_1_640' title='bbox 1940 4734 2097 4796; x_wconf 86' lang='lat' dir='ltr'><strong>ferre</strong></span> 
     </span>
    </p>
   </div>
   <div class='ocr_carea' id='block_1_91' title="bbox 450 4822 2096 4908">
    <p class='ocr_par' dir='ltr' id='par_1_91' title="bbox 450 4822 2096 4908">
     <span class='ocr_line' id='line_1_92' title="bbox 450 4822 2096 4908; baseline 0.002 -27"><span class='ocrx_word' id='word_1_641' title='bbox 450 4839 571 4883; x_wconf 90' lang='lat' dir='ltr'><strong>non</strong></span> <span class='ocrx_word' id='word_1_642' title='bbox 596 4824 890 4901; x_wconf 82' lang='lat' dir='ltr'><strong>valentes,</strong></span> <span class='ocrx_word' id='word_1_643' title='bbox 922 4828 992 4887; x_wconf 93' lang='lat' dir='ltr'><strong>ad</strong></span> <span class='ocrx_word' id='word_1_644' title='bbox 1027 4826 1327 4908; x_wconf 89' lang='lat' dir='ltr'><strong>propriam</strong></span> <span class='ocrx_word' id='word_1_645' title='bbox 1367 4844 1590 4901; x_wconf 84' lang='lat' dir='ltr'><strong>arcem,</strong></span> <span class='ocrx_word' id='word_1_646' title='bbox 1645 4823 1870 4886; x_wconf 89' lang='lat' dir='ltr'><strong>assidui</strong></span> <span class='ocrx_word' id='word_1_647' title='bbox 1926 4822 2096 4885; x_wconf 91' lang='lat' dir='ltr'><strong>vide-</strong></span> 
     </span>
    </p>
   </div>
   <div class='ocr_carea' id='block_1_92' title="bbox 451 4910 2099 4993">
    <p class='ocr_par' dir='ltr' id='par_1_92' title="bbox 451 4910 2099 4993">
     <span class='ocr_line' id='line_1_93' title="bbox 451 4910 2099 4993; baseline 0.001 -22"><span class='ocrx_word' id='word_1_648' title='bbox 451 4910 595 4975; x_wconf 92' lang='lat' dir='ltr'><strong>licet</strong></span> <span class='ocrx_word' id='word_1_649' title='bbox 619 4913 840 4977; x_wconf 82' lang='lat' dir='ltr'><strong>laboris</strong></span> <span class='ocrx_word' id='word_1_650' title='bbox 871 4925 930 4978; x_wconf 93' lang='lat' dir='ltr'><strong>et</strong></span> <span class='ocrx_word' id='word_1_651' title='bbox 956 4916 1324 4993; x_wconf 88' lang='lat' dir='ltr'><strong>attentionis,</strong></span> <span class='ocrx_word' id='word_1_652' title='bbox 1357 4914 1641 4978; x_wconf 86' lang='lat' dir='ltr'><strong>velociter</strong></span> <span class='ocrx_word' id='word_1_653' title='bbox 1669 4922 2002 4987; x_wconf 89' lang='lat' dir='ltr'><strong>recurrant,</strong></span> <span class='ocrx_word' id='word_1_654' title='bbox 2040 4920 2099 4974; x_wconf 91' lang='lat' dir='ltr'><strong>et</strong></span> 
     </span>
    </p>
   </div>
   <div class='ocr_carea' id='block_1_93' title="bbox 2180 4461 3838 4543">
    <p class='ocr_par' dir='ltr' id='par_1_93' title="bbox 2180 4461 3838 4543">
     <span class='ocr_line' id='line_1_94' title="bbox 2180 4461 3838 4543; baseline 0.001 -27"><span class='ocrx_word' id='word_1_655' title='bbox 2180 4463 2284 4519; x_wconf 78' lang='grc' dir='ltr'>τῶν</span> <span class='ocrx_word' id='word_1_656' title='bbox 2343 4461 2678 4541; x_wconf 84' lang='grc' dir='ltr'>ἀνθρωπίνων</span> <span class='ocrx_word' id='word_1_657' title='bbox 2744 4465 3075 4543; x_wconf 86' lang='grc' dir='ltr'>πραγμάτων</span> <span class='ocrx_word' id='word_1_658' title='bbox 3135 4462 3187 4521; x_wconf 87' lang='grc' dir='ltr'><strong>ἐν</strong></span> <span class='ocrx_word' id='word_1_659' title='bbox 3245 4463 3493 4539; x_wconf 78' lang='grc' dir='ltr'>ἐπιθυμίᾳ</span> <span class='ocrx_word' id='word_1_660' title='bbox 3548 4462 3838 4541; x_wconf 84' lang='grc' dir='ltr'>γένωνται,</span> 
     </span>
    </p>
   </div>
   <div class='ocr_carea' id='block_1_94' title="bbox 2179 4550 3838 4629">
    <p class='ocr_par' dir='ltr' id='par_1_94' title="bbox 2179 4550 3838 4629">
     <span class='ocr_line' id='line_1_95' title="bbox 2179 4550 3838 4629; baseline 0.001 -23"><span class='ocrx_word' id='word_1_661' title='bbox 2179 4558 2471 4617; x_wconf 81' lang='grc' dir='ltr'>τηνικαῦτα</span> <span class='ocrx_word' id='word_1_662' title='bbox 2526 4555 2614 4609; x_wconf 90' lang='grc' dir='ltr'><strong>καὶ</strong></span> <span class='ocrx_word' id='word_1_663' title='bbox 2671 4556 2699 4610; x_wconf 91' lang='lat'><strong>6</strong></span> <span class='ocrx_word' id='word_1_664' title='bbox 2759 4555 3021 4629; x_wconf 81' lang='grc' dir='ltr'>μαστίζων</span> <span class='ocrx_word' id='word_1_665' title='bbox 3091 4556 3244 4617; x_wconf 78' lang='grc' dir='ltr'>οὗτος</span> <span class='ocrx_word' id='word_1_666' title='bbox 3316 4550 3437 4610; x_wconf 85' lang='grc' dir='ltr'>κατ’</span> <span class='ocrx_word' id='word_1_667' title='bbox 3495 4552 3667 4611; x_wconf 75' lang='grc' dir='ltr'>αὐτῶν</span> <span class='ocrx_word' id='word_1_668' title='bbox 3728 4551 3838 4608; x_wconf 82' lang='grc' dir='ltr'>ἐπ·-</span> 
     </span>
    </p>
   </div>
   <div class='ocr_carea' id='block_1_95' title="bbox 2181 4640 3843 4723">
    <p class='ocr_par' dir='ltr' id='par_1_95' title="bbox 2181 4640 3843 4723">
     <span class='ocr_line' id='line_1_96' title="bbox 2181 4640 3843 4723; baseline 0.001 -27"><span class='ocrx_word' id='word_1_669' title='bbox 2181 4643 2408 4721; x_wconf 72' lang='grc' dir='ltr'>αφίεται,</span> <span class='ocrx_word' id='word_1_670' title='bbox 2463 4640 2516 4708; x_wconf 77' lang='grc' dir='ltr'>ἐξ</span> <span class='ocrx_word' id='word_1_671' title='bbox 2572 4642 2733 4723; x_wconf 78' lang='grc' dir='ltr'>ἄκρας</span> <span class='ocrx_word' id='word_1_672' title='bbox 2790 4648 2890 4711; x_wconf 79' lang='grc' dir='ltr'>τῆς</span> <span class='ocrx_word' id='word_1_673' title='bbox 2933 4652 3026 4702; x_wconf 81' lang='grc' dir='ltr'><strong>τοῦ</strong></span> <span class='ocrx_word' id='word_1_674' title='bbox 3083 4650 3215 4700; x_wconf 79' lang='grc' dir='ltr'>Θεοῦ</span> <span class='ocrx_word' id='word_1_675' title='bbox 3269 4644 3399 4721; x_wconf 84' lang='grc' dir='ltr'>πρὸς</span> <span class='ocrx_word' id='word_1_676' title='bbox 3456 4643 3643 4705; x_wconf 74' lang='grc' dir='ltr'>αὐτοὺς</span> <span class='ocrx_word' id='word_1_677' title='bbox 3693 4641 3843 4720; x_wconf 80' lang='grc' dir='ltr'>ἀγα-ι</span> 
     </span>
    </p>
   </div>
   <div class='ocr_carea' id='block_1_96' title="bbox 2178 4727 3829 4812">
    <p class='ocr_par' dir='ltr' id='par_1_96' title="bbox 2178 4727 3829 4812">
     <span class='ocr_line' id='line_1_97' title="bbox 2178 4727 3829 4812; baseline 0.002 -26"><span class='ocrx_word' id='word_1_678' title='bbox 2178 4731 2424 4807; x_wconf 82' lang='grc' dir='ltr'>θότητος,</span> <span class='ocrx_word' id='word_1_679' title='bbox 2476 4734 2564 4789; x_wconf 82' lang='grc' dir='ltr'><strong>καὶ</strong></span> <span class='ocrx_word' id='word_1_680' title='bbox 2608 4735 2818 4791; x_wconf 89' lang='grc' dir='ltr'>τύπτειν</span> <span class='ocrx_word' id='word_1_681' title='bbox 2864 4735 2957 4789; x_wconf 83' lang='grc' dir='ltr'>τὸν</span> <span class='ocrx_word' id='word_1_682' title='bbox 3011 4732 3354 4812; x_wconf 82' lang='grc' dir='ltr'>λογιζόμενον</span> <span class='ocrx_word' id='word_1_683' title='bbox 3416 4739 3599 4789; x_wconf 80' lang='grc' dir='ltr'>τοῦτον</span> <span class='ocrx_word' id='word_1_684' title='bbox 3656 4727 3829 4811; x_wconf 71' lang='grc' dir='ltr'>ἄρχεο</span> 
     </span>
    </p>
   </div>
   <div class='ocr_carea' id='block_1_97' title="bbox 2179 4822 3834 4903">
    <p class='ocr_par' dir='ltr' id='par_1_97' title="bbox 2179 4822 3834 4903">
     <span class='ocr_line' id='line_1_98' title="bbox 2179 4822 3834 4903; baseline 0.009 -25"><span class='ocrx_word' id='word_1_685' title='bbox 2179 4844 2290 4903; x_wconf 84' lang='grc' dir='ltr'>ται,</span> <span class='ocrx_word' id='word_1_686' title='bbox 2320 4822 2603 4903; x_wconf 81' lang='grc' dir='ltr'>λογισμοῖς</span> <span class='ocrx_word' id='word_1_687' title='bbox 2647 4825 2919 4903; x_wconf 81' lang='grc' dir='ltr'>ἐπιθυμίας</span> <span class='ocrx_word' id='word_1_688' title='bbox 2964 4826 3158 4903; x_wconf 84' lang='grc' dir='ltr'>σαρκός</span> <span class='ocrx_word' id='word_1_689' title='bbox 3196 4844 3209 4857; x_wconf 86' lang='grc'><strong>⁸</strong></span> <span class='ocrx_word' id='word_1_690' title='bbox 3268 4826 3342 4889; x_wconf 83' lang='grc' dir='ltr'>ὥς</span> <span class='ocrx_word' id='word_1_691' title='bbox 3400 4823 3463 4880; x_wconf 75' lang='grc' dir='ltr'><strong>ἂν</strong></span> <span class='ocrx_word' id='word_1_692' title='bbox 3507 4824 3585 4900; x_wconf 79' lang='grc' dir='ltr'>μὴ</span> <span class='ocrx_word' id='word_1_693' title='bbox 3637 4823 3834 4895; x_wconf 71' lang='grc' dir='ltr'>φέρον·-</span> 
     </span>
    </p>
   </div>
   <div class='ocr_carea' id='block_1_98' title="bbox 2179 4906 3834 4996">
    <p class='ocr_par' dir='ltr' id='par_1_98' title="bbox 2179 4906 3834 4996">
     <span class='ocr_line' id='line_1_99' title="bbox 2179 4906 3834 4996; baseline -0.008 -18"><span class='ocrx_word' id='word_1_694' title='bbox 2179 4934 2291 4985; x_wconf 85' lang='grc' dir='ltr'>τες,</span> <span class='ocrx_word' id='word_1_695' title='bbox 2362 4914 2447 4971; x_wconf 85' lang='grc' dir='ltr'><strong>ἐπὶ</strong></span> <span class='ocrx_word' id='word_1_696' title='bbox 2502 4917 2564 4972; x_wconf 79' lang='grc' dir='ltr'>τὸ</span> <span class='ocrx_word' id='word_1_697' title='bbox 2633 4917 2833 4973; x_wconf 76' lang='grc' dir='ltr'>οἰκεῖον</span> <span class='ocrx_word' id='word_1_698' title='bbox 2903 4917 3145 4996; x_wconf 76' lang='grc' dir='ltr'>φρούριον</span> <span class='ocrx_word' id='word_1_699' title='bbox 3214 4913 3358 4978; x_wconf 79' lang='grc' dir='ltr'>αὖθις</span> <span class='ocrx_word' id='word_1_700' title='bbox 3414 4906 3834 4985; x_wconf 81' lang='grc' dir='ltr'>ἀπαναδράμωσι</span> 
     </span>
    </p>
   </div>
   <div class='ocr_carea' id='block_1_99' title="bbox 449 4996 2106 5086">
    <p class='ocr_par' dir='ltr' id='par_1_99' title="bbox 449 5000 2096 5086">
     <span class='ocr_line' id='line_1_100' title="bbox 449 5000 2096 5086; baseline 0 -23"><span class='ocrx_word' id='word_1_701' title='bbox 449 5000 801 5082; x_wconf 78' lang='lat' dir='ltr'><strong>diligentius</strong></span> <span class='ocrx_word' id='word_1_702' title='bbox 843 5023 1026 5086; x_wconf 92' lang='lat' dir='ltr'><strong>opera</strong></span> <span class='ocrx_word' id='word_1_703' title='bbox 1074 5006 1191 5069; x_wconf 87' lang='lat' dir='ltr'><strong>sibi</strong></span> <span class='ocrx_word' id='word_1_704' title='bbox 1245 5005 1556 5067; x_wconf 87' lang='lat' dir='ltr'><strong>salutifera</strong></span> <span class='ocrx_word' id='word_1_705' title='bbox 1600 5021 1707 5085; x_wconf 89' lang='lat' dir='ltr'><strong>per</strong></span> <span class='ocrx_word' id='word_1_706' title='bbox 1734 5001 2096 5065; x_wconf 91' lang='lat' dir='ltr'><strong>laboriosio-</strong></span> 
     </span>
    </p>
   </div>
   <div class='ocr_carea' id='block_1_100' title="bbox 2200 4996 3837 5086">
    <p class='ocr_par' dir='ltr' id='par_1_100' title="bbox 2200 4996 3837 5086">
     <span class='ocr_line' id='line_1_101' title="bbox 2200 4996 3837 5086; baseline 0.015 -30"><span class='ocrx_word' id='word_1_707' title='bbox 2200 5001 2472 5071; x_wconf 68' lang='grc' dir='ltr'>τπουδαίως</span> <span class='ocrx_word' id='word_1_708' title='bbox 2524 5010 2620 5071; x_wconf 71' lang='grc' dir='ltr'><strong>τῆς</strong></span> <span class='ocrx_word' id='word_1_709' title='bbox 2681 5006 2891 5064; x_wconf 74' lang='grc' dir='ltr'>εὐτόνου</span> <span class='ocrx_word' id='word_1_710' title='bbox 2934 5006 3177 5085; x_wconf 86' lang='grc' dir='ltr'>ἐργασίας</span> <span class='ocrx_word' id='word_1_711' title='bbox 3221 5005 3308 5060; x_wconf 76' lang='grc' dir='ltr'><strong>καὶ</strong></span> <span class='ocrx_word' id='word_1_712' title='bbox 3349 5001 3626 5086; x_wconf 57' lang='grc' dir='ltr'><strong>προσοχῆς</strong></span> <span class='ocrx_word' id='word_1_713' title='bbox 3644 5009 3676 5086; x_wconf 54' lang='grc'>,’</span> <span class='ocrx_word' id='word_1_714' title='bbox 3719 4996 3837 5086; x_wconf 11' lang='grc' dir='ltr'>,καὶ</span> 
     </span>
    </p>
   </div>
   <div class='ocr_carea' id='block_1_101' title="bbox 446 5083 2106 5174">
    <p class='ocr_par' dir='ltr' id='par_1_101' title="bbox 446 5083 2092 5171">
     <span class='ocr_line' id='line_1_102' title="bbox 446 5083 2092 5171; baseline 0.001 -19"><span class='ocrx_word' id='word_1_715' title='bbox 446 5108 575 5153; x_wconf 88' lang='lat' dir='ltr'><strong>rem</strong></span> <span class='ocrx_word' id='word_1_716' title='bbox 634 5093 849 5171; x_wconf 80' lang='lat' dir='ltr'><strong>agendi</strong></span> <span class='ocrx_word' id='word_1_717' title='bbox 887 5083 1181 5157; x_wconf 78' lang='lat' dir='ltr'><strong>rationem</strong></span> <span class='ocrx_word' id='word_1_718' title='bbox 1237 5094 1530 5159; x_wconf 89' lang='lat' dir='ltr'><strong>factitent.</strong></span> <span class='ocrx_word' id='word_1_719' title='bbox 1583 5083 1712 5155; x_wconf 76' lang='lat' dir='ltr'><strong>Non</strong></span> <span class='ocrx_word' id='word_1_720' title='bbox 1760 5094 1883 5155; x_wconf 87' lang='lat' dir='ltr'><strong>vult</strong></span> <span class='ocrx_word' id='word_1_721' title='bbox 1931 5098 2092 5154; x_wconf 85' lang='lat' dir='ltr'><strong>enim</strong></span> 
     </span>
    </p>
   </div>
   <div class='ocr_carea' id='block_1_102' title="bbox 2200 5083 3838 5174">
    <p class='ocr_par' dir='ltr' id='par_1_102' title="bbox 2200 5083 3838 5174">
     <span class='ocr_line' id='line_1_103' title="bbox 2200 5083 3838 5174; baseline -0.007 -25"><span class='ocrx_word' id='word_1_722' title='bbox 2200 5094 2563 5174; x_wconf 74' lang='grc' dir='ltr'>προθυμότερον</span> <span class='ocrx_word' id='word_1_723' title='bbox 2613 5097 2719 5153; x_wconf 81' lang='grc' dir='ltr'><strong>τῶν</strong></span> <span class='ocrx_word' id='word_1_724' title='bbox 2768 5083 3043 5167; x_wconf 81' lang='grc' dir='ltr'>σωζόντων</span> <span class='ocrx_word' id='word_1_725' title='bbox 3101 5093 3285 5155; x_wconf 74' lang='grc' dir='ltr'>αὐτοὺς</span> <span class='ocrx_word' id='word_1_726' title='bbox 3343 5090 3531 5170; x_wconf 76' lang='grc' dir='ltr'>ἔργων,</span> <span class='ocrx_word' id='word_1_727' title='bbox 3589 5083 3657 5142; x_wconf 82' lang='grc' dir='ltr'><strong>δι’</strong></span> <span class='ocrx_word' id='word_1_728' title='bbox 3714 5084 3838 5140; x_wconf 86' lang='grc' dir='ltr'>ἐπι-</span> 
     </span>
    </p>
   </div>
   <div class='ocr_carea' id='block_1_103' title="bbox 447 5175 2106 5266">
    <p class='ocr_par' dir='ltr' id='par_1_103' title="bbox 447 5179 2090 5266">
     <span class='ocr_line' id='line_1_104' title="bbox 447 5179 2090 5266; baseline 0.001 -24"><span class='ocrx_word' id='word_1_729' title='bbox 447 5179 607 5243; x_wconf 91' lang='lat' dir='ltr'><strong>Deus</strong></span> <span class='ocrx_word' id='word_1_730' title='bbox 636 5191 840 5263; x_wconf 88' lang='lat' dir='ltr'><strong>utpote</strong></span> <span class='ocrx_word' id='word_1_731' title='bbox 870 5182 1081 5261; x_wconf 90' lang='lat' dir='ltr'><strong>bonus,</strong></span> <span class='ocrx_word' id='word_1_732' title='bbox 1130 5186 1250 5248; x_wconf 90' lang='lat' dir='ltr'><strong>huc</strong></span> <span class='ocrx_word' id='word_1_733' title='bbox 1303 5203 1491 5266; x_wconf 90' lang='lat' dir='ltr'><strong>usque</strong></span> <span class='ocrx_word' id='word_1_734' title='bbox 1548 5200 1921 5265; x_wconf 77' lang='lat' dir='ltr'><strong>progressam</strong></span> <span class='ocrx_word' id='word_1_735' title='bbox 1952 5182 2090 5244; x_wconf 90' lang='lat' dir='ltr'><strong>ani-</strong></span> 
     </span>
    </p>
   </div>
   <div class='ocr_carea' id='block_1_104' title="bbox 2200 5175 3836 5266">
    <p class='ocr_par' dir='ltr' id='par_1_104' title="bbox 2200 5175 3836 5265">
     <span class='ocr_line' id='line_1_105' title="bbox 2200 5175 3836 5265; baseline -0.006 -25"><span class='ocrx_word' id='word_1_736' title='bbox 2200 5183 2475 5264; x_wconf 77' lang='grc' dir='ltr'>εονωεέρας</span> <span class='ocrx_word' id='word_1_737' title='bbox 2530 5185 2751 5265; x_wconf 78' lang='grc' dir='ltr'>ἀγωγῆς</span> <span class='ocrx_word' id='word_1_738' title='bbox 2808 5184 3115 5265; x_wconf 78' lang='grc' dir='ltr'>δράξωνται,</span> <span class='ocrx_word' id='word_1_739' title='bbox 3174 5185 3248 5241; x_wconf 75' lang='grc' dir='ltr'>Οὐ</span> <span class='ocrx_word' id='word_1_740' title='bbox 3330 5178 3578 5258; x_wconf 88' lang='grc' dir='ltr'>βούλεται</span> <span class='ocrx_word' id='word_1_741' title='bbox 3642 5175 3743 5253; x_wconf 80' lang='grc' dir='ltr'>γὰρ</span> <span class='ocrx_word' id='word_1_742' title='bbox 3804 5177 3836 5231; x_wconf 87' lang='lat'><strong>6</strong></span> 
     </span>
    </p>
   </div>
   <div class='ocr_carea' id='block_1_105' title="bbox 449 5266 2106 5357">
    <p class='ocr_par' dir='ltr' id='par_1_105' title="bbox 449 5270 2088 5349">
     <span class='ocr_line' id='line_1_106' title="bbox 449 5270 2088 5349; baseline 0.002 -18"><span class='ocrx_word' id='word_1_743' title='bbox 449 5288 606 5332; x_wconf 90' lang='lat' dir='ltr'><strong>mam</strong></span> <span class='ocrx_word' id='word_1_744' title='bbox 663 5270 908 5335; x_wconf 92' lang='lat' dir='ltr'><strong>omnino</strong></span> <span class='ocrx_word' id='word_1_745' title='bbox 963 5275 1037 5337; x_wconf 93' lang='lat' dir='ltr'><strong>ad</strong></span> <span class='ocrx_word' id='word_1_746' title='bbox 1088 5276 1301 5339; x_wconf 89' lang='lat' dir='ltr'><strong>mundi</strong></span> <span class='ocrx_word' id='word_1_747' title='bbox 1356 5294 1597 5339; x_wconf 89' lang='lat' dir='ltr'><strong>sensum</strong></span> <span class='ocrx_word' id='word_1_748' title='bbox 1657 5274 1948 5349; x_wconf 89' lang='lat' dir='ltr'><strong>converti,</strong></span> <span class='ocrx_word' id='word_1_749' title='bbox 1984 5273 2088 5336; x_wconf 92' lang='lat' dir='ltr'><strong>sed</strong></span> 
     </span>
    </p>
   </div>
   <div class='ocr_carea' id='block_1_106' title="bbox 2200 5266 3835 5357">
    <p class='ocr_par' dir='ltr' id='par_1_106' title="bbox 2200 5266 3835 5357">
     <span class='ocr_line' id='line_1_107' title="bbox 2200 5266 3835 5357; baseline 0.002 -27"><span class='ocrx_word' id='word_1_750' title='bbox 2200 5276 2303 5338; x_wconf 63' lang='grc' dir='ltr'>νεὸς</span> <span class='ocrx_word' id='word_1_751' title='bbox 2334 5273 2622 5355; x_wconf 79' lang='grc' dir='ltr'>φιλάγαθος</span> <span class='ocrx_word' id='word_1_752' title='bbox 2664 5275 2763 5357; x_wconf 78' lang='grc' dir='ltr'><strong>ὢν,</strong></span> <span class='ocrx_word' id='word_1_753' title='bbox 2817 5277 2915 5344; x_wconf 78' lang='grc' dir='ltr'>τὴν</span> <span class='ocrx_word' id='word_1_754' title='bbox 2973 5278 3045 5340; x_wconf 72' lang='grc' dir='ltr'>εἷς</span> <span class='ocrx_word' id='word_1_755' title='bbox 3099 5282 3255 5332; x_wconf 80' lang='grc' dir='ltr'>τοῦτο</span> <span class='ocrx_word' id='word_1_756' title='bbox 3315 5269 3584 5350; x_wconf 83' lang='grc' dir='ltr'>φθάσασαν</span> <span class='ocrx_word' id='word_1_757' title='bbox 3642 5266 3835 5346; x_wconf 70' lang='grc' dir='ltr'>ψυχὴν</span> 
     </span>
    </p>
   </div>
   <div class='ocr_carea' id='block_1_107' title="bbox 451 5357 2106 5450">
    <p class='ocr_par' dir='ltr' id='par_1_107' title="bbox 451 5366 2085 5450">
     <span class='ocr_line' id='line_1_108' title="bbox 451 5366 2085 5450; baseline 0.006 -28"><span class='ocrx_word' id='word_1_758' title='bbox 451 5378 691 5445; x_wconf 86' lang='lat' dir='ltr'><strong>semper</strong></span> <span class='ocrx_word' id='word_1_759' title='bbox 718 5366 1000 5446; x_wconf 76' lang='lat' dir='ltr'><strong>progredi</strong></span> <span class='ocrx_word' id='word_1_760' title='bbox 1041 5376 1101 5432; x_wconf 90' lang='lat' dir='ltr'><strong>et</strong></span> <span class='ocrx_word' id='word_1_761' title='bbox 1149 5368 1602 5450; x_wconf 85' lang='lat' dir='ltr'><strong>perfectioribus</strong></span> <span class='ocrx_word' id='word_1_762' title='bbox 1641 5366 1922 5450; x_wconf 86' lang='lat' dir='ltr'><strong>operibus</strong></span> <span class='ocrx_word' id='word_1_763' title='bbox 1946 5367 2085 5431; x_wconf 88' lang='lat' dir='ltr'><strong>dili-</strong></span> 
     </span>
    </p>
   </div>
   <div class='ocr_carea' id='block_1_108' title="bbox 2200 5357 3834 5450">
    <p class='ocr_par' dir='ltr' id='par_1_108' title="bbox 2201 5357 3834 5444">
     <span class='ocr_line' id='line_1_109' title="bbox 2201 5357 3834 5444; baseline -0.012 -13"><span class='ocrx_word' id='word_1_764' title='bbox 2201 5365 2311 5430; x_wconf 79' lang='grc' dir='ltr'><strong>λως</strong></span> <span class='ocrx_word' id='word_1_765' title='bbox 2367 5366 2500 5444; x_wconf 80' lang='grc' dir='ltr'>πρὸς</span> <span class='ocrx_word' id='word_1_766' title='bbox 2549 5366 2648 5433; x_wconf 70' lang='grc' dir='ltr'>τὴν</span> <span class='ocrx_word' id='word_1_767' title='bbox 2696 5374 2789 5423; x_wconf 80' lang='grc' dir='ltr'>τοῦ</span> <span class='ocrx_word' id='word_1_768' title='bbox 2838 5366 3041 5443; x_wconf 83' lang='grc' dir='ltr'>κόσμου</span> <span class='ocrx_word' id='word_1_769' title='bbox 3096 5364 3346 5431; x_wconf 72' lang='grc' dir='ltr'>αἴσθησιν</span> <span class='ocrx_word' id='word_1_770' title='bbox 3402 5357 3834 5439; x_wconf 65' lang='grc' dir='ltr'>ἐπιστρέφεσθαι,</span> 
     </span>
    </p>
   </div>
   <div class='ocr_carea' id='block_1_109' title="bbox 530 5533 1724 5618">
    <p class='ocr_par' dir='ltr' id='par_1_109' title="bbox 530 5533 1724 5618">
     <span class='ocr_line' id='line_1_110' title="bbox 530 5533 1724 5618; baseline 0.006 -20"><span class='ocrx_word' id='word_1_771' title='bbox 530 5533 595 5584; x_wconf 72' lang='grc'><strong>³9</strong></span> <span class='ocrx_word' id='word_1_772' title='bbox 624 5534 832 5599; x_wconf 84' lang='lat' dir='ltr'><strong>Matth.</strong></span> <span class='ocrx_word' id='word_1_773' title='bbox 867 5553 1030 5613; x_wconf 72' lang='lat' dir='ltr'><strong>xxxv,</strong></span> <span class='ocrx_word' id='word_1_774' title='bbox 1061 5537 1162 5604; x_wconf 72' lang='lat'><strong>22.</strong></span> <span class='ocrx_word' id='word_1_775' title='bbox 1249 5539 1313 5591; x_wconf 81' lang='grc' dir='ltr'><strong>4ο</strong></span> <span class='ocrx_word' id='word_1_776' title='bbox 1338 5538 1540 5606; x_wconf 90' lang='lat' dir='ltr'><strong>Eccle.</strong></span> <span class='ocrx_word' id='word_1_777' title='bbox 1573 5558 1633 5618; x_wconf 86' lang='lat' dir='ltr'><strong>x,</strong></span> <span class='ocrx_word' id='word_1_778' title='bbox 1666 5543 1724 5605; x_wconf 83' lang='grc'><strong>4.</strong></span> 
     </span>
    </p>
   </div>
  </div>
