4126 6400
219 348 336 413 909
1223 354 1720 419 PHYSICORUM
1765 348 2106 416 CAPITUM
2151 349 2545 420 CENTURIA
2593 355 2648 417 II
3477 356 3599 424 910

211 483 344 541 ἀλλὰ
370 486 569 562 βαίνειν
612 487 700 543 ἐπὶ
727 488 792 543 τα
840 488 1024 567 πρόσω
1076 488 1179 563 ἀεὶ,
1224 490 1312 545 καὶ
1362 490 1466 547 τῶν
1523 488 1840 567 τελειοτέρωε

1968 493 2155 561 genter
2183 486 2491 567 applicari,
2527 507 2601 550 ne
2634 489 2774 551 mali
2825 488 3125 569 ﬂagellum
3156 491 3286 572 ejus
3318 491 3597 556 taberna-

213 573 376 654 ἔργων
404 572 698 640 σπουδαίως
730 576 1050 634 ἐπάπτεσθαι
1085 597 1102 614 ο
1158 577 1251 634 ἵνα
1298 578 1376 654 μὴ
1432 575 1620 653 μάστιξ
1669 577 1842 634 κακίαι

934 581 1050 634 σθαι
1085 597 1102 614 ο
1158 577 1251 634 ’ἕνα
1298 578 1376 654 μὴ
1432 575 1620 653 μάστιξ
1669 577 1858 640 κακίας
1944 574 2074 636 culo
2106 576 2561 658 apprOpinquet.

209 672 285 739 τῷ
313 664 509 732 ταύτης
542 665 729 745 ἐγγίση
771 667 1105 743 σκηνώματι,

292 757 338 810 ιθ
351 745 380 816 ’,
416 761 603 835 Πεῖρα,
638 757 726 812 καὶ
775 754 1019 836 σκόλωψ,
1075 759 1163 818 καὶ
1220 758 1449 836 βάσανος
1502 754 1620 814 κατ’
1649 759 1860 815 οἰκονο-

2027 753 2122 815 19.
2167 752 2466 826 l'robatio,
2500 775 2642 818 crux
2675 766 2733 819 et
2764 765 3152 836 tormentum,
3213 762 3332 824 Deo
3363 763 3439 828 ita
3473 765 3588 828 dis-

211 846 333 920 μίαν
389 843 610 908 ἐκείνοις
668 852 823 902 τοῦτο
877 848 939 901 τὸ
1012 853 1219 922 πνεῦμα
1294 848 1519 925 γίνεται,
1594 846 1748 911 ὅσους
1825 849 1840 902 -ὶ

1962 851 2224 925 Jonente,
2260 844 2420 907 idem
2458 848 2703 928 spiritus
2739 851 2802 910 ﬁt
2832 850 2950 911 illis
2978 869 3134 930 quos
3165 852 3355 932 prima
3376 855 3591 937 impas-

210 934 395 1012 πρώτη
438 935 570 1013 πρὸς
641 932 882 1014 δευτέραν
936 934 1191 992 ἀπάθειαν
1232 931 1427 1003 ἤλασεν
1462 950 1475 965 ⁸
1524 936 1597 1000 ὡς
1643 935 1704 993 ἂν
1761 937 1839 993 ὑπί

1967 931 2194 993 nbilitas
2225 935 2296 994 ad
2330 937 2661 999 secundum
2716 940 2940 1001 evexit:
3005 947 3069 1001 ut
3126 931 3596 1009 hactentalione

208 1024 407 1091 ταύτης
436 1023 784 1105 ὀχλούμενοι,
829 1030 926 1092 τῆς
982 1031 1206 1106 φυσικῆς
1239 1026 1536 1103 μέμνηνται
1566 1026 1833 1090 ἀσθενείας

1971 1020 2182 1093 urbati,
2214 1024 2498 1086 naturalis
2551 1027 2936 1089 meminerint
2985 1028 3371 1110 inﬁrmitatis,
3424 1044 3484 1098 et
3514 1054 3594 1097 ne

208 1115 295 1169 καὶ
343 1115 422 1188 μὴ
468 1120 538 1190 τῇ
580 1111 846 1193 ὑπερϐολῇ
888 1118 993 1172 τῶν
1052 1115 1111 1172 ἐκ
1161 1122 1262 1183 τῆς
1317 1117 1537 1196 θεωρίας
1583 1115 1837 1173 ἆποκαλύ·

1963 1111 2345 1189 nagnitudiue
2378 1114 2807 1177 rerelationum
2838 1126 2896 1178 et
2940 1117 3262 1193 visionum,
3291 1122 3461 1201 juxta
3488 1142 3592 1186 sa-

209 1206 379 1282 ψεων,
412 1203 546 1259 κατὰ
600 1204 662 1258 τὸ
707 1201 911 1281 λόγιον,
969 1205 1369 1284 ὑπεραίρωνται,
1429 1204 1567 1262 ἀλλὰ
1623 1207 1714 1261 τὸν
1759 1204 1838 1260 ἀνι

1964 1216 2106 1259 :rum
2140 1200 2400 1277 eﬂ‘atum,
2434 1204 2812 1280 extollantur,
2842 1206 2946 1268 sed
2996 1225 3132 1269 eum
3190 1200 3461 1273 videntes
3490 1212 3593 1293 qui

206 1291 677 1371 τιστρατευάμενον
720 1299 798 1367 τῷ
840 1292 988 1369 νόμῳ
1032 1292 1316 1370 βλέποντες
1360 1304 1454 1353 τοῦ
1493 1296 1613 1358 νοὸς
1660 1298 1831 1352 αὐτῶν

1960 1287 2286 1351 tJversatur
2315 1290 2428 1370 legi
2463 1292 2705 1372 Spiritus
2738 1298 3024 1375 ipsorum,
3054 1297 3145 1358 vel
3182 1297 3371 1361 levem
3405 1287 3589 1364 exc-u-

208 1382 296 1437 καὶ
326 1380 427 1447 τὴν
484 1379 649 1455 ψιλὴν
702 1381 1086 1440 ἆποσείσωνται
1146 1385 1366 1460 μνήμην
1422 1388 1519 1451 τῆς
1551 1384 1808 1463 ἁμαρτίας

1960 1376 2091 1437 ,ἱειηι
2123 1381 2348 1457 peccati
2378 1382 2750 1456 memoriam,
2812 1383 2982 1446 veriti
3029 1403 3105 1448 ne
3135 1385 3210 1448 ab
3242 1388 3351 1450 hac
3384 1407 3589 1452 recor-

208 1466 356 1548 φοϐῳ
383 1477 478 1525 τοῦ
509 1470 587 1546 μὴ
614 1467 800 1528 λαϐεῖν
843 1470 1095 1540 αἴσθησιν
1146 1477 1243 1539 τῆς
1276 1471 1647 1549 ἐπιχεομένης
1685 1471 1837 1548 λύμηη

1959 1463 2184 1527 latione
2240 1467 2661 1532 detrimentum
2717 1473 3033 1553 patiantur,
3097 1482 3155 1537 et
3210 1495 3284 1538 ne
3340 1477 3416 1540 ab
3475 1479 3588 1542 alta

208 1558 316 1615 ἀπὸ
346 1563 445 1625 τῆς
482 1560 701 1635 μνήμης
731 1561 918 1636 αὐτῆς,
952 1563 1039 1619 καὶ
1068 1568 1159 1617 τοῦ
1187 1560 1349 1637 ὕψους
1393 1566 1492 1628 τῆς
1534 1562 1751 1643 θεωρίας
1782 1560 1837 1636 μί

1836 1560 1860 1627 ‘r.
1945 1556 2448 1636 contemplatione
2475 1560 2782 1623 remittant
2811 1563 3030 1624 mentis
3058 1582 3182 1626 suae
3207 1567 3465 1633 oculum.

208 1646 492 1729 χαλάσωσι
520 1650 583 1704 τὸ
610 1648 830 1706 ὀπτικὸν
858 1660 952 1709 τοῦ
979 1652 1099 1715 νοὸς
1125 1650 1318 1713 αὐτῶν,

288 1728 365 1797 κ’.
402 1738 567 1794 Μόνοι
597 1740 685 1795 καὶ
726 1744 824 1806 τῆς
869 1737 1034 1814 ψιλῆς
1078 1742 1299 1817 μνήμης
1328 1744 1426 1808 τῆς
1470 1740 1726 1819 ἁμαρτίας
1769 1741 1917 1820 τὸνΕ

1976 1820 1982 1821 γ
2026 1732 2123 1795 20.
2163 1734 2251 1797 llli
2284 1743 2510 1797 tantum
2544 1739 2630 1800 vel
2664 1739 2828 1800 tenui
2890 1750 3273 1821 peccatorum
3302 1747 3590 1809 recorda-

207 1829 411 1884 ἑαυτῶν
466 1828 584 1885 νοῦν
638 1827 1003 1908 ἁνενόχλητον
1059 1826 1376 1907 διατηρῆσαι
1432 1826 1691 1909 ἴσχυσαν,
1746 1827 1836 1885 ὅσο

1964 1820 2107 1883 ,ione
2154 1823 2646 1903 imperturbatam
2697 1820 2956 1891 mentem
3017 1850 3183 1892 suam
3242 1853 3593 1898 conservare

207 1918 308 1984 τὴν
364 1918 620 1987 ζωοποιὸν
676 1924 768 1974 τοῦ
832 1921 1013 1997 Κυρίου
1075 1917 1326 1998 νέκρωσιν
1385 1918 1436 1975 ἐν
1495 1932 1611 1982 τοῖς
1664 1919 1833 1974 ἐαυτιῖι

1961 1920 2216 1988 possunt,
2276 1912 2378 1993 qui
2439 1913 2729 1978 vivificam
2789 1917 2898 1980 Dei
2954 1922 3472 1985 mortiﬁcationem
3529 1925 3590 1987 in

209 2005 395 2082 μέλεσι
452 2007 541 2062 καὶ
582 2008 843 2082 νοήμασιν
895 2006 1088 2066 ἄνωθεν
1147 2005 1335 2064 λαϐεῖν
1391 2005 1475 2067 διὰ
1542 2017 1635 2066 τοῦ
1691 2007 1838 2063 Πνεύ·

1968 1999 2235 2062 nembris
2266 2002 2391 2094 suis
2421 2010 2480 2064 et
2509 2005 2969 2084 cogitationibus
3021 2010 3282 2085 desuper
3309 2030 3344 2073 a
3371 2013 3597 2094 Spiritu

209 2117 381 2171 ματος
452 2093 776 2170 ἠξιώθησαν,
834 2099 923 2152 καὶ
992 2101 1090 2164 τὴν
1147 2098 1245 2171 μὲν
1315 2097 1480 2175 σάρκα
1545 2097 1730 2175 νεκρὰν
1792 2102 1838 2151 τί

1964 2098 2152 2151 ςδηοιο
2184 2090 2494 2171 suscipere
2527 2104 2897 2171 meruerunt,
2959 2108 3018 2158 et
3071 2116 3314 2161 carnem
3349 2090 3593 2181 peccato

208 2185 442 2263 ἁμαρτίᾳ
512 2184 870 2265 περιφέρουσι,
943 2188 1005 2241 τὸ
1061 2183 1115 2241 δὲ
1169 2185 1376 2261 πνεῦμα
1433 2185 1577 2256 ζωὴν
1643 2182 1727 2240 διὰ
1782 2182 1837 2239 δικ

1962 2179 2686 2269 nortuam‘ferunt,atque
2715 2185 2927 2265 spiritu
2972 2186 3126 2248 vitali
3172 2207 3279 2267 per
3298 2179 3591 2269 justitiam

208 2273 495 2340 καιοσύνην
572 2274 671 2340 τὴν
748 2272 802 2327 ἐν
873 2280 1083 2353 Χριστῷ
1159 2271 1336 2341 Ἰησοῦ
1403 2271 1836 2340 κατεπλούτησαν

1967 2286 2079 2358 ιυω
2108 2276 2198 2331 est
2251 2266 2314 2329 in
2370 2267 2608 2331 Christo
2665 2272 2807 2335 Jesu
2866 2274 3031 2336 ditati
3090 2266 3248 2337 sunt.
3283 2266 3354 2340 Et
3378 2279 3596 2358 quibus

214 2364 312 2420 Καὶ
342 2360 488 2425 ὅσοις
521 2365 549 2419 ὁ
578 2362 697 2426 νοῦς
728 2360 881 2429 ἐδόθη
911 2370 1135 2443 Χριστοῦ
1164 2363 1218 2419 ἐν
1244 2362 1389 2441 λόγῳ
1419 2363 1628 2443 σοφίας,
1659 2363 1843 2419 τούτοις

1961 2357 2116 2417 latus
2145 2366 2236 2419 est
2289 2375 2500 2419 sensus
2544 2358 2780 2451 _Ghristi
2837 2364 2898 2425 in
2950 2382 3231 2427 sermone
3259 2357 3590 2451 sapientiae,

210 2453 300 2508 καὶ
341 2453 376 2519 η
408 2450 772 2531 ἂνενόχλητος
815 2455 1075 2523 ζωοποιὸς
1107 2452 1359 2533 νέκρωσις
1390 2452 1445 2509 ἐν
1465 2453 1657 2532 γνώσει
1680 2452 1839 2531 εὑρέθη

1966 2443 2037 2506 iis
2068 2445 2498 2526 imperturbata
2540 2446 2698 2512 inest
2754 2450 3056 2515 vivificaris
3091 2452 3155 2515 in
3205 2443 3458 2518 scientia
3485 2443 3594 2519 Dei

204 2547 366 2600 Θεοῦ.

1947 2535 2345 2599 mortiﬁcatio.
2782 2610 2786 2614 ν

294 2621 406 2688 καί
465 2640 598 2695 Ταῖς
653 2630 1055 2710 καθαιρομέναις
1109 2628 1225 2710 ἄρτι
1284 2635 1492 2711 ψυχαῖς
1552 2630 1710 2687 εἴωθέ
1746 2652 1862 2693 πως

2027 2626 2125 2715 “2t.
2153 2624 2216 2715 In
2237 2627 2467 2690 animas
2486 2638 2762 2694 recenter
2788 2630 3096 2692 mundatas
3110 2631 3267 2695 solet
3295 2633 3590 2715 quodam-

211 2721 274 2776 τὸ
346 2725 444 2786 τῆς
506 2719 779 2794 ἐπιθυμίας
836 2720 924 2802 καὶ
967 2727 1059 2776 τοῦ
1100 2723 1265 2795 θυμοῦ
1320 2717 1654 2797 ἐπεμϐαίνειν
1698 2729 1840 2779 πνεῦ·

1960 2712 2124 2774 modo
2158 2714 2525 2779 descendere
2556 2719 3057 2799 concupiscentiae
3078 2719 3297 2798 iraeque
3317 2712 3589 2802 spiritus.

214 2832 314 2885 μα.
365 2810 492 2866 Τίνα
540 2810 734 2889 τρόπον
769 2828 785 2890 ;
850 2791 951 2867 εῘνα
1004 2810 1127 2872 τοὸς
1170 2811 1402 2888 καρπούς
1444 2809 1729 2885 τατασείση
1771 2816 1843 2866 τοῐ

1967 2804 2025 2863 \t
2054 2805 2349 2883 quomodo
2381 2805 2406 2868 ἲ
2460 2806 2535 2870 Ut
2576 2791 2802 2870 fructus
2832 2808 3093 2869 decutiat
3117 2791 3375 2889 Spiritus
3403 2813 3596 2874 sancti

212 2898 520 2973 Πνεύματος
608 2905 702 2954 τοῦ
777 2898 924 2975 ἁγίου
1007 2894 1365 2976 ἐπιϐρίθοντας
1447 2899 1521 2963 εἰς
1604 2898 1793 2961 ἑαυτάς

1970 2891 2064 2952 llis
2094 2893 2539 2971 impendentes.
2576 2896 2720 2960 Cum
2758 2904 2952 2959 autem
2994 2899 3272 2976 gaudium
3309 2899 3596 2965 libertatis

212 2985 396 3055 ἐπειδὴ
426 2985 482 3042 δὲ
538 2988 627 3044 καὶ
679 2988 714 3054 ἡ
766 2987 910 3067 χαρὰ
951 2991 1050 3053 τῆς
1106 2986 1396 3066 ἐλευθερίας
1454 2985 1694 3067 διάχυσίν
1745 3009 1841 3044 τινε

1973 3000 2005 3040 ιι
2039 2981 2377 3061 hujusmodi
2407 2988 2636 3047 animas
2666 2987 2834 3066 quasi
2882 2985 3257 3063 diffunditur,
3290 2990 3493 3051 omnia
3521 2990 3594 3053 ad

211 3076 485 3156 ἐργάζεται
530 3078 603 3140 εἰς
670 3064 807 3139 τὰς*
834 3064 1078 3140 τοιαύτας
1152 3064 1357 3156 ψυχας,
1429 3078 1464 3144 ἡ
1522 3064 1695 3133 παντα
1728 3079 1840 3157 πρὸε

1967 3068 2262 3132 itililatem
2291 3072 2618 3154 disponens
2647 3064 2961 3155 sapientia,
3022 3075 3225 3137 volens
3254 3094 3495 3159 semper
3521 3080 3596 3141 ad

213 3165 477 3246 συμφέρον
531 3167 879 3241 οἰκονομοῦσα
923 3165 1098 3245 σοφία,
1160 3169 1290 3244 πρὸς
1348 3165 1539 3232 ἑαυτὴν
1597 3165 1679 3223 ἀεὶ
1734 3166 1842 3242 βου·

1961 3157 2202 3237 seipsam
2232 3180 2341 3241 per
2367 3181 2471 3224 sua
2500 3163 2857 3224 charismata
2881 3162 3122 3224 allicere
3152 3157 3403 3225 illarum'
3421 3166 3590 3246 cogi-

211 3255 417 3330 λομένη
459 3252 544 3310 διὰ
570 3260 677 3310 τῶν
707 3258 869 3322 αὸτῆς
929 3254 1277 3335 χαρισμάτων
1332 3252 1505 3310 ἕλκειν
1548 3254 1721 3312 αὐτῶν

1963 3248 2223 3333 ationes,
2257 3258 2315 3311 et
2345 3251 2586 3312 easdem
2618 3270 2923 3331 permane:
2945 3270 2977 3312 e
3030 3252 3091 3312 in
3124 3252 3459 3317 humilitate
3490 3256 3592 3317 in»

212 3343 468 3417 διάνοιαν,
530 3345 619 3400 καὶ
679 3342 854 3417 μένειν
900 3345 1057 3408 αὐτὰς
1100 3344 1155 3400 ἐν
1197 3344 1654 3423 ταπειναφροσύνῃ
1712 3343 1841 3399 ἀσεί-

1962 3352 2287 3411 :oncussas,
2351 3356 2426 3399 ne
2485 3339 2677 3400 multa
2733 3339 3005 3401 libertate
3063 3347 3122 3401 et
3171 3341 3591 3407 charismatum

211 3459 395 3512 στους,
440 3436 533 3492 ’ίνα
592 3436 671 3512 μὴ
719 3442 790 3513 τῇ
844 3435 1023 3514 πολλῇ
1078 3435 1339 3516 ἐλευθερίᾳ
1397 3437 1486 3492 καὶ
1543 3442 1621 3510 τῷ
1652 3433 1840 3509 πλούτᾲ

1970 3423 2310 3488 ιὺιιηάεηιὶει
2358 3447 2492 3489 sese
2536 3428 2669 3490 aliis
2719 3428 3054 3509 praeferant,
3111 3429 3202 3491 vel
3234 3429 3599 3495 arbitrentur

208 3533 319 3583 τῶν
392 3525 742 3605 χαρισμάτων
797 3532 903 3581 τῶν
970 3524 1149 3582 ἄλλων
1203 3514 1622 3604 κατεπαρθῶσιν,
1682 3524 1718 3593 ἢ
1778 3546 1837 3580 κα

1965 3514 2190 3605 Jropria
2218 3534 2280 3576 se
2329 3517 2546 3579 virtute
2596 3517 2811 3597 potitos
2858 3519 3043 3580 tuisse
3094 3518 3208 3580 hoc
3237 3526 3398 3581 tanto
3431 3521 3594 3601 pacis

209 3600 487 3689 οἰηθῶσιν,
533 3614 584 3680 ἐξ
626 3612 759 3677 ἰδίας
814 3612 1084 3690 δυνάμεως
1125 3616 1214 3671 καὶ
1269 3600 1550 3687 συνέσεως,
1607 3614 1667 3670 τὸ
1724 3613 1838 3693 μέγ‹

1964 3600 2187 3681 palatio,
2220 3604 2340 3667 illis
2391 3605 2683 3686 permittit
2723 3606 3030 3686 spiritibus
3073 3614 3136 3668 ut
3183 3624 3314 3669 eam
3343 3600 3593 3693 irritant,

208 3705 508 3774 κτήσασθαι
594 3713 751 3763 τοῦτο
839 3702 1100 3761 παλάτιον
1179 3709 1279 3772 τῆς
1362 3704 1598 3783 εἰρήνης,
1688 3691 1837 3758 δίδωτι

1973 3707 2257 3772 psamque
2286 3695 2441 3756 hanc
2473 3713 2680 3774 pacem
2730 3694 3002 3770 retrahit,
3057 3704 3121 3757 ut
3153 3696 3366 3758 timore
3394 3691 3596 3779 lapsus

208 3794 417 3856 τούτοις
485 3792 669 3873 χώραν
721 3806 840 3857 τοῖς
882 3794 1174 3869 πνεύμασιν
1218 3790 1479 3865 ἐπιπηδᾷν
1537 3793 1749 3872 αὐταῖς,
1810 3790 1835 3847 ἐ

1961 3783 2237 3862 perculsae
2265 3786 2339 3845 ad
2371 3786 2605 3849 felicem
2651 3785 3048 3847 humilitatem
3079 3785 3195 3849 sibi
3224 3805 3590 3851 conservan-

210 3881 445 3960 συστολῇ
489 3869 665 3949 ἀὐτῆς
702 3902 716 3915 ·
764 3884 838 3946 ὡς
895 3881 957 3938 ἂν
1012 3879 1161 3963 φόϐῳ
1214 3881 1538 3958 βαλλόμεναι
1581 3869 1837 3944 πτώσεως

1966 3869 2083 3930 lam
2115 3871 2448 3951 invigilent,
2506 3884 2687 3955 utque
2739 3872 3001 3963 scientes
3051 3892 3118 3937 se
3167 3876 3334 3937 carni
3364 3884 3424 3939 et
3451 3896 3595 3940 san-

207 3973 297 4029 ἐπὶ
326 3959 428 4039 τὴν
472 3969 602 4030 ἰδίαν
646 3970 893 4027 ’ίστανται
943 3959 1185 4052 φυλακην
1225 3975 1325 4037 τῆς
1384 3970 1644 4050 μακαρίας
1673 3990 1836 4026 ταπειι

1962 3959 2111 4038 guini
2131 3979 2260 4023 esse
2285 3961 2574 4042 alligatas,
2601 3964 2950 4026 naturaliter
2970 3961 3274 4052 inquirant
3289 3966 3591 4047 propriam

206 4063 542 4142 νοφρόσύνης
579 4077 594 4091 ⁶
642 4062 729 4120 καὶ
783 4058 876 4116 τίνα
922 4050 1179 4135 μαθοῦσαι
1235 4058 1316 4115 ὅτι
1367 4060 1521 4139 σαρκὶ
1554 4060 1644 4116 καὶ
1672 4058 1835 4134 αἵματ

1966 4067 2168 4126 ircem,
2205 4050 2307 4112 ubi
2337 4051 2692 4115 innocentes
2730 4054 2944 4114 virtute
2972 4051 3220 4132 spiritus
3249 4056 3595 4118 conservari

204 4150 465 4226 δέδενται,
498 4151 788 4222 ἐπιζητῶσι
840 4154 1072 4229 φυσικῶς
1126 4150 1188 4205 τὸ
1240 4151 1435 4207 οἰκεῖον
1485 4152 1751 4227 φρούριον,
1808 4146 1864 4204 ἐν
1945 4149 2215 4219 possunt.

204 4243 252 4314 ᾧ
297 4236 553 4303 ἀϐλαϐεῖς
594 4237 835 4297 δύνανται
885 4236 1326 4318 διαφυλαχθῆναι,
1373 4244 1442 4315 τῇ
1499 4236 1713 4312 δυνάμει
1766 4242 1861 4292 τοῦ

204 4331 534 4406 πνεύματος.
1920 4379 1926 4385 .

286 4419 358 4494 κβ
383 4462 398 4475 .
453 4419 601 4478 Κατὰ
669 4418 767 4485 τὴν
824 4415 1204 4495 ἐπικρατοῦσαν
1259 4421 1366 4472 τῶν
1435 4419 1616 4473 παθῶν
1680 4414 1854 4494 ἀῤῥωο
1883 4474 1915 4495 η

2020 4411 2118 4473 22.
2152 4408 2330 4471 Prout
2360 4408 2585 4471 inﬁrmi
2616 4426 2821 4472 sumus
2863 4417 2923 4470 et
2970 4407 3145 4471 nobis
3171 4408 3329 4472 inest
3359 4414 3590 4491 peccati

197 4474 355 4565 otia;
515 4511 614 4574 την
665 4474 978 4584 ἐγκειμένηὶθ
1038 4504 1092 4560 ἐν
1134 4507 1271 4581 ἡμῖν
1327 4508 1492 4579 σῆψιν
1527 4509 1626 4572 τῆς
1676 4474 1826 4583 ἁμαρ

1962 4503 2264 4580 :orruptio,
2287 4497 2732 4561 tribulationum
2747 4497 3007 4580 impetus
3024 4497 3092 4561 ﬁt
3114 4506 3172 4559 et
3193 4474 3591 4563 absin‘thiatus

190 4599 343 4670 τίας,
424 4603 530 4653 τῶν
587 4602 895 4674 πειρασμῶν
966 4596 1001 4662 ἡ
1055 4593 1278 4674 ἐπιφορὰ
1332 4595 1530 4672 γίνεται
1564 4611 1582 4630 ⁸
1639 4596 1728 4650 καὶ
1796 4616 1819 4649 τ

1965 4589 2298 4651 udiciorum
2330 4587 2440 4649 Dei
2495 4587 2646 4649 calix
2699 4585 2977 4649 acerbior
3033 4586 3123 4649 vel
3182 4587 3383 4649 mitior
3409 4589 3586 4651 nobis

192 4688 463 4765 ποτήριον
492 4687 591 4752 τῆς
642 4685 859 4760 ἀψίνθου
904 4690 1011 4741 τῶν
1066 4685 1337 4763 χριμάτων
1381 4689 1535 4763 Θεοῦ,
1588 4682 1626 4751 ἢ
1668 4681 1821 4763 δριμύ

1959 4677 2251 4740 niscetur.
2282 4676 2346 4737 Si
2376 4674 2534 4737 enim
2565 4674 2972 4737 remediabilis
3001 4681 3059 4735 et
3090 4675 3374 4765 curabilis
3387 4675 3479 4765 Asit
3499 4678 3588 4739 in-

194 4762 363 4851 τεροί
383 4782 624 4854 κιρνᾶται
675 4776 835 4849 ἡμῖν,
895 4772 933 4840 ἢ
987 4762 1435 4851 συμπαθέστερον,
1495 4762 1556 4830 Εἰ
1610 4773 1708 4847 μὲν
1758 4773 1823 4851 γὰ

1960 4767 2072 4830 'usa
2126 4765 2299 4828 nobis
2355 4763 2603 4826 materia
2661 4762 2906 4844 peccati,
2976 4781 3012 4823 a
3066 4762 3254 4854 nimio
3298 4763 3589 4854 ividelicet

189 4851 453 4937 ἰάσιμός-
486 4886 567 4928 τις
625 4861 718 4929 εἴη
775 4863 862 4919 καὶ
931 4863 1302 4941 εὖθεράπευτος
1372 4863 1407 4929 ἡ
1465 4860 1746 4939 ἐγκειμένη
1802 4862 1818 4918 ἐ

2056 4863 2299 4936 [ptatum
2328 4853 2578 4933 vitaeque
2606 4870 2810 4941 amore
2867 4857 3094 4941 esorta,
3132 4851 3585 4941 tribulationum
3683 4853 3685 4856 ⁴

188 4953 340 5027 ἡμῖν
370 4949 473 5018 ὕλη
518 4954 615 5020 τῆς
673 4953 932 5032 ἁμαρτίας
969 4939 1076 5008 ἀπὸ
1133 4950 1405 5030 λογισμῶν
1453 4949 1656 5017 δηλαδὴ
1686 4950 1815 5031 φιλη

1960 4967 1971 5007 ι
2001 4944 2233 5007 medico
2276 4941 2609 5004 animarum
2643 4940 2805 5001 mitis
2839 4939 3349 5032 misceturnobis,
3384 4950 3589 5024 utpote

188 5039 370 5098 δόνων
431 5040 468 5109 ἢ
539 5028 836 5121 φιλοζώων,
907 5041 1227 5122 κεκραμένον
1280 5041 1573 5116 συμπαθεία
1627 5042 1688 5097 τὸ
1746 5063 1815 5097 πο

1953 5035 2130 5096 ιόὴιιο
2159 5031 2566 5122 laborantibus
2623 5028 2926 5122 humanis
2951 5028 3175 5122 morbis
3211 5030 3325 5111 (vel
3357 5033 3582 5122 cogita-

185 5133 400 5210 τήριων
431 5117 565 5187 τῶν*
590 5137 896 5210 πειρασμῶν
951 5133 1096 5210 παρὰ
1150 5137 1241 5187 τοῦ
1282 5131 1458 5209 ἰατροῦ
1510 5130 1617 5187 τῶν
1662 5131 1814 5210 ψυχιῐ

1953 5122 2248 5204 .ionibus),
2283 5119 2557 5210 etadhuc
2581 5137 2713 5210 quae
2741 5127 2877 5210 sunt
2910 5117 3174 5210 hominis
3204 5119 3582 5210 patientibus.

185 5204 357 5295 ᾐμξῶν
427 5218 647 5294 δίδοται,
684 5204 694 5210 ’
737 5204 810 5286 ὡς
902 5218 957 5278 ἐν
1032 5204 1380 5299 ἄνθρωπίνοις
1462 5204 1814 5295 ἐξεταζομένοι

1954 5212 1999 5277 5i
2027 5222 2223 5275 autem
2252 5208 2714 5271 irremediabilis
2726 5207 2802 5268 sit
2826 5217 2887 5269 et
2910 5207 2971 5268 in
2987 5204 3264 5287 abyssum
3286 5208 3583 5299 demersa,

186 5311 432 5386 νοήμασι
488 5309 570 5389 [ἐν
627 5306 750 5372 ἄλλ,
809 5295 1142 5390 νοσήμασι],’
1172 5311 1261 5367 καὶ
1311 5308 1387 5367 ἔτι
1435 5310 1502 5367 τὰ
1554 5309 1813 5389 ἀνθρώπιν

1961 5312 1994 5365 :t
2017 5303 2456 5382 corruptionem
2484 5295 2769 5390 producat
2793 5297 2969 5357 morti
2991 5297 3324 5390 proximam
3339 5298 3590 5361 materia

187 5385 516 5479 πάσχουσιν
534 5415 550 5429 ⁶
611 5400 656 5455 εἰ
700 5397 755 5454 δὲ
810 5396 1047 5462 δυσίατός
1077 5385 1182 5462 -τις
1228 5397 1320 5468 εἴη
1349 5402 1437 5457 καὶ
1465 5385 1747 5479 ἐγκειμένη
1777 5400 1816 5456 εἰ

1958 5391 2185 5466 ieccati,
2219 5409 2255 5451 a
2294 5385 2764 5468 cogitationibus
2818 5387 3172 5464 arrogantiae
3215 5393 3276 5447 et
3303 5393 3587 5479 extremae

188 5473 379 5565 βάθόξ,
441 5489 532 5546 καὶ
582 5488 682 5555 τὴν
750 5490 880 5567 πρὸς
944 5489 1165 5546 θάνατον
1222 5473 1622 5569 κατεργάζεται,
1656 5494 1817 5564 σῆψιν

1956 5481 2231 5564 ιιιρθῖὺίω
2282 5476 2662 5561 proveniens,
2725 5483 2864 5569 tunc
2905 5475 3356 5569 intemperatus
3410 5473 3585 5569 nobis

190 5563 305 5634 ἀπὸ
346 5563 627 5657 λογισμῶν
671 5563 974 5649 ἀλαζονείας
1022 5579 1111 5633 καὶ
1164 5563 1523 5660 ὑπερηφανίας
1581 5580 1819 5660 ἐσχάτης

1957 5563 2083 5634 :alix
2115 5569 2174 5630 in
2205 5564 2600 5630 amaritudine
2629 5563 2832 5660 cordis
2883 5563 3077 5642 datur,
3133 5571 3196 5624 ut
3237 5563 3382 5644 igne
3408 5563 3586 5626 alter-

192 5653 439 5749 isztov'
473 5668 528 5725 ἐν
588 5665 860 5746 δριμύτητι
904 5670 1068 5741 θυμοῦ
1108 5653 1299 5725 δίδοται
1335 5653 1360 5703 ·’
1398 5673 1471 5735 ὡς
1513 5668 1576 5726 ἂν
1618 5653 1695 5748 τῶ
1724 5692 1821 5749 πυρ

1956 5678 2140 5732 larum
2202 5658 2588 5721 tentationum
2663 5653 3013 5715 imminutus
3078 5661 3585 5735 consumptusque
