4126 6376
567 308 679 372 911

1857 310 2165 375 NICETIE
2206 310 2651 375 PECTORATI

3809 308 3914 371 912

566 444 809 507 morbus
838 460 946 525 per
990 440 1416 519 humilitatem,
1475 442 1719 506 recedat
1771 441 1844 505 ab
1895 441 2212 505 animabus

2309 446 2399 499 ιῶν
2455 443 2881 515 αλλεπαλλήλων
2954 446 3089 520 ὁμοῦ
3158 445 3464 523 πειρασμῶν
3518 442 3789 499 ἐκτακεϊσα
3838 444 3917 498 καὶ

567 533 809 614 nostris,
829 550 1181 611 amarasque
1206 531 1593 610 cogitationes
1616 531 2216 611 lacrymisabluamus

2309 536 2642 591 λεπτυνθεϊσα
2685 536 2721 603 ἡ
2752 535 2903 598 νόσος
2943 531 3028 591 διὰ
3058 534 3450 607 ταπεινώσεως,
3485 530 3796 609 ἀπογένηται
3822 530 3916 586 ἀπὸ

569 625 683 706 (vel
712 621 1075 703 lugeamus),
1113 639 1182 682 ac
1212 621 1345 700 puri
1396 620 1710 683 videamur
1760 624 1816 683 in
1864 620 2216 683 humilitatis

2309 623 2402 679 τῶν
2447 625 2637 703 ψυχῶν
2666 624 2845 700 ἡμῶν,
2875 625 2964 680 καὶ
2993 623 3115 687 τοὺς
3147 622 3409 702 ἁλμυροὺς
3438 620 3542 679 τῶν
3570 618 3821 698 λογισμῶν
3843 617 3918 675 διὰ

566 713 793 778 lumine
820 730 936 793 quo
967 710 1180 773 anima;
1210 716 1428 771 nostra;
1458 718 1760 785 sanantur,

651 980 753 1045 23.
782 980 1100 1043 Luctantes
1148 976 1351 1057 fugere
1404 996 1524 1039 non
1581 984 1828 1058 possunt
1856 975 2222 1038 successivas

571 1069 947 1141 tentationes,
976 1065 1096 1130 nisi
1118 1067 1412 1148 propriam
1437 1074 1763 1147 agnoscant
1784 1065 2219 1142 inﬁrmitatem,

571 1169 631 1224 et
659 1159 889 1222 alienos
938 1156 1011 1218 ab
1068 1156 1229 1217 omni
1279 1155 1512 1235 justitia
1568 1175 1700 1218 sese
1747 1155 2134 1228 arbitrentur,
2165 1161 2225 1215 et

569 1248 734 1311 omni
765 1246 1041 1327 indignos
1065 1244 1303 1321 solatio,
1325 1245 1489 1307 omni
1517 1246 1773 1319 honore,
1801 1244 1962 1306 omni
1996 1244 2220 1325 quiete.

571 1337 711 1401 Vult
759 1334 917 1399 enim
978 1333 1248 1396 medicus
1279 1333 1612 1395 animarum
1674 1342 2013 1395 nostrarum
2068 1336 2223 1393 Deus

568 1445 680 1489 nos
710 1424 968 1487 humiles
1000 1440 1133 1485 esse
1163 1441 1405 1504 semper
1464 1430 1522 1484 et
1569 1422 1897 1497 modestos,
1931 1441 1963 1482 a
1994 1421 2225 1484 cunctis

570 1521 917 1594 segregatos
962 1509 1333 1581 horninibus,
1392 1518 1452 1571 et
1507 1510 1848 1591 passionum
1899 1528 2045 1590 quas
2094 1510 2223 1589 ipse

569 1602 814 1684 pertulit
842 1600 1195 1663 imitatores.
1258 1598 1417 1662 Mitis
1475 1599 1635 1660 enim
1686 1612 1814 1660 erat
1864 1608 1922 1659 et
1980 1598 2223 1660 humilis

2298 710 2529 790 δακρύων
2561 712 2979 788 ἀποκλυσώμεθα
3031 710 3113 790 [ὲν
3158 710 3281 770 ἀλλ.
3328 705 3814 786 ἀποκλαυσώμεθα],
3841 704 3918 763 καὶ

2299 803 2515 881 καθαροὶ
2543 801 2854 883 ἐποφθῶμεν
2898 802 2953 858 ἐν
2984 804 3117 881 φωτὶ
3147 801 3518 865 ταπεινώσεως
3559 806 3635 873 τῷ
3659 798 3809 874 ἰατρῷ
3825 796 3918 852 τῶν

2302 894 2492 970 ψυχῶν
2522 893 2702 966 ἡμῶν·

2384 969 2494 1057 κγ’.
2543 984 2651 1039 Οὐκ
2707 979 2848 1037 ἔστιν
2890 978 3065 1045 ἄλλως
3109 980 3232 1043 τοὺς
3290 977 3704 1058 ἀγωνιζομένους
3754 987 3919 1055 φυγεῖν

2304 1070 2365 1125 τὸ
2408 1068 2817 1137 ἀλλεπάλληλον
2869 1072 2975 1126 τῶν
3016 1071 3345 1149 πειρασμῶν,
3402 1070 3446 1125 εἰ
3503 1068 3579 1143 μὴ
3624 1069 3717 1134 τὴν
3744 1064 3918 1121 ἑαυτῶν

2306 1158 2573 1216 ἀσθένειαν
2639 1159 2911 1237 ἐπιγνῶσι,
2989 1162 3077 1216 καὶ
3148 1158 3319 1224 ξένους
3388 1158 3566 1223 πάσης
3619 1154 3914 1219 δικαιοσύνης

2308 1248 2522 1313 ἑαυτοὺς
2571 1251 2889 1326 ἡγήσονται,
2949 1251 3132 1315 πάσης
3181 1269 3239 1304 τε
3282 1245 3660 1324 παρακλήσεως
3688 1241 3911 1315 ἀναξίους,

2303 1339 2481 1405 πάσης
2528 1344 2717 1415 τιμῆς,
2768 1340 2945 1406 πάσης
2994 1338 3368 1401 ἀναπαύσεως.
3429 1336 3638 1398 Σκοπὸς
3690 1334 3779 1411 γὰρ
3817 1338 3917 1404 Θεῷ

2303 1434 2379 1502 τῷ
2400 1429 2562 1507 ἰατρῷ
2616 1430 2721 1484 τῶν
2750 1431 2939 1507 ψυχῶν
2996 1427 3150 1503 ἡμῶν
3207 1426 3287 1482 ἀεὶ
3341 1426 3619 1487 ταπεινοὺς
3658 1424 3790 1498 ἡμᾶς
3839 1421 3919 1476 εἷο

2304 1540 2387 1573 ναι
2416 1518 2505 1573 καὶ
2550 1530 2838 1597 κατηφεῖς,
2895 1515 3070 1583 ξένους
3127 1516 3232 1572 ἀπὸ
3290 1516 3489 1579 παντὸς
3542 1514 3817 1591 ἀνθρώπου,
3846 1510 3921 1567 καὶ

2305 1607 2544 1682 μιμητὰς
2585 1610 2690 1663 τῶν
2746 1607 2904 1663 αὑτοῦ
2954 1606 3284 1681 παθημάτων
3342 1610 3515 1681 Πρᾶος
3571 1603 3668 1681 γὰρ
3722 1601 3803 1673 ἦν,
3848 1607 3926 1660 καὶ

570 1692 777 1772 corde,
836 1699 897 1753 et
946 1689 1010 1751 in
1061 1688 1519 1750 mansuetudine
1572 1697 1628 1749 et
1657 1687 1990 1749 humilitate
2021 1687 2221 1749 cordis

2309 1698 2549 1759 ταπεινὸς
2599 1702 2669 1772 τῇ
2720 1693 2927 1775 καρδίᾳ,
2982 1696 3071 1752 καὶ
3126 1693 3181 1749 ἐν
3225 1693 3486 1771 πραότητι
3544 1694 3630 1749 καὶ
3680 1687 3923 1746 ταπεινώ-

570 1781 695 1844 vult
720 1798 831 1842 nos
862 1795 1215 1860 percurrere
1245 1794 1489 1838 suorum
1519 1776 1671 1838 viam
1703 1777 2139 1839 mandatorum.

655 1957 756 2021 24.
789 1953 1104 2017 Humilitas
1134 1972 1251 2015 non
1282 1953 1342 2015 in
1374 1952 1625 2016 cervicis
1654 1954 2068 2036 depressione,
2103 1974 2225 2017 non

574 2047 637 2108 in
668 2044 937 2107 crinibus
966 2042 1232 2118 hirsutis,
1259 2061 1378 2104 non
1408 2042 1469 2103 in
1486 2052 1652 2106 veste
1669 2044 1960 2123 neglecta,
1988 2044 2223 2107 brevis-

576 2134 799 2199 simave
827 2140 928 2195 aut
964 2131 1253 2193 maculata
1282 2132 1576 2207 consistit,
1609 2133 1669 2195 in
1702 2133 1920 2213 quibus
1953 2133 2226 2196 nonnulli

577 2232 759 2288 totam
785 2219 1287 2284 circumscribunt
1304 2221 1605 2297 virtutem,
1632 2223 1737 2285 sed
1769 2224 1829 2284 in
1857 2224 2035 2285 corde
2069 2242 2220 2285 con-

575 2313 714 2377 trito
736 2322 798 2374 et
826 2312 888 2372 in
919 2310 1129 2391 spiritu
1151 2310 1524 2388 humilitatis,
1557 2312 1723 2375 utait
1756 2312 1938 2377 David
1966 2334 1981 2373 :
2020 2338 2046 2369 α
2083 2311 2222 2393 Spi-

575 2407 752 2469 ritum
777 2403 1262 2484 contribulatum,
1286 2422 1393 2466 cor
1407 2404 1729 2467 contritum
1758 2412 1817 2467 et
1846 2405 2224 2468 humiliatum

573 2495 731 2559 Deus
761 2514 881 2557 non
912 2493 1203 2575 deSpiciet
1232 2494 1309 2556 ﬂ.
1347 2513 1377 2550 ι

656 2674 758 2737 25.
791 2670 970 2734 Aliud
1000 2670 1305 2734 humilitas
1335 2670 1677 2747 verborum,
1729 2673 1887 2735 aliud
1921 2673 2226 2736 humilitas

572 2761 889 2836 factorum,
917 2766 977 2820 et
1006 2758 1168 2819 aliud
1190 2758 1495 2819 humilitas
1525 2760 1975 2839 cogitationum.
2007 2760 2221 2822 Humi-

574 2850 709 2912 litas
738 2847 1057 2910 verborum
1090 2854 1149 2907 et
1176 2845 1465 2907 factorum
1499 2866 1605 2928 per
1636 2867 1875 2912 omnem
1893 2850 2225 2913 cruciatum

577 2947 636 3000 et
667 2937 961 2999 exteriora
990 2935 1220 2997 virtutis
1254 2936 1536 2998 exercitia
1565 2938 1892 3019 acquiritur
1920 2958 1953 3000 a
1992 2940 2226 3002 luctan-

2305 1805 2384 1840 σει
2440 1782 2656 1848 κακδίας
2711 1782 2954 1861 βούλεται
3010 1785 3155 1860 ἡμᾶς
3198 1783 3411 1863 τρέχειν
3472 1783 3561 1838 τὸν
3616 1777 3795 1859 δρόμον
3834 1780 3926 1832 τῶν

2306 1877 2463 1932 αὐτοῦ
2492 1872 2744 1937 ἐντολῶν,

2386 1953 2489 2026 κδ’,
2542 1954 2604 2021 Ἠ
2660 1964 3003 2042 ταπείνωσις,
3067 1963 3161 2017 οὒκ
3216 1960 3276 2017 ἐκ
3325 1960 3553 2038 τρίψεως
3609 1955 3844 2035 αὐχένος,
3895 1952 3927 2019 ἢ

2307 2054 2593 2133 αὐχμηρᾶς
2623 2052 2823 2131 κόμης,
2857 2051 2894 2119 ἢ
2937 2058 3171 2131 χιτῶνος
3213 2046 3557 2124 ἦμελημένου
3608 2047 3693 2102 καὶ
3738 2065 3930 2133 τραχυέ-

2305 2132 2464 2197 τάτου
2508 2142 2594 2198 καὶ
2622 2148 2841 2220 πιναροῦ
2897 2143 3262 2219 κατορθοῦται,
3325 2138 3380 2195 ἐν
3437 2141 3523 2200 οἷς
3566 2138 3613 2193 οἱ
3668 2132 3841 2190 πολλοὶ
3877 2132 3931 2186 τὸ

2306 2239 2411 2289 πᾶν
2476 2236 2575 2298 τῆς
2646 2231 2839 2309 ἀρετῆς
2896 2230 3292 2309 ἐπιγράφουσιν,
3354 2224 3473 2285 ἀλλ’
3530 2224 3592 2281 ἐκ
3643 2243 3929 2300 συντετριμ-

2308 2322 2471 2399 μένης
2557 2316 2794 2399 καρδίας,
2879 2319 2968 2374 καὶ
3036 2318 3295 2393 πνεύματι
3369 2314 3755 2391 ταπεινώσεως,
3807 2309 3928 2367 κατὰ

2305 2412 2395 2468 τὸν
2428 2410 2643 2466 εἰπόντα
2695 2404 2854 2464 Δαϐίδ
2887 2426 2902 2440 ⁸
2959 2425 2989 2469 (
3032 2412 3246 2481 Πνεῦμα
3302 2401 3757 2483 συντετριμμένον,
3812 2419 3928 2477 καρ-

2306 2499 2418 2555 δίαν
2449 2496 2899 2577 συντετριμμένην
2939 2497 3028 2552 καὶ
3084 2494 3547 2570 τεταπεινωμένην
3591 2495 3619 2548 ὁ
3676 2491 3797 2552 Θεὸς
3850 2488 3931 2543 οὒκ

2307 2586 2660 2655 ἐξουδενώσει,
2700 2611 2728 2642 ιι

2386 2668 2489 2737 κε’.
2535 2658 2697 2737 ’Άλλο
2723 2675 3117 2752 ταπεινο).ογία,
3162 2675 3250 2730 καὶ
3302 2672 3438 2731 ἄλλο
3494 2671 3817 2740 ταπείνωσις,
3857 2665 3931 2721 καὶ

2306 2766 2437 2824 ἄλλο
2493 2767 2969 2846 ταπεινοφροσύνη.
3037 2756 3097 2822 Ἠ
3154 2764 3250 2838 μὲν
3317 2764 3420 2843 γὰρ
3461 2755 3933 2846 ταπεινολογίαῄκαὶ

2306 2859 2341 2925 ἠ
2385 2842 2866 2934 ταπείνωσιςξδιὰ
2922 2854 3101 2921 πάσης
3162 2842 3518 2917 κακοπαθείας
3561 2852 3648 2908 καὶ
3688 2853 3787 2904 τῶν
3816 2842 3930 2909 ἔξω·

2307 2950 2393 3003 θεν
2436 2946 2613 3003 πόνων
2659 2950 2759 3012 τῆς
2814 2944 3030 3023 ἀρετῆς,
3092 2946 3464 3021 κατορθοῦνται
3523 2953 3640 3002 τοῖς
3695 2937 3929 3023 ἀγωνιζοέ

577 3027 760 3104 tibus,
784 3026 884 3107 qui
908 3034 1061 3115 totas
1076 3025 1235 3087 vires
1254 3026 1327 3115 ad
1368 3025 1523 3088 solas
1558 3027 1826 3107 corporis
1850 3030 2221 3107 operationes

2311 3034 2517 3115 μένοις,
2588 3035 2705 3112 περὶ
2771 3021 2971 3108 μόνην,
3006 3032 3103 3098 τὴν
3177 3032 3494 3105 σωματικὴν
3573 3025 3843 3115 ἐργασίαν-.
3860 3021 3933 3076 καὶ

578 3114 1107 3178 etexercitationes
1121 3114 1480 3179 coadunant:
1499 3116 1755 3196 ideoque
1780 3117 1988 3179 horum
2003 3118 2224 3193 anima,

576 3223 714 3268 cum
762 3203 978 3285 saepius
1010 3222 1129 3265 non
1161 3203 1237 3266 sit
1266 3203 1518 3266 ﬁrmiter
1563 3205 1843 3281 stabilita,
1876 3207 2228 3270 adveniente

573 3293 902 3357 teniatione
916 3292 1215 3355 turbatur.
1230 3291 1544 3355 Humilitas
1556 3304 1752 3358 autem
1776 3295 2224 3375 cogitationum,

573 3400 707 3445 cum
732 3382 809 3444 sit
835 3380 1057 3462 aliquid
1082 3382 1344 3443 divinum
1368 3401 1437 3445 ac
1468 3384 1747 3460 sublime,
1780 3385 1840 3445 in
1874 3386 1967 3446 his
1997 3395 2226 3449 tantum

570 3472 873 3534 invenitur
901 3471 1003 3552 qui
1036 3471 1296 3532 medium
1332 3472 1445 3535 iter
1484 3474 1821 3536 transiliere
1844 3493 1952 3555 per
1976 3477 2222 3555 gratiam

574 3560 855 3642 Spiritus,
889 3560 948 3622 id
981 3568 1091 3634 est,
1127 3561 1434 3641 progressi
1459 3571 1599 3624 sunt
1627 3582 1732 3643 per
1763 3583 2002 3627 omnem
2037 3565 2225 3627 humi-

573 3650 801 3714 litatem
832 3649 894 3710 in
922 3649 1014 3710 via
1044 3649 1283 3711 virtutis
1315 3650 1688 3715 brevissima.

654 3739 755 3802 26.
812 3737 1128 3800 Humilitas
1175 3738 1625 3816 cogitationum,
1673 3740 1855 3803 imam
1907 3751 2228 3822 penetrans

573 3829 831 3890 animam
865 3836 1042 3906 atque
1070 3834 1135 3887 ut
1190 3827 1339 3907 lapis
1397 3829 1590 3906 gravis
1644 3830 1706 3890 in
1763 3849 1892 3894 eam
1925 3830 2223 3913 incidens,

578 3923 734 3977 tanta
760 3914 816 3975 vi
837 3913 998 3976 illam
1024 3915 1242 3994 premit
1271 3934 1339 3977 ac
1370 3917 1624 3993 triturat,
1670 3927 1739 3981 ut
1766 3930 2008 3982 evacuet
2038 3930 2225 3983 totum

577 4003 708 4083 ejus
738 4002 923 4064 robur
951 4002 1013 4063 in
1070 4004 1233 4065 ﬂuxu
1294 4006 1677 4085 lacrymarum
1734 4007 2114 4079 inexhausto,
2148 4010 2223 4072 ab

576 4091 859 4172 omnique
892 4095 1121 4153 macula
1153 4094 1499 4172 puriﬁcetur
1545 4097 1800 4169 animus,
1848 4106 1908 4160 et
1936 4099 2009 4159 ad
2037 4099 2223 4160 visio-

575 4199 717 4243 nem
750 4179 881 4251 Dei,
907 4181 1076 4260 juxta
1105 4182 1343 4257 Isniam,
1382 4185 1707 4265 perveniat,
1760 4200 1940 4267 atque
1970 4187 2079 4249 sub
2111 4188 2225 4250 hoc

575 4268 862 4332 instinctu
915 4268 1072 4331 dicat
1126 4283 1184 4331 et
1232 4270 1398 4350 ipse:
1462 4296 1485 4327 (ι
1540 4271 1643 4335 Vae
1678 4274 1848 4356 mihi,
1899 4276 2036 4356 quia
2066 4294 2225 4339 com-

572 4366 837 4438 punctus
863 4375 1000 4419 sum
1020 4358 1099 4440 43,
1132 4358 1272 4439 quia
1301 4359 1390 4425 vir
1421 4360 1681 4440 pollutus
1710 4363 1883 4427 labiis
1914 4383 2021 4443 ego
2066 4383 2224 4440 sum,
2248 4374 2399 4444 ῃκαὶ
2455 4373 2611 4430 αὐτὸν
2648 4389 2660 4405 ι

2309 3112 2597 3204 γυμνασίαν
2626 3125 2687 3179 τὸ
2720 3122 3074 3199 συναγόμενον
3106 3117 3335 3200 ἔχουσαι
3370 3137 3383 3149 ·
3441 3117 3520 3176 διὸ
3548 3119 3635 3175 καὶ
3677 3116 3751 3191 μὴ
3794 3112 3931 3174 οὔσης

2308 3219 2407 3281 τῆς
2438 3218 2623 3294 ψυχῆς
2653 3210 2913 3275 πολλάκις
2973 3210 3029 3266 ἐν
3070 3209 3419 3289 καταστάσει,
3454 3212 3742 3287 πειρασμοῦ
3785 3204 3933 3257 ὑπαν-

2308 3305 2593 3377 τήσαντος,
2627 3300 3003 3379 ἐκταράσσεται
3030 3316 3047 3334 ⁶
3092 3299 3128 3365 ἡ
3160 3294 3213 3353 δὲ
3243 3295 3697 3377 ταπεινοφροσύνη
3723 3293 3856 3349 θεῖόν
3890 3309 3933 3342 τι

2308 3400 2528 3472 πρᾶγμα
2571 3390 2699 3449 οὖσα
2741 3391 2828 3445 καὶ
2874 3386 3106 3468 ὑψηλὸν,
3159 3386 3214 3442 ἐν
3259 3387 3441 3463 μόνοις
3501 3386 3780 3472 ἐπιγίνεται
3832 3389 3932 3472 ⁸τοῖς

2308 3464 2369 3538 τδ
2397 3464 2557 3557 μέσον
2577 3476 2980 3558 ὑπερπηδήσασι
3024 3464 3109 3533 διᾶ
3149 3481 3248 3543 τῆς
3290 3486 3383 3536 τοῦ
3405 3472 3751 3555 Παρακλήτου
3765 3464 3933 3531 ἐπιδη-

2309 3572 2432 3647 μίας
2457 3591 2469 3603 ·
2502 3567 2845 3649 προϐαδίσασι
2873 3564 3120 3633 δηλονότι
3149 3563 3234 3622 διὰ
3263 3567 3636 3647 ταπεινώσεως
3661 3560 3825 3621 πάσας
3849 3560 3934 3619 τὴν

2311 3659 2430 3717 ὁδὸν
2472 3660 2574 3726 τὴν
2603 3656 2945 3738 τραχυτάτην
2987 3661 3085 3722 τῆς
3127 3655 3344 3733 ἀρετῆς,

2388 3739 2528 3826 κς’.
2564 3733 2648 3805 Ἠ-
2681 3733 3134 3825 ταπεινοφροσύνη
3191 3747 3263 3809 είς
3321 3745 3458 3821 βάθη
3519 3745 3700 3822 ψυχῆς
3732 3733 3936 3826 είσδῦσα,

2308 3840 2397 3897 καὶ
2440 3823 2456 3826 ⁷
2478 3840 2604 3896 ὡσεὶ
2672 3836 2813 3901 λίθος
2884 3823 3045 3914 βαρὺς
3118 3834 3443 3894 ἐπιπεσοῦσα
3506 3835 3659 3907 αὐτῇ,
3730 3823 3940 3895 τοσούαρ

2307 3929 2504 3995 ταύτην
2567 3924 2790 3983 ἐκθλίϐει
2844 3926 2933 3983 καὶ
2989 3923 3217 3995 ἐκπιέζει
3282 3920 3522 4000 δυνάμει,
3581 3923 3654 3984 ὼς
3720 3915 3936 3975 κενωθῆ-

2308 4040 2392 4076 ναι
2421 4023 2599 4075 πᾶσαν
2628 4018 2791 4082 αὐτῆς
2844 4014 2945 4082 τὴν
3001 4014 3157 4093 ἰσχὺν
3215 4013 3269 4069 ἐν
3324 4019 3393 4089 τῇ
3450 4006 3798 4089 ἀκατασχέτῳ
3826 4002 3940 4081 φορᾷ

2306 4108 2409 4167 τῶν
2439 4104 2697 4185 δακρύων,
2732 4106 2819 4163 καὶ
2870 4101 3094 4171 κηλῖδος
3141 4103 3319 4169 πάσης
3376 4106 3485 4161 τῶν
3541 4099 3808 4177 λογισμῶν
3859 4108 3940 4185 και·

2304 4198 2556 4273 θαρθῆναι
2626 4195 2716 4249 τὸν
2779 4192 2920 4268 νοῦν,
2965 4193 3055 4251 καὶ
3113 4191 3166 4248 ὲν
3223 4190 3446 4263 ὀπτασίᾳ
3502 4189 3767 4268 γενέσθαι,
3817 4175 3936 4234 κατά

2306 4271 2397 4341 τὸν
2461 4274 2711 4356 Ἠσαίαν,
2736 4289 2938 4359 ΔΘεοῦ,
2998 4281 3087 4336 καὶ
3151 4278 3320 4344 οὕτως
3377 4281 3549 4337 εἰπεῖν
3592 4271 3940 4359 ἐνεργούμεξον

2736 4346 2792 4424 ’ὸ
2846 4367 3011 4433 τάλας
3062 4367 3190 4446 ἐγὼ,
3268 4367 3348 4426 ὅτι
3407 4366 3813 4442 κατανένυγμαι,
3862 4350 3938 4446 ’ὅτι

575 4446 734 4539 etin
782 4446 982 4508 medio
1042 4448 1243 4529 populi
1302 4448 1457 4539 labia
1513 4451 1735 4531 polluta
1794 4442 2067 4515 habentis
2119 4473 2221 4532 ego

2310 4458 2578 4539 ἅνθρωπος
2650 4458 2745 4531 ὢν,
2801 4461 2891 4516 καὶ
2946 4442 3214 4535 ἀκάθαρτα
3269 4456 3431 4537 χείλη
3492 4457 3661 4537 ἔχων,
3718 4450 3771 4507 ἐν

574 4534 813 4629 habito,
837 4544 896 4597 et
923 4553 1127 4616 regem
1142 4538 1465 4601 Dominum
1491 4540 1857 4605 exercituum
1890 4542 2009 4603 vidi
2038 4531 2221 4604 oculis

2309 4531 2439 4609 λαοῦ
2492 4550 2760 4629 ἀκάθαρτα
2832 4547 2996 4629 χείλη
3054 4531 3311 4627 ἔχοντος,
3378 4546 3487 4624 ἐγὼ
3523 4531 3694 4623 οἰκῶ,
3744 4539 3827 4629 καὶ
3865 4531 3942 4585 τὸν

577 4625 728 4688 meis
753 4624 840 4688 4³.
870 4649 899 4682 ι

655 4801 757 4865 27.
792 4801 940 4866 Cum
969 4803 1289 4866 verborum
1341 4804 1646 4869 humilitas
1705 4814 1763 4869 te
1795 4810 2220 4889 penetraverit,

577 4901 717 4955 tunc
756 4891 1017 4971 superba
1041 4893 1278 4973 eloquia
1307 4894 1415 4955 tibi
1465 4895 1743 4957 desinent
1772 4898 1891 4976 (vel
1921 4899 2220 4979 exspolia-

576 4980 847 5059 buntur).
888 4981 1035 5044 Cum
1065 4981 1367 5044 humilitas
1398 4983 1682 5047 factorum
1720 4989 1777 5046 in
1814 4985 2219 5053 intimocorde

577 5079 675 5132 tuo
704 5070 965 5131 radicata
994 5070 1197 5152 fuerit,
1257 5081 1396 5134 tunc
1451 5074 1577 5135 sive
1630 5076 2066 5154 superficialem
2097 5079 2223 5141 sive

577 5157 931 5239 profundam
964 5159 1202 5238 rejicies
1248 5160 1565 5223 verborum
1622 5163 2039 5229 humilitatem.
2073 5166 2217 5229 Cum

575 5246 835 5327 denique
865 5265 1126 5329 superna
1179 5249 1605 5329 cogitationum
1654 5254 1989 5317 humilitate
2034 5255 2223 5318 fueris

579 5334 817 5416 dilatus,
849 5343 993 5400 tunc
1022 5346 1083 5401 et
1110 5339 1466 5403 exteriorem
1523 5342 1827 5406 humilitas
1856 5363 2129 5428 operum,
2164 5358 2225 5412 et

2307 4638 2527 4715 βασιλέα
2614 4623 2800 4717 Κῦριον
2835 4623 3122 4694 --Σαϐαὼθ
3215 4634 3363 4693 εἶδον
3422 4623 3585 4697 γτοτς
3668 4623 3939 4710 ὀφθαλμοῖς

2306 4751 2429 4803 μου.

2386 4807 2491 4889 κζ’.
2532 4799 2683 4876 ’ὅταν
2714 4818 2787 4879 εἷς
2818 4816 2976 4892 βάθος
3020 4816 3081 4870 τὸ
3123 4812 3532 4892 ταπεινολογετν
3584 4833 3666 4868 σοι
3725 4789 3937 4901 προεζίθ

2306 4882 2485 4987 νηται,
2542 4907 2663 4963 τότε
2743 4882 2829 4961 τὸ·
2858 4906 3155 4982 ὑψηγορεϊν
3212 4882 3642 4973 ἀποστηθησεταί
3696 4912 3794 4987 σοι¹
3833 4882 3933 4962 [ἴση

2303 4977 2754 5073 ἀποκτηθήσεται]
2792 5014 2804 5027 ·
2882 4977 3007 5049 ὅταν
3043 4977 3133 5048 δὲ
3199 4993 3272 5055 εἰς
3327 4993 3484 5069 βάθος
3554 4991 3591 5057 ἡ
3641 4977 3938 5073 ταπείνωσις

2304 5083 2704 5163 ἐῤῥιζωθήσεται
2736 5069 2836 5151 τῆς
2894 5080 3106 5161 καρδίας
3167 5103 3283 5156 σου,
3343 5082 3462 5138 τότε
3504 5080 3594 5138 καὶ
3643 5076 3703 5163 τὸ
3746 5069 3939 5163 tium—1

2304 5142 2490 5247 λιάίιός,
2632 5174 2769 5230 κατὰ
2793 5142 2994 5250 .-βάθος
3038 5142 3467 5249 ταπεινολογεϊν,
3526 5142 3939 5226 ἀποϐλτιθήσίετ²ί

2304 5286 2409 5322 σοι.
2448 5254 2709 5330 (Οπηνίκα
2751 5260 2805 5317 δὲ
2847 5259 3044 5318 ἄνωθεν
3099 5261 3199 5326 τὴν
3254 5256 3733 5339 ταπεινοφροσύνην
3781 5254 3936 5339 κοξτα’

2304 5328 2637 5432 πλουτήσης,
2697 5357 2992 5418 τηνικαῦτα
3045 5349 3179 5418 αὐτή
3237 5369 3294 5405 τε
3352 5350 3387 5417 ἡ
3452 5328 3636 5415 ἔξωθεν
3693 5328 3937 5395 ταπείνω-

653 5569 706 5618 ιί
740 5568 899 5633 Ρειιι.
931 5585 991 5641 ι..
1027 5570 1122 5634 19.
1209 5570 1271 5623 4⁸
1295 5571 1409 5639 Isa.
1444 5594 1523 5653 vr,
1555 5576 1618 5641 5.
1703 5577 1770 5639 In
1800 5576 2049 5657 Vulgata
2073 5580 2221 5645 habe

2309 5601 2373 5644 r:
2412 5584 2579 5659 Quia
2609 5588 2796 5647 tacui.
2882 5584 2945 5634 4³
2970 5581 3132 5646 Ibid.
3168 5583 3228 5645 6.
