4126 6378
231 423 355 487 913

1253 427 1746 491 PHYSIGORUM
1792 427 2133 491 CAPITUM
2180 425 2576 493 CENTURIA
2604 429 2663 491 II
2742 376 2749 383 ι

3498 426 3615 492 914

233 581 341 633 σις,
400 562 487 616 καὶ
542 561 578 627 ἡ
636 562 732 629 τῆς
787 561 1032 640 γλώττης
1102 561 1498 643 ταπεινολογία,
1560 561 1740 619 τέλεόν
1804 582 1885 616 σοι

1983 557 2191 638 linguae
2211 558 2520 620 humilitas
2538 557 2645 621 tibi
2687 559 2952 640 perfecte
2973 557 3436 641 evacu'abuntur,
3456 559 3623 640 juxta

237 650 727 729 *11_1P‘(Ti9'qastzt,
796 652 931 708 κατὰ
990 653 1080 708 τὸν
1153 648 1288 708 οὕτω
1345 650 1568 729 λέγοντα
1638 649 1844 708 Παῦλον
1873 665 1889 680 ⁸

246 759 274 791 α
331 721 482 795 *ὄτὰν
525 737 580 795 δὲ
766 742 827 796 τὸ
873 740 1095 821 τέλειον,
1157 742 1217 796 τὸ
1261 740 1322 796 ἐκ
1378 721 1566 820 μόρους
1619 761 1895 819 καταργη-

238 827 482 895 θήσεται.
519 851 548 883 ι

323 938 395 982 κη
410 906 440 979 ’.
506 917 742 975 Καθόσον
813 918 1102 998 ἀπέχουσιν
1164 918 1414 978 ἀνατολαὶ
1483 920 1588 975 ἀπὸ
1659 916 1894 993 δυσμῶν,

238 1006 379 1061 κατά
436 1014 685 1064 τοσοῦτον
740 1007 935 1088 ἀπέχει
991 1010 1027 1076 ἡ
1098 1006 1300 1076 ἀληθὴς
1359 1007 1733 1086 ταπεινολογία
1792 1012 1891 1073 τῆς

242 1092 503 1163 ἀληθινῆς
551 1097 920 1160 ταπεινώσεως
956 1118 969 1131 ’
1030 1098 1251 1155 καθόσον
1294 1097 1348 1154 δὲ
1404 1099 1595 1174 μείζων
1650 1102 1751 1176 γῆς
1795 1096 1892 1153 οῦ-

240 1185 425 1261 ρανὸς,
484 1187 572 1242 καὶ
628 1186 784 1266 ψυχὴ
841 1188 1109 1263 σώματος,
1179 1188 1314 1247 κατά
1383 1194 1631 1245 τοσοῦτον
1704 1188 1739 1254 ἡ
1809 1183 1893 1241 διὰ

240 1276 549 1349 Πνεῦματος
604 1278 753 1355 ἁγίου
809 1274 1054 1354 διδομένη
1111 1291 1228 1342 τοῖς
1286 1279 1507 1343 τελείοις
1538 1299 1889 1358 ταπεινοφρο-

236 1362 399 1438 σύνη,
434 1366 522 1421 καὶ
576 1364 899 1446 τελεωτέρα,
954 1369 1042 1423 καὶ
1098 1369 1291 1443 μείζων
1343 1373 1444 1435 τῆς
1487 1366 1743 1435 ἀληθινῆς
1799 1387 1893 1421 τα-

234 1472 304 1506 πε
312 1473 547 1519 ινωσεως
558 1500 570 1513 .

318 1531 426 1603 κθ’.
474 1544 620 1614 Μήτε
681 1545 773 1601 τὸν
838 1546 1061 1603 ταπεινὰ
1123 1545 1480 1626 φθεγγόμενον
1536 1544 1591 1600 ἐν
1646 1545 1892 1625 σχήματι

234 1632 328 1686 καὶ
407 1632 713 1710 καταστολῇ
788 1634 1179 1707 ταπεινώσεως,
1255 1636 1501 1692 ταπεινὸν
1566 1635 1709 1691 εἶναι
1792 1633 1892 1700 τὴν

232 1718 454 1798 καρδίαν
527 1721 797 1801 ὑπολάϐῃς
874 1723 1128 1801 εὗκόλως,
1215 1726 1352 1801 μήτε
1434 1725 1495 1780 τὸ
1565 1722 1748 1799 ὑψηλά
1803 1724 1890 1778 καὶ

232 1808 505 1889 μετέωρα,
563 1811 871 1883 ἀλαζονείας
927 1815 1015 1870 καὶ
1084 1814 1244 1895 τύφου
1303 1816 1521 1894 μεστὸν,
1580 1813 1731 1876 ἐκτὸς
1787 1817 1887 1879 τῆς

233 1898 324 1954 ἐπὶ
365 1901 572 1965 τούτοις
602 1902 831 1978 βασάνου
867 1921 880 1936 ⁸

235 1988 423 2066 γνώσῃ
452 1992 637 2056 αὐτούς
648 2039 662 2053 .

321 2070 398 2140 λ’.
471 2071 528 2138 t0
609 2084 810 2163 καρπὸς
878 2091 971 2141 τοῦ
1028 2083 1328 2157 Πνεῦματος
1397 2088 1489 2138 τοῦ
1545 2083 1694 2160 ἁγίου
1749 2080 1888 2137 ἐστὶν

234 2170 448 2247 ἀγάπη,
545 2172 711 2251 χαρὰ,
814 2172 1019 2250 εἰρήνη,
1106 2170 1441 2249 ἀγαθωσύνη,
1536 2169 1884 2251 μακροθυμία,

234 2259 573 2337 χρηστότης,
620 2260 819 2339 πίστις,
884 2259 1147 2339 πραότης,
1219 2258 1499 2338 ἐγκράτεια
1534 2278 1550 2295 ⁶
1613 2262 1640 2315 ὁ
1697 2258 1753 2314 δὲ
1794 2264 1887 2315 τοῦ

233 2346 474 2404 ἐναντίου
555 2348 856 2425 πνεύματος
938 2349 1137 2428 καρπός
1222 2347 1330 2404 ἐστι
1416 2361 1605 2427 μῖσος,
1698 2347 1886 2421 ἀθυμία

232 2436 500 2510 κοσμικὴ,
601 2437 961 2494 ἀκαταστασία
1058 2442 1266 2517 ψυχῆς,
1351 2439 1567 2518 ταραχὴ
1649 2434 1882 2515 καρδίας,

233 2526 489 2604 πονηρία,
557 2525 830 2606 περίεργον
887 2527 1156 2607 φρόνημα,
1218 2525 1493 2606 ὀλιγωρία,
1549 2526 1706 2606 ὀργὴ,
1753 2525 1885 2581 ἀπι-

235 2615 378 2688 στία,
454 2616 664 2695 φθόνος,
729 2615 1017 2695 ἀδηφαγία,
1083 2616 1238 2692 μέθη,
1300 2614 1551 2695 λοιδορία,
1624 2615 1884 2694 κατάκρι-

235 2726 342 2784 σις,
415 2703 657 2780 ἐπιθυμία
718 2711 824 2760 τῶν
882 2704 1187 2786 ὀφθαλμῶν,
1261 2712 1421 2785 τῦφος
1474 2707 1562 2762 καὶ
1616 2703 1891 2774 ἀλαζονεία

234 2799 449 2875 ψυχῆς.
484 2792 581 2851 Ἐκ
634 2802 759 2874 γοῦν
799 2800 904 2852 τῶν
962 2794 1215 2852 τοιούτων
1276 2794 1492 2873 καρπῶν
1567 2795 1629 2849 τὸ
1684 2790 1890 2870 δένδρον

235 2882 377 2940 ἔστω
428 2907 510 2941 σοι
566 2884 853 2963 γνώριμον,
928 2885 1015 2940 καὶ
1100 2882 1237 2940 οὕτω
1303 2885 1514 2946 πάντως
1586 2880 1733 2946 εἰδὼς
1793 2879 1889 2957 ἔσῃ

234 2973 389 3030 ποίου
442 2974 742 3048 πνεύματος
798 2973 1030 3052 ὑπάρχει
1085 2974 1113 3027 ὁ
1171 2971 1507 3052 ἐντυγχάνων
1552 2992 1658 3032 σοι.
1724 2979 1886 3050 Εχεις

234 3064 339 3141 γὰρ
380 3064 446 3118 τὰ
488 3076 693 3139 σημεῖα
734 3063 931 3119 τούτων
973 3064 1066 3118 καὶ
1104 3062 1209 3118 ἀπὸ
1238 3066 1337 3129 τῆς
1368 3067 1460 3117 τοῦ
1488 3060 1674 3139 Κυρίου
1701 3064 1884 3140 φωνῆς

234 3149 583 3231 ἐκδηλότερον
613 3170 626 3185 ⁵
690 3173 714 3211 ε
784 3142 841 3208 Ὀ
887 3151 1105 3230 ἀγαθὸς,
1159 3151 1340 3231 φησὶν,
1374 3149 1644 3228 ἅνθρωπος
1688 3148 1748 3204 ἐκ
1796 3154 1888 3203 τοῦ

1506 1861 1521 1894 2

1976 649 2221 709 Paulum
2253 648 2605 711 dicentem:
2670 670 2698 709 ‹
2757 647 2901 712 Cum
2960 656 3155 712 autem
3207 649 3438 711 venerit
3464 647 3622 730 quod

1976 738 2305 819 perfectum
2338 745 2445 815 est,
2482 737 2861 800 evacuabitur
2888 739 3046 820 quod
3079 759 3148 800 ex
3180 747 3343 821 parte
3374 746 3463 800 est
3480 738 3565 798 44.
3592 760 3618 796 ι»

2060 916 2156 979 28.
2183 916 2476 990 Quantum
2511 917 2689 979 distat
2718 925 2881 979 ortus
2907 916 2980 979 ab
3027 916 3361 991 occidente,
3395 925 3622 981 tantum

1976 1005 2150 1067 distat
2180 1025 2318 1067 vera
2348 1006 2663 1069 verborum
2718 1006 3022 1069 humilitas
3077 1026 3110 1067 a
3167 1024 3302 1069 vera
3330 1006 3623 1070 factorum

1975 1095 2307 1157 humilitate
2337 1113 2352 1169 ;
2413 1104 2471 1157 et
2499 1105 2717 1176 quanto
2751 1095 3160 1174 magnitudine
3192 1104 3427 1176 praestat
3451 1105 3628 1159 terrae

1976 1183 2186 1244 coelum
2209 1193 2265 1245 et
2288 1186 2519 1263 corpori
2542 1185 2763 1266 anima,
2793 1193 2950 1246 tanto
2968 1184 3387 1265 cogitationum
3421 1185 3625 1246 humi-

1975 1272 2109 1334 litas
2133 1292 2235 1353 per
2257 1274 2541 1355 Spiritum
2565 1283 2835 1336 sanctum
2861 1275 2994 1336 data
3006 1272 3288 1354 perfectis
3303 1274 3625 1354 perfectior

1976 1369 2086 1438 est,
2122 1372 2179 1424 et
2208 1366 2482 1445 superior
2512 1382 2646 1425 vera
2673 1363 2959 1425 factorum
2994 1364 3351 1426 humilitate.

2056 1541 2154 1605 ‘20.
2187 1541 2394 1622 Neque
2424 1559 2556 1603 eum
2591 1543 2692 1622 qui
2727 1541 3033 1603 humiliter
3063 1542 3324 1624 loquitur
3356 1549 3413 1604 et
3443 1542 3620 1605 habi-

1976 1635 2097 1689 tum
2130 1630 2605 1711 modestiamque
2637 1631 2989 1692 humilitatis
3019 1650 3141 1711 prie
3170 1650 3235 1693 se
3269 1632 3405 1706 fert,
3441 1631 3623 1693 corde

1971 1717 2258 1779 humilem
2275 1714 2585 1781 essefacile
2601 1720 2850 1801 credas;
2878 1738 3071 1801 neque
3087 1739 3219 1781 eum
3235 1719 3624 1802 quisublimia

1972 1815 2029 1868 et
2060 1809 2210 1870 elata
2226 1810 2506 1890 loquitur,
2528 1810 2792 1873 vanitate
2814 1819 2871 1871 et
2893 1809 3176 1889 superbia
3194 1829 3328 1871 esse
3350 1810 3617 1891 plenum,

939 1902 999 1959 ἐκ
1054 1900 1109 1960 δὲ
1137 1910 1241 1959 τῶν
1270 1909 1489 1983 καρπῶν
1533 1902 1704 1958 αῦτῶν
1762 1901 1885 1957 ἐπι-

1983 1896 2086 1958 nisi
2120 1898 2232 1960 hoc
2263 1898 2545 1960 habueris
2574 1897 3064 1979 comprobatum;
3110 1917 3143 1959 a
3191 1898 3481 1963 fructibus
3510 1917 3623 1960 au-

1973 1994 2089 2047 tem
2125 2007 2331 2050 eorum
2365 2007 2693 2067 cognocces
2725 2007 2849 2050 eos.

2055 2076 2150 2141 30.
2186 2078 2439 2139 Fructus
2472 2077 2728 2157 Spiritus
2759 2077 2945 2139 sancti
2978 2088 3116 2140 sunt
3163 2077 3443 2151 Charitas,
3478 2095 3625 2157 gau-

1972 2166 2159 2236 d‘um,
2184 2185 2316 2247 pax,
2341 2165 2596 2238 bonitas,
2614 2166 3056 2247 longanimitas,
3079 2166 3620 2247 benignitas,fides,

1970 2255 2385 2330 mansuetudo,
2425 2256 2811 2317 continentia.
2874 2257 3122 2317 Fructus
3150 2265 3348 2317 autem
3381 2255 3625 2334 maligni

1969 2345 2211 2424 spiritus
2240 2354 2375 2405 sunt
2435 2346 2660 2419 odium,
2727 2343 2904 2404 timor
2961 2345 3316 2419 mundanus,
3351 2344 3621 2407 confusio

1968 2434 2205 2498 animae.
2244 2434 2608 2512 perturbatio
2641 2433 2859 2505 cordis,
2901 2432 3257 2510 malignitas,
3284 2433 3620 2514 curiositas,

1969 2522 2337 2604 incuriaira,
2353 2520 3114 2607 inﬁdelitas,homicidium,
3129 2522 3616 2598 comessationes,

1976 2612 2314 2686 ebrietates,
2344 2612 2629 2692 convivia,
2658 2610 3099 2685 condemnatio,
3131 2610 3623 2692 concupiscentia

1977 2704 2308 2773 oculorum,
2337 2711 2531 2762 tumor
2553 2710 2611 2760 et
2630 2699 2909 2781 superbia
2931 2699 3163 2761 animae.
3180 2699 3620 2781 Exbujusmodi

1973 2790 2152 2870 igitur
2182 2790 2472 2851 fructibus
2503 2789 2774 2851 arborem
2811 2806 3128 2867 cognosce,
3164 2789 3332 2850 etsic
3364 2790 3624 2869 perfecte

1971 2883 2125 2942 scies
2157 2883 2325 2959 cujus
2357 2880 2604 2961 spiritus
2652 2879 2729 2941 sit
2784 2884 3126 2959 quicunque
3187 2877 3293 2940 tibi
3323 2888 3618 2943 occurret.

1972 2970 2367 3031 hlanil‘estiora
2420 2970 2598 3049 hujus
2627 2967 2717 3030 rei
2746 2968 2967 3031 indicia
2996 2968 3220 3049 praebet
3248 2987 3355 3029 vox
3384 2967 3626 3030 Domini

1971 3058 2265 3121 dicentis:
2305 3083 2331 3114 α
2372 3060 2573 3120 Bonus
2612 3058 2791 3121 homo
2820 3057 2897 3119 de
2927 3059 3082 3121 bono
3114 3059 3393 3120 thesauro
3426 3058 3625 3121 cordis

1970 3149 2059 3208 sui
2087 3148 2305 3227 profert
2329 3147 2505 3223 bona,
2531 3157 2588 3208 et
2612 3148 2800 3208 malus
2822 3147 3001 3209 homo
3043 3147 3117 3209 de
3152 3146 3311 3208 malo
3345 3147 3622 3209 thesauro

234 3240 432 3318 ἀγαθοῦ
458 3224 723 3321 θησαυροῦ
749 3245 849 3308 τῆς
878 3224 1102 3320 καρδίας
1121 3224 1280 3296 αῦτοῦ
1308 3224 1551 3295 ἐκϐάλλει
1581 3239 1646 3294 τὰ
1674 3237 1844 3317 ἀγαθά
1870 3252 1883 3266 ⁸

1983 3224 2174 3296 cordis
2204 3236 2293 3297 sui
2327 3236 2550 3316 profert
2582 3236 2737 3296 mala
2765 3236 2867 3313 45;
2924 3260 2947 3290 ο»
3002 3234 3192 3317 qualis
3225 3234 3385 3297 enim
3415 3235 3618 3313 arbor,

234 3332 264 3385 ὁ
295 3327 348 3384 δὲ
369 3332 599 3410 πονηρὸς
618 3330 682 3403 ἐκ
710 3337 802 3386 τοῦ
822 3339 1053 3408 πονηροῦ
1079 3332 1339 3408 θησαυροῦ
1366 3328 1464 3395 τῆς
1493 3325 1704 3406 καρδίας
1735 3328 1892 3383 αὐτοῦ

233 3416 483 3475 ἐκϐάλλει
513 3421 578 3475 τὰ
608 3420 817 3497 πονηρά
854 3439 866 3454 ·
915 3438 946 3478 »
1003 3416 1186 3486 ἐπειδὴ
1218 3417 1354 3473 κατὰ
1394 3419 1457 3472 τὸ
1491 3415 1707 3496 ’δένδρον
1749 3416 1891 3471 καὶὸ

230 3509 438 3587 καρπὸς
469 3511 648 3570 αὐτοῦ.

320 3587 430 3660 λα’,
476 3598 566 3656 Ἐν
625 3602 711 3661 οἷς
769 3597 855 3654 οὖν
910 3598 1007 3654 εἰσὶ
1062 3597 1151 3653 καὶ
1206 3597 1619 3673 ἀναθεωροῦνται
1676 3594 1742 3650 τὰ
1797 3602 1892 3652 τοῦ

233 3689 386 3766 ἁγίου
431 3688 758 3768 Πνεῦματος,
830 3687 883 3744 ὲν
939 3687 1122 3749 αὐτοῖς
1178 3685 1288 3742 ἐστι
1340 3687 1429 3743 καὶ
1484 3686 1519 3752 ἡ
1579 3686 1887 3750 κατοίκησις

233 3786 330 3835 τοῦ
391 3786 522 3835 Θεοῦ
556 3798 569 3812 ·
643 3777 703 3834 ἐκ
764 3777 961 3834 τούτων
1024 3777 1113 3832 καὶ
1172 3777 1206 3844 ἡ
1250 3774 1518 3837 ἀθόλωτος
1574 3776 1727 3852 πηγὴ
1797 3781 1889 3829 τοῦ

230 3868 400 3947 λόγου
442 3870 579 3944 μετά
621 3867 805 3947 σοφίας
853 3868 941 3922 καὶ
983 3865 1256 3945 γνώσεως,
1314 3863 1412 3921 κάν
1454 3885 1511 3920 τε
1566 3861 1887 3920 ταπεινολο-

230 3966 450 4038 γοῦντες
476 3958 794 4032 ἀκούωνται,
826 3952 924 4012 κάν
954 3977 1011 4011 τε
1059 3954 1239 4031 ὑψηλὰ
1264 3953 1510 4033 λέγοντες
1539 3971 1554 3989 ⁶
1608 3953 1662 4009 ἐν
1720 3957 1804 4017 οἷς
1834 3950 1888 4008 δὲ

229 4053 333 4107 οῦκ
407 4049 820 4126 ἀναθεωροῦνται
901 4048 947 4101 οἱ
1024 4046 1214 4124 καρποὶ
1284 4047 1371 4100 καὶ
1448 4044 1513 4099 τὰ
1580 4044 1889 4122 χαρίσματα

227 4140 444 4211 τούτου,
479 4135 615 4193 ἀλλά
642 4146 736 4194 τοῦ
765 4135 999 4191 ἐναντίου
1042 4135 1365 4209 πνεύματος,
1407 4131 1460 4187 ἐν
1490 4136 1672 4195 αὐτοῖς
1701 4131 1890 4195 σκότος

230 4229 375 4284 ἐστὶν
408 4227 671 4304 ἀγνωσίας
703 4231 856 4304 Θεοῦ,
889 4223 1052 4299 ἐσμός
1099 4244 1156 4278 τε
1204 4225 1408 4301 παθῶν,
1463 4223 1550 4277 καὶ
1579 4222 1888 4286 κατοίκησις

1973 3325 2107 3386 talis
2137 3325 2386 3387 fructus.

2056 3593 2155 3656 3t.
2188 3591 2253 3653 In
2300 3591 2515 3672 quibus
2570 3590 2750 3670 igitur
2804 3597 2946 3652 sunt
3003 3598 3064 3653 et
3092 3588 3373 3652 videntur
3398 3591 3626 3654 fructus

1975 3681 2228 3763 Spiritus
2252 3682 2464 3755 sancti,
2492 3681 2553 3741 in
2577 3680 2664 3742 eis
2686 3681 2845 3743 Deus
2884 3678 3196 3755 inhabitat,
3235 3698 3307 3742 ex
3326 3679 3413 3742 eis
3441 3688 3630 3744 scatet

1972 3773 2104 3835 fons
2134 3771 2421 3851 limpidus
2450 3769 2745 3832 sermonis
2775 3767 3081 3850 sapientiae
3107 3777 3166 3830 et
3189 3769 3477 3852 scientiae,
3501 3771 3628 3833 sive

1971 3861 2221 3923 humilia
2249 3861 2518 3922 dicentes
2546 3859 2884 3933 audiantur,
2942 3858 3065 3921 sive
3122 3859 3301 3921 etiam
3351 3860 3526 3923 elata.
3559 3859 3626 3923 In

1971 3952 2186 4034 quibus
2216 3959 2410 4013 autem
2445 3970 2562 4011 non
2595 3949 2870 4010 videntur
2907 3949 3133 4010 fructus
3164 3958 3223 4012 et
3246 3949 3409 4031 dona
3437 3949 3622 4028 illius,

1972 4043 2076 4102 sed
2104 4040 2342 4119 maligni
2364 4040 2632 4120 spiritus,
2654 4038 2714 4100 in
2739 4039 2867 4101 istis
2912 4038 3173 4101 tenebrae
3198 4046 3337 4101 sunt
3364 4047 3424 4101 et
3451 4040 3630 4121 igno-

1972 4131 2166 4192 rantia
2190 4130 2315 4203 liei,
2337 4129 2721 4210 cupiditatum
2750 4147 3023 4204 examen,
3051 4138 3109 4190 et
3130 4128 3483 4190 inhabitatio
3512 4129 3632 4211 spi-

1971 4221 2189 4283 rituum
2225 4219 2638 4298 malignorum,
2675 4219 2797 4280 sive
2821 4218 3069 4280 humilia
3091 4219 3291 4279 dicant
3320 4226 3379 4279 et
3407 4219 3626 4294 ferant,

230 4316 508 4391 πολεμίων
538 4314 876 4389 πνευμάτων,
914 4311 1025 4368 εἴτε
1057 4313 1278 4369 ταπεινά
1306 4310 1652 4389 φθεγγόμενοι
1682 4311 1769 4366 καὶ
1798 4331 1888 4389 φο-

1983 4311 2094 4371 sive
2124 4308 2388 4388 superba
2413 4327 2548 4370 cum
2580 4306 2844 4369 vestibus
2904 4306 3319 4369 transmarinis
3350 4314 3408 4369 et
3434 4325 3624 4389 appa-

232 4416 449 4487 ροῦντες
482 4407 731 4484 ὁρῶνται,
778 4402 889 4458 εἴτε
930 4402 1112 4476 ὑψηλὰ
1167 4401 1303 4477 μετά
1347 4398 1543 4466 στολῆς
1574 4398 1758 4466 ὲξάλου
1800 4400 1888 4455 καὶ

230 4501 335 4563 τῆς
367 4493 693 4571 φαινομένης
725 4496 1074 4568 σεμνότητος,

318 4576 429 4661 λβ’.
465 4585 538 4642 Οὐ
566 4581 894 4661 προσώποις,
1030 4582 1332 4659 σχήμασιν,
1381 4580 1416 4647 ἢ
1476 4577 1655 4656 λόγοις
1712 4598 1892 4657 χαρα-

230 4660 538 4751 κτηρίζεται
595 4674 630 4738 ἡ
701 4660 947 4745 ἀλήθεια,
1022 4668 1137 4726 οῦδὲ
1195 4669 1248 4725 ἐν
1304 4670 1514 4732 τούτοϊς
1577 4668 1705 4731 Θεὸς
1761 4666 1892 4721 ἀνα-

234 4766 487 4842 παύεται,
578 4758 696 4816 ὰλλ⁹
782 4758 836 4815 ἐν
919 4757 1151 4839 καρδίαις
1237 4756 1722 4837 συντετριμμέναις,
1806 4757 1893 4811 καὶ

235 4853 501 4927 πνεύμασι
556 4849 954 4921 ταπεινώσεως,
1027 4849 1115 4904 καὶ
1189 4853 1396 4928 ψυχαῖς
1466 4845 1893 4927 πεφωτισμέναις

232 4945 342 4999 ὑπὸ
391 4945 490 5006 της
537 4940 784 5019 γνώσεως
843 4945 933 4993 του
990 4944 1143 4996 Θεοῦ.
1210 4946 1337 4995 Εστι
1396 4937 1496 5015 γὰρ
1552 4934 1640 4991 ὅτε
1705 4933 1892 4989 ὑποπί-

235 5031 441 5089 πτοντά
494 5052 613 5085 τινα
670 5027 849 5106 λόγοις
920 5030 1126 5107 ὁρῶμεν
1206 5026 1381 5102 ἐκτὸς,
1457 5029 1545 5082 καὶ
1614 5036 1891 5087 ταπεινοῖς

232 5128 373 5202 πρὸς
430 5120 603 5177 πάντα
659 5119 941 5198 χρώμενον
1011 5116 1234 5196 ῥήμασι,
1295 5118 1384 5172 τὸν
1444 5114 1658 5172 ἔπαινον
1709 5112 1892 5193 θηρώ-

238 5235 400 5290 μενον
472 5216 576 5265 τῶν
633 5209 918 5286 ἀνθρώπων
953 5223 966 5237 ⁸
1041 5206 1190 5270 ἐντὸς
1248 5204 1303 5262 δὲ
1354 5206 1578 5274 οἰήσεως
1635 5202 1888 5281 γέμοντα,

234 5302 420 5380 δόλου,
452 5300 540 5355 καὶ
568 5298 876 5376 βασκανίας,
909 5297 998 5353 καὶ
1040 5297 1172 5374 πρὸς
1221 5296 1312 5351 τὸν
1367 5292 1594 5361 πλησίον
1622 5312 1892 5369 μνησικα-

238 5396 360 5454 κίας
395 5409 410 5423 ’
461 5389 548 5445 καὶ
590 5386 730 5443 ἔστιν
774 5386 860 5443 ὅτε
918 5383 1001 5441 διὰ
1057 5383 1389 5451 δικαιοσύνην
1434 5382 1747 5463 μαχόμενόν
1776 5402 1893 5437 τινα

239 5481 426 5561 λόγοις
475 5475 712 5554 ὁψηλοῖς
755 5476 939 5554 σοφίας
992 5476 1201 5553 ὁρῶμεν
1245 5473 1419 5548 ἐκτὸς,
1466 5473 1554 5528 καὶ
1611 5470 1745 5528 κατά
1801 5478 1894 5527 τοῦ

239 5569 491 5647 ψεύδους,
524 5567 562 5636 ἢ
592 5572 690 5633 τῆς
734 5560 1092 5643 ’παραϐάσεως
1135 5568 1242 5618 τῶν
1297 5564 1449 5620 θείων
1506 5561 1684 5637 νόμων
1739 5560 1894 5617 ἱστά-

324 5792 392 5842 44
421 5786 449 5852 Ι
482 5789 625 5851 Cor.
656 5802 783 5861 x111,
822 5784 921 5848 tO.
1007 5785 1070 5837 45
1095 5782 1303 5848 Matth.
1333 5798 1442 5859 xu,
1477 5778 1577 5846 35.

1969 4408 2140 4461 rente
2172 4399 2512 4479 majestate.

2057 4578 2155 4640 3‘2.
2184 4578 2312 4639 Non
2340 4577 2531 4651 vultu,
2565 4596 2681 4637 non
2708 4576 2933 4649 habitu,
2970 4593 3088 4635 non
3115 4572 3311 4635 verbis
3337 4569 3624 4651 exprimi-

1978 4675 2073 4729 tur
2097 4667 2333 4746 veritas,
2358 4684 2467 4727 nec
2498 4665 2559 4726 in
2593 4664 2667 4726 iis
2687 4664 3009 4746 requiescit
3039 4663 3223 4739 Deus,
3257 4660 3364 4723 sed
3394 4660 3456 4721 in
3486 4679 3626 4722 cor-

1977 4757 2151 4819 dibus
2176 4755 2446 4817 contritis
2459 4754 2885 4835 spiritibusque
2899 4751 3227 4814 humilibus
3242 4769 3312 4813 ac
3324 4748 3627 4812 mentibus

1976 4846 2223 4906 scientia
2252 4843 2359 4905 Dei
2387 4843 2718 4905 illustratis.
2771 4841 3107 4923 Aliquando
3165 4839 3325 4902 enim
3357 4837 3628 4900 videmus

1976 4935 2233 5015 aliquem
2270 4933 2467 4995 verbis
2499 4932 2760 4994 exterius
2790 4950 2854 4993 se
2886 4930 3353 5012 deprimentem,
3389 4926 3630 4989 humili-

1977 5023 2209 5101 busque
2232 5041 2473 5103 semper
2498 5028 2762 5084 utentem
2787 5018 3163 5082 sermonibus
3179 5018 3252 5081 ad
3267 5017 3505 5080 laudem
3522 5017 3629 5079 bo-

1979 5112 2204 5174 minum
2240 5112 2621 5193 captandam,
2656 5110 2904 5172 interius
2934 5116 3133 5171 autem
3167 5106 3631 5189 praesumptione

1978 5204 2247 5282 plenum,
2276 5202 2627 5281 astutiaque,
2665 5221 2733 5263 ac
2762 5200 3010 5281 invidia,
3042 5207 3102 5260 et
3133 5195 3387 5260 memori
3415 5195 3630 5258 adver-

1976 5310 2081 5354 sus
2108 5290 2440 5371 proximum
2464 5290 2574 5353 ira.
2611 5290 2948 5371 Aliquando
2980 5298 3192 5351 contra
3220 5284 3490 5347 videmus
3512 5284 3627 5347 alid

1976 5400 2151 5462 quem
2181 5380 2440 5442 exterius
2473 5398 2575 5460 pro
2602 5380 2834 5461 justitia
2849 5386 3177 5442 certantem
3202 5374 3374 5438 elatis
3390 5373 3631 5456 sapien-

1976 5470 2072 5531 tiae
2102 5468 2320 5542 verbis,
2354 5477 2415 5531 et
2444 5469 2755 5531 mendacio
2785 5469 3194 5531 divinarumve
3223 5465 3421 5543 legum
3441 5474 3631 5524 trans-

1976 5557 2272 5638 gressioni
2300 5556 2713 5633 obsistentem,
2749 5567 2928 5640 atque
2956 5555 3144 5620 solam
3187 5554 3494 5617 veritatem
3526 5568 3628 5616 re-
