4126 6388
518 399 640 467 915

1811 399 2115 463 ΝΙΘΕΤίΕ
2159 398 2587 461 PECTORATI

3777 386 3900 454 916

518 532 896 614 spicientem,
930 534 1184 597 interius
1202 553 1342 597 vero
1371 535 1612 616 plenum
1637 533 1945 613 modestia,
1971 532 2134 594 humi
2159 570 2166 582 -

2260 554 2439 607 μενον,
2473 535 2718 613 καὶπρὸς
2763 535 2933 610 μόνην
2978 536 3180 611 ὁρῶντα
3231 530 3435 600 δηλαδὴ
3492 531 3590 598 τὴν
3633 529 3907 605 ἀλήθειαν,

520 620 704 703 litate,
769 630 830 685 et
891 623 1180 686 charitate
1239 643 1376 704 erga
1424 623 1781 705 proximum.
1846 622 2181 702 Aliquando

522 710 702 773 etiam
749 712 1009 795 aliquem
1063 713 1337 775 videmus
1387 713 1740 794 gloriantem
1789 712 1847 772 in
1899 711 2176 788 Domino,

521 799 685 863 Pauli
734 802 923 865 instar
978 804 1037 865 in
1096 804 1350 866 Domino
1407 803 1738 884 gloriantis,
1773 821 1841 865 ac
1871 804 2173 867 dicentis:

533 915 561 945 α
599 890 914 955 Gloriabor
942 893 1002 954 in
1026 893 1469 957 inﬁrmitatibus
1496 892 1647 955 meis
1673 892 1754 952 46.
1798 919 1819 949 υ

600 1157 700 1221 33.
735 1157 863 1220 Non
895 1159 1249 1221 exteriorem
1285 1178 1489 1221 eorum
1520 1179 1653 1241 quae
1673 1159 1929 1221 dicimus
1957 1162 2044 1221 vel
2079 1162 2166 1221 ft-

516 1246 730 1323 cimus,
763 1247 1048 1310 corticem
1083 1248 1329 1329 respivit
1364 1253 1536 1320 Deus,
1598 1250 1702 1309 sed
1749 1249 2170 1330 dispositiones

514 1336 874 1419 animarum,
901 1344 962 1398 et
986 1336 1378 1399 intentionem
1422 1357 1536 1419 qua
1562 1337 1651 1398 vel
1673 1337 1922 1400 facimus
1948 1339 2000 1399 al
2029 1339 2167 1419 quid

514 1425 949 1506 apparentium,
1013 1426 1101 1488 vel
1161 1427 1420 1488 dicimus
1479 1426 1701 1506 aliquid
1751 1427 2164 1505 cogitatorum.

517 1517 707 1595 Atque
735 1514 890 1577 sicut
918 1515 989 1577 ad
1023 1515 1339 1577 verborum
1374 1516 1484 1576 vim
1514 1523 1575 1576 et
1600 1514 1780 1576 finem
1806 1536 2052 1595 operum
2081 1527 2167 1578 at-

515 1606 769 1667 tendunt
802 1605 843 1667 ii
872 1604 973 1685 qui
1037 1605 1432 1684 intelligentia
1492 1606 1722 1666 caeteris
1779 1616 2078 1682 praestant,
2114 1616 2172 1668 et

514 1701 675 1755 certa
708 1694 788 1757 de
817 1694 937 1755 illis
966 1694 1163 1756 ferunt
1186 1695 1452 1774 judicia:
1509 1697 1595 1754 sic
1655 1718 1680 1748 α
1719 1696 1897 1756 homo
1929 1696 2167 1775 quidem

517 1781 758 1863 faciem,
787 1781 947 1844 Deus
975 1790 1171 1844 autem
1208 1801 1311 1843 cur
1341 1784 1602 1844 intuetur
1631 1783 1711 1841 47.
1753 1811 1775 1840 ν

594 1959 694 2020 34.
725 1960 829 2022 Dei
851 1959 1091 2022 decreto
1119 1968 1399 2025 statutum
1443 1971 1532 2022 est
1557 1971 1618 2022 ut
1638 1963 1697 2022 in
1721 1965 2169 2042 generationem

515 2057 571 2107 et
595 2048 1039 2127 generationem
1066 2070 1183 2112 non
1212 2052 1560 2114 desinerent
1584 2052 1887 2131 prophetm
1913 2063 1970 2114 ct
1995 2054 2169 2116 amici

517 2136 648 2215 ejus
672 2139 993 2219 praeparari
1014 2158 1047 2201 a
1073 2139 1296 2222 Spiritu
1325 2150 1551 2214 sancto,
1578 2141 1652 2203 ad
1677 2144 2168 2207 restaurationem

516 2226 801 2289 Ecclesia:
826 2228 1036 2309 ipsius.
1068 2229 1129 2292 Si
1167 2233 1325 2293 enim
1358 2231 1637 2311 antiquus
1665 2231 1846 2293 draco
1876 2252 1993 2293 non
2025 2233 2167 2296 des-

518 2314 919 2400 titit_vomere
955 2318 1213 2381 inaures
1246 2318 1549 2381 hominum
1587 2321 1808 2400 peccati
1843 2340 2160 2398 venenum,

518 2422 635 2484 quo
655 2393 864 2467 'anima
895 2408 1070 2469 morti
1100 2408 1395 2482 redditur,
1423 2393 1720 2489 quomodo
1752 2411 1849 2490 qui
1882 2411 2051 2475 ﬁnxit
2080 2393 2165 2474 si;

512 2491 762 2571 gillatim
795 2496 978 2557 corda
1008 2514 1239 2571 eorum,
1263 2516 1380 2558 non
1404 2497 1710 2558 suscitabit
1740 2518 1773 2559 a
1802 2507 1954 2561 terra
1978 2501 2169 2562 humi-

513 2581 693 2645 litatis
724 2586 991 2666 inopem,
1044 2594 1104 2648 et
1152 2604 1182 2649 a
1243 2586 1631 2667 cupiditatum
1687 2595 1952 2651 stercore
1984 2590 2167 2669 eriget

514 2688 865 2754 pauperem,
892 2674 1091 2736 ferens
1108 2674 1643 2753 gladiumspiritus.
1673 2676 1775 2756 qui
1803 2687 1891 2738 est
1922 2678 2163 2740 vertum

520 2759 623 2821 Dei
647 2761 730 2834 48,
751 2762 809 2822 in
823 2762 1180 2842 adjutorium
1202 2763 1563 2824 haereditatis
1584 2783 1704 2826 sua:
1726 2768 1754 2825 ?
1784 2768 2165 2830 Convenien-

520 2857 609 2910 ter
639 2848 818 2928 igitur
874 2852 947 2912 ab
1007 2850 1342 2913 humilitate
1402 2852 1760 2933 incipientes
1808 2857 1909 2935 qui
1938 2858 2168 2936 seipsos

515 2936 908 3024 abnegarunt,
939 2939 1010 3001 ad
1064 2940 1358 3020 fastigium
1409 2941 1675 3004 scientia;
1734 2956 2075 3024 properant,
2110 2959 2164 3009 et

518 3023 691 3087 datur
710 3027 798 3090 eis
815 3029 1077 3109 desuper
1097 3029 1339 3090 verbum
1366 3029 1692 3110 sapientia),
1721 3023 1934 3095 virtute
1961 3036 2085 3101 Dei,
2108 3047 2168 3097 ut

516 3117 1055 3195 evangelizantibus
1077 3119 1325 3181 salutem
1358 3119 1639 3183 Ecclesize
1672 3123 1820 3202 ejus.

595 3293 692 3358 35.
736 3316 764 3356 ‹
796 3295 984 3358 Nosce
1016 3298 1299 3379 teipsum,
1336 3323 1362 3354 ιι
1428 3300 1551 3361 haec
1597 3308 1687 3361 est
1738 3318 1872 3363 vera
1906 3311 1958 3363 et
1993 3303 2170 3365 realis

514 3381 802 3446 factorum
832 3385 1153 3461 humilitas,
1196 3406 1329 3469 quae
1366 3387 1542 3451 docet
1582 3389 1972 3453 humilitatem
2006 3392 2167 3470 cogi-

515 3471 829 3555 tationum,
863 3492 969 3536 cor
1011 3476 1402 3548 conterenda,
1439 3486 1497 3539 et
1527 3478 1801 3539 eamdem
1835 3479 2167 3560 producere

512 3560 626 3624 scit
646 3569 1094 3627 etconservare.
1119 3563 1181 3628 Si
1204 3583 1349 3626 vero
1383 3567 1647 3628 nondum
1683 3568 1935 3647 teipsum
1971 3589 2161 3632 nove—

512 3652 617 3722 ris,
645 3669 842 3734 ueque
862 3653 983 3715 scis
1004 3654 1144 3734 quid
1172 3654 1247 3715 sit
1270 3653 1601 3730 humilitas,
1626 3674 1735 3718 nec
1746 3661 2065 3737 pervenisti
2091 3661 2162 3719 ad

510 3759 711 3802 veram
733 3743 864 3823 ejus
884 3743 1292 3824 operationem
1304 3752 1361 3807 et
1377 3746 1704 3807 custodiam
1725 3748 2161 3827 ;namseipsum

512 3848 874 3908 cognoscere
905 3838 994 3894 est
1025 3832 1310 3913 perfectio
1342 3833 1705 3913 operationis
1729 3834 2037 3897 virtutum.

596 3919 696 3983 36.
747 3919 857 3991 Qui
911 3938 1019 4001 per
1078 3922 1393 4001 puritatem
1447 3924 1520 3985 ad
1579 3923 1886 3985 st-ientiam
1939 3924 2164 3986 entiam

509 4009 801 4085 ascendit,
832 4010 1093 4090 seipsum
1122 4012 1302 4083 novit,
1327 4024 1501 4090 prout
1522 4013 1747 4073 dictum
1775 4022 1902 4075 est:
1937 4040 1960 4069 α
1980 4014 2168 4076 Nosce

512 4099 793 4177 teipsum.
833 4124 860 4155 ι
896 4098 1007 4171 Qui
1036 4113 1236 4161 autem
1271 4100 1534 4162 nondum
1566 4103 1928 4162 ascenditad
1963 4106 2166 4165 scien-

510 4186 652 4248 tiam
686 4196 744 4249 et
769 4186 1067 4250 rationum
1099 4189 1417 4251 creationis
1470 4202 1526 4253 et
1587 4190 1918 4252 divinarum
1953 4195 2165 4254 huma-

510 4294 841 4359 narumque
870 4296 1095 4359 rerum,
1126 4278 1288 4339 novit
1319 4278 1561 4359 quidem
1595 4299 1725 4359 qua:
1754 4290 1889 4341 sunt
1921 4283 2082 4344 circa
2104 4302 2169 4344 se

510 4372 570 4426 et
598 4383 731 4446 qua;
757 4374 918 4428 extra
951 4385 1040 4447 se,
1074 4366 1338 4447 seipsum
1370 4376 1567 4430 autem
1603 4369 1961 4430 nullatenus.

2267 622 2353 676 καὶ
2385 620 2531 683 ἐντὸς
2574 622 2751 689 πάσης
2808 619 2933 678 ὄντα
2983 622 3450 702 μετριοφροσύντις,
3514 616 3910 685 ταπεινώσεως,

2265 711 2352 766 καὶ
2381 709 2597 787 ἀγάπης
2622 713 2754 790 πρὸς
2783 713 2873 767 τὸν
2902 709 3130 777 πλησίον
3163 728 3177 742 ·
3240 709 3341 767 ἔσθ’
3392 708 3480 765 ὅτε
3508 708 3595 763 καὶ
3622 703 3914 783 καυχώμε-

2264 822 2353 856 νον
2383 798 2435 855 ἐν
2468 801 2660 879 Κυρίῳ,
2696 802 2831 859 κατὰ
2861 802 2952 857 τὸν
2977 800 3112 857 οὕτω
3140 799 3364 878 λέγοντα
3410 795 3613 855 Παῦλον
3673 795 3761 850 καὶ
3789 814 3916 848 καυ-

2261 887 2507 967 χώμενον
2552 888 2606 944 ἐν
2640 891 2829 969 Κυρίῳ,
2864 890 3000 947 κατὰ
3026 891 3115 946 τὸν
3146 890 3283 946 οὕτω
3310 888 3536 967 λέγοντα
3563 884 3796 961 Παῦλον,
3825 883 3913 937 καὶ

2257 977 2614 1058 καυχώμενον
2660 979 2715 1035 ἐν
2746 980 2918 1059 Κυρίῳ
2951 998 2966 1014 ⁸
3019 1001 3043 1035 α
3092 980 3451 1059 Καυχήσομαι
3502 975 3555 1030 ἐν
3595 987 3718 1035 ταῖς
3749 970 3910 1026 ἀσθε-

2257 1070 2417 1131 νείαις
2462 1090 2563 1141 μου
2575 1116 2587 1129 ,
2626 1090 2653 1121 ι

2334 1145 2442 1232 λγ..
2491 1158 2564 1213 Οὔ
2614 1163 2719 1213 τῶν
2748 1156 2877 1236 παρ’
2929 1159 3083 1233 ἡμῶν
3130 1156 3456 1236 λεγομένων,
3503 1155 3540 1223 ἢ
3597 1148 3903 1232 πραττόμέ-

2252 1265 2356 1299 νων
2382 1244 2480 1310 τὴν
2537 1244 2842 1325 ἐπιφάνειαν
2900 1248 2995 1325 ὁρᾷ
3038 1248 3067 1302 6
3121 1248 3277 1321 Θεὸς,
3322 1244 3459 1301 ἀλλα
3509 1245 3604 1306 τὰς
3648 1239 3899 1299 διαθέσεις

2252 1337 2356 1388 τῶν
2389 1336 2603 1413 ψυχῶν,
2650 1336 2738 1391 καὶ
2784 1336 2876 1391 τὸν
2935 1336 3136 1392 σκοπὸν
3192 1333 3258 1391 δι’
3314 1336 3372 1390 ὃν
3422 1333 3457 1401 ἢ
3499 1328 3798 1411 πράττομέν
3850 1349 3900 1382 τι

2251 1425 2357 1475 τῶν
2401 1421 2707 1500 ὁρωμένων,
2768 1423 2805 1491 ἢ
2853 1422 3080 1502 λέγομέν
3110 1446 3160 1480 τι
3191 1429 3297 1480 τῶν
3325 1421 3620 1498 νοουμένων
3652 1440 3669 1453 ο
3724 1418 3905 1493 ὥσπερ

2252 1506 2316 1576 δὴ
2346 1511 2434 1566 καὶ
2469 1512 2563 1573 τὰς
2594 1509 2838 1587 δυαάμεις
2866 1518 2973 1568 τῶν
3004 1512 3204 1591 λόγων,
3235 1513 3407 1571 καὶτὰ
3430 1509 3560 1577 τέλη
3579 1516 3684 1567 τῶν
3706 1508 3904 1586 ἔργων,

2254 1601 2300 1654 οἱ
2329 1598 2531 1656 συνέσει
2561 1606 2666 1657 τῶν
2710 1600 2912 1658 λοιπῶν
2941 1600 3330 1681 διαφέρουντες,
3364 1603 3523 1679 ὁρῶσι
3557 1597 3784 1674 μᾶλλον,
3817 1595 3908 1650 καὶ

2252 1689 2345 1754 τὰς
2375 1690 2569 1768 κρίσεις
2622 1692 2820 1747 τούτων
2865 1698 3100 1749 ποιοῦσιν
3157 1689 3537 1771 ἀνεπισφαλεῖς
3574 1709 3586 1721 ·
3635 1688 3773 1744 κατὰ
3820 1685 3909 1740 καὶ

2257 1774 2524 1857 ἅνθρωπος
2568 1780 2663 1855 μὲν
2718 1783 2790 1844 εἷς
2846 1785 3153 1861 πρόσωπον,
3210 1784 3239 1838 6
3295 1779 3349 1835 δὲ
3405 1781 3534 1843 Θεὸς
3565 1779 3639 1841 εἷς
3688 1771 3905 1854 καρδίαν

2256 1868 2371 1945 ὁρᾷ.

2337 1947 2440 2019 λδ’.
2474 1960 2547 2015 Οὔ
2588 1957 2699 2017 δεῖν
2758 1959 2935 2039 ἐκρίθη
2989 1967 3104 2034 Θεῷ
3147 1959 3224 2035 μὴ
3280 1959 3415 2014 κατὰ
3473 1956 3658 2034 γενεὰς
3685 1957 3774 2011 καὶ
3805 1973 3904 2029 γε-

2256 2048 2401 2121 νεὰς,
2475 2051 2752 2128 προφήτας
2809 2049 2965 2106 αὖτοῦ
3021 2050 3108 2105 καὶ
3176 2046 3355 2129 φίλους
3427 2044 3905 2114 κατασκευάζεσθαι

2255 2136 2337 2194 διὰ
2408 2139 2733 2214 Πνεύματος,
2822 2141 2894 2203 εἷς
2963 2140 3321 2218 καταρτισμὸν
3404 2142 3501 2203 τῆς
3578 2133 3907 2201 Ἐκκλησίας

2250 2227 2429 2289 αὺτοῦ.
2467 2230 2523 2284 Εἰ
2568 2229 2669 2308 γὰρ
2720 2232 2747 2285 6
2804 2229 3032 2293 παλαιὸς
3090 2227 3292 2307 δράκων
3338 2229 3439 2307 οὐχ
3494 2228 3692 2306 ὑφῆκεν
3751 2224 3904 2298 ἐμεῖν

2248 2318 2339 2372 τὸν
2369 2318 2448 2372 ἰὸν
2478 2318 2578 2383 τῆς
2609 2319 2867 2398 ἁμαρτίας
2916 2319 2968 2375 ἐν
3017 2333 3141 2384 ταῖς
3192 2318 3383 2379 ἀκοατς
3432 2322 3537 2371 τῶν
3591 2314 3902 2385 ἀνθρώπων,

2249 2403 2316 2460 δι’
2347 2407 2406 2461 οὗ
2432 2405 2592 2463 πάλιν
2623 2410 2650 2464 6
2679 2412 2776 2473 τῆς
2837 2412 3023 2487 ψυχῆς
3081 2407 3367 2485 ἐπιγίνεται
3431 2404 3670 2483 ὄλεθρος,
3728 2403 3845 2465 πῶς
3877 2405 3904 2458 ὁ

2249 2493 2457 2558 πλάσας
2512 2496 2647 2551 κατὰ
2705 2498 2872 2571 μόνας
2941 2498 3036 2560 τὰς
3095 2494 3305 2576 καρδίας
3356 2496 3535 2570 ἡμῶν,
3590 2494 3649 2550 οὔ
3699 2492 3904 2558 πένητα

2250 2584 2356 2640 ἀπὸ
2428 2590 2527 2662 γῆς
2586 2586 2955 2652 ταπεινώσεως
3012 2588 3299 2657 ἀναστήσει
3334 2602 3348 2618 ⁸
3394 2587 3482 2643 καὶ
3525 2584 3631 2640 ἀπὸ
3684 2584 3903 2661 κοπρίας

2250 2673 2430 2729 παθῶν
2488 2674 2673 2753 ἐγείρει
2730 2680 2975 2756 πτωχὸν,
3037 2678 3137 2744 τὴν
3192 2684 3283 2733 τοῦ
3354 2676 3652 2749 πνεύματος
3707 2672 3899 2751 ἐπιφε-

2250 2761 2468 2840 ρόμενος
2537 2764 2830 2845 μάχαιραν,
2890 2765 2918 2820 ὅ
2976 2765 3086 2821 ἐστι
3142 2767 3286 2843 ῥῆμα
3340 2773 3492 2834 Θεοῦ,
3540 2764 3610 2828 εἷς
3652 2762 3900 2838 βοήθειαν

2248 2852 2347 2916 τῆς
2407 2848 2761 2931 κληρονομίας
2819 2858 3023 2934 αιῖιτοῠ;
3088 2856 3315 2920 Εἰκότως
3370 2854 3458 2911 οὗν
3516 2851 3576 2909 ἐκ
3630 2850 3899 2907 ταπεινώ-

2250 2960 2383 3005 σεως
2479 2940 2770 3021 ἀρχόμενοι
2864 2947 2911 3001 οἱ
3001 2946 3212 3010 ἑαυτοὺς
3280 2944 3687 3022 ἀπαρνούμενοι,
3770 2944 3899 3020 πρὸς

2249 3027 2379 3104 ὕψος
2434 3028 2785 3112 ἀνατρέχουσι
2833 3033 3107 3110 γνώσεως,
3158 3034 3246 3089 καὶ
3293 3031 3484 3089 δίδοται
3542 3034 3721 3096 αὐτοῖς
3764 3030 3900 3087 ἄνω-

2188 3122 2335 3210 εθεν
2365 3118 2510 3196 ῥῆμα
2542 3121 2748 3201 σοφίας,
2802 3119 3016 3198 δτνάμει
3074 3129 3227 3197 Θεοῦ,
3287 3124 3358 3187 ὡς
3415 3118 3901 3199 εὖαγγελιζομένοις

2253 3209 2515 3283 σωτηρίαν
2560 3215 2627 3286 τῇ
2659 3209 2951 3279 Ἐκκλησία
2983 3211 3159 3273 αὐτοῦ.

2332 3289 2436 3359 λε’,
2488 3319 2511 3354 α
2565 3302 2729 3355 Γνῶθι
2774 3300 2963 3356 σαυτόν
2999 3315 3012 3329 ’
3054 3323 3078 3354 n
3112 3300 3200 3356 καὶ
3242 3300 3395 3356 τοῦτό
3427 3299 3567 3356 ἐστιν
3596 3300 3631 3365 ἡ
3676 3296 3902 3364 ἀληθινῆ

2251 3394 2330 3462 τῷ
2370 3386 2481 3445 δ’ντι
2536 3389 2869 3464 ταπείνωσις,
2915 3391 2950 3457 ἡ
3008 3396 3441 3469 ταπεινοφρονεὺν
3505 3385 3902 3466 ἐκδιδάσκουσα,

2249 3478 2284 3543 ἡ
2337 3477 2677 3556 συντρίβουσα
2719 3478 2817 3538 τὴν
2874 3476 3110 3558 καρδίαν,
3168 3480 3255 3533 καὶ
3313 3478 3438 3533 αὖτὸ
3489 3487 3642 3536 τοῦτο
3692 3476 3903 3555 ἐργάζε-

2248 3569 2422 3636 ζεσθαι
2479 3567 2568 3622 καὶ
2624 3564 2935 3647 φυλάσσειν.
2996 3569 3053 3625 Εἰ
3111 3565 3166 3623 δὲ
3223 3569 3390 3642 μήπω
3460 3565 3623 3644 ἔγνως
3684 3567 3900 3635 σαυτὸν,

2249 3653 2364 3712 οὔτε
2407 3657 2456 3712 τί
2504 3654 2613 3711 ἐστι
2671 3657 2987 3722 ταπείνωσις
3031 3654 3205 3728 οἶδας,
3266 3657 3383 3712 οὔτε
3439 3654 3567 3731 ἥψω
3609 3677 3706 3721 της
3763 3653 3899 3721 5:11.-

2246 3747 2362 3809 θοῦς
2390 3744 2632 3824 ἐργασίας
2661 3747 2747 3801 καὶ
2778 3745 3012 3826 φυλακῆς
3049 3763 3063 3778 ⁸
3114 3748 3175 3801 τὸ
3207 3746 3306 3824 γὰρ
3349 3746 3530 3801 ἑαυτὸν
3575 3744 3896 3823 ἐπεγνῶναι,

2246 3831 2394 3899 τέλος
2436 3835 2539 3915 τῆς
2559 3841 2666 3890 τῶν
2693 3834 2893 3914 ἀρετῶν
2939 3835 3203 3915 ἐργασίας,

2329 3912 2465 3996 λς’.
2527 3914 2584 3980 Ὀ
2643 3912 3116 4004 ἐπι-καθαρότητος
3176 3926 3247 3990 εἷς
3315 3931 3509 4003 γνῶσιν
3567 3946 3671 3979 των
3731 3922 3903 3979 ὄντων

2251 4009 2462 4085 ἐλάσας,
2512 4009 2648 4089 ἔγνω
2687 4013 2894 4087 ἑαυτὸν,
2956 4014 3093 4069 κατὰ
3145 4016 3205 4069 τὸ
3270 4012 3590 4093 εἰρημένον·
3654 4034 3677 4061 α
3736 4016 3907 4069 Γνῶθι

2250 4100 2439 4155 σαυτόν
2474 4118 2489 4135 ⁸
2558 4123 2581 4157 »
2632 4104 2659 4157 6
2716 4100 2770 4157 δὲ
2802 4104 2969 4176 μήπω
2998 4105 3069 4167 εἷς
3099 4103 3293 4180 γνῶσιν
3323 4103 3602 4183 πεφθακὼς
3645 4105 3816 4160 αὐτῶν
3848 4122 3907 4157 τε

2250 4195 2356 4243 τῶν
2386 4187 2561 4267 λόγων
2590 4191 2685 4258 τῆς
2743 4192 2985 4262 κτίσεως,
3048 4194 3135 4249 καὶ
3195 4198 3300 4247 τῶν
3351 4195 3501 4248 θείων
3561 4194 3648 4248 καὶ
3704 4192 3906 4269 ἀνθρω-

2251 4279 2416 4333 πίνων
2462 4280 2813 4357 πραγμάτων,
2863 4280 3000 4358 ἔγνω
3048 4282 3144 4348 μὲν
3201 4282 3265 4336 τὰ
3320 4282 3437 4357 περὶ
3496 4283 3651 4339 αὐτὸν
3694 4282 3782 4336 καὶ
3840 4281 3909 4335 τὰ

2252 4366 2402 4432 ἐκτὸς
2432 4370 2610 4448 αὐτοῦ,
2651 4369 2837 4425 ἑαυτὸν
2880 4368 2935 4425 δὲ
2966 4368 3227 4445 οὐδαμῶς.

591 4445 691 4517 37.
724 4454 855 4517 Non
885 4445 1042 4517 idem
1076 4445 1183 4536 ego
1215 4464 1270 4517 et
1302 4474 1432 4537 quae
1487 4467 1624 4519 sunt
1655 4460 1983 4521 secundum
2020 4481 2116 4522 me
2150 4483 2165 4537 ;

2332 4445 2434 4526 λζ’.
2499 4456 2605 4514 Οὔκ
2660 4457 2713 4514 εἴ
2768 4481 2817 4515 τι
2881 4459 3012 4538 ἐγὼ,
3056 4466 3212 4517 τοῦτο
3253 4460 3463 4523 πάντως
3522 4460 3608 4515 καὶ
3664 4459 3728 4513 τὰ
3784 4457 3909 4514 κατ’

509 4562 624 4606 nec
651 4544 809 4607 idem
830 4563 960 4626 qua:
982 4554 1118 4607 sunt
1146 4547 1476 4608 secundum
1503 4567 1598 4609 me
1630 4557 1687 4609 et
1709 4567 1840 4631 qua:
1853 4560 1987 4610 sunt
2012 4553 2171 4611 circa

510 4651 640 4705 me;
677 4653 787 4695 nec
809 4634 973 4696 idem
1000 4654 1132 4716 quaa
1153 4645 1289 4699 sunt
1314 4636 1474 4697 circa
1495 4656 1589 4698 me
1612 4645 1819 4718 etquae
1843 4646 2003 4699 extra
2035 4659 2165 4711 me;

506 4722 612 4785 sed
642 4722 804 4785 aliud
838 4724 985 4798 haec,
1019 4725 1178 4785 aliud
1211 4726 1337 4797 illa,
1392 4725 1549 4788 aliud
1584 4735 1820 4788 caztera.
1856 4726 1975 4805 Ego
2009 4731 2166 4790 enim

504 4811 748 4893 quidem
773 4812 967 4892 imago
991 4832 1122 4875 sum
1147 4814 1280 4890 Dei,
1309 4815 1369 4876 in
1390 4816 1587 4877 anima
1610 4816 2024 4892 intellectuali,
2048 4819 2165 4878 im-

506 4901 742 4964 mortali
765 4910 825 4964 et
854 4902 1126 4965 rationali
1168 4912 1496 4984 spectatus,
1550 4913 1752 4983 utpote
1795 4905 2163 4968 intellectum

507 4989 734 5053 habens
755 4991 920 5054 verbi
945 5003 1199 5069 patrem,
1227 5002 1285 5054 et
1313 4993 1385 5054 ab
1417 4994 1615 5055 anima
1649 4994 1965 5055 indivisum
1989 4996 2164 5076 eique

503 5080 1097 5146 consubstantialem.
1132 5082 1273 5154 Quae
1302 5090 1499 5143 autem
1534 5092 1868 5165 suntpenes
1895 5095 2165 5147 me.sunt

502 5169 666 5249 regia
690 5170 975 5249 dignitas,
1016 5171 1408 5252 principatus,
1444 5172 1594 5234 ratio
1624 5182 1682 5233 et
1716 5174 1967 5234 liberum
2000 5174 2161 5236 arbi-

500 5258 702 5321 trium.
742 5258 886 5332 Quze
917 5277 1055 5321 vero
1078 5262 1240 5322 circa
1264 5279 1383 5337 me,
1413 5270 1549 5322 sunt
1577 5262 1864 5343 quidquid
1889 5263 2166 5328 facultate

502 5347 897 5427 electivaeligi
912 5357 1343 5430 potest,utesse
1356 5350 2163 5428 agricolam,negotiatorem,

503 5438 984 5502 mathematicum
999 5440 1088 5500 vel
1108 5439 1557 5519 philoSOphum.
1581 5440 1975 5513 Quaedemum
1997 5450 2163 5504 extra

499 5543 619 5602 me,
644 5526 932 5609 quidquid
946 5527 1245 5591 attinetad
1259 5529 1633 5590 saecularium
1653 5530 1831 5592 hono:
1851 5549 1950 5590 um
1981 5550 2153 5594 amo-

2252 4544 2347 4621 ἐμέ
2380 4563 2395 4579 ⁸
2445 4544 2557 4604 οὐδὲ
2587 4546 2640 4602 εἴ
2669 4570 2719 4603 τι
2750 4549 2814 4605 τὰ
2844 4548 2966 4605 κατ’
2998 4548 3115 4624 ἐμέ,
3151 4559 3305 4607 τοῦτο
3352 4550 3438 4605 καὶ
3481 4550 3546 4605 τὰ
3594 4549 3710 4627 περὶ
3754 4547 3852 4621 ἐμέ
3888 4563 3904 4578 ⁸

2252 4633 2367 4692 οὐδὲ
2412 4636 2463 4692 εἴ
2507 4659 2556 4691 τι
2588 4640 2653 4692 τὰ
2710 4639 2826 4716 περὶ
2878 4636 2997 4713 ἐμὲ,
3047 4642 3211 4696 τοῦτο’
3258 4640 3347 4695 καὶ
3404 4639 3470 4694 τὰ
3515 4636 3663 4703 ἐκτὸς
3719 4636 3856 4711 ἐμοῦ
3890 4657 3905 4674 ·

2251 4723 2372 4781 ἀλλ’
2403 4724 2532 4782 ἄλλο
2559 4733 2746 4797 ταῦτα,
2779 4728 2866 4783 καὶ
2896 4724 3027 4784 ἄλλο
3058 4727 3262 4802 ἐκεῖνα,
3323 4728 3411 4783 καὶ
3461 4725 3593 4782 ἄλλο
3622 4727 3687 4787 τὰ
3715 4724 3854 4783 ἄλλα
3892 4744 3905 4758 ·

2250 4814 2358 4892 ἐγὼ
2400 4816 2497 4890 μὲν
2527 4817 2627 4895 γὰρ
2671 4816 2825 4871 εἰκών
2881 4818 2988 4892 εἰμι
3023 4823 3177 4895 Θεοῦ,
3232 4814 3285 4870 ἐν
3330 4820 3483 4895 ψυχῇ
3530 4822 3683 4893 νοερᾷ
3729 4836 3787 4871 τε
3818 4821 3910 4874 καὶ

2248 4904 2488 4978 ἀθανάτῳ
2552 4906 2642 4961 καὶ
2710 4904 2902 4984 λογικῇ
2970 4906 3347 4983 θεωρούμενος,
3422 4907 3494 4969 ὡς
3571 4912 3690 4959 νοῦν
3752 4903 3909 4984 ἔχων

2246 4991 2528 5071 τοῦλόγου
2577 4993 2803 5074 πατέρα,
2858 4996 2947 5050 καὶ
3003 4994 3100 5061 τῆς
3158 4993 3339 5073 ψυχῆς
3388 4991 3679 5073 ἀδιαίρετόν
3732 5014 3789 5048 τε
3820 4996 3912 5049 καὶ

2638 5084 2704 5139 τὰ
2755 5081 2810 5140 δέ
2858 5104 2918 5162 γε
2947 5083 3065 5139 κατ’
3096 5083 3217 5158 ἐμὲ,
3249 5085 3311 5139 τὸ
3339 5080 3613 5159 βασιλικόν
3659 5082 3795 5162 ἐστι,
3847 5086 3912 5139 τὸ

3568 5174 3633 5229 τα
3691 5171 3746 5228 δὲ
3790 5195 3859 5229 πε
3866 5175 3912 5251 gi

2250 5085 2530 5158 ὁμοούσιον
2563 5099 2578 5114 ”

2249 5173 2496 5253 ἀρχικὸν,
2529 5176 2590 5231 τὸ
2634 5173 2847 5251 λογίκόν
2888 5194 2945 5229 τε
2995 5174 3083 5230 καὶ
3140 5170 3467 5237 αὖτεξούσιον
3504 5189 3517 5203 ⁸

2248 5260 2366 5342 ἐμὲ,
2441 5261 2541 5319 ὅσα
2593 5264 2654 5320 ἐκ
2717 5262 3071 5342 προαιρέσεως
3128 5262 3358 5341 αἱρετέα,
3424 5264 3484 5317 τὸ
3539 5264 3773 5340 γεωργὸν
3828 5278 3911 5320 εἶ-

2248 5375 2353 5423 ναι,
2390 5353 2425 5422 ἢ
2458 5353 2716 5432 ἒμπορον,
2749 5352 2785 5420 ἢ
2819 5353 3217 5427 μαθηματικὸν,
3265 5354 3300 5418 ἢ
3355 5350 3643 5431 φιλόσοφον
3679 5368 3692 5381 ⁸
3754 5354 3819 5407 τὰ
3852 5352 3910 5409 δὲ

2244 5440 2394 5507 ἐκτὸς
2424 5442 2574 5517 ἐμοῦ,
2634 5440 2735 5497 ὅσα
2775 5462 2833 5497 τε
2888 5442 3005 5519 περὶ
3067 5442 3129 5496 τὸ
3182 5438 3463 5519 φιλότιμον
3526 5447 3618 5496 τοῦ
3672 5441 3786 5517 βίου
3819 5451 3913 5506 καὶ

2238 5530 2338 5597 τὴν
2368 5532 2516 5588 κάτω
2571 5530 2859 5609 εὐγένειαν,
2918 5528 3167 5604 πλοῦτος,
3225 5528 3371 5603 δόξα,
3430 5529 3591 5608 τιμὴ,
3644 5532 3913 5611 εὖημερία

573 5739 639 5789 46
666 5738 690 5801 Ι
716 5739 853 5803 Cor.
886 5756 990 5802 xu.
1025 5743 1089 5802 9.
1173 5743 1233 5794 ιτ
1262 5743 1288 5805 Ι
1318 5743 1461 5822 Reg.
1497 5761 1625 5821 xvi,
1659 5744 1729 5819 7;
1766 5744 1923 5809 Psal.
1955 5763 2058 5827 νη,
2098 5746 2166 5809 10

2288 5748 2349 5798 48
2378 5744 2600 5827 Ephes.
2636 5761 2714 5825 vr,
2751 5746 2846 5808 17.
