4126 6376
262 372 386 440 917

1249 392 1745 459 PHYSICORUM
1788 391 2130 475 CAPITUM
2173 394 2566 461 CENTURIA
2613 399 2671 460 II

3547 389 3666 455 918

262 517 355 615 καὶ
396 518 530 615 ῦψος
586 523 922 615 ἀξιωμάτων,
1076 534 1138 588 τὸ
1181 531 1470 613 ἀνάπαλιν,
1514 533 1688 607 πενία,
1724 530 1921 606 ἀδοξία,

2022 545 2137 592 rem
2172 537 2463 615 terraeque
2511 533 2691 614 hujus
2738 531 3135 608 nobilitatem,
3170 529 3412 607 divitia,
3445 527 3657 606 gloria,

264 603 474 685 ἀτιμία,
522 615 609 670 καὶ
651 613 708 671 δυ
717 603 935 698 στυχία..

436 776 449 795 .

351 783 423 853 λη
452 836 466 849 .
501 796 613 857 Πᾶς
642 796 671 851 ὁ
700 796 884 853 ἑαυτὸν
926 797 1197 878 ἐπιγνοὺς,
1249 802 1579 859 κατέπαυσεν
1636 802 1745 859 ἀπὸ
1787 801 1928 858 πάν-

267 892 379 965 των
411 883 516 933 τῶν
560 880 729 962 ἔργων
777 887 938 944 αὖτοῦ
985 896 1092 945 τῶν
1154 891 1291 947 κατὰ
1348 893 1501 965 Θεὸν,
1562 892 1651 948 καὶ
1694 889 1932 957 εἰσῆλθεν

268 961 347 1025 εἷς
404 967 466 1022 τὸ
496 971 855 1061 *ἁγιαστήριον
908 987 1001 1037 τοῦ
1058 986 1213 1059 Θεοῦ,
1257 981 1355 1048 τὴν
1399 981 1583 1061 νοερὰν
1624 987 1716 1037 τοῦ
1759 980 1928 1036 Πνεύ-

262 1072 437 1146 ματος
493 1056 844 1143 λειτουργίαν,
904 1068 992 1123 καὶ
1049 1070 1123 1134 εἷς
1176 1056 1368 1146 λιμένα
1422 1056 1568 1127 θεῒον
1625 1074 1723 1137 τῆς
1780 1068 1928 1125 ἀπα-

255 1142 404 1205 θείας
449 1148 536 1203 καὶ
579 1156 950 1219 ταπεινώσεως
980 1171 994 1185 ⁸
1058 1160 1086 1214 ὁ
1142 1156 1197 1215 δὲ
1257 1161 1425 1235 μήπω
1468 1160 1652 1216 ἑαυτὸν
1710 1156 1794 1214 διὰ
1836 1180 1926 1214 τα·

254 1238 677 1335 πεινοῗροσξςνης
770 1246 856 1301 καὶ
927 1245 1177 1323 γνώσεως
1253 1247 1523 1328 ἐπιγνοὺς,
1595 1247 1649 1303 ἓν
1734 1248 1927 1328 μόχθῳ

257 1323 457 1416 ἔτι-καὶ
483 1323 687 1416 ,ἱδρῶτι
737 1333 873 1388 κατά
921 1335 1014 1389 τὸν
1068 1336 1182 1411 βίον
1243 1323 1545 1416 πορεύεταί.
1602 1342 1767 1394 Τοῦτο
1811 1323 1924 1413 γὰρ

260 1407 363 1501 iui,
395 1408 560 1501 Δίῗϐἶδ
610 1418 970 1496 αἰνιττόμενος
1015 1421 1163 1501 ἔλεγε
1198 1443 1215 1461 ⁸
1268 1407 1326 1479 ‹ί¹
1355 1432 1519 1482 Τοῦτο
1568 1423 1734 1489 κόπος
1787 1407 1925 1478 ἐστὶν

266 1490 499 1636 ἓώπιόν
542 1522 666 1580 μου,
700 1504 801 1570 ἕως
825 1511 886 1564 οὗ
937 1490 1154 1568 εἰσέλθω
1208 1514 1281 1577 εἷς
1337 1515 1398 1570 τὸ
1441 1513 1784 1592 ἀγιαστήριον
1833 1517 1925 1568 τοῦ

320 1602 430 1636 εσυ-
472 1606 496 1636 n

320 1592 430 1642 εοῦ.
472 1606 496 1643 υ

356 1661 461 1734 λθ’.
506 1666 732 1737 Ὀπόταν
776 1684 975 1765 ἐπιγνῷ
1001 1711 1082 1754 τις
1139 1689 1324 1747 ἑαυτόν
1357 1707 1370 1720 ⁸
1425 1701 1580 1749 τοῦτο
1622 1688 1676 1746 δε
1719 1688 1927 1757 πολλης

270 1756 446 1860 δεῖται
489 1770 588 1834 τῆς
634 1768 820 1836 ἔξωθεν
869 1756 1132 1860 ίρυλακῆς,
1191 1782 1279 1837 καὶ
1320 1785 1420 1846 τῆς
1463 1780 1568 1836 ἀπὸ
1598 1785 1702 1835 τῶν
1729 1756 1990 1854 κόσμια-Β

266 1871 382 1957 ’3'?"
441 1860 771 1957 πραγμάτων
815 1864 1047 1949 σχολῆς,
1094 1871 1183 1926 καὶ
1226 1869 1391 1937 αὖτῆς
1445 1873 1543 1939 τῆς
1606 1877 1696 1925 τοῦ
1750 1890 1926 1925 συνει-

270 1942 427 2039 ᾷότοξ
484 1942 696 2023 ἐρεύνης
733 1969 751 1986 ⁸
824 1956 1007 2014 αὐτίκα
1064 1960 1152 2016 καὶ
1232 1959 1342 2016 θεία
1397 1982 1478 2024 τις
1538 1956 1788 2039 αἰφνίδιον
1859 1965 1927 2035 τῇ

487 2037 831 2134 ,ταπείνωσις
917 2045 1045 2115 ὑπὲρ
1119 2046 1280 2127 λόγον
1336 2032 1617 2124 ἐπιδημεῗξ
1674 2032 1927 2126 συντριμέ·

271 2120 379 2227 μὲῖ
436 2120 662 2227 φέρουσα
731 2137 800 2207 τῇ
858 2132 1041 2213 καρδίᾳ
1095 2120 1209 2194 καὶ.
1241 2135 1435 2217 δάκρυα
1498 2120 1696 2217 θερμῆς
1752 2120 1925 2194 κατα-

271 2216 493 2304 γύξεωςΐ
579 2216 654 2280 ὡς
739 2231 1030 2288 τηνικαῦτα
1094 2216 1386 2304 λογίζεσθαι
1468 2216 1563 2283 τὸν
1613 2225 1699 2283 ὑπ’
1761 2230 1925 2293 αὐτῆς

270 2295 668 2381 ἐνεργούμενον,
730 2314 833 2386 γῆν
890 2312 1094 2389 ἑαυτὸν,
1155 2317 1244 2372 καὶ
1287 2314 1505 2389 σποδὸν,
1559 2318 1648 2373 καὶ
1704 2313 1926 2382 σκώλη-

271 2407 381 2494 κξξ
402 2390 489 2445 καὶ
542 2395 635 2450 οὐκ
690 2394 984 2478 ἄνθρωπον,
1043 2406 1132 2460 καὶ
1173 2404 1387 2485 προσέτι
1446 2403 1581 2481 μηδέ
1637 2410 1736 2472 τῆς
1785 2428 1927 2472 κτη-

270 2483 467 2585 ξώδους
526 2483 720 2551 ταύτης
768 2494 912 2559 ζωῆς
972 2489 1139 2574 ἄξιον,
1199 2483 1284 2552 διὰ
1338 2496 1399 2551 τὸ
1453 2492 1779 2573 ὑπερϐάλλον
1828 2499 1927 2560 τῆς

272 2574 471 2671 δυξξεᾶς
502 2574 697 2671 ξξιξίτης
751 2586 844 2636 τοῦ
900 2589 1051 2659 Θεοῦ,
1100 2583 1154 2641 ἐν
1204 2586 1241 2652 ἧ
1300 2587 1329 2642 ὁ
1384 2585 1626 2665 χρονίσαι
1665 2583 1923 2655 ἀξιωθεὶς,

276 2659 465 2754 μέθης-
500 2659 670 2754 ἄλλης
742 2667 967 2746 ἀῤῥήτου
1022 2672 1343 2754 πληροῦται,
1387 2659 1504 2741 ⁷τῆς
1574 2673 1926 2753 κατανύξεως,

275 2748 366 2845 κπξι
425 2749 500 2845 εἰς
541 2752 632 2845 τὸν
686 2755 841 2831 βυθὸν
884 2764 983 2827 τῆς
1038 2764 1523 2845 ταπεινοφροσύνης
1582 2748 1925 2844 εἷσέρχεταιί

274 2837 365 2931 καὶ
421 2836 611 2904 ἐκστὰς
656 2843 862 2921 ἑαυτοῦ,
914 2849 1128 2907 πάντων
1182 2836 1374 2931 ἀλόγετ
1414 2858 1520 2909 τῶν
1574 2836 1761 2915 ἐκτδςη
1782 2852 1929 2930 βρω-

276 2925 498 3021 μάτων,
544 2931 773 3011 πόσεως,
819 2940 905 2994 καὶ
961 2945 1355 3018 σκεπασμάτων
1398 2949 1490 2999 τοῦ
1534 2941 1803 3021 σώματος,
1852 2941 1930 3016 μὴ

275 3012 600 3107 ᾗπερϐαίνων
655 3022 756 3088 τὴν
815 3027 1023 3107 χρείαν,
1097 3031 1170 3094 ὡς
1231 3028 1536 3094 ἀλλοιωθεὶς
1605 3030 1705 3097 τὴν
1760 3012 1932 3097 κάλὴν

277 3101 560 3202 ἀλλοίωσιν
588 3115 688 3178 τῆς
732 3101 899 3180 δεξιάς
929 3101 1022 3173 τοῦ
1057 3109 1324 3194 (ι’ψίστου.

360 3215 401 3268 μ
427 3239 444 3255 .
488 3203 700 3287 ,Χρῆμα
769 3204 1019 3282 μέγιστον
1071 3207 1127 3263 ἐν
1185 3208 1402 3287 ἀρεταῖς
1458 3210 1493 3276 ἡ
1562 3209 1875 3271 ταπείνωσις
1908 3224 1924 3241 ⁸

276 3281 412 3350 αὕτη
443 3286 544 3366 γὰρ
587 3288 641 3344 ἐν
671 3294 756 3357 οἷς
810 3281 871 3349 ἂν
923 3281 1269 3376 ἐμφυτευθείη
1329 3296 1413 3355 διὰ
1456 3298 1738 3374 μετανοίας
1795 3295 1927 3353 εἱλι-

272 3384 517 3466 κρινοῦς⁸
539 3379 626 3433 καὶ
677 3382 776 3448 τὴν
835 3384 1004 3463 εὐχὴν
1059 3386 1389 3466 συνέμπορον
1432 3388 1567 3462 μετὰ
1622 3385 1928 3465 ἐγκρατείας

277 3461 666 3541 προσλάϐηται,
727 3461 932 3528 παθῶνή
964 3473 1063 3547 μὲν
1141 3461 1325 3532 αὐτίκα
1404 3461 1637 3539 δουλείας
1664 3461 1675 3465 1
1720 3461 1932 3531 ἐλευθέ-

280 3571 405 3626 ρους
457 3556 636 3624 αὖτοὺς
690 3558 1064 3639 ἀπεργάζεται,
1129 3566 1341 3644 εἰρήνην
1398 3562 1453 3620 δὲ
1522 3577 1646 3628 ταῖς
1700 3561 1930 3639 δυνάμε-

280 3660 365 3740 σιν
414 3643 607 3740 λαύτιῦν
677 3647 998 3740 ξμπαρᾷχει,
1071 3643 1183 3710 καὶί
1237 3655 1337 3722 τὴν
1404 3651 1615 3733 καρδίαν
1699 3654 1932 3732 καθαίρει

280 3728 366 3820 διὰ
408 3728 665 3812 δακρύων,
712 3741 799 3795 καὶ
827 3728 1032 3820 πληροῖ
1079 3740 1321 3820 γαλήνης
1371 3728 1533 3810 αὐτὴν
1591 3743 1645 3799 ἐν
1700 3747 1769 3819 τῇ
1822 3728 1936 3798 ἐπι-

280 3816 447 3896 δημίᾳ
488 3835 582 3883 106
631 3828 935 3904 Πνεύματος
968 3846 984 3862 ⁸
1033 3830 1171 3887 οὕτω
1213 3829 1268 3888 δὲ
1316 3833 1513 3889 τούτων
1568 3829 1929 3905 διατεθέντων,

278 3906 644 3991 διατρανοῦται
702 3919 730 3972 ὁ
781 3916 942 3996 λόγος
986 3919 1219 3979 ἐντεῦθεν
1283 3923 1469 3983 αὐτοῖς
1526 3926 1625 3988 τῆς
1682 3920 1932 3998 γνώσεως

277 3998 372 4054 τοῦ
428 4008 582 4077 Θεοῦ,
651 4007 737 4061 καὶ
794 4005 845 4061 ἐν
911 4009 1101 4087 θεωρίᾳ
1156 4006 1419 4089 ἔρχονται,
1462 4014 1569 4064 τῶν
1634 4010 1933 4088 μυστηρίων

274 4092 378 4154 τῆς
434 4089 705 4166 βασιλείας
767 4102 872 4151 τῶν
943 4100 1199 4175 οὐρανῶν,
1261 4100 1349 4154 καὶ
1393 4100 1564 4155 αὐτῶν
1606 4100 1711 4154 τῶν
1760 4096 1932 4175 λόγων

275 4181 377 4242 τῆς
430 4179 651 4243 κτίσεως
688 4201 704 4218 ⁸
772 4184 994 4241 καθόσον
1037 4183 1091 4241 δὲ
1148 4187 1222 4249 εἰς
1275 4187 1339 4242 τὰ
1384 4186 1521 4263 βάθη
1570 4192 1663 4242 τοῦ
1694 4186 1938 4260 Πνεύμα-

278 4286 369 4327 τος
401 4266 760 4347 ἐμϐαθύνοασι,
817 4275 955 4329 κατὰ
1008 4281 1260 4331 τοσοῦτον
1301 4277 1391 4332 καὶ
1446 4277 1521 4339 εἷς
1580 4296 1937 4355 ταπεινοφρο-

281 4355 447 4422 σύνης
507 4358 660 4433 βυθὸν
717 4359 1087 4422 καταδύονται.
1147 4360 1242 4420 Ἐκ
1300 4361 1356 4420 δὲ
1426 4365 1612 4421 τούτου
1669 4361 1939 4430 αὐξάνεται

284 4444 471 4510 αὒτοτς
526 4449 560 4516 ἡ
619 4448 901 4529 ἐπίγνωσις
957 4456 1063 4508 τῶν
1107 4452 1312 4509 οἰκείων
1356 4452 1585 4533 μέτρων,
1634 4454 1941 4533 γνωρίζεται

281 4537 319 4604 ἡ
354 4534 594 4594 ἀσθένεια
621 4545 721 4606 τῆς
751 4540 1081 4620 ἀνθρωπίνης
1111 4542 1343 4622 φύσεως,
1374 4543 1461 4599 καὶ
1516 4544 1550 4610 ἡ
1605 4542 1794 4620 ἀγάπη
1850 4548 1943 4598 τοῦ

285 4632 422 4680 Θεοῦ
465 4629 551 4684 καὶ
595 4634 701 4685 τῶν
731 4628 957 4697 πλησίον
1000 4630 1343 4705 πληθύνεται,
1380 4633 1454 4695 ὡς
1484 4633 1747 4710 ἁγιασμὸν
1777 4633 1942 4710 ἡγεῖ-

283 4717 404 4770 σθαι
450 4717 636 4781 αὖτοὺς
667 4719 985 4796 ἀπαρύεσθαι
1030 4719 1091 4775 ἐκ
1147 4719 1310 4791 μόνου
1365 4728 1459 4778 τοῦ
1515 4720 1822 4796 ἀσπασμοῦ,
1854 4721 1943 4777 καὶ

279 4807 383 4869 τῆς
426 4805 530 4888 τῷν
575 4806 1142 4887 συναναστρεφομένων
1186 4809 1500 4888 ἐγγύτητος.

370 4882 488 4967 μα’.
548 4893 706 4952 Οὐδὲν
778 4882 945 4960 οὕτως
972 4882 1174 4975 ἕτερον
1228 4882 1364 4976 πρὸς
1437 4897 1604 4976 ἔρωτα
1663 4903 1794 4954 Θεοῦ
1849 4899 1938 4953 καὶ

282 4981 503 5058 ἀγάπην
546 4982 833 5063 ἀνθρώπων
891 4998 1081 5065 πτεροϊ
1138 4985 1236 5054 τὴν
1298 4987 1508 5067 ψυχὴν,
1566 4987 1640 5067 ὡς
1696 5008 1941 5045 ταπεινο-

286 5072 549 5151 φροσύνη,
609 5072 909 5145 κατάνυξις,
961 5076 1048 5131 καὶ
1107 5076 1245 5155 εὐχὴ
1301 5066 1522 5154 καθαρά.
1583 5066 1644 5132 Ἠ
1704 5074 1799 5150 μὲν
1843 5077 1942 5155 γὰρ

289 5158 549 5239 συντρίϐει
606 5164 668 5218 τὸ
723 5174 953 5239 πνεῦμα,
1011 5160 1246 5243 δακρύων
1301 5184 1358 5219 τε
1413 5164 1642 5242 πηγάζει
1700 5160 1943 5245 λιϐάδας,

290 5253 382 5307 καὶ
436 5250 538 5318 τὴν
607 5252 932 5333 ἀνθρωπίνην
1016 5250 1100 5309 ἐπ’
1180 5250 1300 5328 ὄψει
1352 5254 1666 5333 βραχύτητα
1720 5252 1947 5333 φέρουσα

289 5346 400 5397 τῶν
464 5341 670 5397 οἰκείων
740 5343 944 5422 μέτρων
986 5339 1204 5398 ,εἰδέναι
1256 5343 1355 5410 την
1410 5341 1677 5398 ἀσθένειαν
1737 5340 1947 5398 ἐκδιδάο

291 5449 410 5486 σκει
442 5443 457 5460 ⁸
518 5430 552 5497 ἡ
594 5427 647 5485 δὲ
691 5434 922 5511 καθαίρει
980 5433 1078 5499 τῆς
1134 5429 1266 5498 ὕλης
1295 5432 1387 5486 τὸν
1417 5437 1562 5510 νοῦν,
1607 5432 1695 5486 καὶ
1738 5432 1948 5512 φωτίζει

367 5663 434 5714 49
460 5661 620 5727 Psal.
654 5679 836 5737 Lxxu,
877 5663 972 5740 l6,
1024 5663 1118 5728 l7.

2009 618 2224 699 honor,
2274 623 2636 704 prosperitas
2690 629 2749 686 et
2806 620 3157 702 dignitatum
3212 637 3378 700 apex,
3409 619 3502 679 vel
3533 616 3664 680 vice

2010 727 2179 771 versa
2192 708 3225 792 paupertas,obscuritas,ignominia
3238 714 3296 769 et
3311 705 3658 770 adversitas.

2096 798 2193 863 38.
2229 798 2581 882 Quicunque
2610 803 2869 881 seipsum
2899 798 3079 873 novit,
3102 795 3514 879 requiescitab
3538 815 3662 858 om-

2015 887 2192 950 nibus
2239 889 2526 970 operibus
2576 890 2700 951 suis
2750 888 2990 952 fuerunt
3033 886 3365 949 secundum
3427 885 3613 948 Deum
3642 934 3658 961 ,

2004 977 2251 1059 jamque
2282 979 2583 1058 ingressus
2617 986 2706 1041 est
2734 978 2837 1041 Dei
2870 977 3303 1052 sanctuarium,
3330 975 3389 1038 id
3414 985 3525 1050 est,
3561 975 3660 1035 in-

2011 1067 2347 1131 tellectuale
2379 1069 2623 1148 spiritus
2654 1068 3031 1136 sacriﬁcium.
3062 1076 3122 1129 et
3153 1068 3214 1128 in
3248 1075 3483 1148 portum
3514 1064 3661 1126 divi-

2009 1174 2149 1218 num
2180 1156 2668 1238 itnpassibilitatis
2700 1166 2755 1220 et
2788 1156 3160 1219 humilitatis.
3191 1155 3302 1229 Qui
3333 1172 3471 1217 vero
3503 1173 3661 1216 non-

2009 1245 2146 1305 dum
2182 1248 2439 1326 seipsum
2487 1266 2591 1325 per
2620 1246 3016 1308 humilitatem
3038 1264 3106 1307 ac
3136 1244 3449 1311 scientiam
3477 1242 3658 1320 novit,

2007 1333 2067 1394 in
2100 1335 2302 1396 labore
2331 1336 2525 1397 adhuc
2557 1346 2615 1397 ot
2643 1337 2861 1397 sudore
2901 1336 3077 1396 vitam
3114 1333 3430 1415 percurrit.
3464 1332 3528 1397 Id
3560 1331 3658 1394 in-

2006 1424 2227 1485 nuebat
2272 1425 2453 1487 David
2504 1425 2751 1487 dicens:
2796 1447 2819 1482 ιι
2855 1424 2978 1486 Hoc
3026 1422 3196 1485 labor
3227 1429 3317 1484 est
3343 1430 3487 1485 ante
3538 1440 3656 1498 me,

2008 1512 2202 1575 donec
2234 1513 2451 1577 intrem
2484 1514 2541 1575 in
2577 1513 2982 1575 sanctuarium
3016 1512 3224 1576 Dei49.
3265 1534 3292 1572 ι

2093 1691 2190 1753 39.
2216 1691 2360 1756 Cum
2387 1692 2517 1773 quis
2537 1691 2800 1772 seipsum
2825 1692 2984 1753 novit
3008 1692 3101 1768 (ad
3123 1691 3183 1752 id
3208 1697 3403 1753 autem
3425 1696 3664 1771 oportet

2011 1778 2084 1842 ab
2107 1780 2370 1842 externis
2393 1781 2715 1859 diligenter
2726 1800 2956 1857 cavere,
2974 1800 3010 1842 a
3032 1779 3467 1859 mundanisque
3482 1777 3664 1841 rebus

2011 1869 2336 1945 abstinere,
2368 1879 2425 1932 et
2454 1870 2642 1951 ipsam
2669 1870 3029 1952 perscrutari
3056 1868 3662 1946 conscientiam),sta-

2014 1962 2113 2021 tim
2168 1960 2366 2022 divina
2405 1961 2672 2040 quaedam
2708 1960 3009 2023 humilitas
3052 1957 3438 2022 inenarrabili
3488 1956 3664 2019 modo

2010 2049 2267 2110 animam
2297 2059 2786 2130 occupat,secum
2811 2052 3010 2112 ferens
3032 2049 3449 2111 contritionem
3468 2044 3667 2109 cordis

2013 2137 2368 2218 fervidaaque
2392 2138 2677 2217 lacrymas
2689 2158 2819 2200 com
2829 2137 3279 2220 punctionis,ita
3298 2143 3361 2197 ut
3380 2135 3484 2216 qui
3504 2134 3668 2196 illius

2010 2227 2297 2287 instinctu
2321 2228 2533 2306 agitur,
2555 2247 2621 2289 se
2645 2236 2783 2290 tunc
2806 2234 3040 2307 reputet
3070 2226 3239 2305 quasi
3269 2225 3487 2299 lutum,
3508 2224 3672 2287 cine-

2010 2333 2162 2395 rem,
2194 2333 2457 2377 vermem
2478 2325 2536 2379 et
2571 2336 2688 2378 non
2722 2317 3050 2378 hominem.
3079 2314 3220 2396 quin
3245 2315 3422 2376 etiam
3445 2312 3665 2375 animal

2013 2405 2127 2465 hac
2158 2405 2274 2466 vita
2325 2405 2682 2484 indignum:
2743 2424 2932 2486 usque
2985 2403 3133 2466 adeo
3182 2402 3668 2484 superexcellens

2014 2503 2104 2556 est
2135 2493 2277 2555 illud
2312 2493 2414 2555 Dei
2447 2496 2692 2559 donum.
2719 2497 2878 2575 quod
2902 2510 3256 2555 conservare
3287 2491 3389 2572 qui
3420 2488 3657 2567 meruit,

2013 2583 2126 2645 alia
2156 2582 2444 2644 inell‘abili
2473 2583 2741 2661 repletur
2771 2582 3060 2644 ebrietate
3091 2578 3591 2661 compunctionis,
3606 2587 3666 2641 et

2012 2673 2072 2733 in
2122 2671 2478 2752 prcfnndum
2540 2671 2892 2733 humilitatis
2946 2669 3341 2749 immergitur,
3404 2677 3665 2749 tuncque

2013 2760 2103 2823 sui
2162 2761 2378 2842 impos,
2433 2780 2643 2822 omnes
2700 2760 3033 2823 exteriores
3090 2757 3323 2839 spernit
3381 2757 3570 2831 cibos,
3606 2764 3667 2818 et

2015 2858 2210 2929 potus,
2244 2857 2302 2909 et
2331 2849 2597 2929 corporis
2642 2848 3022 2927 indumenta,
3069 2846 3289 2909 limites
3333 2864 3451 2907 non
3483 2863 3668 2907 exce-

2016 2939 2165 3000 dens
2195 2937 2588 3012 necessitatis,
2615 2944 2891 3018 tanquam
2916 2945 3175 2999 mutatus
3196 2934 3445 3016 pulchra
3472 2942 3664 2996 muta-

2014 3031 2183 3093 tione
2215 3049 2345 3111 qua:
2376 3038 2465 3092 est
2494 3029 2754 3092 dexterae
2784 3027 3036 3091 Excelsi.

2092 3207 2189 3271 40.
2225 3206 2297 3268 Ει
2325 3206 2466 3289 quid
2509 3205 2830 3267 maximum
2867 3205 2929 3266 in
2968 3204 3283 3268 virtutibus
3325 3202 3657 3267 humilitas.

2009 3295 2154 3357 Nam
2190 3296 2249 3356 in
2283 3295 2500 3377 quibus
2532 3296 2658 3357 haec
2689 3312 2795 3375 per
2815 3295 3113 3357 sinceram
3148 3290 3666 3372 poenitentiamin-

2011 3385 2122 3445 sita
2152 3393 2261 3457 est,
2314 3394 2373 3447 et
2420 3384 2749 3445 orationem
2779 3384 2955 3446 simul
3003 3401 3136 3445 cum
3166 3380 3517 3463 temporalia
3547 3378 3666 3441 sibi

2016 3472 2341 3544 consociat,
2372 3472 2505 3534 illos
2535 3471 2731 3534 statim
2764 3490 2798 3533 a
2831 3471 3225 3553 cupiditatum
3269 3469 3555 3532 servitute
3584 3467 3660 3529 li-

2018 3563 2191 3624 beros
2224 3562 2427 3636 efﬁcit,
2463 3578 2793 3643 pacemque
2839 3560 3221 3623 facultatibus
3251 3575 3455 3620 eorum
3488 3575 3665 3638 pres-

2016 3661 2119 3725 tat,
2150 3660 2207 3714 et
2235 3670 2339 3713 cor
2367 3651 2650 3730 lacrymis
2682 3651 3031 3712 mundatum
3063 3649 3275 3729 implet.
3323 3645 3663 3727 tranquilli-

2018 3748 2133 3802 tate
2168 3759 2273 3820 per
2302 3739 2551 3817 gratiam
2585 3738 2845 3820 Spiritus
2867 3740 3078 3801 sancti.
3108 3738 3212 3800 His
3233 3744 3428 3798 autem
3446 3734 3526 3797 ita
3545 3734 3666 3796 dis-

2018 3828 2247 3911 positis,
2282 3829 2630 3907 explanatur
2658 3846 2857 3890 sermo
2889 3827 3156 3890 scientia
3185 3825 3314 3899 Dei,
3341 3832 3399 3888 et
3420 3824 3492 3886 ad
3516 3841 3663 3885 con-

2017 3918 2463 3999 templationem
2499 3917 2913 3998 mysteriorum
2945 3917 3117 3998 regni
3149 3916 3257 3980 Dei
3288 3913 3667 3994 perveniunt,

2014 4009 2398 4088 ipsarumque
2442 4006 2763 4067 creationis
2794 4006 3090 4068 rationum
3126 4026 3140 4067 :
3190 4011 3475 4087 quantum
3528 4020 3669 4065 vero

2017 4103 2330 4177 penetrant
2361 4094 2655 4176 profunda
2677 4095 2941 4175 spiritus,
2968 4104 3193 4157 tantum
3216 4092 3278 4154 in
3300 4090 3665 4174 profundum

2021 4183 2371 4246 humilitatis
2409 4183 2866 4261 immerguntur.
2902 4182 2973 4244 Et
3001 4182 3217 4245 exinde
3244 4182 3306 4243 in
3338 4181 3426 4242 eis
3454 4177 3673 4243 crescit

2022 4273 2281 4352 cognitio
2330 4272 2588 4361 propria:
2634 4272 2973 4343 inﬁrmatis,
3026 4270 3349 4333 innotescit
3397 4271 3676 4331 humanm

2024 4362 2303 4424 debilitas
2334 4359 2575 4433 naturai,
2614 4370 2671 4423 et
2702 4380 2872 4424 amor
2903 4362 3004 4425 Dei
3037 4368 3097 4423 et
3127 4359 3379 4440 proximi
3402 4364 3675 4437 augetur,

2027 4452 2108 4513 ita
2136 4459 2200 4512 ut
2228 4451 2759 4512 sanctiﬁcationem
2794 4448 3154 4511 arbitrentur
3190 4465 3256 4509 se
3314 4444 3554 4509 haurire
3605 4461 3677 4506 ex

2027 4541 2153 4602 solo
2183 4541 2458 4620 amplexu
2490 4547 2549 4601 et
2579 4538 2853 4620 praesenti
2906 4557 3113 4600 eorum
3148 4534 3501 4618 quibuscum
3534 4549 3673 4595 ver-

2028 4636 2251 4693 santur.

2104 4897 2203 4959 4t.
2236 4895 2396 4958 Nihil
2448 4896 2607 4958 aliud
2663 4896 2737 4957 ad
2783 4912 3048 4958 amorem
3098 4891 3205 4958 Dei
3239 4898 3298 4954 et
3325 4888 3676 4953 charitatem

2028 4986 2274 5065 proximi
2312 4994 2427 5046 tam
2459 4985 2575 5049 cito
2605 4985 2863 5047 animam
2897 4985 3111 5059 elevat,
3140 4998 3323 5064 quam
3344 4977 3677 5059 humilitas,

2027 5074 2404 5156 compun‘tio
2437 5083 2495 5136 et
2526 5074 2713 5136 oratio
2751 5091 2916 5156 pura.
2953 5071 3273 5135 Humilitas
3290 5071 3449 5132 enim
3471 5074 3681 5131 conte-

2029 5166 2105 5226 rit
2136 5164 2435 5245 spiritum,
2472 5164 2664 5226 fontes
2694 5164 3085 5245 lacrymarum
3116 5159 3328 5242 aperit,
3367 5166 3426 5220 et
3466 5158 3684 5221 huma-

2031 5273 2166 5316 nam
2195 5253 2520 5314 vitilitatem
2542 5262 2678 5315 ante
2696 5254 2906 5317 oculos
2928 5250 3177 5332 habens,
3200 5248 3411 5311 virium
3444 5263 3682 5308 suarum

2032 5343 2401 5405 debilitatem
2436 5361 2758 5422 agnoscere
2788 5343 2972 5415 dicit;
2994 5338 3373 5422 compunctio
3415 5345 3626 5418 purgat
3654 5351 3690 5395 a

2034 5430 2420 5511 corruptione
2448 5432 2738 5506 animum,
2773 5432 3096 5512 oculosque
3124 5426 3322 5491 cordis
3365 5424 3687 5505 illuminat,
