4126 6396
497 445 616 512 919

1775 441 2082 512 ΝΙΟΕΤίΕ
2155 437 2589 509 PECTORATI

3761 439 3874 507 9'20

485 601 555 646 ac
585 591 765 648 totam
797 581 1055 646 lucidam
1084 582 1283 646 reddit
1311 581 1610 658 animam;
1641 590 1699 644 et
1730 583 1920 646 oratio
1953 590 2136 644 totum

2236 584 2316 652 τῆς
2349 585 2562 664 καρδίας
2594 589 2655 644 τὸ
2689 587 2860 668 ὄμμα,
2893 589 2978 644 καὶ
3037 585 3322 664 ὁλολαμπῆ
3358 586 3458 653 τὴν
3490 586 3678 665 ψυχὴν
3719 585 3874 664 ἀπερ-

487 671 793 734 hominem
841 675 964 734 Deo
1018 671 1358 754 conjungit,
1412 691 1548 734 eum
1596 671 1738 734 facit
1795 673 2142 750 angelorum

487 763 818 834 convivam,
867 761 966 823 dat
1017 761 1069 824 ei
1127 761 1447 840 gustandas
1491 769 1777 822 aeternum
1811 759 1916 822 Dei
1947 761 2140 822 bono-

489 867 621 910 rum
653 848 922 925 delicias,
957 850 1268 912 thesauros
1299 849 1414 929 ipsi
1435 849 1622 929 aperit.
1643 848 1896 910 altorum
1934 858 2142 929 myste-

490 937 738 1012 riorum,
773 937 949 1018 eique
981 938 1266 1001 charitate
1298 957 1552 1000 accenso
1583 936 1903 1017 persuadet
1932 946 1996 998 ut
2029 957 2138 1017 po-

490 1044 634 1088 nere
677 1027 895 1090 audeat
943 1027 1240 1108 propriam
1279 1027 1537 1088 animam
1579 1045 1684 1107 pro
1738 1027 1860 1086 suis
1905 1025 2138 1100 amicis,

493 1124 770 1196 tanquam
805 1135 1103 1198 corporeae
1135 1115 1376 1178 vilitatis
1408 1114 1629 1176 limites
1661 1124 2052 1194 trangressus.

571 1293 670 1355 42.
707 1291 910 1367 Serva,
937 1313 1159 1375 quaeso,
1185 1294 1508 1376 pretiosum
1537 1293 1778 1355 ditantis
1808 1293 2143 1374 depositum

489 1382 938 1457 humilitatis,in
959 1403 1076 1464 quo
1101 1399 1236 1445 sum
1267 1383 1527 1444 thesauri
1558 1382 1863 1444 charitatis
1893 1383 2147 1444 abscon-

491 1471 620 1547 diti,
652 1472 711 1533 in
737 1491 853 1553 quo
871 1482 1250 1534 asservantur
1279 1472 1754 1554 compunctionis
1789 1474 2138 1551 margaritae.

491 1569 659 1624 etrex
689 1561 956 1624 Christus
987 1561 1142 1624 Deus
1173 1561 1330 1624 velut
1359 1581 1541 1642 super
1573 1563 1785 1622 throno
1825 1563 2146 1642 requiescil

491 1649 800 1726 deaurato,
825 1651 983 1712 dona
1005 1651 1196 1714 sancti
1218 1650 1309 1712 sui
1325 1650 1584 1731 Spiritus
1607 1649 1972 1712 distribuens
1989 1649 2147 1710 illius

489 1739 772 1818 alumnis,
807 1749 866 1802 et
897 1757 1107 1820 magna
1137 1740 1229 1802 his
1255 1739 1515 1818 largiens
1544 1758 1652 1800 sua
1696 1740 1958 1818 praemia,
2013 1758 2146 1801 ser-

492 1847 732 1890 monem
765 1828 1032 1891 scientiae
1058 1848 1204 1903 suae,
1227 1848 1330 1910 sap
1359 1829 1579 1890 entiam
1629 1847 1793 1889 suam
1828 1837 2117 1891 sacretam

491 1936 690 1980 rerum
715 1917 1048 1980 divinarum
1071 1917 1579 2000 perspicientiam,
1611 1919 2002 1980 viviﬁcan'em
2039 1921 2141 1980 im-

496 2006 899 2087 passibilitatis
948 2027 1060 2088 ope
1121 2007 1662 2088 moutilicationem,
1724 2017 1783 2068 ιι
1839 2027 1970 2068 cum
2013 2009 2140 2087 ipso

493 2095 1001 2176 conjunctionem,
1034 2097 1108 2160 ad
1149 2097 1593 2176 coregnandum
1646 2117 1780 2157 cum
1826 2118 1894 2158 eo
1944 2098 2003 2158 in
2041 2098 2143 2158 Dei

498 2185 690 2248 Patris
711 2203 917 2264 regno,
944 2196 1004 2247 ut
1029 2189 1153 2268 ipse
1182 2188 1338 2248 hunc
1372 2206 1476 2268 pro
1502 2185 1673 2248 nobis
1695 2196 1858 2266 rogat
1889 2186 2096 2248 dicens
2123 2207 2138 2248 :

503 2298 526 2330 ιι
557 2268 750 2356 Pater,
783 2295 935 2356 quos
966 2275 1180 2338 dedisti
1213 2277 1382 2358 mihi,
1414 2277 1544 2339 volo
1574 2284 1638 2338 ut
1661 2274 1910 2337 ubisum
1937 2294 2068 2355 ego,
2091 2284 2148 2338 et

497 2361 612 2442 ipsi
639 2363 757 2425 sint
783 2363 863 2422 50.
902 2391 924 2420 η

583 2719 682 2782 43.
715 2719 860 2782 Cum
907 2721 1065 2799 quis,
1123 2738 1229 2800 per
1278 2722 1507 2800 praxim
1533 2717 1838 2784 'laborans
1867 2722 1942 2784 ad
1975 2741 2148 2784 exse-

501 2808 738 2888 quenda
767 2809 1062 2882 mandata,
1091 2808 1288 2870 subito
1320 2809 1611 2870 inell'abili
1633 2817 1692 2871 et
1711 2819 1940 2872 secreto
1959 2810 2151 2892 reple-

503 2907 600 2958 tur
628 2895 868 2974 gaudio,
900 2897 979 2958 ita
1011 2907 1071 2958 ut
1103 2897 1480 2976 singulariter
1526 2908 1588 2961 et
1635 2918 1812 2979 supra
1843 2900 1996 2981 quod
2033 2899 2150 2961 dici

449 3033 456 3040 .
503 2993 698 3065 potest
723 2987 1168 3062 tranformelur,
1205 2995 1262 3048 et
1293 2987 1512 3048 molem
1557 2987 1818 3068 deponat
1854 2988 2146 3068 corporis,

507 3081 568 3136 et
602 3073 992 3138 obliviscatur
1022 3074 1594 3156 ciborum,somniet
1623 3075 1870 3136 aliarum
1905 3077 2032 3137 vita:
2058 3097 2154 3137 ne-

2129 1878 2210 1927 ’B

2227 675 2440 752 γάζεται
2475 691 2488 704 ⁸
2546 678 2581 745 ἠ
2640 675 2694 732 δὲ
2766 677 3014 734 συνάπτει
3098 678 3188 732 τὸν
3273 675 3549 755 ἄνθρωπον
3620 673 3738 730 ὅλον
3802 681 3874 748 τῷ

2227 766 2364 840 Θεῷ,
2397 767 2485 822 καὶ
2527 777 2712 827 τοΰτον
2742 765 2990 846 ἀγγέλοις
3041 779 3190 824 ποιεῖ
3219 763 3546 844 ὃμοδίαινον,
3578 765 3666 820 καὶ
3694 761 3874 842 γλυκύ-

2223 876 2385 921 τητος
2414 861 2520 913 τῶν
2567 857 2792 912 αἰωνίων
2814 863 2906 913 τοῦ
2936 865 3066 915 Θεοῦ
3114 855 3324 934 ἀγαθῶν
3349 853 3628 933 ἀπογεύει,
3660 854 3746 908 καὶ
3786 856 3874 920 θην

2225 945 2445 1023 σαυροὺς
2468 943 2804 1020 αὐτῷβίδωσι
2820 945 3121 1024 μυστηρίων
3139 943 3412 1022 μεγάλων,
3432 944 3524 1000 καὶ
3545 940 3870 1021 πυρπολοῦσα

2225 1037 2292 1108 τῇ
2321 1033 2527 1113 ἀγάπῃ,
2560 1033 2761 1111 τολμᾷν
2791 1033 2986 1091 τιθέναι
3021 1033 3176 1091 αὐτὸν
3205 1034 3371 1090 πείθει
3402 1032 3504 1100 τὴν
3535 1029 3667 1087 ἰδίαν
3697 1029 3870 1110 ψυχὴν

2225 1121 2353 1200 ὑπὲρ
2381 1127 2485 1178 τῶν
2529 1123 2694 1203 φίλων
2724 1127 2906 1194 αὐτοῦ,
2937 1125 3012 1187 ὡς
3042 1122 3284 1202 ὑπεράνω
3314 1119 3582 1201 γεγονότα
3609 1125 3714 1174 τῶν
3743 1117 3866 1196 ὅρων

2227 1217 2324 1279 τῆς
2354 1218 2446 1268 τοῦ
2489 1212 2736 1288 σώματος
2781 1212 3176 1275 ταπεινώσεως.

2310 1290 2425 1377 μβ’.
2459 1301 2702 1358 Φύλασσέ
2755 1325 2845 1378 μοι
2887 1303 2985 1370 τὴν
3044 1299 3216 1368 καλὴν
3275 1299 3731 1379 παρακαταθήκην
3778 1300 3866 1362 τῆς

2229 1388 2582 1449 πλουτοποιοῦ
2625 1391 3017 1466 ταπεινώσεως,
3069 1391 3123 1446 ἐν
3167 1394 3204 1468 ᾔ
3253 1394 3350 1456 τῆς
3403 1387 3622 1466 ἀγάπης
3652 1389 3699 1442 οἱ
3739 1384 3868 1441 ἀπό-

2229 1501 2414 1558 κριφοι
2469 1482 2719 1560 θησαυροὶ
2775 1480 3174 1556 ἀναπόκεινται,
3219 1478 3273 1534 ἐν
3316 1481 3354 1555 ᾗ
3411 1482 3512 1543 της
3559 1472 3871 1538 κατανύξεως

2233 1571 2278 1624 οἱ
2323 1582 2645 1647 μαργαρῖται
2703 1567 3098 1648 φυλάττονται·
3147 1569 3236 1624 καὶ
3290 1569 3318 1623 6
3375 1563 3625 1642 βασιλεὺς
3660 1563 3870 1642 Χριστὸς

2232 1660 2259 1712 6
2312 1657 2440 1722 Θεὸς
2482 1659 2555 1721 ὡς
2613 1659 2686 1722 εἷς
2743 1659 2924 1737 θρόνον
2984 1658 3376 1714 ἐπαναπαύεται
3422 1651 3871 1736 χρυσοκόλλητον,

2232 1745 2325 1810 τὰς
2377 1742 2573 1825 δωρεὰς
2629 1744 2890 1823 διανέμων
2961 1756 3055 1806 τοῦ
3124 1747 3274 1825 ἁγίου
3333 1749 3496 1804 αὐτοῦ
3555 1741 3868 1816 Πνεύματος,

2233 1847 2350 1898 τοῖς
2379 1834 2648 1914 τροφίμοις
2708 1837 2871 1904 αὖτῆς
2907 1853 2922 1868 ⁹
2981 1837 3070 1894 καὶ
3112 1837 3178 1892 τὰ
3235 1833 3448 1913 μεγάλα
3493 1833 3696 1895 τούτοις
3725 1829 3874 1885 αὒτοῦ

2231 1921 2554 2001 δωρούμενος
2612 1923 2910 2001 ἀξιώματα,
2969 1928 3060 1982 τὸν
3115 1930 3214 1992 τῆς
3275 1924 3529 2002 γνώσεως
3579 1925 3735 1980 αὐτοῦ
3780 1915 3872 1973 λό-

2225 2035 2342 2090 γον,
2387 2015 2486 2081 τὴν
2509 2015 2692 2095 σοφίαν
2737 2017 2896 2074 αὐτοῦ
2938 2015 3036 2083 τὴν
3085 2011 3407 2092 ἀπόρρητον,
3468 2011 3570 2078 τὴν
3602 2015 3706 2066 τῶν
3733 2007 3874 2063 θείων

2227 2103 2556 2181 πραγμάτων
2587 2101 2842 2183 διόρασιν,
2876 2103 2975 2170 τὴν
3023 2109 3129 2159 τῶν
3187 2101 3527 2179 ἀνθρωπίνων
3557 2095 3872 2178 πραγμάτων

2228 2191 2536 2271 προόρασιν,
2591 2192 2690 2259 τὴν
2721 2190 2805 2248 διὰ
2839 2197 2938 2259 τῆς
2999 2191 3252 2254 ἀπαθείας
3306 2190 3574 2261 ζωοποιὸν
3603 2186 3869 2264 νέκρωσιν,

2231 2281 2318 2336 καὶ
2347 2279 2444 2346 τὴν
2499 2277 2616 2355 μετ’
2669 2282 2826 2340 αύτοῦ
2879 2281 3182 2361 συνάφειαν,
3247 2280 3318 2344 εἷς
3361 2280 3426 2334 τὸ
3482 2271 3872 2352 συμϐασιλεύειν

2232 2371 2374 2442 αὖτῷ
2393 2368 2446 2425 ἐν
2476 2375 2545 2445 τῇ
2572 2376 2664 2425 τοῦ
2695 2371 2900 2449 Πατρὸς
2931 2359 3183 2426 καὶΫΘεοῦ
3227 2365 3494 2446 βασιλεία,
3525 2365 3698 2426 καθὼς
3728 2359 3872 2420 αὐτὸς

2233 2459 2362 2534 πρὸς
2407 2459 2564 2517 αὐτὸν
2593 2458 2690 2526 τὴν
2721 2457 3057 2538 παράκλησιν
3086 2469 3322 2514 ποιεῖται
3351 2453 3526 2534 λέγων
3553 2452 3682 2531 ὑπὲρ
3699 2451 3870 2538 ἡμῶνξ

2236 2567 2266 2606 ι
2301 2547 2494 2626 Πάτερ,
2529 2548 2614 2613 οὓς
2644 2535 2874 2612 δέδωκάς
2913 2569 3027 2628 μοι,
3059 2545 3198 2603 θέλω
3224 2545 3318 2602 ἵνα
3347 2543 3486 2601 ὅπου
3515 2543 3622 2618 εἰμὶ
3643 2541 3770 2619 ἐγὼ,
3789 2535 3872 2593 καὶ

2236 2636 2379 2692 αὐτοὶ
2403 2637 2532 2692 ὦσιν
2544 2681 2555 2693 .
2593 2659 2621 2690 n

2313 2715 2432 2804 μγ’.
2484 2708 2636 2782 ’ὃταν
2665 2731 2968 2804 πρακτικῶς
3023 2730 3226 2782 κοπιῶν
3273 2746 3352 2788 τις
3397 2724 3516 2802 περὶ
3570 2721 3668 2788 τὴν
3715 2717 3868 2796 ἔργα·

2236 2813 2349 2870 σίαν
2379 2819 2484 2870 τῶν
2535 2813 2783 2889 ἐντολῶν,
2842 2814 3042 2896 αἴφνης
3093 2814 3148 2871 ἐν
3205 2810 3556 2884 ἀνεκλαλήτῳ
3596 2809 3684 2867 καὶ
3711 2805 3868 2896 ἀῤῥῆτ

2234 2923 2309 2976 τῑρ
2365 2909 2508 2982 χαρᾷ
2557 2903 2801 2982 γένηται,
2846 2891 2931 2968 ὡς-
2976 2901 3330 2969 ἀλλοιωθῆναι
3387 2902 3546 2959 αὑτὸν
3603 2897 3750 2963 ξένην
3791 2891 3872 2948 καὶ

2232 2990 2360 3070 ὑπὲρ
2403 2989 2562 3069 λόγον
2612 2990 2918 3073 ἀλλοίωσιν,
2961 2993 3050 3048 καὶ
3104 2993 3166 3048 τὸ
3222 2991 3323 3066 μὲν
3381 2990 3546 3068 βάρος
3603 2982 3872 3073 ἀποθέσθαι

2237 3090 2330 3138 τοῦ
2372 3081 2644 3158 σώματος,
2704 3081 3036 3138 ἐπιλαθέσθαι
3093 3077 3147 3137 δὲ
3216 3080 3496 3160 βρώσεως,
3557 3075 3738 3148 ὕπνου,
3791 3069 3873 3125 καὶ

502 3163 843 3251 cessitatum
875 3183 890 3225 :
926 3164 1076 3226 sciat
1093 3165 1172 3226 ita
1195 3164 1556 3226 manifestari
1582 3165 1639 3226 in
1665 3183 1727 3226 se
1751 3165 1995 3244 gratiam
2020 3165 2138 3246 Dei,

2237 3175 2341 3226 τῶν
2392 3168 2566 3228 ἄλλων
2625 3175 2724 3238 τῆς
2781 3171 2984 3251 φύσεῶς
3027 3170 3296 3248 ἀναγκῶν,
3348 3166 3661 3246 γινωσκέτω
3688 3161 3872 3224 ταύτην

502 3250 711 3330 quaain
731 3251 1092 3314 luctantibus
1123 3251 1392 3333 producit
1421 3253 1707 3314 viviﬁcam
1739 3255 2138 3315 mortiﬁcatio-

2236 3260 2378 3316 εἶναι
2410 3263 2542 3316 Θεοῦ
2571 3250 2853 3336 ἐπιδημίαν
2881 3263 3012 3339 πρὸς
3044 3261 3223 3333 αὐτὸν,
3269 3258 3364 3326 τὴν
3395 3262 3652 3314 ποιοῦσαν
3683 3251 3735 3308 ἐν
3765 3259 3872 3308 τοῖς

501 3357 664 3411 nem,
697 3339 904 3422 eisque
935 3341 1032 3402 dat
1061 3340 1276 3403 exinde
1313 3340 1801 3424 incorporearum
1855 3355 2138 3406 naturam.

2236 3345 2642 3426 ἀγωνιζομένοις
2687 3349 2786 3416 τὴν
2830 3337 3088 3420 ζωοποιὸν
3120 3348 3395 3426 νέκρωσιν,
3430 3345 3524 3401 καὶ
3551 3337 3871 3422 δωρουμένην

501 3427 718 3490 Felicis
746 3437 941 3492 autem
976 3430 1150 3510 hujus
1178 3429 1311 3492 vitae
1339 3449 1518 3492 causa
1549 3437 1639 3492 est
1666 3429 1966 3492 humilitas
1999 3453 2013 3507 ;
2046 3452 2138 3494 nu-

2236 3437 2418 3500 αὒτοϊς
2467 3437 2697 3494 ἐντεῦθεν
2753 3435 2855 3504 ἤδη
2898 3438 2998 3505 τὴν
3025 3442 3132 3492 τῶν
3163 3435 3467 3511 ἀσωμάτων
3509 3432 3823 3490 κατάστασιν
3855 3439 3866 3452 ·

502 3515 613 3578 trix
644 3524 703 3578 et
734 3526 942 3589 mater,
975 3527 1176 3580 sancta
1206 3519 1550 3598 compuntio
1579 3539 1596 3594 ;
1628 3517 1819 3580 amica
1849 3527 1909 3580 et
1953 3538 2138 3595 soror,

2236 3525 2426 3592 ταύτης
2454 3525 2552 3593 τῆς
2584 3527 2845 3605 μακαρίας
2901 3525 3043 3596 ζωῆς
3093 3523 3366 3604 πρόξενος,
3417 3523 3452 3590 ἡ
3513 3521 3866 3605 ταπείνωσιςξ

501 3609 687 3672 divini
733 3611 975 3674 luminis
1023 3610 1212 3687 visio;
1256 3611 1532 3687 thronus,
1566 3611 2056 3692 impassibilitas;
2091 3622 2138 3676 el

2236 3615 2422 3695 τροφὸς
2457 3613 2626 3672 δὲκαὶ
2661 3603 2864 3694 μήτηρ,
2897 3617 2932 3684 ἡ
2975 3616 3099 3694 ἁγία
3139 3603 3415 3679 κατάνυξις
3451 3629 3466 3643 “
3527 3609 3653 3692 φίλη
3699 3605 3752 3662 δὲ
3790 3603 3871 3660 καὶ

500 3700 810 3780 perfectio,
845 3719 1016 3763 sacra
1046 3707 1105 3762 et
1131 3699 1332 3763 divina
1361 3700 1644 3764 Trinitas.

2236 3702 2458 3784 ἀδελψῆ,
2489 3706 2525 3772 ἦ
2554 3712 2647 3762 τοῦ
2675 3705 2812 3762 θείου
2843 3707 3018 3784 φωτὸς
3047 3705 3234 3782 θεωρία
3269 3719 3282 3734 ·
3318 3703 3502 3782 θρόνος
3534 3703 3570 3769 ἡ
3601 3697 3819 3755 ἀπάθεια
3849 3706 3862 3721 ⁸

2231 3795 2320 3849 καὶ
2347 3791 2500 3874 τέλος
2527 3795 2563 3862 ἡ
2595 3794 2717 3872 ἁγία
2747 3794 2904 3874 Τριάς
2949 3795 2977 3850 ὁ
3009 3793 3162 3856 Θεός.

579 3879 680 3942 44.
715 3875 826 3950 Qui
857 3878 1014 3942 hanc
1041 3879 1293 3960 adeptus
1315 3885 1406 3940 est
1431 3897 1653 3952 arcem,
1676 3898 1794 3941 non
1828 3887 2020 3960 potest
2051 3881 2138 3940 de

2313 3871 2425 3958 εει-δ’.
2477 3873 2534 3939 ζΟ
2589 3883 2786 3949 ταύτην
2844 3879 3161 3939 καταλαϐὼν
3216 3881 3314 3948 τὴν
3372 3877 3679 3958 ἀκρόπολιν,
3713 3873 3770 3930 οὗ
3797 3868 3873 3927 δύ-

501 3967 679 4030 tineri
719 3965 929 4028 viculis
987 3986 1201 4031 sensus
1257 3966 1566 4042 mundani,
1627 3987 1836 4030 omnes
1895 3967 2138 4047 despicit

2236 3992 2385 4028 ναται
2427 3971 2528 4028 ὑπὸ
2557 3971 2624 4026 τὰ
2670 3970 2836 4047 δεσμά
2877 3975 3185 4051 κρατεῖσθαι
3244 3969 3339 4036 τῆς
3389 3975 3497 4026 τῶν
3529 3967 3666 4024 ὅλων
3695 3961 3870 4028 αἰσθή-

496 4055 634 4118 ιὶιιε
659 4053 930 4128 delicias,
965 4074 1082 4117 non
1115 4055 1364 4117 discenit
1400 4054 1556 4116 inter
1586 4056 1746 4136 pium
1773 4063 1833 4117 et
1875 4055 2138 4136 impium,

2236 4079 2394 4127 σεως,
2428 4059 2532 4138 οὐχ
2575 4060 2670 4136 ὁρᾷ
2698 4081 2748 4114 τι
2778 4064 2882 4114 τῶν
2917 4049 3034 4118 ντοῦ
3087 4059 3200 4135 βίου
3255 4063 3514 4138 τερπνῶν,
3549 4060 3608 4114 οὗ
3637 4049 3869 4129 διακρίνει

499 4144 605 4208 sed
646 4142 799 4204 sicut
825 4142 985 4205 Deus
1032 4162 1202 4224 aeque
1251 4143 1399 4223 pluit
1442 4151 1500 4206 et
1559 4143 1746 4205 solem
1807 4163 1978 4208 suum
2007 4145 2138 4206 oriri

2236 4152 2323 4203 τοῦ
2350 4145 2556 4204 ἀνοσίου
2609 4147 2702 4202 τὸν
2758 4144 2902 4202 ὅσιον
2937 4163 2950 4177 ’
3003 4145 3122 4203 ἀλλ’
3183 4147 3362 4224 ὥσπερ
3419 4147 3447 4200 6
3507 4145 3636 4207 Θεὸς
3693 4139 3867 4202 ἐπίσης

499 4231 639 4296 facit
677 4249 858 4310 super
893 4231 1088 4310 justos
1117 4239 1175 4295 et
1203 4232 1482 4312 injustos,
1536 4239 1593 4292 et
1635 4249 1815 4312 super
1859 4232 2048 4292 bonos
2095 4241 2138 4294 el

2236 4234 2416 4314 βρέχει
2473 4235 2560 4290 καὶ
2630 4233 2904 4292 ἀνατέλλει
2977 4237 3069 4292 τὸν
3141 4233 3295 4302 ἥλιον
3351 4233 3438 4290 ἐπὶ
3507 4231 3734 4291 δικαίους
3788 4224 3868 4280 καὶ

500 4322 690 4385 malos
716 4320 797 4401 51,
830 4319 918 4382 sic
967 4327 1027 4382 et
1074 4320 1203 4402 ipse
1252 4337 1434 4400 super
1477 4339 1686 4380 omnes
1739 4323 1964 4400 pariter
2005 4321 2138 4382 oriri

2236 4321 2463 4402 ἀδίκους,
2535 4325 2796 4401 πονηρούς
2867 4346 2925 4380 τε
2989 4327 3076 4380 καὶ
3145 4323 3394 4402 ἀγαθοὺς,
3449 4321 3617 4384 οὕτως
3689 4315 3864 4402 ἐπίσης

498 4411 636 4474 facit
663 4418 720 4470 et
751 4409 1004 4490 explicat
1036 4401 1340 4472 charitatis
1381 4407 1602 4482 radios,
1651 4417 1710 4471 et
1759 4409 1985 4472 viscera
2027 4429 2138 4470 non

2236 4415 2318 4470 καὶ
2374 4401 2532 4477 αὐτὸς
2614 4413 2708 4476 τὰς
2776 4413 2872 4480 τῆς
2931 4413 3146 4492 ἀγάπης
3201 4401 3496 4470 ἀνατέλλει
3567 4411 3653 4466 καὶ
3710 4401 3868 4492 ἀπλοξῐ

497 4472 844 4579 ι’θείτὶηςὶῑί
867 4517 1051 4579 super
1078 4517 1286 4561 omnes
1329 4497 1675 4560 diﬂ'undens
1702 4518 1990 4572 amorem,
2040 4499 2138 4560 sed

2516 4472 2527 4477 _
2694 4472 2705 4476 -
2831 4472 2870 4480 ,-
2980 4472 2991 4492 ,
3103 4472 3142 4480 ..

2236 4504 2359 4581 πρὸς
2430 4502 2635 4566 πάντας
2706 4502 2945 4577 ἐκτῖνας,
3036 4503 3123 4558 καὶ
3195 4501 3254 4558 ού
3336 4511 3750 4582 στενοχωρεϊται
3806 4491 3866 4546 τὰ

497 4589 825 4669 augusliam
855 4600 915 4650 et
943 4585 1060 4648 vim
1095 4588 1314 4668 patitur
1338 4587 1519 4648 sinon
1547 4587 1841 4650 benefacit
1861 4596 2138 4669 quantum

2236 4589 2536 4670 σπλάγχνα,
2573 4591 2781 4648 πάντων
2812 4592 3115 4669 ἐγκυμονῶν
3171 4590 3271 4657 τὴν
3301 4589 3542 4668 ἀγάπην,
3575 4587 3662 4643 καὶ
3691 4601 3866 4640 στενο-

495 4679 642 4740 vult.
674 4676 759 4738 Ex
807 4675 932 4752 illo,
970 4676 1129 4738 velut
1161 4695 1230 4738 ex
1272 4676 1461 4737 altero
1491 4675 1683 4750 Eden,
1735 4677 1862 4739 fons
1901 4677 2138 4758 quidam

2236 4692 2490 4760 χωρεϊται
2542 4681 2629 4736 καὶ
2689 4681 2949 4757 βιάζεται,
3001 4691 3078 4756 μη
3108 4681 3390 4757 εὐεργετῶν
3419 4677 3542 4734 ὅσον
3584 4672 3819 4753 βούλεται
3851 4681 3862 4694 '

499 4774 694 4828 manat
743 4764 1246 4846 compunctionis,
1296 4764 1518 4827 divisus
1548 4765 1607 4826 in
1641 4777 1898 4842 quatuor
1925 4767 2138 4842 capita,

2315 4769 2498 4826 τούτου
2539 4771 2694 4848 πηγή
2737 4793 2844 4850 τις,
2894 4771 2968 4833 ὡς
3025 4767 3077 4834 ἐξ
3137 4765 3319 4844 Ἐδὲμ,
3368 4765 3505 4833 ἄλλη
3539 4759 3863 4842 ἐκπορεύεται

495 4856 726 4920 scilicet
752 4853 816 4916 in
848 4853 1274 4928 humilitatem,
1309 4855 1364 4916 in
1396 4854 1752 4930 castitatem,
1787 4854 1848 4915 in
1873 4854 2138 4934 impassi-

2236 4857 2576 4927 κατανύξεως,
2612 4861 2686 4922 εἰς
2726 4859 2981 4938 τέσσαρας
3026 4855 3362 4936 διαιρουμένη
3393 4856 3566 4936 ἀρχάς
3599 4873 3609 4885 ·
3672 4853 3743 4912 εἷς
3771 4867 3864 4902 τα-

495 4944 812 5017 hilitatem,
847 4951 904 5004 et
952 4942 1014 5004 in
1063 4942 1480 5004 sublimitatem
1520 4942 1806 5004 orationis
1835 4942 2138 5003 distratio-

2236 4949 2660 5028 πεινοιρροσύνην,
2695 4949 2768 5011 εἷς
2810 4937 3043 5026 ἅγνείαν,
3077 4947 3148 5010 εἰς
3181 4945 3458 5018 ἀπάθειαν,
3505 4946 3593 5001 καὶ
3623 4943 3694 5005 εἰς
3739 4937 3863 5012 ὕψος

496 5051 638 5096 num
651 5030 1000 5112 expertis,et
1023 5029 1229 5110 irrigat
1259 5030 1470 5093 faciem
1498 5031 1695 5092 omnis
1721 5030 2138 5092 intellectualis

2236 5027 2619 5117 ἀπερισπάστου
2649 5037 2842 5118 εὒχῆς,
2902 5038 2991 5093 καὶ
3041 5035 3240 5106 ποτίζει
3295 5035 3357 5090 τὸ
3387 5033 3668 5112 πρόσωπον
3699 5027 3864 5089 πάσης

495 5128 782 5184 creaturae
811 5119 942 5183 Dei.

2236 5126 2319 5194 τῆς
2365 5127 2558 5194 νοητῆς
2594 5127 2814 5191 κτίσεως
2845 5135 2940 5186 τοῦ
2971 5132 3124 5184 Θεοῦ.

576 5212 673 5275 45.
701 5209 815 5283 Qui
836 5209 1217 5272 dulcedinem
1241 5207 1716 5286 compunctionis
1747 5207 2138 5288 lacrymarum

2304 5214 2414 5290 με’,
2473 5217 2530 5272 Οἱ
2575 5216 2652 5290 μὴ
2714 5214 2812 5282 τῆς
2862 5213 3189 5293 γλυκύτητος
3241 5219 3344 5268 τῶν
3403 5212 3498 5280 τῆς
3549 5203 3864 5270 κατανύξεως

495 5319 616 5364 non
644 5307 1046 5380 gustaverunt,
1080 5317 1191 5360 nec
1221 5298 1418 5360 sciunt
1445 5317 1578 5379 quae
1606 5299 1683 5361 sit
1721 5297 1898 5376 hujus
1935 5297 2132 5358 suavi-

2236 5301 2460 5382 izxptioov
2505 5304 2844 5382 γευσάμενοι,
2899 5301 3036 5379 μηδὲ
3085 5300 3278 5364 εἰδότες
3326 5323 3405 5364 τις
3449 5302 3483 5368 ἡ
3515 5300 3670 5380 χάρις
3712 5291 3862 5356 αὒτῆς

496 5397 585 5452 tas
614 5398 672 5452 et
703 5387 985 5470 potentia,
1020 5389 1130 5450 has
1169 5388 1461 5468 lacrymas
1493 5386 1640 5448 nihil
1672 5386 1910 5448 dilferre
1939 5394 2138 5466 putant

2236 5393 2310 5450 ιαὶ
2337 5392 2417 5456 τίς
2453 5393 2488 5460 ἡ
2525 5393 2782 5472 ἐνέργεια,
2815 5390 2964 5450 οὒδὲν
3006 5397 3110 5449 τῶν
3143 5392 3214 5454 εἷς
3259 5393 3544 5452 τεθνεῶτας
3598 5380 3860 5472 χεομέῖων

495 5495 532 5540 a
559 5467 832 5558 lacrjmis
862 5495 1045 5557 super
1074 5467 1338 5538 mortuos
1387 5476 1608 5546 effusis,
1645 5475 1758 5536 sibi
1797 5475 2138 5556 etlingentes

2236 5479 2482 5560 δακρύων,
2568 5467 2772 5539 satisz
2815 5479 3072 5561 διαφέρειν
3149 5477 3378 5560 οἴονται,
3461 5467 3861 5559 προσαναπλάτ-

497 5567 714 5628 multas
741 5565 886 5628 alias
934 5565 1204 5629 inanium
1241 5573 1631 5647 prwtextuum
1671 5567 1928 5645 species,
1963 5572 2022 5627 et
2045 5565 2138 5627 in-

2236 5559 2408 5634 τοντες
2459 5569 2698 5648 ἑαυτοῖς,
2761 5567 2879 5626 ἀλλ’
2917 5559 3085 5626 θάττα
3141 5567 3262 5636 εἴδη
3317 5559 3486 5624 κενῶν
3559 5559 3860 5640 προφάσεων

577 5789 643 5844 ω
667 5786 844 5852 Joau.
875 5805 1019 5872 xvu,
1045 5791 1150 5856 24.
1233 5791 1288 5843 54
1322 5789 1524 5855 Matth.
1555 5807 1616 5866 v,
1648 5791 1748 5856 45.
