4126 6378
295 437 409 502 921

296 570 492 648 πολλὰ,
554 573 643 629 καὶ
690 572 911 652 ἀπορίας
961 573 1343 653 συλλογισμούς

294 661 433 736 ἡμῖν
485 660 837 743 ἐμπεφύκασι,
897 664 985 720 καὶ
1052 663 1206 732 ἡνῖκα
1249 662 1309 717 τὸ
1378 659 1658 740 ἀγέρωχον
1713 656 1829 738 ἄρτι
1858 660 1951 712 τοῦ

294 750 419 814 νοὸς
476 752 606 830 πρὸς
661 750 1002 826 ταπείνωσιν,
1063 744 1218 828 κλίνῃ
1276 750 1421 826 μύση
1477 745 1533 804 δὲ
1601 747 1750 816 καίὴ
1795 745 1951 825 ψυχὴ

291 840 391 903 τὰς
446 841 652 920 ὁράσεις
710 844 875 909 αὐτῆς
932 842 1037 899 ἀπὸ
1079 846 1180 908 τῆς
1237 839 1448 906 ἀπάτης
1508 843 1614 894 τῶν
1645 835 1948 916 ὁρωμένων,

295 930 388 985 καὶ
444 931 638 994 ταύτας
694 932 825 1009 πρὸς
881 931 1051 1007 μόνην
1107 931 1207 991 τὴν
1246 928 1462 1006 θεωρίαν
1517 934 1611 984 τοῦ
1665 923 1824 981 ἀύλου
1865 928 1953 984 καὶ

292 1018 507 1096 πρώτου
576 1020 751 1100 φωτὸς
808 1017 1102 1099 ἐκπετάσῃ,
1161 1023 1335 1074 πᾶσαν
1405 1012 1804 1090 ἀποσεισαμένη
1861 1020 1954 1070 τοῦ

292 1104 501 1181 κόσμου
569 1108 670 1175 τὴν
739 1106 1013 1179 αἴσθησιν,
1061 1106 1151 1162 καὶ
1216 1105 1362 1184 τύχῃ
1451 1108 1549 1170 τῆς
1607 1101 1802 1159 ἀνωθεν
1859 1107 1952 1158 τοῦ

292 1195 595 1270 πνεύματος
681 1196 1069 1277 παρακλήσεως
1156 1193 1340 1251 αότίκα
1449 1193 1516 1249 τά
1593 1190 1787 1272 δάκρυα
1876 1193 1949 1254 ὡς

290 1280 458 1340 ὕδατα
539 1290 724 1364 πηγῆς
809 1283 1142 1357 ἐκϐλύζουσιν
1234 1281 1285 1348 ἐξ
1390 1284 1576 1357 αὖτῆς,
1691 1282 1780 1337 καὶ
1886 1280 1952 1336 τά

330 1373 344 1393 τ
780 1374 793 1397 ,
1901 1369 1914 1390 ς

291 1373 611 1452 αισθητήρια
698 1396 895 1441 ταυτης
993 1370 1492 1451 καταγλυκαὶνουσι,
1582 1371 1758 1436 πάσης
1870 1391 1953 1426 ευ-

292 1464 562 1541 φροσύνης
618 1462 971 1541 ἐμπιπλῶντα
1026 1464 1191 1530 αὐτῆς
1235 1462 1333 1528 τὴν
1374 1459 1605 1518 διάνοιαν
1660 1461 1749 1517 καὶ
1817 1460 1953 1517 θείου

290 1552 470 1629 φωτὸς
504 1570 521 1587 ο
554 1554 615 1610 ού
642 1553 776 1628 μὴν,
822 1550 958 1608 ἀλλά
1004 1551 1104 1631 γὰρ
1159 1552 1248 1607 καὶ
1297 1546 1616 1629 συντρίϐουσι
1671 1550 1770 1617 τὴν
1813 1571 1952 1628 καρ-

289 1636 429 1720 δίαν,
491 1643 578 1698 καὶ
630 1643 721 1698 τὸν
803 1648 922 1698 νοῦν
1000 1639 1384 1720 ταπεινόφρονα
1455 1638 1508 1696 ἐν
1579 1639 1805 1712 ὀπτασίᾳ
1861 1645 1953 1695 τοῦ

287 1731 591 1807 κρείττονος
667 1730 1076 1810 ἀμεργάζονται,
1160 1727 1194 1786 ἃ
1249 1727 1489 1808 γενέσθαι
1569 1725 1819 1785 ἀδύνατον
1896 1727 1951 1784 ἐν

290 1831 414 1884 τοῖς
436 1818 611 1885 ἄλλως
640 1823 886 1899 θρηνοῦσι
929 1821 1020 1876 καὶ
1048 1819 1424 1896 κοπτομὲνοις.

378 1899 523 1984 pg“.
575 1906 855 1966 Ἀδύνατον
900 1907 1077 1973 ἄλλως
1145 1909 1243 1976 τὴν
1312 1908 1498 1986 πηγὴν
1553 1913 1659 1964 τῶν
1715 1905 1947 1987 δακρύων

292 1998 673 2073 ἀναστομῶσαι
743 2020 885 2073 τινα,
969 1996 1091 2056 ἀνευ
1160 1998 1457 2075 βαθυτάτης
1540 1999 1949 2078 ταπεινοφροσύ-

294 2110 419 2167 νης,
480 2086 596 2145 οὔτε
651 2085 813 2144 πάλιν
841 2087 1226 2168 ταπεινόφρονα
1270 2088 1436 2160 εἶναι,
1509 2085 1629 2143 ἄνευ
1680 2091 1778 2154 τῆς
1808 2087 1950 2166 ἐγγι-

294 2178 537 2253 νομήνης
575 2176 681 2233 ἀπὸ
733 2181 833 2245 τῆς
885 2174 1169 2251 ἐπιδημίας
1225 2183 1317 2233 τοῦ
1370 2177 1666 2246 πνεύματος
1713 2177 1947 2234 κατανύ-

296 2267 429 2333 ξεως
459 2284 474 2299 ·
532 2266 632 2334 τὴν
679 2267 780 2345 γὰρ
822 2265 1095 2332 κατάνυξιν
1138 2267 1174 2334 ἡ
1214 2267 1690 2346 ταπεινοφροσύνη,
1736 2268 1824 2323 καὶ
1852 2267 1948 2335 τὴν

295 2355 783 2435 ταπεινοφροσύνην
847 2356 882 2423 ἡ
938 2353 1234 2428 κατάνυξις,
1294 2353 1379 2411 διὰ
1450 2360 1543 2412 τοῦ
1603 2354 1751 2433 ἁγίου
1805 2355 1943 2412 ἀπο-

296 2450 457 2524 γεννᾷ
487 2445 790 2520 Πνεύματος
826 2459 840 2474 ·
873 2457 946 2507 ως
977 2443 1030 2499 εἴ
1069 2466 1148 2508 τις
1220 2444 1321 2523 γὰρ
1363 2444 1511 2523 σειρὰ
1561 2442 1817 2501 ἀλλώλων
1845 2446 1946 2501 αῦ-

294 2557 384 2592 ται
416 2533 695 2615 ἐχόμεναι,
750 2533 841 2590 καί
882 2532 937 2588 ἐν
994 2539 1090 2608 μιᾷ
1146 2533 1327 2613 χάριτι
1371 2531 1731 2613 συνδεόμεναι,
1778 2532 1945 2613 ἄῤῥη-

295 2647 424 2682 κτον
456 2625 548 2679 τὸν
578 2620 865 2698 σύνδεσμον
891 2628 984 2679 τοῦ
1025 2622 1323 2698 πνεύματος
1355 2621 1563 2702 ἔχουσι,

380 2701 524 2789 pg".
559 2713 631 2770 Τὸ
659 2712 762 2768 ὑπὸ
789 2717 881 2768 τοῦ
926 2710 1065 2767 θείου
1106 2701 1421 2784 Πνεύματοςί
1468 2710 1807 2790 ἐγγινόμενον
1838 2718 1950 2794 φῶς

1268 436 1764 500 PHYSICORUM
1808 430 2151 496 CAPITUM
2201 434 2594 497 CENTURIA
2642 435 2697 496 II

1401 587 1415 600 '
1478 570 1544 626 τὰ
1597 567 1652 625 δὲ
1718 571 1949 649 φυσικῶς

2046 564 2242 626 tricata
2267 574 2637 644 argumenta.
2663 567 2913 646 Verum,
2937 566 3053 627 illa
3102 565 3273 628 nobis
3294 575 3503 631 natura
3519 569 3682 631 inse-

3562 432 3680 499 9'22

2031 661 2265 727 runtur,
2299 662 2357 714 et
2386 673 2521 716 cum
2580 653 2860 735 superbia
2906 655 3125 716 mentis
3171 656 3244 717 ad
3293 657 3682 721 humilitatem

2033 759 2278 822 vergere
2308 742 2539 824 incipit,
2579 751 2637 805 et
2655 744 2855 805 anima
2883 744 3087 806 oculos
3135 745 3354 807 claudit
3384 766 3460 810 ne
3486 749 3687 811 videat

2032 829 2324 893 fallaciam
2355 832 2704 907 visibilium,
2758 851 2981 913 eosque
3025 834 3099 895 ad
3147 833 3332 896 solam
3365 836 3567 915 dirigit
3594 838 3687 899 vi-

2035 920 2264 982 sionem
2312 922 2721 984 immeterialis
2780 932 2839 985 et
2895 923 3071 1004 primi
3128 923 3392 1006 luminis,
3444 945 3685 989 omnem

2036 1010 2321 1090 rejiciens
2352 1010 2557 1073 mundi
2598 1029 2865 1091 sensum,
2901 1030 2971 1074 ac
3005 1030 3266 1091 superna
3301 1014 3513 1095 accipit
3543 1015 3681 1097 Spi-

2034 1100 2183 1159 ritus
2238 1099 2730 1182 consolationem,
2789 1100 2987 1161 statim
3070 1100 3343 1182 lacryma
3395 1112 3458 1164 ut
3513 1121 3682 1185 aqua

2032 1186 2211 1249 fontis
2237 1189 2451 1265 ﬂuunt,
2484 1207 2556 1250 ex
2615 1190 2802 1251 oculis
2851 1190 3001 1270 ejus,
3048 1197 3105 1251 et
3133 1208 3347 1253 sensus
3376 1193 3506 1273 ejus
3528 1194 3682 1255 deli-

2034 1277 2227 1358 niunt,
2263 1279 2391 1358 ejus
2420 1278 2784 1340 intellectum
2832 1279 2994 1340 omni
3041 1279 3243 1342 latitia
3269 1289 3326 1342 et
3363 1282 3565 1345 divino
3595 1302 3685 1345 re-

2035 1366 2268 1446 plentes
2287 1366 2510 1428 lumine
2534 1387 2550 1443 ;
2573 1367 2714 1448 quin
2737 1368 2856 1428 imo
2871 1376 3318 1446 corCOnterunt,
3340 1377 3398 1431 et
3423 1381 3680 1433 mentem

2031 1455 2292 1517 reddunt
2315 1455 2600 1517 humilem
2637 1455 2698 1517 in
2755 1457 2982 1518 visione
3033 1458 3339 1522 melioris:
3401 1479 3533 1540 qua
3555 1462 3684 1542 qui-

2035 1544 2172 1605 dem
2201 1544 2422 1609 habere
2451 1564 2569 1607 non
2603 1553 2849 1628 possunt
2876 1546 2976 1627 qui
3007 1547 3398 1626 aliterlugent
3426 1558 3485 1612 et
3507 1551 3680 1632 plan-

2036 1642 2199 1713 gunL

2112 1902 2210 1966 46.
2226 1901 2310 1963 lm
2318 1901 2603 1984 possibile
2622 1910 2708 1966 est
2724 1903 2949 1965 fontem
2963 1904 3357 1985 lacrymarum
3369 1906 3682 1988 adaperire

2030 1989 2160 2052 sine
2190 1991 2653 2072 profundissima
2696 1993 3048 2068 humilitate,
3110 2002 3169 2055 et
3219 1994 3347 2057 vice
3376 2014 3544 2056 versa
3572 1999 3676 2058 hu-

2032 2080 2236 2140 milem
2258 2099 2391 2141 esse
2420 2081 2641 2161 absque
2693 2082 3153 2162 compunctione
3200 2102 3374 2164 quam
3410 2087 3684 2165 producit

2032 2169 2216 2246 gratia
2247 2168 2503 2249 Spiritus
2538 2189 2552 2234 ζ
2607 2172 3131 2252 compunctionem
3185 2174 3343 2235 enim
3376 2175 3681 2238 humilitas

2033 2267 2090 2320 et
2119 2259 2510 2321 humilitatem
2532 2263 2912 2341 compunctio
2929 2272 3168 2341 generat
3203 2280 3218 2337 ;
3246 2280 3314 2326 ac
3328 2264 3505 2326 veluti
3530 2284 3680 2347 qua-

2032 2347 2168 2409 dam
2227 2357 2435 2410 catena
2482 2349 2596 2411 sibi
2638 2350 2889 2411 invicem
2966 2351 3270 2430 colligata,
3331 2361 3390 2414 et
3446 2354 3506 2415 in
3566 2375 3682 2417 una

2031 2437 2315 2499 charitate
2343 2439 2699 2519 conjuncta,
2732 2441 2926 2521 rumpi
2983 2441 3183 2502 nescio
3238 2440 3490 2525 Spiritus
3519 2463 3675 2507 nexu

2032 2527 2470 2589 devinciuntur.

2113 2706 2211 2768 47.
2248 2703 2367 2769 Lux
2402 2726 2533 2788 qua
2587 2725 2693 2787 per
2735 2706 3019 2789 Spiritum
3073 2712 3345 2773 sanctum
3404 2711 3690 2773 inseritur

296 2807 367 2879 τῇ
438 2804 617 2881 ψυχῇ,
695 2801 1073 2879 ὑπαναχωρετν
1148 2796 1334 2855 εἴωθεν
1420 2798 1481 2856 ἐκ
1534 2801 1806 2882 ῥᾳθυμίας,
1865 2804 1954 2859 καὶ

2046 2795 2273 2869 anima,
2308 2797 2456 2859 solet
2489 2796 2767 2877 paulatim
2800 2799 3022 2879 expelli
3080 2800 3350 2880 mollitie,
3387 2800 3688 2880 negligen-

299 2891 577 2961 ἀπελείας,
607 2890 696 2945 καὶ
738 2886 790 2953 ἐξ
845 2885 1177 2968 ἀδιαφορίας,
1223 2892 1323 2955 τῆς
1372 2887 1425 2945 ἐν
1482 2887 1662 2969 λόγοις
1693 2893 1779 2947 καὶ
1807 2891 1952 2970 βρώ-

2046 2885 2235 2966 tiaque
2265 2895 2323 2948 et
2354 2886 2752 2949 indifferentia
2788 2888 2846 2948 in
2878 2887 3074 2950 verbis
3104 2899 3161 2951 et
3192 2889 3342 2951 cibis
3368 2907 3381 2951 :
3417 2889 3684 2951 ciborum

301 3003 463 3058 μασιν
498 2996 513 3010 ’
574 2975 611 3044 ἥ
655 2998 713 3034 τε
765 2977 865 3057 γάρ
913 2982 1021 3033 τῶν
1066 2975 1362 3056 βρωμάτων
1416 2975 1714 3059 ἀδιαφορία,
1767 2982 1855 3037 καὶ
1895 2982 1955 3036 τὸ

2046 2974 2194 3037 enim
2224 2974 2622 3037 inditl‘erentia
2652 2984 2708 3038 et
2737 2975 2867 3037 vita
2898 2978 3201 3051 mollities,
3230 2997 3461 3040 necnon
3498 2978 3691 3060 impo-

296 3072 456 3151 ὑγρὸν
498 3072 598 3134 τῆς
627 3064 853 3140 sum"
889 3065 1016 3122 αὐτό
1065 3087 1122 3121 τε
1153 3066 1216 3121 τδ
1283 3067 1508 3146 ἀκρατὲς
1557 3068 1654 3135 τῆς
1685 3067 1952 3150 γλώττης,

2046 3064 2282 3126 tentiam
2317 3065 2531 3143 lingua
2561 3074 2618 3126 et
2667 3068 2975 3128 oculorum
3030 3068 3459 3129 incontinentia
3489 3069 3686 3131 lucem

299 3158 391 3214 καὶ
443 3159 550 3212 τῶν
617 3151 906 3232 ὀφθαλμῶν
995 3152 1056 3208 τὸ
1130 3151 1454 3234 ἀφύλακτον,
1541 3153 1750 3212 διώκειν
1804 3164 1956 3213 τοῦτο

2046 3154 2202 3217 illam
2230 3155 2472 3234 expellit
2495 3173 2563 3215 ex
2586 3154 2805 3229 anima,
2832 3164 2888 3217 et
2912 3156 3188 3218 tenebras
3210 3157 3383 3219 nobis
3400 3158 3684 3219 offundit:

300 3246 531 3327 πέφυκεν
584 3242 634 3308 ἐξ
692 3242 881 3321 αὒτῆς,
959 3243 1047 3298 καὶ
1116 3244 1412 3306 σκοτεινοὺς
1480 3245 1624 3318 ἡμᾶς
1680 3245 1951 3326 ἀπεργάζ-

2046 3244 2206 3305 nobis
2236 3252 2431 3304 autem
2459 3243 2709 3322 caligine
2759 3244 2988 3325 obsitis,
3037 3264 3244 3306 omnes
3301 3246 3507 3308 bestia
3537 3247 3685 3325 agri,

300 3326 442 3397 σθαι,
516 3332 735 3394 σκότους
826 3327 883 3386 δὲ
955 3326 1340 3409 πληρωθέντων
1427 3333 1601 3407 ἡμῶν,
1683 3334 1750 3392 τὰ
1800 3334 1952 3414 θηρία

2046 3333 2094 3393 id
2127 3339 2237 3407 est,
2299 3332 2498 3393 cordis
2554 3333 2765 3412 nostri,
2818 3341 2874 3394 et
2930 3332 3104 3394 catuli
3163 3334 3428 3407 leonum,
3480 3334 3539 3395 id
3573 3341 3686 3408 est,

301 3426 475 3482 πάντα
500 3422 595 3480 τοῦ
652 3421 815 3499 ἀγροῦ
861 3424 959 3487 τῆς
1004 3416 1218 3498 καρδίας
1287 3421 1466 3495 ἡμῶν,
1518 3423 1605 3477 καὶ
1661 3424 1706 3478 οἱ
1735 3423 1951 3498 σκύμνοι

2046 3420 2428 3501 cupiditatum
2458 3421 2868 3498 cogitationes,
2904 3421 2961 3483 in
2995 3422 3095 3483 illa
3117 3431 3362 3484 currunt
3383 3422 3692 3502 rugientes

303 3512 551 3592 λογισμοὶ
630 3514 736 3566 τῶν
806 3511 984 3567 παθῶν
1044 3509 1227 3567 αὐτίκα
1301 3506 1599 3588 διέρχονται
1669 3510 1958 3589 ὠρυόμενοι

306 3602 364 3659 ἐν
433 3601 585 3677 αὐτῇ,
644 3604 923 3669 ζητοῦντες
984 3597 1179 3674 βρῶσιν
1224 3595 1536 3673 ἐμπαθείας,
1583 3600 1670 3654 καὶ
1711 3607 1803 3656 τοῦ
1859 3601 1957 3680 ἁρ-

300 3693 470 3753 πάσαι
498 3691 590 3745 τὸν
639 3685 964 3743 ἀποτεθέντα
1022 3687 1075 3742 ἐν
1131 3688 1270 3761 ἡμῖν
1326 3687 1469 3766 παρά
1506 3694 1598 3744 τοῦ
1654 3690 1958 3764 Πνεύματος

301 3779 564 3859 θησαυρόν
611 3793 625 3808 ·
665 3772 783 3832 ἀλλ’
853 3777 888 3843 ἡ
962 3773 1089 3856 φίλη
1156 3783 1232 3851 τῷ
1288 3775 1399 3832 ἄντι
1456 3776 1758 3856 ἐγκράτεια,
1805 3779 1893 3834 καὶ
1923 3780 1959 3846 ἠ

301 3867 657 3949 ἀγγελοποιὸς
700 3864 1004 3945 προσευχὴ,
1037 3867 1098 3921 οὐ
1150 3864 1311 3939 μόνον
1369 3863 1514 3922 οὐδὲν
1571 3869 1677 3922 τῶν
1704 3867 1961 3925 τοιούτων

303 3969 585 4038 συγχωρεῖ
640 3956 757 4032 περὶ
826 3954 926 4021 τὴν
1000 3956 1186 4033 ψυχὴν
1256 3952 1506 4027 διελθεῖν,
1566 3955 1704 4012 ἀλλὰ
1758 3958 1845 4012 καὶ
1900 3958 1961 4013 τὸ

302 4049 502 4130 φέγγος
560 4041 814 4103 ἄσϐεστον
856 4053 949 4103 τοῦ
996 4044 1301 4118 Πνεύματος
1352 4045 1469 4124 περὶ
1524 4046 1617 4100 τὸν
1677 4054 1795 4103 νοῦν
1850 4042 1961 4100 δια-

302 4152 485 4219 τηρεῖ,
514 4137 606 4194 καὶ
656 4135 755 4202 τὴν
813 4133 1027 4214 καρδίαν
1083 4131 1283 4213 ἤρεμον
1341 4131 1617 4209 ἀποτελεῖ,
1677 4136 1765 4191 καὶ
1794 4134 1961 4212 ἁγνὴν

302 4227 534 4306 πηγάζει
581 4225 681 4292 τὴν
736 4224 877 4281 θείαν
960 4221 1257 4296 κατάνυξιν,
1332 4225 1418 4279 καὶ
1482 4223 1581 4291 τὴν
1652 4225 1835 4303 ψυχὴν
1892 4225 1963 4288 εἷς

303 4317 523 4395 ἀγάπην
565 4312 818 4371 πλατύνει
849 4318 1003 4386 Θεοῦ,
1036 4313 1125 4367 καὶ
1167 4311 1334 4379 αὐτὴν
1379 4309 1511 4378 ὅλην
1540 4310 1650 4386 ὅλῳ
1677 4310 1742 4368 δι’
1773 4312 1966 4394 εὖφρο-

303 4406 467 4472 σύνης
496 4404 586 4460 καὶ
614 4401 892 4480 παρθενίας
922 4401 1172 4457 συνάπτει
1201 4407 1432 4479 Χριστῷ.

388 4482 510 4571 μη’.
586 4487 743 4549 Οὐδὲν
799 4488 966 4552 οὸτως
1010 4488 1187 4568 ἕτερον
1266 4490 1464 4545 οἰκεῖον
1540 4497 1617 4565 τῷ
1687 4489 1853 4567 λόγῳ,
1886 4512 1959 4554 ως

302 4584 488 4663 ἁγνεία
547 4582 634 4637 καὶ
692 4581 1001 4658 σωφροσύνη
1054 4582 1238 4659 ψυχῆς
1272 4595 1289 4615 ⁸
1345 4579 1545 4635 τούτων
1606 4577 1662 4634 δὲ
1714 4580 1895 4659 μήτηρ
1926 4582 1961 4648 ἡ

300 4670 615 4753 περιεκτικη
669 4670 758 4725 καὶ
807 4666 933 4749 φίλη
1006 4667 1287 4747 ἐγκράτεια
1321 4683 1335 4697 ⁸
1384 4673 1482 4735 τῆς
1547 4665 1603 4723 δὲ
1660 4668 1858 4746 πατὴρ,
1934 4671 1962 4724 ὁ

303 4760 472 4844 φόϐας
508 4777 523 4791 ⁸
557 4760 708 4821 οὗτος
734 4754 789 4813 δὲ
820 4759 893 4820 εἷς
931 4757 1091 4813 πόθον
1134 4759 1378 4834 τραπεὶς,
1403 4759 1491 4812 καὶ
1534 4764 1602 4834 τῇ
1653 4756 1825 4837 ἐφέσει
1857 4763 1963 4813 τῶν

302 4842 455 4909 θείων
525 4848 797 4927 συναφθεὶς
898 4845 1249 4925 πραγμάτων,
1337 4842 1535 4925 ἄφοϐον
1606 4845 1962 4925 ἀπεργάζεται

302 4942 406 5010 τὴν
437 4939 622 5019 ψυχὴν
680 4939 768 4993 καὶ
815 4936 997 5015 πλήρη
1055 4936 1270 5016 ἀγάπης
1328 4944 1482 5011 Θεοῦ,
1553 4938 1641 4993 καὶ
1682 4942 1774 4993 τοῦ
1828 4937 1967 4994 θείου

302 5030 481 5109 λόγου,
498 5028 833 5107 γεννήτριαν.

391 5107 504 5189 λλ·θό
564 5113 739 5179 Φόϐος
827 5114 923 5190 μὲν
994 5113 1246 5194 πρότερον
1324 5116 1592 5195 συναφθεὶς
1652 5121 1720 5193 τῇ
1784 5120 1963 5195 ψυχῇ,

305 5209 576 5289 ἐγκύμονα
622 5214 714 5265 τοῦ
769 5203 928 5282 λόγου
984 5208 1082 5271 τῆς
1150 5203 1370 5281 κρίσεως
1422 5206 1586 5271 αὐτὴν
1657 5201 1741 5262 διὰ
1796 5226 1966 5279 μετα-

305 5299 453 5361 νοίας
511 5308 683 5372 ποιεῖ,
745 5292 805 5360 ἥν
864 5291 1054 5354 ὠδῖνες
1099 5289 1225 5365 ᾃδου
1267 5299 1374 5350 τῶν
1430 5291 1701 5350 κολάσεων
1749 5296 1967 5372 περικυ-

304 5387 522 5446 κλοῦσιν
577 5387 789 5459 αὔτικα,
836 5383 1123 5460 στεναγμοί
1192 5403 1248 5438 νε
1317 5383 1405 5438 καὶ
1453 5384 1605 5439 πόνοι
1649 5383 1702 5439 ἐν
1760 5388 1967 5462 συνοχῇ

305 5476 697 5555 κατατρύχουσι
796 5477 894 5539 τῆς
991 5469 1229 5551 καρδίας,
1335 5470 1787 5550 ἀναλογιζομένην
1868 5473 1967 5540 τήν

306 5564 603 5643 μέλλουσαν
634 5563 719 5620 ἐπὶ
774 5584 840 5619 κα
859 5575 963 5624 tot;
1034 5559 1403 5621 ἀνταπόδοσιν,
1464 5564 1600 5619 Εἶτα
1639 5559 1722 5617 διὰ
1755 5559 1965 5618 unum

304 5655 543 5735 δακρύων
590 5655 677 5711 καὶ
721 5653 894 5709 πόνων
943 5649 1075 5716 α’ἇτη
1125 5650 1177 5705 ὲν
1223 5652 1407 5728 γαστρὶ
1473 5648 1702 5714 διανοίας
1746 5654 1807 5706 τὸ
1844 5652 1966 5709 συλο

306 5743 504 5824 ληφθὲν
560 5743 912 5821 ἀπαρτίσασα,
973 5746 1179 5815 πνεῦμα
1250 5739 1514 5817 σωτηρίας
1576 5739 1662 5796 ἐπὶ
1703 5739 1802 5809 τὴν
1861 5745 1963 5818 γῆν

1985 4450 2022 4504 D

2043 3518 2100 3572 et
2125 3517 2457 3593 quarentes
2486 3528 2650 3571 suam
2684 3511 2896 3572 satiare
2927 3511 3307 3592 cupiditatem
3331 3530 3400 3574 ac
3427 3512 3693 3592 diripere

2043 3601 2384 3662 thesaurum
2442 3600 2503 3660 in
2559 3598 2731 3661 nobis
2785 3619 2820 3661 a
2873 3600 3099 3682 Spiritu
3157 3601 3515 3681 depositum.
3576 3598 3692 3664 Sed

2041 3688 2230 3750 amica
2262 3690 2382 3751 Deo
2416 3689 2826 3768 temperantia,
2862 3698 2918 3749 et
2976 3688 3161 3749 oratio
3193 3688 3434 3768 angelos
3465 3688 3692 3768 germi-

2042 3797 2211 3851 nans,
2249 3795 2363 3839 non
2398 3777 2589 3838 solum
2651 3778 2796 3839 nihil
2847 3779 3057 3839 horum
3104 3778 3384 3840 invadere
3431 3779 3691 3839 animam

2042 3868 2266 3941 sinunt,
2303 3866 2404 3927 sed
2441 3868 2616 3928 etiam
2650 3868 2851 3928 lumen
2893 3867 3146 3947 Spiritus
3177 3868 3237 3928 in
3271 3867 3692 3929 inexstinctum
3721 3876 3728 3883 '

2042 3958 2318 4018 servatin
2378 3965 2602 4032 mente,
2664 3976 2769 4019 cor
2813 3958 2960 4019 fecit
3018 3957 3425 4039 tranquillum,
3462 3955 3696 4035 limpidi

2006 4110 2008 4113 ,
2043 4047 2230 4108 instar
2258 4046 2437 4107 fontis
2465 4046 2721 4108 divinam
2756 4047 3003 4109 effundit
3058 4047 3604 4128 compunctionem,
3632 4045 3696 4106 in

2047 4135 2242 4198 anima
2272 4144 2443 4214 auget
2471 4154 2737 4198 amorem
2774 4138 2904 4208 Dei,
2960 4155 3210 4218 eamque
3242 4145 3423 4198 totam
3455 4134 3557 4196 toti
3592 4153 3699 4216 per

2048 4224 2326 4305 gaudium
2359 4233 2416 4286 et
2445 4225 2839 4302 virginitatem
2872 4226 3179 4305 conjungit
3208 4225 3463 4289 Christo.

2125 4488 2226 4551 48.
2272 4485 2428 4548 Nihil
2481 4495 2597 4547 tam
2660 4484 3056 4566 propinquum
3118 4491 3205 4545 est
3262 4482 3484 4557 Verbo,
3518 4502 3695 4564 quam

2043 4577 2281 4640 castitas
2308 4585 2365 4638 et
2392 4575 2757 4637 continentia
2785 4575 3022 4636 anima.
3056 4573 3267 4634 Haram
3333 4581 3529 4634 autem
3563 4591 3692 4633 ma-

2044 4675 2137 4730 ter
2168 4675 2226 4730 et
2269 4666 2463 4728 amica
2521 4674 2578 4726 et
2625 4663 2976 4725 universalis
3032 4661 3426 4742 temperantia
3461 4681 3475 4721 :
3512 4660 3692 4741 hujus

2044 4774 2183 4818 vero
2216 4762 2403 4836 pater,
2440 4753 2641 4833 timor,
2675 4751 3035 4833 quiquidem
3068 4752 3126 4812 in
3151 4751 3511 4812 desiderium
3545 4770 3696 4811 con-

2046 4863 2273 4919 versus,
2306 4860 2628 4922 rerumque
2659 4840 2988 4901 divinarum
3014 4840 3369 4920 conjunctus
3386 4837 3696 4920 appetitui,

2048 4933 2403 5015 impavidam
2429 4931 2626 4993 reddit
2648 4930 2927 5005 animam,
2955 4931 3311 5010 plenamque
3333 4927 3439 4990 Dei
3468 4946 3694 5002 amore,

2050 5032 2107 5084 et
2144 5021 2320 5083 \‘erbi
2349 5018 2532 5082 divini
2561 5019 2932 5097 genitricem.

2127 5113 2228 5175 49.
2264 5108 2471 5172 Timor
2513 5128 2649 5171 cum
2700 5110 2899 5170 anima
2941 5107 3269 5187 copulatus,
3322 5106 3513 5187 primo
3564 5122 3694 5166 eam

2050 5203 2231 5264 verbo
2258 5198 2788 5282 jutliciigravidam
2814 5197 3009 5260 reddit
3043 5215 3149 5277 per
3166 5194 3603 5278 paenitentiam,
3638 5202 3702 5256 et

2051 5291 2249 5351 statim
2280 5288 2521 5348 dolores
2550 5288 2769 5349 inferni
2799 5305 3103 5367 poenarum
3134 5285 3510 5348 circumdant
3537 5301 3696 5361 eam,

2051 5379 2405 5459 genitusque
2436 5385 2493 5440 et
2542 5377 2777 5437 labores
2833 5376 2892 5438 in
2939 5375 3206 5453 angustia
3262 5373 3461 5435 cordis
3507 5371 3695 5454 ipsam

2051 5468 2397 5547 defatigarit,
2431 5466 2790 5546 cogitantem
2840 5466 2914 5527 de
2962 5465 3150 5526 futera
3196 5465 3483 5525 malorum
3517 5461 3698 5524 retri-

2053 5558 2316 5621 butione.
2343 5556 2595 5623 Deinde,
2617 5574 2752 5615 cum
2779 5554 2977 5626 mjultis
2999 5553 3273 5634 lacrymis
3295 5571 3361 5614 ac
3391 5551 3702 5614 doloribus

2046 5648 2107 5709 in
2139 5655 2313 5709 utero
2345 5644 2758 5726 intelligentia
2787 5653 3141 5725 conceptum
3166 5644 3459 5724 disposuit
3488 5642 3697 5716 fetum,

2046 5736 2322 5821 spiritum
2355 5734 2561 5800 salutis
2621 5734 2773 5817 parit
2819 5734 2878 5797 in
2930 5742 3086 5796 terra
3128 5733 3326 5795 cordis
3375 5731 3490 5807 sui,
3523 5740 3701 5819 atque
