4126 6378
362 403 481 475 925

1331 416 1820 479 PHYSICORUM
1865 413 2206 476 CAPITUM
2251 412 2646 475 CENTURIA
2692 411 2747 472 II

3633 395 3754 462 926

363 541 596 624 ἐπίγειος
643 549 730 605 καὶ
784 548 1022 628 οὐράνιος
1105 546 1375 628 ἄνθρωπος
1444 547 1832 624 ἀποτελεσθεὶς,
1906 545 2009 604 ἐδό-

2104 545 2424 622 terrestris,
2485 551 2545 606 et
2589 542 2849 606 cmlestis
2903 543 3080 604 homo
3136 542 3350 616 factus,
3405 534 3756 620 gloriﬁcavit

361 631 483 699 ξασε
551 638 642 696 τὸν
701 639 832 695 Θεὸν
909 638 964 694 ἐν
1021 639 1214 714 ἑαυτῷ,
1272 638 1360 694 καὶ
1389 640 1418 695 ὁ
1483 640 1614 704 Θεὸς
1661 636 1864 704 δοξάσει
1915 641 2015 696 αῦ-

357 725 473 786 τόν.

441 804 545 891 νβ’,
607 817 806 896 Εἰρήνη
861 815 1038 886 πολλὴ
1079 829 1199 880 τοῖς
1269 816 1516 896 ἀγαπῶσι
1571 817 1664 872 τὸν
1721 817 1880 894 νόμον
1923 823 2016 874 τοῦ

359 909 517 978 Θεοῦ,
576 907 666 962 καὶ
709 908 802 963 οὒκ
858 905 998 964 ἔστιν
1055 911 1239 970 αὐτοῖς
1297 903 1588 962 σκάνδαλον
1637 923 1656 943 ο
1689 905 1871 974 ἐπειδὴ
1915 907 2017 987 οὐχ

357 991 462 1049 όσα
511 993 610 1068 μὲν
665 994 873 1075 ἀρέσκει
934 1008 1052 1060 τοῖς
1113 995 1428 1076 ἀνθρώποις,
1497 1001 1658 1052 ταῦτα
1727 997 1817 1052 καὶ
1875 1003 2011 1072 Θεῷ·

356 1080 478 1138 ἀλλ’
509 1081 608 1140 ὅσα
636 1081 786 1142 δοκεῖ
815 1085 910 1162 μὲν
942 1088 1001 1143 οῦ
1049 1083 1210 1159 καλὰ,
1261 1087 1358 1141 εἰσι
1407 1081 1462 1140 δὲ
1532 1085 1619 1140 καὶ
1674 1082 1790 1140 λίαν
1817 1091 1886 1162 τῇ
1915 1087 2016 1166 φύ-

356 1193 439 1227 σει
469 1171 611 1230 καλὰ
638 1180 716 1249 τῷ
750 1173 907 1232 εἰδότι
967 1176 1090 1239 τοὺς
1120 1174 1307 1255 λόγους
1365 1180 1470 1232 τῶν
1528 1171 1695 1229 ὄντων
1751 1175 1838 1231 καὶ
1865 1197 2018 1254 γεγο-

356 1281 547 1325 νοτων,

438 1339 543 1428 νγ..
604 1350 779 1410 Καλὸν
831 1354 892 1409 τὸ
943 1357 1123 1410 θανεῖν
1194 1359 1272 1428 τῷ
1355 1352 1565 1432 κόσμῳ,
1621 1357 1778 1422 ζῆσαι
1834 1350 1888 1407 δὲ
1936 1359 2013 1427 τῷ

355 1445 566 1518 Χριστῷ
612 1457 630 1477 ⁸
676 1439 850 1507 ἄλλως
894 1443 995 1522 γὰρ
1063 1447 1124 1502 οὒ
1173 1440 1384 1498 δύναταί
1438 1463 1519 1506 τις
1577 1437 1772 1498 ἄνωθεν
1815 1463 2012 1519 γεννη-

352 1530 531 1602 θῆναι,
589 1531 726 1587 κατὰ
795 1531 894 1598 τὴν
961 1541 1055 1590 τοῦ
1115 1533 1301 1610 Κυρίου
1387 1531 1568 1610 φωνήν
1616 1551 1630 1564 ·
1706 1529 1794 1589 ἐὰν
1837 1528 1891 1586 δὲ
1935 1533 2009 1608 μὲι

353 1613 551 1674 ἄνωθεν
598 1622 850 1696 γεννηθῇ,
899 1617 1013 1676 οῦδὲ
1065 1621 1138 1684 εἰς
1188 1619 1287 1687 τὴν
1336 1617 1607 1697 βασιλείαν
1666 1618 1877 1676 δύναται
1906 1623 2013 1676 τῶν

2097 634 2287 698 Deum
2307 635 2368 697 in
2399 633 2621 716 seipso,
2647 639 2705 696 et
2734 632 2806 694 ab
2842 651 2914 696 eo
2943 631 3304 712 gloriﬁcatus
3335 639 3448 694 est.

2179 813 2258 875 52
2302 811 2417 874 Pax
2441 810 3022 891 multadiligentibus
3047 811 3240 890 legem
3279 807 3491 875 Dei55.
3527 813 3588 868 et
3631 823 3748 866 non

2103 910 2192 965 est
2221 903 2338 964 illis
2368 903 2752 966 scandalum:
2808 901 3028 964 etenim
3062 920 3178 962 non
3215 918 3344 980 quae
3382 895 3747 969 hominibus,

2100 992 2203 1054 illa
2231 1001 2288 1055 et
2309 991 2432 1054 Deo
2453 991 2708 1072 placent,
2731 992 2836 1054 sed
2863 1009 2992 1072 qua;
3013 989 3286 1052 videnlur
3307 987 3547 1069 qnidem
3575 984 3749 1056 mala,

2099 1091 2237 1144 sunt
2266 1089 2462 1144 autem
2495 1087 2706 1142 natura
2738 1099 2844 1142 sua
2903 1080 3072 1142 valde
3121 1078 3278 1140 bona
3316 1094 3514 1138 coram
3546 1093 3618 1135 eo
3647 1074 3749 1150 qui

2100 1170 2210 1233 scit
2238 1171 2503 1234 rationes
2532 1169 2796 1232 omnium
2824 1189 2955 1251 qua;
2983 1177 3124 1232 sunt
3152 1175 3213 1229 et
3241 1167 3398 1229 facta
3427 1172 3587 1226 sunt.

2179 1347 2250 1413 53
2265 1348 2619 1413 .Pulehrum
2653 1355 2710 1410 et
2747 1355 3042 1411 mortuam
3090 1365 3224 1410 esse
3275 1343 3521 1417 mundo,
3553 1340 3749 1403 vivere

2097 1445 2297 1500 autem
2328 1438 2591 1502 Christo:
2628 1438 2743 1499 alia
2772 1438 2930 1500 enim
2965 1455 3140 1498 nemo
3180 1443 3373 1515 potest
3407 1433 3603 1494 denuo
3644 1449 3749 1491 re-

2099 1527 2284 1601 nasci,
2311 1527 2479 1607 juxta
2511 1526 2755 1589 verbum
2790 1525 3063 1590 Domini:
3117 1548 3138 1581 ιι
3177 1523 3299 1586 Nisi
3344 1521 3478 1604 quis
3507 1528 3748 1584 renatus

2096 1618 2157 1679 lu
2197 1617 2275 1678 rit
2319 1617 2539 1690 denuo,
2625 1636 2743 1677 non
2815 1625 3005 1697 potest
3069 1614 3316 1676 introire
3388 1612 3448 1673 in
3497 1629 3744 1689 regnum

352 1707 584 1785 οὖρανῶν
614 1705 867 1764 εἰσελθεῖν
913 1725 932 1745 ο
961 1707 1093 1774 αῦτη
1153 1705 1207 1763 δὲ
1259 1709 1293 1776 ἡ
1351 1707 1622 1787 γέννησις,
1656 1705 1708 1774 ἐξ
1736 1709 2009 1788 ὑποταγῆς

2104 1706 2204 1770 Dei
2219 1705 2302 1767 56.
2329 1731 2354 1762 »
2383 1705 2522 1768 Haec
2544 1713 2740 1769 autem
2772 1704 3141 1783 regeneratio
3201 1723 3270 1764 ex
3301 1700 3618 1764 obedentia
3650 1718 3748 1780 pa-

353 1793 601 1874 Πατὲρων
660 1803 1032 1872 πνευματικῶν
1093 1796 1324 1874 γίνεσθαι
1381 1795 1632 1876 πέφυκεν.
1693 1799 1752 1855 Εἰ
1805 1798 1882 1874 μὴ
1912 1787 2009 1878 γὰρ

2104 1794 2287 1857 tribus
2318 1794 2728 1877 spiritualibus
2779 1795 2986 1856 oritur.
3021 1793 3149 1857 Nisi
3197 1791 3355 1854 enim
3391 1794 3553 1871 prius
3581 1787 3746 1888 verbi

352 1883 606 1962 πρότερον
634 1885 726 1941 τὸν
781 1894 876 1944 τοῦ
919 1883 1080 1964 λόγου
1136 1886 1334 1964 σπόρον
1390 1882 1474 1970 διὰ
1529 1885 1627 1954 τῆς
1675 1876 2009 1951 διδασκαλίας

2104 1903 2301 1946 semen
2330 1876 2438 1965 per
2463 1884 2792 1948 doctrinam
2829 1883 3060 1944 Patrum
3107 1881 3533 1962 concipiamus.
3587 1886 3642 1938 et
3674 1876 3748 1938 ab

349 1976 458 2028 τῶν
516 1971 750 2052 Πατὲρον
819 1973 1268 2052 ἐγκυμονήσωμεν
1323 1966 1416 2030 καί
1482 1977 1871 2050 υἱοποιηθῶμεν
1935 1983 2009 2050 τῷ

2104 1973 2241 2053 ipsis
2281 1973 2610 2036 etﬁciamur
2653 1974 2756 2034 lilii
2813 1973 2944 2046 Dei,
3007 1991 3123 2033 non
3170 1987 3488 2050 posuimus
3515 1966 3750 2029 renasci

351 2067 470 2135 Θεῷ
533 2057 599 2116 δι’
663 2063 860 2139 αὐτῶν,
955 2065 1015 2120 οὗ
1072 2061 1330 2138 δυνάμεθα
1399 2060 1594 2120 ἄνωθεν
1637 2068 1954 2142 γεννηθῆναι
1989 2081 2004 2095 ⁶

2104 2062 2315 2128 denuo.
2349 2062 2446 2126 Sic
2480 2062 2793 2124 duodecim
2828 2081 2898 2124 ex
2958 2081 3076 2122 uno
3128 2060 3384 2126 Christo.
3419 2066 3476 2119 et
3506 2068 3748 2138 septua-

351 2147 494 2206 οὕτω
522 2150 622 2230 γὰρ
652 2153 700 2207 οἱ
757 2152 857 2227 μὲν
915 2149 1115 2208 δώδεκα
1171 2150 1224 2218 ἐξ
1279 2152 1396 2216 ἐνὸς
1451 2162 1544 2212 τοῦ
1596 2159 1842 2232 Χριστοῦ,
1878 2157 1925 2211 οἱ
1953 2153 2007 2210 δὲ

2104 2152 2252 2225 ginta
2273 2171 2342 2214 ex
2375 2153 2696 2215 duodecim
2743 2161 2882 2214 sunt
2932 2151 3149 2219 renati.
3199 2159 3257 2210 et
3308 2149 3408 2210 ﬁlii
3439 2147 3576 2208 facti
3609 2154 3748 2208 sunt

347 2235 720 2313 ἐϐδομήκοντα
763 2239 824 2297 ἐκ
880 2245 986 2297 τῶν
1043 2238 1244 2298 δώδεκα
1319 2241 1699 2320 ἐγεννήθησαν,
1752 2245 1841 2300 καὶ
1893 2247 2008 2301 υἱο-

2104 2239 2201 2302 Dei
2224 2240 2437 2313 Patris,
2468 2241 2634 2320 juxta
2665 2240 2908 2303 verbum
2940 2240 3178 2301 Domini
3206 2259 3219 2298 :
3254 2262 3276 2294 tt
3324 2237 3444 2299 Vos
3465 2235 3610 2299 estis
3641 2235 3748 2296 lilii

345 2329 646 2397 ποιήθησαν
673 2335 752 2412 τῷ
777 2330 896 2403 Θεῷ
937 2331 1026 2387 καὶ
1076 2333 1239 2410 Πατρὶ
1291 2333 1429 2388 κατὰ
1489 2333 1550 2388 τὸ
1605 2332 1878 2412 εἰρημένον
1909 2334 2011 2390 ὑπὸ

349 2417 538 2495 Κυρίου
567 2435 583 2450 °
643 2441 672 2472 ι
707 2408 894 2494 ἰ’μεΐς
936 2419 1071 2500 Δὲστε
1126 2408 1226 2476 υἱοὶ
1274 2430 1369 2480 τοῦ
1429 2408 1662 2500 Πατρὸςν
1707 2443 1807 2496 μου
1837 2429 1930 2478 τοῦ
1958 2421 2011 2477 ἐν

346 2491 469 2569 τοίς
519 2491 786 2585 οὗρανοτς,
840 2531 868 2564 ι
935 2491 1078 2566 θΟθεν
1161 2509 1251 2565 καὶ
1315 2511 1446 2589 πρὸς
1514 2491 1660 2586 ἡμᾶς
1708 2491 1758 2566 ’ὁ
1807 2508 2011 2573 Παῦλός

347 2615 510 2673 φησιν
545 2613 564 2632 ο
602 2615 627 2650 ι
656 2597 714 2653 Εἰ
745 2597 845 2675 γὰρ
865 2597 953 2652 καὶ
984 2596 1198 2676 μυρίους
1263 2597 1633 2678 παιδαγωγοὺς
1665 2596 1843 2680 ἔχετε,
1891 2597 2011 2656 ἀλλ’

2099 2329 2286 2392 Patris
2320 2329 2435 2390 mei
2467 2329 2567 2410 qui
2598 2329 2658 2390 in
2719 2329 2883 2390 caelis
2933 2337 3021 2388 est
3039 2328 3123 2390 57.
3163 2353 3189 2382 ω
3227 2327 3396 2390 Unde
3446 2333 3502 2386 et
3532 2324 3748 2386 Paulus

2096 2418 2270 2479 nobis
2303 2417 2480 2480 dicit:
2515 2443 2540 2473 α
2572 2417 2632 2480 Si
2657 2418 2815 2479 enim
2843 2421 3048 2480 deveni
3074 2417 3256 2478 milli.»
3287 2415 3742 2495 pmdagogornm

2096 2507 2388 2587 habeatis,
2421 2507 2524 2568 sed
2561 2527 2678 2568 non
2714 2507 2930 2568 multos
2989 2517 3222 2588 patres:
3251 2525 3360 2584 ego
3409 2522 3510 2564 vos
3540 2503 3743 2582 genui,

2094 2596 2424 2661 imitatores
2455 2598 2572 2660 mei
2597 2605 2789 2660 estote
2811 2598 2898 2660 58.
2935 2621 2964 2654 ιι

348 2683 412 2739 οῦ
439 2682 670 2749 πολλοὺς
721 2685 961 2765 πατάρας
1009 2703 1025 2718 ⁸
1093 2686 1202 2766 ἐγὼ
1255 2688 1392 2762 ὑμᾶς
1451 2687 1733 2768 ἐγέννησα,
1783 2699 2012 2765 μιμηταί

349 2793 457 2847 μου
493 2773 715 2849 γίνεσθε.
748 2797 776 2830 ι

429 2850 527 2924 νδ’,
575 2863 646 2920 Τό
705 2864 783 2939 μὴ
833 2864 1164 2944 ὑποταγῆναι
1222 2867 1384 2944 Πατρὶ
1468 2870 1808 2942 πνευματικῴ
1876 2869 2009 2924 κατὰ

2177 2866 2253 2928 54
2300 2865 2428 2926 Νοη
2461 2865 2710 2926 obedire
2737 2865 2885 2945 patri
2941 2864 3255 2945 spirituali,
3288 2863 3361 2925 ab
3393 2857 3744 2924 imitandum

348 2949 577 3026 μίμησιν
627 2961 722 3009 τοῦ
777 2953 940 3035 μέχρι
996 2955 1221 3014 θανάτου
1279 2957 1366 3011 καὶ
1457 2965 1680 3036 σταυροῦ
1721 2956 2009 3035 ὑποταγέν-

2104 2951 2310 3014 Filium
2343 2953 2444 3034 qui
2471 2953 2628 3015 Patri
2651 2953 2939 3015 olietliens
2985 2953 3094 3014 fuit
3125 2971 3311 3034 usque
3355 2954 3426 3012 ad
3467 2958 3742 3019 mortem,

344 3061 438 3104 τος
468 3041 591 3098 Υίοῦ
617 3049 695 3118 τῷ
725 3045 910 3123 Πατρὶ,
942 3045 1002 3100 τὸ
1059 3044 1138 3120 μὴ
1208 3044 1525 3121 γεννηθῆναι
1585 3043 1790 3112 ἅνωθέη
1821 3045 1960 3102 ἐστιν
1990 3063 2003 3076 ⁹

2104 3049 2344 3103 mortem
2378 3049 2576 3105 autem
2610 3043 2804 3104 crucis
2823 3043 2909 3116 59,
2943 3061 3058 3104 non
3124 3051 3216 3103 e-t
3261 3043 3457 3103 denuo
3486 3037 3742 3101 renasci.

345 3131 374 3186 ὁ
435 3127 492 3186 δὲ
553 3131 630 3207 μὴ
705 3135 941 3212 γεγονὼς
1017 3136 1128 3196 υἱὸς
1199 3133 1480 3212 ἀγαπητὸς
1542 3137 1738 3213 πατρὸς
1797 3134 2003 3214 ἐκίαθοῦ,

2104 3130 2204 3202 Qui
2235 3139 2434 3193 autem
2487 3151 2604 3192 non
2656 3132 2841 3194 factus
2899 3142 2990 3194 est
3043 3133 3196 3192 ﬁlius
3255 3131 3509 3192 dilectus
3563 3127 3748 3208 patris

343 3226 461 3284 πῶς
519 3221 698 3301 πατὴρ
756 3220 878 3302 ἄρα,
933 3223 1010 3298 μὴ
1067 3221 1216 3301 λόγῳ
1283 3225 1372 3280 καὶ
1414 3224 1670 3299 πνεύματι
1740 3225 2007 3303 γεννηθεὶς

2104 3219 2236 3280 boni
2267 3220 2564 3300 quomodo
2598 3221 2796 3297 igitur,
2855 3241 2969 3282 non
3024 3220 3221 3283 Verbo
3280 3231 3338 3282 et
3369 3217 3612 3300 Spiritui
3641 3233 3746 3276 re-

345 3309 564 3384 ἂνωθεν,
645 3313 772 3366 υἱῶν
853 3312 1063 3390 ἀγαθῶν
1145 3315 1234 3369 καὶ
1317 3314 1473 3376 αὗτὸς
1514 3313 1734 3390 γένηται
1784 3315 2004 3392 ἀγαθὸς,

2104 3317 2264 3369 natus
2291 3309 2809 3388 dertuo,;li|iorum
2853 3309 3146 3372 bonorum
3181 3317 3238 3370 et
3266 3311 3392 3388 ipse
3423 3311 3525 3367 tiet
3554 3305 3748 3366 bonus

345 3400 524 3476 πατήρ
560 3415 575 3428 ⁶
608 3401 698 3456 καὶ
767 3399 938 3477 ἀγαθὰ
992 3399 1194 3466 τέξεται
1269 3400 1453 3475 τέκνα,
1519 3403 1617 3468 τῆς
1679 3403 2004 3480 ἆγαθότητος

347 3494 442 3542 τοῦ
469 3489 665 3568 πατρὸς
721 3487 890 3546 αὐτῶν
947 3491 1229 3571 σύμμορφα
1263 3507 1279 3566 ;
1339 3492 1396 3547 Εἰ
1453 3487 1506 3545 δὲ
1537 3490 1614 3564 μὴ
1645 3490 1835 3564 οὕτως,
1869 3491 2006 3548 κατὰ

351 3576 414 3632 τὸ
439 3572 636 3659 δένδρον
668 3577 905 3652 πάντως,
940 3580 1028 3635 καὶ
1061 3581 1088 3636 ὁ
1119 3581 1323 3659 καρπὸς
1349 3581 1534 3641 αὐτοῦ,

431 3655 559 3728 ve,
589 3668 764 3724 Κακὸν
821 3666 1125 3742 ἡάπιστία,
1192 3655 1296 3735 τῆς
1360 3673 1597 3747 πονηρᾶς
1665 3667 2004 3748 φιλαργυρίας

344 3757 434 3812 καὶ
462 3761 556 3812 τοῦ
610 3755 798 3834 φθόνου
854 3758 914 3812 τὸ
984 3757 1346 3836 πονηρότατον
1401 3757 1585 3832 κύημα
1620 3775 1636 3794 ⁶
1672 3759 1716 3812 εἱ
1785 3755 1838 3812 δὲ
1870 3756 2004 3824 αὕτη

343 3847 533 3916 κακὸν,
571 3845 722 3918 πόσῳ
777 3843 981 3920 μᾶλλον
1008 3847 1043 3913 ἡ
1102 3847 1398 3927 τίκτουσας
1459 3844 1582 3903 ὅσον
1639 3845 1719 3902 ὅτι
1775 3847 1875 3914 τὴν
1913 3853 2008 3903 τοῦ

343 3939 550 4015 χρυσοῦ
609 3932 784 4014 φιλίαν
839 3934 952 4002 τῆς-
995 3942 1223 4013 Χριστοῦ
1274 3934 1448 4016 φιλίας
1519 3935 1904 4014 προτιμοτέραν
1951 3934 2006 3990 ἐν

342 4035 465 4085 τοῖς
497 4024 634 4086 υἱοῖς
665 4027 772 4077 τῶν
800 4021 1094 4101 ἆνγρώπων
1151 4023 1446 4102 ἐργάζεται,
1506 4025 1594 4079 καὶ
1625 4025 1713 4080 τὸν
1744 4021 2004 4103 δημιουρ-

341 4114 438 4190 γὸν
497 4111 593 4176 τῆς
677 4109 808 4176 ὕλης
875 4111 1064 4179 ἑαυτῆς
1147 4112 1402 4170 ἐλάττονα
1471 4113 1688 4187 τίθεται,
1742 4117 1831 4169 καὶ
1873 4115 2005 4189 αὐτῇ

343 4200 614 4279 λατρεύειν
654 4197 879 4275 μᾶλλον,
935 4200 971 4268 ἢ
1027 4207 1104 4275 τῷ
1149 4209 1266 4276 Θεῷ
1313 4203 1478 4259 πείθει
1488 4249 1508 4280 ,
1568 4203 1688 4268 τοὺς
1740 4209 1809 4280 τῇ
1839 4203 2008 4259 κτίσει

343 4290 490 4369 παρὰ
535 4290 624 4346 τὸν
679 4289 927 4344 κτίσαντα
996 4290 1095 4357 τὴν
1166 4289 1406 4368 λατρείαν
1478 4291 1895 4371 προσνέμοντας,
1922 4284 2009 4346 καὶ

342 4379 446 4445 τὴν
477 4384 568 4434 τοῦ
597 4384 728 4433 Θεοῦ
782 4377 1032 4449 ἀλήθειαν
1091 4378 1557 4456 μεταλλάσσοντας
1617 4379 1669 4436 ἐν
1697 4388 1776 4456 τῷ
1805 4378 2006 4456 ψεύδει.

345 4470 408 4526 Εἰ
437 4465 493 4524 δὲ
523 4476 774 4526 τοσοῦτον
829 4469 864 4536 ἡ
925 4468 1077 4534 νόσος
1120 4472 1304 4543 κακὸν,
1358 4471 1430 4535 ὡς
1480 4471 1568 4526 καὶ
1623 4467 1866 4550 δευτέρας
1910 4471 2008 4526 αῦ-

2092 3405 2281 3476 pater,
2347 3406 2405 3458 et
2460 3397 2676 3459 b0I~aIn
2734 3400 3070 3478 procreahit
3133 3398 3424 3466 sobolem,
3487 3402 3748 3476 paternae

2091 3485 2338 3547 bonitati
2385 3485 2806 3548 conformem?
2865 3485 2968 3548 Sin
3025 3494 3246 3560 autem,
3299 3483 3492 3566 qualis
3540 3481 3742 3561 arbor,

2092 3575 2224 3636 talis
2252 3576 2496 3638 omnino
2529 3575 2644 3639 erit
2679 3577 2902 3638 fructus
2933 3577 3084 3657 ejus.

2171 3665 2272 3726 55.
2307 3663 2568 3746 Nequam
2599 3674 2688 3725 est
2721 3665 2988 3744 perfidia,
3025 3683 3216 3744 pravm
3265 3663 3522 3725 avaritiae
3554 3670 3613 3724 et
3635 3661 3747 3724 zeli

2094 3753 2390 3833 pessimus
2420 3756 2532 3816 iste
2564 3755 2741 3816 fetus.
2785 3754 2848 3817 Si
2895 3763 3090 3816 autem
3141 3755 3267 3834 ipsa
3323 3764 3411 3814 est
3467 3771 3742 3833 nequam.

2091 3851 2313 3919 quanto
2349 3843 2536 3919 magis
2563 3843 2694 3924 ejus
2728 3851 2916 3904 mater
2947 3844 2960 3902 !
2997 3847 3187 3906 Tanto
3224 3841 3410 3922 magis
3441 3841 3597 3922 quod
3637 3858 3744 3917 pe-

2091 3932 2283 3993 cunia
2311 3953 2578 3994 ειηιοΓι-ιιι
2611 3952 2815 3994 anzore
2846 3934 3065 3996 Christi
3125 3933 3537 4014 pretiosiorem
3571 3931 3748 3993 eliicit

2089 4021 2244 4098 apud
2281 4023 2434 4084 ﬁlios
2487 4023 2816 4084 hominum.
2871 4033 2927 4084 et
2975 4023 3240 4085 materia;
3286 4021 3623 4084 Creatorem
3679 4039 3749 4082 ea

2087 4109 2218 4192 ipsa
2248 4112 2540 4174 n-inorem
2594 4111 2795 4188 habet,
2847 4121 3029 4194 utque
3071 4115 3222 4174 hanc
3266 4112 3514 4174 adorent
3567 4112 3750 4190 magis

2093 4221 2266 4282 quam
2300 4201 2486 4264 Deum
2523 4202 2842 4280 persuadet
2872 4201 2944 4262 iis
2976 4203 3076 4282 qui
3128 4210 3439 4274 creaturae,
3477 4199 3747 4277 neglecto

2094 4294 2400 4364 Creatore,
2419 4292 2640 4352 cultum
2662 4289 2968 4366 exhibent,
2991 4291 3746 4354 etcomtnutantveritatem

2097 4381 2203 4445 Dei
2234 4385 2289 4443 in
2323 4380 2727 4441 mendacium.
2767 4379 2829 4440 Si
2868 4390 3068 4442 autem
3105 4379 3214 4440 istc
3245 4378 3488 4439 morbus
3519 4385 3745 4438 tantum

2095 4478 2184 4532 est
2213 4470 2458 4549 malum,
2495 4478 2556 4528 ut
2583 4467 2828 4529 alterius
2859 4467 3152 4528 idolorum
3201 4465 3500 4526 servitutis
3531 4484 3746 4526 nomen

344 4559 448 4625 τὴν
503 4555 933 4636 εἰδωλολατρείας
1015 4557 1388 4636 κληρώσασθαι
1443 4559 1636 4639 ὄνομα,
1708 4559 1862 4625 ποίας
1906 4562 2009 4640 οὔχ

2104 4560 2167 4620 sit
2204 4558 2468 4632 sortitus,
2495 4567 2713 4636 quanto
2739 4565 2976 4635 superat
3000 4555 3240 4616 malitia:
3271 4553 3575 4615 cumulum
3607 4553 3744 4614 ani-

344 4644 647 4726 ῦπερϐαίνει
745 4647 930 4712 κακίας
1025 4647 1324 4728 ὑπερϐολὴν
1405 4649 1439 4716 ἡ
1521 4656 1744 4705 νοσοῦσα
1813 4653 2009 4716 ταῦτην

343 4735 654 4815 ἐθελουσίων
679 4736 834 4815 ψυχή
871 4755 888 4815 ;

429 4813 560 4900 νς’,
597 4826 656 4882 Εἰ
687 4813 794 4900 μὲν
813 4813 906 4882 τοῦ
935 4832 1161 4904 Χριστοῦ
1207 4826 1354 4908 φίλος
1387 4827 1530 4883 εἶναι
1590 4825 1789 4908 φιλεῖς,
1836 4832 2008 4904 μισή-

345 4935 458 4979 σεις
513 4913 614 4993 ἄρα
671 4915 898 4994 χρυσὸν,
971 4916 1060 4970 καὶ
1103 4937 1201 4977 την
1248 4917 1436 4976 τούτου
1488 4914 1674 4997 λίχνον
1711 4916 1909 4998 φιλίαν,
1935 4921 2009 4984 ὡς

344 5003 448 5070 την
497 4999 732 5058 διάνοιαν
791 5003 1114 5082 στρέφουσαν
1160 5006 1290 5085 πρὸς
1340 5005 1533 5073 ἑαυτὴν
1589 5012 1682 5062 τοῦ
1711 5005 2008 5086 φιλοῦντος,

345 5094 438 5149 καὶ
484 5093 811 5150 ἀποσπῶσαν
862 5091 1026 5160 αὐτὴν
1090 5093 1195 5150 ἀπὸ
1250 5096 1344 5164 τῆς
1410 5093 1744 5172 γλυκυτάτης
1800 5096 2013 5173 ἀγάπης

345 5193 442 5240 τοῦ
471 5181 646 5249 ἰησοῦ
703 5200 718 5216 ο
773 5179 883 5247 ἥτις
935 5184 1029 5238 οὒκ
1081 5183 1143 5240 ἐκ
1202 5182 1332 5240 εἴδει
1387 5183 1551 5262 λόγου
1618 5186 1885 5264 φαίνεσθαι
1921 5211 2011 5264 μοι

345 5273 523 5346 δοκεῖ,
554 5267 672 5328 ἀλλ’
718 5269 772 5326 ἐν
834 5267 964 5327 εἴδει
1005 5273 1240 5352 πράξεως
1297 5281 1405 5331 τῶν
1449 5276 1608 5332 αὐτοῦ
1662 5273 1908 5335 ἐντολῶν.
1953 5287 2008 5343 Et,

345 5362 403 5421 δὲ
458 5370 550 5420 τοῦ
606 5367 806 5444 χρυσοῦ
861 5360 1160 5444 ἐπιθυμεῖς,
1191 5364 1327 5446 φεῦὲ
1391 5363 1662 5443 κερδήσεις
1733 5366 1830 5441 μὲν
1879 5390 2006 5426 κατ-

345 5455 578 5535 ορύττων
607 5453 760 5508 αὒτὸν
811 5450 936 5530 τόγε
993 5455 1081 5508 νῦν
1137 5453 1289 5536 ἔχον,
1349 5455 1399 5511 ε’ἷ
1451 5475 1512 5534 γε
1583 5453 1762 5534 κέρδος
1815 5460 1904 5512 καὶ
1947 5461 2008 5516 οὗ

343 5544 542 5618 ζημίαν
595 5541 835 5620 ἐσχὶτην
889 5539 1030 5620 ἔχεις
1088 5545 1244 5604 αὒ;οῦ
1299 5547 1398 5613 τὴν
1462 5543 1659 5625 φιλίαν,
1735 5554 2006 5624 προτιμῶν

2097 4667 2190 4710 ma
2219 4649 2330 4710 hoc
2364 4647 2570 4706 morbo
2603 4653 2812 4726 sponte
2842 4645 3120 4707 laborans
3147 4645 3159 4706 !

2174 4827 2272 4889 56.
2311 4825 2370 4889 Si
2400 4823 2613 4888 Christi
2659 4823 2886 4884 amicus
2936 4841 3066 4886 esse
3111 4841 3294 4896 amas,
3327 4820 3464 4882 odio
3497 4820 3749 4882 ltnllt'bls

2095 4933 2327 4986 aurum,
2379 4910 2734 4992 avidumque
2783 4912 2957 4992 hujus
3008 4931 3298 4980 amorem,
3353 4919 3555 4992 utpote
3611 4929 3746 4973 ver-

2097 5013 2323 5066 tentem
2350 5005 2420 5064 ad
2455 5021 2518 5062 se
2547 5001 2801 5062 amantis
2831 5009 3112 5071 mentem,
3176 5020 3426 5082 eamque
3456 5019 3489 5061 a
3519 4999 3746 5061 dulcis-

2095 5095 2246 5157 sima
2296 5093 2700 5154 retrahentem
2745 5091 2880 5153 Jesu
2947 5091 3278 5152 charitate:
3328 5109 3456 5171 qum
3504 5089 3747 5171 quidem

2096 5203 2213 5247 non
2245 5183 2426 5244 meris
2467 5179 2613 5242 mihi
2669 5179 2900 5240 videtur
2948 5178 3312 5242 Inanit‘estari
3373 5177 3591 5250 VBtblS,
3643 5177 3749 5238 sed

2094 5273 2259 5356 praxi
2297 5271 2706 5333 mandatorum
2740 5267 2948 5348 ipsius.
2983 5269 3044 5332 Si
3076 5278 3277 5330 autem
3315 5286 3522 5329 aurum
3557 5267 3747 5346 cupis,

2093 5367 2231 5439 heu,
2291 5359 2620 5424 lucraberis
2665 5359 2907 5440 quidem
2969 5360 3198 5420 fodiens
3257 5366 3412 5419 meta
3437 5357 3558 5418 lum
3591 5357 3748 5416 i~tud

2093 5473 2252 5516 nunc
2281 5450 2600 5530 exsistens,
2633 5448 2928 5530 siquidem
2963 5451 3191 5511 lucrum
3221 5457 3302 5526 let
3331 5466 3450 5508 non
3476 5445 3748 5508 ultimum

2092 5547 2372 5608 damnum
2435 5541 2621 5602 habes
2674 5538 2854 5619 hujus
2912 5557 3207 5610 amorem,
3279 5556 3460 5619 quem
3515 5535 3750 5599 Christo

427 5724 493 5775 35
524 5723 683 5786 l’sal.
720 5736 923 5798 CXVIII,
957 5723 1098 5786 165.
1183 5721 1435 5787 56Joan.
1474 5739 1562 5799 ttt,
1589 5725 1649 5784 3.
1737 5722 1804 5774 57
1831 5723 2009 5790 Matth

2104 5723 2277 5807 διδ.
2360 5721 2645 5783 581(Jor.
2679 5735 2764 5801 IV,
2797 5686 3033 5793 15,16.
3118 5719 3181 5770 59
3213 5718 3466 5800 Philipp.
3507 5733 3574 5794 ιι,
3607 5715 3666 5778 8.
