4126 6410
383 413 496 477 9‘27
1680 422 1731 483 Ν
1739 421 1984 484 ΙΟΕΤΑἘ
2026 417 2044 480 1

2132 422 2459 486 DTORATI
3665 420 3787 488 928

388 547 866 628 pr‘aat‘orsﬁllum
891 560 1088 612 autem
1135 551 1462 634 Christum,
1509 554 1684 635 scitu,
1733 555 1946 618 amites
1976 563 2032 616 et

2132 557 2278 624 ιιῦτῆν
2348 563 2443 614 τοῦ
2503 563 2750 636 Χριστοῦ.
2807 555 3050 614 Ἐκεῖνον
3103 555 3181 636 δὲ,
3243 555 3374 636 ἴσθι,
3432 557 3780 632 ζημιωθάσῃ⁹

378 637 613 726 jactura
633 639 874 719 perdes,
909 649 965 701 et
987 658 1162 720 quem
1209 641 1568 722 prmeipuum
1591 642 1797 720 habes,
1820 643 2032 719 Deum,

2132 647 2206 702 ιαὶ
2233 645 2644 725 προσαπολέσῃς
2677 651 2746 722 τῇ
2805 647 2992 721 ζημίᾳ,
3053 647 3140 701 καὶ
3191 647 3248 701 ὃν
3319 643 3465 726 ἔχεις
3520 646 3582 700 τὸ
3605 665 3781 724 κεφα-

385 725 516 787 sine
547 745 664 808 quo
696 747 814 790 non
840 738 930 792 est
960 729 1302 792 hominibus
1331 733 1446 794 vita
1474 732 1698 796 salutis.

461 904 562 969 5'1.
599 905 662 968 Si
697 925 860 970 amas
911 927 1148 990 aurum,
1196 909 1495 974 Christum
1554 927 1673 975 non
1731 929 1917 974 amas.
1975 909 2041 975 Si

386 1001 582 1056 autem
617 994 914 1059 Christum
960 1015 1080 1060 non
1121 1017 1306 1076 amas,
1359 1018 1523 1062 amas
1575 1007 1771 1062 autem
1803 1019 2036 1076 aurum,

393 1081 531 1146 vide
555 1085 652 1146 cui
683 1094 741 1148 te
771 1087 1104 1150 assimil‘are
1147 1097 1314 1169 paret
1343 1088 1644 1171 Magister,
1701 1109 1915 1172 nempe
1945 1090 2042 1152 isti

395 1172 497 1252 qui
526 1173 852 1254 discipulus
881 1178 1192 1242 videbatur
1219 1179 1322 1241 sed
1358 1181 1620 1258 perﬁdus
1649 1191 1800 1256 erat,
1833 1189 1890 1242 et
1905 1181 2048 1243 ami-

395 1281 498 1324 cus
529 1265 635 1325 sed
667 1265 998 1342 insidiator,
1048 1267 1148 1348 qui
1197 1267 1439 1348 indigne
1483 1287 1589 1332 suo
1635 1272 1912 1350 Magistro
1941 1269 2040 1332 in—

395 1350 630 1413 sultavit
659 1355 1014 1416 etmiserere
1033 1356 1254 1418 decidit
1276 1377 1308 1418 a
1329 1359 1449 1420 fide
1481 1367 1541 1421 et
1571 1359 1746 1421 simul
1777 1360 1852 1422 ab
1883 1359 2043 1421 illius

393 1439 704 1530 charitate,
737 1461 806 1504 ac
856 1462 1126 1525 praeceps
1176 1445 1296 1508 ruit
1329 1446 1391 1508 in
1433 1447 1707 1530 abyssum
1756 1449 2040 1530 desliera-

392 1527 589 1590 tionis.
618 1531 799 1611 Cujus
858 1535 1196 1614 exemplum
1248 1543 1306 1596 tu
1361 1527 1604 1612 veritus,
1663 1538 1842 1602 crede
1868 1527 2038 1611 inihi,

390 1616 524 1707 fuge
579 1638 789 1682 aurum
839 1621 1090 1703 ejusque
1136 1642 1424 1698 amorem,
1477 1635 1539 1687 ut
1587 1629 1778 1707 possis
1824 1627 2046 1691 lucrari

389 1705 708 1784 Christum,
735 1708 991 1790 teipsum
1011 1711 1288 1773 amando.
1315 1712 1417 1775 Sin
1441 1705 1656 1790 minus,
1692 1715 1810 1778 scis
1842 1715 2038 1779 locum
2061 1760 2101 1808 Β

391 1795 625 1860 cadenti
647 1809 1038 1863 reservatum.

466 1975 569 2038 58.
604 1976 692 2038 Ne
723 1995 831 2057 per
857 1995 1090 2056 aurum,
1126 1979 1506 2043 hominumve
1539 2001 1915 2059 concursum,
1943 1993 2042 2046 aut

388 2083 624 2146 preces,
703 2066 980 2128 obtinere
1048 2067 1362 2147 dignitates
1442 2089 1696 2152 unquam
1767 2075 2038 2148 festines,

390 2155 620 2216 etiamsi
651 2155 851 2216 videas
883 2165 940 2218 te
970 2157 1185 2218 animis
1241 2161 1519 2240 opitulari
1568 2181 1766 2243 posse,
1804 2164 2040 2244 quando

390 2242 656 2332 triahzec
687 2244 792 2306 tibi
823 2256 1160 2323 occurrent,
1189 2263 1246 2310 et
1269 2268 1450 2310 unum
1486 2269 1553 2312 ex
1586 2251 1680 2312 his
1710 2242 2038 2332 continget.

389 2330 724 2422 Indignatio
756 2335 914 2418 enim
969 2343 1026 2396 et
1076 2335 1160 2398 ira
1220 2337 1323 2399 Dei
1374 2356 1556 2419 super
1604 2349 1661 2403 te
1708 2330 2042 2422 veniet‘per

389 2421 577 2483 varias
604 2422 1058 2501 calamitateslet
1089 2425 1562 2490 circumstantias
1591 2451 1604 2488 :
1631 2421 2036 2492 adversaban-

389 2518 482 2571 tur
510 2511 670 2572 cutim
705 2511 833 2580 tibi,
861 2532 978 2574 non
1001 2513 1194 2574 solum
1220 2515 1518 2595 homines,
1545 2518 1650 2578 sed
1674 2519 1798 2580 fere
1830 2539 2040 2582 omnes

387 2608 698 2674 creaturae,
749 2609 807 2662 et
842 2601 962 2662 vita
1023 2601 1125 2663 tibi
1178 2602 1292 2664 erit
1344 2606 1574 2685 repleta
1621 2608 2040 2686 miseriis;vel

389 2707 526 2750 cum
559 2689 744 2750 multa
773 2688 1097 2768 ignominia
1123 2709 1193 2752 ex
1220 2710 1292 2754 ea
1315 2693 1614 2776 eripieris,
1647 2696 1907 2759 inimicis
1926 2701 2042 2760 tuis

394 2777 884 2860 praevalentibus;
923 2780 1009 2841 vel
1044 2788 1183 2842 ante
1242 2781 1402 2844 diem
1461 2791 1618 2844 tuam
1673 2785 1974 2861 morieris,
2008 2807 2043 2850 a

333 2885 340 2890 ·
392 2866 669 2946 praesenti
701 2866 818 2928 vita
844 2870 1105 2932 excisus.

472 3045 570 3108 59.
591 3045 721 3106 Non
739 3046 1256 3140 potestdespicere
1277 3050 1526 3140 gloriam
1552 3053 2035 3132 etignominiam,
2064 3091 2102 3140 ρ

395 3143 452 3195 et
482 3135 934 3216 supereminere
965 3138 1246 3218 voluptati
1271 3158 1339 3201 ac
1360 3139 1574 3215 dolori,
1611 3143 1712 3222 qui
1746 3161 1862 3205 non
1897 3145 2045 3206 fines

391 3241 591 3285 rerum
622 3225 926 3305 respicere
961 3233 1198 3290 meruit.
1237 3227 1382 3290 C-um
1419 3230 1574 3290 enim
1602 3231 1823 3293 videris
1851 3235 2047 3294 omnis

389 3313 614 3394 gloriae,
675 3316 1016 3394 voluptatis,
1064 3315 1442 3400 deliciarum,
1499 3319 1957 3403 divitiarumque
1989 3331 2046 3384 et

391 3403 802 3485 prosperitatis
825 3406 1146 3468 novissima
1165 3408 1240 3468 ad
1261 3408 1512 3470 nihilum
1536 3409 1826 3485 divinere,
1849 3420 2041 3476 morte

391 3501 634 3572 excepta
673 3502 732 3554 et
781 3505 1079 3578 corrupta,
1142 3506 1280 3558 tunc
1326 3517 1659 3577 agnoscens
1705 3500 2040 3565 evidentem

391 3583 656 3644 omnium
708 3584 1100 3646 humanarum
1161 3605 1361 3648 rerum
1433 3590 1780 3662 vanitatem,
1834 3610 2046 3654 sensus

389 3691 530 3733 suos
562 3673 827 3734 vertitad
861 3674 1011 3736 ﬁnes
1041 3675 1373 3738 divinarnm
1407 3697 1634 3739 rerum.
1692 3676 1761 3740 Et
1791 3681 1883 3742 his
1915 3701 2048 3762 qua‘,

390 3771 528 3823 sunt
558 3772 616 3823 et
645 3763 946 3842 corrumpi
978 3764 1224 3826 minime
1247 3775 1492 3847 queunt,
1521 3769 1804 3848 adhaeret,
1833 3777 1892 3833 et
1922 3773 2046 3832 hate

391 3859 698 3931 appetens,
734 3851 1006 3930 superior
1037 3854 1101 3914 tit
1131 3855 1337 3917 dolore
1366 3875 1434 3916 ac
1477 3859 1812 3938 voluptate:
1840 3859 2047 3922 dolore

394 3939 658 4020 quidem,
695 3949 758 4000 ut
788 3949 990 4002 contra
1043 3942 1359 4016 luxuriam,
1413 3945 1740 4006 ambitione
1773 3957 1832 4008 et
1860 3949 2050 4009 avari-

395 4028 533 4090 tiam
567 4027 781 4089 animze
810 4029 1078 4105 luctans;
1113 4032 1412 4111 voluptate
1443 4043 1662 4110 autem,
1715 4043 1777 4096 ut
1806 4055 2044 4098 omnem

393 4117 671 4197 rejiciens
697 4118 908 4178 mundi
957 4138 1220 4182 sensum.
1266 4120 1468 4203 Itaque
1499 4123 1822 4186 honoratus
1867 4125 2044 4189 simul

395 4216 453 4268 et
485 4207 896 4282 inhonoratus,
931 4208 1358 4291 doloribusque
1407 4228 1474 4273 ac
1508 4213 1744 4274 deliciis
1783 4214 2045 4293 jacta'us

394 4296 690 4374 corporis,
723 4296 782 4358 in
815 4297 1093 4360 omnibus
1123 4301 1346 4379 gratias
1375 4301 1494 4380 agit
1527 4305 1668 4378 Deo,
1715 4322 1827 4365 nec
1855 4305 2042 4368 ratio-

396 4404 532 4447 nem
563 4385 798 4446 amittit.

470 4745 570 4808 60.
601 4744 684 4806 Ex
715 4745 965 4807 somniis
999 4745 1179 4808 etiam
1233 4749 1495 4812 fervidus
1541 4751 1824 4830 augurari
1859 4759 2048 4831 potest

397 4833 611 4896 animae
640 4853 763 4896 suae
795 4846 986 4897 motus
1015 4854 1084 4898 ac
1110 4837 1552 4918 dispositiones.
1591 4850 1647 4904 et
1677 4839 1751 4900 de
1780 4847 2051 4900 suostatu

395 4941 629 4986 curare.
657 4923 858 4996 Qualis
889 4925 1046 4986 enim
1099 4926 1408 5006 dispositio
1457 4929 1761 4990 interioris
1791 4929 2050 4990 hominis

397 5012 892 5092 etcogitationum
927 5017 1080 5094 ejus,
1115 5017 1260 5078 tales
1289 5025 1428 5078 sunt
1460 5026 1654 5078 motus
1693 5017 1960 5097 corporis
1991 5025 2050 5078 et

398 5103 614 5164 mentis
643 5102 922 5167 visiones.
957 5103 1018 5164 Si
1078 5105 1210 5185 quis
1256 5105 1436 5185 igitur
1485 5107 1752 5169 materiae
1785 5115 1842 5168 et
1873 5108 2043 5168 volu-

397 5191 572 5272 ptatis
601 5201 900 5256 amantem
945 5193 1128 5254 habet
1177 5195 1459 5269 animam,
1511 5196 1623 5257 sibi
1657 5204 2046 5276 repraesentat

396 5299 596 5342 rerum
631 5281 1037 5362 possessiones
1069 5292 1128 5344 et
1157 5283 1448 5346 bonorum
1501 5285 1888 5366 opulentiam,
1925 5286 2046 5346 l'or-

400 5389 643 5450 masque
675 5371 992 5433 mulierum
1023 5381 1080 5434 et
1105 5373 1298 5434 coitus
1330 5374 1702 5447 libidinosus,
1736 5393 1802 5435 ex
1827 5374 2044 5454 quibus

399 5457 816 5538 coinquinatur
845 5461 1022 5522 vestis
1052 5461 1178 5542 ejus
1197 5471 1254 5523 et
1277 5481 1414 5524 caro
1439 5469 1502 5523 tit
1523 5463 1747 5526 fcetida.
1771 5463 2039 5526 Siautem

397 5546 672 5626 cupidam
701 5557 757 5610 et
789 5551 1053 5628 pecunia:
1073 5559 1391 5626 amantem,
1417 5570 1624 5612 aurum
1650 5553 1806 5614 videt
1829 5553 1887 5614 in
1916 5570 2044 5616 om-

400 5633 596 5723 uibus,
630 5645 689 5698 et
745 5657 952 5699 aurmn
1013 5639 1162 5711 dure
1219 5639 1421 5728 exigit,
1482 5653 1541 5702 et
1605 5641 2046 5729 superabundat

2063 4491 2106 4540 D
2125 4485 2265 4540 ἐστιν

2119 733 2290 810 λαιον,
2337 737 2428 793 τὸν
2460 737 2613 812 Θεὸν,
2665 738 2726 793 οὗ
2777 737 2944 816 χωρὶς
2991 736 3085 792 οῦκ
3137 732 3278 790 ἔστιν
3327 734 3618 814 ἀνθρώποις
3661 757 3776 790 σω-

2119 825 2310 905 τηρίας.
2347 827 2485 898 ζωή.

2200 903 2332 988 νζ’,
2393 916 2452 971 Et
2497 913 2673 994 φιλεῖς
2725 916 2948 995 χρυσὸν,
3003 913 3226 992 Χριστὸν
3258 915 3316 971 οὒ
3359 911 3558 991 φιλεῖς,
3609 913 3669 968 ΕΙ
3721 911 3779 968 δὲ

2121 1004 2345 1080 Χριστὸν
2389 1005 2448 1060 οὔ
2500 1002 2695 1081 φιλεῖς,
2755 1001 2932 1083 φιλεῖς
2984 999 3039 1056 δὲ
3082 1001 3300 1082 χρυσὸν,
3363 999 3459 1081 ὅρα
3516 1000 3616 1057 τίνι
3661 1019 3720 1055 σε
3751 1001 3780 1055 ὁ

2119 1093 2370 1171 τύραννος
2453 1089 2810 1166 ἐξομοιοῦσθαι
2907 1090 3289 1170 παρασκευάζει
3343 1109 3358 1124 ⁸
3431 1089 3617 1164 ἐκείνῳ
3703 1095 3782 1163 τῷ

2127 1183 2342 1257 μαθητῇ
2376 1181 2496 1256 μὲν,
2561 1179 2679 1237 ἀλλ’
2753 1181 2980 1254 ἀπίστῳ,
3043 1178 3179 1260 φίλῳ
3231 1176 3310 1251 δὲ,
3369 1175 3486 1234 ἀλλ’
3519 1175 3783 1250 ἐπιϐούλῳ

2125 1268 2362 1350 φανέντι,
2395 1271 2484 1326 καὶ
2524 1277 2704 1334 κακῶς
2754 1271 2827 1334 εἰς
2884 1271 2974 1326 τὸν
3029 1271 3204 1324 κοινὸν
3279 1268 3557 1334 Δεσπότην
3598 1267 3781 1343 ἐμπα-

2126 1360 2453 1438 ροινήσαντι,
2513 1360 2602 1416 καὶ
2644 1357 2835 1422 ἀθλίως
2895 1357 3167 1414 ἐκπεσόντι
3226 1359 3453 1422 πίστεως
3513 1356 3626 1433 ἅμα
3695 1358 3786 1412 καὶ

2124 1452 2224 1514 τῆς
2255 1450 2386 1524 πρὸς
2444 1448 2651 1505 ἐκεῖνον
2705 1449 2942 1526 ἀγάπης,
3009 1447 3094 1502 καὶ
3151 1448 3222 1511 εἷς
3271 1447 3423 1522 βυθὸν
3474 1443 3788 1525 ἐγκυϐιστή-

2125 1558 2274 1592 σαντι
2305 1536 2660 1615 ἀπογνώσεως
2697 1555 2710 1567 ⁸
2747 1541 2806 1594 οῦ
2835 1540 2897 1593 σὺ
2943 1533 3124 1599 δεδιὼς
3161 1537 3224 1592 τὸ
3270 1533 3591 1614 ὑποδειγμα,
3622 1541 3785 1616 φεῦγε

2125 1629 2349 1706 χρυσὸν,
2405 1627 2523 1702 ἐμοὶ
2570 1628 2906 1704 πειθόμενος,
2957 1626 3046 1682 καὶ
3087 1625 3184 1692 τὴν
3233 1625 3415 1682 τούτου
3457 1624 3655 1704 φιλίαν,
3689 1623 3788 1678 ἵνα

2125 1712 2345 1792 δυνηθῇς
2399 1713 2646 1794 κερδῆσαι
2722 1717 2968 1794 Χριστὸν,
3044 1713 3098 1770 ἐν
3151 1720 3230 1789 τῷ
3308 1712 3483 1793 φιλεῖν
3536 1713 3779 1774 σεαυτόν,

2123 1805 2182 1860 Εἰ
2223 1801 2269 1858 δ’
2299 1804 2408 1880 οὗν,
2442 1803 2560 1860 ἀλλ’
2594 1803 2744 1869 οἶδας
2787 1807 2878 1861 τὸν
2923 1802 3086 1860 τόπον
3129 1812 3222 1862 τοῦ
3249 1801 3656 1868 ἐκπεπτωκότος
3683 1803 3781 1858 τὸν

2123 1890 2259 1949 ἴδιον
2269 1936 2283 1950 .

2203 1972 2312 2049 νη’.
2347 1982 2436 2050 Μὴ
2479 1981 2564 2038 διά
2607 1990 2830 2062 χρυσοῦ,
2886 1986 2924 2050 ἦ
2995 1983 3289 2064 συνδρομῆς
3353 1981 3640 2062 ἀνθρώπων
3691 1983 3786 2038 καὶ

2124 2069 2440 2142 ἐξαιτήσεως
2525 2071 2809 2152 ἐπιτυχεῖν
2867 2073 3141 2156 προεδρίας
3222 2073 3454 2149 σπεύσῃς
3533 2069 3686 2143 ποτὲ,
3740 2071 3785 2126 εἰ

2123 2161 2210 2216 καὶ
2265 2167 2481 2239 συνορᾷς
2543 2161 2727 2217 ἑαυτὸν
2769 2164 3027 2242 ἰσχύοντα
3079 2159 3350 2242 ὠφελῆσαι
3421 2160 3626 2239 ψυχὰς,
3661 2157 3786 2214 ἄνευ

2121 2255 2220 2317 τῆς
2277 2249 2472 2307 ἀνωθεν
2557 2249 2822 2326 κλήσεως,
2885 2252 3000 2310 ἐπεὶ
3072 2254 3189 2331 τρία
3256 2251 3421 2344 ταῦξά
3483 2271 3563 2305 σοι
3608 2269 3782 2326 προσ-

2120 2341 2434 2414 υπαντήσει,
2482 2341 2798 2396 καὶτούτων
2843 2341 2898 2398 ἓν
2952 2339 3303 2411 ἀποϐήσεται.
3355 2337 3422 2395 ’Ἠ
3473 2339 3574 2417 γὰρ
3602 2337 3780 2415 ἀγαν-

2122 2429 2342 2496 ἀκτησι,
2376 2429 2482 2486 ἀπὸ
2541 2437 2673 2488 Θεοῦ
2741 2453 2824 2488 σοι
2883 2430 3102 2511 ἐπέλθῃ,
3147 2432 3235 2485 καὶ
3303 2427 3437 2508 ὀργῆ
3487 2425 3571 2482 διὰ
3600 2427 3785 2482 ποικί-

2121 2517 2229 2574 λων
2279 2519 2544 2600 ἐπιφορῶν
2587 2521 2676 2576 καὶ
2722 2521 3080 2600 περιστάσεων
3129 2535 3144 2548 ⁸
3203 2517 3263 2574 ἐκ
3309 2516 3784 2592 πολεμωθήσονται

2123 2631 2205 2666 σοι
2277 2611 2375 2689 γάρ
2433 2612 2526 2668 οὒκ
2586 2607 2848 2690 ἅνθρωποι
2922 2612 3110 2686 μόνον,
3182 2607 3319 2666 ἀλλά
3373 2609 3462 2664 καὶ
3517 2609 3552 2674 ἡ
3610 2607 3784 2671 κτίσις

2123 2695 2316 2778 σχεδὸν
2361 2699 2563 2779 ἅπασα,
2637 2701 2723 2756 καὶ
2781 2699 3062 2779 γενήσεταί
3107 2721 3190 2755 σοι
3263 2695 3686 2760 πολυστένακτος
3746 2697 3784 2764 ἡ

2123 2789 2235 2858 ζωή
2284 2804 2297 2818 ·
2333 2788 2369 2853 ἣ
2400 2790 2534 2863 μετά
2605 2787 2810 2856 πολλῆς
2873 2789 3086 2865 ἀτιμίας
3145 2787 3344 2844 ἐκεῖθεν
3395 2787 3780 2865 καθαιρεθήσῃ,

2123 2881 2228 2931 τῶν
2285 2875 2422 2931 κατά
2478 2882 2572 2932 σοῦ
2614 2877 3082 2956 ὕπερισχυσάντων
3145 2895 3160 2910 ·
3215 2875 3252 2942 ἢ
3309 2874 3578 2950 ἀποθάνῃς
3637 2873 3692 2929 ἐν
3723 2877 3784 2933 οὗ

2123 2971 2290 3043 καιρῷ
2320 2986 2412 3022 σου
2457 2965 2780 3041 ἀποτμηθεὶς
2812 2972 2908 3032 τῆς
2935 2965 3203 3044 παρούσης
3234 2969 3404 3036 ζωῆς.

2208 3045 2309 3117 νϐ’,
2371 3056 2478 3112 Οὐκ
2535 3054 2644 3110 ἔστι
2711 3059 3108 3134 καταφρονῆσαι
3177 3051 3331 3120 δόξης
3387 3055 3476 3110 καὶ
3539 3053 3780 3130 ἀτιμίας,

2124 3145 2464 3225 καὶῦπεράνω
2521 3143 2762 3222 γενέσθαι
2821 3142 3020 3210 ὀδύνης
3083 3143 3172 3199 καὶ
3224 3140 3443 3215 ἡδονῆς,
3504 3143 3547 3198 εἰ
3591 3143 3667 3219 μή
3699 3165 3783 3206 τις

2127 3238 2257 3314 πρὸς
2283 3237 2347 3292 τὰ
2399 3232 2528 3300 τέλη
2585 3239 2691 3288 τῶν
2740 3233 3067 3312 πραγμάτων
3125 3229 3338 3307 βλέπειν
3408 3229 3782 3302 ἀξιωθήσεται,

2131 3317 2388 3390 Ὀπηνίκα
2443 3324 2544 3402 γὰρ
2612 3323 2789 3388 πάσης
2861 3319 3036 3394 δόξης,
3125 3322 3214 3376 καὶ
3280 3317 3499 3391 ἡδονῆς,
3555 3328 3797 3403 τρυφῆς,

2127 3415 2214 3470 καὶ
2270 3411 2520 3485 πλούτου,
2566 3412 2654 3468 καὶ
2711 3410 2992 3490 εὐημερίας
3040 3410 3106 3465 τὰ
3158 3407 3290 3475 τέλη
3362 3411 3432 3475 εἷς
3489 3407 3636 3468 οωὲν
3693 3409 3788 3488 ἴδῃ

2123 3503 2536 3582 καταγινόμενα,
2609 3510 2702 3560 τοῦ
2753 3501 2978 3556 θανάτου
3025 3499 3188 3556 ταῦτα
3245 3496 3626 3579 διαδεχομένου
3697 3504 3788 3557 καὶ

2123 3591 2530 3674 διαφθείροντος,
2611 3596 2902 3658 τηνικαῦτα
2985 3589 3194 3644 πάντων
3301 3590 3594 3667 καταγνοὺς

2125 3682 2458 3762 ἀνθρωπίνων
2529 3680 2856 3758 πραγμάτων
2929 3683 3071 3758 σαφῆ
3163 3676 3525 3758 ματαιότητα,
3599 3677 3786 3758 τρέπει

2129 3772 2219 3836 τάς
2245 3772 2511 3841 αἰσθήσεις
2541 3773 2697 3828 αὐτοῦ
2739 3769 2870 3848 πρὸς
2929 3768 2995 3824 τά
3052 3765 3180 3833 τέλη
3237 3769 3342 3822 τῶν
3398 3768 3551 3822 θείων
3605 3791 3788 3848 πραγ-

2130 3861 2335 3935 μάτων,
2387 3861 2482 3918 Καὶ
2538 3859 2645 3914 τῶν
2703 3859 2800 3933 μὲν
2845 3855 3010 3914 ὄντων
3065 3857 3154 3912 καὶ
3196 3853 3446 3931 μεδαμῶς
3503 3853 3792 3936 διαφθαρῇ-
3839 3902 3843 3905 .

2129 3971 2214 4006 ναι
2283 3947 2582 4024 δυναμένων
2651 3947 2958 4026 ἀντέχεται,
3033 3946 3232 4002 τούτων
3289 3941 3344 3999 δὲ
3414 3944 3792 4021 ἀντιποιούμε-

2132 4061 2239 4108 νος,
2307 4027 2648 4111 ὀδύνης’μὲν
2721 4038 2810 4092 καὶ
2899 4033 3094 4102 ἡδονῆς
3186 4034 3428 4113 ὑπεράνω
3516 4035 3716 4113 γίνεται
3771 4057 3788 4072 ο

2142 4126 2212 4149 ,ιιι
2293 4149 2320 4165 ρ
2387 4125 2443 4156 ν,
2549 4128 2563 4144 ε
2885 4149 2899 4166 λ
3095 4124 3110 4146 \
3229 4121 3376 4178 >όκς
3612 4125 3627 4144 κ
3753 4159 3787 4171 _

2129 4137 2312 4195 οὸυνης
2371 4150 2442 4189 ω.
2514 4147 2576 4181 το
2633 4147 2688 4204 cpt
2751 4143 2937 4199 φονον,
3024 4145 3113 4179 και
3168 4145 3260 4202 ιρις
3293 4141 3460 4202 οοςον,
3541 4145 3630 4181 και
3687 4149 3746 4206 ιρι

2128 4217 2474 4297 λοχρήματον
2530 4214 3026 4292 καταγωνισάμενος
3095 4217 3192 4280 τῆς
3263 4216 3452 4292 χυχῆς
3521 4227 3535 4242 ⁶
3585 4211 3786 4282 ἡδονῆς

2127 4305 2205 4386 δὲ,
2269 4309 2342 4368 ὡς
2399 4305 2496 4372 τὴν
2554 4303 2646 4361 τοῦ
2731 4303 2932 4378 κόσμου
3018 4302 3436 4377 ἀποσεισάμενος
3507 4301 3783 4371 α’ίσθησιν,

2131 4399 2223 4452 Διὸ
2305 4396 2394 4450 καὶ
2483 4393 2782 4469 τιμώμενος
2869 4394 2957 4448 καὶ
3044 4391 3428 4466 ἀτιμαζόμενος
3518 4393 3546 4448 ὁ
3629 4391 3788 4460 αὐτὸς

3675 3596 3786 3648 τῶν

2275 4529 2290 4562 ,
2341 4479 2546 4545 ὀδύναις
2590 4501 2645 4536 τε
2706 4481 2792 4536 καὶ
2849 4478 3054 4536 ἀνέσεσι
3111 4477 3441 4555 βαλλόμενος
3507 4489 3784 4562 σώματος,

2125 4574 2180 4630 ἐν
2210 4578 2369 4629 πᾶσιν
2429 4571 2744 4650 εὐχαριστεῖ
2771 4576 2848 4644 τῷ
2895 4576 3034 4649 Θεῷ,
3082 4570 3170 4624 καὶ
3219 4567 3278 4624 οῦ
3329 4575 3663 4626 κατασπᾶται
3691 4571 3790 4626 τὸν

2127 4661 2387 4742 λογισμόν
2399 4709 2410 4720 .

2209 4735 2276 4817 ξ’.
2312 4735 2454 4808 ’Ἐστι
2508 4752 2596 4806 καὶ
2652 4749 2757 4806 ἀπὸ
2813 4756 2919 4806 τῶν
2990 4747 3240 4805 ἐνυπνίων
3284 4747 3376 4812 τὰς
3431 4752 3528 4814 τῆς
3599 4754 3787 4830 ψυχῆς

2132 4845 2363 4912 κινήσεις
2420 4843 2508 4898 καὶ
2563 4839 2817 4902 διαθέσεις
2887 4839 3374 4919 καταστοχάζεσθαι
3463 4842 3556 4896 τὸν
3614 4861 3781 4898 σπου-

2131 4930 2302 5006 δαῖον,
2389 4931 2476 4986 καὶ
2532 4935 2630 4995 τῆς
2718 4928 3095 4991 καταστάσεως
3178 4927 3544 5004 ἐπιμελεῖσθαι
3603 4932 3784 4994 αὐτοῦ,

2134 5013 2280 5070 Κατά
2310 5012 2409 5088 γὰρ
2454 5011 2553 5078 τὴν
2596 5007 2820 5066 διάθεσιν
2867 5031 2958 5064 του
3009 5007 3155 5072 ἐντὸς
3204 5009 3501 5087 ἀνθρώπου,
3562 5012 3789 5067 καὶτῶν

2129 5099 2412 5183 φροντίδων
2468 5101 2645 5171 αὐτοῦ,
2694 5101 2788 5155 εἰσὶ
2840 5101 2926 5156 καὶ
2981 5105 3072 5154 τοῦ
3121 5099 3365 5174 σώματος
3417 5101 3469 5154 αἱ
3519 5101 3784 5182 κινήσεις,

2128 5193 2216 5246 καὶ
2243 5197 2334 5246 τοῦ
2365 5190 2482 5253 νοὸς
2529 5191 2581 5244 αἱ
2638 5193 2936 5268 φαντασίαι,
3000 5191 3059 5246 Εἰ
3117 5187 3213 5264 μὲν
3269 5210 3350 5251 τις
3407 5188 3494 5244 οῦν
3537 5187 3788 5270 φιλόϋλον

2127 5282 2214 5337 καὶ
2269 5277 2551 5360 φιλήδονον
2598 5278 2698 5344 τὴν
2751 5281 2936 5359 ψυχὴν
2993 5277 3138 5360 ἔχει,
3183 5280 3398 5349 κτήσεις
3457 5279 3787 5358 πραγμάτων

2124 5371 2212 5427 καὶ
2271 5368 2568 5450 χρημάτων
2611 5367 2852 5447 εὖπορίαν
2922 5369 3260 5449 εραντάζεται,
3321 5370 3523 5450 μορφάς
3565 5389 3622 5426 τε
3680 5392 3786 5447 γυ-

2127 5464 2320 5516 ναικῶν
2351 5459 2440 5514 καὶ
2469 5455 2776 5532 συμπλοκὰς
2832 5461 3150 5534 συμπαθεῖς,
3184 5457 3235 5524 ἐξ
3285 5459 3358 5515 ὧν
3413 5461 3442 5515 ὁ
3473 5457 3786 5538 ἕσπιγωμέ-

2125 5571 2214 5613 νος
2246 5547 2388 5622 αῦτῷ
2431 5547 2624 5626 χιτὼν,
2662 5547 2749 5602 καὶ
2805 5549 2834 5603 ὁ
2890 5549 3122 5623 μιασμὸς
3173 5553 3272 5614 τῆς
3321 5549 3513 5628 σαρκὸς
3541 5547 3784 5626 ἐπιγίνε-

2129 5661 2236 5702 ται.
2275 5639 2330 5694 Εἰ
2377 5635 2431 5691 δὲ
2488 5634 2866 5705 πλεονεκτινιὴν
2923 5638 3010 5692 καὶ
3053 5637 3392 5716 φιλάργυρον,
3453 5638 3642 5716 γρυσὸν
3687 5639 3786 5718 ὁρᾶ
