4126 6378
474 299 584 363 931
1765 299 1816 362 Ν
1827 295 2071 360 ΙΟΕΤίΕ

2178 293 2550 359 ECTORATI
3730 306 3838 371 932

468 439 633 511 parte
662 429 1108 512 imprimuntur,
1160 432 1263 493 sed
1319 430 1556 492 illorum
1609 430 1981 492 solummodo
2015 450 2091 511 qu

2201 440 2418 489 πνοῦται
2468 447 2481 460 ⁸
2516 429 2653 487 ἀλλὰ
2680 432 2856 507 μόνων
2914 433 3126 490 ἐκείνων
3174 442 3275 491 τῶν
3322 439 3719 516 κεκαθαρμένων
3760 444 3842 498 τὸν

465 518 729 580 animum
773 538 945 581 suum
989 520 1447 595 mundaverunt,
1485 538 1816 600 sensusque
1848 519 2091 581 fecerun

2202 529 2341 593 νοῦν,
2415 521 2505 575 καὶ
2560 522 2970 599 τετρανωμένων
3023 525 3088 579 τὰ
3148 526 3461 604 αἰσθητήρια
3508 529 3604 594 τῆς
3647 532 3840 610 ψυχῆς,

464 608 714 684 lucidos,
750 617 806 671 et
854 608 924 670 ad
970 610 1280 690 physicam
1338 611 1740 671 ascenderunt
1798 609 2089 670 theoriam

2199 609 2286 663 καὶ
2351 610 2481 685 πρὸς
2543 609 2768 686 φυσικὴν
2815 608 3222 690 ἆναδραμόντων
3264 616 3479 693 θεωρίαν
3518 634 3530 646 ⁸
3581 620 3652 672 ὧν
3702 608 3839 675 οὔδε-

462 700 676 779 quibus
708 698 867 759 nulla
905 717 1048 759 cura
1076 706 1167 759 est
1196 699 1270 760 de
1302 699 1482 761 rebus
1525 700 1597 761 ad
1630 698 1811 760 vitam
1850 698 2091 759 attinen-

2201 696 2293 770 μία
2350 699 2558 775 εξρονῖῖς
2602 700 2930 777 πραγμάτων
2975 702 3263 783 βιωτικῶν,
3310 702 3425 761 03δὲ
3492 726 3573 769 τις
3629 707 3840 786 μέριμνα

463 787 645 862 tibus,
681 806 791 848 nec
823 787 943 849 ulla
971 788 1046 849 de
1085 787 1201 848 vita
1241 793 1513 869 praesenti
1567 786 1925 864 sollicitudo,
1968 807 2116 868 quos

459 878 635 956 longa
656 876 887 957 jejunia
916 876 987 938 ad
1024 876 1420 939 universalem
1471 876 1846 938 deduxerunt
1877 884 2113 956 tempe-

459 968 737 1038 rantiam,
769 965 985 1046 quibus
1014 966 1261 1027 sudores
1290 967 1644 1047 laboresque
1669 984 1773 1046 pro
1810 968 1932 1028 Deo
1958 968 2111 1028 tole-

457 1056 572 1117 rati
589 1055 1011 1118 habitationem
1038 1063 1395 1135 paraverunt
1438 1055 1497 1116 in
1536 1053 2013 1128 sanctuarioDei,
2048 1054 2109 1115 id

463 1145 645 1222 est,in
672 1145 931 1207 sciencia
951 1163 1148 1205 rerum
1167 1164 1299 1206 cum
1324 1144 1946 1225 sapientiasuperiori,
1962 1164 2110 1224 quo-

459 1251 593 1295 rum
625 1235 741 1294 vita
770 1233 1037 1309 angelica
1069 1241 1126 1294 et
1155 1233 1502 1296 abscondita
1541 1236 1601 1294 in
1646 1237 1768 1297 Deo
1800 1242 1911 1308 est,
1946 1233 2045 1313 qui
2077 1252 2111 1295 e

402 1358 409 1364 ~
456 1340 625 1384 sacra
651 1342 795 1403 pace
814 1322 1113 1402 progressi
1146 1323 1634 1385 ascenderuntad
1657 1322 2106 1384 similitudinem

455 1412 872 1491 prophetarum
897 1411 1179 1475 Ecclesiae
1196 1412 1327 1486 Dei,
1344 1413 1420 1473 de
1441 1412 1657 1493 quibus
1674 1411 1734 1471 in
1750 1412 1941 1491 Moyse
1963 1411 2109 1473 dixit

454 1503 665 1564 Deus:
722 1522 749 1559 α
780 1501 844 1563 Si
883 1500 1015 1580 quis
1064 1501 1204 1562 furit
1251 1502 1411 1563 inter
1467 1520 1567 1563 vos
1628 1502 1940 1581 propheta,
2002 1519 2108 1580 per

450 1607 725 1650 somnum
758 1590 1054 1669 apparebo
1093 1590 1171 1664 ei,
1207 1599 1264 1651 et
1301 1591 1362 1651 in
1411 1590 1642 1652 visione
1685 1590 1893 1669 loquar
1920 1589 1993 1650 ad
2027 1589 2103 1649 il-

2199 786 2294 852 τῆς
2351 787 2624 864 παρούσης
2675 788 2817 858 ζωῆς
2853 807 2867 820 ·
2941 792 3015 844 ὧν
3075 794 3124 847 αἱ
3173 793 3368 871 μακραὶ
3411 792 3605 851 ἁσιτίαι
3635 798 3701 859 εἷς
3743 820 3836 853 πε-

2198 894 2467 952 ριεκτικην
2524 876 2831 953 ἐγκράτειαν
2918 877 3145 946 ἔστησαν
3213 899 3225 912 ⁸
3283 884 3371 938 καὶ
3428 886 3474 939 οἱ
3530 885 3663 940 κατὰ
3717 889 3832 943 Θεὸν

2195 960 2405 1040 ἱδρῶτες
2436 967 2523 1021 καὶ
2553 966 2726 1035 πόνοι,
2783 969 2855 1031 είς
2907 970 2967 1023 τὸ
3025 970 3365 1049 ἁγιαστάριον
3420 981 3513 1031 τοῦ
3569 980 3695 1032 Θεοῦ
3745 977 3831 1043 τὴν

2193 1058 2387 1129 γνῶσιν
2448 1060 2553 1108 τών
2624 1056 2789 1113 ὄντων
2841 1060 2903 1114 τὸ
2958 1057 3238 1135 κατάλυμα
3296 1064 3440 1141 εὗρον
3473 1064 3606 1137 μετὰ
3663 1065 3832 1144 σοφίας

2192 1146 2289 1208 τῆς
2321 1144 2617 1219 κρειττονός
2679 1160 2692 1174 ’
2754 1148 2828 1201 ὧν
2885 1149 2913 1202 ὁ
2956 1148 3067 1223 βίος
3143 1148 3427 1226 ἀγγελικὸς
3487 1153 3574 1207 καὶ
3628 1153 3661 1219 ἡ
3728 1155 3829 1223 ζωὴ

2191 1239 2277 1286 νυν
2312 1238 2452 1308 παρᾶ
2504 1239 2619 1306 Θεῷ
2680 1232 2987 1313 κέκρυπται,
3051 1236 3138 1292 καί
3206 1240 3240 1304 η
3284 1243 3531 1315 προκοπὴ
3586 1238 3637 1305 ἐξ
3703 1244 3829 1319 ἱερᾶς

2188 1319 2417 1398 ἡσυχίας
2463 1321 2534 1383 εἷς
2578 1322 2727 1396 βάσιν
2782 1328 3069 1404 προφητῶν
3127 1330 3226 1392 τῆς
3279 1334 3371 1382 τοῦ
3430 1335 3561 1385 Θεοῦ
3605 1328 3830 1397 Ἐκκλη-

2190 1409 2304 1471 σίλς
2362 1406 2525 1475 ἀνέϐη
2589 1426 2601 1438 ·
2666 1413 2783 1490 περὶ
2826 1436 2900 1467 ων
2959 1415 3046 1469 καὶ
3117 1414 3170 1469 ἐν
3231 1422 3430 1493 Μωυσῇ
3482 1415 3767 1485 λελάληκεν
3807 1422 3832 1474 ὁ

2189 1496 2319 1558 Οεός
2356 1512 2368 1524 ’
2414 1521 2439 1551 α
2480 1499 2602 1554 Ἐὰν
2633 1499 2850 1577 γένηται
2902 1504 3182 1582 προφήτης
3239 1504 3293 1560 ἐν
3363 1506 3517 1580 ὑμῖν,
3589 1506 3641 1562 ἐν
3695 1506 3830 1581 ὕπνῳ

2187 1584 2486 1662 ὀφθήσομαι
2547 1590 2709 1662 αὐτῷ,
2768 1592 2854 1645 καὶ
2914 1589 2967 1645 ἐν
3026 1592 3249 1669 ὁράματι
3308 1592 3532 1664 λαλήσω
3582 1597 3709 1674 πρὸς
3752 1600 3832 1655 αὖ·

448 1677 569 1739 lum
598 1678 684 1742 60.
721 1704 748 1734 ι
782 1678 850 1738 Ει
877 1679 938 1738 in
967 1677 1095 1740 Joel
1131 1696 1145 1741 :
1184 1678 1253 1739 Et
1302 1679 1416 1739 crit
1469 1687 1597 1759 post
1627 1679 1753 1739 haec
1802 1678 2091 1739 effundam

2185 1675 2298 1732 τόν.
2337 1697 2363 1727 ι)
2398 1677 2491 1731 Καὶ
2523 1674 2576 1730 ἐν
2608 1676 2767 1746 Ἰωήλ
2803 1693 2815 1705 ⁸
2858 1698 2881 1733 α
2936 1682 3030 1735 Καὶ
3082 1679 3226 1736 ἔσται
3282 1684 3416 1756 μετᾶ
3447 1690 3632 1759 ταῦτα,
3664 1682 3830 1764 ἐκχεῶ

448 1766 525 1828 de
573 1766 795 1847 Spiritu
856 1785 987 1828 meo
1035 1785 1218 1846 super
1266 1756 1506 1829 omnem
1552 1784 1817 1840 carnem,
1854 1775 1910 1827 et
1954 1785 2091 1847 pro-

2183 1760 2288 1817 ἀπὸ
2320 1769 2410 1818 τοῦ
2443 1765 2743 1839 Πνεύματος
2802 1788 2902 1840 μου
2962 1767 3047 1823 ἐπὶ
3101 1776 3275 1825 πᾶσαν
3335 1772 3525 1851 σάρκα,
3583 1773 3668 1827 καὶ
3706 1795 3801 1851 προ

448 1857 777 1935 phetabunt
809 1855 916 1916 ﬁlii
957 1856 1135 1917 vestri
1185 1865 1244 1916 et
1291 1856 1428 1916 ﬁlim
1474 1867 1707 1931 vestrae,
1743 1864 1799 1917 et
1829 1862 2099 1919 seniores

445 1945 628 2006 vestri
658 1943 891 2006 somnia
920 1943 1325 2025 somniabunt,
1354 1954 1411 2004 et
1427 1946 1675 2024 juvenes
1707 1944 1886 2006 vestri
1915 1944 2092 2007 visio-

446 2052 555 2095 nes
586 2032 972 2095 v1debunt6‘.
1005 2060 1027 2087 »

444 2122 547 2187 64.
582 2122 1007 2202 Tranquillitas
1039 2134 1128 2184 est
1168 2130 1329 2185 satus
1377 2122 1562 2184 animi
1605 2121 2090 2204 imperturbatus,

440 2229 721 2273 serenum
770 2212 971 2273 liberte
1023 2221 1079 2273 et
1131 2212 1445 2274 exultantis
1473 2212 1708 2293 animae,
1742 2231 1845 2273 cor
1874 2211 1935 2272 in
1969 2214 2091 2275 Deo

440 2301 764 2362 stabililum
814 2300 944 2361 sine
998 2300 1237 2363 turbine
1288 2322 1356 2363 ac
1406 2307 1780 2382 tempestate,
1839 2300 2091 2362 scientia

439 2389 784 2470 mysterium
827 2390 956 2463 Dei,
992 2409 1191 2451 sermo
1237 2391 1547 2471 sapientiae
1578 2410 1647 2453 ex
1678 2409 1827 2469 puro
1863 2389 2085 2463 animo,

438 2478 681 2559 abyssus
711 2478 1132 2556 cogitationum
1167 2479 1294 2554 Dei,
1332 2481 1551 2542 mentis
1593 2478 1866 2553 exstasis,
1909 2479 2088 2539 fami-

436 2567 659 2629 liaritas
707 2588 843 2629 cum
890 2568 1033 2639 Deo,
1089 2570 1303 2630 oculus
1353 2569 1513 2648 vigil,
1548 2568 1735 2629 oratio
1788 2568 2085 2643 mentalis,

436 2673 648 2737 expers
699 2656 919 2717 laboris
950 2657 1009 2716 in
1043 2658 1273 2735 magnis
1321 2656 1622 2717 laboribus
1652 2654 1843 2736 quies,
1878 2674 1945 2717 ac
1976 2655 2084 2717 de-

436 2763 596 2808 mum
633 2746 774 2807 unio
802 2753 863 2805 et
893 2745 1145 2806 societas
1180 2765 1313 2806 cum
1347 2745 1490 2807 Deo.

511 2834 613 2897 65.
648 2832 921 2906 Quandiu
965 2833 1162 2894 anima
1207 2834 1392 2895 divisa
1424 2840 1515 2895 est
1543 2839 1748 2895 contra
1798 2831 2080 2913 seipsam,

2181 1852 2527 1929 φητεύσουσιν
2578 1856 2623 1908 οἱ
2683 1855 2779 1909 υἱοὶ
2848 1857 3019 1935 ὑμῶν,
3075 1860 3163 1913 καὶ
3222 1862 3274 1914 αἱ
3331 1860 3607 1939 θυγατέρες
3662 1863 3821 1935 ὑμῶν⁹

2179 1941 2265 1995 καὶ
2318 1942 2364 1996 οἱ
2440 1940 2779 2020 πρεσϐύτεροι
2849 1945 2994 2019 ὑμῶν
3069 1945 3595 2022 ἐνυπνιασθήσονται,
3652 1955 3734 2007 καὶ
3779 1953 3821 2006 oi

2178 2030 2437 2110 νεανίσκοι
2468 2032 2612 2106 ὑμῶν
2645 2033 2853 2110 ὁράσεις
2884 2031 3127 2108 ὄψονται.
3170 2058 3193 2091 η

2283 2109 2351 2179 δ’.
2410 2110 2639 2199 Ἡσυχία
2696 2121 2805 2177 ἐστί
2867 2126 2986 2187 νοὸς
3056 2127 3376 2189 κατάστασις
3438 2127 3816 2209 ἁνελόχλητος,

2174 2207 2383 2282 γαλήνη
2443 2208 2730 2288 ἐλευθερίας
2802 2212 2887 2267 καὶ
2957 2211 3368 2291 ἁγαλλιωμένης
3424 2207 3632 2297 ψυχῆς,
3695 2240 3820 2297 καρ-

2173 2292 2280 2359 δίας
2312 2297 2365 2351 ἐν
2426 2301 2542 2373 Ε)εῴ
2600 2300 2749 2373 βάσις
2822 2300 3091 2382 ἀτᾴραχος
3152 2306 3238 2360 καὶ
3314 2305 3636 2388 ἀκύμαντος,
3691 2311 3818 2363 θεω-

2174 2384 2256 2476 ρία
2327 2389 2526 2466 φωτὸς,
2579 2394 2782 2476 ’γνῶσις
2838 2397 2968 2448 Θεοῦ
3039 2394 3365 2471 μυστηρίων,
3428 2394 3586 2474 λόγος
3623 2384 3819 2476 ⁷σοφίας

2172 2471 2233 2527 ἐκ
2287 2478 2515 2554 καθαρᾶς
2572 2473 2822 2549 διανοίας,
2900 2477 3125 2544 ἄϐυσσος
3185 2483 3471 2559 νοημάτων
3529 2492 3679 2560 Θεοῦ,
3727 2486 3817 2563 ἁρ-

2171 2564 2319 2654 παγὴ
2341 2567 2485 2639 νοὸς,
2544 2564 2724 2640 ὁμιλία
2782 2576 2912 2623 Θεου
2973 2569 3266 2645 ἀκοίμητος
3326 2573 3623 2654 ὀφθαλμὸς,
3668 2596 3820 2653 προσ-

2171 2652 2307 2731 ευχὴ
2339 2655 2512 2730 νοερὰ,
2568 2654 2761 2720 ἄπονος
2810 2656 2871 2713 ἀν
2915 2658 3097 2723 πόνοις
3170 2652 3426 2739 μεγάλοις
3490 2652 3766 2726 ἀνάπαυσίς
3802 2679 3812 2692 ⁸

2168 2742 2256 2795 καὶ
2285 2739 2434 2828 τέλος
2466 2740 2650 2804 ἕνωσις
2682 2745 2816 2817 μετὰ
2847 2753 2978 2801 Θεοῦ
3007 2748 3094 2802 καὶ
3125 2749 3397 2828 συνάφεια,

2250 2819 2345 2894 ξεί
2411 2830 2615 2909 Μέχρις
2670 2834 2704 2899 ἡ
2765 2835 2920 2913 ψυχὴ
2978 2837 3235 2913 στασιάζῃ
3267 2819 3277 2828 Ι
3304 2835 3420 2893 καθ’
3458 2840 3668 2915 ἑαυτὴν,
3700 2839 3816 2895 ἀτά-

429 2921 560 2985 sine
612 2922 824 2983 ordine
877 2940 1122 2983 movens
1167 2941 1303 2984 suas
1351 2922 1681 2995 facultates,
1718 2929 1776 2983 et
1816 2922 2080 2983 nondum

2178 2939 2306 2981 ιτως
2347 2920 2671 2995 κινουμένων
2716 2922 2876 2989 αὐτῆς
2909 2926 3012 2980 τῶν
3052 2920 3349 3001 δυνάμεων,
3402 2930 3495 2985 καὶ
3525 2929 3668 2985 οὔπω
3694 2951 3813 3009 χω·-

430 3030 611 3093 capax
662 3019 751 3073 est
798 3010 1137 3075 divinorum
1190 3012 1517 3086 radiorum,
1573 3029 1686 3074 nec
1743 3010 2079 3073 libertatem

2178 3009 2358 3076 ιητικη
2418 3009 2603 3087 γέγονε
2660 3018 2764 3068 τῶν
2823 3014 2973 3069 θείων
3033 3014 3277 3090 ἀκτίνων,
3357 3016 3477 3074 οὐδὲ
3533 3018 3810 3097 ἐλευθερίας

427 3101 645 3163 meruit
661 3118 695 3162 a
710 3100 991 3163 servitute
1014 3100 1271 3162 carnalis
1292 3118 1651 3167 sensus.nec
1673 3118 1816 3181 pace
1835 3100 2073 3177 fruitur,

2178 3097 2357 3189 ἧξιώθη
2417 3102 2513 3166 τῆς
2570 3098 2804 3165 δουλείας
2860 3110 2952 3159 τοῦ
3037 3107 3376 3183 φρονήματος
3448 3114 3546 3176 τῆς
3604 3111 3809 3189 σαρκὸς,

423 3191 559 3271 quia
605 3197 882 3253 recenter
923 3190 983 3250 in
1028 3206 1097 3250 ea
1139 3190 1391 3251 cessavit
1421 3189 1745 3251 infrenium
1776 3189 2074 3271 cupidita-

424 3287 543 3341 tum
580 3297 800 3360 pugna,
832 3278 1016 3339 multo
1060 3277 1288 3354 indiget
1325 3277 1564 3340 silentio
1597 3278 1892 3355 laborum,
1925 3287 1989 3342 ut
2017 3286 2076 3340 et

417 3367 547 3449 ipsa
595 3368 752 3429 dicat
806 3386 940 3428 cum
991 3365 1212 3429 Davide
1247 3388 1260 3430 :
1302 3393 1330 3424 ιι
1363 3367 1483 3445 Ego
1540 3376 1739 3431 autem
1794 3376 2071 3448 tanquam

417 3458 632 3519 surdus
681 3476 801 3519 non
852 3456 1202 3532 audiebam,
1247 3465 1306 3519 et
1357 3467 1635 3539 tanquam
1691 3466 1891 3519 mutus
1952 3477 2073 3520 non

415 3547 688 3627 aperiens
712 3566 781 3609 os
812 3566 984 3608 suum
1013 3547 1091 3607 63.
1126 3572 1154 3602 ι)
1189 3547 1451 3628 Semper
1479 3555 1681 3609 autem
1714 3566 1960 3610 necesse
1985 3555 2073 3610 est

415 3644 479 3698 ut
502 3636 603 3699 illa
634 3636 821 3701 tristis
848 3655 917 3697 ac
950 3645 1160 3699 maesta
1208 3645 1519 3716 percurrat
1548 3636 1705 3699 viam
1758 3636 2070 3698 mandato-

2159 3183 2274 3241 ουδὲ
2345 3188 2559 3266 εἶρλιςνης
2661 3189 2988 3265 ὁιπήλαυειέν³
3066 3192 3178 3271 ἄρτι
3239 3193 3499 3264 λήξαντος
3544 3199 3675 3274 αὖτῇ
3727 3204 3812 3253 τοῦ

2156 3274 2390 3350 πολεμον
2422 3277 2527 3333 τῶν
2581 3277 2883 3336 ἂκαθέκτων
2942 3284 3145 3357 παθῶν,
3219 3282 3425 3351 πολλῆς
3486 3283 3654 3342 δέεται
3682 3308 3807 3342 σιω-

2154 3369 2260 3430 πῆς
2305 3371 2409 3420 τῶν
2439 3364 2694 3446 χειλέων,
2729 3370 2800 3431 ὼς
2845 3367 3019 3447 λέγειν
3069 3372 3156 3426 καὶ
3200 3373 3365 3439 αὐτὴν
3398 3375 3534 3449 μετᾶ
3577 3382 3668 3432 τοῦ
3701 3384 3806 3431 Δα-

2153 3450 2234 3508 ϐίδ
2265 3471 2278 3484 ⁸
2317 3474 2338 3508 ιι
2379 3451 2521 3532 Ἐγὼ
2549 3453 2603 3510 δὲ
2646 3457 2771 3512 Consi
2800 3460 2980 3538 κωφὸς
3012 3461 3111 3515 αὖκ
3151 3458 3365 3535 ἤκουον,
3399 3466 3491 3519 καί
3518 3463 3642 3521 ὤσεὶ
3671 3463 3803 3520 ἅλα-

2153 3541 2245 3607 λος
2276 3546 2370 3600 οὒκ
2411 3545 2635 3623 ἀνοίγων
2695 3548 2756 3602 το
2807 3550 2979 3623 στόμα
3026 3550 3201 3607 αὐτου.
3244 3574 3268 3603 α
3323 3551 3434 3607 Ἀεὶ
3477 3550 3531 3608 δὲ
3575 3556 3801 3633 σκυθρω-

2154 3633 2259 3706 μὴν
2291 3631 2570 3714 εἶναιδεῖ,
2621 3636 2708 3691 καὶ
2765 3638 2990 3713 σωγνην
3061 3639 3368 3717 πορεύεσθαι
3426 3642 3528 3709 τὴν
3557 3643 3674 3699 ὁδὸν
3703 3631 3803 3698 τῶν

2153 3719 2379 3778 ἐντολῶν
2425 3732 2516 3780 τοῦ
2572 3732 2822 3804 Χριστοῦ,
2882 3725 2934 3781 ἐν
2991 3733 3067 3800 τῷ
3122 3726 3383 3785 θλίϐεσθαι
3441 3732 3543 3787 ὑπὸ
3583 3742 3672 3790 τοὺ
3697 3731 3798 3811 ἐχ·-

412 3745 549 3789 rum
594 3726 723 3807 Dei,
759 3725 833 3786 ab
866 3725 1111 3787 inimico
1159 3725 1463 3806 tribulata,
1497 3734 1555 3788 et
1586 3734 1893 3805 exspectet
1920 3726 2066 3788 visi-

2157 3813 2299 3892 θροῦ,
2329 3812 2419 3867 καί
2448 3812 2725 3888 ἀναμένειν
2778 3814 2877 3881 τὴν
2936 3813 3217 3892 ἐπιδημίαν
3263 3824 3362 3874 τοῦ
3406 3820 3751 3900 Παρακλήτου
3782 3837 3797 3853 ⁶

410 3817 695 3877 tationem
728 3815 1037 3890 Paracleti,
1069 3831 1176 3892 per
1204 3834 1379 3893 quem
1412 3822 1767 3895 compuncta
1799 3824 1860 3876 et
1888 3815 2072 3896 lacry—

409 3903 523 3966 mis
566 3904 785 3979 abluta,
820 3919 1016 3966 veram
1049 3916 1446 3984 consequetur
1474 3903 1822 3967 libertatem.

2178 3901 2223 3955 it'
2267 3904 2327 3957 οὗ
2399 3902 2566 3978 ταύτῃ
2646 3905 3104 3987 κατανυσσομένῃ,
3184 3908 3271 3963 καὶ
3326 3897 3633 3986 πλυνομένῃ
3687 3922 3799 3972 τοῖς

2150 3985 2420 4074 δακρυσιν,
2452 3992 2486 4058 ἡ
2516 3990 2682 4058 ὅντως
2714 3992 2976 4073 ἐλευθερία
3018 3985 3438 4074 ἐπικραϐεύεται.

487 4083 587 4146 66.
620 4084 766 4145 Cum
810 4082 862 4143 is
894 4081 995 4162 qui
1027 4081 1087 4142 in
1130 4101 1278 4165 pace
1323 4082 1443 4145 mel
1476 4081 1762 4144 virtutum
1798 4080 2058 4157 conﬁcit,

2229 4068 2358 4151 ἔξω.
2409 4072 2667 4146 Ὀπηνίκα
2712 4084 2739 4137 ὁ
2782 4081 2837 4137 ἐν
2879 4068 3080 4163 ησυχίᾳ
3135 4068 3197 4140 τὸ
3255 4084 3376 4161 μέλι
3435 4093 3554 4144 πῶν
3603 4087 3796 4165 ἀρετῶν

403 4172 627 4233 vilitate
655 4170 852 4233 carnis
884 4171 1157 4251 superior
1187 4173 1379 4234 factus
1410 4181 1507 4233 est
1537 4191 1642 4252 per
1673 4170 2061 4252 philosophia;

2178 4168 2516 4245 ργαζόμενος,
2616 4171 2858 4250 ὑπεράνω
2954 4172 3049 4240 τῆς
3142 4174 3514 4241 ταπεινώσεως
3581 4176 3793 4256 γένηται

400 4278 643 4339 agones,
678 4268 738 4324 et
767 4260 843 4321 ad
872 4260 1143 4322 ordinem
1175 4269 1401 4323 natura;
1430 4279 1567 4322 suas
1590 4259 2052 4322 restituitfacul-
2080 4323 2091 4344 Ι

2178 4261 2239 4323 ἧς
2268 4260 2461 4336 σαρκὸς
2516 4257 2567 4323 ἐξ
2616 4259 2837 4335 ἀγώνων
2896 4260 3225 4344 φιλοσοφίας,
3284 4267 3371 4320 καὶ
3443 4267 3518 4330 εἰς
3575 4267 3637 4322 τὸ
3663 4266 3793 4323 κατὰ

399 4323 550 4411 tates
576 4323 802 4430 rejecta
830 4348 1136 4428 superbia,
1170 4358 1229 4412 et
1259 4368 1436 4430 capax
1470 4358 1560 4412 est
1588 4349 1890 4411 radiorum
1923 4323 2091 4429 spi--l

2338 4323 2348 4336 .
2666 4323 2677 4335 .
2910 4324 2920 4341 ,
3098 4323 3108 4344 ,
3189 4323 3224 4338 -,
3501 4323 3515 4330 -

2178 4346 2286 4401 ύσιν
2354 4345 2477 4423 ἔλθῃ
2525 4348 2592 4402 τέ
2641 4349 2745 4404 τῶν
2790 4347 3088 4426 δυναμενων
3124 4352 3276 4409 αὒτοῦ
3319 4356 3418 4420 τῆς
3476 4359 3664 4435 ψυχῆς
3736 4355 3792 4410 ἐκ

396 4438 569 4514 ritus,
604 4440 782 4501 corde
813 4438 1091 4515 lacrymis
1129 4440 1466 4520 puriﬁcato,
1508 4448 1565 4501 et
1608 4438 1791 4499 vilicm
1836 4438 2051 4499 morti-

2178 4432 2599 4511 αταξεϐλημένου
2640 4440 3001 4517 φρονήματος,
3061 4444 3290 4521 χωρήσῃ
3365 4464 3421 4499 τε
3489 4432 3594 4508 τάξ
3642 4445 3790 4500 ἀκτῖ-

395 4528 689 4589 ﬁcationis
744 4527 962 4590 Christi
1020 4528 1534 4609 incorruptionem
1595 4526 1812 4601 induit,
1873 4535 2050 4608 atque

2178 4546 2225 4588 ις
2282 4536 2373 4584 του
2444 4528 2771 4608 λινεύματος,
2826 4527 3038 4608 δάκρυσι
3096 4534 3363 4610 καθαρθεὶς
3421 4535 3521 4599 τὴν
3578 4530 3786 4612 καρδίαν

396 4618 789 4691 Paracletum,
842 4615 904 4676 in
953 4618 1259 4679 caenaculo
1311 4615 1757 4697 tranquillitatis
1807 4615 2046 4698 sedens,

2178 4615 2217 4668 zi
2272 4620 2369 4681 τῆς
2415 4622 2674 4685 ζωοποιοῦ
2727 4620 3033 4696 νεκρώσεως
3092 4627 3183 4676 τοῦ
3258 4628 3484 4699 Χριστοῦ
3564 4623 3661 4690 τὴν
3717 4622 3782 4676 ἆ-

392 4724 528 4768 cum
555 4707 739 4786 ignita
766 4704 969 4784 lingua
993 4713 1051 4766 et
1073 4704 1199 4785 ipse
1232 4705 1518 4785 suscepit,
1556 4715 1695 4782 tunc
1716 4704 1877 4786 loqui
1906 4703 2050 4765 libe-

2178 4705 2376 4782 )αρσίαν
2406 4703 2707 4787 ἐνδύσηται,
2752 4709 2839 4763 καὶ
2888 4711 2978 4763 τον
3028 4708 3399 4788 Παράκλητον,
3461 4710 3515 4767 ἐν
3558 4719 3636 4785 τῷ
3664 4714 3783 4767 ὑπε-

388 4812 458 4857 re
489 4795 777 4875 magnalia
807 4794 915 4856 Dei
959 4795 1160 4871 debet,
1212 4803 1272 4857 et
1319 4796 1378 4856 in
1424 4794 1695 4856 Ecclesia
1744 4794 2048 4871 magna65

2178 4792 2251 4865 {rp
2272 4798 2370 4860 τῆς
2451 4796 2676 4874 ἡσυχίας
2735 4797 3107 4873 καθεζόμενος,
3167 4800 3300 4873 μετᾶ
3359 4801 3576 4880 πυρίνης
3606 4799 3778 4878 γλώτ-

378 4883 669 4963 juslitiam
705 4884 834 4963 ejus
863 4884 1241 4960 annuntiare,
1279 4885 1530 4964 perinde
1557 4903 1626 4945 ac
1658 4882 1707 4943 si
1751 4882 1812 4944 in
1844 4882 2041 4945 medio

2178 4904 2221 4947 λς
2280 4886 2366 4939 καὶ
2445 4887 2598 4948 αὐτὸς
2680 4884 3017 4962 ὑποδέξηται,
3096 4899 3385 4962 τηνικαῦτα
3469 4888 3657 4946 λαλεῖν
3729 4887 3778 4943 ἐν

385 4982 594 5035 ventre
641 4973 974 5052 susceperit
1027 4973 1219 5051 legem
1274 4973 1571 5051 Spiritus:
1609 4981 1671 5032 ut
1710 4990 1851 5045 non,
1887 4980 2042 5035 Sicut

2178 4971 2383 5051 ιῤῥησίᾳ
2448 4976 2512 5031 τα
2571 4974 2834 5053 μεγαλεῖα
2890 4983 2982 5032 τού
3040 4977 3171 5033 Θεοῦ
3237 4992 3528 5058 χρεωστεῗ,
3583 4981 3671 5035 καὶ
3724 4980 3773 5033 ἐν

384 5080 591 5123 servus
621 5062 721 5123 ille
753 5080 1009 5141 nequam
1041 5065 1140 5142 qui
1185 5062 1472 5125 talentum
1505 5061 1596 5123 sui
1628 5060 1855 5122 domini
1894 5060 2035 5123 abs-

2183 5060 2407 5135 κκλησίᾳ
2464 5063 2671 5142 μεγάλῃ
2734 5065 2833 5131 τὴν
2896 5063 3227 5133 δικαιοσύνην
3286 5069 3438 5126 αὐτοῦ
3493 5066 3770 5146 εὐαγγελί-

383 5158 691 5225 οοηιιθτειι,
723 5150 782 5212 in
814 5151 1012 5230 ignem
1046 5150 1362 5231 dejiciatur
1391 5160 1706 5213 aeternum.
1736 5150 1834 5213 Sic
1873 5152 2033 5212 enim

2178 5154 2313 5228 σθαι,
2346 5155 2419 5216 ὡς
2450 5153 2503 5208 ἐν
2558 5155 2706 5229 μέσῳ
2756 5160 2854 5221 τῆς
2889 5153 3091 5220 κοιλίας
3144 5153 3423 5231 δεξάμενος
3480 5159 3569 5213 τὸν
3603 5158 3762 5232 νόμον

378 5239 509 5320 ipse
552 5240 734 5302 David
781 5258 815 5301 a
863 5247 1103 5320 peccato
1153 5241 1392 5303 ablutus
1442 5257 1549 5321 per
1598 5240 2030 5321 ptenitentiam,

2178 5248 2207 5296 ὖ
2240 5243 2540 5318 Πνεύματος
2577 5261 2590 5273 ·
2622 5244 2713 5300 ’ἱνα
2774 5246 2874 5323 μὴ,
2922 5247 2995 5306 ὡς
3045 5247 3072 5300 ὁ
3129 5249 3361 5324 πονηρὸς
3424 5245 3605 5311 δοῦλος
3630 5246 3767 5301 Exst-

379 5337 727 5411 recuperato
777 5328 1106 5409 prophetiae
1137 5328 1319 5403 dono,
1353 5337 1638 5410 tanquam
1672 5348 1793 5391 non
1832 5328 2036 5391 valens

2183 5353 2226 5406 ς,
2261 5334 2289 5388 ὁ
2314 5335 2375 5387 τὸ
2405 5332 2659 5389 τάλαντον
2706 5342 2797 5391 τοῦ
2853 5335 3041 5390 οἰκείου
3096 5337 3439 5414 κατακρύψας
3482 5335 3759 5412 δεσπότου,

382 5422 608 5480 tantum
658 5419 957 5481 occultare
1000 5416 1385 5495 beneficium,
1419 5418 1658 5480 dicebat
1685 5418 1759 5482 ad
1790 5416 1977 5480 Deum
2016 5437 2031 5482 :

2178 5430 2319 5502 ςπῦρ
2350 5422 2671 5499 βληθήσεται
2715 5427 2776 5480 τὸ
2825 5425 3057 5483 αἰώνιον.
3132 5424 3280 5483 Οὕτω
3336 5430 3435 5507 γὰρ
3488 5429 3573 5483 καὶ
3609 5422 3765 5483 Δαῧὶδ

453 5584 517 5637 ϐο
546 5585 722 5651 Num.
757 5604 860 5666 xu,
894 5586 954 5652 6.
1039 5586 1095 5637 61
1126 5586 1255 5651 Joel
1288 5604 1352 5666 ιι,
1385 5586 1486 5652 28.
1572 5585 1636 5637 62
1666 5587 1825 5653 Psal.
1858 5605 2083 5674 xxxvn,

2178 5592 2219 5654 ι.
2310 5592 2371 5642 6³
2402 5593 2558 5655 Psal.
2597 5610 2795 5667 xxnv,
2833 5593 2929 5657 18.
