4126 6378
300 292 420 357 933
1270 295 1766 360 PHYSICOBUM
1811 296 2153 361 CAPITUM
2199 296 2591 359 CENTURIA
2636 293 2691 356 II
3570 277 3684 344 934

294 428 397 493 τὴν
456 428 715 508 ἁμαρτίαν
772 430 1171 506 ἀπονιψάμενος
1235 428 1319 486 διὰ
1378 429 1683 506 μετανοίας,
1748 431 1833 486 καὶ
1889 431 1934 486 τε

2040 453 2063 482 σι
2126 427 2278 490 Ecce
2329 427 2486 489 labia
2535 445 2665 489 mea
2717 444 2833 487 non
2886 423 3262 507 prohibebo:
3300 421 3569 489 Domine.
3621 427 3682 481 tu

295 520 626 596 προφητικὸν
698 517 859 575 πάλιν
932 516 1219 576 ἀπολαϐὼν
1288 519 1551 599 χάρισμα,
1627 518 1805 598 ὥσπερ
1874 519 1934 593 μὶ

2033 518 2220 589 scisti,
2242 518 2535 597 justitiam
2571 526 2730 578 tuam
2765 535 2880 576 non
2912 514 3197 576 abscondi
3229 516 3288 575 in
3321 511 3500 575 corde
3523 529 3678 585 meo,

294 602 581 681 δυνάμενος
662 609 763 674 τὴν
841 608 1138 686 εὒεργεσίαν
1223 609 1495 687 κρύπτειν,
1584 605 1733 685 ἔλεγε
1817 610 1949 687 πρὸς

295 694 428 751 Θεόν
462 710 477 726 ⁸
533 718 559 750 α
617 694 747 755 Ἰδοὺ
790 699 856 753 τὰ
898 695 1060 777 χείλη
1112 720 1212 772 μου
1255 697 1313 754 οὗ
1343 697 1422 772 μὴ
1449 696 1673 753 κωλύσω
1709 717 1723 731 ·
1768 697 1946 776 Κύριε,

294 784 358 839 σὺ
419 781 584 859 ἔγνως
620 805 635 819 ·
696 787 798 853 τὴν
855 784 1190 855 δικαιοσύνην
1248 809 1340 844 σου
1382 786 1478 843 οῦκ
1520 784 1720 865 ἔκρυψα
1774 786 1827 841 ἐν
1882 791 1949 862 τῇ

291 871 479 952 καρδίᾳ
521 897 622 951 μου
656 892 671 907 ⁸
732 877 832 943 τὴν
885 876 1134 946 ἀλήθειάν
1193 900 1285 934 σου
1334 879 1421 933 καὶ
1471 877 1533 933 τὸ
1562 876 1824 956 σωτήριόν
1855 899 1949 936 σου

295 963 434 1019 εἶπα
465 982 483 1000 ·
539 965 635 1021 οὒκ
681 964 881 1043 ἔκρυψα
927 968 988 1022 τὸ
1033 965 1178 1030 ἔλεός
1210 988 1302 1023 σου
1329 968 1417 1023 καὶ
1447 969 1546 1033 τήν
1575 964 1824 1036 ἀλήθειάν
1854 987 1947 1021 σου

295 1051 405 1108 ἀπὸ
431 1060 748 1133 συναγωγῆς
776 1054 1002 1123 πολλῆς.
1046 1079 1072 1111 υ

379 1132 475 1213 ξζ’.
511 1132 644 1208 Νοῦς
662 1132 818 1209 γίλύος
871 1145 1051 1212 πάσης
1094 1144 1449 1224 ἐκκαθαρθεὶς,
1511 1145 1725 1224 οὐρανὸς
1784 1143 1947 1200 κατά-

293 1252 481 1310 στερος
532 1232 586 1289 ἐν
642 1232 914 1313 λαμπροῖς
956 1235 1046 1314 καί
1101 1235 1509 1314 φωτεινοτάτοις
1566 1234 1796 1308 νόημασι
1854 1233 1942 1310 γί-

293 1342 440 1377 νεται
496 1329 565 1400 τῇ
622 1327 800 1403 ψυχῇ,
855 1325 948 1379 τὸν
1009 1307 1190 1381 μΗλιον
1245 1329 1344 1391 τῆς
1404 1321 1739 1388 δικαιοσύνης
1798 1319 1943 1400 ἔχων

291 1407 575 1485 λάμποντα
625 1411 680 1467 ἐν
757 1413 952 1487 ἑαυτῷ,
1023 1413 1111 1469 καὶ
1158 1410 1377 1493 φαιδρᾶς
1428 1413 1522 1475 τΞις
1580 1410 1801 1472 ἀκτῖνας
1845 1414 1942 1475 τῆς

289 1496 564 1577 θεολογίας
617 1502 691 1563 εἰς
743 1503 836 1557 τὸν
895 1502 1096 1577 κόσμον
1153 1502 1492 1577 ἐκπέμποντα
1525 1517 1538 1532 ⁶
1600 1502 1627 1556 ὁ
1683 1498 1844 1578 λόγος
1889 1496 1943 1553 δὲ

289 1589 466 1663 τούτῷ
496 1591 724 1670 καθαρὸς
781 1590 1063 1668 γενόμενος
1120 1588 1172 1657 ἐξ
1228 1588 1456 1646 ἀϐύσσου
1513 1590 1726 1669 σοφίας,
1772 1586 1942 1650 ἁπλᾶς

2035 606 2345 668 veritatem
2382 614 2537 667 tuam
2573 615 2633 667 et
2661 605 2916 666 salutare
2966 612 3130 666 tuum
3183 603 3328 666 dixi.
3362 604 3492 665 Non
3535 599 3677 661 abs-

2032 695 2205 756 condi
2260 695 2733 758 iniseiicordiam
2778 702 2958 770 tuam,
2993 704 3048 756 et
3102 693 3404 756 veritatem
3459 699 3614 751 tuam
3647 707 3681 750 a

2032 783 2286 846 concilio
2313 784 2495 845 multo
2526 783 2613 847 64.
2651 808 2678 840 »

2110 1141 2211 1202 67.
2246 1139 2495 1203 Animus
2522 1140 2596 1202 ab
2629 1140 2793 1202 omni
2826 1142 3051 1205 macula
3090 1142 3407 1206 mundatus
3454 1141 3676 1205 coelum

2026 1229 2323 1291 stellatum
2352 1229 2409 1288 in
2442 1229 2684 1308 fulgidis
2715 1239 2772 1292 et
2802 1230 3189 1293 lucidissimis
3218 1231 3677 1311 cogitationibus

2028 1318 2091 1378 fit
2129 1317 2359 1379 animae.
2391 1318 2590 1379 Solem
2621 1317 2867 1397 justitize
2892 1318 2953 1379 in
2980 1320 3179 1400 seipso
3224 1321 3448 1381 habens
3493 1339 3675 1381 coru-

2027 1416 2291 1467 scantem
2326 1407 2790 1487 splendidosque
2815 1408 3400 1488 radiostheolngiaain
3419 1410 3676 1471 mundur

2028 1495 2413 1555 emittentem.
2453 1494 2620 1555 Ratio
2645 1504 2837 1556 autem
2873 1496 2982 1576 ipsi
3014 1496 3322 1577 purificala
3357 1516 3464 1574 [σει-
3494 1497 3672 1578 abys-

2027 1600 2160 1643 sum
2192 1583 2522 1662 sapientize,
2557 1583 2861 1663 simplices
2893 1594 2951 1645 et
2981 1604 3155 1665 puras
3186 1585 3257 1646 ad
3292 1586 3456 1647 illum
3489 1587 3672 1648 addu-

287 1679 377 1733 καὶ
434 1678 649 1756 ἀμιγεῖς
730 1678 929 1736 ἐκεῖθεν
1014 1680 1197 1759 ἀνάγει
1275 1681 1405 1758 πρὸς
1478 1678 1631 1734 αὐτὸν
1688 1678 1781 1740 τὶς
1837 1679 1934 1731 τιῖικ

2028 1671 2108 1732 cit
2146 1690 2422 1733 vererum
2468 1671 2635 1733 ideas
2667 1681 2725 1733 et
2753 1674 3145 1734 revelationes
3190 1674 3669 1738 absconditorum

287 1769 622 1846 πραγμάτων
653 1768 818 1841 ἰδέας,
853 1772 941 1826 καὶ
968 1772 1062 1834 τὰς
1119 1768 1485 1844 ἀποκαλύψεις
1541 1774 1646 1825 τῶν
1702 1788 1938 1845 κεκρυμ-

290 1855 468 1931 μένων
497 1859 915 1937 τετρανωμὲνας,
951 1862 1023 1923 εἷς
1052 1862 1114 1918 τὸ
1170 1857 1359 1916 εἰδέναι
1415 1881 1464 1914 τι
1522 1860 1583 1914 τὸ
1626 1857 1810 1937 βάθος,
1854 1857 1942 1912 καὶ

288 1944 446 2021 ὕψος,
484 1949 569 2003 καὶ
599 1946 801 2013 πλάτος
844 1954 943 2016 τῆς
987 1949 1232 2027 γνώσεως
1278 1958 1370 2008 τοῦ
1427 1954 1577 2005 Θεοῦ.
1628 1947 1830 2009 Ταύτας
1886 1943 1939 2000 ’δὲ

287 2042 523 2115 φυσικῶς
571 2036 779 2102 ἐκεῖνος
831 2038 1336 2120 ἐγκολπωσάμενος,
1385 2036 1655 2117 διατρανοῖ
1711 2038 1776 2092 τα
1804 2036 1939 2112 βάθη

283 2131 382 2181 τοῦ
411 2126 713 2202 Πνεύματος
745 2125 831 2185 διὰ
858 2134 950 2185 τοῦ
977 2126 1137 2208 λόγου
1182 2134 1311 2185 πᾶσι
1363 2140 1484 2192 τοῖς
1512 2126 1699 2207 ἔχουσι
1728 2132 1939 2200 Πνεῦμα

282 2216 429 2270 θετον
459 2213 513 2272 ἐν
555 2228 674 2280 τοῖς
733 2216 1003 2295 ὲγκάτοις,
1062 2220 1152 2275 καὶ
1206 2216 1509 2293 δημοσιεύει
1540 2223 1647 2272 τῶν
1677 2213 1938 2290 δαιμόνων

280 2303 407 2365 τοὺς
451 2301 657 2377 δόλους,
704 2308 792 2362 καὶ
848 2307 912 2366 τὰ
944 2308 1209 2385 μυστήρια
1237 2304 1506 2385 διηγεῖται
1536 2311 1635 2372 τῆς
1666 2303 1937 2381 βασιλείας

280 2398 393 2448 τῶν
437 2397 691 2473 οὐρανῶν.

364 2471 473 2549 ξη’.
500 2471 625 2548 ήΤὰς
683 2485 781 2560 μὲν
828 2486 1137 2561 σωματικὰς
1168 2482 1360 2561 ὀρέξεις
1390 2485 1478 2541 καὶ
1508 2483 1575 2540 τα
1602 2484 1937 2562 σκιρτήματα

280 2576 385 2637 τῆς
426 2575 617 2651 σαρκὸς
665 2573 882 2642 ἵστησιν
925 2575 1192 2653 ἐγράτεια,
1225 2575 1313 2630 καὶ
1343 2577 1583 2652 νηστεία,
1614 2574 1704 2628 καὶ
1733 2571 1934 2650 ἀγῶνες

282 2664 633 2736 πνευματικοί
665 2683 680 2699 ·
712 2664 807 2728 τὰς
837 2661 892 2719 δὲ
916 2663 1219 2744 φλεγμονὰς
1250 2669 1347 2731 τῆς
1378 2664 1562 2742 ψυχῆς
1591 2663 1680 2718 καὶ
1706 2662 1772 2717 τὰ
1797 2658 1936 2731 οἰδή-

284 2771 429 2826 ματα
484 2756 581 2821 τῆς
639 2751 851 2832 καρδίας
920 2755 1223 2833 καταψύχει
1279 2758 1386 2808 τῶν
1428 2753 1579 2809 θείων
1624 2757 1844 2831 Γραφῶν
1900 2751 1935 2818 ἡ

280 2839 606 2918 ἀνάγνωσις,
651 2844 740 2898 καὶ
767 2842 1015 2899 ταπεινοῦ
1044 2844 1079 2910 ἡ
1108 2842 1323 2906 ἀένναος
1361 2840 1659 2921 προσευχὴ,
1694 2842 1782 2897 καὶ
1811 2841 1937 2897 ὡσεὶ

282 2926 438 3011 ’έλεον
463 2930 790 3011 καθιλαρύνει
823 2934 982 2996 αὐτὰς
1026 2934 1060 3001 ἡ
1090 2931 1390 2997 κατάνυξις.

2026 1768 2315 1840 palentes,
2351 1761 2421 1821 ad
2456 1761 2767 1821 sciendum
2802 1780 2933 1843 quae
2963 1762 3035 1822 sit
3069 1763 3340 1838 latitudo,
3383 1774 3439 1826 et
3478 1766 3670 1828 subli-

2024 1850 2197 1910 mitas
2248 1860 2305 1911 et
2372 1850 2727 1930 profundum
2790 1850 3056 1913 scientiae
3111 1850 3239 1915 Dei.
3292 1856 3488 1934 Atque
3543 1855 3675 1916 illas

2024 1940 2369 2001 naturaliter
2396 1941 2739 2020 complexus
2787 1942 3063 2017 animus,
3112 1942 3331 2003 revelat
3386 1943 3676 2022 profunda

2024 2026 2281 2108 Spiritus
2315 2048 2419 2109 per
2459 2029 2700 2091 verbum
2751 2030 3030 2091 omnibus
3087 2030 3190 2111 qui
3250 2031 3513 2093 divinum
3561 2035 3673 2095 ha-

2021 2116 2165 2179 bent
2218 2117 2506 2197 Spiritum
2568 2118 2629 2179 in
2686 2119 3055 2201 visceribus,
3114 2138 3182 2181 ac
3237 2122 3495 2201 divulgat
3550 2123 3675 2185 daa-

2025 2205 2358 2269 moniorum
2405 2206 2597 2287 dolos,
2632 2214 2689 2269 et
2719 2207 2996 2289 mysteria
3048 2217 3248 2271 narrat
3292 2212 3460 2290 regni
3490 2212 3676 2274 caelo-

2022 2312 2177 2355 ΓυΙΠ.

2102 2475 2201 2537 68.
2238 2476 2570 2554 Corporeos
2622 2483 2820 2537 motus
2852 2484 2912 2538 et
2940 2476 3199 2557 impetus
3241 2479 3438 2540 carnis
3474 2480 3674 2559 repri-

2022 2574 2187 2624 munt
2217 2564 2589 2645 temperatia,
2630 2565 2932 2644 jejunium
2987 2575 3043 2625 et
3082 2566 3257 2628 lucta;
3306 2567 3667 2648 spirituales.

2018 2652 2278 2714 Ardores
2306 2665 2504 2715 autem
2537 2654 2750 2716 animae
2780 2654 3097 2735 cordisque
3125 2664 3386 2717 tumores
3417 2657 3669 2735 refrige-

2017 2749 2109 2803 rat
2163 2743 2500 2805 divinarum
2559 2744 3003 2824 Scripturarum
3056 2746 3229 2807 lectio
3285 2755 3341 2807 et
3390 2747 3670 2809 humiliat

2019 2833 2300 2894 continua
2325 2831 2534 2908 oratio,
2561 2842 2618 2894 et
2647 2834 2799 2895 sicut
2824 2834 3200 2915 eleemosyna
3229 2837 3517 2899 exhilarat
3537 2837 3672 2897 lllOS

2019 2921 2426 3001 compunctio.

360 3008 460 3083 ἔθ’.
520 3008 677 3078 Οὐδὲν
720 3020 888 3085 οὕτως
944 3021 1143 3102 ἕτερος,
1203 3023 1277 3084 ὡς
1332 3020 1471 3100 εὐχὴ
1520 3019 1722 3096 καθαρά
1763 3042 1820 3076 τε
1847 3021 1934 3076 καὶ

2026 3100 2030 3102 ἓ
2100 3012 2175 3102 69
2234 3011 2396 3102 Nihil
2424 3010 2611 3102 aliud,
2644 3010 2798 3073 sicut
2829 3014 3016 3074 oratio
3051 3032 3195 3093 pura
3221 3021 3280 3075 et
3310 3014 3672 3077 immateria-

276 3105 464 3184 ἅϋλος,
519 3108 831 3185 συνόμιλονν,
856 3118 935 3186 τῷ
979 3099 1095 3186 Θεῷ
1155 3112 1246 3167 τὸν
1307 3099 1579 3188 ἄνθρωπον
1632 3108 1930 3188 ἀπεργάζε-

2026 3100 2111 3180 lis,
2136 3099 2486 3163 familiarem
2514 3100 2634 3161 Deo
2658 3101 2853 3161 reddit
2880 3102 3209 3176 hominem,
3238 3104 3396 3165 etilli
3422 3105 3666 3184 conjun-

274 3219 386 3275 ται,
446 3200 536 3256 καὶ
590 3200 737 3257 ἑνοῦν
795 3198 940 3257 οἶδεν
999 3201 1140 3276 αὐτῷ
1193 3201 1282 3256 τὸν
1327 3199 1474 3277 Λόγῳ
1523 3199 1930 3276 ἀπερισπάστως

275 3288 414 3361 μετὰ
444 3288 742 3364 πνεύματος
791 3290 1225 3370 προσευχόμενον
1258 3304 1271 3319 ⁸
1323 3289 1481 3356 ἡνίκα
1535 3288 1625 3343 καὶ
1666 3300 1782 3350 τοῖς
1832 3284 1927 3343 δά-

274 3397 455 3455 κρυσιν
482 3377 953 3458 ἀποσμηχομένην
983 3378 1102 3458 ἔχει
1131 3378 1231 3445 τὴν
1259 3373 1389 3433 ἰδίαν
1436 3376 1645 3455 ψυχὴν,
1692 3382 1770 3450 τῷ
1812 3373 1933 3444 ἡδεῖ

275 3485 336 3519 τε
379 3464 937 3544 καταγλυκαινομένην
994 3474 1094 3535 τῆς
1150 3463 1504 3545 κατανύξεως,
1552 3466 1639 3521 καὶ
1681 3472 1757 3539 τῷ
1798 3471 1931 3546 φωτὶ

276 3555 779 3634 καταφωτιζομένην
809 3565 903 3615 τοῦ
936 3559 1262 3634 Πνεύματος.

363 3631 437 3703 0'.
471 3631 629 3713 Καὶῆ
671 3647 909 3715 ποσότης
966 3647 1021 3704 ἐν
1066 3631 1190 3710 ταῖς
1248 3652 1352 3703 τῶν
1385 3650 1562 3725 εὐχῶν
1591 3641 1927 3720 ψαλμῳδίαις

278 3734 492 3813 ἀρίστη,
588 3737 746 3803 ἡνίκα
832 3738 1029 3806 ταύτης
1105 3737 1350 3816 καρτερία
1433 3748 1752 3815 προηγεῖται
1839 3736 1929 3791 καὶ

276 3827 553 3904 προσοχή.
621 3822 772 3882 Ἀλλ’
836 3828 872 3895 ἡ
941 3828 1166 3895 ποιότης
1223 3825 1333 3882 ἐστὶ
1380 3826 1440 3881 τὸ
1492 3829 1786 3901 ζωογονοῦν
1827 3825 1926 3890 τὴν

276 3913 486 3992 ψυχὴν,
532 3914 570 3980 ἧ
621 3916 709 3971 καὶ
750 3915 998 3995 πρόξενος
1047 3916 1142 3974 τοῦ
1187 3924 1414 3995 καρποῦ.
1447 3914 1674 3979 Ποιότης
1707 3911 1762 3968 δὲ
1792 3910 1929 3987 ψαλ-

274 4002 476 4077 μῳδίας
527 4005 615 4060 καὶ
663 4011 996 4086 προσευχῆς,
1052 4009 1116 4063 τὸ
1170 4007 1330 4083 μετὰ,
1356 4011 1448 4061 τοῦ
1505 4004 1803 4079 πνεύματος
1847 4000 1928 4057 εύ-

273 4096 486 4173 χεσθαι,
522 4097 611 4150 καὶ
638 4103 715 4169 τῷ
743 4099 849 4158 νοΐ,
903 4096 1134 4177 Εὕχεται
1186 4094 1240 4152 δέ
1290 4117 1370 4158 τις
1420 4100 1497 4169 τῷ
1523 4095 1631 4167 νοΐ,
1680 4091 1804 4148 ὅταν
1837 4091 1925 4147 εὖ·

2013 3189 2096 3267 git
2125 3208 2258 3250 eum
2294 3190 2461 3268 cujus
2508 3189 2566 3250 in
2619 3191 2886 3253 oratione
2919 3191 3097 3252 verba
3128 3211 3261 3253 cum
3295 3194 3507 3274 spiritu
3532 3195 3663 3254 sine

2012 3278 2399 3340 distractione
2440 3288 2793 3352 consonant,
2843 3280 3014 3359 cujus
3042 3280 3236 3343 anima
3270 3281 3544 3363 lacrymis
3575 3290 3666 3343 est

2014 3364 2235 3439 abluta,
2293 3375 2352 3427 et
2400 3366 2717 3428 dulcedine
2770 3367 3031 3445 mitigata
3061 3372 3562 3450 compunctionis,
3596 3388 3665 3433 ac

2013 3454 2238 3517 lumine
2268 3455 2553 3516 illustrata
2576 3455 2855 3537 Spiritus.

2096 3633 2189 3694 70.
2223 3632 2528 3706 Quantitas
2557 3632 2618 3695 in
2650 3652 2891 3714 precum
2925 3634 3271 3714 psalmodiis
3300 3636 3524 3715 optima
3544 3646 3656 3712 est,

2010 3723 2247 3803 quando
2297 3724 2351 3785 ei
2401 3731 2615 3803 praeest
2663 3724 3105 3803 perseverantia
3136 3734 3190 3787 et
3224 3729 3495 3793 attentio.
3538 3726 3656 3789 Sed

2010 3812 2258 3892 qualitas
2284 3822 2370 3873 est
2398 3813 2559 3891 quod
2592 3813 2850 3875 animam
2882 3813 3158 3890 vivificat,
3192 3817 3349 3896 quod
3400 3816 3658 3879 fructum

2009 3902 2247 3982 profert.
2286 3900 2546 3974 Qualitas
2576 3911 2770 3964 autem
2817 3911 2876 3963 et
2917 3904 3259 3984 psalmodiee
3289 3913 3345 3966 et
3374 3908 3660 3970 orationis

2009 3991 2277 4053 consistit
2303 3993 2363 4051 in
2393 3990 2617 4053 orando
2675 3991 2894 4071 spiritu
2924 4011 2993 4055 ac
3025 4002 3249 4055 mente.
3284 3994 3426 4058 Orat
3454 4006 3651 4059 autem

2011 4086 2232 4153 mente,
2263 4080 2366 4160 qui
2399 4099 2576 4142 orans
2608 4087 2665 4142 et
2694 4082 2956 4161 psallens
3003 4083 3341 4145 considerat
3390 4094 3652 4148 mentem

270 4167 508 4262 idP-avoc
555 4186 644 4240 καὶ
689 4167 934 4261 ψάλλων,
980 4167 1285 4263 ’ἀναθεωρεῖ
1327 4187 1417 4241 τὸν
1472 4167 1595 4240 νούν
1624 4183 1714 4237 τὸν
1744 4180 1923 4259 ἐγκεί-

2030 4188 2068 4229 n
2115 4169 2317 4231 divina
2366 4167 2671 4251 Scriptura
2717 4170 2994 4246 infusam,
3028 4191 3097 4234 ac
3128 4174 3307 4252 digna
3358 4174 3479 4235 Deo
3510 4195 3654 4237 sen-

271 4257 433 4347 μενον
496 4272 550 4328 ἐν
605 4279 673 4350 τῇ
707 4257 851 4347 ⁷θείᾳ
913 4257 1101 4355 Τραφῇ
1135 4292 1149 4306 ’
1202 4257 1310 4331 ’καὶ
1370 4271 1584 4352 δέχεται
1643 4257 1921 4332 ἀναϐέὶσεις

2034 4259 2182 4332 iens,
2216 4257 2357 4319 inde
2386 4259 2771 4323 ascensioncs
2804 4262 3223 4340 cogitationum
3247 4263 3307 4324 in
3334 4265 3514 4325 corde
3545 4284 3651 4326 suo

272 4335 282 4347 .
648 4335 673 4350 .-
830 4335 840 4347 .
961 4335 972 4355 ι
1042 4335 1101 4355 ..-
1431 4335 1470 4352 ,ς

271 4361 478 4417 ἐκεῖθεν
525 4362 808 4437 νοημάτων
865 4363 919 4421 ἐν
967 4370 1036 4440 τῇ
1092 4361 1276 4441 καρδίᾳ
1330 4362 1488 4420 αὐτοῦ
1529 4361 1590 4416 ἐκ
1617 4363 1922 4437 θεοπρεπῶν

2026 4347 2288 4427 lisponit,
2312 4346 2525 4427 quibus
2547 4358 2712 4429 rapta
2743 4335 3134 4429 spiritualiter
3154 4352 3352 4412 anima
3368 4353 3429 4413 in
3450 4371 3650 4415 aerem

272 4450 515 4532 ἐννοιῶν,
544 4450 631 4532 ὑφ’
658 4455 733 4507 ὧν
776 4452 1114 4533 ἁρπαζομένη
1159 4453 1353 4533 νοερῶς
1415 4453 1450 4519 ἡ
1510 4449 1663 4528 ψυχὴ
1695 4451 1766 4511 εἷς
1795 4447 1923 4526 ἀέρα

2032 4426 2271 4507 uminis,
2308 4426 2466 4498 clare
2495 4426 2699 4518 fulget,
2734 4426 2988 4519 amplius
3020 4442 3384 4521 puriﬁcatur,
3417 4443 3490 4503 ad
3521 4460 3651 4505 c03-

273 4517 514 4619 φωτὸς,’
549 4517 875 4617 ἐλλάμπεται
945 4517 1173 4623 τρανῶς,
1233 4517 1322 4599 καὶ
1375 4542 1675 4618 καθαίρεται
1732 4536 1918 4611 πλέον,

2030 4545 2095 4587 os
2153 4534 2272 4587 tota
2330 4527 2630 4603 elevatur,
2681 4517 2740 4588 et
2789 4517 3034 4589 scinctos'
3075 4531 3442 4591 manentium
3494 4532 3652 4593 videt

272 4613 361 4685 καὶ
419 4613 549 4709 πρὸς
607 4613 855 4712 οὐρανοὺς
912 4613 1013 4700 ὅλη
1057 4613 1337 4711 μετᾶρσιος
1395 4613 1616 4708 γίνεται,
1673 4628 1761 4682 καὶ
1814 4632 1920 4683 τῶν

2026 4613 2504 4677 iulchriludinem
2555 4614 2847 4678 bonorum
2883 4635 2895 4679 :
2931 4637 3184 4699 quorum
3216 4619 3515 4682 desiderio
3543 4640 3647 4682 ac-

269 4719 643 4794 ἀποκειμένων
726 4735 843 4785 τοῖς
932 4722 1101 4801 ἁγίοις
1190 4721 1397 4801 ἀγαθῶν
1466 4717 1775 4775 κ;ιτοπτεύει
1857 4717 1922 4771 τὰ

2026 4721 2205 4784 :ensa,
2232 4703 2427 4764 statim
2469 4704 2721 4764 fructum
2755 4705 3041 4767 orationis
3084 4709 3303 4771 emittit
3331 4708 3403 4770 ab
3434 4709 3644 4785 oculis,

267 4807 447 4875 κάλλη
484 4825 497 4839 ⁸
546 4812 621 4865 ὤν
676 4817 744 4887 τῇ
801 4812 1045 4887 ἐπιθυμίᾳ
1099 4809 1442 4885 ἐκκαιομένη,
1473 4809 1565 4863 τὸν
1594 4807 1795 4885 καρπὸν
1827 4804 1917 4860 εὖ·

2026 4800 2066 4853 ξι
2095 4794 2482 4873 lacrymarum
2511 4794 2734 4854 ﬂuento
2765 4803 2974 4870 scatet,
3010 4816 3078 4857 ex
3109 4797 3498 4859 illuminativa
3518 4799 3652 4879 Spi-

720 4868 1164 4961 “’έκπέμτςει·ἀπδ
1205 4868 1310 4955 τῶἶ,
1367 4868 1676 4961 δξθκλμῶνξ
1728 4896 1816 4951 ut
1858 4895 1919 4950 τὸ
2001 4881 2151 4943 ritus
2196 4868 2429 4944 virtute.
2486 4881 2746 4953 Quorum
2794 4868 2997 4961 gustus
3035 4886 3183 4946 adeo
3215 4885 3409 4948 suavis
3441 4868 3650 4959 est,.ut

2002 4970 2200 5032 cibum
2246 4971 2567 5051 aliquando
2639 4972 3009 5052 corporalem
3075 4973 3489 5050 obliviscatur,
3544 4977 3648 5059 qui

2003 5061 2298 5141 particeps
2355 5061 2594 5122 illorum
2644 5062 2829 5123 factus
2887 5075 3000 5126 est.
3059 5063 3168 5125 Hic
3224 5074 3314 5126 est
3362 5065 3647 5127 orationis

2000 5151 2264 5227 fructus,
2325 5150 2423 5232 qui
2477 5169 2546 5212 ex
2597 5151 2883 5233 qualitate
2941 5152 3284 5233 psalmodize
3337 5154 3648 5217 animabus

2001 5240 2297 5303 orantium
2327 5239 2675 5303 innascitur.

267 4898 359 4959 ὣς
389 4903 489 4965 τῆς
518 4900 687 4978 εῦχῆς
745 4899 1005 4976 ἐκπέμπει
1058 4900 1164 4957 ἀπὸ
1205 4906 1310 4955 τῶν
1367 4895 1671 4978 ὀφθαλμῶν,
1728 4896 1816 4951 καὶ
1858 4895 1919 4950 τὸ

266 4992 413 5060 νᾶμα
493 4993 601 5042 τῶν
686 4987 918 5069 δακρύων
990 4990 1243 5069 πηγάζει,
1332 4987 1391 5044 ἐκ
1466 4988 1563 5059 τῆς
1616 4990 1919 5065 φωτοποιοῦ

263 5075 533 5156 ἐνεργείας
605 5088 699 5138 τοῦ
781 5065 1104 5156 ίΙνεύματοςξ
1192 5065 1274 5134 ἶὶν
1326 5079 1361 5146 ἡ
1417 5086 1594 5156 γεῦσις
1665 5081 1915 5132 τοσοῦτον

260 5163 449 5240 ἡδεῖα,
504 5169 578 5231 ὡς
633 5170 723 5224 καὶ
776 5174 1087 5245 σωματικῆς
1143 5173 1343 5248 τροφῆς
1402 5165 1507 5223 M'
1560 5164 1648 5221 ὅτε
1708 5165 1798 5220 τὸν
1864 5163 1918 5219 ἐν

264 5252 472 5330 μεθέξει
569 5257 770 5313 τούτων
865 5258 1149 5335 γενόμενον
1252 5254 1703 5315 ἐπιλανθάνεσθαι.
1820 5254 1921 5310 Καὶ

259 5345 421 5400 τοῦτό
451 5344 592 5403 ἐστιν
637 5348 665 5402 ὁ
693 5349 894 5426 καρπὸς
934 5349 1036 5414 τῆς
1093 5348 1284 5426 εὖχῆς,
1345 5348 1373 5402 ὁ
1423 5345 1483 5402 ἐκ
1509 5346 1608 5412 τῆς
1634 5344 1920 5409 ποιότητος

260 5437 363 5502 τῆς
405 5433 719 5511 ψαλμῳδίας
756 5436 1097 5515 ἐγγινόμενος
1127 5450 1254 5500 ταῖς
1296 5441 1398 5492 τῶν
1455 5432 1769 5514 εὐχομένων
1817 5436 1921 5507 ψυ-

256 5548 299 5605 χ
304 5536 420 5588 αἶς.

334 5692 401 5745 δι
429 5692 591 5758 Psal.
623 5710 827 5773 mtx,
860 5695 920 5774 9,
957 5699 1052 5761 ll.
