4126 6378
514 248 631 312 935
1799 254 2102 320 NICET/E
2163 256 2500 320 PECTORA
2512 253 2592 319 TI
3774 256 3881 324 936

596 384 663 446 7t
684 433 698 445 .
732 381 843 473 Ubi
858 384 1100 473 fructus
1132 384 1369 448 videtur
1397 381 1679 467 Spiritus,
1717 386 1797 448 ibi
1830 396 1887 449 et
1915 389 2158 470 qualitas

2333 380 2441 450 01'.
2504 393 2577 448 Οὐ
2634 393 2661 448 ὁ
2733 394 2935 471 καρπὸς
3009 393 3391 473 ἀναθεωρεῒται
3450 401 3539 451 τοῦ
3581 395 3881 471 Πνεόματος,

508 472 819 565 orationis.
855 468 1060 565 Et_ubi
1094 475 1371 556 qualitas,
1408 476 1491 538 ibi
1523 486 1581 538 et
1610 478 1837 557 optima
1878 468 2158 558 quantitas

2253 479 2370 538 ἐκεῖ
2402 482 2486 537 καὶ
2514 482 2548 548 ἡ
2595 482 2819 548 ποιότης
2848 487 2947 548 τῆς
2993 488 3325 562 προσευχῆς.
3380 484 3477 540 Καὶ
3507 485 3564 539 οὗ
3590 485 3624 551 ἡ
3654 484 3878 565 ποιότης,

514 562 879 643 psalmodia.
928 562 1146 627 Fructu
1204 573 1401 627 autem
1455 586 1573 627 non
1624 576 1974 648 apparente,
2004 568 2158 631 arida

2251 569 2367 626 ἐκεῖ
2396 569 2582 649 ἀρίστη
2614 572 2701 625 καὶ
2752 572 2788 639 ἡ
2851 571 3090 638 ποσότης
3122 576 3247 638 ,τῆς
3310 570 3642 646 ψαλμῳδίας.
3687 562 3883 651 Καρποῦ

514 658 604 713 est
629 660 687 713 et
711 652 986 730 qualitas.
1022 651 1084 715 Si
1110 662 1309 715 autem
1344 659 1469 716 hac
1499 654 1658 717 sicca
1683 654 1781 729 sit,
1818 656 2002 718 multo
2036 676 2158 719 ma-

2249 656 2303 713 δὲ
2347 659 2424 734 μὴ
2455 658 2796 739 φαινομένου,
2857 657 3077 734 ἄνικμος
3121 661 3210 716 καὶ
3241 662 3276 728 ἡ
3308 661 3534 727 ποιότης
3601 662 3657 717 Εἰ
3683 659 3734 717 δὲ
3761 661 3881 728 αὕτη

513 740 603 817 gis
634 741 929 821 quantitas
956 763 969 805 :
1004 760 1156 823 qua,
1192 742 1318 804 etsi
1348 743 1615 824 corporis
1646 743 1994 806 exercitium
2025 746 2158 821 fert,

2252 746 2406 826 ξηρὰ,
2479 751 2720 828 περιττὸν
2772 751 2806 817 ἡ
2863 749 3098 817 ποσότης
3132 769 3144 780 ·
3207 748 3347 827 ἥτις,
3411 751 3455 805 εἰ
3515 750 3601 805 καὶ
3653 748 3877 825 σώματος

513 829 906 893 nihilominus
936 831 1136 894 multis
1167 832 1541 895 infructuosa
1570 842 1680 896 est.

2253 838 2546 916 γόμνασίαν
2574 837 2742 917 φέρει,
2777 836 2912 895 ἀλλὰ
2948 860 3156 918 πρντως
3186 860 3247 917 γε
3274 857 3394 902 τοῖς
3424 836 3647 902 πολλοτς
3675 836 3876 918 ἆκερδής

2260 926 2367 982 ἐστι
2381 977 2392 988 ,

601 1008 695 1072 72.
724 1008 982 1071 Attende
1013 1028 1046 1071 a
1067 1008 1230 1084 dolo,
1265 1029 1398 1071 cum
1434 1010 1607 1072 horas
1637 1019 1695 1072 et
1727 1015 1986 1086 psalmos
2029 1034 2158 1078 can-

2374 1006 2425 1042 ,'
2592 1015 2601 1033 ι
2762 1017 2775 1034 \
2878 1014 2928 1037 nr
3117 1019 3131 1035 ς
3204 1017 3215 1039 I
3504 1018 3517 1037 ε
3588 1014 3639 1037 om
3829 1017 3837 1025 -

2340 1022 2404 1092 οῤ
2434 1065 2446 1077 ,
2504 1014 2673 1072 Βλεπε
2727 1038 2817 1072 τον
2873 1015 3025 1096 οᾼολον
3084 1038 3376 1096 ευχομενος
3435 1038 3521 1074 και
3576 1036 3709 1090 ᾳοων
3773 1036 3877 1079 τους

517 1104 605 1159 tas
644 1097 919 1159 Domino.
958 1098 1065 1162 Vel
1111 1098 1272 1159 enim
1329 1099 1444 1159 alia
1502 1118 1609 1179 pro
1660 1101 1795 1163 aliis
1847 1104 2158 1176 damones,

2260 1086 2504 1181 ψαλμοὺς
2534 1112 2611 1179 τῷ
2656 1107 2844 1184 Κυρίῳ.
2889 1086 2948 1161 Ἠ
2999 1107 3097 1185 γὰρ
3147 1086 3289 1163 in:
3332 1104 3445 1161 ἀντ’
3490 1086 3661 1162 ἄλλων
3704 1108 3746 1162 οἱ
3776 1103 3877 1160 δαί-

513 1206 758 1249 sensum
790 1186 1004 1249 anima
1032 1186 1459 1268 subripientes,
1496 1188 1671 1250 nobis
1718 1190 1987 1273 deceptis
2028 1212 2158 1273 sug-

2255 1216 2411 1269 μονες
2456 1196 2554 1261 τὴν
2604 1193 2856 1261 αἴσθησιν
2903 1200 3002 1261 τῆς
3054 1199 3237 1275 ψυχῆς
3292 1194 3729 1271 ὑποκλέπτοντες,
3791 1193 3871 1249 λέ-

513 1285 747 1357 gerunt,
767 1276 1128 1357 psalmorum
1153 1294 1358 1338 versus
1382 1277 1442 1338 in
1465 1277 1897 1358 blasphemiam
1924 1290 2158 1344 verten-

2251 1305 2364 1361 γειν
2434 1285 2577 1358 ἡμᾶς
2630 1283 2899 1361 ἀπατῶσι,
2970 1284 3089 1348 τοὺς
3147 1285 3363 1363 stilo-3;
3420 1286 3491 1350 εἷς
3560 1284 3873 1364 βλασφημίαν

514 1375 624 1441 tos,
656 1379 719 1427 ut
749 1384 855 1427 ore
878 1365 1130 1428 nefanda
1164 1366 1572 1446 proferamus;
1604 1368 1695 1430 vel
1724 1370 1896 1431 nobis
1929 1370 2158 1432 initium

2247 1372 2524 1450 τρέποντες
2566 1378 2671 1428 tim
2702 1371 2956 1451 ψαλμῶν,
3006 1375 3077 1437 ὡς
3125 1375 3295 1428 εἰπεῖν
3351 1375 3492 1447 ἡμᾶς
3548 1372 3630 1429 διὰ
3687 1373 3874 1447 στόμα-

514 1457 876 1537 psalmorum
928 1454 1370 1530 inchoantibus,
1420 1456 1597 1518 verba
1648 1467 1851 1520 nostra
1878 1461 1948 1521 ad
1984 1462 2158 1522 finem

2247 1482 2333 1525 τος
2364 1462 2395 1516 ἆ
2426 1464 2502 1535 μὴ
2530 1461 2675 1535 θέμις
2709 1476 2722 1489 ⁸
2771 1461 2806 1526 ἢ
2846 1463 2942 1528 τὴν
2988 1461 3167 1541 ἀρχὴν
3209 1462 3315 1516 τῶν
3375 1461 3601 1537 ψαλμῶν
3659 1459 3876 1541 ἀρξαμέ-

511 1545 875 1607 transferunt
921 1564 1052 1626 qua
1083 1553 1221 1606 sunt
1252 1545 1314 1605 in
1348 1545 1544 1606 medio
1575 1565 1608 1607 a
1641 1556 1838 1609 mente
1869 1548 2158 1630 deripien-

2248 1571 2391 1621 νους,
2443 1549 2528 1605 ἐπὶ
2580 1551 2637 1605 τὸ
2688 1547 2834 1614 τέλος
2892 1558 3133 1607 ποιοῦσιν
3183 1550 3338 1626 ἡμῶν
3386 1553 3474 1607 τὸν
3535 1549 3716 1628 λόγον,
3746 1551 3803 1605 τα
3832 1548 3878 1603 ἐν

510 1644 637 1709 tes;
671 1634 760 1695 vel
793 1652 977 1694 unum
1014 1634 1411 1714 eumdemque
1446 1653 1676 1696 versum
1705 1655 1946 1719 semper
1986 1657 2158 1718 repe-

2252 1639 2399 1714 μέτῳ
2427 1636 2849 1709 διασκεδέζοντες
2901 1639 3006 1695 ἀπο
3051 1646 3142 1695 τοό
3201 1640 3317 1705 νοός
3352 1655 3366 1669 ⁸
3430 1639 3466 1707 ἢ
3525 1639 3610 1695 ἐπὶ
3664 1641 3722 1695 τὸ
3768 1638 3880 1696 αὐτὸ

514 1731 663 1794 tunt,
712 1741 831 1784 non
862 1723 1127 1783 sinentes
1177 1740 1288 1783 nos
1313 1693 1560 1803 propter
1588 1693 1948 1788 oblivionrem
2002 1693 2158 1808 quod

2248 1730 2339 1785 τὶν
2382 1728 2472 1785 ἕνα
2530 1729 2716 1808 στίχον
2773 1729 2852 1785 ἀεὶ
2909 1727 3354 1803 ἐπανακυκλοῦσι,
3427 1730 3505 1804 μὴ
3558 1734 3870 1808 συγχωροῦν-

511 1812 776 1894 psalmus
831 1810 1096 1873 continet
1149 1811 1458 1890 invenire;
1519 1815 1607 1874 vel
1668 1813 1839 1877 nobis
1894 1817 2158 1879 medium

514 1901 725 1982 psalmi
750 1900 1167 1980 recitantibus,
1192 1901 1602 1980 cojunctorum
1626 1920 1902 1966 versuum
1937 1925 2162 1968 memo-

514 1990 662 2052 riam
695 2009 732 2052 a
776 1998 975 2052 mente
1028 1990 1325 2064 auferunt,
1373 1990 1453 2051 ita
1498 1998 1559 2051 ut
1605 2012 1723 2053 non
1775 1995 2160 2057 recordemus

518 2097 670 2159 quos
717 2078 1060 2159 psalmodia
1106 2096 1312 2140 versus
1340 2079 1399 2139 in
1431 2098 1534 2141 ore
1578 2078 2001 2159 habuerimus,
2049 2104 2158 2147 nec

515 2167 813 2249 possimus
868 2185 971 2228 eos
1026 2168 1294 2248 reperire
1342 2176 1400 2230 et
1452 2168 1667 2248 lingua
1720 2172 1998 2236 reddere.
2059 2172 2159 2236 Sic

510 2267 692 2337 agunt
722 2266 785 2319 ut
827 2276 935 2318 nos
965 2256 1247 2336 cojiciant
1288 2256 1348 2317 in
1395 2265 1727 2339 temporem
1770 2278 1830 2322 et
1858 2262 2150 2341 acediam,

512 2354 694 2427 utque
734 2347 964 2409 fructus
1013 2356 1300 2409 evacuent
1344 2348 1629 2411 orationis
1662 2358 1899 2423 nostra,
1934 2370 2162 2413 moram

510 2435 803 2515 temporis
851 2445 1281 2516 supponeutes.
1330 2434 1448 2498 Sed
1490 2444 1753 2500 mentem
1808 2446 1869 2499 tu
1927 2438 2167 2502 fortiter

513 2523 767 2605 applica,
812 2533 871 2585 et
910 2524 1197 2604 psalmum
1251 2525 1469 2587 lentius
1512 2526 1721 2600 recita,
1774 2534 1837 2587 ut
1882 2528 2168 2592 orationis

512 2611 1130 2676 fructumaversibus
1180 2632 1286 2693 per
1333 2617 1900 2695 contemplationem
1952 2624 2160 2691 metas,

512 2720 583 2763 ac
603 2701 809 2763 dileris
836 2701 1059 2762 lumine
1081 2698 1337 2783 Spiritus
1363 2703 1553 2765 sancti
1571 2703 1884 2765 animabus
1908 2704 2161 2765 oratium

516 2789 826 2854 illucente.

599 3145 695 3209 73.
728 3143 975 3219 Quando
1005 3142 1230 3224 aliquid
1263 3162 1335 3206 ex
1376 3142 1559 3208 dictis
1588 3145 1809 3209 accidit
1839 3146 1947 3210 tibi
1975 3148 2163 3214 intel-

513 3233 769 3315 ligenter
818 3230 1117 3322 psallenti,
1177 3250 1253 3322 ne
1309 3232 1518 3322 acedia
1585 3250 1909 3317 torpescas,
1970 3257 2164 3322 neque

513 3323 783 3404 corporis
810 3321 1078 3405 requiem
1110 3321 1351 3384 utilitati
1376 3322 1589 3386 anima
1621 3334 1735 3389 tua
1763 3321 2163 3407 praferas,de

514 3413 804 3494 temporis
857 3430 1024 3473 mora
1071 3411 1353 3491 cogitans.
1415 3410 1530 3474 Sed
1587 3415 1744 3478 unde
1798 3420 2027 3498 captiva
2065 3428 2165 3482 tua

514 3522 682 3565 mens
729 3501 983 3564 abducta
1028 3507 1138 3574 est,
1182 3500 1264 3561 ibi
1317 3508 1429 3577 sta,
1465 3503 1602 3564 etsi
1632 3504 1706 3565 ad
1737 3504 1917 3567 finem
1947 3506 2165 3587 psalmi

503 3595 627 3674 jam
662 3590 1025 3673 perveneris,
1062 3599 1119 3652 tu
1147 3590 1221 3651 ad
1252 3590 1493 3653 initium
1525 3601 1771 3656 strenue
1801 3596 1957 3669 redi,
1981 3597 2163 3679 idque

509 3692 813 3764 repetens,
847 3681 1061 3743 iterum
1094 3679 1248 3741 viam
1296 3680 1510 3759 psalmi
1567 3701 1877 3763 percurre,
1929 3685 2165 3748 etiamsi

510 3791 668 3854 sape
697 3775 759 3834 in
791 3788 907 3832 una
939 3769 1086 3831 hora
1116 3769 1424 3831 distractio
1448 3779 1741 3836 recurset.
1776 3769 1904 3834 Hoc
1934 3774 2093 3836 enim
2112 3775 2164 3837 si

511 3860 712 3936 facias,
748 3878 869 3921 non
900 3858 1160 3921 ferentes
1192 3860 1661 3938 permanentiam
1711 3864 2165 3942 perseverantia

512 3957 627 4012 tua
646 3950 949 4012 damones
982 3955 1041 4009 et
1066 3946 1185 4007 vim
1208 3947 1575 4012 fortitudinis
1605 3957 1742 4026 tua,
1780 3950 2003 4031 pudore
2030 3953 2163 4015 suf-

514 4039 630 4101 fusi
660 4057 695 4101 a
723 4045 781 4100 te
804 4037 1114 4101 recedent.
2070 4056 2075 4061 λ

595 4217 695 4280 ⁸74.
730 4215 841 4278 Pro
872 4223 1035 4277 certo
1080 4212 1231 4276 habe
1261 4214 1605 4277 continuam
1634 4216 1961 4280 orationem
1995 4217 2156 4279 illam

512 4325 666 4382 esse,
691 4324 826 4388 qua
845 4324 964 4366 non
985 4303 1214 4366 recedit
1236 4303 1309 4365 ab
1331 4307 1529 4367 anima
1551 4325 1659 4386 per
1679 4306 1975 4387 integram
1998 4307 2156 4368 diem

512 4408 570 4462 et
598 4408 856 4476 noctem,
890 4416 1019 4479 qua
1041 4415 1158 4458 non
1181 4395 1241 4457 in
1264 4397 1609 4460 extensione
1632 4417 1939 4477 manuum,
1972 4398 2067 4461 vel
2095 4399 2159 4461 in

510 4490 715 4554 habitu
735 4488 1121 4573 corporis,vel
1145 4487 1207 4550 in
1231 4488 1389 4551 vocis
1407 4491 1775 4571 sono,oculis
1790 4490 2157 4554 videturcor-

510 4579 732 4661 poreis,
753 4579 858 4641 sed
884 4578 947 4641 in
972 4576 1215 4641 mentali
1235 4577 1520 4640 exercitio
1551 4579 1966 4661 Operationum
1985 4579 2164 4642 intel-

508 4668 809 4731 lectualim
846 4675 905 4731 et
939 4666 1374 4731 recordationis
1403 4669 1508 4730 Dei
1534 4684 1644 4747 per
1664 4669 1960 4731 assiduam
1993 4687 2159 4731 com-

510 4758 890 4839 punctionem
914 4756 1263 4836 intelligitur
1284 4756 1357 4819 ab
1379 4755 1453 4817 iis
1475 4756 1575 4837 qui
1597 4756 1931 4839 intelligere
1942 4757 2159 4820 sciunt.

592 4848 696 4909 75.
726 4848 927 4910 Potest
971 4846 1185 4928 aliquis
1232 4863 1473 4925 semper
1522 4846 1842 4908 intendere
1883 4846 2159 4924 orationi,

509 4956 646 5000 cum
680 4936 810 5017 ejus
831 4936 1220 5016 cogitationes
1248 4933 1321 4996 ad
1356 4934 1571 4996 mentis
1599 4935 1916 5015 imperium
1940 4954 2160 4999 conve-

508 5028 681 5090 niunt
707 5026 769 5086 in
805 5027 984 5086 multa
1014 5042 1159 5105 pace
1211 5030 1268 5085 et
1312 5025 1874 5103 circumspectione,
1909 5024 2157 5103 profun-

508 5116 704 5196 daque
747 5113 855 5177 Dei
891 5120 1258 5183 scrutantur,
1307 5119 1367 5172 et
1413 5120 1684 5193 quarunt
1732 5113 1874 5177 inde
1922 5122 2158 5193 gustare

508 5203 888 5267 dulcissimus
958 5201 1478 5282 contemplationis
1549 5202 1779 5265 latices.
1841 5201 1900 5265 Si
1956 5213 2154 5266 autem

507 5291 1023 5372 absithujusmodi
1053 5309 1185 5371 pax,
1232 5308 1351 5351 non
1386 5298 1600 5371 potest.
1634 5288 1746 5363 Qui
1773 5291 1933 5354 enim
1966 5291 2153 5354 facul-

510 5389 659 5444 tates
688 5381 901 5443 anima
945 5379 1170 5442 fadere
1219 5380 1682 5461 conjunguntur,
1714 5380 1809 5443 bic
1840 5381 1916 5445 ad
1961 5381 2161 5443 conti-

511 5488 690 5533 nuam
715 5471 1045 5533 orationem
1081 5468 1336 5531 feliciter
1366 5469 1665 5550 pervenit.

2242 1839 2326 1880 τες
2359 1814 2442 1872 διὰ
2470 1822 2565 1883 τῆς
2607 1814 2774 1886 λήθης
2824 1817 2883 1872 τὸ
2936 1816 3197 1897 ἐχόμενον
3255 1819 3426 1897 εὕρετν
3470 1824 3564 1874 τσῦ
3619 1815 3821 1892 ψαλμοῦ
3849 1830 3862 1845 ⁸

2241 1905 2276 1973 ἢ
2308 1905 2360 1962 ἐν
2394 1905 2541 1981 μέσῳ
2595 1905 2889 1983 γινομένων
2936 1906 3090 1981 ἡμῶν
3146 1914 3237 1963 τοῦ
3294 1906 3531 1982 ψαλμοῦ,
3567 1905 3757 1985 αἴφνης
3786 1904 3870 1959 αἴ-

2242 2017 2385 2073 ρουσι
2442 2002 2533 2051 τοῦ
2591 1996 2706 2059 νοὸς
2766 1994 2866 2062 τὴν
2924 1997 3142 2069 μνήμην
3201 1996 3411 2052 ἅπασαν
3469 2000 3574 2051 τῶν
3638 1996 3873 2051 ἐπισυνα-

2240 2082 2470 2163 φθέντων
2541 2085 2742 2162 στίχων
2776 2098 2789 2112 ·
2848 2085 2920 2148 ὡς
2977 2082 3112 2157 μηδὲ
3170 2084 3525 2160 μνημονεύειν
3580 2085 3716 2160 ἡμᾶς
3770 2083 3877 2137 τίνα

2240 2173 2323 2229 ἐπὶ
2365 2172 2627 2247 στόματος
2659 2169 2887 2251 εἴχομεν
2930 2177 3029 2237 τῆς
3080 2171 3420 2248 ψαλμῳδὶας,
3472 2171 3605 2248 μηδέ
3657 2171 3872 2247 δυναμε-

2240 2278 2358 2325 νους
2430 2264 2601 2340 εὗρετν
2656 2272 2819 2320 ταῦτα
2876 2263 2964 2317 καὶ
3022 2261 3377 2319 ἐπαναλαῗῖν
3453 2263 3537 2318 ἐπὶ
3614 2261 3871 2340 γλώσσης.

2247 2360 2409 2409 Τοῦτο
2461 2350 2516 2405 δὲ
2560 2356 2821 2423 ποιοῦσιν,
2868 2349 3004 2406 ὥστε
3058 2349 3244 2427 βαλεῖν
3301 2354 3446 2427 ἡμᾶς
3491 2354 3561 2417 εἰς
3612 2350 3873 2429 ὀλιγωρίαν

2245 2443 2332 2497 καὶ
2418 2438 2637 2507 ἀκηδίαν
2674 2460 2687 2474 ·
2759 2441 2847 2496 καὶ
2916 2439 3009 2496 ἵνα
3066 2442 3476 2519 καταργάσωσιν
3548 2443 3701 2517 ἡμῶν
3766 2440 3873 2502 τοὺς

2245 2530 2478 2606 καρποὺς
2535 2532 2633 2597 τῆς
2678 2530 3011 2609 προσευχῆς,
3076 2531 3173 2597 τὴν
3238 2532 3335 2596 τῆς
3407 2531 3545 2609 ὥρας
3600 2526 3875 2609 βραδυτῆτα

2246 2618 2628 2693 ὑποτιθέμενοι.
2691 2615 2842 2674 Ἀλλ’
2914 2617 3122 2686 ἕνστηθι
3193 2619 3253 2674 σὺ
3325 2617 3581 2693 δυνατῶς,
3654 2619 3735 2675 καὶ
3797 2618 3877 2672 τὸν

2247 2706 2461 2783 ψαλμὸν
2513 2706 2891 2787 σχολαιότερον
2949 2707 3080 2788 ἔχου
3116 2726 3130 2742 ·
3179 2710 3252 2772 ὡς
3297 2707 3359 2764 ἂν
3419 2710 3517 2776 τὴν
3573 2710 3669 2775 τῆς
3725 2709 3876 2787 εὖχῆς

2245 2795 2351 2852 ἀπὸ
2406 2797 2509 2853 τῶν
2580 2797 2782 2877 στίχων
2856 2794 2939 2851 διὰ
2990 2798 3205 2877 θεωρίας
3262 2800 3536 2875 τρυγῆσῃς
3609 2795 3873 2876 ὠφέλειαν,

2186 2899 2225 2950 c
2249 2886 2336 2940 καὶ
2388 2886 2480 2941 τὸν
2540 2886 2814 2965 φωτισμὸν
2875 2894 2968 2945 τοῦ
3024 2886 3172 2964 ἁγίου
3229 2887 3537 2961 Πνεόματος
3594 2883 3874 2943 καταπλου-

2246 2974 2417 3050 τήσῃς
2473 2975 2563 3031 τὸν
2620 2973 2959 3053 ἐγγινόμενον
3002 2973 3055 3031 ἐν
3105 2987 3226 3041 ταῖς
3267 2975 3376 3031 τῶν
3419 2974 3728 3056 εὐχομένων
3784 2976 3880 3048 ψο-

2248 3075 2412 3160 χαῖςε
2517 3136 2544 3160 υ

2326 3142 2431 3230 ογ’.
2517 3142 2663 3212 ιὒταν
2733 3177 2784 3211 τι
2855 3162 3093 3212 τοιοῦτον
3164 3152 3437 3231 ἐπιωμὸᾗ
3509 3177 3590 3212 σοι
3646 3151 3881 3231 ψάλλοντι

2244 3248 2493 3318 συνετῶς,
2547 3245 2625 3318 μὴ
2673 3242 3005 3323 ὀλιγωρήσας
3060 3240 3356 3320 ἆκηδιάσῃς
3393 3263 3409 3279 ο
3476 3243 3613 3319 μηδέ
3668 3243 3761 3309 τὴν
3799 3246 3881 3296 τοῦ

2244 3331 2491 3407 σώματος
2521 3331 2809 3409 ἀνάπαυσιν
2857 3337 2953 3402 τῆς
3005 3337 3244 3412 ψυχικῆς
3295 3331 3554 3412 ὠφελείας
3610 3353 3699 3390 σου
3755 3352 3879 3408 προ-

2242 3422 2500 3499 τιμήσῃς,
2532 3421 2630 3488 τὴν
2687 3421 2979 3501 βραδυτῆτα
3034 3421 3132 3489 τῆς
3187 3418 3329 3498 ὥρας
3385 3429 3692 3481 κατανοῶν.
3734 3416 3886 3476 Ἀλλὰ

2245 3507 2363 3565 ἔνθα
2390 3530 2447 3564 σε
2480 3511 2514 3577 ἡ
2561 3510 2904 3589 αἰχμαλωπία
2947 3517 3041 3567 τοῦ
3081 3512 3200 3572 νοὸς
3258 3509 3655 3589 καταλήψεται,
3718 3510 3879 3575 στῆθι,

2243 3600 2332 3654 καὶ
2365 3600 2407 3654 εἰ
2436 3600 2566 3679 πρὸς
2597 3602 2658 3656 τὸ
2705 3598 2856 3664 τέλος
2914 3600 3135 3678 γένησαι
3195 3606 3286 3655 τοῦ
3342 3598 3584 3679 ψαλμοῦ,
3649 3599 3708 3655 οὐ
3764 3596 3880 3675 πρὸς

2245 3688 2344 3755 τὴν
2391 3688 2565 3768 ἀρχὴν
2615 3687 2852 3764 ἐκθύμως
2908 3686 3172 3767 ἀνέδραμε
3208 3707 3223 3724 ·
3276 3689 3364 3743 καὶ
3414 3686 3731 3766 δραξάμενος
3787 3686 3878 3741 αὖ-

2243 3780 2365 3854 τῆς,
2397 3778 2537 3843 αὖθις
2569 3777 2700 3859 ἔχου
2725 3785 2817 3836 τοῦ
2860 3776 3076 3853 ψαλμοῦ
3128 3776 3245 3834 καθ’
3302 3774 3447 3851 ὁδὸν,
3483 3777 3579 3835 κᾶν
3638 3773 3877 3834 πολλάκις

2245 3866 2297 3921 ἐν
2330 3872 2425 3943 μιᾷ
2449 3867 2560 3946 ὥρᾳ
2604 3870 2638 3936 ἡ
2694 3866 3042 3948 αἰχμαλωσία
3098 3868 3543 3945 προσυπαντήσῃ,
3606 3875 3763 3924 Τοῦτο
3791 3863 3881 3941 γὰρ

2245 3957 2519 4019 ποιοῦντός
2569 3978 2683 4029 σου,
2744 3957 2822 4031 μὴ
2880 3955 3123 4036 φέροντες
3175 3955 3243 4021 τὴ
3298 3956 3577 4031 ὑπομονὴν
3633 3956 3726 4023 τῆς
3792 3955 3884 4019 σῆς

2244 4044 2515 4124 καρτερίας
2549 4047 2596 4101 οἱ
2624 4041 2865 4120 δαίμονες
2894 4045 2984 4101 καὶ
3012 4046 3103 4101 τὸν
3132 4043 3285 4101 τόνον
3316 4045 3415 4111 τῆς
3450 4045 3734 4120 πόοθυμίας
3775 4062 3878 4112 σου,

2186 4146 2230 4195 D
2250 4134 2503 4213 αἰσχύνης
2533 4132 2921 4212 πληρωθέντες,
2960 4135 3276 4213 οἰχήσονται
3309 4133 3413 4190 ἀπὸ
3446 4141 3567 4196 σοῦ.

2321 4220 2422 4280 σθ’.
2485 4221 2728 4278 Ἀἐνναον
2786 4228 3091 4302 προσευχὴν
3178 4222 3382 4289 ἐκείνην
3464 4224 3607 4280 εἶναι
3666 4222 3874 4299 γίνωτκε

2240 4309 2512 4391 ἀσφαλῶς,
2559 4312 2658 4378 την
2690 4311 2767 4386 μὴ
2796 4310 3063 4388 λήγουσαν
3121 4311 3227 4367 ἀπὸ
3270 4312 3368 4377 τῆς
3419 4315 3603 4391 ψυχῆς
3662 4308 3744 4365 διὰ
3786 4307 3881 4363 πα-

2239 4422 2338 4466 σης
2363 4398 2562 4478 ἡμέρας
2593 4420 2650 4455 τε
2680 4401 2768 4455 καὶ
2796 4400 2982 4463 νυκτός
3018 4414 3032 4429 ⁸
3074 4398 3191 4465 ἥτις
3220 4400 3312 4456 οὒκ
3342 4399 3395 4455 ἐν
3428 4400 3638 4457 ἐκτάσει
3667 4400 3879 4479 χειρῶν,

2239 4488 2274 4558 ἢ
2317 4488 2640 4566 παραστάσει
2670 4488 2940 4569 σώματος,
2975 4488 3062 4545 καὶ
3092 4486 3336 4566 γλώττης
3369 4486 3511 4569 ἕχῳ,
3556 4501 3673 4553 τοῖς
3706 4490 3880 4566 ὁρῶσιν

2244 4580 2426 4656 ὁρᾶται
2459 4595 2475 4610 °
2509 4573 2626 4633 ἀλλ’
2660 4578 2714 4632 ἐν
2746 4584 2901 4657 νοερᾷ
2944 4575 3154 4652 μελήτῃ
3199 4577 3301 4643 τῆς
3346 4583 3438 4633 τοῦ
3469 4579 3589 4640 νοὸς
3623 4575 3876 4656 ἐργασίας,

2242 4666 2329 4722 καὶ
2358 4664 2451 4733 τῆς
2478 4672 2568 4722 τοῦ
2607 4673 2737 4724 Θεοῦ
2766 4667 2986 4742 μνήμης
3016 4663 3085 4721 δι’
3135 4664 3389 4741 ἐπιμόνου
3418 4662 3745 4731 κατανύξεως
3774 4672 3878 4723 τοῖς

2245 4777 2329 4812 νοε
2343 4768 2389 4811 εν
2422 4753 2579 4812 εἰδότι
2617 4768 2848 4817 νοεῖται.

2324 4834 2420 4903 οε’.
2499 4844 2720 4900 Δόναταί
2787 4866 2863 4909 τις
2920 4844 3000 4900 ἀεὶ
3055 4843 3412 4924 προσανέχειν
3464 4844 3631 4925 εῦχῇ,
3689 4840 3876 4899 ὁπόταν

2242 4934 2361 4997 τοὺς
2415 4935 2599 4992 ἑαυτοῦ
2646 4932 2930 5011 λογισμοὺς
2992 4932 3448 5013 ἐπισυνηγμὲνους
3498 4930 3607 5011 ἔχη
3651 4931 3765 5009 περὶ
3791 4927 3879 4993 τὴν

2239 5023 2525 5102 ἡγεμονίαν
2581 5030 2673 5081 τοῦ
2728 5025 2867 5099 νοὸς,
2927 5021 2981 5077 ἐν
3034 5024 3217 5100 εἰρήνῃ
3277 5023 3367 5078 καὶ
3419 5017 3662 5092 εὐλαϐείᾳ
3691 5015 3876 5092 πολλῇ,

2242 5115 2309 5169 τὰ
2353 5114 2488 5189 βάθη
2530 5119 2624 5170 τοῦ
2646 5120 2777 5171 Θεοῦ
2820 5113 3215 5191 ἀνορύττοντας,
3264 5112 3347 5189 ραὶ
3378 5118 3662 5181 ζητοῦντας
3698 5107 3885 5191 ἐκεῖθεν

2238 5204 2521 5281 γεύσασθαι
2551 5203 2610 5256 τὸ
2653 5200 2977 5279 γλυκύτατον
3006 5206 3147 5276 νᾶμα
3177 5190 3274 5267 τῆς
3304 5198 3546 5278 θεωρίας.
3582 5198 3805 5277 Εἰρήνης
3835 5190 3885 5281 δε

2237 5279 2483 5357 τοιαύτης
2528 5290 2787 5367 ἀπούσης,
2819 5291 2879 5346 οὗ
2906 5286 3142 5350 δύναται.
3187 5287 3254 5345 Εἴ
3303 5310 3405 5344 τινι
3434 5288 3536 5366 γὰρ
3567 5288 3619 5343 αἱ
3674 5279 3886 5364 ψυχικαὶ

2245 5379 2489 5456 δυνάμεις
2520 5379 2602 5435 διὰ
2630 5381 2877 5459 γνὼσεως
2907 5376 3242 5458 σπένδονται,
3273 5383 3444 5451 τούτῳ
3470 5376 3560 5433 καὶ
3589 5376 3625 5444 ἡ
3652 5372 3887 5442 διηνεκης

2245 5470 2526 5551 προσευχὴ
2557 5470 2877 5549 κατωρθώθη
2888 5513 2902 5529 ,
