4144 6378
239 408 362 473 969
1178 410 1285 474 GN
1289 407 1722 473 OSTICORUM
1766 402 2104 472 CAPITUM
2148 390 2569 477 CENTURIA/
2589 414 2699 478 III.
3522 378 3647 483 9ἧο

232 545 521 625 ἀμήχανον
574 544 847 610 τεύξασθαι
907 547 997 601 τὸν
1050 542 1363 616 σπουδατον,
1425 545 1469 601 εί
1527 544 1604 619 μὴ
1633 544 1868 623 πρότεροι

1995 557 2062 601 us
2083 557 2333 621 capaces
2354 541 2585 623 sumus)
2610 562 2735 606 non
2764 550 2958 625 potest
2975 546 3259 627 consequi
3295 544 3387 609 vir
3415 545 3630 624 bonus,

233 638 335 698 τῆς
378 634 799 712 ἐπιπροσθούσης
828 634 933 691 τῶν
969 641 1147 691 κακῶν
1198 634 1341 700 ἰλύος
1384 632 1469 690 διὰ
1510 632 1745 713 δακρύων
1770 636 1869 712 θερ-

1987 631 2118 711 quin
2148 634 2310 712 prius
2342 632 2661 697 efficientis
2717 635 3015 698 malorum
3048 636 3156 699 luti
3186 637 3623 703 deformitatem

234 728 352 797 μῶν
407 723 508 790 τὴν
560 723 823 804 ἀμορνριαν
880 723 1322 797 ἀποσκευάσεται,
1376 725 1465 780 γαὶ
1528 728 1629 790 τῆς
1684 726 1870 806 ξερουρ-

1994 720 2184 783 :a|idis
2214 724 2472 784 excutiat
2503 723 2803 804 lacrymis,
2866 725 2981 806 piae
3009 725 3313 789 adhaereat
3345 727 3630 792 observa-

233 795 355 889 γίας
386 810 579 886 ἅψεται
599 795 724 870 τῶν
758 816 911 892 ἱερῶν
962 823 1054 873 τοῦ
1103 795 1328 893 Χριστοῦ
1371 811 1624 871 ἐντολῶν.
1684 795 1869 870 Ἄλλίυ.

1990 809 2124 871 Lioni
2151 829 2456 873 sacrorum
2508 795 2726 875 Christi
2783 795 3222 879 mandatorum.
3275 815 3438 879 Alias
3467 817 3626 880 enim

233 903 337 981 γὰρ
379 901 432 959 ἐν
502 904 752 978 μετουσίᾷ
806 911 912 961 τῶν
971 903 1284 984 ἀπορρήτων
1339 914 1434 964 τοῦ
1495 912 1627 963 Θεοῦ
1681 903 1869 982 ἀγαθῶ

1999 918 2035 959 n
2061 900 2598 963 communicatione
2616 901 3006 965 inetl‘abilium
3048 902 3159 966 Dei
3182 903 3473 968 bonorum
3495 924 3630 970 esse

234 990 477 1068 γενέσθαι
519 1002 728 1067 τοῦτον,
775 990 1048 1055 ἀδύνατον,
1111 985 1173 1048 Ὠ
1226 995 1326 1074 γὰρ
1368 993 1638 1069 ἐπιθυμιὶν
1693 991 1870 1069 γεύσα-

1998 1005 2093 1047 ιοη
2128 996 2338 1068 potest.
2372 988 2486 1061 Qui
2530 989 2691 1051 enim
2748 990 2914 1072 cupit
2969 1000 3211 1069 gustare
3242 991 3634 1074 spiritualiter

236 1082 355 1137 σθαι
414 1087 513 1148 τῆς
573 1085 718 1146 θειας
776 1084 969 1163 νοερῶς
1039 1089 1146 1139 τῶν
1204 1090 1400 1163 νοερῶν
1453 1081 1780 1161 γλυκύτητός
1833 1102 1872 1137 τε

1993 1075 2367 1157 ;piritualium
2400 1078 2783 1143 dulcedinem
2810 1088 2869 1141 et
2896 1079 3284 1161 voluptatem,
3338 1081 3414 1144 ab
3467 1082 3629 1145 omni

235 1171 326 1226 καὶ
353 1168 574 1251 ἡδονῆς,
620 1173 798 1239 πάσης
832 1170 1106 1247 ἀποδημεῖ
1148 1175 1246 1239 τῆς
1303 1180 1395 1229 τοῦ
1436 1172 1641 1247 κόσμου
1667 1168 1871 1227 καθόλοι

1993 1167 2236 1229 ierfecte
2281 1169 2531 1231 exsultat
2568 1189 2749 1233 sensu
2778 1170 3105 1250 mundano,
3157 1190 3225 1234 ac
3273 1172 3629 1238 desiderans

236 1260 557 1340 αἰσθήσεως,
590 1263 677 1317 καὶ
720 1267 789 1338 τῇ
842 1261 1014 1339 ἐφέσει
1044 1268 1151 1318 τῶν
1179 1261 1547 1336 ἀποκειμένων
1572 1273 1688 1322 τοῖς
1720 1260 1872 1337 ἁγίοις

1990 1275 2131 1318 Jona
2151 1267 2388 1321 sanctos
2414 1261 2735 1336 manentia,
2763 1259 2823 1321 in
2874 1260 3381 1343 contemplatione
3401 1263 3626 1326 entiam

237 1350 473 1428 ἀγαθῶν,
505 1350 560 1406 ὲν
589 1357 658 1428 τῇ
685 1353 877 1431 θεωρίᾳ
903 1359 1009 1409 τῶν
1039 1351 1204 1409 ὄντων
1234 1349 1630 1431 ἀδολεσχοῦσαν
1652 1347 1771 1430 ἔχει
1791 1349 1873 1416 τηε

1418 1360 1630 1431 τχοῦσαν
1652 1347 1771 1430 ἔχει
1791 1349 1891 1416 τὴν
1973 1363 2141 1407 suam
2172 1349 2429 1410 animam
2462 1348 2678 1428 nugari
2708 1348 3054 1412 arbitratur.

234 1436 368 1496 ἰδίαν
394 1441 611 1520 ψυχήν,

318 1519 422 1591 λε’,
456 1519 527 1587 Τὸ
570 1530 670 1597 τὴν
700 1528 910 1597 θεοειδῆ
941 1530 1266 1611 ἀφομσίωσιν
1292 1527 1646 1587 ἀναλλοίωτον
1676 1531 1889 1593 ἑαυτοῖς

2053 1526 2153 1589 35.
2180 1522 2616 1590 Immutabilem
2645 1526 2708 1588 in
2737 1544 2803 1589 se
2830 1542 3187 1590 conservare
3211 1527 3322 1592 Dei
3343 1526 3626 1591 similitu-

236 1615 580 1697 διατηρῆσαι,
611 1622 711 1687 τὴν
749 1618 800 1685 ἐξ
830 1618 1119 1700 ἐκροτάτης
1152 1618 1528 1698 ἐπιγινομένην
1567 1622 1869 1699 καθαρσεως

1992 1612 2203 1688 linem,
2237 1632 2472 1676 summa
2492 1616 2841 1696 acquisitam
2860 1616 3274 1697 purificatione
3313 1634 3384 1680 ac
3415 1634 3628 1698 magno

236 1708 328 1764 καὶ
357 1707 571 1785 ἀγάπης
599 1707 808 1777 πολλῆς
838 1716 930 1767 τοῦ
961 1717 1114 1790 Θεοῦ,
1150 1710 1318 1786 μόνης
1350 1709 1459 1765 ἐστὶ
1501 1714 1601 1776 τῆς
1643 1710 1776 1789 πρὸς
1806 1711 1872 1765 τοι

1993 1701 2086 1764 Dei
2104 1720 2309 1765 amore
2329 1704 2614 1785 competit
2634 1705 3010 1767 solummodo
3033 1705 3333 1769 continuae
3345 1704 3417 1768 ad
3441 1708 3629 1770 Deum

239 1800 374 1853 Θεὸν
421 1796 692 1864 διηνεκοῦς
735 1799 1086 1874 ἀνανεύσεως,
1147 1798 1269 1866 ἥτις
1326 1798 1647 1877 ἐπιγίνεσθαι
1695 1798 1875 1879 πέφυκε

1998 1790 2291 1852 elevationi
2322 1792 2656 1872 oculorum,
2718 1800 2777 1855 et
2833 1792 3057 1855 sedulae
3117 1792 3335 1856 mentis
3378 1793 3453 1855 ad
3484 1810 3634 1857 con—

239 1893 309 1963 τῇ
343 1891 520 1966 ψυχῇ,
571 1888 677 1944 ἀπὸ
705 1893 803 1954 τῆς
833 1887 1086 1965 ἐπιμόνου
1127 1895 1234 1945 τῶν
1279 1889 1475 1967 ἀρετῶν
1505 1889 1758 1967 ἡσυχίας,
1790 1888 1875 1944 ἀπί

1998 1881 2427 1960 .emplationem
2456 1881 2859 1962 applicationi,
2910 1900 3042 1963 quae
3063 1881 3280 1944 anima;
3300 1882 3634 1944 innascitur

238 1979 342 2042 τῆς
374 1975 536 2033 ἀύλου
592 1978 679 2033 καὶ
721 1976 1053 2056 ἀρεμϐάστου
1104 1980 1192 2035 καὶ
1246 1976 1517 2045 διηνεκοῦς
1561 1983 1869 2057 προσευχῆς

2006 1988 2015 2029 ι
2044 1971 2338 2032 constanti
2383 1972 2662 2032 virtutum
2698 1972 2924 2053 quiete,
2960 1990 3031 2033 ex
3060 1970 3329 2033 oratione
3358 1971 3642 2054 continua

238 2064 348 2121 ἀπὸ
377 2068 475 2134 τῆς
504 2064 730 2123 καθόλου
763 2065 1091 2149 ἐγκρατείας,
1121 2069 1209 2125 καὶ
1239 2068 1608 2147 τηςῢσυντόνου
1629 2066 1736 2122 τῶν
1765 2072 1872 2145 Γρα

2000 2069 2037 2121 ιι
2069 2059 2248 2122 rebus
2278 2080 2396 2122 non
2426 2061 2709 2124 distracta
2740 2061 3170 2143 materialibus,
3199 2079 3269 2123 ex
3313 2058 3636 2149 universali

238 2159 357 2236 φῶν
399 2154 771 2234 ἀναγνώσεως.
1077 2148 1084 2149 ί

1999 2153 2396 2230 ,emperantia,
2456 2159 2514 2212 et
2570 2169 2641 2213 ex
2725 2151 2966 2214 assidua
3046 2149 3488 2232 Scriptur'arum
3542 2148 3635 2213 le-

1979 2238 2197 2302 ctione.

322 2324 460 2409 λς’.
508 2336 582 2393 O6
622 2336 684 2391 τὸ
727 2337 800 2399 εἰς
856 2336 1068 2413 εἰρήνην
1129 2335 1289 2411 μόνον
1318 2334 1492 2392 ἐλθεῖν
1536 2338 1642 2389 τῶν
1673 2333 1726 2391 ἐν
1759 2337 1896 2411 ἡμῖν

2061 2330 2160 2395 36.
2188 2333 2319 2395 Non
2350 2331 2713 2393 studendum
2745 2336 2836 2392 est
2865 2336 3092 2393 tantum
3126 2328 3439 2410 pervenire
3460 2326 3533 2390 ad
3554 2327 3638 2390 fa-

240 2421 538 2503 δυνάμεων,
570 2423 809 2481 σπεύδειν
838 2427 948 2505 χρή
986 2444 999 2458 ⁸
1036 2423 1174 2480 ἀλλὰ
1201 2426 1288 2481 καὶ
1318 2427 1380 2480 τὸ
1413 2426 1486 2489 εἷς
1520 2424 1676 2480 πόθον
1705 2425 1873 2505 φθάσα

2002 2420 2261 2482 :ultatum
2317 2429 2648 2482 nostrarum
2702 2437 2929 2499 pacem,
2993 2418 3099 2480 sed
3160 2418 3339 2479 etiam
3396 2416 3638 2498 assequi

241 2518 342 2580 τῆς
372 2520 554 2592 νοερᾶς
586 2515 930 2578 ἀναπαύσεως
966 2530 979 2543 ⁸
1042 2511 1163 2579 ἥτις
1208 2520 1384 2569 πᾶσαν
1436 2510 1594 2579 οἶδην
1627 2512 1711 2568 ἐπ’
1756 2513 1877 2591 ἀγα-

1989 2509 2304 2590 spiritualis
2335 2510 2598 2572 studium
2631 2508 2869 2591 quietis,
2932 2526 3064 2589 qua
3118 2526 3299 2570 omne
3333 2506 3625 2569 honorum

238 2607 359 2666 θοῖς
402 2603 578 2683 ἔφεσιν
608 2602 692 2660 δια
734 2602 978 2683 γαλήνης
1032 2604 1398 2659 ἀπαναπαύειν
1457 2606 1562 2659 τῶν
1593 2601 1869 2680 λογισμῶν

2004 2597 2344 2659 lesiderium
2368 2599 2564 2679 explet
2597 2616 2703 2677 per
2727 2597 3151 2674 cogitationum
3185 2612 3417 2677 pacem,
3450 2604 3510 2658 et
3530 2612 3640 2676 per

240 2694 331 2749 καὶ
372 2691 457 2748 διὰ
496 2697 595 2762 τῆς
628 2695 902 2773 οὒρανόθεν
945 2692 1348 2773 κατερχομένης
1388 2695 1529 2755 θείας
1560 2690 1765 2772 δρόσου,
1798 2694 1876 2761 τὴε

1997 2687 2214 2748 :oelitus
2259 2688 2470 2768 pluens
2500 2688 2771 2750 divinum
2795 2705 2895 2748 ros
2927 2685 3299 2747 vulneratum
3328 2703 3433 2748 cor
3462 2692 3633 2746 sanat

240 2782 580 2857 τετρωμένην
648 2785 821 2841 ἰᾶσθαι
890 2784 978 2839 καὶ
1021 2783 1317 2862 ἀναψύχειν
1361 2781 1595 2861 καρδίαν,
1657 2782 1763 2839 ἀπὸ
1804 2792 1876 2839 τοὶ

2004 2784 2039 2837 ιι
2066 2776 2381 2856 refrigerat
2410 2776 2483 2839 ab
2512 2776 2650 2856 igne
2677 2777 2935 2857 desuper
2981 2776 3204 2839 emisso
3235 2783 3296 2838 et
3321 2791 3576 2838 accenso
3604 2791 3640 2836 a

242 2873 405 2951 πυρὸς
431 2879 522 2929 τοῦ
552 2874 749 2930 ἀνωθεν
777 2871 1129 2949 βαλλομένου,
1165 2873 1253 2928 καὶ
1282 2871 1649 2944 ἀναπτομένου
1679 2873 1780 2929 ὑπὸ
1810 2894 1878 2928 τοι

838 2871 1129 2948 ιλλομένου,
1165 2873 1253 2928 καὶ
1282 2871 1649 2944 ἀναπτομένου
1679 2873 1780 2929 ὑπὸ
1810 2878 1903 2928 τοῦ
1987 2863 2213 2947 Spiritu
2247 2873 2474 2930 sancto.

244 2962 552 3035 Πνεύματος
563 3011 575 3024 ,

327 3039 433 3121 λζ’.
510 3051 581 3107 Οὑ
634 3047 845 3106 δύναται
917 3052 992 3115 εἷς
1064 3051 1221 3126 βάθος
1291 3050 1591 3129 ’τρωθετίσαφ
1622 3050 1778 3130 ψυχὴ
1825 3049 1904 3124 τῷ

2065 3043 2166 3106 37.
2200 3043 2332 3107 Non
2392 3051 2582 3125 potest
2638 3043 2875 3125 penitus
2930 3042 3237 3105 vulnerata
3288 3041 3401 3104 Dei
3429 3056 3636 3130 amore

246 3137 403 3218 ἔρωτι
459 3147 553 3196 τοῦ
596 3146 750 3212 Θεοῦ,
812 3140 949 3214 μετά
1003 3140 1102 3205 τὴν
1146 3148 1325 3217 γεῦσιν
1381 3144 1487 3195 τῶν
1543 3145 1750 3205 νοητῶν
1802 3143 1882 3205 τῆς

2006 3134 2200 3210 mima,
2263 3144 2572 3215 postquam
2632 3134 2879 3213 gustavit
2920 3132 3253 3215 Spiritualia
3302 3129 3642 3218 dulcedinis

473 3192 548 3196 -η
607 3192 624 3195 ν
678 3192 750 3212 η,
1162 3192 1291 3217 ,ή--ε
1818 3192 1868 3205 κ.

246 3225 574 3305 γλυκύτητος
618 3227 779 3283 αὐτοῦ
822 3225 1065 3303 δωμεῶν,
1113 3226 1252 3291 ὅλως
1303 3225 1383 3307 ἐφ’
1430 3228 1624 3293 ἑαυτὴν
1653 3226 1878 3282 ’ίστασθα

2010 3224 2119 3302 'jus
2149 3192 2328 3296 bona,
2364 3192 2607 3284 omnino
2632 3192 3162 3302 iinmotamrstare,
3196 3222 3285 3283 vel
3320 3217 3646 3282 manerein

245 3315 283 3383 ἢ
319 3317 495 3390 μένειν
526 3316 611 3373 ἐπὶ
652 3319 714 3372 τὸ
765 3318 889 3373 αὐτὸ
931 3318 1021 3373 καὶ
1073 3316 1151 3391 μὴ
1200 3318 1330 3395 πρὸς
1374 3317 1439 3371 τὰ
1482 3316 1666 3395 πρόσω
1694 3316 1799 3371 τῶν
1831 3316 1881 3371 εἷι

2006 3314 2198 3375 ξοάεηι
2226 3322 2376 3373 statu
2410 3330 2519 3374 nec
2550 3331 2657 3393 per
2679 3331 3034 3393 progressus
3067 3319 3126 3373 et
3157 3310 3543 3372 ascensiones
3566 3307 3642 3369 ad

248 3407 501 3484 οὐρανοὺς
534 3403 840 3462 ἀναϐάσεων
871 3407 1252 3465 ἀνατείνεσθαι.
1290 3391 1431 3479 ηοσῳ
1456 3406 1555 3485 γὰρ
1585 3408 1678 3468 τος
1709 3406 1884 3469 ἑαυτῆς

2014 3406 2178 3463 )eum
2216 3401 2488 3466 tendere.
2549 3391 2843 3473 Quantum
2905 3400 3066 3462 enim
3099 3415 3236 3461 suas
3264 3397 3650 3460 ascensione:

247 3493 531 3559 ἀναϐάσεις
561 3494 767 3572 ἀμείϐει
797 3493 882 3551 διὰ
907 3503 1000 3553 τοῦ
1030 3496 1357 3570 Πνεύματος,
1389 3497 1479 3551 καὶ
1534 3495 1618 3550 ἐπὶ
1645 3496 1726 3565 ξτα
1767 3494 1883 3571 βάθη

2008 3498 2281 3553 iermutat
2314 3509 2417 3572 per
2452 3490 2740 3571 Spiritum
2790 3498 3084 3566 sanctum,
3146 3498 3204 3551 et
3253 3488 3315 3549 in
3348 3487 3644 3569 profunda

247 3599 428 3665 χωρεῖ
482 3585 575 3643 τοῦ
619 3592 771 3661 Θεοῦ,
818 3588 1054 3659 τοσούτιρ
1112 3583 1463 3664 πυρποὶεῐται
1510 3590 1588 3659 τῷ
1642 3584 1761 3663 πυρὶ
1802 3588 1883 3650 τῆ‹

1998 3582 2094 3644 Dei
2125 3582 2433 3658 mergitur,
2470 3588 2693 3642 tantum
2751 3580 3103 3642 accenditur
3157 3578 3294 3658 igne
3321 3574 3634 3653 desiderii,

248 3673 503 3754 ἐφέσεως,
551 3677 641 3733 καὶ
689 3678 795 3731 τῶν
843 3675 918 3731 ἔτι
947 3674 1241 3753 βαθυτέρων
1274 3676 1431 3731 αὐτοῦ
1486 3674 1786 3751 μυστηρίων
1841 3674 1884 3727 τί

2004 3686 2044 3732 at
2074 3671 2267 3732 adhuc
2296 3673 2569 3730 altiorum
2622 3668 2783 3730 illius
2832 3668 3247 3749 mysteriorum
3282 3665 3640 3754 magnitudi-f

249 3764 475 3841 μέγεθος
506 3764 708 3844 ἐρευνᾷ,
743 3765 830 3820 καὶ
860 3763 1153 3831 πλησιάσαι
1184 3769 1261 3836 τῷ
1304 3764 1548 3841 μακαρίῳ
1579 3764 1712 3842 φωτὶ
1740 3783 1885 3819 κατε-

2003 3779 2124 3821 mem
2159 3768 2473 3829 scrutatur,
2530 3768 2589 3820 et
2637 3758 2911 3840 proprius
2958 3756 3249 3820 accedere
3296 3755 3536 3818 festinat
3563 3753 3639 3817 ad

248 3855 513 3931 πείγεται,
562 3852 682 3910 ἔνθα
701 3860 848 3910 πᾶσα
880 3856 992 3916 νοὸς
1037 3852 1248 3914 ἔκτασις
1290 3849 1532 3908 ἵσταται·
1566 3852 1659 3908 ’ἱνα
1679 3852 1778 3919 τὴν
1800 3855 1884 3907 τῶς

1998 3849 2219 3911 beatam
2253 3850 2469 3930 lucem,
2516 3848 2619 3909 ubi
2662 3848 2860 3909 omnis
2888 3846 3075 3908 animi
3106 3855 3311 3927 raptus
3338 3844 3634 3924 consistit,

247 3942 392 4000 ἰδίων
452 3941 662 4024 δρόμων
729 3943 1058 4002 κατάπαυσιν
1118 3941 1172 3998 ἐν
1225 3943 1513 4021 εὐφροσύνῃ
1585 3942 1883 4017 καταπαύσῃ

2002 3948 2053 4001 ut
2085 3938 2306 4019 proprii
2337 3956 2545 3999 cursus
2573 3938 2845 4020 requiem
2905 3938 2968 3998 in
2998 3936 3197 3999 cordis
3227 3934 3440 4015 gaudio
3471 3933 3638 3996 acci-

247 4031 487 4111 καρδίας,

477 4081 487 4095 .
1991 4030 2113 4110 piat

331 4112 450 4189 λη’.
497 4114 758 4190 Ὀπηνίκα
813 4122 1029 4201 γένηταὶ
1083 4145 1163 4187 τις
1221 4125 1274 4180 ἐν
1319 4122 1569 4200 μετουσίᾳ
1621 4129 1712 4178 τοῦ
1756 4121 1905 4199 ἁγίου

2070 4119 2167 4181 38.
2204 4118 2353 4181 Cum
2385 4116 2641 4197 Spiritus
2688 4116 2877 4178 sancti
2928 4117 2995 4178 fit
3049 4115 3267 4197 aliquis
3317 4114 3639 4195 particeps,

250 4212 583 4286 Πνεύματος,
656 4212 747 4268 καὶ
814 4222 912 4279 την
969 4211 1309 4292 ἐπιφοίτησιν
1362 4213 1546 4269 τούτου
1616 4209 1699 4266 διά
1764 4231 1886 4266 τινος

2006 4211 2232 4289 ejusque
2265 4207 2638 4288 praesentiam
2663 4225 2770 4286 per
2800 4206 3057 4268 infusum
3090 4205 3150 4267 in
3183 4221 3248 4266 se
3279 4201 3642 4265 ineffabilem

246 4303 479 4381 ἀρρήτου
532 4303 587 4359 ἐν
644 4304 818 4377 ἑαυτῷ
879 4309 990 4381 γνῷ
1057 4303 1318 4383 ἐνεργείας
1375 4305 1464 4361 καὶ
1529 4301 1771 4375 εάωδίας,
1832 4304 1877 4358 ὡ

2011 4298 2309 4381 ιυθηιόδιῐι
2331 4298 2592 4375 vigorem
2607 4307 2663 4357 et
2681 4295 2901 4357 bonum
2919 4294 3163 4357 odorem
3181 4292 3647 4383 agnoscit,itaut

253 4391 558 4472 διατρέχειν
586 4393 686 4459 τὴν
717 4390 932 4451 εὐωδίαν
964 4393 1122 4450 αὒτοῦ
1170 4396 1259 4451 καὶ
1304 4395 1442 4451 κατά
1484 4393 1582 4460 τῆν
1641 4399 1733 4448 τοῦ
1793 4392 1889 4448 σώ-

2011 4379 2187 4450 {uavis
2214 4388 2373 4448 illius
2403 4385 2722 4464 fragrantia
2764 4386 2954 4465 ipsam
3011 4386 3319 4465 percurrat
3373 4379 3647 4461 corporis

249 4504 421 4560 ματος
474 4482 803 4563 ἐπιφάνειαν,
876 4491 1169 4550 τηνικαῦτα
1226 4484 1403 4561 μένειν
1474 4485 1503 4539 ὁ
1557 4490 1796 4545 τοιοῦτος
1854 4480 1885 4536 ἐι

2009 4497 2275 4560 speciem,
2303 4486 2439 4537 tunc
2460 4475 2561 4536 ille
2584 4474 2841 4535 virintra
2880 4473 3101 4534 limites
3141 4480 3371 4563 natura;
3398 4484 3645 4531 manere

248 4571 399 4652 ὅροις
456 4559 661 4652 φύσεως
719 4581 812 4631 τοῦ
876 4570 1068 4629 λοιποῦ
1120 4559 1236 4630 οὒκ
1268 4573 1521 4654 ἀνέχεται
1557 4591 1568 4604 '
1630 4571 1768 4628 ἀλλὰ
1810 4571 1884 4638 τηε

2018 4559 2110 4629 am
2126 4587 2241 4628 non
2259 4574 2470 4646 potest,
2486 4566 2587 4654 sed
2610 4563 2857 4654 pulcbra
2877 4562 3202 4654 mutatione
3219 4559 3646 4654 perdexteram

246 4646 425 4738 καλὴν
471 4646 775 4728 ’ἀλλοίωσιν
835 4675 932 4738 τῆς
990 4669 1169 4736 δεξιᾶς
1216 4679 1306 4728 τοῦ
1366 4646 1615 4747 ἱῨψίστου
1673 4668 1882 4726 ἀλλοιω·

2016 4659 2101 4719 )ei
2125 4669 2482 4728 conversus;
2513 4651 2880 4713 obliviscitur
2906 4651 3027 4712 cibi
3059 4659 3120 4712 et
3148 4648 3370 4723 somni,
3393 4646 3651 4728 despicit

247 4762 380 4840 θεὶς,
468 4759 869 4816 ἐπιλανθάνεται
952 4761 1177 4841 τροφῆς,
1263 4761 1446 4832 ὕπνου,
1532 4762 1883 4837 κατευμεγεθε

2015 4743 2349 4825 :orporalia,
2375 4758 2722 4821 corpoream
2748 4739 2995 4827 negligit
3016 4737 3312 4819 requiem,
3343 4746 3651 4835 totumque

249 4855 600 4925 σωματικῶν,
687 4854 998 4925 σωματικῆς
1082 4849 1272 4929 ἀλογεῖ
1354 4850 1699 4914 ἀναπαύσεως
1736 4866 1749 4880 ’
1825 4870 1885 4904 κα

2010 4836 2155 4897 liem
2189 4834 2248 4894 in
2281 4830 2583 4892 laboribus
2638 4847 2820 4907 agens
2877 4828 3318 4906 sudoribusque
3348 4828 3646 4924 ascetii'is,

251 4912 389 5007 ὅλην
430 4940 530 5007 τὴν
584 4912 790 5019 ῆμέραν
848 4939 900 4996 ἐν
944 4940 1132 5005 κόποις
1191 4912 1289 5021 ἐὸν,
1335 4942 1424 4997 καὶ
1465 4938 1677 5019 ἱδρῶσιν
1734 4939 1887 5005 ἀσκηι

2015 4927 2217 4986 iullam
2251 4920 2761 4999 defatigationem,
2810 4918 3032 4980 nullam
3064 4926 3291 4977 natura
3322 4912 3651 4976 necessita-

252 5042 456 5110 ‘JtXO't'C,
488 5029 656 5086 κόπου
706 5032 872 5103 τινὸς,
934 5029 970 5098 ἢ
1022 5034 1249 5110 φυσικῆς
1305 5032 1544 5110 ἀνάγκης
1604 5031 1700 5087 οὒκ
1754 5031 1888 5086 ἔπαιε

2013 5031 2118 5075 Lem
2151 5012 2349 5085 sentit,
2387 5029 2506 5070 non
2539 5008 2781 5088 famem,
2818 5025 2938 5068 non
2969 5006 3155 5079 sitim,
3191 5023 3310 5066 non
3345 5020 3649 5079 somnum,

251 5120 527 5199 σθάνεται,
587 5118 775 5186 πείνης
848 5119 885 5187 ἢ
956 5116 1141 5195 δίψης,
1200 5120 1414 5201 ὕπνουκ
1444 5122 1532 5177 καὶ
1585 5124 1688 5178 τῶν
1743 5117 1887 5176 ἄλλω

2017 5127 2115 5169 ιρε
2140 5102 2424 5188 quidquid
2449 5110 2658 5162 natura
2702 5100 3000 5201 postulat:
3047 5094 3653 5201 siquid-emHinvisibi-

250 5215 357 5276 τῆς
416 5209 621 5290 φὸσεως
693 5208 941 5287 ἀναγκῶν
977 5228 993 5246 ’
1067 5208 1351 5290 ἐκκέχυται
1418 5211 1518 5289 γὰρ
1576 5210 1815 5290 ἀοράτως
1882 5233 1886 5243 ·

2027 5199 2140 5259 iter
2158 5186 2379 5257 diffusa
2411 5200 2500 5253 est
2529 5191 2788 5252 charitas
2818 5189 2924 5250 Dei
2950 5207 3087 5251 cum
3118 5186 3410 5290 ineffabili
3439 5186 3656 5285 gaudio

254 5272 447 5376 ἀγάπη
479 5304 576 5355 τοῦ
607 5306 739 5356 Θεοῦ
788 5272 925 5373 μετά
979 5304 1152 5379 χαρᾶς
1195 5272 1444 5378 ’ἀῤῥήτού
1491 5272 1556 5354 ιἐν
1612 5272 1680 5366 τῆ
1736 5296 1886 5378 καρδί

2029 5306 2067 5349 n
2098 5285 2280 5347 corde
2312 5283 2472 5342 illius
2499 5301 2516 5358 ;
2550 5299 2616 5341 ac
2648 5288 2830 5341 totam
2861 5286 3099 5340 noctem
3130 5277 3191 5336 in
3224 5273 3660 5373 illuminatione

257 5391 423 5447 αὑτοῦ
453 5403 472 5424 ⁶
558 5389 646 5443 καὶ
712 5385 845 5454 ὅλην
930 5388 1028 5455 τὴν
1104 5388 1264 5444 νύκτα
1340 5388 1395 5444 ἐν
1446 5396 1705 5470 φωτισμῷ
1759 5390 1891 5467 πυρὶ)

2028 5377 2159 5456 gnis
2172 5389 2479 5456 peragens.
2498 5368 3006 5431 intellectualesin
3022 5364 3317 5470 corporali
3339 5363 3662 5467 excercita;

256 5476 640 5558 διακαρτερῶν,
724 5478 825 5544 τὴν
910 5478 1091 5557 νοεράν
1171 5477 1225 5533 ἐν
1309 5484 1591 5555 σωματικῇ
1660 5479 1889 5556 γυμνασί

2023 5454 2571 5545 ,ἷοῑιοόρθνέιιίοηεε
2609 5459 2745 5520 facit
2784 5466 2843 5521 et
2868 5454 3191 5558 immortali
3223 5454 3659 5558 pasciturcon-

259 5567 510 5647 ἐργασίαν
573 5566 871 5647 ἐργάζεται,
957 5569 1045 5624 καὶ
1114 5572 1214 5634 τῆς
1290 5567 1551 5624 ἀθανάτου
1622 5589 1895 5647 κατατρυρ

2028 5557 2157 5618 rivio
2177 5542 2604 5615 immortalium
2624 5548 2904 5611 arborum
2925 5543 3185 5628 paradisi
3217 5542 3581 5647 spiritualisn
3599 5542 3664 5604 in

258 5654 580 5720 πανδαισίας
651 5662 756 5712 τῶν
828 5655 1101 5715 ἀθανάτων
1178 5663 1271 5714 τοῦ
1351 5666 1543 5722 νοητοῦ
1611 5654 1894 5734 παραδείσο

2023 5663 2189 5731 quem
2223 5643 2440 5706 Paulus
2470 5648 2673 5721 raptus
2702 5636 2892 5699 audiit
2928 5651 3147 5699 arcana
3191 5633 3379 5696 Verba
3407 5646 3538 5715 qum
3565 5631 3659 5693 lo-

606 5840 875 5902 ΡΑτιιοι..
909 5840 1022 5902 Gn.
1071 5838 1257 5903 CXX.

3272 5815 3338 5881 3i
