4144 6380
510 377 621 444 971

1801 383 2108 451 ΝΙΟΕΤιΕ
2153 384 2584 450 PEGTORATI

3767 384 3875 450 972

508 513 613 594 qui
640 532 760 576 non
785 513 927 578 licet
955 515 1184 579 homini
1230 533 1432 579 rerum
1457 515 1784 580 visibilium
1816 520 2021 582 sensui
2052 515 2163 581 de-

2263 523 2461 598 ρωτῶν,
2496 520 2584 582 Εἷς
2615 520 2672 576 ὃν
2715 519 2803 577 καὶ
2833 515 3041 582 Παῦλος
3093 517 3286 597 ἀρθεὶς,
3319 514 3530 573 ἔκουσεν
3572 515 3759 595 ἄρῤητα
3786 517 3874 593 ῥή-

511 607 634 670 dito
661 609 746 669 93.

595 787 696 852 39.
739 787 941 851 Semel
975 807 1192 870 corpus
1222 789 1358 869 igne
1389 791 1612 852 ascesis
1641 790 1952 853 incensum
1985 798 2045 851 et
2073 789 2162 850 la-

512 895 848 958 crymarum
870 897 1022 959 aqua
1042 878 1413 953 immersum,
1442 900 1561 942 non
1591 880 1900 942 labaribus
1927 897 2163 940 rursum

515 966 879 1044 debilitatur,
909 987 1042 1029 cum
1076 969 1274 1029 multis
1303 969 1618 1031 sudoribus
1643 970 1818 1031 tinem
1850 969 2154 1049 imposuit,

513 1067 720 1139 utpote
748 1061 1024 1140 superius
1047 1061 1320 1140 practica
1339 1061 1728 1124 sollicitudini
1750 1062 1965 1122 factum
2003 1081 2018 1140 ;
2055 1059 2158 1120 sed

513 1148 1001 1229 tranquillitatem
1023 1150 1608 1230 pacisquesilentium
1629 1151 1785 1213 intus
1799 1149 2158 1230 suspiciens,

515 1237 684 1299 novis
716 1238 1162 1318 majoribusque
1191 1240 1475 1320 impletur
1521 1240 1769 1314 viribus,
1819 1259 1968 1300 nova
1993 1237 2161 1298 forti-

516 1326 746 1402 tudine,
778 1347 930 1388 novo
962 1327 1221 1408 Spiritus
1253 1328 1493 1393 robore.
1547 1331 1694 1392 Cum
1742 1337 1938 1390 autem
1967 1327 2165 1388 anima

2247 629 2410 687 ματα,
2445 609 2478 663 ἃ
2505 609 2599 664 οὒκ
2641 606 2754 674 ἐξὸν
2799 607 3056 686 ἀνθρώπῳ
3104 606 3348 682 ἀκοῦσαι,
3397 611 3465 683 τῇ
3522 605 3748 676 αἰσθήσει
3776 611 3874 661 τῶν

2247 696 2533 777 ὁρωμένων
2563 697 2972 777 προσ-πάσχοντι
2984 741 2995 754 .

2325 769 2428 848 λθ’,
2468 769 2629 852 ’Άπαξ
2678 788 2740 842 τὸ
2794 769 2950 861 σῶμα
3007 785 3243 865 πυρωθὲν
3285 790 3365 860 τῷ
3421 785 3538 862 πυρὶ
3585 787 3677 849 τῆς
3712 783 3874 853 ἀσκή-

2249 895 2406 949 σεως,
2438 877 2527 932 καὶ
2557 883 2635 950 τῷ
2664 873 2809 932 ὕδατι
2865 875 3029 955 βαφέν
3088 879 3194 930 τῶν
3249 871 3506 952 δακρύων,
3552 875 3642 931 οὒκ
3669 870 3740 928 ἔτι
3767 885 3875 934 τοτς

2242 963 2422 1029 πόνοις
2470 962 2794 1044 ἀμϐλύτερον
2849 966 3071 1043 γίνεται,
3136 963 3244 1019 τῶν
3296 961 3510 1020 πολλων
3559 966 3877 1017 καταπαῦσαν

2243 1051 2495 1130 ἱδρώτων,
2550 1056 2624 1118 ὡς
2683 1055 2812 1133 ὑπὲρ
2876 1054 2974 1121 τὴν
3031 1051 3333 1132 ἔμπρακτον
3389 1051 3668 1130 γενόμενον
3723 1047 3874 1115 δηλο-

2246 1144 2355 1198 νότι
2401 1141 2631 1212 σπουδήν
2665 1159 2678 1172 ⁸
2715 1142 2851 1199 ἀλλά
2907 1144 3150 1221 γαλήνην
3179 1143 3267 1198 καὶ
3311 1141 3524 1206 σιωπὴν
3554 1140 3754 1217 εἱρήνης
3795 1135 3873 1192 δε-

2245 1234 2467 1310 ξάμενον
2499 1233 2726 1310 ἕνδοθεν,
2758 1234 2959 1314 πλῆρες
3022 1233 3225 1310 μᾶλλον
3281 1231 3450 1299 ὂὶλλης
3500 1229 3757 1305 δυνάμεως
3795 1229 3874 1305 γί-

2246 1345 2415 1397 νεται,
2466 1323 2638 1392 ἄλλης
2699 1324 2956 1397 εὖτονίας,
2993 1322 3162 1390 ἄλλης
3211 1323 3396 1403 ἰσχύος
3439 1330 3531 1380 τοῦ
3575 1319 3876 1393 [Ινεύματος.

516 1433 765 1496 corpore
797 1417 879 1477 ita
911 1406 1024 1477 sibi
1058 1427 1420 1497 cooperante
1449 1419 1615 1480 dives
1647 1427 1758 1498 est,
1793 1427 1851 1480 et
1874 1419 1987 1478 hoc
2009 1417 2172 1476 inve-

2263 1420 2501 1471 Τοιοῦτον
2552 1412 2607 1470 δὲ
2663 1417 2724 1470 τὸ
2784 1419 3061 1493 συνεργοῦν
3131 1414 3167 1480 ἡ
3213 1411 3367 1491 ψυχὴ
3423 1406 3882 1474 καταπλουτήσασα

515 1505 604 1566 nit
625 1492 709 1567 ita
743 1505 1130 1568 constitutum
1164 1492 1228 1566 ut
1258 1507 1626 1586 corporalem
1661 1492 1903 1587 superet
1933 1504 2168 1566 exerci-

2263 1508 2436 1578 σῶμα,
2467 1504 2554 1559 καὶ
2603 1503 2733 1582 ὑπὲρ
2789 1503 2887 1568 τὴν
2943 1501 3257 1576 σωματικὴν
3300 1498 3588 1578 γυμνασίαν
3644 1492 3882 1571 εὑραμένη

517 1595 830 1664 tationem,
870 1604 1011 1656 tunc
1041 1595 1114 1656 ad
1147 1580 1489 1674 spirituales
1519 1596 1705 1657 luctas
1734 1580 2026 1656 convertit
2057 1613 2166 1654 na-

2263 1591 2350 1658 την
2424 1592 2608 1648 τούτου
2684 1591 3033 1670 κατάστασιν,
3108 1591 3182 1652 εἷς
3254 1588 3474 1656 νοητοὺς
3545 1585 3746 1662 ἀγῶνας
3797 1580 3884 1640 τὰς

518 1689 666 1744 tura
718 1691 936 1756 motus,
968 1690 1026 1743 et
1055 1670 1381 1762 spiritualia
1414 1702 1598 1762 opera
1627 1682 1890 1744 studiose
1917 1681 2162 1755 faciens,

2263 1681 2471 1759 ρυοικάς
2525 1678 2875 1756 μεταλλάττει
2920 1682 3180 1749 κινήσεις,
3231 1679 3322 1734 καὶ
3377 1677 3474 1744 τὴν
3517 1673 3692 1751 νοερὰν
3747 1670 3886 1748 ἐργα-

516 1769 944 1833 immortalium
981 1770 1275 1848 lignorum
1337 1761 1467 1832 sibi
1508 1781 1816 1833 etinservat
1849 1772 2073 1832 fructus
2109 1771 2166 1831 in

2263 1779 2367 1824 τίαν
2398 1769 2558 1835 ὀξέως
2617 1769 2966 1848 ἐργαζομένη,
3031 1766 3286 1849 φυλάσσει
3341 1766 3447 1823 τῶν
3502 1761 3763 1820 ἀθανάτων
3790 1777 3885 1836 φυ-

518 1862 811 1942 spirituali
870 1845 1167 1942 paradiso.
1226 1860 1396 1922 Unde
1455 1861 1682 1940 piarum
1738 1861 2161 1940 cogitationum

2263 1861 2351 1942 ἰῶν
2395 1859 2558 1935 ἑαυτῇ
2613 1845 2736 1923 τοῦς
2794 1845 3055 1937 καρποὺς,
3115 1857 3168 1913 ἐν
3224 1864 3300 1931 τῷ
3347 1861 3524 1928 νοητῷ
3586 1845 3885 1928 παραδείσῳ.

515 1951 654 2013 fons
684 1951 847 2014 ﬂuvii
879 1951 1065 2012 instar
1096 1959 1304 2026 scatet,
1341 1957 1400 2012 et
1443 1950 1546 2011 ubi
1577 1950 1756 2011 arbor
1777 1950 2041 2011 scientia
2062 1949 2168 2010 Dei

522 2043 759 2102 crescit.
797 2041 997 2102 ferens
1053 2039 1278 2101 fructus
1333 2039 1664 2118 sapientia,
1726 2039 1944 2119 gaudii,
1981 2039 2166 2119 pacis,

521 2128 926 2208 benignitatis,
944 2129 1223 2190 bonitatis
1241 2129 1726 2206 longanimitatis,
1753 2129 2172 2208 charitatisque

521 2218 863 2281 inelfabilis.
895 2217 992 2282 Sic
1024 2219 1344 2298 diligenter
1400 2237 1677 2298 operans,
1745 2228 1802 2280 et
1830 2220 1915 2280 sic
1948 2219 2174 2280 fructus

523 2327 898 2371 conservans.
936 2309 1053 2370 exit
1081 2327 1114 2369 a
1145 2327 1395 2388 corpore
1428 2317 1484 2369 et
1514 2307 1574 2368 in
1633 2308 1909 2388 mysteria
1941 2307 2173 2368 theolo-

521 2397 848 2478 giainlrat.
875 2398 1104 2462 Deinde
1125 2398 1198 2458 ab
1231 2398 1510 2459 omnibus
1541 2398 1866 2475 egreditur,
1910 2397 2011 2477 qui
2042 2414 2171 2457 eam

521 2487 673 2549 nihil
703 2487 1024 2549 visibillum
1057 2487 1417 2566 dominatur,
1449 2495 1506 2548 et
1531 2488 1656 2548 Deo
1687 2487 2025 2566 conjuncta,
2060 2485 2170 2547 de-

523 2577 666 2639 sinit
695 2595 730 2639 a
758 2576 1060 2639 desiderio
1089 2578 1202 2656 (al.
1231 2575 1446 2655 luctu).

2256 1931 2404 2008 υΟθεν
2433 1952 2467 2018 ἡ
2500 1951 2655 2029 πηγὴ
2708 1956 2815 2006 τῶν
2861 1954 3167 2030 θεοπρεπῶν
3213 1950 3496 2024 νοημάτων
3551 1943 3685 2000 κατὰ
3731 1958 3887 1995 ποτα-

2254 2041 2386 2114 μοὺς
2445 2037 2746 2115 ἀναϐλύζει,
2810 2042 2898 2096 καὶ
2955 2041 3010 2096 ἐν
3068 2044 3114 2114 ᾧ
3167 2040 3228 2096 τὸ
3273 2041 3434 2119 φυτὸν
3477 2039 3575 2101 τῆς
3628 2036 3717 2088 τοῦ
3768 2031 3888 2084 Θεοῦ

2255 2128 2502 2206 γνώσεως
2556 2128 2799 2203 ἵσταται,
2894 2130 3051 2209 φέρον
3123 2129 3308 2209 σοφίας
3381 2123 3638 2206 καρποὺς,
3705 2122 3888 2209 χαρᾶς»

2254 2219 2492 2296 εἰρήνης,
2585 2207 2983 2299 χρηστότητος,
3087 2207 3433 2297 ἀγαθωσύνης
3525 2207 3884 2299 μακροθυμίας,

2256 2307 2343 2362 καὶ
2398 2297 2625 2386 ἀγάπης-
2687 2307 2936 2386 ἀῤῥήτου.
3003 2307 3154 2366 Οὕτω
3209 2305 3263 2363 δὲ
3335 2303 3627 2366 σπουδαίως
3694 2297 3892 2386 ἐργαζοῖ

2258 2395 2414 2471 μένη,
2451 2398 2536 2453 καὶ
2579 2397 2716 2454 οὕτω
2749 2397 3104 2479 φυλάττουσα,
3144 2395 3373 2472 ἐκδημεϊ
3404 2403 3495 2452 τοῦ
3524 2392 3784 2466 σώματος,
3814 2382 3892 2438 καὶ

2257 2488 2331 2547 εἷς
2375 2487 2570 2567 γράφον
2628 2485 2844 2543 εἷσδᾴνει
2890 2486 3189 2566 γεολογίας.
3239 2483 3539 2551 Ἐξίσταται
3567 2487 3658 2536 τοῦ
3684 2473 3889 2549 παντὸς,

2256 2577 2330 2638 ὼς
2371 2575 2466 2632 ὑω’
2497 2574 2703 2640 οὐδενὸς
2735 2577 3023 2656 κρατουένη
3056 2583 3160 2634 τὼν
3207 2575 3520 2655 ὁρωμένων,
3551 2572 3638 2627 καὶ
3668 2570 3893 2656 Θεῷ

2163 2677 2170 2683 ’
2258 2668 2534 2745 ναφθεῖσα,
2583 2673 2690 2741 τῷν
2730 2665 2961 2744 ἱδρώτων
2991 2667 3214 2724 παύεται
3244 2667 3334 2722 καὶ
3360 2671 3460 2722 τοῦ
3490 2660 3650 2718 πόθου
3682 2653 3758 2734 [ἐν
3788 2645 3895 2704 ἀλλ’

603 2844 705 2909 40.
737 2845 880 2910 Utra
937 2864 1074 2925 pars
1129 2844 1341 2919 nostri,
1403 2845 1744 2908 sciscitatur
1790 2844 1961 2917 ratio,
2001 2843 2175 2906 nobis

521 2935 718 2997 virtuti
746 2936 1144 3008 studentibus,
1175 2935 1386 2995 melior
1417 2935 1556 2997 est?
1582 2953 1731 2995 eane
1764 2953 1896 3014 qua
1926 2931 2177 2995 visibilis

2258 2763 2350 2812 τοῦ
2377 2754 2624 2835 πένθους]
2637 2804 2649 2816 .

2341 2833 2421 2918 μ’.
2469 2846 2527 2901 Τί
2552 2828 2656 2902 τών
2710 2844 2764 2901 ἐν
2818 2847 2955 2921 ἡμῖν
3008 2843 3359 2925 ὑψηλότερον,
3427 2846 3455 2900 ὁ
3512 2839 3670 2916 λόγος
3725 2828 3891 2911 φησὶν»

2257 2934 2394 3006 ἡμῖν
2435 2946 2552 2997 τοῖς
2609 2933 2933 3010 σπουδαίοις,
2987 2937 3049 2990 τὸ
3093 2935 3363 3014 ὁρώμενον
3423 2934 3458 3000 ἢ
3489 2933 3548 2987 τὸ
3579 2926 3892 3014 νοούμενονς

524 3044 598 3118 an
624 3044 694 3088 ea
715 3045 846 3106 qua
869 3025 1262 3118 intelligtbilis
1283 3024 1418 3118 est?
1462 3023 1685 3118 Sipars
1714 3007 1990 3118 visibilis,
2026 3023 2173 3118 nihil

2264 3023 2320 3078 Εἰ
2392 3022 2481 3079 οὖν
2533 3025 2594 3080 τὸ
2665 3026 2954 3102 ὁρώμενον,
3016 3021 3162 3080 οὐδὲν
3215 3019 3314 3096 ἄρα
3382 3029 3494 3080 τῶν
3563 3007 3894 3118 φθειρομένμζῖ

528 3114 712 3195 igitur
732 3092 1117 3195 corruptibtle
1140 3134 1254 3175 non
1281 3092 1989 3193 eritnobisappetendum
2011 3132 2077 3174 ac
2095 3112 2175 3173 di-

2263 3109 2408 3168 ἔσται
2466 3115 2624 3192 ἡμῖν,
2685 3113 2720 3182 ἢ
2776 3113 3130 3193 προτιμητέον
3201 3114 3290 3169 καὶ
3345 3110 3718 3192 στεργόμενον,
3789 3092 3894 3152 οὖδέ

522 3205 855 3285 ligendum,
892 3224 1003 3266 nec
1028 3205 1141 3265 erit
1169 3202 1538 3282 prastantior
1567 3221 1818 3284 corpore
1849 3202 2069 3266 anima.
2115 3205 2175 3262 Si

522 3314 664 3356 vero
687 3314 794 3376 per
834 3293 1258 3374 intelligibilis:
1300 3319 1322 3347 α
1381 3290 1634 3372 Spiritus
1659 3304 1748 3354 est
1772 3291 1955 3367 Deus,
1988 3303 2048 3353 et
2077 3311 2178 3352 eos

525 3387 625 3468 qui
641 3387 889 3447 adorant
903 3405 1062 3460 eum,
1079 3387 1136 3447 in
1157 3385 1369 3465 spiritu
1385 3393 1441 3445 et
1460 3383 1703 3444 veritate
1720 3383 2179 3464 oportetadora—

526 3477 716 3549 re94;»
739 3477 996 3556 ideoque
1015 3475 1316 3554 superﬂua
1339 3483 1426 3534 est
1449 3473 1776 3552 corporalis
1799 3473 2174 3547 exercitatio,

525 3567 761 3647 quando
776 3567 924 3646 viget
941 3563 1589 3628 intellectualisanima
1608 3563 1896 3642 operatio,
1914 3581 2041 3642 qua
2057 3581 2179 3624 mo-

525 3657 642 3718 lem
678 3656 956 3716 deorsum
1016 3662 1359 3732 vergentem
1417 3652 1649 3726 allevat,
1710 3671 1960 3732 eamque
1994 3661 2176 3714 totam

524 3745 725 3807 reddit
745 3744 1113 3823 Spiritualem
1139 3761 1207 3803 ex
1231 3741 1454 3802 unione
1477 3760 1610 3801 cum
1627 3748 1834 3802 natura
1855 3741 2170 3821 superiori.

607 3835 706 3896 41.
742 3832 1020 3913 Triplicis
1069 3831 1306 3908 generis
1365 3829 1750 3890 ascensiones
1803 3831 1961 3891 viros
1991 3832 2050 3891 in
2083 3831 2176 3892 via

530 3923 768 3984 virtutis
799 3920 1250 4002 progredientes
1297 3917 1637 3998 perﬁciunt,
1697 3919 1926 3981 scilicet
1959 3937 2172 3999 purga-

529 4012 667 4082 tiva,
700 4011 1050 4082 illuminata,
1076 4017 1132 4068 et
1178 4007 1440 4088 myStica,
1491 4026 1622 4085 qua
1671 4016 1762 4068 est
1792 4008 2176 4087 perfectionis

529 4119 700 4181 apex.
730 4099 924 4160 Prima
959 4112 1049 4160 est
1078 4095 1507 4171 inchoantium,
1528 4097 1791 4157 secunda
1814 4097 2170 4177 mediorum,

531 4191 710 4251 tertia
742 4189 1163 4266 perfectorum.
1198 4184 1430 4245 Etenim
1482 4184 1567 4244 vir
1612 4185 1869 4263 diligens
1901 4194 2019 4246 tres
2047 4187 2178 4248 illas

531 4279 660 4340 vias
690 4277 1010 4339 ordinatim
1046 4291 1432 4356 percurrens,
1494 4273 1709 4334 crescit
1767 4274 1824 4334 in
1875 4284 2041 4335 atate
2089 4295 2180 4338 se-

2260 3201 2509 3279 κΡείττων
2550 3191 2645 3262 τόῦ
2688 3191 2931 3278 σώμὰτος
2973 3205 3007 3271 ἡ
3063 3203 3241 3282 ψυχή.
3303 3203 3361 3259 Εἰ
3415 3191 3472 3258 δὲ
3513 3199 3575 3256 τὸ
3604 3191 3892 3282 νοοῦμενογν

2269 3270 2306 3348 α’
2343 3297 2557 3368 Πνεῦμα
2588 3295 2615 3349 ὁ
2667 3270 2816 3372 Θεὸς,
2872 3293 2960 3349 καὶ
3014 3270 3605 3370 τοῦς¹1προσκυνοῦντας
3659 3279 3809 3372 αὖτδῘ
3847 3270 3894 3326 ἐν

2260 3363 2518 3456 πνεύματι
2569 3382 2655 3438 καὶ
2710 3363 2930 3453 ἀληθείᾳ
2987 3378 3070 3438 δεῖ
3122 3363 3468 3458 προσκυνεῖν.
3523 3401 3552 3433 ι
3605 3371 3700 3431 Καὶ
3748 3363 3892 3458 οὕτω,

2259 3448 2503 3550 περιττὸν
2573 3473 2608 3540 ἡ
2667 3448 2950 3546 σωματικὴ
3007 3448 3290 3548 γυμνασία,
3351 3470 3552 3528 ὁπόταν
3609 3459 3816 3550 ἕῤῥωῖαι
3867 3448 3897 3514 ἦ

2261 3544 2417 3640 νοέρᾶ
2443 3562 2540 3627 τὴς
2570 3544 2758 3642 ψυχῆς
2776 3560 2992 3641 ἐργασία
3023 3544 3040 3593 λ
3079 3544 3161 3616 τὸ
3217 3559 3397 3639 βρῖθον
3428 3558 3576 3616 κάτω
3602 3544 3899 3642 κουφίζοξδσα

2263 3653 2350 3707 καὶ
2391 3652 2453 3706 τὸ
2497 3649 2620 3707 ὅλον
2648 3630 2824 3708 ’ἀὺτοῦ
2849 3630 3202 3729 ’ἐργαζομένη
3231 3649 3615 3725 πνευματικὸν,
3649 3640 3702 3696 ἐν
3729 3630 3897 3692 ἐνώσει

2258 3748 2351 3797 τοῦ
2377 3741 2695 3818 κρείττονος.

2344 3817 2462 3902 μοί.
2498 3838 2654 3907 Τρεῖς
2684 3832 2782 3886 εἰσι
2813 3829 2982 3895 τάξεις
3013 3829 3067 3885 ἐν
3094 3843 3213 3893 τοῖς
3242 3828 3586 3905 ποιουμένοις
3610 3821 3701 3882 τὰς
3722 3827 3900 3911 προκςν

2258 3919 2362 3979 πὰς
2393 3921 2497 3974 τῶν
2529 3918 2869 3976 τελειοποιεῦν
2894 3917 3224 3996 ἀναϐάσεων,
3249 3917 3572 3998 καθαρτικὴ,
3599 3919 3903 4002 φωτιστικῖὶ.

2258 4008 2511 4082 μυστικὴ,
2543 4006 2580 4074 “ii
2610 4009 2719 4065 ἐστι
2749 4012 2837 4069 καὶ
2863 4008 3212 4074 τελειοποιός.
3272 3997 3396 4066 Kal,
3427 4011 3472 4077 ἡ
3527 4004 3624 4082 μὲν
3677 3997 3782 4054 ἔστι
3811 3997 3907 4091 τῶγ

2259 4098 2642 4174 εἰσαγωγικῶν,
2675 4100 2709 4165 ἡ
2740 4095 2795 4152 δέ
2840 4104 2945 4154 τῶν
2990 4097 3194 4173 μέσων,
3229 4100 3262 4166 ἡ
3306 4095 3362 4152 δὲ
3392 4103 3508 4153 τῶν
3534 4088 3766 4150 τελείων.
3816 4086 3906 4132 Διά

2259 4188 2358 4263 γὰρ
2389 4188 2494 4240 τῶν
2523 4189 2679 4265 τριῶν
2712 4191 2911 4243 τούτων
2939 4189 3075 4244 κατὰ
3104 4187 3249 4253 τάξιν
3298 4187 3663 4267 ἀνερχόμενος
3693 4177 3720 4232 ὃ
3749 4184 3905 4267 Τίτου·

2257 4272 2432 4345 δαῖος,
2467 4273 2739 4339 αὖξάνεται
2769 4276 2867 4343 τὴν
2895 4277 3031 4333 κατά
3077 4279 3300 4356 Χριστὸν
3329 4275 3568 4348 ἠλικίαν,
3600 4268 3688 4326 καὶ
3715 4259 3901 4338 γίνεται

532 4371 799 4431 cundum
835 4351 1154 4443 Christum,
1193 4372 1249 4424 et
1298 4386 1325 4418 α
1374 4363 1634 4424 occurrit
1661 4363 1723 4422 in
1751 4363 1941 4424 virum
1976 4366 2175 4443 perfe-

2268 4384 2290 4418 (ι
2328 4364 2400 4424 εἷς
2431 4361 2587 4442 ἄνδρα
2616 4363 2840 4439 τέλειον,
2875 4366 2948 4429 εἰς
2979 4351 3170 4445 μέτρον
3200 4365 3411 4434 ἡλικίας
3434 4370 3531 4422 τοῦ
3559 4351 3906 4433 πληρώματος

533 4465 714 4525 ctum.
745 4459 803 4517 in
829 4473 1166 4516 mensuram
1190 4451 1377 4514 atatis
1396 4452 1782 4532 plenitudinis
1808 4451 2023 4514 Christi
2043 4454 2126 4517 95.
2158 4481 2184 4512 η

614 4546 715 4608 42.
756 4545 866 4608 Via
900 4544 1197 4626 purgativa
1229 4549 1320 4604 est
1350 4561 1554 4602 eorum
1591 4541 1971 4622 quiagnones
1989 4563 2192 4608 sacros

537 4655 730 4716 nuper
757 4636 1128 4697 adoriuntur.
1161 4631 1474 4712 Proprium
1507 4633 1683 4711 hujus
1707 4642 1817 4706 est,
1851 4632 2191 4714 desponere

537 4728 785 4806 ﬁguram
808 4725 1063 4787 carnalis
1085 4723 1370 4795 hominis,
1393 4725 1680 4782 mundare
1729 4719 1802 4783 ab
1854 4725 2014 4784 omni
2048 4724 2187 4785 vitio

535 4817 754 4897 carnis,
790 4824 850 4878 et
873 4814 1125 4875 induere
1150 4830 1364 4873 novum
1393 4809 1701 4873 hominem
1734 4829 1768 4870 a
1798 4808 2022 4889 Spiritu
2045 4833 2186 4874 san-

536 4913 630 4966 cto
661 4911 1029 4966 renovatum.
1063 4901 1254 4982 Opera
1287 4918 1430 4961 vero
1493 4899 1763 4977 ejusdem
1814 4911 1949 4961 sunt
1980 4903 2178 4963 odium

537 4995 824 5069 materia,
861 4992 1184 5054 maceratio
1216 4989 1435 5068 carnis,
1455 4988 1604 5066 .fuga
1633 4989 1829 5049 omnis
1858 4993 2186 5054 occasionis

539 5103 673 5166 qua
701 5084 991 5145 rationem
1024 5082 1096 5143 ad
1149 5078 1542 5166 cupiditatem
1565 5076 1802 5152 excitet,
1839 5080 2188 5158 panitentia

541 5164 615 5236 de
636 5173 842 5245 factis;
878 5174 1126 5252 insuper
1157 5166 1427 5248 lacrymis
1456 5164 1700 5226 abluere
1730 5167 2186 5232 amaritudinem

544 5262 793 5342 peccati,
823 5279 1023 5322 mores
1053 5258 1427 5322 conformare
1457 5253 1706 5316 bonitati
1737 5255 1999 5339 spiritus,
2028 5260 2185 5340 quod

541 5351 704 5414 intus
726 5359 815 5412 est
835 5350 1061 5425 calicis,
1082 5349 1140 5410 id
1166 5355 1275 5426 est,
1304 5354 1563 5405 mentem
1598 5346 1886 5407 mundare
1917 5346 1990 5407 ab
2022 5349 2185 5410 omni

539 5438 675 5502 labe
706 5439 902 5502 carnis
933 5447 991 5500 et
1037 5439 1301 5520 Spiritus,
1363 5432 1624 5514 indeque
1679 5436 1740 5496 in
1770 5433 1915 5496 illud
1947 5436 2184 5502 mittere

2271 4461 2364 4510 τοῦ
2396 4459 2642 4530 Χριστοῦ,
2680 4473 2710 4512 ι
3858 4521 3869 4536 ε

2353 4535 2469 4618 μβ’.
2535 4534 2596 4598 Ἠ
2647 4544 2961 4625 καθαρτικὴ,
3017 4549 3123 4601 τῶν
3180 4543 3282 4612 ἤδη
3325 4547 3456 4624 πρὸς
3502 4540 3714 4625 ἀγῶνας
3755 4532 3908 4625 ἱεροὺς

2272 4632 2628 4711 εἰσαγομένων
2661 4620 2792 4692 ἐστίξ
2844 4620 2956 4693 Καὶ⁷
2998 4633 3134 4691 ἴδιον
3178 4636 3276 4710 μὲν
3334 4620 3524 4714 αῦτῆς,
3556 4620 3622 4696 γῆ
3669 4620 3906 4714 ﬁtmew“

2270 4723 2366 4788 τῆς
2426 4725 2657 4804 μορφῆς,
2710 4733 2804 4782 τοῦ
2859 4724 3066 4804 χοϊκοό
3111 4724 3384 4804 ἀνθρώπου
3443 4727 3479 4793 ἡ
3509 4711 3518 4714 ⁷
3553 4711 3908 4799 ἀπολύτρωσιξ

2268 4813 2444 4880 πάσης
2488 4813 2750 4893 προσύλου
2790 4814 3001 4889 κακίας,
3047 4816 3134 4871 καὶ
3190 4817 3224 4882 ἡ
3287 4815 3542 4895 ἀμφίασις
3595 4809 3690 4863 τοῦ
3741 4808 3911 4902 fati-'0”

2266 4901 2537 4980 ἀνθρώπου
2584 4910 2675 4960 τοῦ
2731 4901 2815 4958 διὰ
2868 4905 3173 4979 Πνεύματος
3218 4897 3689 4978 ἀνακαινιζομένου
3743 4887 3905 4980 ἀΥίῩ⁹“

2268 4968 2454 5070 ’Ἱερλῖον
2487 4989 2565 5065 δὲ,
2598 4995 2660 5048 τὸ
2711 5006 2872 5068 μῖσος
2914 4968 3015 5059 τῆξ
3067 4991 3222 5072 ὕλης,
3283 4995 3317 5060 ἦ
3350 4992 3498 5060 τῆξις
3528 4968 3653 5052 ’τῆς
3701 4968 3909 5072 61.9%?"

2266 5082 2301 5148 ἡ
2331 5055 2474 5159 τρυγὴ
2504 5055 2681 5148 πάσης
2711 5055 2879 5146 αἰτίας
2939 5055 3270 5161 ἐρεθιζούσκης
3328 5085 3459 5162 πρὸς
3519 5078 3684 5137 πάθος
3725 5065 3784 5162 τὸ
3825 5055 3916 5162 λοῖ

2269 5170 2566 5247 γιζόμενον,
2642 5173 2677 5238 ἡ
2734 5170 2818 5226 ἐπὶ
2891 5185 3013 5234 τοῖς
3074 5171 3470 5252 πεπραγμένοις
3530 5153 3853 5252 μεταμέλὲια
3899 5156 3912 5170 ο

2268 5262 2398 5338 πρὸς
2456 5257 2510 5314 δὲ
2562 5261 2622 5316 τὸ
2677 5274 2794 5324 τοῖς
2847 5258 3091 5340 δάκρυσιν
3146 5239 3543 5318 ἀποκλύσασθαι
3587 5253 3706 5340 τὴν,
3743 5239 3913 5340 inim?

2269 5325 2368 5415 ei}:
2413 5351 2668 5428 ἁμαρτίας
2700 5365 2713 5378 ·
2767 5351 2828 5405 τὸ
2883 5325 2958 5405 τὰ.
3005 5349 3108 5417 ἤθη
3166 5357 3234 5427 τῇ
3293 5325 3912 5432 χρηστότητι-,ῥυθμίσῗ

2327 5409 2363 5415 ”
2448 5409 2458 5424 ⁵
2527 5409 2536 5428 ι
2654 5409 2667 5414 '
3029 5409 3039 5417 '
3097 5409 3108 5417 '
3212 5409 3234 5427 ι·
3297 5409 3349 5432 ’νει
3393 5409 3405 5418 -
3564 5409 3574 5412 -
3642 5409 3694 5448 ’,-
3861 5409 3887 5464 ὸ

2267 5444 2359 5496 τοῦ
2389 5439 2710 5516 πνεύματος,
2743 5439 2830 5495 καὶ
2883 5441 2944 5495 τὸ
3001 5437 3145 5505 ἐντὸς
3193 5447 3286 5497 τοῦ
3326 5439 3605 5520 ποτηρίου,
3640 5440 3802 5503 ηγουν
3829 5431 3859 5466 τ
3890 5427 3914 5458 ν

623 5615 768 5680 9311
799 5615 936 5680 Cor.
971 5633 1076 5701 xu,
1107 5617 1164 5678 4.
1251 5617 1317 5668 94
1343 5613 1513 5678 Joan.
1549 5629 1630 5690 tv,
1662 5612 1764 5676 24.
1847 5613 1912 5664 95
1939 5613 2160 5700 Ephes.
2194 5635 2274 5699 tv,
2309 5617 2402 5679 t3.
