4126 6380
262 364 386 459 ετε
1231 399 1727 467 GNOSICORUM
1768 395 2105 466 CAPITUM
2150 360 2546 466 an'rnnnt
2586 403 2677 466 III

3532 406 3653 476 974

260 539 405 608 νοῦν,
488 531 573 590 διὰ
636 532 962 601 κατανύξεως
1035 535 1316 617 ἐκκαθᾶραι
1386 539 1585 602 παντὸς
1639 536 1913 613 μολυσμοῦ

2004 530 2197 627 vinum
2221 533 2419 627 verbi,_
2443 535 2603 617 quod
2654 534 2914 627 latiticat
2961 555 3067 602 cor
3109 538 3371 603 hominis
3393 540 3460 593 90
3488 543 3646 627 puri,

257 622 457 702 σαρκός
494 645 553 679 τε
607 624 696 681 καὶ
754 626 1078 701 πνεύματος,
1137 627 1227 683 καὶ
1269 624 1407 683 οὕτω
1464 628 1555 685 τὸν
1612 627 1767 685 οἶνον
1819 630 1911 681 τοῦ

2004 627 2057 684 et
2087 620 2245 714 ferre
2274 622 2553 714 spiritum
2583 623 2708 714 regi
2742 626 2817 687 ad
2846 627 3208 707 gustandum
3242 647 3258 706 ;
3290 648 3361 692 ac
3390 620 3652 714 denique

256 710 423 789 λόγου
492 711 680 789 βαλεῖν
751 714 805 770 ἐν
876 722 1040 790 αυτῷ,
1125 721 1218 772 τοῦ
1276 717 1640 797 εὖφραίνοντος
1698 712 1908 794 καρδίαν

2004 708 2297 789 puriﬁcari
2343 712 2481 793 igne
2512 713 2789 796 practica
2832 716 3054 781 ascesis
3084 724 3142 779 et
3172 717 3475 782 laboribus
3503 708 3650 802 ago-

256 803 534 882 ἀνθρώπου
591 803 995 885 καθαιρομένου,
1054 807 1142 861 καὶ
1198 818 1565 886 προσαγαγεῖν
1620 812 1697 875 τῷ
1750 805 1910 882 βασι·

256 888 350 948 λετ
393 894 498 948 τεῦν
554 894 869 969 πνευμάτων
925 896 999 958 εἷς
1055 905 1234 973 γεῦσιν
1266 911 1282 927 ·
1334 894 1486 960 τέλος
1529 895 1608 972 δὲ,
1640 897 1700 953 τὸ
1730 914 1914 973 πυρω-

254 982 417 1047 θῆναι
463 981 781 1061 ἐμπράκτως
833 990 912 1058 τῷ
968 985 1089 1063 πυρὶ
1144 988 1243 1051 τῆς
1292 984 1595 1057 ἀσκήσεως,
1655 985 1743 1040 καὶ
1796 994 1915 1044 τοῖς

255 1069 447 1134 πόνοις
494 1074 608 1127 ’τῶν
677 1072 923 1154 ἀγώνων,
969 1073 1143 1131 πάντα
1200 1075 1278 1130 ἰὸν
1321 1074 1696 1131 ἀποσείσασθαι
1747 1074 1917 1149 ἁμαρ-

251 1157 396 1232 τίας,
456 1162 799 1236 στομωθῆναί
856 1182 913 1218 τε
970 1159 1173 1241 καλῶς,
1251 1162 1340 1218 καὶ
1395 1163 1627 1242 βαφῆναι
1683 1166 1761 1235 τῷ
1816 1162 1916 1225 τῆς

250 1247 584 1315 κατανύξεως
632 1248 779 1306 ὕδατι
823 1267 837 1280 '
899 1253 980 1309 κοὶ
1033 1249 1183 1331 ξῖιρος
1240 1250 1657 1331 ἀποτελεσθῆναι
1725 1248 1914 1325 τομὸν,

254 1338 398 1393 κατά
427 1340 610 1394 παθῶν
648 1341 737 1396 καὶ
794 1337 1085 1420 δαιμόνων,
1132 1341 1206 1403 εἰς
1250 1338 1490 1416 δύναμιν.
1555 1329 1615 1398 Ὀ
1660 1340 1733 1402 εἷς
1765 1344 1918 1393 τοῦτο

250 1426 461 1507 φθάσας
529 1425 614 1484 διὰ
667 1427 883 1487 πολλῶν
940 1429 1163 1509 ἀγώνων
1222 1428 1522 1504 ἀσκήσεως,
1584 1425 1766 1486 ἔσϐεσε
1822 1424 1915 1483 δύ-

247 1537 415 1591 ναμιν
473 1516 703 1598 ἐμφύτου
784 1520 946 1600 πυρός
979 1538 994 1555 '
1085 1515 1270 1598 ἔφραξε
1354 1519 1600 1594 στόματα
1656 1516 1912 1589 λεόντων,

244 1603 452 1684 ἀγρίων
544 1610 724 1665 παθῶν
757 1628 773 1644 ο
857 1606 1225 1685 ἐνεδυναμώθη
1309 1614 1386 1683 τῷ
1460 1609 1718 1685 πνεύματι
1808 1606 1915 1662 ἀπὸ

242 1693 519 1762 ἀσθενείας
555 1713 571 1727 ⁶
616 1697 826 1777 ἐγένετο
858 1699 1075 1780 ἰσχυρός
1109 1716 1124 1732 ·
1172 1698 1262 1754 καὶ
1318 1699 1391 1761 ὡς
1451 1695 1610 1764 ἄλλος
1651 1719 1733 1761 τις
1763 1696 1916 1755 Abel.

242 1806 351 1851 της
403 1785 657 1865 τρόπαιον
697 1790 972 1864 ὑπομονῆς
1043 1787 1236 1855 ἔστησε
1292 1788 1514 1858 νικήσας
1573 1789 1664 1844 τὸν
1721 1785 1913 1864 πειρά-

247 1879 439 1945 ζοντα.

335 1954 457 2044 μγ’.
495 1957 557 2024 Ἠ
585 1966 910 2047 φωτιστικὴ,
949 1968 1054 2025 τῶν
1108 1967 1160 2034 ἐξ
1221 1967 1375 2048 ἱερῶν
1433 1966 1654 2046 ἀγώνων
1710 1986 1913 2045 προκο-

245 2054 470 2128 ψάντων
525 2054 664 2112 ἐστὶν
720 2058 793 2121 εἷς
856 2056 1076 2135 πρώτην
1138 2056 1420 2116 ἀπάθειαν.
1468 2057 1568 2115 Καὶ
1624 2053 1759 2112 ἴδιον
1816 2055 1915 2131 μὲν

247 2144 444 2224 αὐτῆς,
479 2146 514 2213 ἡ
546 2151 740 2224 γνῶσις
764 2147 871 2203 τῶν
915 2142 1115 2226 ὄντων,
1146 2147 1181 2214 ἡ
1208 2147 1397 2226 θεωρία
1452 2151 1556 2203 τῶν
1597 2145 1771 2223 Λόγων
1813 2148 1912 2207 τῆς

242 2233 502 2315 κτίσεως,
587 2237 675 2292 καὶ
741 2237 777 2304 ἡ
835 2236 1089 2312 μετουσία
1171 2242 1264 2292 τοῦ
1332 2235 1481 2314 ἀγίου
1553 2235 1855 2310 Πνεύματος
1891 2259 1909 2276 ο

244 2319 406 2401 ἔργον
436 2321 516 2393 δὲ,
558 2325 593 2393 ἡ
639 2326 888 2405 κάζαρσις
920 2335 1013 2385 106
1059 2327 1202 2397 νοὸς,
1267 2325 1302 2392 ἡ
1333 2323 1417 2381 διὰ
1445 2332 1537 2382 τοῦ
1566 2325 1726 2402 πυρὸς
1758 2346 1911 2402 γινο-

251 2412 392 2487 μένη
424 2420 519 2470 τοῦ
545 2416 706 2495 θείου,
734 2416 770 2484 ἡ
829 2418 934 2470 τχῦν
993 2412 1279 2493 ὀφθαλμῶν
1333 2417 1432 2482 τῆς
1487 2411 1701 2491 καρδίας
1760 2414 1914 2492 νοερὰ

249 2500 615 2579 ἀποκάλυψις,
641 2506 730 2561 καὶ
758 2506 794 2573 ἡ
847 2514 939 2562 106
998 2501 1160 2582 λόγου
1209 2502 1457 2581 γέννησις
1518 2500 1633 2579 μεθ’
1694 2501 1922 2578 ὑψηλῶν

236 2597 352 2647 τῶν
397 2595 683 2670 νοημάτων
717 2600 816 2662 τῆς
875 2593 1144 2673 γνώσεως,
1192 2591 1344 2658 τέλος
1400 2590 1479 2663 δὲ,
1541 2595 1570 2649 ὁ
1620 2589 1921 2673 διατρανῶν

240 2678 412 2759 λόγος
471 2688 572 2750 τῆς
643 2685 827 2763 σοφίας
891 2672 984 2748 τὰς
1055 2683 1234 2761 φύσεις
1279 2688 1383 2738 τῶν
1428 2679 1619 2740 ὄντων.
1687 2672 1749 2738 Ἠ
1794 2681 1917 2737 ἐπί-

242 2793 451 2849 γνωσις
509 2779 617 2829 τῶν
658 2774 808 2830 θείων
866 2774 953 2829 καὶ
1005 2771 1344 2851 ἀνθρωπίνων
1413 2770 1771 2851 πραγμάτων,
1830 2771 1921 2827 καὶ

242 2863 280 2929 ἡ
339 2861 677 2938 ἀποκάλυψις
733 2869 840 2919 τῶν
869 2861 1170 2939 μυστηρίων
1202 2864 1300 2929 τῆς
1328 2858 1601 2937 βασιλείας
1627 2862 1732 2916 τῶν
1766 2860 1919 2937 οὖρα-

246 2956 378 3013 νῶν.
416 2942 474 3009 Ὀ
508 2953 581 3015 εἰς
610 2959 767 3010 τοῦτο
795 2952 995 3034 φθάσας
1025 2947 1110 3006 διὰ
1139 2956 1323 3029 νοερᾶς
1371 2959 1465 3008 τοῦ
1493 2949 1613 3013 νοὸς
1644 2947 1912 3026 ἐργασίας,

246 3039 399 3119 ἅρμα
436 3043 597 3121 πυρὸς
629 3017 914 3122 ἐποχεὲται
946 3045 1013 3117 τῇ
1041 3039 1320 3118 τετρακτύϊ
1348 3043 1453 3094 τῶν
1483 3037 1707 3118 ἀρετῶν,
1755 3039 1827 3101 ὼς
1860 3045 1913 3102 ε’ί
1937 3017 1977 3069 C

246 3150 329 3194 τις
363 3127 526 3194 ἄλλος
560 3127 838 3203 Θεσὸίτης,
888 3131 979 3186 καὶ
1021 3126 1097 3184 ἔτι
1152 3134 1258 3198 ζῶν
1314 3128 1385 3192 είς
1429 3126 1558 3205 ἀέρα
1607 3128 1697 3183 τὸν
1725 3128 1917 3193 νοητὸν

250 3218 494 3300 αἴρεται,
523 3220 612 3277 καὶ
640 3218 923 3300 περιπολεῖ
978 3218 1044 3274 τὰ
1098 3216 1332 3295 οὗράνια,
1394 3215 1639 3295 ὑπεράνω
1679 3220 1776 3283 τῆς
1821 3225 1916 3275 τοῦ

242 3309 500 3384 σώματος
540 3310 773 3389 γεγονὼς
814 3307 1216 3371 ταπεινώσεως.

325 3389 440 3474 μδ’,
485 3390 546 3456 Ἠ
600 3399 831 3475 μυστικὴ
874 3399 962 3455 καὶ
1017 3394 1347 3457 τελειοποιὸς
1410 3391 1578 3466 τάξις,
1636 3398 1742 3451 τῶν
1802 3391 1906 3461 ἤδη

240 3490 423 3546 πάντα
490 3486 880 3569 διαδραμόντων
952 3487 1062 3544 ἐστὶ
1129 3486 1220 3542 καὶ
1289 3484 1362 3547 εἰς
1429 3483 1620 3562 μέτρον
1691 3481 1905 3550 ἡλικίας

243 3578 503 3637 ἐλθόντων
533 3586 625 3636 τοῦ
654 3586 902 3651 Χριστοῦ.
965 3578 1063 3636 Καὶ
1122 3573 1261 3632 ἴδιον
1321 3571 1417 3649 μὲν
1476 3574 1659 3635 αὐτοῖς
1691 3574 1753 3629 τὸ
1782 3570 1905 3629 δια-

241 3681 436 3745 τεμεῖν
478 3670 567 3726 τὸν
599 3667 751 3747 ἀέρα,
801 3669 888 3724 καὶ
940 3673 1032 3723 τοῦ
1088 3666 1286 3727 παντὸς
1316 3661 1638 3741 ὑπερκύψαι,
1685 3663 1745 3718 τὸ
1789 3672 1910 3743 περὶ

240 3761 339 3822 τὰς
385 3754 495 3815 ἀνω
522 3756 691 3823 τάξεις
720 3756 957 3836 γενέσθαι
986 3761 1093 3812 τῶν
1126 3757 1386 3832 οὒρανῶν,
1445 3753 1532 3808 καὶ
1584 3758 1662 3826 τῷ
1708 3751 1905 3831 πρώτῳ

1998 817 2165 873 num,
2198 820 2377 864 omne
2403 820 2700 867 venenum
2731 808 2962 886 peccati
2993 806 3272 888 rejicere,
3306 808 3463 873 bene
3493 818 3653 874 tem-

1999 888 2195 969 perari
2221 898 2280 951 et
2306 892 2597 954 macereri
2613 896 3089 974 compunctionis
3111 915 3282 978 aqua,
3312 906 3370 960 et
3390 899 3651 980 gladium

1997 977 2209 1040 conﬁci
2231 989 2425 1041 autem
2455 1000 2571 1062 quo
2613 982 2896 1047 adversus
2937 977 3296 1066 cupiditates
3331 977 3651 1052 ac'damo-

1997 1084 2107 1128 nes
2135 1067 2368 1160 fortiter
2410 1069 2748 1135 dimicetur.
2779 1071 2891 1146 Qui
2924 1075 3041 1137 huc
3080 1076 3355 1157 pervenit
3384 1096 3491 1160 per
3507 1080 3653 1143 mul-

1999 1163 2091 1216 tos
2108 1157 2333 1219 ascesis
2355 1177 2598 1237 agones,
2626 1162 2908 1224 exstinxit
2931 1164 3220 1245 impetum
3257 1157 3413 1247 ignis
3438 1167 3649 1245 innati,

2001 1243 2294 1309 obturavit
2318 1266 2420 1338 ora
2440 1248 2720 1338 leonum,
2754 1249 2816 1312 id
2848 1260 2960 1326 est,
2994 1243 3318 1333 agrestium
3349 1243 3651 1338 cupiditaé

2001 1341 2150 1415 tum,
2183 1336 2478 1399 convaluit
2507 1338 2724 1418 spiritu
2753 1339 2829 1402 de
2860 1342 3231 1420 inﬁrmitate,
3263 1336 3442 1406 fortis
3463 1345 3653 1409 factus

1999 1431 2111 1499 est,
2154 1432 2231 1513 et
2273 1426 2433 1489 velut
2487 1426 2640 1488 alter
2690 1427 2930 1494 Ausites
2976 1437 3266 1513 tropaum
3297 1434 3651 1500 constantia

1996 1511 2194 1593 posuit
2231 1519 2539 1578 tentatoris
2570 1515 2780 1579 victor.

2081 1958 2185 2022 43.
2224 1958 2336 2022 Via
2368 1959 2701 2025 illuminata
2739 1969 2831 2025 est
2859 1981 3067 2027 eorum
3098 1965 3201 2047 qui
3230 1983 3266 2028 e
3291 1968 3479 2032 sacris
3505 1989 3650 2052 ago-

1998 2045 2288 2137 nibusin
2348 2049 2599 2131 primam
2661 2053 3041 2132 profecerunt
3086 2045 3652 2137 impassibilitatem.

1996 2136 2311 2217 Proprium
2341 2139 2471 2219 ejus
2501 2139 2753 2202 scientia
2797 2160 3027 2217 rerum,
3091 2147 3517 2228 contemplatio
3548 2168 3652 2213 ra-

1996 2225 2226 2288 tionum
2256 2227 2599 2305 creationis,
2635 2236 2695 2291 et
2724 2231 3185 2293 communicatio
3218 2225 3409 2297 sancti
3458 2234 3656 2319 Spiri-

1998 2321 2091 2409 t‘us
2118 2336 2135 2392 ;
2165 2334 2348 2409 opera
2377 2334 2516 2409 vero
2546 2318 2880 2409 puriﬁcatio
2907 2319 3250 2409 intellectus
3278 2323 3479 2386 divino
3506 2318 3655 2409 igne

2003 2402 2176 2480 facta,
2212 2404 2872 2485 spiritualiscculorum
2907 2408 3106 2470 cordis
3134 2411 3443 2491 revelatio,
3474 2402 3654 2493 gene-

2003 2495 2152 2557 ratio
2171 2496 2336 2558 verbi
2358 2516 2491 2558 cum
2515 2498 2770 2561 excelsis
2790 2498 3055 2561 scientia
3074 2500 3557 2588 cogitationibus,
3583 2525 3655 2571 ac

2005 2585 2265 2667 denique
2287 2605 2483 2648 sermo
2497 2587 2803 2668 sapientia
2822 2588 3084 2651 rationes
3108 2608 3309 2652 rerum
3325 2585 3651 2674 explicans,

2005 2676 2256 2736 scientia
2282 2676 2614 2738 divinarum
2656 2678 3172 2758 humanarumque
3199 2698 3426 2756 rerum,
3460 2694 3520 2745 et
3546 2703 3653 2748 re-

2003 2764 2215 2826 velatio
2248 2767 2670 2846 mysteriorum
2698 2767 3190 2843 regnicalorum.
3218 2766 3325 2832 Cui
3356 2771 3471 2834 huc
3504 2792 3645 2854 per-

2003 2853 2160 2914 venit
2191 2872 2299 2935 per
2328 2854 2694 2934 spiritualem
2728 2856 2945 2918 mentis
2997 2856 3430 2942 operationem,
3481 2853 3654 2943 quasi

2002 2961 2210 3003 currus
2240 2943 2452 3020 igneus
2507 2944 2744 3005 veiiitur
2797 2945 3101 3025 quadrigis
3156 2946 3457 3025 virtutum,
3492 2951 3655 3017 velut

2005 3032 2156 3092 alter
2181 3032 2496 3095 Tltesbiles
2525 3030 2703 3109 Elias,
2741 3041 2799 3094 et
2827 3033 3022 3095 adhuc
3050 3037 3252 3098 vivens
3281 3038 3339 3098 in
3366 3039 3651 3118 spiritua-

2002 3122 2091 3183 les
2120 3140 2295 3182 auras
2324 3122 2531 3203 fertur,
2567 3130 2627 3183 et
2655 3122 2839 3185 calos
2858 3124 3198 3205 perlustrat,
3221 3129 3502 3208 superior
3520 3149 3654 3193 cor-

1997 3209 2163 3291 poris
2192 3210 2413 3273 vilitate
2444 3213 2655 3274 factus.

2070 3388 2174 3452 44.
2206 3386 2314 3451 Via
2363 3387 2635 3470 mystica,
2689 3407 2821 3470 qua
2876 3397 2965 3452 est
3022 3391 3406 3471 perfectionis
3463 3413 3641 3477 apex,

1991 3496 2198 3540 eorum
2230 3491 2322 3540 est
2351 3479 2451 3559 qui
2478 3479 2603 3558 jam
2639 3487 3034 3541 occurrerunt
3063 3490 3124 3542 et
3154 3498 3558 3562 pervenerunt
3579 3489 3645 3551 in

1991 3586 2330 3630 mensuram
2353 3568 2541 3628 atatis
2567 3566 2809 3631 Christi.
2834 3567 3148 3648 Proprium
3170 3571 3321 3651 ipsis
3339 3581 3644 3643 estaeretn

1991 3675 2220 3731 secare,
2254 3655 2455 3719 omnia
2483 3674 2823 3735 superasse,
2856 3656 3118 3719 calitum
3153 3658 3491 3738 legionibus
3524 3665 3640 3727 mi-

1992 3748 2167 3818 sceri,
2229 3747 2419 3826 primo
2477 3744 2688 3806 lumini
2747 3747 3173 3829 propinquare,
3230 3758 3289 3812 et
3353 3754 3648 3832 profunda

242 3848 380 3928 ιρωτὶ
410 3832 744 3921 πλησιάσαι,
772 3847 861 3902 καὶ
890 3847 954 3903 τὰ
982 3844 1118 3920 βάθη
1148 3849 1242 3899 τοῦ
1297 3847 1431 3898 Θεοῦ
1490 3840 1766 3918 ἐρευνῆσαι
1822 3838 1907 3896 διὰ

2004 3835 2096 3896 Dei
2118 3833 2327 3914 spiritu
2352 3834 2626 3895 scrutari.
2652 3832 2814 3915 Opus
2832 3853 2971 3896 vero
2997 3836 3060 3896 in
3082 3839 3457 3928 eo_consistit
3486 3843 3645 3923 quod

285 3896 380 3905 ---
418 3896 702 3914 --νιυ-νπ-
775 3896 860 3902 ν-η-
902 3896 1118 3920 -—
1310 3896 1325 3898 -
1384 3896 1391 3897 κ
1519 3896 1535 3918 ,κ
1586 3896 1600 3898 -
1663 3896 1674 3906 .

241 3896 545 4013 πνεύματος
579 3952 594 3967 ’
629 3896 781 4015 ἔργον
826 3932 904 4006 δὲ,
966 3935 1026 3989 τὸ
1077 3931 1358 4011 πληρῶσαι
1400 3931 1491 3987 τὸν
1557 3931 1750 3997 θεατὴν
1801 3936 1904 3987 τῶν

2004 3926 2078 3987 illi
2108 3896 2636 4003 contemplativam]
2664 3896 2922 3986 trientem
2960 3943 3126 4025 suam
3160 3924 3415 4008 implere
3445 3896 3646 3994 verbis

242 4011 501 4083 τοιούτων
557 4011 712 4099 νοῦν,
762 4024 867 4081 τῶν
902 4024 1021 4103 περὶ
1078 4021 1324 4101 προνοίας
1381 4018 1586 4100 λόγων,
1641 4020 1746 4077 τῶν
1789 4021 1908 4099 περὶ

2004 4014 2067 4076 ie
2099 4011 2488 4094 previdentia,
2523 4013 2596 4074 de
2619 4012 2855 4103 justitia
2909 4020 2961 4074 et
2998 4012 3269 4091 veritate,
3304 4016 3381 4078 de
3406 4021 3641 4082 resolu-

244 4113 586 4182 δικαιοσύνης
656 4116 745 4172 καὶ
793 4101 1066 4191 ἀληθείας,
1124 4116 1231 4167 τῶν
1287 4111 1404 4187 περὶ
1483 4107 1681 4173 λύσεως
1758 4110 1900 4165 αἰνι-

2004 4102 2150 4165 ;ione
2172 4101 2573 4182 anigmatum,
2601 4101 3135 4184 parabolarumque
3167 4112 3226 4165 et
3245 4106 3645 4171 obscurorum

247 4206 496 4285 γμάτων,
540 4205 632 4262 καὶ
697 4200 1037 4282 παραϐολῶν,
1093 4201 1182 4256 καὶ
1250 4203 1502 4256 κοτεινῶν
1558 4196 1732 4277 λόγων
1802 4202 1899 4267 τῆς

2004 4195 2199 4256 livina
2228 4193 2553 4273 Scriptura
2579 4196 2871 4270 locorum,
2906 4213 2977 4257 ac
3007 4197 3252 4257 demum
3284 4197 3344 4261 in
3378 4218 3448 4262 eo
3483 4202 3645 4281 quod

245 4284 388 4360 θείας
418 4298 656 4375 Γραφῆς,
705 4291 855 4357 τέλος
900 4289 978 4365 δὲ,
1030 4291 1092 4346 τὸ
1141 4293 1560 4367 μυσταγωγῆσαι
1612 4290 1700 4343 τὸν
1758 4287 1898 4344 οὕτω

2004 4284 2074 4346 νίν
2088 4285 2237 4345 adeo
2265 4284 2565 4375 perfectus
2587 4284 2807 4375 revelet
2827 4285 3193 4375 abscondita
3209 4288 3317 4350 Dei
3338 4291 3641 4370 mysteria,

248 4341 441 4360 ἠπ-ι·
491 4341 523 4350 ··
570 4341 628 4361 ϊι
716 4341 854 4357 *νην*
905 4341 978 4365 "7
1043 4341 1088 4346 ’ν
1141 4341 1558 4367 r‘"'"|"|’-"”
1627 4341 1694 4343 ---
1767 4341 1888 4344 ηνν

240 4341 656 4460 τετελεσῑιὲἷων⁷
706 4383 771 4438 τὰ
825 4381 1102 4459 ἀπόκρυφα
1145 4379 1406 4456 μυστήρια
1446 4383 1541 4434 τοῦ
1593 4384 1744 4449 Θεοῦ,
1805 4378 1889 4445 τὸ,

2004 4341 2245 4454 ,εἶρε-υῨῶ
2588 4341 2840 4453 impiam
2870 4374 3165 4454 sapientia
3189 4394 3298 4455 per
3327 4341 3645 4459 pai'ticipa:

239 4474 429 4555 σοφίας
488 4473 673 4531 ἑαυτὸν
746 4470 973 4551 ἀῤῥήτου
1029 4467 1308 4547 πληρῶσαι
1361 4464 1446 4523 διὰ
1487 4468 1758 4555 συνουσίας
1802 4478 1894 4527 τοῦ

2004 4464 2202 4525 ionem
2254 4460 2509 4542 Spiritus
2557 4472 2617 4524 et
2664 4463 3002 4555 sapientem
3059 4482 3125 4555 se
3180 4467 3524 4547 theologum
3579 4468 3644 4531 in

242 4550 574 4639 Πνεύματος,
632 4563 721 4617 καὶ
777 4550 944 4639 σαφὸν
1009 4556 1256 4636 θεολόγον
1331 4555 1493 4631 μέσον
1570 4553 1891 4623 Ἐκκλησίας

2004 4554 2175 4614 neclio
2198 4550 2482 4613 Ecclesia
2499 4570 2730 4632 magna
2748 4553 2855 4615 Dei
2875 4553 3171 4631 ostendat,
3200 4555 3381 4617 verbo
3401 4557 3643 4619 theolo-

241 4627 489 4730 μεγάλης
556 4627 831 4716 ἀποδεῖξαι
861 4627 871 4641 ⁸
902 4655 1057 4722 Θεοῦ,
1094 4627 1188 4730 ’το
1251 4627 1398 4723 λόγῳ
1464 4651 1562 4714 τῆς
1616 4644 1891 4725 θεολογίας

2004 4641 2085 4709 :ia
2112 4639 2458 4730 hominibus
2489 4627 2690 4730 lum'en
2753 4627 3166 4720 praferendo.’
3206 4642 3319 4717 Qui
3349 4645 3467 4707 huc
3497 4664 3643 4725 per-

236 4726 364 4804 τοὺς
412 4740 713 4819 ἀνθρώπους
783 4739 1096 4819 φωτίζοντα.
1149 4726 1206 4794 εΟ
1256 4737 1329 4798 εἰς
1380 4744 1534 4793 τοῦτο
1575 4735 1773 4816 φθάσας
1823 4734 1908 4795 διὰ

2004 4731 2150 4793 venit
2181 4747 2284 4810 per
2300 4728 2828 4819 profundissimam
2854 4729 3249 4794 humilitatem
3274 4743 3334 4794 et
3353 4752 3642 4814 compun-

237 4802 538 4906 βαθυτάτης
618 4802 1100 4907 ταπεινοφροσύνης
1193 4824 1282 4879 καὶ
1381 4823 1734 4898 κατανύξεως,
1828 4827 1902 4890 εἰς

2004 4802 2269 4891 ιιίοηείη,
2300 4802 2382 4878 ’ἱη
2433 4818 2673 4878 tertium
2734 4819 2949 4880 coelum
3009 4819 3321 4900 theologia
3379 4830 3446 4882 ut
3490 4802 3646 4886 alter

237 4918 416 4989 τρίτον
488 4918 704 4997 οὗρανὸν
768 4913 903 4994 ἤρθη
978 4911 1275 4991 θεολογίας,
1339 4912 1411 4974 ὼς
1473 4908 1527 4966 εἴ
1585 4933 1664 4974 τις
1722 4910 1901 4993 ἕτερος

2004 4908 2204 4971 ?aulus
2226 4907 2289 4957 97
2318 4916 2523 4985 raptus
2554 4916 2664 4981 est,
2700 4917 2758 4969 et
2786 4907 3011 4970 audivit
3039 4928 3257 4971 arcana
3286 4911 3490 4992 verba,
3511 4931 3644 4994 qua

240 5006 476 5082 Παῦλος,
538 4996 626 5064 καὶ
682 5006 894 5084 ῥήματα
949 5002 1174 5071 ἤκουσεν
1258 4997 1481 5079 ἄρρητα,
1541 5000 1583 5055 ἃ
1636 5002 1730 5058 οὒκ
1786 5002 1900 5068 ἐξὸν

2004 4997 2191 5059 tudire
2222 5016 2341 5057 non
2390 4996 2532 5057 licet
2580 4997 2811 5058 homini
2865 4997 3146 5059 sensibus
3176 4999 3550 5078 inservienti,
3585 5011 3644 5064 et

237 5094 502 5175 ἀνθρώπῳ
527 5096 628 5151 ὑπὸ
656 5095 755 5161 τὴν
810 5091 1061 5160 αἴσθησιν
1116 5089 1253 5169 ὄντι,
1314 5090 1535 5145 ἀκοῦσαι
1571 5107 1586 5122 ⁸
1646 5094 1734 5147 καὶ
1789 5097 1895 5149 τῶν

2004 5094 2211 5148 ιεενειε
2231 5085 2484 5162 gustavit
2503 5085 2678 5159 bona,
2714 5105 2846 5166 qua
2875 5086 3084 5148 oculus
3107 5106 3222 5147 non
3248 5087 3420 5163 vidit,
3446 5108 3644 5170 neque

236 5173 554 5263 ἀπορρήτων
611 5184 845 5263 ἀγαθῶν,
911 5184 944 5238 ἃ
999 5179 1270 5262 ὀφθαλμὸς
1328 5183 1424 5236 οὒκ
1471 5176 1607 5252 ε’ίδε,
1664 5181 1752 5237 καὶ
1807 5181 1895 5245 οῦς

2004 5175 2137 5237 ιυινίε
2156 5174 2384 5235 audivit
2402 5174 2491 5254 98,
2519 5182 2577 5234 et
2609 5173 2882 5237 minister
2905 5174 3095 5236 factus
3117 5184 3207 5237 est
3226 5177 3640 5257 mysteriorum

237 5278 335 5334 οὔκ
390 5273 640 5350 ἤκουσεν,
697 5273 1050 5352 ἀπεγεύσατο,
1106 5271 1194 5327 καὶ
1250 5265 1493 5331 διάκονος
1564 5268 1748 5348 γέγονε
1789 5276 1896 5326 τῶν

2004 5264 2085 5326 )ei
2123 5263 2210 5338 99,
2287 5282 2354 5325 os
2407 5264 2540 5343 ejus
2601 5263 2811 5340 factus,
2874 5264 3001 5325 hac
3058 5264 3403 5328 hominibus
3463 5266 3642 5367 verba

239 5365 548 5446 μυστηρίων
616 5370 768 5438 Θεοῦ,
824 5363 999 5439 στόμα
1066 5359 1300 5439 γεγονὼς
1385 5360 1566 5438 αὒτοῦ,
1643 5356 1897 5417 διακονῶι

2004 5353 2350 5429 ninistrans,
2384 5363 2442 5415 et
2472 5352 2705 5415 beatam
2737 5353 2797 5414 in
2845 5352 2960 5415 hoc
3003 5371 3306 5457 reponens
3332 5354 3639 5457 requiem,

236 5442 576 5518 ταῦτα’τοτς
627 5452 920 5533 ἀνθρώποις
968 5448 1050 5507 διὰ
1080 5457 1172 5507 τοῦ
1203 5446 1393 5526 λόγου,
1452 5450 1541 5505 καὶ
1579 5449 1899 5507 καταπαύων

2004 5444 2282 5509 terfectus
2306 5443 2370 5506 in
2399 5443 2663 5525 perfecto
2715 5442 2862 5519 Deo,
2915 5442 3095 5504 simul
3143 5461 3281 5507 cum
3339 5443 3640 5525 theologis

318 5635 386 5689 96
414 5634 580 5700 Psal.
609 5651 735 5714 cm,
772 5636 869 5698 15.
954 5633 1017 5686 97
1046 5631 1101 5696 II
1130 5633 1269 5697 Cor.
1302 5647 1410 5708 ιιι,
1447 5632 1511 5696 4.
1598 5626 1715 5692 981
1745 5628 1881 5695 Cor.
1912 5683 1913 5691 η

2010 5627 2068 5689 9.
2158 5627 2224 5679 99
2251 5625 2275 5688 Ι
2300 5629 2431 5690 Cor.
2466 5644 2545 5706 ιν,
2571 5630 2630 5692 1.
