4144 6382
554 386 679 469 975

1850 404 1903 466 Ν
1909 400 2157 468 ΙΟΕΤιΕ
2198 399 2631 463 PECTORATI

3824 391 3931 456 976

557 538 915 619 conjunctus
949 536 1202 601 excelsis
1225 534 1547 600 Cherubim
1571 542 1628 598 et
1650 533 1960 617 Seraphim
1984 540 2182 599 turmis

2268 537 2408 604 ιτῆν
2439 540 2699 618 μακαρίαν
2732 538 2787 595 ἐν
2832 539 3001 611 τούνῳ
3056 536 3408 608 κατάπαυσιν,
3461 530 3655 595 τέλειος
3684 531 3735 587 ἐν
3762 530 3930 606 τελείῳ

555 644 807 709 quorum
867 635 958 691 est
1016 645 1213 691 sermo
1270 625 1581 708 sapientia:
1637 625 1813 687 simul
1888 634 1949 688 et
2007 627 2175 690 scien

2300 629 2437 701 Θεῴ,
2471 630 2741 708 συναφθεὶς
2774 629 2908 703 μετὰ
2936 633 3042 683 τῶν
3070 623 3334 703 θεολόγων
3363 635 3484 685 ταῖς
3516 621 3816 700 ὑπερτάταις
3842 619 3925 676 δυ-

555 716 674 782 tiae.

630 897 734 961 45.
755 896 1077 960 Hominum
1096 895 1416 977 vita,cujus
1429 902 1613 957 status
1624 897 1697 958 ad
1714 906 1837 957 tres
1852 905 2208 960 revocantur

551 986 818 1064 ordines,
853 986 1138 1050 dividitur
1163 986 1225 1047 in
1254 986 1371 1048 duo
1402 1002 1645 1063 genera.
1687 982 1879 1048 Unum
1916 993 2004 1047 est
2031 1005 2202 1048 com-

552 1090 735 1140 mune
765 1085 824 1140 et
852 1075 1241 1156 mundanum,
1276 1075 1530 1137 alterum
1565 1092 1700 1135 vero
1733 1094 1851 1136 non
1884 1094 2201 1139 commune

480 1188 489 1197 ί
550 1174 610 1228 et
629 1166 853 1228 mundo
877 1165 1179 1246 superius.
1207 1165 1538 1227 Commune
1561 1163 1844 1225 dividitur
1872 1162 1934 1224 in
1964 1172 2200 1245 tempe-

545 1256 797 1319 rantiam
830 1262 893 1318 et
921 1254 983 1316 in
1015 1252 1414 1317 insatiabilem
1437 1251 1861 1333 cupiditatem;
1899 1273 2015 1314 non
2040 1273 2199 1314 com-

546 1363 729 1407 mune
757 1363 919 1421 vero,
952 1344 1014 1405 in
1049 1341 1487 1426 philosophiam
1526 1362 1543 1415 ;
1571 1340 1633 1402 in
1667 1342 1964 1422 physicam
1997 1344 2198 1404 scien-

543 1434 710 1516 tiam,
732 1442 791 1497 et
817 1435 879 1496 in
909 1433 1430 1515 supernaturalem
1462 1433 1894 1513 operationem.
1916 1434 2091 1496 Prius
2107 1433 2200 1495 vel

534 1524 787 1615 justitiaa
806 1523 1093 1615 adhmret,
1119 1523 1169 1585 si
1191 1541 1410 1615 nempe
1426 1520 1755 1615 secundum
1776 1530 2045 1615 naturam
2069 1542 2198 1615 mo:

541 1610 775 1696 veatur,
798 1613 893 1677 vel
914 1612 978 1675 in
1001 1612 1359 1692 injustitiam
1392 1618 1451 1675 et
1480 1610 1852 1691 iniquitatem
1885 1610 2126 1694 labitur,
2150 1612 2199 1673 si

542 1721 761 1784 nempe
780 1721 816 1764 a
835 1702 1086 1764 naturali
1109 1708 1275 1763 motu
1290 1701 1589 1763 deﬂectat:
1611 1698 1905 1779 posterius
1917 1700 2199 1775 autem,si

2295 717 2484 791 νάμεσι
2510 722 2617 772 τῶν
2662 714 2924 795 Χερουϐίμ
2950 738 3006 773 τε
3051 716 3139 772 καὶ
3189 713 3448 792 Σεραιρὶμ,
3511 713 3583 767 ὧν
3611 711 3697 766 καὶ
3723 713 3750 765 6
3776 709 3920 788 λόγος

2290 805 2385 872 τῆς
2414 807 2596 885 σοφίας
2642 810 2776 884 ὁμοῦ
2818 808 2905 865 καὶ
2934 812 3029 875 τῆς
3055 805 3327 883 γνώσεως.

2370 884 2603 969 με’,ίΕἷς
2666 894 2773 952 δύω
2816 895 3175 976 διαιρούμενος
3231 900 3335 951 τῶν
3394 890 3674 971 ἀνθρώπων
3728 894 3755 947 6
3794 891 3915 969 βίος,

2288 984 2357 1049 εἰς
2418 996 2565 1064 τρεῖς
2633 984 2793 1053 τάξης
2847 984 2965 1067 ἔχει
3036 986 3100 1041 τὰ
3155 982 3288 1050 τέλη
3342 980 3667 1059 συναγόμενα
3720 980 3910 1044 τούτου,

2287 1076 2386 1131 Καὶ
2423 1077 2485 1130 τὸ
2529 1075 2627 1150 μὲν
2692 1077 2849 1132 αὐτοῦ
2902 1074 3209 1132 κοινωνικόν
3275 1071 3385 1128 ἐστι
3445 1072 3533 1127 καὶ
3600 1069 3865 1149 ἐγκόσμιον
3894 1087 3906 1100 ·

2284 1165 2344 1220 τὸ
2408 1163 2485 1238 δὲ,
2560 1165 2920 1232 ἀκοινώνητον
2994 1166 3081 1222 καὶ
3136 1165 3510 1244 ὑπερκόσμιον.
3573 1162 3667 1219 Καὶ
3714 1162 3771 1216 τὸ
3820 1160 3907 1234 μὲν

2282 1255 2597 1310 κοικωνικὸν
2684 1256 2756 1317 εἷς
2831 1256 3181 1334 σωφροσύνην
3257 1252 3537 1332 διαιρεῖται
3605 1251 3689 1307 καὶ
3754 1249 3907 1317 ἀπλη-

2282 1344 2430 1398 στίαν
2463 1359 2477 1373 ⁸
2537 1344 2598 1399 τὸ
2655 1340 2710 1399 δὲ
2754 1344 3139 1417 ἀκοινώνητον,
3203 1345 3276 1407 εἷς
3335 1340 3664 1422 φιλοσοςρίαν,
3723 1340 3789 1401 εἷς
3828 1364 3910 1419 φ)-

2284 1433 2439 1500 σικὴν
2509 1432 2837 1509 ἐπιστήμην,
2922 1436 3011 1491 καὶ
3091 1436 3166 1498 εἷς
3248 1433 3378 1512 ὑπὲρ
3430 1431 3581 1511 φύσιν
3646 1428 3910 1509 ἐνέργειαν.

2282 1522 2492 1578 Τούτων
2524 1524 2585 1578 τὸ
2629 1523 2726 1597 μὲν
2781 1522 2816 1591 ἢ
2860 1530 2936 1597 τῷ
2979 1520 3165 1597 δικαίῳ
3219 1522 3536 1577 συνάπτεται
3590 1517 3912 1595 κατὰ-φῦσιν

2282 1609 2596 1690 ἐρχόμενον,
2644 1611 2681 1679 ἢ
2711 1618 2778 1688 τῇ
2822 1609 2994 1684 ἀδικίᾳ
3034 1614 3121 1668 καὶ
3176 1612 3248 1677 εἰς
3303 1608 3509 1665 ἀδικίαν
3552 1620 3741 1689 χωρεῖ,
3779 1606 3908 1661 ἀπο-

2280 1697 2544 1766 πλανηθὲν
2598 1703 2698 1768 τῆς
2756 1701 2892 1756 κατὰ
2946 1702 3098 1778 φύσιν
3124 1693 3403 1769 κινήσεως
3429 1714 3443 1727 ⁶
3490 1699 3551 1753 τὸ
3593 1695 3670 1769 δὲ,
3729 1697 3772 1750 εἷ
3823 1694 3911 1759 μὲν

540 1781 782 1873 quidem
797 1790 1165 1881 propositum
1181 1797 1576 1881 persequatur
1605 1788 1839 1868 regulas
1866 1788 2182 1851 observan-

2278 1788 2413 1843 κατὰ
2442 1791 2645 1845 σκοπὸν
2667 1787 2827 1865 διώξῃ
2850 1790 2927 1863 τῷ
2949 1797 3129 1849 κανόνι
3151 1789 3594 1862 ἀπευθυνόμενον,
3620 1787 3689 1850 εἰς
3713 1781 3909 1861 ἄπειρον

538 1872 642 1957 do,
666 1880 742 1942 ad
763 1879 1055 1943 inﬁnitam
1084 1878 1356 1960 pervenit
1391 1885 1683 1949 naturam,
1715 1896 1893 1958 supra
1924 1884 2182 1941 naturam

2278 1876 2496 1950 τελευτᾷ
2526 1879 2699 1958 φύσιν,
2735 1879 2865 1957 ὑπὲρ
2921 1881 3019 1943 τὴν
3078 1878 3230 1958 φύσιν
3287 1876 3585 1936 τελειωθέν.
3620 1876 3677 1932 Ei
3705 1872 3756 1928 δὲ
3784 1872 3907 1928 κατὰ

545 1966 877 2050 perfectum
910 1990 926 2044 ;
979 1967 1031 2029 si
1074 1966 1259 2031 verbo
1285 1965 1546 2046 superbe
1568 1984 1781 2029 vacans
1803 1966 2127 2042 exercitiis,
2162 1987 2195 2030 a

537 2058 847 2140 pr0posito
863 2055 1523 2125 devertatur,deciditin
1536 2074 1776 2117 sensum
1797 2056 2197 2137 reprobum,et

534 2156 816 2230 tanquam
855 2145 1275 2229 imperfectum
1325 2144 1544 2209 merito
1569 2145 1841 2225 rejicitur
1876 2164 1910 2208 a
1952 2147 2193 2227 perfec-

532 2236 718 2299 ﬁone.
1652 2274 1657 2280 ο

609 2328 711 2391 46.
746 2326 893 2404 Lux,
930 2325 1051 2389 vita
1080 2332 1136 2387 et
1167 2342 1278 2406 pax
1326 2332 1417 2389 est
1474 2322 1754 2406 Spiritus.
1814 2323 1925 2397 Qui
1977 2343 2121 2404 ergo
2150 2344 2185 2389 a

529 2417 731 2480 divino
759 2415 1131 2479 illuminatur
1187 2412 1437 2495 Spiritu,
1503 2414 1884 2496 tranquillam
1942 2415 2002 2476 in
2037 2435 2182 2497 pace

528 2507 760 2589 peragit
789 2506 993 2569 vitam.
1015 2503 1161 2569 Inde
1191 2512 1387 2567 autem
1421 2504 1483 2565 in
1509 2523 1578 2565 eo
1609 2505 1863 2566 scientia
1890 2524 2091 2567 rerum
2123 2514 2181 2568 et

531 2596 825 2678 sapientia
851 2594 1019 2658 verbi
1050 2603 1258 2667 scatet,
1293 2613 1627 2675 sensusque
1661 2592 1876 2657 Christi
1910 2595 2178 2657 innasci-

528 2692 664 2749 tur:
698 2685 798 2747 hic
828 2684 991 2746 novit
1021 2683 1191 2762 regni
1220 2682 1328 2745 Dei
1383 2682 1682 2763 mysteria,
1717 2682 2004 2763 profunda
2038 2682 2178 2764 Spi-

526 2773 679 2835 ritus
707 2779 1003 2855 penetrat,
1030 2791 1104 2843 ac
1134 2772 1234 2833 die
1264 2770 1385 2833 diei
1415 2778 1647 2833 eructat
1675 2776 1749 2832 de
1768 2773 1949 2832 corde
1966 2791 2180 2834 sereno

530 2870 588 2926 et
616 2861 947 2925 illuminato
972 2860 1156 2923 verba
1200 2859 1356 2935 vitae,
1417 2860 1986 2936 bonaihominihus,
2043 2862 2183 2941 quia

530 2950 725 3014 bonus
754 2959 869 3024 est,
904 2959 963 3013 et
987 2949 1061 3012 de
1090 2948 1248 3012 bono
1285 2948 1567 3013 thesauro
1598 2969 1707 3013 suo
1744 2949 1926 3013 verba
1962 2951 2184 3031 profert

529 3056 683 3103 nova
710 3050 773 3105 et
798 3049 1000 3103 vetera
1026 3039 1074 3103 ί.

606 3220 708 3283 47.
737 3217 897 3282 Deus
926 3225 1016 3281 est
1065 3216 1377 3298 sapientia,
1439 3225 1499 3279 et
1552 3236 1656 3282 eos
1704 3218 1808 3300 qui
1860 3218 2092 3282 ratione
2122 3228 2180 3282 et

2278 1965 2579 2047 φιλοτιμίαν
2611 1967 3073 2047 ἒγγυμναζόμενον
3129 1973 3222 2023 τοῦ
3277 1975 3480 2025 σκοποῦ
3526 1964 3800 2040 ψεύσηται,
3846 1961 3910 2047 είς

2277 2046 2531 2132 ἀδόκιμον
2560 2046 2778 2129 τελευτᾷ
2809 2063 2951 2133 νοῦν,
3001 2058 3089 2113 καὶ
3143 2059 3216 2120 ὡς
3248 2055 3433 2118 ἀτελὲς
3494 2054 3707 2115 εἰκότως
3736 2046 3911 2107 ἀποδο-

2276 2146 2554 2221 κιμάζεται
2590 2152 2685 2204 τοῦ
2714 2144 2939 2203 τελείου.

2354 2225 2497 2311 μς’.
2532 2236 2677 2316 Φῶς,
2709 2236 2797 2291 καὶ
2847 2236 2983 2307 ζωιὶκ,
3033 2236 3119 2291 καὶ
3149 2237 3331 2315 εἰρήνη
3362 2237 3424 2291 τὸ
3454 2239 3685 2308 Πνεῦμα.
3746 2220 3799 2286 QO
3829 2227 3907 2284 οῦν

2266 2324 2367 2380 ὑπὸ
2440 2335 2533 2384 τοῦ
2601 2326 2738 2381 θείου
2809 2324 3167 2405 φωτιζόμενος
3236 2325 3566 2400 Πνεύματος,
3632 2317 3906 2398 γαληναίαν

2267 2415 2545 2493 είρηνεύων
2615 2412 2809 2472 διανύει
2894 2415 3060 2485 ζωήν,
3140 2415 3405 2471 Ἐντεῦθεν
3477 2411 3531 2471 δὲ
3607 2412 3642 2479 ἡ
3724 2415 3902 2487 γνῶσις

2265 2506 2407 2579 αὒτῷ
2460 2505 2566 2561 τῶν
2619 2502 2809 2578 ὄντων,
2870 2504 2959 2559 καὶ
3015 2505 3049 2572 ἡ
3110 2506 3265 2584 σοφία
3312 2510 3406 2559 τοῦ
3462 2502 3621 2580 λόγου
3663 2499 3897 2577 πηγξὲζει,

2263 2594 2351 2649 καὶ
2408 2596 2437 2649 6
2495 2600 2612 2657 νοῦς
2670 2603 2763 2652 τοῦ
2819 2599 3043 2671 Χριστοῦ
3091 2594 3379 2671 ἐπιγίνεται
3413 2608 3429 2625 ’
3480 2595 3630 2654 οὗτος
3683 2587 3791 2645 οἶδε
3841 2587 3901 2642 τὰ

2261 2686 2360 2748 τῆς
2419 2682 2691 2758 βασιλείας
2753 2684 3040 2761 μυστήρια,
3075 2684 3144 2747 εἷς
3173 2684 3238 2741 τὰ
3268 2683 3401 2758 βάθη
3433 2693 3612 2764 χωρεῖ
3640 2685 3729 2736 τοῦ
3758 2684 3897 2750 Θεοῦ,

2262 2772 2351 2826 καὶ
2379 2771 2552 2851 ἡμέρα
2579 2778 2647 2848 τῇ
2678 2771 2852 2850 ἡμέρᾳ
2882 2771 3145 2850 ἐρεύγεται
3174 2770 3364 2850 λόγους
3390 2778 3562 2851 ζωῆς,
3595 2769 3645 2835 ἐξ
3673 2765 3901 2843 ἀκυμάν-

2262 2880 2354 2916 του
2385 2862 2471 2917 καὶ
2498 2862 2911 2941 πεφωτισμένης
2941 2858 3177 2940 καρδίας,
3196 2862 3420 2938 ἀγαθοὺς
3449 2875 3568 2925 τοῖς
3600 2857 3895 2938 ἀνθρώποις·

2264 2947 2447 3016 ἐπειδή
2476 2950 2667 3029 ἀγαθός
2691 2949 2823 3026 ἐστι,
2858 2952 2948 3006 τὸν
2977 2950 3171 3028 ἀγαθὸν
3202 2949 3349 3031 ἔχων
3379 2949 3644 3009 λαλοῦντα
3671 2947 3724 3003 ἐν
3745 2948 3900 3017 ἐαυτῷ

2262 3040 2420 3096 καινά
2446 3061 2503 3096 τε
2531 3043 2620 3097 καὶ
2663 3039 2891 3102 παλαιά.

2344 3208 2455 3295 μζ’.
2517 3220 2683 3301 Σοφία
2727 3221 2755 3275 6
2802 3220 2952 3299 Θεὸς,
3011 3220 3099 3276 καὶ
3140 3219 3260 3284 τοὺς
3302 3219 3358 3276 ἐν
3415 3218 3566 3299 λόγῳ
3615 3219 3702 3274 καὶ
3756 3212 3898 3301 σοφία

524 3307 816 3388 sapientia
844 3307 996 3368 duce
1052 3304 1379 3381 ambulant,
1439 3306 1687 3369 scientia
1714 3299 1930 3382 rerum
1977 3308 2175 3388 (coale-

2268 3299 2697 3388 περιπατοῦντας,
2753 3313 2821 3385 τῇ
2866 3308 3060 3387 γνώσει
3117 3315 3225 3365 τῶν
3266 3308 3433 3365 ὄντων
3484 3309 3595 3389 [ῗσ.
3640 3299 3894 3386 οὐρανίων]

525 3396 723 3492 stium)
758 3395 1630 3492 _deiﬁcans,Asibimetipsi‘per
1673 3397 1875 3458 lumen
1934 3398 2082 3492 unit,
2117 3407 2175 3461 et

2268 3401 2535 3474 ὗεοποιῶν,
2588 3400 2705 3456 ἑνοῖ
2748 3396 2833 3454 διὰ
2856 3398 3064 3492 ’,φωτὸς
3120 3399 3306 3462 αὖτοὺς
3364 3398 3560 3474 ἑαυτῷ,
3627 3397 3714 3453 καὶ
3767 3392 3894 3451 θέσει

525 3486 711 3566 gratia
740 3486 883 3550 deos
912 3485 1072 3550 facit.
1104 3484 1619 3559 Quemadmodum
1649 3494 1847 3547 autem
1873 3488 2074 3549 omnia
2103 3507 2171 3550 ex

525 3574 711 3636 nihilo
736 3575 1030 3656 sapientia
1055 3573 1215 3649 fecit,
1245 3582 1302 3635 et
1325 3593 1431 3655 per
1450 3575 1801 3654 sapientiam
1840 3593 1937 3637 res
1970 3577 2174 3639 mundi

523 3664 677 3743 regit
706 3671 764 3725 et
795 3664 1110 3744 gubernat,
1143 3673 1320 3744 atque
1370 3663 1621 3747 salutem
1669 3666 1937 3726 omnium
1969 3667 2069 3747 qui
2099 3667 2169 3728 ad

521 3771 588 3815 se
614 3760 1042 3815 convertuntur
1071 3760 1128 3813 et
1176 3753 1493 3830 accedunt,
1548 3746 1769 3834 pariter
1797 3754 1857 3815 in
1884 3746 2174 3836 sapientia

521 3859 761 3923 semper
816 3842 1008 3906 facit:
1072 3842 1160 3904 sic
1218 3842 1393 3904 etiam
1448 3842 1550 3905 ille
1604 3862 1781 3924 quem
1814 3863 1920 3905 sua
1950 3847 2173 3925 purilas

523 3930 768 4010 dignum
824 3932 962 3993 fecit
1018 3932 1120 4012 qui
1177 3931 1481 3994 altissimae
1538 3932 1848 4012 sapientiae
1878 3936 2174 4017 particeps

523 4017 719 4092 ﬁeret,
751 4036 992 4100 semper
1020 4028 1311 4100 quatenus
1347 4021 1540 4100 imago
1573 4020 1678 4082 Dei
1710 4021 1769 4081 in
1803 4025 2089 4102 sapientia
2117 4033 2177 4085 et

522 4104 654 4186 ipse
686 4107 825 4169 facit
856 4118 914 4169 et
962 4107 1171 4188 implet
1200 4109 1457 4169 divinam
1490 4110 1873 4185 voluntatem,
1908 4112 2173 4192 seipsum

520 4198 837 4259 retrahens
866 4215 899 4258 a
932 4196 1114 4260 rebus
1172 4198 1435 4260 emernis
1493 4198 1553 4259 in
1613 4200 1946 4280 multasque
1981 4212 2174 4281 partes

526 4286 754 4361 divisis,
809 4287 1104 4349 rationem
1150 4306 1288 4350 vero
1320 4306 1484 4350 suam
1520 4307 1627 4368 per
1655 4288 1965 4350 scientiam
1999 4291 2171 4352 abdi-

525 4383 720 4438 torum
750 4376 1054 4439 adducens
1085 4384 1145 4440 et
1188 4378 1431 4441 elevans
1460 4378 1531 4439 ad
1567 4378 1743 4439 vitam
1774 4397 1911 4440 vere
1941 4381 2173 4460 angeli-

525 4483 650 4527 cam
678 4485 694 4539 ;
718 4474 778 4527 et
800 4485 979 4527 uuam
1006 4467 1273 4529 efficiens
1291 4487 1396 4549 pro
1424 4466 1652 4528 viribus
1682 4486 1846 4528 suam
1876 4467 2074 4539 vitam,
2110 4489 2175 4532 se

524 4556 655 4616 nuit
706 4554 998 4618 ccelicolis
1048 4558 1439 4638 potestatibus
1497 4576 1615 4617 uno
1676 4565 1837 4617 motu
1880 4558 1951 4619 ad
1982 4558 2169 4621 Deum

2268 4581 2436 4639 αενος,
2468 4561 2583 4617 ἑνοῖ
2611 4573 2733 4625 ταῖς
2776 4560 2885 4618 ὂίνω
2914 4559 3196 4635 δυνάμεσιν
3254 4561 3465 4643 ἑαυτὸν,

524 4642 932 4717 tendentibus,
966 4661 1025 4707 et
1057 4666 1165 4729 per
1195 4666 1293 4709 eas
1318 4647 1479 4709 velut
1500 4664 1605 4727 per
1627 4647 1883 4727 optimos
1908 4649 2089 4711 duces
2104 4652 2177 4713 ad

523 4733 781 4814 primum
813 4735 1172 4818 principium
1203 4738 1575 4818 primamque
1617 4754 1854 4798 causam
1885 4739 2176 4805 ascendit.

602 4910 706 4976 48.
769 4909 882 4986 Qui
938 4932 1046 4995 per
1100 4914 1359 4979 divinam
1421 4913 1771 4996 sapientiam
1832 4934 1965 4979 sese
1994 4918 2179 4980 univit

521 5001 801 5082 supernis
846 5003 1187 5081 virtutibus,
1223 5003 1480 5086 ideoque
1511 5005 1634 5068 Deo
1659 5004 1863 5066 unilus
1895 5014 2007 5087 est,
2040 5027 2174 5069 cum

519 5089 600 5150 sit
628 5088 702 5150 ad
733 5091 1193 5155 similitudinem
1244 5095 1378 5165 Dei,
1426 5111 1562 5155 cum
1595 5093 1874 5155 omnibus
1902 5096 2085 5159 verbo
2118 5107 2176 5159 et

520 5176 818 5259 colloquio
849 5190 1152 5260 sapienter
1207 5200 1592 5263 conversans,
1660 5181 1966 5244 hominum
2003 5185 2175 5247 bona;

514 5267 833 5329 Voluntatis
859 5269 1136 5331 aifectum
1172 5269 1612 5333 virtute-divina
1639 5272 1887 5332 retrahit
1931 5291 1964 5333 a
1994 5274 2175 5335 rebus

520 5356 788 5417 externis
817 5366 877 5420 et
905 5358 1333 5435 divisibilibus,
1389 5378 1613 5439 eosque
1668 5368 1732 5420 ut
1782 5378 2044 5440 seipsum
2098 5365 2173 5425 ad

518 5445 767 5508 unitatis
822 5447 1020 5523 vitam,
1077 5459 1283 5532 utpote
1340 5448 1447 5511 Dei
1507 5451 1787 5523 imitator,
1847 5450 1907 5511 in
1964 5453 2171 5533 Spiritu

515 5533 843 5610 attrahens,
876 5536 1041 5599 ducit
1071 5556 1178 5618 per
1234 5539 1586 5619 sapientiam
1647 5549 1707 5601 et
1762 5539 2072 5604 scientiam
2105 5564 2174 5608 ac

517 5622 935 5702 mysteriorum
967 5627 1423 5704 revelationem,
1486 5626 1558 5690 ad
1611 5629 2172 5709 contemplationem

597 5779 618 5824 ¹
651 5781 861 5846 Matth.
892 5801 1022 5864 xui,
1055 5785 1153 5849 52.

2255 3489 2399 3554 θεοὺς
2442 3489 2815 3568 ἀπεργάζεται.
2857 3483 3050 3567 ’Ὠσπερ
3080 3486 3135 3545 δὲ
3164 3490 3320 3552 αὐτὸς
3381 3488 3441 3545 ἐκ
3487 3495 3579 3546 τοῦ
3634 3487 3710 3563 μὴ
3753 3483 3890 3543 ὄντος

2257 3577 2411 3657 σοφίᾳ
2450 3579 2518 3633 τὰ
2572 3579 2745 3635 πάντα
2792 3579 3215 3658 κατασκευάσας,
3272 3576 3357 3634 διὰ
3411 3580 3599 3661 σοφίας
3654 3579 3719 3633 τα
3756 3570 3897 3652 ἐγκό-

2258 3688 2388 3742 σμια
2418 3665 2639 3746 διεξάγει
2686 3670 2775 3725 καὶ
2828 3665 3041 3742 διοικεῖ,
3101 3668 3190 3724 καὶ
3242 3667 3342 3735 τὴν
3398 3669 3667 3744 σωτηρίαν
3697 3664 3893 3722 πάντων

2255 3763 2360 3813 τῶν
2392 3756 2706 3835 ἐγγιζόντων
2748 3757 2891 3832 αὐτῷ
2933 3754 3000 3812 δι’
3046 3754 3369 3837 ἐπιστροφῆς
3428 3760 3681 3822 ὡσαύτως
3734 3754 3810 3809 ἀεὶ
3850 3750 3898 3806 ἐν

2256 3849 2412 3927 σοφίᾳ
2442 3847 2738 3929 ἐργάζεται,
2794 3847 2932 3904 οῦτω
2986 3849 3076 3903 καὶ
3129 3850 3157 3903 6
3213 3846 3448 3912 ἀξιωθεὶς
3509 3853 3606 3916 τῆς
3661 3841 3900 3902 ἀνωτάτω

2256 3936 2494 4012 γενέσθαι
2522 3940 2731 4018 σοφίας,
2764 3937 2824 3994 ἐκ
2851 3937 3239 4016 καθαρότητος,
3287 3936 3554 4018 μέτοχος,
3601 3937 3681 3993 ἀεὶ
3711 3936 3782 3997 ὡς
3826 3931 3899 3985 εἷ-

2255 4025 2365 4080 κὼν
2402 4032 2531 4082 Θεοῦ
2572 4028 2660 4082 καὶ
2691 4028 2846 4091 αιῖιτὸς
2877 4028 2929 4082 ἐν
2986 4028 3143 4107 σοφίᾳ
3198 4038 3348 4082 ποιεῖ
3403 4029 3493 4084 καὶ
3554 4026 3817 4106 ἐργάζεται
3844 4018 3904 4073 τὰ

2256 4120 2347 4169 τοῦ
2388 4115 2525 4173 θείου
2554 4114 2856 4190 θελήματος
2891 4132 2905 4145 ·
2954 4116 3191 4192 συνάγων
3253 4115 3351 4190 μὲν
3409 4116 3525 4173 ἀπὸ
3571 4123 3676 4172 τῶν
3706 4112 3801 4177 ἔξω
3826 4107 3905 4165 καὶ

2258 4202 2615 4281 μεριζομένων
2658 4205 2728 4268 εἷς
2776 4203 2949 4260 πολλὰ
2996 4206 3205 4279 ἑαυτὸν,
3266 4204 3476 4282 ἀνάγων
3549 4204 3602 4261 δὲ
3660 4198 3903 4277 ὁσημέραι

2255 4294 2343 4347 καὶ
2399 4292 2684 4347 ἀνατείνων
2737 4295 2798 4349 τὸ
2867 4292 3210 4372 λογιζόμενον
3294 4292 3453 4352 αὐτοῦ
3514 4294 3600 4351 διὰ
3670 4291 3900 4370 γνώσεως

2256 4385 2361 4437 τῶν
2392 4379 2728 4460 ἀπορρήτων,
2788 4385 2917 4462 πρὸς
2974 4381 3260 4460 ἀγγελικὰς
3308 4390 3387 4456 τῷ
3445 4381 3558 4441 ὄντι
3607 4383 3745 4455 ζωάς
3778 4400 3796 4414 ·
3823 4375 3903 4431 καὶ

2257 4469 2481 4539 ἐνοειδῆ,
2543 4473 2678 4527 κατὰ
2726 4473 2786 4527 τὸ
2843 4472 3078 4552 ἐφικτὸν,
3136 4470 3236 4537 τὴν
3294 4475 3450 4531 αὐτοῦ
3491 4475 3638 4546 ζωὴν
3689 4464 3901 4551 ἐργαζό-

3528 4575 3653 4625 τατς
3708 4555 3902 4621 ἓνψίως

2260 4652 2376 4728 περὶ
2408 4652 2539 4706 Θεὸν
2563 4650 2894 4727 κινουμέναις
2930 4671 2944 4685 ·
3005 4652 3091 4706 καὶ
3144 4646 3211 4705 δι’
3256 4652 3425 4707 αὐτῶν
3480 4656 3616 4733 πρὸς
3642 4651 3740 4717 τὴν
3768 4645 3902 4725 πρώ-

2258 4761 2357 4805 την
2389 4738 2567 4820 ἆρχῆν
2594 4742 2681 4797 καὶ
2733 4741 2900 4799 αἰτίαν
2958 4741 3029 4806 ὡς
3083 4736 3153 4794 δι’
3195 4738 3405 4817 ἀγαθῶν
3448 4742 3733 4821 ἡγεμόνων
3775 4734 3901 4793 civi-

2260 4851 2434 4908 γεται.

2340 4941 2417 4995 μη
2431 4908 2461 4977 ’.
2498 4909 2557 4976 Ὀ
2606 4917 2691 4975 διὰ
2726 4919 2909 4999 σοφίας
2966 4919 3064 4985 τῆς
3119 4918 3415 4998 κρείττονος
3472 4922 3659 4978 ἑαυτὸν
3713 4915 3900 4977 ἐνώσας

2258 5022 2380 5073 ταῖς
2429 5008 2539 5066 ἅνω
2583 5005 2852 5083 δυνάμεσι,
2903 5008 2992 5063 καὶ
3032 5006 3118 5063 διὰ
3174 5015 3329 5065 τοῦτο
3386 5016 3503 5085 Θεῷ
3560 5009 3789 5083 ἑνωθείς,
3833 5004 3900 5066 ὡς

2257 5098 2376 5155 καθ’
2407 5099 2659 5173 ὁμοίωσιν
2701 5097 2775 5153 ὢν
2828 5102 2921 5152 τοῦ
2965 5103 3119 5171 Θεοῦ,
3152 5104 3283 5154 πᾶσι
3326 5096 3411 5155 διὰ
3441 5098 3604 5179 λόγου
3648 5098 3737 5156 καὶ
3775 5116 3893 5152 συν·-

2257 5188 2433 5252 ουσίας
2516 5185 2885 5268 ἐμφιλοσόφως
2958 5187 3357 5268 συγγινόμενος,
3429 5190 3713 5266 ἀποτέμνει
3796 5188 3896 5241 τῶν

2255 5276 2591 5354 βουλομένων
2652 5278 2764 5349 θείᾳ
2829 5274 3041 5351 δυνάμει
3113 5277 3206 5341 τὰς
3261 5277 3391 5345 ἕξεις
3449 5280 3555 5337 ἀπὸ
3624 5284 3732 5335 τῶν
3807 5271 3896 5338 ἔξω

2253 5369 2343 5423 καὶ
2392 5372 2674 5446 μεριστῶν,
2737 5366 2825 5421 καὶ
2867 5367 2998 5444 πρὸς
3055 5364 3257 5435 ἐνοειδῆ
3313 5370 3479 5445 ζωὴν,
3541 5370 3719 5446 ὥσπερ
3775 5365 3897 5421 ἑαυι-

2256 5460 2345 5514 τὸν
2390 5462 2482 5514 οἶα
2511 5455 2577 5525 δὴ
2608 5462 2738 5513 Θεοῦ
2789 5456 3032 5531 μιμητὴς
3090 5458 3179 5512 καὶ
3234 5460 3421 5524 αὖτοὺς
3477 5458 3794 5516 συνελίσσων
3849 5451 3900 5507 ἐν

2256 5549 2538 5625 πνεύματι,
2573 5547 2754 5624 ἀνάγει
2808 5542 2892 5601 διὰ
2948 5545 3130 5625 σοφίας
3185 5549 3273 5603 καὶ
3330 5551 3601 5629 γνώσεως,
3670 5547 3757 5607 καὶ
3808 5542 3896 5609 τῆς

2256 5644 2361 5696 τῶν
2419 5637 2736 5716 ἆποκρύφων
2780 5632 3122 5711 ἑλλάμψεως,
3175 5638 3304 5716 πρὸς
3347 5639 3562 5718 θεωρίαν
3607 5642 3704 5704 τῆς
3746 5630 3896 5698 δόξης
