4144 6374
234 339 353 407 977

1162 344 1708 412 GNOSTICORUM
1748 339 2090 409 CAPITUM
2132 340 2528 407 CENTURIA
2569 340 2681 403 III.

3516 325 3638 400 978

235 485 329 537 τοῦ
370 481 488 544 ἑνὸς
518 481 608 538 καὶ
634 480 846 561 πρώτου
902 479 1075 562 φωτός
1111 498 1127 516 ⁸
1186 481 1275 537 καὶ
1304 480 1508 543 ὲνώσας
1537 478 1726 543 αὐτοὺς
1771 491 1883 541 ταῖς

1975 472 2180 553 gloriae
2235 472 2415 534 unius
2480 470 2777 555 primique
2846 468 3138 562 luminis,
3200 475 3259 533 et
3316 473 3631 562 postquam

237 571 356 649 περὶ
389 571 520 628 Θεὸν
552 570 750 635 οὗσίαις
807 571 895 627 καὶ
950 566 1179 645 τάξεσιν,
1242 571 1313 634 εἷς
1365 569 1465 637 τὴν
1513 568 1740 634 ἑνότητα
1769 564 1886 645 ἄγει

240 666 395 732 Θεοῦ,
443 657 780 736 ὁλολαμπεϊς
837 660 1123 739 γεγονότας
1178 658 1238 716 ἐκ
1294 664 1390 726 τῆς
1448 668 1539 717 τοῦ
1581 657 1885 733 Πνεύματος

238 747 611 826 ἐπιλάμψεως.

321 832 434 916 μθ’.
484 846 563 917 Τῇ
619 840 897 925 τετρακτύϊ
947 841 1054 897 τῶν
1106 840 1328 920 ἀρετῶν,
1383 827 1569 917 ὀγδοὰς
1622 858 1889 915 σονομαρ-

237 944 326 988 τεϊ
381 937 614 1012 φυσικῶν
688 951 746 987 τε
804 932 890 986 καὶ
959 937 1183 1009 γενικῶν
1260 929 1482 1009 ἀρετῶν,
1543 934 1637 1003 μιᾷ
1692 927 1892 983 τούτων

238 1022 440 1097 ἑκάστῃ
489 1016 539 1085 ἐξ
593 1018 843 1098 ἑκατέρου
900 1020 1084 1098 μέρους
1141 1017 1245 1076 δύω
1302 1015 1756 1090 ἐπανατελουσῶν,
1818 1017 1890 1078 ὡς

238 1111 328 1167 καὶ
373 1110 535 1177 αὒτὴν
584 1109 814 1176 ἑκάστην
858 1110 1087 1187 γίνεσθαι
1139 1110 1212 1173 εἰς
1243 1105 1457 1187 Τριάδα.
1493 1112 1570 1183 Τῇ
1624 1106 1711 1162 οὖν
1768 1127 1892 1184 φρο-

237 1199 414 1269 νήσει,
477 1204 672 1275 γνῶσις
731 1196 1095 1273 ἐπανατέλλει,
1151 1198 1239 1255 καὶ
1311 1197 1448 1276 σοφὴ
1516 1196 1707 1274 θεωρίαι
1736 1212 1747 1226 ο
1823 1200 1893 1270 τῇ

234 1284 564 1363 διμιαιοσύνη,
649 1285 930 1367 διάκρισις,
1004 1289 1093 1344 καὶ
1170 1288 1570 1362 εὖσυμπάθητος
1645 1284 1837 1361 γνώμη
1873 1298 1886 1311 ⁸

234 1381 304 1452 τῇ
335 1373 562 1455 ἀνδρείᾳ,
595 1377 841 1452 ὑπομονὴ
890 1378 978 1433 καὶ
1035 1375 1274 1440 ἔνστασις
1318 1375 1552 1453 σταθηρά
1581 1393 1595 1408 ⁸
1656 1380 1724 1450 τῇ
1778 1394 1890 1428 σω-

234 1466 493 1545 φροσύνῃ,
552 1466 706 1544 ἀγρία
774 1467 862 1522 καὶ
933 1467 1204 1546 παρθενία.
1260 1465 1466 1531 Ταύτης
1518 1469 1618 1530 τῆς
1687 1461 1892 1542 τριαδι-

233 1560 339 1622 κῆς
383 1552 693 1633 δωδεκάδος,
753 1554 933 1634 ὥσπερ
989 1577 1069 1618 τις
1125 1556 1342 1621 κτίστης
1398 1555 1485 1610 καὶ
1543 1553 1889 1631 μυσταγωγὸς

235 1648 264 1701 ὁ
336 1646 462 1710 Θεὸς
531 1643 584 1699 ἐν
644 1645 801 1725 σοφῖᾳ
857 1645 1261 1724 ὑπερκαθὲζεται
1318 1643 1371 1699 ἐν
1443 1649 1520 1717 τῷ
1576 1643 1696 1706 νοὸς
1767 1641 1894 1720 θρόο

234 1758 336 1814 νῳ,
404 1735 492 1790 τὸν
557 1733 725 1810 Λόγον
776 1731 1177 1798 ἐξαποστέλλων
1236 1735 1306 1798 εἷς
1381 1728 1726 1810 δημιουργιαν
1782 1737 1952 1820 τῶνΒ

234 1825 437 1903 ἀρετῶν
470 1839 483 1852 ’
559 1824 615 1886 ὃς
701 1824 788 1879 καὶ
860 1820 1145 1899 λαμῖένων
1221 1822 1282 1879 ἐκ
1360 1829 1466 1879 τῶν
1529 1819 1891 1896 ὑποκειμένων

1972 563 2215 625 eosdem
2253 563 2440 625 univit
2488 559 3016 627 circumstantibus
3061 561 3249 624 Deum
3281 556 3632 620 substantiis

1972 661 2031 715 et
2062 653 2435 726 cohortibus,
2481 652 2554 715 ad
2604 653 2893 714 unitatem
2946 648 3137 725 elevat
3182 648 3346 730 ipsos
3401 647 3632 729 fulgore

1972 741 2217 823 spiritus
2249 742 2641 805 illuminatos.

2055 833 2156 896 49.
2191 831 2457 906 Quatuor
2488 829 2862 894 naturalibus
2890 827 3417 909 cardinalibusque
3446 826 3633 891 virtu-

1979 920 2134 983 tibus
2184 931 2317 983 octo
2374 922 2593 983 adsunt
2649 919 2921 1001 comites,
2983 937 3113 1000 quae
3169 918 3326 981 binae
3382 917 3631 996 singulis

1976 1011 2257 1093 utrinque
2305 1011 2676 1091 cooriuntur,
2724 1009 2807 1071 ita
2853 1018 2917 1071 ut
2964 1008 3203 1071 illarum
3257 1024 3631 1088 unaquaeque

1978 1099 2235 1163 Trinitas
2278 1101 2401 1164 fiat.
2456 1100 2554 1162 Sic
2606 1099 2939 1179 prudentiae
2984 1100 3331 1161 cooriuntur
3378 1096 3630 1159 scientia

1979 1197 2038 1250 et
2091 1189 2328 1269 sapiens
2387 1188 2853 1268 contemplatio;
2894 1188 3163 1268 justitiae,
3216 1185 3514 1267 judicium
3572 1194 3632 1249 et

1976 1278 2408 1356 compassionis
2459 1296 2708 1354 sensus;
2758 1274 3116 1351 fortitudini,
3176 1274 3462 1356 patientia
3518 1274 3627 1337 ﬁr-

1978 1387 2190 1449 maque
2220 1368 2586 1440 conStantia;
2622 1367 3054 1443 temperantiae,
3088 1365 3327 1426 castitas
3358 1372 3418 1426 et
3445 1364 3628 1443 virgi-

1979 1458 2156 1521 nitas.
2210 1460 2400 1538 Supra
2452 1457 2901 1538 quadruplicem
2955 1457 3110 1517 hanc
3153 1452 3529 1531 Trinitatem,
3563 1461 3629 1515 ut

1977 1556 2209 1608 creator
2238 1555 2295 1608 et
2325 1556 2723 1627 mystagogus,
2756 1549 2914 1610 Deus
2946 1565 3081 1607 eum
3113 1543 3408 1624 sapiontia
3458 1543 3629 1605 sedet

1974 1635 2035 1696 in
2073 1636 2288 1697 mentis
2320 1637 2560 1711 throno,
2597 1637 2671 1698 ad
2704 1635 3113 1697 iul'ormandas
3158 1635 3401 1695 virtutes
3441 1630 3624 1696 emit-

1977 1735 2108 1788 tens
2146 1726 2413 1792 Verbum
2449 1749 2461 1789 :
2497 1727 2683 1808 quod,
2732 1744 2807 1789 ex
2848 1743 3206 1805 unaquaque
3251 1722 3625 1785 subditarum

1976 1816 2092 1877 sibi
2126 1824 2479 1897 potestatum
2508 1834 2823 1878 assumens
2871 1814 3284 1894 praedictarum
3318 1812 3628 1874 materiam

235 1914 425 1993 ἀρχῶν
486 1913 581 1981 τὴν
644 1910 696 1976 ἐξ
753 1912 1003 1990 ἑκατέρας
1074 1911 1206 1979 ὕλην
1257 1919 1364 1968 τῶν
1434 1911 1744 1991 εἰρημένων,
1802 1911 1883 1965 τὸν

1976 1905 2294 1979 virtutum,
2353 1905 2722 1986 Spiritualem
2798 1904 3038 1983 pietatis
3109 1901 3400 1965 mundum
3467 1907 3630 1964 creat

236 2008 430 2069 νοητὸν
478 2007 577 2068 τῆς
636 1997 897 2065 εὐσεϐείας
954 2002 1154 2077 κόσμον
1212 1999 1530 2079 δημιουργεῖ
1574 2006 1642 2076 τῇ
1713 2004 1883 2078 ψυχῇ.

1975 1994 2211 2076 animae,
2243 2003 2420 2075 atque
2446 2004 2511 2056 ut
2539 1995 2753 2056 caelum
2787 1993 2903 2075 ipsi
2933 1992 3197 2055 extendit
3226 1990 3628 2073 prudentiam,

236 2093 341 2151 Καὶ
393 2093 466 2155 ὡς
518 2090 614 2165 μὲν
665 2090 884 2169 οόρανόν
962 2090 1179 2147 ἐκτείνει
1260 2090 1393 2167 αὒτῇ
1447 2091 1541 2157 τὴν
1614 2088 1883 2168 φρόνησιν,

1976 2102 2108 2164 quae
2138 2092 2256 2145 tota
2286 2084 2477 2147 stellis
2507 2103 2711 2165 sparsa
2734 2097 2825 2146 est
2847 2084 2919 2145 ad
2940 2082 3117 2144 vitam
3147 2080 3628 2162 illuminandam,

234 2180 371 2247 ὅλην
399 2181 743 2249 καταστερον·
778 2181 852 2242 εἷς
910 2178 1197 2255 ὁλολαμπῆ
1255 2180 1423 2259 ζωὴν,
1480 2178 1533 2235 ἐν
1657 2179 1730 2239 ὡς
1787 2174 1892 2231 δύω

235 2268 501 2349 μεγάλους
531 2270 814 2348 φωστῆρας
845 2269 942 2336 τὴν
984 2270 1124 2326 θείαν
1182 2277 1398 2348 γνῶσιν,
1456 2269 1544 2325 καὶ
1600 2268 1699 2335 τὴν
1732 2287 1889 2347 φυσι-

233 2361 337 2426 κὴν
418 2359 657 2437 θεωρίαν,
746 2357 1014 2440 λάμπειν.
1066 2362 1152 2416 καὶ
1234 2359 1611 2439 καταφωτίζειν
1694 2358 1891 2422 ταύτην

232 2462 384 2506 ποιεῖ
419 2465 432 2478 ’
481 2450 553 2511 ὡς
584 2445 636 2503 δὲ
684 2449 786 2526 γῆν
813 2447 1057 2522 θεμελιοϊ
1114 2449 1215 2516 τὴν
1261 2446 1594 2514 δικαιοσύνην
1626 2449 1784 2525 αύτῇ,
1816 2447 1889 2508 εἰς

231 2536 542 2596 πανδαισίαν
587 2534 851 2595 ἀδάπανον
887 2558 902 2573 ·
962 2540 1035 2601 ὡς
1066 2535 1120 2593 δὲ
1163 2537 1291 2616 ἀέρα
1335 2535 1574 2617 ἀφαπλοϊ
1628 2536 1727 2603 τὴν
1772 2556 1887 2591 σω-

231 2626 521 2708 φροσύνην,
571 2628 644 2689 εἷς
712 2625 962 2703 ἀνάψυξιν
1035 2628 1120 2683 καὶ
1176 2626 1360 2707 δρόσον
1432 2625 1886 2705 ἀκραιφνεστάτης

228 2723 424 2789 ζωής’
476 2717 549 2781 ὡς
606 2713 659 2772 δὲ
715 2715 982 2773 θάλασσαν
1038 2718 1134 2784 τὴν
1190 2715 1423 2796 ἀνδρείαν
1480 2717 1634 2795 ὁρίζει
1694 2715 1749 2771 ἐν
1818 2721 1886 2793 τῇ

230 2805 472 2878 ἀσθενείᾳ
541 2810 639 2871 τῆς
704 2806 932 2885 φύσεως,
1006 2809 1077 2872 εἷς
1142 2807 1437 2886 καθαίρεσιν
1494 2805 1881 2885 ὀχυρωμάτων,

228 2898 321 2953 καὶ
376 2896 681 2970 ὑψωμάτων
731 2901 823 2950 τοῦ
880 2895 1133 2956 ἐναντίου.
1210 2903 1401 2953 Τοῦτον
1458 2894 1546 2950 οὖν
1617 2893 1754 2950 οὕτω
1795 2895 1885 2950 τὸν

227 2986 433 3060 κόσμον
490 2988 517 3041 ὁ
564 2985 736 3062 Λόγος
794 2984 1106 3065 οἰκοδομῶν,
1169 2982 1384 3059 δύναμιν
1438 2983 1696 3050 ἐντίθησιν
1749 2985 1884 3059 αὒτῇ

225 3077 291 3131 τὸ
340 3081 550 3149 [Ινεὺμα
609 3076 680 3136 εἷς
751 3075 957 3140 κίνησιν
1002 3076 1099 3150 μὲν
1143 3078 1367 3145 νοητὴν,
1413 3074 1501 3130 καὶ
1561 3073 1881 3151 ἀεικίνητον,

1975 2181 2033 2233 et
2062 2173 2121 2232 in
2153 2191 2327 2253 quam
2359 2176 2522 2233 velut
2564 2173 2680 2234 duo
2726 2189 2938 2251 magna
2982 2170 3323 2250 luminaria,
3366 2169 3630 2247 divinam

1971 2261 2282 2322 scientiam
2318 2262 2740 2343 physicamque
2769 2259 3336 2341 contemplationem
3366 2259 3532 2339 ponit
3554 2258 3630 2321 ad

1976 2351 2133 2412 illam
2166 2351 2395 2430 fulgore
2426 2351 2859 2427 illustrandam;
2880 2360 2943 2411 ut
2962 2360 3179 2411 terram
3202 2359 3401 2412 autem
3426 2349 3623 2411 eidem

1974 2441 2177 2515 fundat
2200 2440 2518 2520 justitiam,
2561 2442 2633 2503 ad
2688 2439 3021 2503 convivium
3055 2438 3527 2519 sempiternum;
3563 2446 3629 2501 ut

1972 2548 2170 2591 aerem
2190 2530 2517 2610 explicatei
2550 2529 3023 2610 temperantiam,
3052 2529 3126 2590 ad
3155 2527 3624 2609 refrigerandam

1976 2619 2462 2700 irrorandamque
2481 2619 2863 2699 purissimam
2886 2620 3089 2688 vitam;
3109 2626 3171 2679 ut
3194 2636 3358 2679 mare
3381 2617 3625 2679 demum

1972 2709 2376 2771 fortitudinem
2429 2709 2631 2771 statuit
2673 2710 2731 2770 in
2776 2707 2995 2770 finibus
3025 2707 3349 2770 debilitatis
3373 2715 3619 2788 naturae,

1970 2799 2041 2859 ad
2091 2798 2484 2861 destruendas
2541 2807 2734 2861 turres
2796 2816 3081 2878 arresque
3136 2795 3389 2859 inimici.
3450 2795 3623 2860 Hunc

1972 2889 2146 2966 igitur
2176 2889 2463 2950 mundum
2495 2889 2581 2950 sic
2612 2907 2824 2950 creans
2852 2887 3143 2961 Verbum,
3175 2884 3437 2948 animam
3475 2905 3621 2948 con-

1969 2977 2166 3038 ﬁrmat
2207 2977 2438 3058 spiritu,
2493 2978 2567 3039 ad
2620 2986 2844 3039 motum
2894 2976 3262 3058 spiritualem
3298 2995 3366 3039 ac
3397 2995 3620 3058 perpe-

1970 3075 2157 3143 tuum,
2193 3076 2250 3128 et
2279 3067 2351 3129 ad
2404 3067 2690 3129 unionem
2735 3067 3199 3148 inseparabilem
3233 3084 3301 3127 ac
3332 3085 3616 3148 perman-

226 3166 302 3228 εἰς
334 3164 572 3244 συνοχὴν
603 3161 656 3218 δὲ
705 3161 1107 3219 ἀέιισκέδαστόν
1166 3186 1222 3219 τε
1280 3164 1366 3219 καὶ
1407 3160 1616 3241 διαρκῆ,
1646 3162 1782 3218 κατὰ
1825 3165 1883 3217 τὸ

1975 3174 2189 3230 suram,
2219 3157 2385 3237 juxta
2410 3158 2649 3219 effatum
2685 3156 2866 3219 David
2895 3177 2908 3217 :
2941 3182 2964 3214 υ
2993 3154 3462 3244 VerboDomini
3484 3155 3619 3219 caeli

402 3250 826 3273 I'\.pl.\

227 3256 502 3333 εἰρημένον
533 3256 632 3310 ὑπὸ
667 3256 826 3308 Δαὸίδ
857 3274 872 3288 ·

929 3274 951 3304 α
1016 3260 1101 3328 Τῷ
1157 3251 1301 3331 λόγῳ
1364 3254 1545 3332 Κυρίου
1595 3254 1641 3309 οἱ
1673 3250 1879 3330 οὕρανοὶ

1975 3246 2193 3308 'ormati
2219 3253 2378 3323 sunt,
2416 3254 2473 3308 et
2503 3245 2718 3327 spiritu
2742 3250 2864 3309 oris
2887 3245 3017 3325 ejus
3047 3243 3244 3307 omnis
3290 3244 3480 3309 virtus
3508 3263 3618 3309 eo-

225 3343 643 3421 ἐστερεώθησαν,
705 3344 791 3397 καὶ
848 3343 923 3417 τῷ
975 3343 1231 3418 πνεύματι
1276 3349 1369 3398 τοῦ
1416 3340 1680 3416 στόματος
1723 3340 1878 3396 αὒτοῦ
1956 3355 2091 3399 rum
2120 3338 2170 3400 9ο.
2211 3361 2237 3393 n

223 3439 373 3489 πᾶσα
400 3433 436 3500 ἦ
466 3431 680 3508 δύναμις
711 3431 905 3494 αὗτῶν,
951 3456 977 3487 »

306 3512 376 3583 ν’.
441 3531 571 3586 Ταῖς
644 3535 1029 3596 πνευματικαῒς
1087 3518 1494 3595 μεθηλικιώσεσι
1555 3526 1660 3575 τῶν
1706 3539 1875 3574 σπου-

220 3609 409 3691 δαίων,
481 3608 879 3676 συναυξάνεσθαι
959 3611 1158 3691 πειρυκε
1234 3611 1321 3666 καὶ
1392 3611 1420 3665 ὁ
1479 3612 1663 3686 Κύριος
1722 3608 1874 3682 ἡμῶν

222 3698 431 3766 Ἰησοῦς
482 3705 728 3780 Χριστός.
795 3702 891 3758 Καὶ
948 3699 1035 3756 ὅτε
1095 3701 1189 3775 μὲν
1248 3698 1428 3769 νήπιοί
1484 3699 1582 3753 εἶσι
1636 3694 1874 3773 δεόμενοι

218 3788 510 3867 γάλακτος,
569 3787 815 3860 θηλάζειν
889 3789 1099 3867 λέγεται
1156 3791 1217 3845 τὸ
1281 3786 1419 3867 γάλα
1488 3789 1592 3841 τῶν
1649 3788 1876 3863 εἰσαγω-

217 3884 391 3957 γικῶν
453 3878 654 3958 ἀρετῶν
712 3884 810 3945 τῆς
872 3880 1161 3957 γυμνασίας
1216 3889 1310 3936 τοῦ
1366 3878 1640 3955 σώματος,
1700 3878 1759 3932 οὗ
1815 3878 1876 3932 τὸ

216 3966 492 4046 ὠφέλιμον
536 3968 668 4046 πρὸς
717 3966 892 4045 ὀλίγον
948 3968 1056 4023 ἐστὶ
1108 3980 1224 4031 τοῖς
1270 3966 1540 4031 αὒξανουσι
1584 3965 1700 4022 κατ’
1746 3965 1873 4044 ἀρε-

216 4058 319 4136 τὴν
365 4058 617 4113 καὶκατὰ
674 4059 860 4136 μικρὸν
904 4055 1361 4131 ἀποῗαλλομενοις
1418 4059 1514 4122 την
1547 4055 1869 4123 νηπιότητα.

224 4126 344 4204 ﬂ0:5
399 4143 454 4200 δὲ
505 4147 636 4225 πρὸς
694 4147 995 4212 νεανίσκους
1052 4145 1305 4202 ἀνέλθωσι
1350 4147 1437 4202 καὶ
1495 4146 1594 4213 τὴν
1638 4143 1877 4223 στεῤῥεᾰν

214 4234 419 4315 τροφὴν
462 4234 754 4315 τρέφωνται
795 4238 891 4302 τῆς
948 4236 1164 4313 θεωρίας
1213 4237 1317 4291 τῶν
1361 4234 1550 4316 ὄντων,
1611 4238 1684 4298 ὡς
1715 4256 1878 4313 γεγυ-

2038 3517 2138 3580 50.
2175 3515 2443 3578 Fervidis
2488 3513 2879 3596 spiritualiter
2928 3512 3362 3590 crescentibus,
3399 3517 3619 3578 crescit

1963 3626 2098 3668 cum
2131 3607 2218 3667 eis
2251 3604 2535 3667 Dominus
2583 3610 2788 3665 noster
2833 3602 3009 3665 Jesus
3050 3604 3341 3667 Christus.
3375 3602 3450 3665 Et
3477 3623 3610 3666 cum

1963 3694 2188 3776 parvuli
2219 3703 2357 3756 sunt
2387 3694 2538 3756 lacte
2570 3693 2928 3772 indigentes,
2962 3710 3176 3772 sugere
3209 3692 3493 3756 dicuntur
3521 3694 3614 3757 lac

1959 3783 2252 3845 initialum
2287 3783 2567 3845 virtutum
2600 3782 2926 3863 corporalis
2954 3781 3423 3857 exercitationis,
3457 3783 3617 3865 quod

1962 3893 2165 3954 parum
2200 3874 2344 3934 utile
2376 3882 2465 3934 est
2488 3872 2562 3933 iis
2593 3871 2694 3953 qui
2726 3880 3003 3933 crescunt
3027 3871 3087 3932 in
3118 3871 3332 3933 virtute
3363 3890 3433 3933 ac
3464 3891 3615 3954 pau-

1961 3964 2144 4044 lisper
2168 3963 2470 4025 infantiam
2491 3970 2728 4023 exuunt.
2758 3964 2904 4023 Cum
2929 3968 3128 4023 autem
3158 3962 3230 4024 ad
3262 3961 3617 4025 adolescen-

1960 4056 2097 4114 tiam
2133 4061 2551 4134 perveneruut,
2582 4061 2636 4114 et
2668 4051 2859 4113 solido
2892 4050 3242 4114 nutriuntur
3286 4051 3419 4113 cibo
3462 4070 3612 4115 con-

1965 4143 2370 4221 templationis
2418 4160 2640 4217 rerum,
2676 4149 2740 4202 ut
2767 4141 3043 4203 sensibus
3093 4140 3312 4203 animae
3343 4142 3611 4219 exerciti,

1963 4251 2236 4295 cro-scere
2285 4232 2565 4294 dicuntur
2612 4238 2783 4293 aetate
2831 4239 2891 4292 et
2940 4229 3150 4309 gratia,
3201 4230 3264 4291 in
3294 4229 3615 4313 medioque

215 4324 517 4400 μνασμένοι
545 4326 613 4381 τὰ
650 4331 750 4392 τῆς
795 4330 979 4406 ψυχῆς
1016 4327 1350 4405 αἰσθητήρια,
1407 4326 1724 4405 προκόπτειν
1781 4324 1874 4380 λέ-

1975 4322 2265 4384 scniorum
2297 4316 2532 4395 Sedere,
2568 4329 2625 4382 et
2663 4321 2750 4381 eis
2797 4321 3064 4382 revelare
3113 4319 3407 4399 profunda
3441 4327 3615 4383 tene-

213 4435 370 4492 γεται
427 4413 609 4486 ἡλικίᾳ
666 4417 752 4471 καὶ
825 4418 1031 4495 χάριτι,
1119 4417 1206 4471 καὶ
1288 4415 1448 4490 μέσον
1516 4414 1874 4494 πρεσϐυτέρων

1975 4432 2223 4475 ararum.
2260 4411 2403 4475 Cum
2437 4411 2695 4491 denique
2728 4410 2785 4470 in
2814 4410 3004 4470 virum
3038 4409 3369 4490 perfectum
3402 4428 3613 4490 perve-

211 4502 583 4592 szs'ZeaOzt,’
622 4506 710 4559 καὶ
769 4503 1150 4561 ἀνακαλύπτειν
1212 4508 1392 4567 αὺτοῖς
1460 4505 1524 4559 τὰ
1596 4504 1755 4580 βαθέα
1817 4503 1875 4560 ἐκ

1975 4512 2175 4565 ierunt
2204 4512 2262 4564 et
2301 4504 2362 4564 in
2417 4519 2753 4563 mensuram
2786 4499 2976 4561 aetatis
3011 4498 3402 4580 plenitudinis
3431 4498 3608 4583 Chri-

214 4592 466 4655 σκότους.
558 4579 670 4650 Ὀτε
741 4590 794 4648 δὲ
852 4596 982 4673 πρὸς
1042 4591 1196 4672 ἄνδρα
1238 4592 1460 4666 τέλειον,
1510 4594 1638 4670 πρὸς
1684 4593 1872 4673 μέτρον

212 4680 432 4750 ἡλικίας
490 4679 808 4737 τελειωθκῦσι
871 4691 961 4739 το)
1032 4682 1391 4761 πληρώματος
1461 4689 1553 4737 τοῦ
1624 4690 1871 4761 Χριστοῦ,

211 4771 501 4847 κηρύσσειν
558 4768 770 4847 λέγεται
829 4774 918 4827 τὸν
991 4772 1149 4850 λόγον
1206 4778 1334 4829 πᾶσι
1405 4772 1500 4839 τῆς
1568 4772 1872 4846 μετανοίας,

210 4865 305 4919 καὶ
334 4860 597 4919 διδάσκειν
647 4864 768 4928 τοὺς
827 4861 984 4927 λαοὺς
1040 4867 1106 4919 τα
1162 4865 1278 4942 περὶ
1333 4863 1427 4930 τξς
1471 4862 1737 4940 βασιλείας
1769 4870 1874 4919 τῶν

213 4952 477 5032 οὖρανῶν,
544 4953 633 5009 καὶ
681 4954 811 5030 πρὸς
868 4954 928 5008 τὸ
983 4956 1171 5009 παθεῖν
1230 4952 1646 5030 κατεπείγεσθαι,
1710 4959 1875 5010 Τοῦτο

210 5044 321 5123 γήρ
366 5041 477 5099 ἐστι
508 5044 568 5098 τὸ
632 5041 775 5107 τέλος
821 5045 1018 5107 παντὸς
1077 5050 1167 5099 τοι)
1210 5042 1577 5106 τελειωθέντος
1639 5043 1690 5097 ἐν
1748 5042 1876 5121 ἀρε-

210 5146 367 5212 ταῗς,
400 5130 495 5188 ἵνα
526 5132 660 5207 μετά
690 5133 750 5187 τὸ
780 5132 954 5196 πασας
987 5130 1212 5189 διελθεῖν
1261 5133 1356 5195 τὰς
1384 5130 1593 5199 ἡλικίας
1624 5139 1868 5211 Χριστοῦ,

212 5223 288 5286 εἷς
319 5223 384 5278 τὸ
412 5222 578 5286 πάθος
609 5222 917 5298 καταντήσῃ
948 5223 1053 5280 τῶν
1082 5226 1410 5301 πειρασμῶν,
1458 5221 1592 5277 κατὰ
1622 5223 1712 5278 τὸν
1741 5221 1873 5278 ἐκεί-

212 5333 305 5369 νου
332 5310 579 5391 σταυρόν.

295 5390 408 5466 να’,
489 5383 620 5462 αΕως
650 5401 750 5456 ὑπὸ
801 5401 866 5456 τὰ
923 5414 1172 5480 στοιχεῖα
1227 5400 1324 5468 σῆς
1370 5402 1658 5480 γυμνασίας
1689 5402 1870 5478 ἐσμὲν,

293 5602 328 5653 ³
360 5601 516 5666 Psal.
552 5619 741 5677 xxxu,
773 5604 835 5665 6.
920 5603 951 5653 ὅ
989 5603 1204 5685 Ephes.
1239 5620 1317 5679 ιν,
1356 5602 1450 5665 t3.

1959 4594 2103 4666 sti5,
2141 4592 2466 4673 praedicare
2497 4590 2776 4652 dicuntur
2805 4588 3087 4650 omnibus
3121 4587 3372 4650 verbum
3409 4589 3607 4670 poeni-

1959 4684 2181 4755 tentiae,
2218 4690 2273 4743 et
2305 4682 2523 4743 docere
2573 4679 2822 4759 populos
2872 4676 3152 4759 mysteria
3199 4677 3367 4757 regni
3422 4677 3607 4741 θεειο-

1959 4792 2112 4844 rum,
2177 4779 2233 4832 et
2279 4770 2353 4832 ad
2409 4787 2647 4831 crucem
2710 4784 3055 4848 properare.
3110 4764 3255 4828 Nam
3309 4767 3506 4829 omnis
3546 4768 3610 4831 in

1956 4862 2174 4923 virtute
2208 4860 2505 4941 perfectus
2539 4876 2609 4919 eo
2639 4856 2874 4918 tandem
2920 4855 3179 4932 devenit,
3206 4863 3268 4919 ut
3296 4863 3607 4940 postquam

1961 4951 2259 5032 percurrit
2298 4957 2499 5011 aetates
2548 4945 2789 5018 Christi,
2832 4953 3108 5008 occurrat
3149 4943 3210 5007 in
3262 4945 3605 5027 passionem

1964 5038 2381 5113 tentationum,
2417 5045 2477 5099 ut
2508 5036 2609 5098 ille
2637 5035 2697 5097 in
2729 5054 2993 5099 crucem.

2035 5400 2135 5461 51.
2158 5395 2431 5470 Quandiu
2459 5394 2571 5456 sub
2598 5394 2918 5458 elementis
2939 5393 3350 5459 execitationis
3368 5410 3601 5477 sumus,
