4144 6374
488 355 609 422 979
1784 352 2091 418 NICETIE
2130 352 2564 419 PEGTORATI
3771 346 3903 418 980

486 496 766 553 caventes
813 511 849 556 a
895 493 1185 572 gustando
1243 493 1555 567 alimenta,
1616 489 1711 551 vel
1771 507 1805 551 a
1851 481 2145 568 pulpando

2236 490 2701 566 παρατηρούμενοι
2752 489 3006 547 ἅπτεσθαι
3049 491 3369 571 βρωμάτων,
3415 490 3451 559 ἢ
3506 489 3668 569 θίγειν
3722 485 3896 567 ἆφῆς,

488 579 815 660 tangibilia,
867 583 958 644 vel
1007 582 1081 645 ab
1121 582 1496 665 inspicienda
1554 577 2025 665 pulchritudine,
2056 572 2145 634 vel

2231 573 2267 643 ἢ
2337 575 2653 650 ἀνατενίζειν
2725 581 3071 659 ὡραιότησιν,
3150 580 3185 649 ἢ
3244 578 3423 656 μελῶν
3480 580 3787 658 ἀκροᾶσθαι,
3848 575 3894 643 ἢ

486 669 564 733 ab
593 670 910 734 audiendis
938 663 1278 734 canoribus.
1316 671 1403 733 vel
1438 670 1510 732 ab
1544 667 1836 731 odoribus
1858 663 2148 728 olfacien-

487 758 604 840 dis,
638 760 748 821 sub
789 760 1084 823 tutoribus
1134 769 1195 824 et
1242 760 1545 823 actoribus
1595 776 1827 830 sumus,
1860 763 1925 816 ut
1953 754 2150 815 adhuc

489 849 741 930 parvuli,
758 850 1031 931 quamvis
1048 851 1318 913 liaaredes
1340 849 1529 913 simus
1544 856 1602 909 et
1619 844 1850 910 domini
1880 841 2145 931 omnium

488 929 679 1000 Patris
709 929 1028 1003 bonorum.
1061 940 1135 1002 At
1163 938 1266 1001 ubi
1307 940 1468 1001 venit
1513 934 1819 1019 plenitudo
1864 929 2152 1012 temporis

488 1027 673 1109 illius,
705 1035 765 1089 et
810 1048 917 1110 per
957 1029 1500 1111 impassibilitatem
1555 1026 1801 1106 impleta
1846 1031 1981 1111 est,
2011 1028 2152 1111 tunc

488 1107 754 1180 Verbum
785 1107 846 1179 in
881 1107 1060 1180 nobis
1084 1119 1158 1180 de
1181 1137 1331 1200 puro
1355 1117 1539 1179 corde
1569 1114 1854 1187 nascitur,
1883 1107 2149 1200 etfitsub

488 1206 622 1287 lege
653 1206 923 1288 spiritus,
954 1217 1016 1269 ut
1046 1227 1155 1270 nos
1181 1198 1286 1289 qui
1318 1206 1428 1268 sub
1478 1207 1610 1285 lege
1641 1220 1849 1265 smnus
1879 1198 2151 1262 carnales

486 1286 711 1375 sumus,
762 1286 1056 1371 redimat,
1105 1304 1163 1359 et
1204 1286 1592 1375 adoptionem
1657 1292 1915 1354 ﬁliorum
1978 1286 2152 1349 nobis

484 1384 720 1448 reddat.
755 1384 882 1448 Hoc
912 1395 1110 1448 autem
1144 1385 1321 1459 facto,
1352 1394 1493 1447 tunc
1512 1381 1850 1464 Spiritusin
1872 1376 2152 1439 cordibus

484 1474 708 1537 nostris
742 1477 963 1539 clamat
1002 1495 1016 1536 :
1082 1499 1106 1531 α
1142 1475 1354 1551 Abba,
1409 1474 1581 1536 Pater
1640 1493 1669 1531 ι
1723 1468 2049 1532 ostendens
2094 1474 2154 1528 et

485 1565 871 1627 manifestans
902 1563 1077 1627 nobis
1107 1564 1482 1637 ﬁliationem,
1512 1560 1648 1623 etin
1689 1559 1879 1622 Deum
1911 1559 2149 1641 Patrem

484 1654 936 1719 conﬁdentiam.
968 1653 1044 1716 Et
1071 1653 1385 1715 nobiscum
1417 1651 1643 1713 habitat
1672 1658 1731 1711 et
1763 1644 2145 1727 colloquitur,

482 1753 761 1826 tanquam
786 1743 926 1806 ﬁliis
956 1751 1015 1805 et
1034 1742 1375 1806 baeredibus
1395 1741 1526 1817 Dei,
1554 1736 1832 1802 servituti
1857 1750 2148 1796 sensuum

486 1852 606 1895 non
637 1831 929 1915 subjectis
948 1833 1001 1896 4.

564 2011 665 2076 52.
701 2010 909 2075 Coram
955 2009 1075 2073 illis
1126 2010 1228 2093 qui
1271 2011 1598 2081 ut‘J’etrus
1625 2005 1687 2067 in
1720 2003 1835 2066 fide
1868 1999 2144 2083 profece-

483 2110 652 2171 runt.
699 2111 766 2164 ut
811 2099 1070 2166 Jacobus
1124 2100 1198 2163 ad
1250 2119 1418 2181 spem
1479 2093 1902 2172 ascenderunt,
1960 2099 2143 2170 utque

480 2194 743 2257 Joannes
774 2190 834 2252 in
861 2191 1148 2253 charitate
1198 2189 1441 2270 perfecti
1490 2194 1649 2266 sunt,
1686 2183 2145 2259 transﬁguratur

488 2280 795 2354 Dominus,
831 2289 1144 2362 postquam
1176 2280 1237 2341 in
1270 2279 1567 2342 excelsum
1619 2273 1935 2362 theologia;
1967 2286 2146 2362 mon-

480 2378 602 2432 tum
633 2360 936 2446 ascendit;
969 2360 1028 2432 et
1056 2368 1406 2450 reSplendet
1435 2367 1522 2429 eis
1558 2365 1715 2427 sicut
1756 2363 1844 2424 sol
1894 2360 2046 2450 facie
2092 2364 2150 2418 et

482 2460 828 2522 charactere
852 2460 987 2540 puri
1008 2449 1214 2533 Verbi,
1241 2454 1706 2537 cogitationibus
1728 2471 1867 2514 vero
1898 2449 2151 2511 abscon-

481 2549 620 2612 ditae
654 2549 963 2629 sapientiae
1011 2549 1078 2610 ﬁt
1129 2547 1387 2626 fulgidus
1434 2545 1589 2607 sicut
1643 2544 1742 2605 lux
1772 2562 1788 2618 ;
1819 2550 1878 2602 et
1907 2542 2153 2619 apparet

480 2640 544 2702 in
576 2637 666 2700 eis
697 2639 987 2714 Verbum,
1023 2638 1286 2699 medium
1317 2645 1478 2697 stans
1506 2635 1664 2696 inter
1695 2633 1891 2710 legem
1924 2635 1983 2689 et
2014 2644 2155 2707 pro-

485 2727 775 2809 phetiam,
806 2727 923 2789 alia
952 2726 1310 2808 praecipiens
1335 2744 1404 2786 ac
1439 2726 1687 2796 docens,
1725 2720 1842 2781 alia
1872 2716 2144 2809 revelans

2232 665 2411 744 μύρων
2500 669 2886 747 ὀσφραίνεσθαι,
2969 669 3071 724 ὑπὸ
3163 667 3476 748 ἐπιτρόπους
3570 667 3730 743 ἐσμὲν
3798 665 3898 722 καὶ

2232 755 2566 837 οἰκονόμους,
2610 759 2683 820 ὡς
2714 755 2789 813 ἔτι
2820 758 3024 831 νήπιοι,
3074 759 3118 813 εί
3172 759 3262 813 καὶ
3318 756 3658 837 κληρονόμοι.
3684 754 3898 833 τυγχά-

2235 864 2415 924 νομεν,
2448 847 2536 902 καὶ
2565 847 2730 924 κύριοι
2781 847 2992 903 πάντων
3042 854 3148 903 τῶν
3203 853 3294 904 τοῦ
3352 847 3581 927 Πατρός,
3633 826 3746 903 οὗτε
3802 841 3900 898 διὰ

2235 928 2358 1008 ἔλθῃ
2413 934 2475 989 τὸ
2530 933 2798 1014 πλήρωμα
2854 941 2945 991 τοῦ
3003 936 3199 1016 χρόνου
3256 936 3445 1014 αὐτῆς,
3505 937 3592 991 καὶ
3648 931 3732 990 διὰ
3784 936 3894 999 τῆς

2233 1019 2485 1086 ἀπαθείας
2546 1022 2824 1103 πληρωθῇ,
2873 1024 2993 1081 τότε
3054 1031 3298 1103 γεννᾶται
3356 1028 3384 1081 6
3426 1024 3587 1103 λόγος
3642 1023 3696 1079 ἐν
3748 1024 3897 1098 ἡμῖν

2232 1107 2292 1165 ἐκ
2338 1113 2567 1190 καθαρᾶς
2616 1109 2869 1194 διανοίας,
2930 1115 3018 1171 καὶ
3061 1116 3258 1193 γίνεται
3313 1115 3414 1170 ὑπὸ
3470 1116 3561 1170 τὸν
3604 1114 3764 1188 νόμον
3794 1117 3893 1167 τοῦ

2232 1199 2560 1274 Πνεύματος,
2607 1200 2700 1258 ἵνα
2744 1203 2866 1267 τοὺς
2908 1205 3010 1260 ὑπὸ
3071 1205 3232 1280 νόμον
3302 1206 3445 1280 ἡμᾶς
3500 1209 3593 1260 τοῦ
3636 1207 3887 1281 σαρκικοῦ

2231 1290 2570 1367 φρονήματος
2601 1288 2753 1356 ὄντας
2787 1291 3103 1373 ἐξαγοράσῃ,
3155 1295 3243 1350 καὶ
3300 1294 3399 1361 τὴν
3454 1293 3707 1349 υἱοθεσίαν
3747 1292 3887 1364 ἡμῖν

2231 1374 2475 1452 ἀποδῴη.
2525 1381 2722 1438 Τούτου
2754 1379 2808 1437 δὲ
2839 1383 3147 1461 γεγονότος,
3205 1384 3328 1440 τότε
3383 1383 3559 1463 κράζει
3616 1382 3677 1438 τὸ
3719 1386 3893 1436 Πνεῦ-

2233 1488 2307 1540 μα
2337 1467 2410 1529 εἰς
2453 1468 2546 1531 τὰς
2578 1467 2792 1549 καρδίας
2837 1472 3016 1552 ἡμῶν,
3068 1469 3234 1529 Ἀϐϐἆ
3285 1475 3313 1529 6
3358 1473 3542 1550 Πατήρ
3579 1490 3594 1505 ·
3655 1468 3894 1527 δεικνύον

2231 1555 2319 1610 καὶ
2375 1557 2628 1635 γνωρίζον
2670 1560 2806 1635 ἡμῖν
2862 1561 2962 1628 τὴν
3012 1561 3258 1634 υἱότητα,
3319 1562 3408 1617 καὶ
3451 1560 3549 1628 τὴν
3604 1561 3738 1638 πρὸς
3794 1560 3897 1615 τὸν

2231 1641 2439 1720 Πατέρα
2481 1648 2575 1702 καὶ
2601 1648 2729 1705 Θεὸν
2772 1647 3087 1728 παρρησίαν.
3142 1651 3241 1707 Καὶ
3285 1651 3358 1713 ὡς
3415 1652 3552 1712 υἱοῖς
3611 1649 3699 1704 καὶ
3738 1646 3893 1715 κλη-

2231 1731 2477 1819 ρονόμοις
2532 1742 2663 1792 Θεοῦ
2720 1734 2803 1794 διὰ
2861 1745 3110 1819 Χριστοῦ,
3154 1740 3292 1815 ἡμῖν
3347 1738 3743 1817 συμπαραμένει
3799 1742 3894 1797 καὶ

2164 1816 2550 1898 Βδιαλέγεται,
2624 1826 2702 1901 μὴ
2760 1833 2830 1903 τῇ
2888 1816 3104 1899 δουλεία
3145 1829 3251 1884 τῶν
3301 1816 3593 1897 αἰσθήσεων
3651 1848 3886 1906 κρατου-

2224 1929 2428 1984 μένοις.

2305 1987 2409 2074 νβ’.
2459 2009 2586 2066 Τοῖς
2631 2004 2771 2062 κατὰ
2816 2004 3011 2085 Πέτρον
3079 2007 3150 2069 είς
3209 2006 3384 2061 πίστιν
3439 2004 3741 2084 προκόψασι
3797 2005 3892 2061 καὶ

2224 2087 2361 2143 κατὰ
2422 2085 2674 2148 Ἰάκωϐον
2729 2096 2804 2157 εἷς
2875 2092 3060 2151 ἐλπίδα
3143 2091 3505 2168 ἐπανελθοῦσι,
3577 2095 3667 2150 καὶ
3748 2094 3892 2152 κατᾶ

2226 2174 2476 2264 Ἰωάννην
2557 2181 2629 2245 εἰς
2715 2182 2932 2261 ἀγαπην
3017 2182 3370 2257 τελειωθεῖσι,
3457 2192 3889 2264 μεταμορφοῧται

2228 2266 2301 2353 Si:
2330 2263 2449 2344 ὅρος
2491 2268 2696 2343 ὑψηλὸν
2755 2271 3006 2341 ἀνελθὼν,
3069 2272 3367 2353 θεολογίας,
3425 2275 3454 2329 6
3512 2274 3699 2352 Κύριος
3719 2263 3742 2301 γ’
3796 2275 3892 2329 καὶ

2229 2352 2428 2423 λάμπει
2476 2357 2573 2431 μὲν
2616 2362 2799 2427 αὐτοῖς
2860 2369 2926 2438 τῇ
2983 2362 3259 2443 ἐπιφανείᾳ
3298 2363 3386 2418 καὶ
3441 2367 3517 2436 τῷ
3574 2367 3883 2442 χαρακτῆρι

2230 2448 2323 2531 τοῦ
2353 2448 2590 2531 ,καθαροῦ
2632 2447 2815 2531 λόγου,
2863 2454 2936 2515 ὡς
2966 2454 2994 2509 6
3036 2450 3192 2519 ἥλιος
3225 2468 3240 2482 ·
3287 2464 3405 2514 τοῖς
3435 2447 3490 2506 δὲ
3522 2452 3752 2525 νοήμασι
3782 2456 3887 2519 τῆς

2233 2529 2530 2620 ᾇποῤῥήτου
2563 2540 2771 2620 σοφίας,
2803 2529 3001 2619 γίνεται
3045 2538 3288 2620 λαμπρὸς
3346 2541 3420 2603 ὡς
3472 2540 3535 2595 τὸ
3578 2545 3689 2619 φῶς
3719 2555 3734 2570 ⁸
3797 2543 3891 2598 καὶ

2234 2617 2417 2694 ὁρᾶται
2461 2622 2489 2677 6
2545 2620 2704 2701 λόγος
2748 2617 2826 2683 ἐν.
2866 2628 3092 2699 τούτοις,
3154 2617 3314 2704 μέσον
3372 2628 3539 2693 ἑστὼς
3594 2617 3757 2704 νόμου
3798 2626 3892 2684 καὶ

2229 2709 2555 2785 προφητεξας
2592 2728 2605 2741 ⁸
2657 2715 2725 2771 τὰ
2771 2716 2868 2792 μὲν
2912 2720 3210 2793 νομοθετῶν
3256 2718 3344 2773 καὶ
3398 2715 3679 2790 διδάσκων,
3720 2718 3787 2774 τὰ
3831 2717 3889 2773 δὲ

485 2795 555 2878 cx
588 2795 902 2896 profundis
945 2795 1433 2895 absconditisque
1482 2811 1791 2892 sapientiae
1823 2803 2140 2896 thesauris,

2231 2795 2314 2850 καὶ
2387 2797 2769 2860 ἀνακαλύπτων
2837 2805 2897 2863 ἐκ
2969 2806 3172 2884 βαθέων
3219 2809 3307 2864 καὶ
3360 2807 3733 2887 κεκρυμμένων
3790 2811 3889 2874 θη-

485 2892 808 2983 aliquando
833 2905 1016 2967 etiam
1049 2892 1381 2986 praevidens
1414 2911 1473 2964 et
1505 2899 1864 2981 praedicens.
1899 2929 1976 2942 —
2006 2892 2145 2956 Illos

2233 2892 2440 2986 σαυρῶν
2470 2897 2580 2986 τῆς.
2602 2896 2782 2976 σοφίας
2815 2916 2833 2934 ο
2879 2896 2987 2955 ἔσθ’
3032 2897 3119 2955 ὅτε
3176 2900 3264 2956 καὶ
3304 2905 3564 2979 προορῶν,
3600 2900 3687 2955 καὶ
3741 2921 3885 2979 προ-

485 3003 551 3055 ut
592 2972 792 3057 'nubes
841 2972 1409 3056 lucida.obumbrat
1458 2972 1741 3071 spiritus,
1776 2994 1834 3048 et
1863 3003 2005 3047 ecce
2040 3000 2145 3042 vox

2232 2972 2404 3071 λέγων
2442 2993 2479 3010 ⁸·
2531 2983 2617 3048 οὓς
2674 2987 2762 3042 καὶ
2828 2990 2902 3051 ὡς
2946 2986 3140 3067 νεφέλη
3199 2989 3433 3068 φωτεινὴ
3475 2972 3885 3059 ἐπισκιάζει-τὸ

488 3083 752 3164 πηγειίοω
800 3082 1116 3162 theologia:
1157 3081 1232 3142 de
1285 3080 1445 3143 nube
1486 3068 1561 3143 ad
1610 3096 1711 3140 eos
1753 3074 1936 3147 venit,
1985 3073 2145 3164 ipsos

2231 3069 2600 3164 11-15691,“le
2650 3076 2801 3155 φωνὴ
2857 3082 3115 3152 μυστικῆς
3172 3076 3446 3153 θεολογίας
3501 3075 3702 3135 ἐκεῖθεν
3748 3081 3883 3158 πρὸς

486 3157 712 3235 docens
747 3157 1094 3254 mysterium
1130 3171 1239 3234 Dei
1285 3171 1346 3232 in
1402 3170 1594 3232 tribus
1638 3164 1932 3250 personis,
1977 3160 2145 3254 et

2231 3157 2418 3222 αὐτοὺς
2474 3158 2711 3244 ἔρχεται,
2778 3173 2981 3240 μυοῦσα
3050 3168 3112 3222 τὸ
3182 3169 3472 3247 μυστήριον
3544 3168 3731 3231 αὖτοὺς
3782 3157 3884 3237 τῆς

485 3280 679 3325 cens:
718 3287 746 3319 α
774 3251 884 3324 Hic
933 3270 1022 3323 est
1067 3261 1320 3324 dilectus
1368 3278 1537 3322 meus
1583 3282 1610 3315 ι
1659 3255 1948 3320 terminus
1978 3251 2145 3314 verbi

485 3351 900 3434 perfectionis,
940 3375 967 3406 α
1001 3350 1064 3412 in
1114 3368 1233 3431 quo
1288 3347 1624 3430 complacui
1660 3349 1694 3398 δ
1737 3370 1764 3403 n
1820 3341 1966 3405 mihi
2013 3342 2145 3404 fieri

488 3442 644 3506 filios
673 3441 973 3524 perfectos
1003 3440 1065 3502 in
1091 3439 1359 3522 perfecto
1390 3436 1628 3520 spiritu.

566 3619 668 3685 53.
706 3619 927 3685 Anima
955 3618 1155 3705 omnia
1185 3625 1425 3681 terrena
1454 3615 1818 3705 despiciens,
1855 3621 1913 3675 et
1940 3630 2144 3675 amore

485 3710 596 3775 Dei
627 3709 866 3792 penitus
893 3700 1221 3783 vulnerata,
1257 3713 1497 3788 raptum
1527 3700 2138 3792 quemdamsingula-

482 3816 611 3862 rem
631 3791 711 3860 ac
740 3796 1010 3861 divinum
1051 3795 1232 3859 subit.
1267 3798 1580 3875 Postquam
1625 3792 1784 3856 enim
1817 3791 1976 3851 clare
2005 3807 2139 3869 per-

487 3886 682 3969 spexit
704 3894 945 3949 naturas
964 3886 1344 3965 rationesque
1371 3885 1596 3946 entium
1621 3891 1683 3944 et
1703 3899 1901 3942 rerum
1936 3880 2139 3940 huma-

484 3968 698 4039 narum
748 3974 1072 4037 novissima
1116 3972 1432 4046 intellexit,
1488 3990 1607 4032 non
1639 3970 1892 4049 amplius
1923 3968 2142 4048 patitur

487 4083 552 4128 se
573 4064 733 4127 intra
761 4064 1049 4125 mundum
1078 4079 1394 4123 remanere
1424 4072 1483 4123 et
1513 4059 1693 4121 rebus
1714 4057 2141 4135 circumjacen-

485 4154 646 4216 tibus
690 4151 1135 4224 circumscribi,
1187 4150 1294 4212 sed
1344 4148 1616 4230 proprios
1664 4147 2138 4221 limites,trans-

483 4261 713 4325 gressa,
745 4259 1029 4304 sensuum
1080 4239 1319 4302 vincula
1367 4239 1605 4317 fragens
1647 4244 1709 4325 et
1738 4244 1974 4298 naturas
2004 4253 2139 4296 om-

484 4322 651 4397 nium
701 4331 1073 4412 transiliens,
1125 4329 1402 4392 tenebras
1449 4324 1762 4404 theologize
1811 4324 1871 4385 in
1903 4322 2140 4385 silentio

2227 3251 2642 3335 τρισυποστάτου
2698 3255 2985 3327 θεότητος,
3046 3256 3133 3312 καὶ
3166 3253 3321 3312 ,οὕτω
3375 3255 3603 3335 λέγουσι
3636 3272 3653 3288 '
3712 3257 3881 3322 Οὗτός

2227 3331 2367 3425 ἐστιν
2397 3339 2425 3393 6
2455 3337 2732 3417 ἀγαπητός
2764 3365 2865 3417 μου
2912 3343 3034 3425 ὅρος
3082 3354 3175 3402 τοῦ
3229 3343 3388 3422 λόγο)
3417 3331 3516 3412 τῆς
3549 3343 3879 3411 τελειώσεως

2225 3421 2281 3480 ἐν
2309 3429 2355 3501 ᾧ
2397 3425 2682 3512 εὐδόκησα,
2726 3421 2957 3510 γίνεσθαί
3012 3457 3104 3511 μοι
3152 3421 3383 3498 τελείους
3409 3436 3573 3515 υἱοὺς,
3606 3435 3661 3491 ἐν
3692 3434 3882 3510 τελείῳ

2224 3517 2507 3593 πνεύματι.

2304 3597 2409 3685 νγ’.
2474 3610 2639 3690 Ψυχή
2694 3618 2799 3668 τῶν
2855 3611 3208 3693 χαμαιζήλων
3265 3614 3478 3671 πάντων
3532 3618 3876 3697 καταφρονή-

2224 3715 2385 3775 σασα,
2428 3698 2517 3754 καὶ
2559 3698 2751 3764 ὁλικῶς
2809 3708 2887 3777 τῷ
2946 3699 3097 3781 ἔρωτι
3146 3704 3410 3780 τρωθεῖσα
3440 3710 3594 3784 Θεοῦ,
3628 3702 3875 3761 ἔκστασίν

2222 3807 2340 3872 τινα
2383 3786 2534 3855 ξένην
2594 3790 2680 3846 καὶ
2734 3791 2872 3847 θείαν
2919 3788 3244 3871 Capiet-autc
3271 3792 3416 3851 Μετὰ
3463 3793 3562 3872 γὰρ
3618 3795 3679 3850 τὸ
3729 3815 3871 3850 κατ-

2220 3871 2355 3943 tactv
2384 3884 2587 3957 τρανῶς
2618 3880 2711 3946 τὰς
2751 3881 2931 3960 φύσεις
2989 3887 3092 3937 τῶν
3136 3881 3300 3937 ὀντων
3359 3882 3445 3939 καὶ
3498 3883 3620 3945 τοὺς
3679 3880 3872 3960 λόγους

2222 3964 2391 4021 αὒτῶν
2442 3967 2533 4023 καὶ
2587 3969 2653 4024 τὰ
2719 3967 2848 4037 τέλη
2918 3972 3023 4026 τῶν
3079 3969 3255 4048 ἀνθρω
3280 3970 3421 4026 .ίνων
3487 3969 3882 4029 καταλαϐέσθαι

2221 4054 2573 4132 πραγμάτων,
2633 4055 2779 4120 ἐντὸς
2835 4057 2931 4113 οὒκ
2986 4057 3238 4138 ἀνέχεται
3294 4068 3388 4119 τοῦ
3444 4061 3641 4124 παντὸς
3694 4058 3880 4119 ἔκτοτε

2225 4142 2391 4213 εἶναι,
2441 4147 2529 4201 καὶ
2575 4145 2652 4219 τῷ
2694 4145 2998 4227 περιέχοντι
3054 4148 3463 4229 περιγράφεσθαι
3498 4164 3512 4178 ⁸
3576 4147 3713 4205 ἀλλὰ
3769 4152 3881 4208 τῶν

2225 4232 2418 4299 ἑαυτῆς
2497 4232 2632 4312 ὅρων
2703 4233 2954 4316 ἐκστᾶσα,
3026 4238 3112 4293 καὶ
3164 4239 3232 4294 τὰ
3286 4236 3453 4315 δεσμὰ
3506 4240 3877 4309 τυραννήσασα

2221 4326 2321 4388 τῆς
2378 4323 2697 4403 αἰσθήσεως,
2757 4325 2852 4387 τὰς
2928 4326 3108 4407 φύσεις
3176 4327 3387 4384 πάντων
3438 4328 3738 4408 περάσασα,
3798 4331 3876 4395 είς

483 4421 776 4486 ineffabili
796 4411 1151 4500 ingreditur,
1176 4418 1278 4480 Dei
1300 4416 1802 4499 pulchritudinem
1827 4414 1887 4475 in
1914 4412 2140 4475 lumine

2231 4411 2421 4500 γνόφον
2488 4411 2761 4492 θεολογίας
2834 4413 2888 4470 ἐν
2957 4414 3168 4495 ἆῤῥήτῳ
3226 4423 3354 4495 σιγῇ
3411 4417 3733 4500 εἰσέρχεται,
3788 4421 3883 4476 καὶ

480 4513 906 4592 cogitationum
958 4507 1378 4571 inenarrabilis
1426 4505 1732 4588 sapientia:
1775 4503 2135 4592 considerat,

480 4603 543 4665 in
574 4591 858 4684 quantum
910 4599 966 4661 ai
1008 4598 1198 4679 gratia
1245 4616 1506 4680 superna
1549 4597 1750 4658 datum
1784 4601 1894 4656 est.
1931 4591 2138 4684 Divine

479 4683 679 4755 autem
704 4690 764 4752 in
788 4689 949 4752 illius
969 4688 1535 4769 contemplationem
1579 4685 1883 4770 immersa,
1918 4683 2136 4747 timore

482 4779 650 4844 tiliali
695 4779 972 4860 degustat
1019 4777 1449 4841 immortalium
1483 4776 1762 4838 arborum
1798 4774 2043 4849 fructus,
2076 4773 2137 4835 id

481 4878 594 4948 est,
638 4871 751 4950 piae
779 4868 997 4931 mentis
1047 4867 1431 4946 cogitationes
1485 4885 1499 4929 :
1551 4881 1799 4946 quarum
1861 4862 2136 4941 magnifi-

478 4959 737 5025 centiam
770 4966 829 5021 et
852 4955 1281 5021 sublimitatem
1313 4955 1388 5017 ad
1422 4973 1487 5017 se
1525 4972 1764 5016 reversa
1792 4952 2136 5014 nullatenus

2231 4966 2334 5018 τοῖς
2406 4956 2666 5031 νοήμασιν
2701 4973 2714 4987 ·

2223 4501 2283 4556 τὸ
2339 4499 2535 4566 κάλλος
2592 4517 2846 4561 κατανοεῖ
2901 4512 2995 4561 τοὺ
3062 4503 3239 4586 ὄντος,
3296 4506 3351 4562 ἐν
3408 4509 3541 4588 φωτὶ
3583 4499 3880 4584 νοημάτων

2222 4591 2487 4679 ᾇφράστου
2544 4598 2751 4677 σοφίας,
2799 4595 2924 4653 ὅσον
2982 4596 3044 4653 ἂν
3088 4602 3221 4676 αὐτῇ
3279 4599 3414 4656 κατὰ
3455 4599 3616 4679 χάριν
3670 4599 3879 4658 ἐκεῖθεν

2222 4678 2373 4758 δοθῇ.
2433 4691 2751 4765 Θεοπρεπῶς
2796 4685 2851 4743 δὲ
2908 4700 3028 4752 τοῖς
3086 4689 3347 4764 νοήμασιν
3399 4690 3473 4751 εἷς
3656 4691 3877 4770 θεωρίαν

2222 4772 2380 4828 αὐτοῦ
2449 4771 2830 4849 ἐμϐαθύνουσα,
2904 4777 3127 4859 ἐντρυφᾷ
3193 4776 3299 4834 τῶν
3355 4778 3627 4836 ἀθανάτων
3697 4780 3875 4860 φυτῶν

2220 4874 2337 4925 τοῖς
2372 4878 2625 4943 καρποῖς,
2658 4866 2874 4945 ἀγάπης
2902 4865 3073 4947 φόϐῳ,
3105 4868 3211 4924 τῶν
3239 4867 3390 4925 θείων
3434 4867 3670 4950 ἐννοιῶν,
3702 4868 3875 4951 λέγω,

2789 4961 2864 5016 ὧν
2937 4957 3186 5017 οὐδέποτε
3269 4958 3661 5037 συστελλομένη
3741 4963 3876 5040 πρὸς

479 5049 748 5133 perfecte
778 5046 1116 5128 exprimere
1154 5053 1370 5126 potest,
1393 5044 1499 5106 sed
1529 5045 1694 5133 quasi
1728 5040 2130 5133 extraordina-

2231 5044 2453 5133 tznt'hv,
2480 5043 2690 5104 δύναται
2744 5048 2959 5113 τελείως
3031 5048 3285 5130 ἐκφράσαι
3340 5051 3403 5106 τὸ
3465 5049 3872 5130 μεγαλοπρεπές

476 5130 568 5202 rio
624 5137 907 5201 instincta
957 5134 1215 5216 Spiritus
1264 5133 1514 5208 inﬂuxu,
1550 5130 1907 5194 laudabilem
1948 5150 2127 5213 quem

2231 5154 2265 5188 τε
2295 5135 2383 5190 καὶ
2413 5132 2583 5201 ἕδοξον
2620 5153 2634 5168 ⁶
2683 5135 2802 5195 ἀλλ’
2864 5142 2981 5196 οἷον
3038 5136 3391 5218 ἐνεργουμένη
3454 5138 3616 5205 ξένως
3646 5141 3749 5196 ὑπὸ
3780 5150 3876 5200 τοῦ

478 5228 780 5311 experitur
807 5225 1083 5290 allectum
1133 5223 1194 5284 in
1232 5221 1519 5284 ineffabili
1557 5222 1773 5311 gaudio
1804 5232 1861 5282 et
1882 5220 2127 5311 silentio

2231 5223 2513 5299 Ινεύματος
2547 5241 2560 5255 ·
2609 5228 2669 5283 τὸ
2714 5227 2810 5303 μὲν
2867 5227 3140 5284 ἐπαινετὸν
3201 5228 3391 5307 πάθος,
3425 5227 3479 5284 ἐν
3508 5227 3721 5307 ἀρρήτῳ
3752 5226 3873 5287 οἶδε

480 5309 634 5381 bene
654 5315 839 5392 novit;
856 5313 1155 5397 quomodo
1169 5329 1309 5374 vero
1333 5311 1499 5372 illum
1518 5310 1733 5373 sentiat
1752 5309 2123 5385 instinctum,

2231 5319 2355 5393 (αρᾷ
2382 5314 2471 5370 καὶ
2499 5321 2627 5394 σιγῇ
2664 5338 2678 5354 ·
2740 5319 2802 5374 τὸ
2851 5315 2906 5373 δὲ
2959 5323 3074 5379 πῶς
3132 5316 3453 5397 ἐνεργεῖται,
3505 5316 3541 5385 ἢ
3591 5318 3641 5374 τί
3668 5318 3781 5376 ἐστι
3810 5341 3877 5398 το

476 5409 566 5471 vel
595 5406 738 5489 quid
771 5407 846 5470 sit
875 5404 1023 5468 illud
1048 5422 1163 5485 quo
1197 5408 1486 5474 movetur,
1509 5400 1665 5482 quod
1698 5399 1858 5461 videt
1887 5409 1943 5461 et
1968 5400 2125 5483 quod

2231 5407 2382 5458 ιινοῦν
2406 5404 2495 5459 καὶ
2518 5405 2810 5485 ὁρώμενον,
2841 5407 2929 5462 καὶ
2957 5405 3112 5483 λέγον
3144 5405 3277 5483 αὐτῇ
3307 5412 3574 5482 μυστικῶς
3600 5406 3667 5463 τὰ
3696 5406 3877 5487 ἁπόρο

479 5498 592 5580 ipsi
616 5496 877 5579 loquitur
905 5511 1143 5567 arcana,
1180 5490 1427 5553 minime
1461 5499 1655 5571 potest
1681 5489 2001 5571 explicare.

2231 5515 2366 5580 ιητα,
2398 5493 2683 5580 ἀμηχανεῖς
2711 5494 3094 5576 ἐξηγήσασθαι.

558 5591 659 5653 54.
691 5575 805 5663 Qui
831 5584 1056 5667 spargit
1082 5581 1199 5645 sibi
1245 5582 1306 5644 in
1343 5580 1574 5660 justitia
1621 5580 1910 5661 lacrymas
1952 5598 2121 5643 com-

2288 5575 2386 5643 νδ’.
2446 5575 2505 5642 Ὀ
2549 5575 2827 5665 σπείρων
2875 5585 3045 5660 ἑαυτῷ
3118 5586 3190 5649 εἷς
3267 5582 3605 5652 δικαιοσύνην
3674 5583 3880 5666 δάκρυα

555 5760 589 5813 ι
613 5758 804 5827 GaIat.
839 5769 923 5837 Iv,
956 5757 1020 5834 3,
1049 5754 1110 5816 7.
1197 5756 1231 5809 ⁵
1259 5755 1459 5819 Matth.
1494 5767 1641 5834 xvu,
1683 5754 1737 5832 1,
1772 5757 1828 5815 5.
