4144 6374
306 324 421 392 981

1282 329 1830 395 GNOSTICORUM
1872 326 2216 393 CAPITUM
2260 328 2651 398 CENTURIA
2680 334 2771 397 III

3584 335 3666 404 98

311 458 669 549 κατανύξεως,
705 470 870 544 τρυγᾷ
909 466 981 530 είς
1023 467 1227 545 καρπὸν
1285 470 1453 539 ζωῆς,
1513 466 1688 546 χαρὰν
1740 461 1966 522 ἀνεκλά-

2058 461 2440 549 punctionis,
2488 462 2551 525 in
2599 462 2860 527 fructum
2919 465 3054 528 vita
3113 467 3368 549 percipit
3422 469 3704 547 gaudium

315 549 499 618 λητον.
543 542 600 610 Ὀ
644 550 699 609 δὲ
740 542 985 625 ⁷ἐκζητῶν
1027 542 1118 611 καὶ
1172 555 1452 631 ὑπομένων
1639 555 1826 635 Κύριον
1868 553 1971 620 ἕως

302 660 410 696 που
478 637 651 698 ἐλθεῖν
706 642 773 698 τὰ
827 644 1136 722 γεννήματα
1202 648 1302 711 τῆς
1386 642 1717 712 δικαιοσύνης
1790 646 1970 724 αὐτοῦ,

318 731 472 794 οὗτος
499 730 687 810 θερίσει
716 731 989 814 πολύχουν
1036 736 1125 791 τὸν
1181 734 1383 815 στάχυν
1438 739 1538 802 τῆς
1583 734 1828 813 γνώσεως
1884 742 1974 791 τοῦ

317 826 455 879 Θεοῦ
486 833 502 850 ⁹
569 821 658 877 καὶ
707 826 821 903 φῶς
879 824 1065 881 ἑαυτὸν
1120 826 1334 905 φωτίσει
1377 826 1588 905 σοφίας,
1640 825 1729 881 καὶ
1783 823 1974 902 λυχνία

317 910 497 989 φωτὸς
565 907 736 966 ἀϊδίου
796 914 1102 991 γενήσεται,
1178 915 1251 977 εἷς
1320 915 1383 971 τὸ
1461 914 1701 995 φωτίζειν
1773 915 1973 977 πάντας

316 997 621 1078 ἀνθρώπους
655 1017 671 1033 ⁶
721 1003 809 1057 καὶ
857 1002 916 1059 ού
957 1004 1204 1083 φθονήσει
1258 1004 1429 1078 ἑαυτῷ
1456 1005 1544 1059 καὶ
1585 1017 1704 1068 τοῖς
1749 1002 1975 1070 πλησίον

315 1087 419 1144 ὑπὸ
460 1089 521 1144 τὸ
576 1087 762 1164 μόδιον
821 1097 914 1147 τοῦ
956 1092 1146 1172 φθόνου
1199 1090 1483 1149 καλύπτων
1540 1094 1601 1149 τὸ
1644 1090 1788 1151 δοθὲν
1832 1092 1974 1167 αὒτῷ

311 1181 429 1257 φῶς
460 1182 556 1244 τῆς
584 1178 770 1259 σοφίας
805 1194 818 1208 ·
866 1177 986 1236 ἀλλ’
1049 1180 1135 1237 ἐπὶ
1177 1185 1275 1249 τῆς
1333 1178 1652 1248 Ἐκκλησίας
1711 1185 1815 1237 τῶν
1874 1201 1972 1236 πι-

313 1270 458 1323 στῶν
485 1265 741 1345 ἐρεύξεται
777 1266 966 1347 λόγους
1026 1268 1277 1347 ἀγαθοὺς,
1336 1270 1409 1334 εἷς
1440 1268 1696 1351 ὠφέλειαν
1726 1266 1965 1348 πολλῶν,

311 1356 406 1411 καὶ
435 1353 708 1435 φθέγξεται
751 1354 1107 1437 προϐλήματα
1149 1356 1243 1415 ἀπ’
1288 1358 1488 1439 ἀρχῆς,
1537 1357 1635 1415 ὅσα
1662 1379 1719 1415 τε
1748 1357 1972 1426 ἤκουσεν

313 1440 538 1525 ἄνωθεν,
582 1446 706 1520 θείῳ
731 1447 1117 1527 ὁπηχούμενος
1150 1449 1438 1529 Πνεύματι,
1466 1449 1554 1505 καὶ
1598 1446 1696 1505 ὅσα
1724 1446 1863 1527 ἔγνω
1904 1452 1973 1524 τῇ

310 1534 507 1614 θεωρίᾳ
534 1539 640 1592 τῶν
671 1533 840 1594 ὄντων
869 1535 1171 1618 σχολάζων,
1200 1540 1288 1595 καὶ
1330 1541 1378 1595 οἱ
1405 1538 1630 1618 πατέρες
1661 1540 1819 1599 αὐτοῦ
1846 1535 1971 1605 διη-

309 1624 558 1701 γήσαντο
581 1627 743 1701 αὐτῷ.

398 1703 495 1774 νε’.
529 1693 710 1773 Ἐσταί
739 1717 895 1774 παντὶ
924 1715 1188 1792 σπουδαίῳ
1219 1717 1369 1797 ἐνξτῇ
1427 1718 1629 1799 ἡμέρᾳθ
1656 1724 1755 1787 τῆς
1812 1719 1969 1776 αὖτοῦ

2055 547 2380 613 ineffabile.
2409 549 2521 624 Qui
2551 561 2749 615 autem
2780 555 2991 635 quarit
3016 564 3074 617 et
3101 547 3353 618 sustinet
3381 560 3705 624 Dominum

2056 638 2249 700 donec
2282 640 2520 701 veniant
2548 642 2772 704 fructus
2793 644 3043 723 justitia
3063 662 3206 717 sua,
3233 646 3329 708 hic
3352 656 3532 710 metet
3554 652 3707 711 mul-

2059 727 2323 808 tiplicem
2366 731 2588 810 spicam
2622 732 2886 794 scientia
2916 733 3047 809 Dei,
3083 735 3345 816 seipsum
3389 736 3708 804 illustrabit

2056 817 2283 879 lumine
2311 820 2635 900 sapientia,
2666 830 2725 883 et
2752 822 2845 884 fac
2878 823 3025 886 lucis
3056 836 3296 887 aterna
3327 826 3427 888 ﬁet
3454 828 3525 889 ad
3559 830 3703 892 illu-

2056 906 2369 972 minandos
2399 929 2608 972 omnes
2650 912 2948 994 homines,
2999 932 3110 976 nec
3155 915 3441 979 invidebit
3488 917 3603 980 sibi
3644 928 3707 983 et

2059 998 2325 1077 proximo
2357 998 2466 1061 sub
2491 1000 2689 1062 modio
2710 1001 2943 1065 invidia
2964 1002 3339 1067 abscondens
3361 1006 3561 1069 datam
3587 1008 3705 1071 sibi

2054 1086 2709 1166 sapientialucernam,
2734 1091 2837 1153 sed
2869 1092 2929 1153 in
2956 1091 3219 1155 Ecclesia
3261 1095 3526 1158 ﬁdelium
3559 1116 3702 1161 eru-

2056 1176 2242 1237 ctahit
2290 1177 2471 1239 verba
2521 1178 2695 1251 bona,
2747 1180 2818 1241 ad
2874 1182 3193 1244 multorum
3247 1185 3584 1263 utilitatem,
3643 1198 3706 1250 et

2051 1264 2327 1357 loquetur
2370 1285 2583 1329 arcana
2628 1267 2701 1357 a_b
2749 1268 2985 1345 inititio,
3020 1289 3149 1352 qua
3181 1273 3406 1334 audivit
3443 1275 3705 1357 desuper

2054 1352 2254 1416 divino
2285 1354 2616 1418 obendiens
2648 1355 2916 1440 Spiritui,
2949 1366 3006 1420 et
3027 1378 3156 1441 qua
3185 1361 3392 1424 didicit
3421 1352 3702 1426 contem—

2057 1443 2303 1524 plationi
2349 1463 2550 1507 rerum
2593 1464 2831 1523 vacans,
2882 1455 2941 1510 et
2987 1467 3118 1530 qua
3168 1454 3366 1531 patres
3408 1456 3540 1535 ejus
3585 1454 3703 1536 ipsi

2055 1540 2460 1611 narraverunt.

2133 1714 2232 1776 55.
2268 1709 2445 1775 Omni
2495 1712 2620 1773 viro
2664 1712 2784 1792 pio,
2830 1732 2965 1776 cum
3009 1715 3069 1777 in
3124 1715 3343 1781 virtute
3400 1720 3701 1799 perfectus

313 1799 439 1860 κατ’
485 1803 679 1884 ἀρετὴν
734 1804 1086 1881 τελειώσεως,
1147 1809 1236 1865 καὶ
1295 1807 1649 1874 ἀποσταλάξει
1708 1808 1850 1883 αὒτῷ
1904 1809 1966 1865 τὰ

2056 1800 2198 1876 erit,
2259 1809 2503 1880 surgent
2549 1810 2781 1863 montes
2839 1803 3231 1867 observantia
3289 1808 3697 1873 mandatorum

313 1892 417 1971 ὄρη
460 1898 559 1961 τῆς
614 1893 862 1974 ἐργασίας
919 1896 1024 1953 τῶν
1066 1903 1159 1954 τοῦ
1207 1904 1339 1955 Θεοῦ
1381 1895 1607 1955 ἐντολῶν
1663 1895 1969 1976 γλυκασμὸν

314 1985 665 2066 εὐφροσύνης,
710 1986 1035 2063 βασιλεύοντι
1065 1987 1119 2046 ἐν
1163 1990 1303 2046 Σιὼν
1354 1996 1421 2066 τῇ
1474 1993 1677 2069 καθαρᾷ
1718 1988 1917 2062 διανοίᾳ
1947 2007 1968 2028 °

314 2074 405 2131 καὶ
435 2076 483 2132 οἱ
511 2075 708 2157 βουνοὶ,
744 2078 792 2133 οἱ
818 2074 969 2155 λόγοι
1013 2081 1120 2135 τῶν
1176 2078 1401 2158 ἀρετῶν,
1454 2079 1734 2157 δαήσονται
1777 2078 1916 2158 γάλα
1945 2092 1964 2112 ’

310 2167 415 2235 τὴν
456 2168 653 2249 τροφὴν
684 2170 825 2244 αὐτῷ
880 2170 1262 2247 ἀναπαυομένῳ
1298 2171 1386 2229 ἐπὶ
1445 2171 1630 2240 κλίνης
1688 2172 1962 2250 ἀπαθείας,

312 2258 701 2337 προσφέροντες
734 2274 751 2291 ⁶
823 2260 912 2316 καὶ
980 2266 1145 2317 πᾶσαι
1215 2264 1268 2318 αἱ
1336 2260 1538 2341 ἐφέσεις
1611 2259 1798 2341 Ἰούδα,
1869 2267 1967 2328 τῆς

310 2348 495 2423 uino-3,
560 2350 721 2427 φημὶ,
783 2350 1009 2414 πίστεώς
1073 2372 1131 2407 τε
1191 2352 1281 2407 καὶ
1292 2363 1321 2426 j
1351 2352 1619 2429 γνώσεως,
1679 2351 1959 2429 ῥυήσονται

309 2433 498 2508 ὕδατα,
558 2434 799 2515 δόγματα
872 2435 1105 2520 δηλαδὴ,
1161 2441 1250 2498 καὶ
1308 2437 1636 2520 παραϐολὰς,
1682 2442 1771 2498 καὶ
1830 2441 1959 2498 αἰνί-

314 2545 498 2600 γματα
552 2526 704 2582 θείων
764 2528 1090 2607 πραγμάτων
1120 2548 1133 2561 ⁶
1207 2529 1297 2584 καὶ
1562 2528 1745 2608 σοφίας
1790 2526 1961 2607 ἀποβ⁶

312 2613 477 2690 ῥήτου
542 2611 605 2670 ἐκ
682 2619 781 2682 τῆς
849 2616 1062 2696 καρδίας
1116 2622 1273 2676 αὒτοῦ
1330 2619 1405 2681 ὡς
1461 2615 1512 2683 ἐξ
1569 2615 1721 2673 οἴκου
1780 2619 1965 2695 Κυρίου

313 2700 660 2779 ἐξελεύσεται,
704 2707 793 2761 καὶ
821 2719 999 2763 ποτιεϊ
1045 2708 1138 2763 τὸν
1184 2705 1504 2787 χειμάρρουν
1546 2712 1650 2763 τῶν
1706 2707 1957 2788 σχοίνων,

312 2793 503 2857 αὐτοὺς
546 2790 791 2859 δηλονότι
836 2796 959 2859 τοὺς
1016 2803 1092 2871 τῷ
1142 2798 1337 2877 αὐχμῷ
1366 2798 1558 2871 καὶτῷ
1597 2798 1827 2853 καύσωνι
1857 2803 1962 2852 τῶν

311 2884 494 2937 παθῶν
563 2880 1013 2962 ἀποξηρανθεῶτας
1084 2884 1406 2963 ἀνθρώπους.
1470 2887 1571 2943 Καὶ
1636 2885 1758 2941 τότε
1815 2885 1959 2963 γνώ-

312 2992 461 3027 σεται
516 2972 615 3040 τὴν
672 2971 929 3041 ἀληθινὴν
990 2971 1204 3031 ἔκϐασιν
1285 2974 1340 3031 ἐν
1397 2976 1568 3050 ἐαυτῷ
1623 2978 1729 3032 τῶν
1786 2973 1961 3053 λόγων

316 3061 503 3139 Κυρίου
537 3077 551 3091 ’

313 3150 406 3223 μοὶ
461 3148 522 3205 ἐκ
576 3155 675 3218 τῆς
746 3150 947 3216 κοιλίας
1022 3152 1178 3210 αὒτοῦ
1262 3153 1499 3231 ρεύσουσι
1576 3150 1764 3217 ὕδατος
1822 3159 1962 3225 ζῶν-

311 3261 426 3303 τος.
473 3261 498 3296 ι

396 3319 529 3404 κζ’.
581 3328 858 3388 Ἀνατελετ
914 3330 968 3387 ἐν
1024 3345 1142 3396 τοῖς
1187 3329 1545 3412 φοϐουμένοις
1575 3354 1665 3412 με,
1724 3334 1881 3412 φησὶν
1934 3333 1961 3388 ὁ

314 3419 470 3497 Θεὸς,
503 3416 657 3485 ἥλιος
688 3416 1047 3495 δικαιοσύνης,
1080 3421 1167 3476 καὶ
1225 3419 1368 3483 ἴασις
1412 3419 1465 3476 ὲν
1512 3434 1633 3484 ταῖς
1663 3419 1907 3499 πράξεσιν
1942 3435 1955 3449 ⁶

310 3508 401 3564 καὶ
442 3507 502 3564 ὲκ
531 3506 770 3589 φυλακῆς
812 3512 992 3567 παθῶν
1040 3507 1416 3583 ἐξελεύσονται,
1476 3511 1563 3566 καὶ
1592 3512 1961 3588 σκιρτήσουσιν

310 3598 387 3660 ὡς
417 3598 692 3678 μοσχάρια
721 3597 782 3654 ἐκ
822 3597 1030 3675 δεσμῶν
1059 3600 1317 3679 ἁμαρτίας
1348 3599 1598 3675 ἀνειμένα
1629 3615 1643 3629 ’
1676 3602 1764 3656 καὶ
1791 3622 1963 3656 κατα-

308 3688 640 3757 πατήσουσιν
681 3687 910 3764 ἀνόμους
942 3685 1128 3768 ἅνδρας
1156 3691 1245 3745 καὶ
1273 3687 1524 3765 δαίμονας
1568 3690 1820 3746 ὑποκάτω
1860 3695 1966 3748 τῶν

310 3773 487 3833 ποδῶν
519 3780 712 3857 αὐτῶν,
745 3780 817 3841 ὡς
853 3776 1069 3858 σποδὸν,
1101 3778 1154 3835 ἐν
1188 3786 1256 3856 τῇ
1286 3779 1460 3858 ἡμέρᾳ
1478 3784 1578 3847 τῆς
1600 3778 1970 3836 ἀποκαταστά-

309 3887 445 3929 σεως
492 3866 687 3942 αὖτῶν,
720 3870 757 3944 ᾗ
806 3866 914 3946 ἐγὼ
952 3868 1114 3940 ποιῶ,
1146 3866 1289 3947 λέγει
1325 3869 1505 3944 Κύριος
1536 3870 1910 3948 παντοκράτωρ
1947 3884 1959 3898 ⁸

305 3956 465 4024 ἡνίκα
506 3952 591 4011 δια
646 3959 831 4012 πασῶν
868 3956 1182 4032 ἁνυψωθῶσι
1213 3960 1317 4013 τῶν
1348 3955 1846 4036 ἀρετῶνῗδηλονότι,
1879 3959 1965 4014 καὶ

307 4042 630 4103 τελειωθῶσι
663 4043 747 4102 διὰ
777 4048 961 4127 σοφίας
992 4047 1081 4102 καὶ
1108 4047 1356 4125 γνώσεως
1401 4046 1452 4105 ἐν
1496 4048 1843 4125 τῇ”μετουσίᾳ
1871 4054 1965 4104 τοῦ

310 4136 640 4209 Πνεύματος.

394 4217 494 4298 νζ”.
543 4225 668 4282 Ἐὰν
727 4223 811 4282 ἐπ’
868 4225 1020 4305 ὅρους
1078 4223 1288 4286 πεδινοῦ
1343 4234 1436 4284 τοῦ
1493 4228 1694 4304 κόσμου
1749 4228 1958 4306 τούτου,

310 4317 402 4373 καὶ
444 4316 540 4383 τῆς
586 4313 905 4381 Ἐκκλησίας
950 4321 1193 4392 Χριστοῦ,
1241 4320 1487 4394 γνώσεως
1558 4322 1745 4384 καινῆς
1819 4315 1962 4373 ἅνω-

612 3066 742 3142 ιρησὶ
768 3066 869 3143 γάρ
906 3082 919 3096 '
977 3086 1005 3118 cr
1062 3054 1119 3121 Ὀ
1176 3064 1439 3120 πιστεύων
1498 3068 1570 3128 εἷς
1626 3064 1743 3141 ἐμὲ,
1803 3086 1962 3122 ποτα·
1984 3081 2024 3130 c

2050 1889 2184 1967 Dei,
2215 1890 2316 1971 qui
2348 1890 2730 1952 dulcedinem
2775 1892 2998 1956 latitia
3038 1894 3343 1957 stillabunt
3381 1897 3437 1958 ei
3465 1898 3526 1959 in
3557 1900 3700 1963 Sion

2054 1989 2255 2040 mente
2303 1998 2449 2059 pura
2503 1984 2815 2059 regnanti;
2877 1989 2936 2043 et
2992 1984 3194 2059 colles,
3258 2003 3364 2047 seu
3414 1986 3698 2051 virtutum

2055 2067 2256 2149 verba,
2292 2069 2381 2130 lac
2401 2068 2710 2149 rorabunt,
2737 2069 2935 2132 cibum
2968 2072 3082 2153 ipsi
3114 2076 3168 2135 in
3200 2073 3700 2155 impassibilitatis

2054 2157 2207 2219 lecto
2241 2158 2643 2238 requiescenti
2673 2160 3012 2235 afferentes,
3048 2163 3371 2240 omniaque
3396 2166 3699 2229 desideria

2051 2247 2227 2322 Juda,
2253 2248 2311 2308 id
2345 2254 2454 2336 est,
2484 2248 2622 2309 ﬁdei
2655 2258 2712 2310 et
2743 2249 3014 2311 scientia
3044 2253 3196 2330 ejus,
3235 2254 3440 2332 pluent
3486 2274 3696 2336 aquas,

2045 2339 2323 2414 dogmata
2337 2335 2616 2397 videlicet
2637 2337 3066 2418 parabolasque
3082 2349 3139 2401 et
3159 2346 3469 2420 anig-nata
3490 2363 3695 2407 rerum

2044 2427 2423 2499 divinarum;
2455 2435 2635 2506 atque
2683 2426 2814 2488 fons
2866 2427 3233 2491 abscondita
3281 2432 3592 2512 sapientia
3617 2435 3695 2497 de

2045 2516 2229 2579 corde
2260 2515 2419 2576 illius
2452 2523 2730 2596 tanquam
2753 2517 2826 2577 de
2846 2517 3024 2579 domo
3056 2518 3294 2580 Domini
3324 2522 3695 2602 egredietur,

2048 2615 2107 2669 et
2137 2604 2361 2686 potabit
2390 2614 2717 2667 torrentem
2747 2607 3099 2687 jUncorum,
3125 2607 3288 2688 ipsos
3316 2610 3550 2677 scilicet
3579 2613 3694 2675 ho-

2047 2696 2240 2757 mines
2285 2694 2557 2755 ariditate
2602 2704 2660 2756 et
2705 2706 2849 2758 astu
2892 2696 3282 2775 cupiditatum
3331 2700 3686 2765 exsiccatos.

2045 2785 2116 2846 Et
2165 2794 2303 2846 tunc
2344 2783 2495 2845 sciet
2540 2784 2600 2844 in
2653 2803 2718 2846 se
2768 2785 3089 2866 adimpleta
3144 2806 3277 2850 esse
3332 2788 3460 2852 hac
3514 2790 3696 2854 verba

2045 2873 2280 2934 Domini
2311 2872 2565 2935 dicentis
2598 2890 2611 2936 :
2656 2896 2678 2929 ι
2714 2872 2824 2947 Qui
2857 2875 3050 2937 credit
3085 2875 3149 2938 in
3180 2896 3301 2951 me,
3337 2878 3588 2943 ﬁumina
3617 2880 3696 2945 de

2044 2970 2254 3025 ventre
2276 2963 2406 3042 ejus
2437 2962 2624 3026 ﬂuent
2652 2982 2819 3045 aqua
2846 2965 2990 3027 viva
3011 2964 3065 3029 6.

2124 3321 2225 3385 56.
2259 3319 2463 3385 Oritur
2490 3321 2551 3383 in
2583 3322 2952 3397 timentibus,
2986 3324 3069 3387 ait
3102 3324 3416 3407 Dominus,
3451 3324 3550 3390 Sol
3585 3328 3693 3410 ju-

2043 3410 2272 3492 stitia7,
2320 3420 2378 3473 et
2426 3412 2657 3475 medela
2709 3412 2770 3473 in
2823 3413 3253 3494 operibus;ex
3303 3416 3697 3495 cupiditatum

2044 3520 2287 3563 carcere
2331 3500 2736 3580 egrediantur,
2788 3509 2847 3565 et
2894 3503 3107 3566 salient
3175 3512 3239 3565 ut
3298 3505 3460 3566 vituli
3511 3507 3701 3587 ruptis

2049 3590 2275 3671 peccati
2326 3590 2612 3663 vinculis;
2667 3591 3057 3673 hominesque
3106 3596 3599 3674 pravaricatores
3629 3614 3699 3659 ac

2047 3680 2348 3742 damouas
2377 3680 2486 3741 sub
2513 3680 2765 3761 pedibus
2803 3682 2926 3742 suis
2971 3691 3032 3743 ut
3071 3683 3338 3746 cinerem
3371 3684 3695 3746 conculca-

2048 3768 2198 3831 bunt
2223 3770 2282 3830 in
2310 3770 2407 3831 die
2436 3789 2557 3832 sua
2579 3772 3054 3846 restaurationis,
3087 3772 3240 3834 sicut
3270 3790 3383 3853 ego
3417 3772 3570 3834 facio
3596 3774 3696 3836 di-

2049 3860 2129 3921 cit
2178 3858 2465 3921 Dominus
2511 3859 2910 3940 omnipotens,
2962 3880 3094 3922 cum
3146 3861 3378 3923 scilicet
3417 3862 3700 3925 omnibus

2050 3947 2260 4010 elevati
2288 3955 2430 4010 sunt
2460 3948 2791 4024 virtutibus,
2826 3957 2884 4011 et
2924 3950 3173 4031 perfecti
3205 3969 3311 4032 per
3342 3951 3697 4032 sapientiam

2049 4048 2107 4099 et
2131 4038 2440 4100 scientiam
2476 4039 2534 4103 in
2563 4039 3014 4122 participatione
3045 4041 3304 4124 Spiritus
3332 4042 3549 4104 sancti.

2129 4218 2224 4281 57.
2264 4222 2407 4282 Cum
2439 4237 2619 4299 super
2639 4228 2902 4281 montem
2926 4221 3279 4302 campestris
3295 4221 3474 4301 hujus
3491 4220 3702 4283 mundi

2045 4314 2105 4367 et
2121 4306 2398 4369 Ecclesia
2421 4308 2639 4370 Christi
2659 4309 2947 4371 levaveris
2969 4310 3233 4371 scientia
3251 4328 3417 4371 nova
3437 4310 3699 4389 signum,

310 4409 399 4463 θεν
470 4404 599 4484 ἄρῃς
649 4418 904 4484 σημεῒον,
961 4406 1050 4460 καὶ
1102 4406 1316 4482 ὑψήσῃς
1372 4406 1469 4471 τὴν
1535 4407 1716 4487 φωνὴν
1771 4407 1964 4487 ἐαυτῷ,

2056 4403 2112 4456 et
2142 4396 2465 4458 elevaveris
2506 4416 2736 4472 vocem,
2778 4406 2839 4459 ut
2873 4398 2957 4458 ait
2994 4399 3280 4479 propheta
3303 4399 3358 4471 8,
3392 4398 3703 4477 sapientia

310 4495 451 4552 κατά
481 4497 572 4550 τὸν
615 4495 864 4574 εἰρηκότα
894 4498 990 4560 τὴς
1049 4491 1285 4561 δοθείσης
1331 4518 1412 4552 σοι
1460 4500 1644 4574 σοφίας
1676 4496 1780 4552 ἀπὸ
1811 4503 1962 4566 Θεοῦ,

309 4582 638 4661 παρακαλῶν
666 4590 743 4658 τῷ
794 4582 940 4661 λόγῳ
990 4585 1080 4639 καὶ
1136 4581 1393 4644 διδάσκων
1449 4585 1569 4647 τοὺς
1636 4586 1757 4648 σοὺς
1806 4583 1965 4641 ἀδελ-

306 4675 463 4755 Ῡθὺςν
509 4672 786 4752 διπνοίγων
815 4679 922 4731 τῶν
978 4673 1097 4729 νεῧν
1153 4678 1338 4737 αὒτοϊς
1392 4674 1489 4742 τῆς
1548 4676 1685 4740 θείας
1715 4681 1962 4755 Γραιφῆς,

308 4766 387 4828 εἷς
429 4763 755 4830 κατάνόησιν
797 4763 902 4819 τῶν
930 4764 1232 4836 θαυμασίων
1278 4762 1486 4842 δωρεῶν
1537 4770 1628 4820 τοὺ
1683 4771 1835 4843 Θεοῦ,
1880 4771 1969 4824 καὶ

303 4849 641 4932 προϐιϐάζων
712 4852 898 4915 αὖτοὺς
970 4852 1043 4914 εἷς
1113 4853 1212 4921 τὴν
1297 4853 1542 4933 ἐργασίαν
1615 4860 1723 4909 τῶν
1812 4854 1971 4911 αὺτοῦ

308 4940 568 5020 ἐντολῶν,
602 4942 680 5020 μὴ
710 4939 949 5023 φοϐηθῇς
996 4942 1102 4999 ἀπὸ
1156 4949 1264 5000 τῶν
1321 4948 1647 5025 φθονοῦντων
1703 4950 1770 5020 τῇ
1812 4941 1969 5000 δυνά-

311 5053 407 5108 μει
478 5037 585 5087 τῶν
662 5030 837 5111 λόγων
907 5053 1021 5104 σου,
1108 5033 1197 5089 καὶ
1269 5029 1740 5111 διαστρεϐλούντων
1797 5040 1971 5089 πᾶσαν

311 5122 461 5180 θείαν
540 5122 775 5203 Γραφὴν,
874 5129 1043 5178 κενῶν
1123 5120 1287 5178 ὄντων
1370 5125 1459 5179 καὶ
1563 5123 1967 5203 σεσαρωμένων,

312 5213 408 5268 καὶ
465 5209 690 5287 ἑτοίμων
747 5212 819 5276 εἷς
890 5208 1160 5267 κατοικίαν
1214 5217 1292 5284 τῷ
1347 5209 1597 5287 διαϐόλῳ,
1653 5213 1970 5268 Συνστάσσει

315 5301 423 5381 γὰρ
478 5302 545 5357 τὰ
586 5305 691 5356 τῶν
734 5297 964 5378 χειλέων
1008 5320 1101 5355 σου
1151 5301 1179 5356 ὁ
1236 5301 1365 5364 Θεὸς
1427 5299 1481 5355 ἐν
1529 5307 1597 5377 τῇ
1642 5298 1808 5377 βιϐλῳ
1867 5302 1973 5357 τῶν

317 5390 559 5468 ζώντων,
606 5390 693 5446 καὶ
749 5391 843 5447 οὒκ
885 5385 1029 5443 ἔσται
1076 5409 1158 5444 σοι
1201 5386 1375 5465 βλάϐη
1433 5389 1494 5447 ἐκ
1546 5394 1653 5446 τῶν
1695 5390 1969 5463 τοιούτων,

318 5481 396 5543 ὡς
455 5477 570 5536 οῶὲ
624 5478 804 5558 Πέτρῳ
862 5473 921 5533 ἐκ
979 5476 1241 5551 Σίμωνος.
1291 5476 1464 5557 Ἐρεῖς
1523 5477 1577 5535 δὲ
1634 5478 1837 5554 μᾶλλον
1887 5479 1975 5535 καὶ

394 5675 429 5727 ϐ
453 5674 630 5756 Joan,
663 5693 768 5759 vn,
805 5674 904 5738 38.
992 5674 1022 5724 7
1052 5674 1306 5739 Malacb.
1342 5693 1422 5754 ιν,
1455 5677 1515 5743 9.

1601 5676 1779 5742 815a.
1811 5693 1940 5752 xm,
1970 5672 2038 5740 2.

2051 4484 2153 4546 tibi
2186 4506 2218 4546 a
2254 4486 2372 4547 Deo
2405 4487 2573 4548 data.
2603 4488 2921 4549 exhortans
2951 4487 3131 4549 verbo
3159 4496 3215 4548 et
3238 4488 3465 4549 docens
3489 4488 3702 4549 fratres

2052 4582 2204 4650 tuos,
2240 4574 2518 4654 aperiens
2541 4575 3093 4655 eisintelligenliam
3119 4577 3332 4638 divina
3354 4574 3700 4657 Scriptura,

2054 4675 2119 4724 ut
2150 4663 2482 4742 intelligant
2513 4663 2808 4726 mirabilia
2828 4664 2935 4727 Dei
2953 4664 3132 4747 dona,
3161 4684 3384 4745 eosque
3406 4663 3704 4727 inducens

2056 4754 2127 4814 ad
2178 4752 2480 4833 implenda
2522 4754 2654 4832 ejus
2697 4755 2993 4831 mandata,
3049 4773 3127 4816 ne
3168 4754 3380 4816 timeas
3426 4753 3569 4817 istos
3599 4753 3705 4835 qui

2051 4842 2320 4906 invident
2367 4842 2649 4905 efﬁcacia
2696 4843 3011 4905 verborum
3064 4853 3321 4917 tuorum,
3357 4851 3417 4906 et
3454 4851 3703 4906 coutor-

2055 4941 2239 5014 quent
2267 4952 2505 4996 omnem
2529 4932 2787 4995 divinam
2820 4932 3211 5015 Scripturam,
3234 4951 3369 4994 cum
3387 4930 3557 4994 vacui
3582 4930 3702 4994 sint

2046 5023 2367 5104 'sc0pisque
2400 5023 2666 5086 mundati
2698 5032 2752 5086 et
2788 5033 3055 5105 paratum
3099 5022 3337 5085 diabolo
3383 5022 3703 5085 habitacu-

2054 5112 2176 5173 lum
2205 5114 2258 5176 5.
2292 5112 2508 5176 Scribit
2539 5112 2698 5174 enim
2731 5112 2889 5176 Deus
2940 5113 3230 5175 labiorum
3262 5121 3498 5175 tuorum
3525 5109 3709 5173 verba

2054 5205 2115 5266 in
2139 5203 2292 5267 libro
2326 5203 2668 5282 viventium,
2703 5211 2761 5265 et
2792 5204 2938 5266 nihil
2982 5203 3092 5265 tibi
3146 5202 3449 5265 nocebunt
3496 5199 3704 5263 istius-

2057 5293 2215 5355 modi
2272 5294 2568 5372 homines,
2625 5292 2781 5355 sicut
2832 5312 2951 5356 non
3010 5292 3214 5355 nocuit
3262 5294 3438 5356 Petro
3497 5290 3708 5353 Simon

2055 5385 2280 5464 Magus.
2316 5382 2432 5446 Sed
2466 5383 2661 5465 potius
2693 5383 2860 5445 dices
2907 5391 2967 5444 et
3003 5382 3133 5464 ipse
3155 5398 3290 5445 cum
3325 5380 3617 5465 propheta
3644 5379 3710 5442 in

2054 5473 2159 5535 illa
2203 5472 2302 5536 die
2341 5491 2459 5555 qua
2497 5470 2731 5535 videbis
2777 5472 2924 5535 istos
2969 5480 3177 5535 contra
3206 5479 3262 5534 te
3292 5477 3571 5554 parantes
3598 5468 3707 5532 via

2118 5671 2151 5724 9
2180 5671 2386 5734 Matth.
2419 5688 2523 5747 xu,
2557 5671 2657 5733 44.
