4144 6378
485 352 606 419 979

1783 349 2089 415 NICETE
2127 349 2561 416 PECTORATI

3770 343 3887 414 980

484 494 764 550 caventes
811 508 847 553 a
893 490 1183 569 gustando
1241 490 1553 565 alimenta,
1614 486 1708 548 vel
1769 504 1803 547 a
1848 478 2146 569 pulpando

2234 486 2698 563 παρατηρούμενοι
2749 485 3003 544 ἅπτεσθαι
3047 487 3366 567 βρωμάτων,
3413 487 3449 555 ἢ
3504 486 3667 565 θίγειν
3720 482 3883 564 ἁφῆς,

486 576 813 657 tangibilia,
865 568 956 641 vel
1006 579 1078 642 ab
1118 579 1494 661 inspicienda
1553 573 2023 661 pulchritudine,
2053 568 2145 630 vel

484 666 562 730 ab
591 668 908 731 audiendis
937 660 1275 731 canoribu’s.
1313 668 1401 729 vel
1436 667 1508 729 ab
1542 664 1833 729 odoribus
1856 660 2145 725 olfacien-

485 755 602 836 dis,
637 756 747 819 sub
788 757 1083 819 tutoribus
1133 766 1192 821 et
1239 756 1543 820 actoribus
1593 773 1825 827 sumus,
1859 760 1923 813 ut
1951 751 2148 812 adhuc

486 846 739 928 parvuli,
756 846 1029 927 quamvis
1047 847 1316 910 haeredes
1338 846 1527 909 simus
1542 853 1601 906 et
1617 842 1849 907 domini
1877 837 2143 928 omnium

486 926 677 997 Patris
707 926 1026 1000 bonorum.
1060 937 1134 999 At
1161 935 1264 998 ubi
1306 936 1466 997 venit
1511 931 1817 1015 plenitudo
1862 926 2150 1009 temporis

486 1024 672 1106 illius,
704 1033 763 1087 et
809 1044 915 1107 per
956 1026 1498 1108 impassibilitatem
1553 1023 1799 1102 impleta
1844 1024 2151 1108 est,_tun_c

487 1104 752 1177 Verbum
784 1104 845 1176 in
879 1104 1058 1177 nobis
1083 1116 1157 1177 de
1179 1134 1329 1197 puro
1353 1114 1538 1176 corde
1565 1110 1851 1183 nascitur,
1881 1104 2146 1197 etﬁtsub

486 1203 621 1283 lege
651 1203 921 1285 spiritus,
953 1214 1014 1266 ut
1044 1224 1153 1267 nos
1179 1194 1285 1286 qui
1317 1203 1426 1265 sub
1476 1204 1608 1282 lege
1639 1217 1847 1261 sumus
1877 1194 2149 1286 carnales

484 1282 710 1373 sumus,
760 1282 1054 1368 redimat,
1104 1301 1161 1356 et
1202 1282 1590 1371 adoptionem
1655 1289 1913 1350 ﬁliorum
1977 1282 2150 1373 nobis

482 1382 718 1445 reddat.
754 1381 879 1445 Hoc
910 1392 1108 1445 autem
1142 1382 1320 1455 facto,
1348 1390 1491 1444 tunc
1510 1377 1848 1461 Spiritusin
1870 1372 2149 1436 cordibus

483 1470 707 1534 nostris
740 1474 961 1536 clamat
1001 1492 1014 1533 :
1080 1496 1104 1528 α
1140 1472 1352 1548 Abba,
1407 1471 1579 1533 Pater
1638 1489 1667 1528 ι
1721 1464 2047 1528 ostendens
2092 1470 2151 1524 et

484 1562 869 1624 manifestans
900 1560 1075 1624 nobis
1105 1561 1481 1634 ﬁliationem,
1509 1556 1647 1620 etin
1687 1555 1877 1618 Deum
1909 1555 2146 1637 Patrem

482 1651 934 1715 confidentiam.
967 1650 1043 1713 Et
1070 1650 1383 1712 nobiscum
1416 1647 1641 1710 habitat
1671 1655 1729 1707 et
1760 1640 2143 1722 colloquitur,

480 1750 760 1823 tanquam
784 1740 924 1802 ﬁliis
954 1748 1014 1802 et
1033 1739 1373 1802 baredibus
1394 1737 1524 1813 Dei,
1552 1732 1829 1798 servituti
1855 1747 2147 1793 sensuum

484 1849 605 1892 non
634 1828 927 1911 subjectis
946 1829 999 1892 4.

563 2008 663 2073 52.
700 2006 908 2072 Coram
953 2005 1074 2070 illis
1124 2007 1227 2089 qui
1269 2007 1596 2084 nt‘J’etrus
1623 2002 1684 2064 in
1718 1999 1833 2062 ﬁde
1865 1996 2142 2079 profece-

481 2107 650 2167 runt.
698 2107 765 2161 ut
810 2096 1068 2162 Jacobus
1123 2097 1196 2160 ad
1248 2115 1417 2177 spem
1477 2090 1901 2169 ascenderunt,
1958 2096 2141 2166 utque

478 2191 742 2253 Joannes
772 2187 832 2249 in
859 2187 1147 2249 charitate
1196 2186 1439 2266 perfecti
1488 2190 1647 2261 sunt,
1684 2179 2143 2255 transfiguratur

486 2276 794 2351 Dominus,
829 2286 1143 2358 postquam
1176 2276 1236 2337 in
1269 2275 1565 2338 excelsum
1617 2269 1933 2358 theologia
1965 2283 2144 2358 mon-

478 2374 600 2429 tem
632 2357 935 2443 ascendit;
968 2357 1027 2428 et
1055 2365 1404 2447 resplendet
1434 2363 1521 2425 eis
1555 2361 1714 2423 sicut
1753 2359 1842 2421 sul
1892 2357 2045 2447 facie
2090 2360 2148 2415 et

481 2457 827 2518 charactere
850 2456 985 2537 puri
1007 2444 1213 2529 Verbi,
1240 2451 1705 2534 cogitationibus
1726 2467 1864 2510 vero
1896 2444 2150 2508 abscon-

480 2546 619 2608 ditae
653 2545 962 2625 sapientiae
1009 2545 1076 2607 ﬁt
1126 2543 1385 2622 fulgidus
1432 2542 1586 2603 sicut
1641 2541 1740 2601 lux
1770 2559 1785 2614 ;
1817 2547 1875 2598 et
1905 2538 2152 2614 apparet

478 2637 542 2699 in
574 2635 664 2697 eis
695 2635 984 2710 Verbum,
1021 2634 1284 2696 medium
1316 2641 1477 2693 stans
1504 2631 1662 2692 inter
1692 2629 1889 2706 legem
1922 2632 1981 2685 et
2012 2639 2153 2702 pro-

484 2723 773 2805 phetiam,
805 2724 922 2785 alia
951 2723 1308 2805 praecipiens
1333 2740 1403 2782 ac
1438 2722 1686 2792 docens,
1724 2713 2142 2805 alia‘revelans

2228 569 2264 639 ἢ
2336 572 2651 647 ἆνατενίζειν
2723 577 3069 655 ὼραιότησιν,
3148 577 3182 645 ἢ
3242 574 3420 653 μελῷν
3477 576 3786 655 ἀκροᾶσθαι,
3844 572 3881 640 ἢ

2230 662 2409 740 μύρων
2498 665 2884 744 ὀσφραίνεσθαι,
2967 665 3069 721 ὑπὸ
3160 663 3473 745 ἐπιτρόπους
3569 663 3729 738 ἐσμὲν
3797 662 3886 718 καὶ

2229 751 2564 833 οἰκονόμους,
2608 755 2681 816 ὡς
2712 752 2786 809 ἔτι
2817 755 3022 827 νήπιοι,
3072 755 3116 809 εἰ
3170 755 3259 809 καὶ
3314 753 3657 833 κληρονόμοι.
3683 750 3885 829 τυγχά-

2233 861 2413 921 νομεν,
2446 844 2534 899 καὶ
2563 843 2728 921 κύριοι
2778 844 2990 899 πάντων
3041 849 3146 899 τῶν
3201 849 3292 900 τοῦ
3350 844 3578 923 Πατρός,
3632 822 3745 899 εὅτε
3802 837 3888 894 διὰ

2233 925 2356 1004 ἔλθῃ
2410 930 2472 986 τὸ
2527 929 2796 1010 πλήρωμα
2852 937 2943 987 τοῦ
3001 931 3197 1012 χρόνου
3254 933 3443 1011 αὐτῆς,
3502 933 3590 987 καὶ
3645 927 3731 985 διὰ
3784 932 3883 995 τῆς

2231 1016 2483 1083 ἀπαθείας
2543 1018 2822 1098 πληρωθῇ,
2871 1020 2990 1077 τότε
3052 1027 3296 1100 γεννᾶται
3354 1024 3382 1077 6
3424 1020 3584 1099 λόγος
3640 1019 3694 1075 ἐν
3748 1020 3885 1094 ἡμῖν

2230 1103 2290 1162 ἐκ
2336 1109 2564 1187 καθαρᾶς
2614 1106 2866 1190 διανοίας,
2928 1112 3016 1167 καὶ
3059 1112 3256 1189 γίνεται
3312 1111 3412 1167 ὑπὸ
3468 1112 3559 1166 τὸν
3602 1110 3765 1184 νόμον
3794 1113 3884 1163 τοῦ

2230 1195 2558 1271 Πνεύματος,
2604 1196 2698 1255 ἵνα
2742 1200 2864 1263 τοὺς
2906 1201 3008 1256 ὑπὸ
3069 1201 3230 1276 νόμον
3300 1202 3443 1275 ἡμᾶς
3498 1206 3592 1256 τοῦ
3633 1203 3878 1277 σαρκικοῦ

2229 1286 2567 1363 φρονήματος
2599 1284 2750 1352 ὀ’ντλις
2784 1287 3101 1369 ἐξαγοράσῃ,
3153 1290 3240 1346 καὶ
3298 1290 3397 1357 τὴν
3452 1289 3704 1345 υἱοθεσίαν
3746 1288 3879 1361 ἡμῖν

2229 1371 2473 1447 ἀποδῴη.
2522 1376 2721 1434 Τούτου
2752 1375 2806 1433 δὲ
2837 1379 3145 1457 γεγονότος,
3203 1379 3325 1436 τότε
3381 1379 3557 1458 κράζει
3614 1378 3676 1434 τὸ
3718 1382 3886 1433 Πνεῦ-

2231 1484 2305 1536 μα
2335 1463 2408 1525 εἰς
2451 1465 2544 1528 τὰς
2575 1463 2790 1545 καρδίας
2835 1469 3014 1547 ἡμῶν,
3065 1464 3231 1526 Ἀϐϐᾶ
3283 1471 3311 1525 6
3355 1469 3540 1546 Πατήρ
3578 1486 3592 1501 ·
3653 1464 3886 1523 δεικνύον

2228 1551 2317 1605 καὶ
2373 1553 2626 1631 γνωρίζον
2668 1556 2803 1631 ἡμῖν
2860 1556 2960 1623 τὴν
3010 1557 3256 1630 υίότητα,
3316 1558 3406 1613 καὶ
3449 1556 3547 1624 τὴν
3602 1556 3736 1633 πρὸς
3793 1556 3888 1611 τὸν

2230 1637 2436 1716 Πατέρα
2479 1644 2572 1697 καὶ
2598 1645 2727 1700 Θεὸν
2771 1643 3084 1724 παῤῥησίαν.
3140 1646 3239 1703 Καὶ
3282 1647 3356 1710 ὡς
3413 1648 3550 1708 υἱοῖς
3608 1644 3696 1700 καὶ
3737 1642 3886 1711 κλη-

2229 1728 2474 1815 ρονόμοις
2530 1737 2660 1788 Θεοῦ
2718 1731 2801 1789 διὰ
2859 1741 3107 1815 Χριστοῦ,
3152 1735 3289 1810 ἡμῖν
3344 1733 3741 1813 συμπαραμένει
3798 1738 3889 1793 καὶ

2161 1812 2548 1894 Βδιαλέγεται,
2622 1821 2700 1897 μὴ
2758 1828 2828 1900 τῇ
2885 1812 3101 1895 δουλείαν
3143 1825 3249 1880 τῶν
3299 1812 3591 1893 αἰσθήσεων
3649 1843 3882 1902 κρατου-

2222 1925 2425 1979 μενοις.

2303 1983 2407 2071 νβ’.
2457 2004 2584 2062 Τοτς
2629 2000 2768 2057 κατὰ
2814 2000 3009 2081 Πέτρον
3076 2002 3148 2065 εἰς
3206 2002 3381 2057 πίστιν
3436 2000 3740 2080 προκόψασι
3797 2001 3888 2057 καὶ

2222 2083 2359 2139 κατὰ
2420 2081 2672 2145 Ἰάκωϐον
2728 2091 2802 2153 εἰς
2872 2088 3058 2147 ἐλπίδα
3140 2088 3503 2164 ἐπανελθοῦσι,
3574 2091 3665 2146 καὶ
3747 2092 3888 2147 κατᾶ

2223 2170 2474 2260 Ἰωάννην
2555 2178 2628 2241 εἰς
2712 2178 2929 2256 ἆγαπην
3015 2178 3368 2252 τελειωθεῖσι,
3456 2189 3886 2260 μεταμορφοῦται

2227 2262 2299 2349 εἷς
2328 2259 2447 2340 ὅρος
2488 2264 2694 2340 ὑψηλὸν
2753 2268 3004 2338 ἀνελθὼν,
3067 2267 3365 2349 θεολογίας,
3424 2271 3452 2324 6
3510 2259 3740 2347 Κύριος·
3795 2271 3888 2326 καὶ

2227 2348 2426 2419 λάμπει
2474 2353 2571 2427 μὲν
2614 2358 2798 2422 αὖτοτς
2859 2364 2924 2434 τῇ
2981 2358 3257 2439 ἐπιφανείᾳ
3296 2348 3384 2413 καὶ
3438 2364 3515 2432 τῷ
3572 2363 3880 2438 χαρακτῆρι

2229 2444 2321 2495 τοῦ
2352 2444 2588 2526 ,καθαροῦ
2629 2443 2813 2526 λόγου,
2861 2450 2933 2510 ὡς
2964 2450 2992 2504 6
3033 2446 3189 2514 ἥλιος
3223 2464 3238 2478 ⁶
3285 2460 3403 2510 τοϊς
3433 2444 3488 2502 δὲ
3520 2449 3750 2523 νοήμασι
3780 2452 3883 2515 τῆς

2231 2525 2528 2615 ᾄποῤῥήτου
2561 2536 2769 2615 σοφίας,
2801 2525 3000 2615 γίνεται
3042 2534 3286 2615 λαμπρὸς
3344 2537 3418 2599 ὡς
3471 2536 3532 2591 τὸ
3576 2542 3688 2615 φῶς
3718 2552 3732 2566 ·
3796 2539 3889 2593 καὶ

2232 2613 2415 2690 ὁρᾶται
2459 2617 2486 2672 6
2543 2616 2702 2697 λόγος
2746 2613 2824 2678 ἐν.
2863 2624 3090 2695 τούτοις,
3152 2613 3312 2699 μέσον
3370 2624 3537 2688 ἑστὼς
3592 2613 3755 2700 νόμου
3796 2622 3889 2680 καὶ

2227 2706 2553 2781 προφητεῖας
2590 2724 2602 2737 ⁸
2656 2711 2722 2766 τὰ
2769 2713 2866 2787 μὲν
2909 2716 3208 2788 νομοθετῶν
3253 2713 3341 2769 καὶ
3396 2710 3677 2786 διδάσκων,
3719 2714 3786 2770 τὰ
3829 2713 3887 2769 δὲ

483 2792 553 2874 ex
587 2792 900 2893 profundis
943 2792 1431 2891 absconditisque
1480 2807 1790 2887 sapientiae
1820 2798 2138 2893 thesauris,

2232 2792 2313 2846 καὶ
2384 2792 2766 2856 ἀνακαλύπτων
2835 2801 2895 2859 ἐκ
2967 2802 3170 2879 βαθέων
3216 2804 3305 2860 καὶ
3358 2803 3732 2882 κεκρυμμένων
3788 2807 3887 2871 θη-

478 2888 806 2979 aliquandu
832 2901 1015 2963 etiam
1048 2888 1379 2981 praevidens
1413 2907 1472 2960 et
1504 2895 1863 2977 praedicens.
1896 2925 1974 2938 —
2004 2888 2144 2951 Illos

2232 2889 2438 2981 σαυρῶν
2468 2893 2578 2981 τῆς,
2599 2892 2780 2971 σοφίας
2813 2912 2830 2930 ο
2877 2892 2984 2951 ἔσθ’
3029 2894 3118 2951 ὅτε
3174 2896 3263 2951 καὶ
3302 2901 3562 2975 προορῶν,
3598 2897 3685 2951 καὶ
3739 2917 3882 2975 προ-

484 2998 550 3051 ιιι
591 2968 791 3052 ἠυθεε
840 2968 1407 3052 Ιιιείόοόῢυπιιπιιι
1456 2968 1740 3067 spiritus,
1774 2990 1833 3044 et
1862 2999 2003 3043 ecce
2038 2995 2146 3038 vox

2232 2968 2402 3067 ἒὲγων
2440 2989 2478 3006 ὀ
2529 2979 2615 3045 οὒς
2672 2968 2760 3038 καὶ
2826 2986 2900 3048 ὡς
2943 2982 3138 3064 νεφέλη
3197 2968 3446 3064 «proteith
3472 2968 3882 3056 ἐπίσκιάζευτὸ

486 3078 751 3160 mystica:
799 3078 1114 3158 theologite
1155 3076 1231 3138 de
1283 3076 1444 3139 nube
1485 3064 1559 3139 ad
1608 3091 1709 3136 eos
1752 3070 1934 3143 venit,
1984 3069 2145 3160 ipsos

2232 3064 2598 3160 Πιεὺιμαζκαὶ
2648 3072 2799 3151 φωνὴ
2855 3078 3113 3148 μυστικῆς
3170 3072 3443 3149 θεολογίας
3499 3072 3701 3131 ἐκεῖθεν
3747 3077 3880 3155 πρὸς

485 3153 710 3231 ἂοόοηε
745 3153 1093 3250 mysterium
1128 3166 1239 3230 Dei
1283 3167 1346 3228 in
1400 3165 1592 3228 tribus
1636 3160 1931 3245 personis,
1975 3156 2146 3220 etdi-

2232 3153 2416 3218 αὖτοὺς
2472 3154 2709 3239 ἔρχεται,
2776 3169 2979 3237 μυοῡσα
3047 3164 3109 3218 τὸ
3180 3165 3469 3242 μυστήριον
3542 3163 3730 3226 αὖτοὺς
3780 3153 3880 3233 τῆς

484 3277 628 3321 cens
663 3279 677 3321 :
717 3283 744 3315 α
772 3247 883 3320 Hic
932 3266 1021 3319 est
1065 3257 1319 3319 dilectus
1366 3274 1535 3317 meus
1581 3279 1609 3311 ι
1657 3251 1946 3316 terminus
1977 3247 2142 3310 verbi

2232 3247 2639 3331 τρισυποστάτου
2696 3251 2983 3322 Θεότητος,
3043 3252 3131 3308 καὶ
3181 3249 3319 3308 οὕτω
3373 3250 3601 3331 λέγουσα
3634 3268 3650 3284 ⁸
3710 3254 3877 3317 Οὗτός

484 3347 899 3429 perfectionis,
938 3371 965 3402 α
1000 3346 1062 3408 in
1112 3364 1232 3427 quo
1286 3343 1623 3425 complacui
1659 3344 1692 3393 δ
1735 3365 1762 3398 »
1818 3337 1964 3401 mihi
2011 3337 2143 3400 ﬁeri

2232 3327 2365 3429 ἐστιν
2395 3333 2730 3429 ὁμάγαπητός
2763 3361 2863 3414 μου
2909 3339 3031 3420 ὅρος
3080 3350 3173 3399 τοῦ
3227 3339 3385 3418 λόγον)
3414 3327 3513 3407 τῆς
3546 3339 3876 3407 τελειώσεως

486 3418 642 3501 filios
672 3418 972 3520 perfectos
1002 3435 1064 3498 in
1089 3418 1357 3518 perfecto
1389 3418 1626 3515 spiritu.

2232 3418 2353 3535 ἐνιξ
2395 3421 2679 3508 εὐδόκησα,
2724 3418 2955 3507 γίνεσθαί
3011 3453 3102 3507 μοι
3150 3429 3381 3494 τελείους
3407 3432 3571 3512 υἱοὺς,
3604 3431 3658 3488 ἐν
3689 3430 3878 3507 τελείῳ

2222 3532 2479 3588 πνευματι
2490 3557 2505 3574 .

564 3614 666 3681 53.
704 3614 925 3681 Anima
953 3614 1153 3701 omnia
1182 3621 1423 3676 terrena
1452 3610 1816 3701 despiciens,
1853 3617 1912 3671 et
1938 3625 2142 3701 amore

2303 3592 2407 3680 νγ’.
2686 3613 2797 3701 τῶν
2854 3608 3207 3701 χαμαιζήλων
3263 3610 3475 3667 πάντων
3530 3614 3872 3693 καταφρονή-

484 3706 594 3770 Dei
625 3705 864 3788 penitus
892 3693 1219 3779 vulnerata,
1255 3709 1495 3784 raptum
1525 3696 2136 3788 quemdamisingula-

2232 3711 2382 3770 αισα,
2426 3694 2515 3750 καὶ
2557 3693 2750 3760 ὁλικῶς
2807 3704 2885 3771 τῷ
2944 3695 3094 3777 ἔρωτι
3144 3700 3407 3777 τρωθετσα
3438 3705 3592 3780 Θεοῦ,
3626 3698 3871 3758 ἕκστασίν

481 3813 610 3857 rem
626 3781 710 3856 ac
739 3793 1007 3857 divinum
1050 3792 1231 3855 subit.
1265 3781 1579 3871 Postquam
1623 3789 1783 3852 enim
1815 3787 1974 3847 clare
2003 3803 2137 3866 per-

2232 3802 2339 3871 τινα
2381 3781 2533 3850 ξένην
2592 3786 2678 3841 καὶ
2733 3787 2870 3843 θείαν
2917 3786 3414 3867 ὑφίσταται.’Μετὰ
3461 3790 3560 3868 γὰρ
3616 3790 3677 3845 τὸ
3727 3811 3867 3846 κατ-

400 3960 403 3965 ,
486 3882 680 3965 spexit
702 3891 944 3945 naturas
962 3881 1343 3961 rationesque
1369 3867 1593 3941 entium
1619 3887 1680 3941 et
1701 3895 1899 3938 rerum
1935 3875 2137 3936 huma-

2232 3867 2354 3927 Bst’v
2383 3880 2586 3953 τρανῶς
2616 3875 2709 3941 τὰς
2749 3876 2929 3957 φύσεις
2987 3882 3090 3932 τῶν
3134 3877 3298 3933 ὀντων
3357 3878 3443 3934 καὶ
3497 3867 3618 3942 τοὺς
3677 3876 3869 3957 λόγους

482 3960 696 4035 narum
746 3970 1070 4033 novissima
1114 3960 1430 4043 intellexit,
1486 3986 1605 4028 non
1637 3966 1890 4045 amplius
1921 3963 2141 4044 patitur

2232 3960 2389 4017 ιιῦτῶν
2441 3963 2531 4019 καὶ
2585 3964 2651 4020 τὰ
2717 3963 2847 4033 τέλη
2917 3968 3021 4022 τῶν
3076 3964 3253 4044 ἆνθρω
3278 3966 3419 4022 ,ίνων
3485 3965 3879 4025 καταλαϐέσθαι

485 4079 550 4124 se
571 4061 731 4123 intra
758 4060 1047 4121 mundum
1076 4075 1392 4120 remanere
1422 4069 1481 4119 et
1511 4055 1691 4117 rebus
1711 4053 2140 4131 circumjacen-

2232 4049 2572 4128 πραγμάτων,
2631 4051 2777 4117 ἐντὸς
2833 4052 2929 4109 οὒκ
2984 4052 3236 4133 ἀνέχεται
3292 4064 3386 4115 τοῦ
3441 4057 3639 4120 παντὸς
3692 4054 3877 4115 ἔκτοτε

484 4150 645 4213 tibus
689 4147 1133 4220 circumscribi,
1185 4146 1292 4209 sed
1341 4145 1614 4226 proprios
1662 4144 2137 4217 Iimites,trans-

2232 4137 2389 4210 εἶναι,
2438 4143 2527 4197 καὶ
2572 4142 2650 4215 τῷ
2692 4141 2995 4223 περιέχοντι
3051 4144 3461 4225 περιγράφεσθαι
3496 4160 3510 4173 ⁶
3574 4143 3711 4201 ἀλλὰ
3767 4148 3878 4204 τῶν

482 4257 710 4321 gressa,
743 4256 1027 4301 sensuum
1078 4236 1316 4299 vincula
1365 4236 1603 4314 fragens
1645 4242 1707 4295 et
1736 4240 1973 4294 naturas
2003 4248 2137 4291 om-

2232 4227 2415 4295 ἒαυτῆς
2495 4228 2630 4309 ὅρων
2701 4230 2952 4313 ἐκστᾶσα,
3023 4233 3109 4290 καὶ
3162 4234 3230 4291 τὰ
3284 4232 3451 4311 δεσμὰ
3504 4237 3875 4305 τυραννήσασα

482 4318 650 4393 nium
699 4327 1070 4409 transiliens,
1123 4325 1401 4388 tenebras
1447 4321 1761 4400 theologia;
1808 4320 1869 4381 in
1902 4318 2139 4381 silentio

2232 4321 2319 4409 τῆς
2376 4319 2694 4409 αἰσθήσεως,
2755 4321 2850 4383 τὰς
2926 4322 3106 4404 φύσεις
3173 4323 3386 4381 πάντων
3436 4325 3736 4404 περάσασα,
3796 4327 3873 4391 εἷς

481 4417 775 4483 ineffabili
794 4416 1149 4496 ingreditur,
1176 4414 1275 4476 Dei
1297 4413 1800 4495 pulchritudinem
1825 4410 1885 4471 in
1912 4408 2138 4470 lumine

2232 4408 2418 4488 γνόφον
2487 4408 2760 4489 θεολογίας
2832 4409 2886 4466 ἐν
2955 4410 3166 4491 ἀρρήτῳ
3224 4419 3352 4491 σιγῇ
3410 4414 3730 4496 εἰσέρχεται,
3786 4417 3881 4473 καὶ

478 4508 904 4589 cogitationum
955 4503 1376 4567 inenarrabilis
1423 4501 1729 4584 sapientiae
1772 4499 2133 4589 considerat,

2232 4498 2281 4552 τὸ
2337 4496 2532 4564 κάλλος
2591 4513 2844 4558 κατανοεῖ
2900 4509 2993 4558 τοὺ
3060 4499 3237 4582 ὄντος,
3295 4503 3349 4558 ἐν
3406 4506 3539 4584 φωτὶ
3589 4504 3878 4580 νοημάτων

478 4599 540 4661 in
571 4587 856 4680 quantum
908 4595 963 4658 ai
1006 4594 1195 4675 gratia
1243 4611 1504 4676 superna
1547 4592 1748 4655 datum
1782 4598 1891 4653 est.
1928 4587 2136 4680 Divine

2232 4588 2484 4680 ἐφράστου
2542 4594 2749 4674 σοφίας,
2797 4591 2922 4650 ὅσον
2980 4593 3042 4650 ἂν
3086 4598 3220 4672 αὐτῇ
3276 4596 3413 4651 κατὰ
3453 4595 3614 4675 χάριν
3669 4596 3877 4654 ἐκεῒθεν

476 4675 677 4751 autem
702 4686 763 4748 in
785 4686 946 4748 illius
967 4675 1533 4765 contemplationem
1577 4682 1880 4756 immersa,
1915 4679 2133 4744 timore

2232 4675 2371 4756 Ξοθῇ.
2431 4688 2750 4761 Θεοπρεπῶς
2794 4681 2850 4739 δὲ
2906 4696 3025 4749 τοῖς
3084 4685 3345 4759 νοήμασιν
3398 4686 3471 4748 εἷς
3514 4686 3614 4753 τὴν
3654 4687 3875 4766 θεωρίαν

479 4776 647 4841 ﬁliali
693 4775 970 4856 degustat
1016 4774 1446 4837 immortalium
1480 4769 1759 4834 arborum
1795 4772 2040 4845 fructus,
2072 4770 2133 4832 id

2232 4769 2377 4826 16106
2447 4768 2828 4846 ἐμϐαθύνουσα,
2902 4773 3125 4855 ἐντρυφᾷ
3191 4772 3298 4831 τῶν
3353 4773 3625 4833 ἀθανάτων
3696 4776 3874 4856 φυτῶν

479 4875 592 4944 est,
636 4868 749 4947 piae
778 4863 995 4928 mentis
1044 4863 1428 4943 cogitationes
1483 4881 1496 4925 :
1548 4879 1796 4943 quarum
1858 4860 2134 4939 magnifi-

2232 4871 2335 4923 τοῖς
2369 4875 2623 4939 καρποῖς,
2656 4863 2873 4941 ἀγάπης
2900 4862 3071 4944 φόϐῳ,
3104 4864 3209 4921 τῶν
3238 4865 3389 4921 θείων
3432 4864 3667 4946 ἐννοιῶν,
3701 4864 3873 4948 λέγω,

476 4956 735 5021 centiam
767 4963 827 5018 et
850 4953 1278 5017 sublimitatem
1311 4951 1386 5014 ad
1419 4970 1485 5013 se
1523 4969 1760 5013 reversa
1790 4950 2134 5011 nullatenus

2232 4963 2331 5015 τοῖς
2404 4953 2665 5027 νοήμασιν
2700 4970 2713 4984 ⁸
2788 4957 2861 5013 ὧν
2936 4953 3185 5013 οὐδέποτε
3267 4954 3659 5033 συστελλομένη
3739 4959 3874 5036 πρὸς

477 5046 745 5129 perfecte
776 5043 1114 5124 exprimere
1151 5051 1368 5123 potest,
1391 5040 1497 5102 sed
1526 5041 1692 5129 quasi
1726 5036 2128 5129 extraordina-

2232 5044 2431 5129 ῑαοτὴν,
2478 5039 2687 5101 δύναται
2741 5045 2957 5110 τελείως
3030 5045 3283 5126 ἐκφράσαι
3338 5047 3401 5103 τὸ
3464 5045 3870 5126 μεγαλοπρεπές

474 5127 566 5199 rio
623 5133 905 5198 instincta
955 5131 1213 5213 Spiritus
1262 5130 1511 5203 inﬂuxu,
1549 5127 1905 5190 laudabilem
1946 5145 2124 5208 quem

2232 5150 2263 5184 ξε
2293 5132 2380 5186 καὶ
2410 5128 2581 5197 ἕδοξον
2619 5150 2632 5164 ⁸
2681 5133 2800 5191 ἀλλ’
2862 5138 2979 5192 οἷον
3036 5133 3389 5214 ἐνεργουμένη
3452 5134 3615 5201 ⁴ξένως
3645 5137 3748 5192 ὑπὸ
3779 5146 3874 5197 τοῦ

475 5225 778 5308 experitur
805 5222 1080 5286 allectum
1130 5220 1193 5281 in
1230 5218 1517 5308 ineffabili
1556 5217 1770 5308 gaudio
1802 5228 1858 5279 et
1876 5216 2124 5308 Asilentio

2232 5219 2510 5296 Ινεύματος
2544 5238 2557 5252 ⁸
2606 5224 2667 5279 τὸ
2711 5224 2808 5299 μὲν
2864 5224 3139 5281 ἐπαινετὸν
3199 5224 3389 5303 πάθος,
3424 5223 3478 5280 ἐν
3507 5222 3719 5303 ἆῤῥήτῳ
3750 5222 3870 5283 οἶδε

477 5306 631 5378 bene
652 5311 837 5387 novit;
854 5309 1153 5393 quomodo
1168 5327 1307 5371 vero
1331 5307 1498 5368 illum
1516 5307 1732 5369 sentiat
1749 5306 2095 5368 instinctum
2108 5357 2121 5380 ,

2232 5315 2352 5388 εαρᾷ
2380 5311 2469 5367 καὶ
2497 5318 2624 5390 σιγῇ
2660 5335 2676 5350 ⁸
2738 5314 2800 5371 τὸ
2848 5311 2905 5371 δὲ
2956 5320 3073 5376 πῶς
3130 5312 3452 5393 ἐνεργεῖται,
3503 5312 3540 5382 ἢ
3589 5314 3639 5369 τί
3667 5314 3780 5372 ἐστι
3808 5337 3873 5393 το

473 5406 562 5468 vel
592 5402 737 5486 quid
769 5403 845 5466 sit
874 5401 1021 5464 illud
1045 5418 1162 5481 quo
1195 5404 1484 5471 movetur,
1507 5398 1663 5478 quod
1696 5396 1855 5457 videt
1885 5404 1941 5457 et
1966 5395 2123 5477 quod

2232 5403 2379 5453 ιινοῦν
2404 5400 2492 5455 καὶ
2515 5402 2807 5482 ὁρώμενον,
2839 5404 2926 5459 καὶ
2954 5401 3110 5480 λέγον
3142 5401 3276 5480 αὐτῇ
3305 5407 3573 5478 μυστικῶς
3598 5404 3666 5459 τὰ
3695 5403 3873 5484 ἀπόρο

476 5495 590 5577 ipsi
614 5493 875 5576 loquitur
903 5507 1140 5565 arcana,
1177 5486 1425 5550 minime
1459 5495 1653 5577 potest
1679 5486 1998 5567 explicare.

2234 5511 2363 5577 ητα,
2395 5488 2680 5577 ἀμηχανεῖς
2708 5490 3091 5572 ἐξηγήσασθαι.

555 5588 656 5649 54.
689 5570 803 5660 Qui
830 5581 1054 5663 spargit
1080 5577 1198 5641 sibi
1242 5579 1304 5640 in
1341 5576 1572 5656 justitia
1618 5576 1908 5657 lacrymas
1950 5593 2119 5638 com-

2286 5570 2383 5639 νδ’.
2443 5570 2827 5661 Ὀνήσπείρωνή
2873 5582 3043 5657 ἑαυτῷ
3116 5582 3188 5645 εἰς
3265 5578 3604 5649 δικαιοσύνην
3673 5579 3874 5662 δάκρυα

554 5757 587 5809 4
612 5753 804 5821 ὓιιει.
838 5763 922 5830 tv,
954 5753 1019 5827 3,
1047 5750 1109 5811 7.
1197 5751 1230 5803 5
1258 5751 1457 5814 Matth.
1492 5762 1639 5828 xvn,
1681 5749 1736 5825 1,
1770 5753 1826 5809 5.
