4144 6400
288 339 397 407 981

1256 343 1803 409 GNOSTICORUM
1846 339 2190 407 CAPITUM
2233 341 2625 411 CENTURIA
2653 347 2743 410 III

3558 347 3640 416 98

291 473 644 561 κατανύξεως,
680 484 844 557 τρυγᾷ
883 481 955 544 εἶς
998 480 1200 559 καρπὸν
1259 484 1427 553 ζωῆς,
1486 479 1661 560 χαρὰν
1714 475 1943 536 ἀνεκλά-

2032 474 2414 561 punctionis,
2462 476 2524 538 in
2572 476 2833 540 fructum
2894 478 3027 541 vitae
3087 479 3342 561 percipit
3396 482 3678 560 gaudium

295 564 477 633 λητον.
519 556 575 624 ’0
618 564 674 623 δὲ
714 556 960 640 ἐκζητῶν
1001 556 1092 625 καὶ
1145 568 1426 644 ὑπομένων
1476 556 1578 625 τδν
1612 568 1799 648 Κύριον
1843 566 1944 633 ἕως

282 675 385 711 ’του
454 651 626 711 ἐλθεῖν
680 656 747 712 τὰ
802 657 1110 735 γεννήματα
1175 662 1277 725 τῆς
1360 656 1692 726 δικαιοσύνης
1764 659 1944 737 αὐτοῦ,

297 745 447 808 οὗτος
476 745 661 824 θερίσει
691 745 963 828 πολύχουν
1010 749 1100 805 τὸν
1156 748 1357 829 στάχυν
1412 753 1512 815 τῆς
1557 747 1802 827 γνώσεως
1857 754 1948 805 τοῦ

297 841 429 893 Θεοῦ
461 847 479 865 ⁸
544 836 633 891 καὶ
682 840 795 916 φῶς
854 837 1040 895 ἑαυτὸν
1094 839 1307 919 φωτίσει
1352 840 1562 918 σοφίας,
1614 839 1702 895 καὶ
1756 837 1948 916 λυχνία

297 924 472 1003 φωτὸς
540 922 711 981 ἀϊδίου
771 928 1076 1005 γενήσεται,
1152 928 1225 992 εἰς
1295 929 1357 985 τὸ
1436 928 1676 1009 φωτίζειν
1746 928 1947 991 πάντας

296 1012 595 1091 ἀνθρώπους
630 1031 646 1048 ⁸
696 1016 783 1071 καὶ
831 1016 890 1073 οὗ
931 1018 1178 1097 φθονήσει
1233 1018 1404 1091 ἑαυτῷ
1430 1019 1518 1073 καὶ
1560 1031 1678 1082 τοῖς
1723 1015 1949 1083 πλησίον

294 1101 393 1158 ὑπὸ
433 1103 496 1158 τὸ
552 1101 737 1178 μόδιον
796 1111 889 1161 τοῦ
931 1105 1120 1186 φθόνου
1174 1104 1458 1163 καλύπτων
1515 1107 1576 1162 τὸ
1619 1103 1763 1164 δοθὲν
1806 1106 1948 1180 αὒτῷ

292 1196 402 1272 φῶς
433 1196 532 1259 τῆς
559 1192 744 1273 σοφίας
780 1208 794 1223 ⁸
841 1191 961 1250 ἀλλ’
1023 1193 1110 1251 ἐπὶ
1151 1200 1250 1263 τῆς
1308 1191 1627 1262 Ἐκκλησίας
1686 1199 1789 1251 τῶν
1849 1214 1946 1250 πι-

293 1284 430 1337 στῶν
459 1279 716 1360 ἐρεύξεται
751 1279 941 1361 λόγους
1001 1282 1252 1362 ἀγαθοὺς,
1310 1284 1383 1348 εἰς
1414 1281 1671 1365 ὠφέλειαν
1701 1280 1939 1362 πολλῶν,

291 1370 379 1426 καὶ
407 1367 682 1449 φθέγξεται
726 1368 1082 1451 προϐλήματα
1124 1370 1217 1430 ἀπ’
1263 1372 1463 1453 ἀρχῆς,
1511 1370 1610 1429 ὅσα
1637 1393 1694 1429 τε
1723 1370 1947 1440 ἤκουσεν

294 1454 512 1539 ἄνωθεν,
557 1460 680 1535 θείῳ
706 1461 1092 1541 ὑπηχούμενος
1125 1462 1413 1543 Πνεύματι,
1440 1462 1529 1519 καὶ
1573 1460 1671 1519 ὅσα
1698 1460 1837 1540 ἔγνω
1879 1466 1948 1538 τῇ

291 1549 480 1628 θεωρίᾳ
508 1553 615 1607 τῶν
647 1547 816 1608 ὄντων
844 1549 1146 1632 σχολάζων,
1176 1554 1263 1609 καὶ
1305 1555 1353 1609 οἱ
1380 1552 1605 1632 πατέρες
1636 1553 1794 1612 αὐτοῦ
1821 1549 1945 1618 διη-

290 1638 532 1715 γήσαντο
556 1642 718 1715 αὐτῷ.

370 1717 467 1789 νε’.
502 1706 684 1787 "Eant
714 1732 870 1788 παντὶ
899 1729 1163 1806 σπουδαίῳ
1194 1731 1344 1811 ἐν’ξτῇ
1402 1732 1604 1813 ἡμέρᾳ⁸
1631 1738 1730 1800 τῆς
1787 1732 1944 1789 αὐτοῦ

2029 560 2353 627 inell'abile.
2382 562 2494 637 Qui
2525 574 2722 628 autem
2754 568 2965 648 quaerit
2990 577 3047 630 et
3075 560 3327 631 sustinet
3356 572 3679 636 Dominum

2030 651 2222 713 donec
2256 653 2494 715 veniant
2522 654 2745 717 fructus
2767 657 3017 736 justitiae
3037 676 3180 729 suae,
3208 658 3303 720 hic
3327 669 3507 722 metet
3528 664 3682 724 mul-

2033 740 2296 821 tiplicem
2340 744 2561 823 spicam
2596 745 2860 807 scientiae
2890 746 3021 823 Dei,
3057 748 3320 829 seipsum
3363 749 3683 816 illustrabit

2030 830 2257 892 lumine
2285 833 2608 913 sapientiae,
2640 843 2698 896 et
2726 836 2819 897 fac
2851 836 2999 899 lucis
3030 848 3269 900 aeternae
3300 839 3402 900 ﬁet
3429 841 3500 902 ad
3533 842 3677 904 illn-

2030 920 2343 985 minandos
2372 942 2582 985 omnes
2623 925 2921 1007 homines,
2972 945 3084 989 nec
3129 928 3415 991 invidebit
3463 929 3577 993 sibi
3619 939 3680 995 et

2033 1011 2299 1091 proximo
2331 1012 2441 1074 sub
2465 1012 2663 1074 modio
2684 1014 2917 1077 invidia;
2937 1015 3314 1079 abscondens
3335 1019 3535 1081 datam
3561 1020 3679 1084 sibi

2029 1099 2683 1180 sapientiaalucernam,
2708 1104 2811 1167 sed
2843 1105 2902 1166 in
2930 1104 3193 1168 Ecclesia
3235 1108 3501 1170 fidelium
3533 1129 3677 1173 eru-

2031 1190 2216 1250 ctahit
2264 1190 2446 1252 verba
2496 1191 2670 1264 bona,
2721 1194 2793 1254 ad
2848 1194 3168 1257 multorum
3222 1197 3558 1276 utilitatem,
3616 1211 3680 1262 et

2025 1277 2309 1369 loquetur,
2345 1298 2557 1342 arcana
2602 1281 2675 1369 ab
2723 1280 2959 1358 inititio,
2994 1302 3123 1364 quae
3155 1285 3380 1346 audivit
3418 1287 3679 1369 desuper

2028 1366 2228 1429 divino
2260 1368 2589 1431 obendiens
2623 1368 2891 1453 Spiritui,
2922 1379 2980 1433 et
3001 1390 3131 1453 qua;
3159 1374 3367 1437 didicit
3395 1366 3676 1439 contem-

2031 1457 2278 1537 plationi
2323 1476 2525 1520 rerum
2566 1477 2805 1536 vacans,
2856 1467 2915 1523 et
2961 1480 3093 1543 quae
3143 1471 3341 1544 patres
3382 1468 3514 1547 ejus
3558 1466 3678 1549 ipsi

2029 1552 2435 1625 narraverunt.

2107 1727 2205 1788 55.
2243 1722 2420 1788 Omni
2469 1724 2594 1786 viro
2638 1724 2758 1806 pio,
2804 1745 2940 1789 cum
2983 1727 3044 1789 in
3099 1728 3318 1793 virtute
3375 1732 3676 1811 perfectus

292 1814 409 1875 κατ’
457 1817 654 1897 ἀρετ-ην
708 1818 1061 1895 τελειώσεως,
1122 1823 1210 1879 καὶ
1270 1821 1623 1888 ἀποσταλάξει
1683 1822 1826 1897 ώτῷ
1879 1822 1943 1878 τὰ

2032 1813 2174 1888 erit,
2234 1823 2477 1893 surgent
2523 1823 2756 1876 montes
2813 1815 3206 1880 observantia;
3263 1821 3672 1885 mandatorum

293 1906 387 1985 ὄρη
430 1912 533 1975 τῆς
589 1907 838 1988 ἐργασίας
894 1910 999 1967 τῶν
1041 1917 1134 1968 τοῦ
1182 1917 1314 1968 Θεοῦ
1357 1909 1582 1968 ἐντολῶν
1638 1909 1944 1990 γλυκασμὸν

294 1999 640 2080 εὐφροσύνης,
685 2000 1011 2078 βασιλεύοντι
1040 2001 1095 2059 ἐν
1138 2004 1279 2060 Σιὼν
1329 2009 1397 2080 τῇ
1450 2006 1652 2083 καθαρᾷ
1693 2002 1892 2075 διανοίᾳ
1922 2020 1943 2041 ⁸

293 2089 376 2145 καὶ
405 2091 453 2146 οἱ
482 2089 683 2170 βουνοὶ,
719 2093 767 2146 οἱ
794 2088 945 2169 λόγοι
988 2095 1095 2148 τῶν
1152 2091 1376 2172 ἀρετῶν,
1429 2093 1709 2171 ῥοήσονται
1752 2091 1891 2172 γάλα
1920 2106 1939 2125 ⁶

290 2181 386 2249 τὴν
425 2183 628 2263 τροφὴν
659 2184 801 2259 αύτῷ
855 2184 1237 2260 ἀναπαυομένῳ
1273 2185 1361 2242 ἐπὶ
1421 2185 1605 2253 κλίνης
1663 2186 1938 2264 ἀπαθείας,

290 2272 677 2352 προσφέροντες
710 2289 726 2304 ⁶
798 2274 888 2330 καὶ
955 2280 1121 2331 πᾶσαι
1190 2278 1243 2332 αἱ
1312 2274 1513 2355 ἐφέσεις
1587 2273 1772 2354 Ἰούδα,
1845 2280 1942 2342 τῆς

290 2362 464 2438 αὖτοῦ,
536 2365 697 2442 φημὶ,
759 2364 984 2428 πίστεώς
1048 2386 1107 2422 τε
1167 2366 1257 2422 καὶ
1266 2377 1296 2441 3
1326 2365 1594 2443 γνώσεως,
1654 2365 1935 2443 ῥυήσονται

288 2447 469 2522 ὕδατα,
534 2447 774 2529 δόγματα
848 2449 1081 2534 δηλαδὴ,
1137 2454 1225 2511 καὶ
1283 2451 1612 2534 παραϐολὰς,
1658 2456 1746 2512 καί
1806 2455 1935 2511 αἱνί⁶

293 2559 467 2615 γματα
527 2540 680 2596 θείων
740 2543 1065 2621 πραγμάτων
1095 2563 1108 2575 ·
1182 2544 1272 2599 καὶ
1334 2544 1488 2620 πτιγή
1537 2541 1721 2622 σοφίας
1766 2539 1936 2620 ἀποβ⁶

291 2627 447 2703 ρήτου
515 2625 580 2684 ἐκ
657 2633 756 2696 τῆς
825 2630 1038 2710 καρδίας
1092 2635 1248 2690 αὖτοῦ
1306 2633 1380 2694 ὡς
1436 2630 1488 2696 ἐξ
1545 2630 1697 2687 οἴκου
1756 2632 1940 2709 Κυρίου

291 2714 636 2794 ἐξελεύσεται,
681 2721 768 2775 καὶ
797 2733 975 2777 ποτιετ
1021 2721 1113 2777 τὸν
1160 2719 1480 2801 χειμάῤῥουν
1522 2726 1625 2777 τῶν
1682 2721 1932 2801 σχοίνων,

291 2807 472 2872 αὐτοὺς
522 2804 767 2874 δηλονότι
812 2810 934 2873 τοὺς
991 2817 1068 2884 τῷ
1118 2811 1314 2890 αὐχμῷ
1342 2812 1430 2867 καὶ
1457 2817 1533 2885 τῷ
1574 2812 1802 2867 καύσωνι
1832 2816 1937 2865 τῶν

290 2898 464 2952 παθῶν
540 2895 989 2976 ἀποξηρανθέντας
1059 2898 1382 2977 ἀνθρώπους.
1447 2901 1546 2957 Καὶ
1612 2898 1734 2956 τότε
1790 2898 1935 2976 γνώ-

291 3006 431 3041 σεται
487 2986 591 3054 τὴν
648 2984 904 3056 ἀληθινὴν
966 2986 1179 3044 ἔκϐασιν
1261 2988 1316 3045 ἐν
1373 2989 1543 3063 ἑαυτῷ
1598 2992 1704 3045 τῶν
1762 2987 1937 3067 λόγων

295 3076 472 3154 Κυρίου
511 3091 526 3105 ⁸

292 3165 376 3237 μοὶ
431 3163 494 3220 ἐκ
552 3169 652 3232 τῆς
721 3165 924 3229 κοιλίας
998 3166 1154 3223 αὐτοῦ
1238 3167 1474 3244 ρεύσουσι
1552 3164 1739 3229 ὕδατος
1798 3172 1938 3237 ζῶν-

290 3274 397 3317 τος.
443 3276 467 3311 ο

367 3334 503 3418 σις’.
557 3342 835 3402 Ἀνατελετ
890 3344 944 3400 ἐν
1000 3359 1118 3410 τοῖς
1163 3343 1521 3426 φοϐουμένοις⁹
1550 3367 1641 3425 με,
1700 3346 1857 3425 φησὶν
1910 3347 1937 3400 ὁ

293 3433 439 3512 Θεὸς,
473 3430 633 3499 ἥλιος
664 3429 1022 3509 δικαιοσύνης,
1056 3435 1144 3491 καὶ
1200 3433 1344 3497 ἴασις
1388 3433 1441 3490 ἐν
1488 3447 1609 3498 ταῖς
1639 3432 1883 3512 πράξεσιν
1918 3448 1930 3463 ⁸

290 3522 373 3578 καὶ
413 3521 473 3580 ἐκ
505 3520 746 3603 φυλακῆς
789 3526 969 3581 παθῶν
1016 3521 1393 3597 ἐξελεύσονται,
1452 3525 1540 3580 καὶ
1568 3525 1937 3602 σκιρτήσουσιν

291 3611 359 3674 ὡς
388 3612 669 3692 μοσχάρια
697 3611 758 3668 ἐκ
799 3610 1007 3689 δεσμῶν
1035 3613 1293 3692 ἁμαρτίας
1324 3612 1574 3689 ἀνειμένα
1605 3628 1619 3643 ⁸
1652 3615 1740 3670 καὶ
1766 3635 1939 3670 κατα-

289 3703 616 3772 πατήσουσιν
658 3702 886 3779 ἀνόμους
918 3699 1104 3783 ἄνδρας
1133 3705 1221 3759 καὶ
1250 3701 1500 3779 δαίμονας
1544 3703 1796 3759 ὑποκάτω
1836 3709 1942 3761 τῶν

291 3788 459 3847 ποδῶν
492 3794 688 3871 αὒτῶν,
722 3794 794 3854 ὡς
829 3789 1045 3872 σποδὸν,
1078 3792 1130 3848 ἐν
1164 3799 1233 3870 τῇ
1262 3792 1436 3871 ἡμέρᾳ
1455 3797 1554 3860 τῆς
1576 3792 1945 3849 ἀποκαταστά-

290 3901 416 3943 σεως
463 3880 663 3956 αὐτῶν,
696 3884 733 3959 ᾗ
783 3881 891 3960 ἐγὼ
928 3881 1090 3954 ποιῶ,
1122 3879 1266 3960 λέγει
1300 3882 1482 3959 Κύριος
1512 3883 1886 3962 παντοκράτωρ
1923 3898 1935 3911 ⁸

288 3969 436 4037 ἡνίκα
479 3967 568 4025 διὰ
623 3972 807 4026 πασῦν
845 3969 1159 4046 ἀνυψωθῶσι
1189 3973 1294 4026 τῶν
1324 3968 1822 4049 ἀρετῶνῗδηλονότι,
1856 3972 1941 4027 καὶ

289 4056 606 4116 τελειωθῶσι
639 4057 724 4115 διὰ
754 4062 938 4140 σοφίας
969 4061 1058 4116 καὶ
1085 4061 1332 4138 γνώσεως
1377 4059 1428 4117 ἐν
1472 4061 1820 4138 τῆμετουσίᾳ
1847 4066 1941 4117 τοῦ

293 4151 592 4224 Πνεύματος
602 4197 615 4211 .

368 4232 467 4312 νζ..
520 4238 644 4295 Ἐὰν
704 4236 787 4296 ἐπ’
845 4238 997 4318 ὅρους
1054 4236 1264 4299 πεδινοῦ
1320 4247 1413 4297 τοῦ
1469 4240 1671 4316 κόσμου
1726 4241 1935 4319 τούτου,

293 4330 376 4385 καὶ
416 4330 515 4397 τῆς
562 4326 883 4395 Ἐκκλησίας
927 4335 1170 4406 Χριστοῦ,
1217 4332 1464 4407 γνωσεως
1534 4335 1721 4396 καινῆς
1795 4328 1939 4385 ἄνω-

587 3080 717 3155 φησί
745 3080 845 3157 γάρ
882 3096 896 3110 ·
953 3100 980 3132 ιι
1038 3068 1095 3135 Ὀ
1152 3078 1415 3134 πιστεύων
1473 3081 1546 3142 εἲς
1602 3077 1719 3154 ἐμὲ,
1779 3099 1938 3135 ποτα·
1960 3094 1999 3143 c

2025 1902 2158 1981 Dei,
2189 1903 2291 1984 qui
2323 1903 2705 1965 dulcedinem
2750 1904 2972 1968 laetitia;
3012 1907 3319 1969 stillabunt
3356 1910 3412 1971 ei
3440 1910 3501 1972 in
3532 1912 3675 1975 Sion

2029 2001 2229 2053 mente
2278 2011 2423 2072 pura
2477 1997 2791 2072 regnanti;
2852 2002 2911 2056 et
2966 1997 3169 2070 colles,
3232 2015 3339 2059 seu
3389 1998 3673 2064 virtutum

2030 2081 2231 2162 verba,
2266 2082 2356 2143 lac
2375 2081 2685 2163 rorabunt,
2712 2082 2910 2144 cibum
2943 2084 3057 2166 ipsi
3089 2089 3143 2148 in
3175 2085 3675 2167 impassibilitatis

2029 2170 2182 2232 lecto
2216 2171 2618 2251 requiescenti
2648 2172 2988 2247 afferentes,
3022 2175 3346 2253 omniaque
3371 2178 3674 2241 desideria

2026 2260 2202 2335 Juda,
2228 2261 2285 2321 id
2320 2267 2429 2331 est,
2460 2260 2597 2322 ﬁdei
2631 2272 2686 2323 et
2719 2262 2989 2324 scientiae
3019 2266 3171 2343 ejus,
3210 2266 3415 2344 pluent
3461 2286 3672 2348 aquas,

2021 2352 2298 2427 dogmata
2313 2348 2591 2410 videlicet
2612 2350 3041 2432 parabolasque
3057 2362 3115 2413 et
3134 2358 3443 2433 aenigmata
3465 2376 3673 2420 rerum

2020 2440 2398 2513 divinarum;
2431 2448 2610 2519 atque
2658 2439 2789 2501 fons
2841 2440 3209 2504 absconditae
3256 2445 3567 2525 sapientiae
3593 2448 3671 2509 de

2021 2529 2204 2592 corde
2235 2528 2394 2589 illius
2425 2536 2705 2609 tanquam
2729 2531 2802 2612 de
2821 2530 2999 2592 domo
3032 2530 3269 2593 Domini
3300 2535 3671 2615 egredietur,

2023 2628 2082 2682 et
2112 2617 2336 2698 potabit
2365 2627 2692 2680 torrentem
2722 2620 3075 2700 juncorutn,
3101 2620 3264 2701 ipsos
3291 2623 3526 2689 scilicet
3555 2625 3670 2687 bo-

2023 2709 2214 2771 mines
2260 2706 2532 2769 ariditate
2577 2717 2635 2769 et
2681 2718 2824 2770 testu
2868 2709 3258 2788 cupiditatum
3306 2713 3662 2778 exsiccatos.

2022 2798 2091 2859 Et
2140 2806 2278 2859 tunc
2319 2796 2471 2858 sciet
2516 2797 2575 2857 in
2629 2816 2693 2859 se
2743 2797 3065 2879 adimpleta
3120 2819 3252 2862 esse
3307 2801 3435 2864 haec
3488 2804 3672 2866 verba

2021 2886 2256 2948 Domini
2287 2885 2540 2947 dicentis
2573 2904 2586 2949 :
2631 2908 2653 2943 α
2689 2885 2799 2960 Qui
2832 2888 3026 2950 credit
3061 2888 3125 2951 in
3156 2908 3275 2965 me,
3312 2891 3563 2955 ﬂumina
3592 2893 3672 2958 de

2019 2983 2229 3039 ventre
2251 2976 2382 3055 ejus
2412 2976 2599 3038 ﬂuent
2627 2995 2795 3058 aqua;
2820 2979 2966 3040 vivae
2986 2977 3041 3042 6.

2100 3334 2200 3399 56.
2234 3331 2439 3398 Oritur
2466 3335 2527 3395 in
2558 3334 2928 3410 timentibus,
2962 3336 3044 3399 ait
3077 3337 3392 3420 Dominus,
3427 3337 3526 3414 Sol
3561 3341 3669 3422 ju-

2019 3424 2247 3505 stitiaa'l,
2296 3432 2353 3486 et
2401 3424 2633 3487 medela
2684 3424 2745 3486 in
2798 3426 3229 3507 operibus;ex
3278 3428 3673 3508 cupiditatum

2021 3533 2262 3577 carcere
2307 3513 2712 3593 egredientur,
2764 3522 2823 3577 et
2869 3516 3083 3578 salient
3152 3524 3216 3578 ut
3273 3518 3438 3579 vituli
3486 3519 3676 3599 ruptis

2025 3603 2250 3684 peccati
2302 3603 2588 3676 vinculis;
2642 3603 3033 3686 hominesque
3083 3609 3575 3686 praevaricatores
3605 3627 3674 3671 ac

2023 3692 2324 3755 daemonas
2353 3693 2462 3755 sub
2489 3692 2740 3773 pedibus
2779 3694 2901 3755 suis
2948 3704 3009 3756 ut
3047 3696 3314 3758 cinerem
3347 3696 3672 3759 conculca-

2024 3780 2174 3843 bunt
2200 3783 2259 3843 in
2286 3783 2383 3843 die
2412 3801 2534 3844 suae
2555 3784 3031 3858 restaurationis,
3064 3785 3216 3846 sicut
3247 3803 3359 3865 ego
3393 3785 3546 3847 facio
3572 3786 3672 3848 di-

2025 3872 2105 3933 cit
2154 3871 2441 3933 Dominus
2487 3871 2886 3953 omnipotens,
2939 3893 3071 3935 cum
3122 3874 3354 3935 scilicet
3393 3874 3676 3938 omnibus

2026 3960 2236 4023 elevali
2264 3968 2406 4023 sunt
2437 3961 2767 4036 virtutibus,
2802 3970 2860 4023 et
2900 3963 3149 4043 perfecti
3181 3981 3286 4045 per
3319 3963 3673 4044 sapientiam

2025 4061 2083 4112 et
2107 4051 2416 4113 scientiam
2452 4051 2510 4113 in
2539 4052 2990 4135 participatione
3022 4053 3281 4136 Spiritus
3308 4054 3525 4116 sancti.

2105 4230 2201 4294 57.
2240 4235 2383 4295 Cum
2415 4250 2596 4312 super
2616 4240 2878 4294 montem
2902 4234 3255 4315 campestris
3272 4233 3450 4313 hujus
3468 4233 3679 4295 mundi

2022 4327 2080 4379 et
2096 4319 2374 4382 Ecclesiae
2398 4320 2616 4383 Christi
2635 4322 2923 4384 levaveris
2945 4323 3211 4384 scientiae
3228 4340 3394 4383 novas
3414 4322 3675 4401 signum,

293 4421 373 4474 θεν
443 4419 576 4497 ἄρῃς
626 4431 880 4498 σημεῖον,
938 4419 1026 4473 καὶ
1079 4419 1293 4495 ὑψήσῃς
1348 4420 1446 4485 τὴν
1512 4419 1693 4499 φωνὴν
1748 4420 1940 4499 ἑαυτῷ,

2032 4416 2089 4499 et
2118 4409 2441 4470 elevaveris
2483 4429 2712 4484 vocem,
2753 4419 2815 4472 ut
2850 4411 2934 4471 ait
2970 4412 3257 4492 propheta
3280 4411 3334 4483 8,
3369 4398 3679 4490 sapientiae

294 4509 425 4565 κατά
454 4511 549 4565 τὸν
591 4508 840 4587 εἰρηκότα
870 4512 968 4574 της
1026 4504 1262 4575 δοθείσης
1308 4531 1388 4565 σοι
1437 4513 1620 4587 σοφίας
1652 4509 1757 4565 ἀπὸ
1787 4516 1938 4578 Θεοῦ,

293 4596 614 4674 παρακαλῶν
643 4603 720 4671 τῷ
771 4595 916 4675 λόγῳ
967 4598 1055 4652 καὶ
1113 4594 1370 4657 διδάσκων
1426 4599 1546 4660 τοὺς
1613 4598 1734 4661 σοὺς
1782 4596 1942 4654 ἀδελ-

293 4688 437 4766 φοὺῆ
485 4686 763 4765 δικνοίγων
791 4693 898 4744 τῶν
955 4687 1073 4743 νῶν
1130 4691 1314 4751 α’δτοτς
1369 4688 1466 4756 τῆς
1524 4689 1663 4753 θείαις
1690 4694 1938 4768 Γραφῆς,

294 4779 364 4840 εἷς
405 4777 731 4843 κατανόησιν
773 4777 878 4833 τῶν
906 4777 1209 4850 θαυμασίων
1255 4775 1463 4855 δωρεῶν
1514 4783 1604 4833 τοῦ
1660 4784 1812 4856 Θεοῦ,
1857 4784 1946 4837 καὶ

292 4863 618 4945 προϐιϐάζων
688 4866 875 4929 αὖτοὺς
946 4866 1020 4928 είς
1090 4866 1189 4934 τὴν
1274 4865 1518 4947 ἐργασίαν
1592 4873 1700 4923 τῶν
1789 4867 1947 4924 αιῖιτοῦ

297 4954 545 5035 ἐντολῶν,
579 4957 656 5033 μὴ
686 4953 925 5037 φοϐηθῇς
973 4955 1078 5012 ἀπὸ
1133 4962 1241 5013 τῶν
1298 4961 1624 5038 φθονοῦντων
1679 4963 1746 5034 τῇ
1788 4955 1946 5013 δυνά-

298 5066 385 5119 μει
454 5052 562 5101 τῶν
639 5044 814 5124 λόγων
883 5068 998 5119 σου,
1085 5047 1174 5102 καὶ
1246 5044 1717 5125 διαστρεϐλούντων
1774 5053 1948 5103 πᾶσαν

299 5134 438 5192 θείαν
516 5136 751 5218 Γραφὴν,
851 5142 1020 5192 κενῶν
1100 5133 1264 5192 ὄντων
1347 5139 1436 5193 καὶ
1540 5136 1945 5216 σεσαρωμένων,

300 5226 387 5280 καὶ
442 5223 666 5301 ἐτοίμων
724 5226 795 5290 εἷς
866 5223 1138 5281 κατοικίαν
1191 5231 1269 5298 τῷ
1324 5222 1574 5300 διαϐόλῳ,
1630 5226 1947 5281 Συνστάσσει

303 5312 401 5393 γὰρ
456 5315 522 5371 τὰ
562 5318 667 5370 τῶν
709 5311 940 5393 χειλέων
982 5332 1078 5368 σου
1129 5315 1156 5369 ὁ
1213 5314 1342 5378 Θεὸς
1404 5313 1459 5369 ἐν
1506 5320 1574 5390 τῇ
1619 5311 1785 5391 βιϐλῳ
1844 5316 1949 5370 τῶν

306 5401 536 5481 ζώντων,
582 5404 669 5460 καὶ
726 5405 819 5460 οὒκ
862 5400 1006 5457 ἔσται
1053 5422 1135 5458 σοι
1179 5400 1353 5479 βλάϐη
1411 5403 1471 5461 ἐκ
1524 5408 1631 5459 τῶν
1672 5404 1946 5476 τοιούτων,

307 5490 378 5554 ὼς
435 5490 547 5549 οῦδὲ
601 5492 780 5572 Πέτρῳ
839 5488 898 5546 ἐκ
956 5490 1219 5565 Σίμωνος.
1268 5490 1440 5571 Ἐρεῖς
1500 5490 1554 5548 δὲ
1612 5492 1814 5568 μᾶλλον
1865 5493 1952 5548 καὶ

377 5685 411 5737 6
435 5685 607 5769 Joan,
640 5707 745 5773 vn,
781 5688 882 5752 38.
970 5688 999 5738 7
1030 5688 1283 5753 Malach.
1319 5706 1399 5768 ιν,
1433 5692 1492 5756 9.
1578 5690 1756 5756 815a.
1790 5707 1917 5766 xm,
1948 5685 2015 5754 2.

2027 4498 2130 4559 tibi
2162 4518 2194 4559 a
2230 4499 2348 4560 Deo
2381 4500 2550 4562 datm.
2580 4501 2898 4561 exhortans
2927 4500 3107 4562 verbo
3136 4510 3192 4561 et
3216 4500 3441 4562 docens
3465 4501 3679 4562 fratres

2028 4596 2181 4662 tuos,
2217 4588 2495 4667 aperiens
2518 4589 3070 4667 eisinteltigenliam
3096 4587 3677 4670 divinae'Scripturaa,

2031 4688 2096 4736 ut
2127 4676 2459 4755 intelligant
2490 4676 2784 4739 mirabilia
2804 4677 2912 4740 Dei
2930 4677 3108 4759 dona,
3138 4697 3360 4758 eosque
3382 4676 3680 4740 inducens

2032 4767 2104 4827 ad
2155 4766 2457 4846 implenda
2499 4768 2630 4846 ejus
2673 4768 2970 4845 mandata,
3026 4785 3103 4829 ne
3146 4767 3356 4851 timeas
3402 4766 3546 4828 istos
3575 4766 3682 4848 qui

2028 4855 2296 4919 invident
2344 4856 2626 4918 efﬁcaciae
2673 4855 2988 4919 verborum
3040 4866 3297 4929 tuorum,
3333 4864 3393 4919 et
3431 4864 3679 4919 coutor-

2032 4954 2215 5027 quent
2244 4965 2482 5008 omnem
2506 4945 2764 5008 divinam
2797 4945 3189 5028 Scripturam,
3210 4964 3346 5008 cum
3362 4943 3532 5007 vacui
3559 4942 3680 5006 sint

2024 5036 2344 5118 “sc0pisque
2377 5036 2643 5099 mundati
2675 5046 2730 5100 et
2764 5046 3031 5118 paratum
3075 5034 3313 5099 diabolo
3360 5034 3680 5098 habitacu-

2032 5125 2153 5187 lum
2182 5127 2235 5189 5.
2269 5125 2484 5190 Scribit
2516 5126 2675 5187 enim
2707 5126 2866 5189 Deus
2916 5125 3207 5188 labiorum
3239 5133 3475 5187 tuorum
3502 5122 3686 5186 verba

2032 5219 2091 5280 in
2117 5217 2269 5280 libro
2303 5216 2645 5296 viventium,
2681 5225 2738 5278 et
2768 5216 2915 5279 nihil
2958 5216 3069 5278 tibi
3122 5215 3426 5278 nocebunt
3472 5213 3680 5275 istius-

2033 5307 2192 5369 modi
2250 5307 2545 5385 homines,
2602 5306 2757 5368 sicut
2809 5325 2928 5368 non
2986 5305 3191 5368 nocuit
3238 5307 3415 5368 Petro
3473 5303 3684 5366 Simon

2032 5399 2257 5477 Magus.
2293 5395 2408 5459 Sed
2444 5396 2638 5478 potius
2670 5395 2836 5457 dices
2884 5405 2943 5457 et
2979 5394 3109 5477 ipse
3131 5410 3266 5457 cum
3301 5392 3593 5477 propheta
3620 5392 3686 5454 in

2032 5486 2136 5548 illa
2180 5486 2280 5549 die
2318 5504 2436 5567 qua
2474 5484 2708 5548 videbis
2754 5485 2901 5547 istos
2945 5491 3153 5547 contra
3183 5491 3238 5546 te
3268 5490 3547 5565 parantes
3575 5480 3683 5544 viai

2095 5685 2129 5737 9
2157 5684 2362 5748 Matth.
2395 5701 2500 5761 xu,
2534 5684 2633 5746 44.
