4144 6424
471 316 591 384 983

1780 321 2085 388 NICETIE
2127 318 2557 387 PECTORATI

3777 326 3892 395 984

471 445 877 511 offendicula:
916 472 947 507 α
977 448 1132 512 Ecce
1179 450 1341 513 Deus
1395 469 1586 523 meus,
1647 451 1904 514 salvator
1949 468 2114 514 meus

2210 453 2361 519 αὗτὸς
2391 455 2526 529 μετὰ
2568 463 2661 513 τοῦ
2707 460 2982 537 προφήτου
3044 461 3097 516 ἐν
3149 467 3217 537 τῇ
3279 458 3464 539 ἡμέρα
3525 459 3704 536 ἐκείνῃ
3760 461 3812 517 έν
3854 465 3889 540 ᾗ

470 536 786 613 Dominus,
822 545 879 600 et
914 540 1490 618 ﬁducialiter-agam
1543 541 1603 602 in
1656 560 1748 616 eo,
1786 553 1845 603 et
1895 542 1966 604 ah
1998 543 2128 621 ipso

474 628 766 704 salvabor,
801 638 859 691 et
891 650 1009 691 non
1041 630 1266 692 timebo
1302 648 1316 693 :
1352 630 1491 712 quia
1544 631 1831 692 fortitudo
1884 651 2019 694 mea
2070 639 2129 694 et

469 716 598 781 laus
630 736 762 780 mea
791 718 1102 795 Dominus,
1139 729 1197 781 et
1228 720 1419 781 factus
1448 728 1538 782 est
1568 720 1713 781 mihi
1744 720 1803 781 in
1847 721 2121 798 salutem,

471 813 533 869 et
560 826 681 869 non
710 808 960 872 cessabo
991 808 1318 891 praedicare
1347 809 1594 889 gloriam
1619 809 1827 890 ejusin
1851 812 2128 875 universa

471 902 633 961 terra
658 898 736 961 *0.
772 923 803 958 ι

552 1166 651 1230 58.
686 1164 749 1231 Si
779 1185 1065 1247 agnoscas
1100 1169 1390 1250 impetum
1426 1167 1769 1248 cupidatum
1811 1186 1943 1230 esse
1971 1169 2034 1230 in
2066 1178 2124 1231 te

468 1254 861 1337 inefﬁcacem,
896 1266 954 1321 et
984 1258 1465 1339 compunctionis
1495 1258 1781 1339 lacrymas
1813 1278 1883 1321 ex
1920 1259 2123 1321 humi-

466 1344 628 1406 litate
656 1346 845 1408 ﬂuere
875 1346 950 1409 ab
982 1349 1171 1410 oculis
1203 1349 1341 1420 tuis,
1379 1350 1528 1410 scito
1584 1348 1820 1409 venisse
1869 1368 2119 1428 regnum

465 1432 572 1496 Dei
604 1434 665 1495 in
699 1443 776 1505 te,
810 1445 871 1499 et
897 1437 1203 1517 gravidum
1244 1446 1299 1499 te
1330 1456 1461 1499 esse
1492 1436 1744 1515 spiritus
1774 1447 1998 1500 sancto.
2056 1438 2119 1501 Si

464 1540 609 1584 vero
658 1532 1032 1608 operantem,
1088 1535 1420 1589 moventem
1456 1535 1515 1587 et
1545 1526 1887 1605 loquentem
1922 1526 2117 1607 Spiri-

464 1617 589 1673 tum
618 1613 805 1674 sentis
836 1614 894 1675 in
927 1614 1255 1676 visceribus
1286 1615 1428 1689 tuis,
1458 1622 1635 1695 teque
1656 1616 2012 1677 excitantem
2044 1616 2115 1677 ad

464 1701 904 1782 praedicandam
935 1704 996 1766 in
1025 1704 1295 1767 Ecclesia
1327 1723 1537 1783 magna
1576 1704 1832 1766 salutem
1868 1720 1927 1767 et
1957 1706 2109 1767 veri~
2138 1730 2177 1780 Β

462 1798 642 1854 talem
680 1792 810 1873 Dei,
838 1812 913 1854 ne
938 1793 1219 1856 cohibeas
1247 1794 1405 1855 labia
1435 1804 1532 1855 tua
1563 1804 1805 1873 propter
1832 1795 2115 1858 invidiam

461 1879 773 1943 hominum
802 1882 1025 1945 Judaeis
1054 1881 1377 1958 similium;
1425 1892 1485 1943 at
1537 1884 1756 1944 sedens
1788 1885 1982 1946 srribe
2012 1904 2116 1947 su-

463 1985 573 2047 per
600 1967 844 2043 buxum,
870 1979 932 2032 ut
950 1970 1316 2052 aitlsaias“,
1341 1990 1470 2053 quae
1496 1971 1754 2052 Spiritus
1782 1973 1885 2036 tibi
1912 1975 2113 2052 dictat,

465 2060 606 2143 quia
630 2061 774 2124 illud
809 2064 924 2125 erit
954 2065 1012 2125 in
1042 2064 1141 2126 die
1173 2065 1498 2126 novissimo
1531 2074 1587 2127 et
1621 2085 1807 2144 usque
1838 2071 1899 2128 in
1940 2076 2120 2131 aeter-

468 2168 637 2228 num,
672 2164 737 2214 ut
762 2151 907 2215 dicit
937 2154 1246 2235 propheta.
1274 2152 1384 2227 Qui
1416 2154 1576 2215 enim
1607 2155 1885 2217 invidiam
1916 2165 2113 2238 partu-

463 2242 647 2317 riunt,
701 2250 839 2304 sunt
887 2245 1142 2324 populus
1198 2243 1568 2313 incredulus,
1606 2244 1712 2306 ﬁlii
1764 2247 2105 2324 mendaces,

459 2329 677 2411 quibus
706 2350 822 2393 non
856 2339 947 2394 est
993 2333 1166 2414 ﬁdes,
1202 2333 1306 2414 qui
1366 2334 1576 2397 nolunt
1616 2334 1826 2396 audire
1875 2338 2112 2417 operari

460 2418 657 2482 adhuc
702 2420 1080 2500 Evangelium
1130 2429 1191 2485 et
1227 2424 1452 2486 amicos
1502 2425 1939 2506 prophetasque
1986 2425 2110 2488 Deo

459 2527 691 2590 parare,
724 2510 829 2573 sed
858 2511 1062 2574 dicunt
1092 2514 1402 2593 prophetis
1451 2522 1510 2575 et
1561 2515 1861 2593 magistris
1901 2515 2110 2577 Eccle-

467 2619 492 2656 ι
527 2600 616 2663 Ne
645 2602 1007 2664 annuntietis
1030 2601 1204 2664 nobis
1235 2603 1585 2682 sapientiam
1623 2606 1751 2675 Dei,
1806 2623 1999 2684 neque
2025 2605 2112 2666 sic

461 2686 790 2770 loquamini
840 2690 1016 2753 nobis
1062 2691 1401 2772 spectacula
1453 2700 1678 2754 naturae
1732 2691 2109 2770 videntibus,

461 2777 568 2839 sed
626 2778 943 2857 praedicate
996 2788 1054 2842 et
1109 2780 1456 2841 annuntiate
1514 2780 1688 2842 nobis
1740 2781 1916 2843 aliam
1958 2784 2108 2844 viam

459 2884 642 2947 quam
676 2868 932 2931 mundus
963 2877 1141 2951 amat,
1179 2877 1237 2932 et
1266 2869 1496 2931 auferte
1525 2889 1558 2931 a
1588 2871 1759 2932 nobis
1808 2873 2111 2934 oraculum

459 2953 645 3017 Israel
674 2955 749 3016 43.
787 2980 815 3012 »
852 2959 941 3021 Ne
964 2958 1235 3020 attendas
1268 2958 1509 3020 invidia:
1539 2970 1599 3021 et
1620 2959 1818 3021 verbis
1850 2980 2055 3023 eorum
2094 2981 2107 3024 :

462 3062 600 3106 nam
635 3045 876 3107 tandem
912 3047 1094 3109 verba
1141 3056 1240 3110 tua
1288 3047 1362 3109 ad
1415 3048 1732 3109 multorum
1795 3049 2107 3111 utilitatem

2211 544 2696 616 κατασκευάζοντας
2788 550 2913 628 ὁρᾷς
2987 550 3125 606 κατὰ
3206 556 3303 605 σοῦ
3399 550 3527 612 τοὺς
3623 551 3886 617 τοιούτους

2211 630 2475 689 σκάνδαλα
2517 632 2719 713 τρίϐου,
2777 661 2797 691 ι
2868 636 2997 696 Ἰδοὺ
3052 640 3080 694 ὁ
3141 639 3270 702 Θεός
3337 660 3471 716 μου,
3534 640 3731 707 Σωτήρ
3788 663 3885 713 μου

2211 721 2420 800 Κύριος,
2469 726 2556 779 καὶ
2610 728 2874 791 πεποιθὼς
2935 726 3123 803 ἔσομαι
3182 726 3267 783 ἐπ’
3332 731 3508 801 αὐτῷ,
3557 731 3648 784 καὶ
3704 730 3881 799 σωθή-

2209 831 2369 885 σομαι
2400 811 2488 869 ὑπ’
2520 814 2700 885 αότοῦ,
2756 818 2845 873 καὶ
2886 817 2947 874 οὗ
3005 814 3412 898 φοϐηθήσομαι,
3481 817 3631 873 Διότι
3673 819 3708 885 ἡ
3765 815 3881 883 δόξα

2209 921 2311 974 μου
2354 904 2442 958 καὶ
2471 904 2505 970 ἡ
2537 902 2737 967 αἴνεσίς
2769 928 2871 981 μου
2927 908 3135 986 Κύριος,
3197 908 3286 963 καὶ
3347 906 3569 985 ἐγένετό
3628 929 3720 982 μοι
3763 913 3877 963 Σω-

2207 990 2307 1069 τήρ
2342 1006 2354 1019 ⁸
2414 993 2499 1048 καὶ
2528 998 2587 1052 οὐ
2618 995 2886 1072 παύσομαι
2930 994 3279 1075 ἆναγγέλλειν
3311 997 3381 1052 τὰ
3415 994 3601 1061 ἔνδοξα
3645 999 3801 1054 αὐτοῦ
3828 996 3876 1051 ἐν

2208 1080 2353 1157 πάσῃ
2371 1087 2452 1161 ’τῇ
2493 1089 2591 1161 γῇ,
2626 1106 2651 1138 n

2290 1159 2398 1236 νηί
2446 1159 2517 1229 Et
2551 1171 2716 1251 ἔγνως
2760 1172 2842 1231 ὅτι
2871 1175 2904 1241 ἠ
2938 1176 3071 1255 φορὰ
3099 1180 3197 1243 τῆς
3231 1182 3341 1232 τῶν
3375 1179 3573 1233 παθῶν
3618 1175 3869 1255 ἐνεργείας

2207 1254 2348 1313 ἔστιν
2391 1258 2446 1314 ἐν
2493 1262 2574 1317 σοὶ
2622 1260 2908 1340 ἄπρακτος,
2966 1266 3053 1319 καὶ
3107 1266 3141 1332 ἡ
3199 1264 3489 1330 κατάνυξις
3523 1264 3587 1321 ἐκ
3629 1287 3868 1321 ταπεινο-

2205 1348 2466 1424 φροσύνης
2512 1351 2737 1427 πηγάζει
2768 1351 2873 1407 ἀπὸ
2917 1358 3023 1408 τῶν
3053 1351 3341 1433 ὀφθαλμῶν
3398 1377 3519 1433 σου,
3586 1357 3745 1433 γνῶθι
3796 1355 3873 1410 ὃτι

2202 1433 2357 1502 ἦλθεν
2399 1440 2433 1505 ἡ
2477 1438 2717 1513 βασιλεία
2760 1448 2851 1497 τοῦ
2910 1449 3040 1499 Θεοῦ
3094 1442 3178 1498 ἐπὶ
3223 1444 3306 1524 σε,
3357 1444 3453 1499 καὶ
3484 1443 3736 1521 ἐγκύμων
3763 1442 3874 1520 ἐγέ-

2199 1545 2289 1580 νου
2328 1526 2421 1582 τοῦ
2464 1528 2610 1605 ἁγίου
2660 1531 2981 1605 Πνεύμστος.
3029 1533 3088 1589 Εἰ
3144 1530 3197 1587 δὲ
3254 1534 3343 1589 καὶ
3395 1531 3673 1611 ἐνεργοῦν,
3707 1532 3874 1589 κινού-

2200 1614 2358 1687 μενόν
2402 1637 2459 1671 τε
2490 1618 2575 1672 καὶ
2618 1615 2807 1676 λαλοῦν
2850 1622 2910 1675 τὸ
2957 1626 3167 1694 Πνεῦμα
3215 1632 3360 1683 νοεῖς
3393 1620 3449 1676 ἐν
3478 1634 3602 1685 τοῖς
3635 1620 3874 1699 ἐγκάτθις

2200 1720 2314 1772 σου,
2349 1704 2436 1758 καὶ
2463 1700 2721 1784 διεγεῖρόν
2752 1727 2808 1762 σε
2840 1714 2931 1764 τοῦ
2985 1706 3160 1785 λέγειν
3204 1708 3258 1763 ἐν
3321 1706 3597 1781 ἐκκλησίᾳ
3656 1708 3870 1785 μεγάλῃ

2201 1792 2262 1846 τὸ
2315 1793 2600 1871 σωτήριον,
2646 1796 2733 1851 καὶ
2792 1797 2893 1863 τὴν
2958 1796 3207 1867 ἀλήθειαν
3277 1807 3372 1857 τοῦ
3448 1804 3607 1867 Θεοῦ,
3672 1798 3748 1872 μὴ
3818 1794 3873 1853 δὲ

2200 1877 2444 1957 κωλύσῃς
2473 1882 2536 1938 τὰ
2586 1882 2745 1963 χείλη
2790 1907 2882 1941 σου
2935 1884 3016 1941 διὰ
3074 1888 3164 1941 τὸν
3221 1887 3413 1966 φθόνον
3476 1894 3588 1943 τῶν
3620 1884 3871 1943 Ἰουδαιοο

2201 1968 2404 2048 φρόνων
2458 1970 2655 2051 ἀνδρῶν
2688 1989 2701 2003 ⁸
2769 1972 2906 2031 ἀλλὰ
2963 1975 3204 2050 καθίσας,
3266 1977 3481 2054 γράψον
3535 1976 3623 2032 ἐπὶ
3666 1975 3862 2048 πυξίου,

2199 2060 2372 2122 καθώς
2403 2083 2563 2139 φησιν
2619 2053 2865 2136 Ἠσαίας,
2918 2064 2951 2119 ἃ
3008 2066 3069 2119 τὸ
3124 2066 3338 2139 Πνεῦμὶ
3397 2088 3483 2121 σοι
3529 2063 3676 2143 λέγει
3712 2084 3727 2098 ⁶
3787 2064 3866 2122 ὅτι

2199 2146 2345 2214 ἔσται
2409 2152 2482 2213 εἷς
2537 2152 2741 2231 ἡμέρας
2796 2160 2993 2232 καιρῶν
3062 2160 3243 2221 ταῦτα,
3310 2155 3401 2210 καὶ
3463 2152 3570 2217 ἕως
3633 2156 3707 2217 εἷς
3776 2155 3866 2209 τὸν

2199 2239 2361 2295 αἰῶνα
2399 2260 2411 2272 ·
2446 2242 2581 2296 κατὰ
2610 2248 2713 2297 τῶν
2747 2240 2885 2299 οὕτω
2913 2242 3146 2298 εἰπόντα.
3187 2244 3246 2299 Οἱ
3277 2243 3378 2321 γὰρ
3409 2244 3502 2299 τὸν
3534 2242 3723 2322 φθόνον
3750 2239 3865 2300 ὠδί-

2194 2349 2396 2404 νοντες,
2432 2327 2559 2393 λαὸς
2592 2330 2812 2401 ἆπειθής
2846 2333 2995 2398 εἰσιν,
3043 2331 3143 2386 υἳοὶ
3187 2328 3427 2410 ψευδεῖς,
3479 2334 3567 2394 οἷς
3614 2335 3709 2389 οὐκ
3753 2332 3862 2387 ἐστι

2194 2416 2394 2491 πίστις,
2428 2421 2479 2474 οἰ
2515 2421 2573 2475 οῦ
2630 2419 2906 2495 βούλονται
2954 2420 3183 2494 ἀκούειν,
3249 2418 3330 2476 ὅτι
3377 2419 3455 2475 ἔτι
3512 2422 3575 2476 τὸ
3621 2418 3861 2497 Εὐαγγέ-

2192 2505 2308 2562 λιον
2366 2507 2596 2589 ἐνεργεῖ,
2656 2512 2742 2568 καὶ
2800 2510 2982 2591 φίλους
3027 2517 3159 2568 Θεοῦ
3214 2511 3302 2566 καὶ
3359 2512 3646 2590 προφήτας
3692 2531 3860 2564 κατα-

2194 2597 2479 2667 σκευάζει·
2541 2596 2677 2657 ἀλλὰ
2705 2597 2916 2677 λέγουσι
2946 2613 3062 2664 τοῖς
3118 2600 3418 2678 προφήταις
3466 2601 3556 2655 καὶ
3608 2596 3859 2653 διδασκά-

2196 2683 2311 2748 λοις
2342 2692 2441 2753 τῆς
2471 2685 2790 2754 Ἐκκλησίας
2825 2707 2839 2723 ·
2897 2688 2986 2755 Μὴ
3030 2686 3386 2766 ἀναγγέλλετε
3434 2689 3577 2762 ἡμῖν
3621 2702 3718 2754 την
3763 2707 3858 2742 σο-

2195 2776 2316 2856 φίαν
2364 2787 2458 2834 τοῦ
2502 2784 2653 2837 Θεοῦ.
2699 2787 2826 2841 Τοῖς
2881 2779 2948 2834 τὰ
3005 2778 3243 2856 ὁράματα
3299 2782 3399 2843 τῆς
3446 2782 3681 2856 φυσικῆς
3725 2780 3856 2832 θεω-

2197 2865 2309 2943 ρίας
2381 2866 2539 2946 ὁρῶσι
2613 2867 2691 2942 μὴ
2750 2864 2971 2923 λαλεῖτε
3036 2868 3195 2946 ἡμῖν,
3272 2864 3410 2921 ἀλλά
3478 2864 3722 2939 λαλεῖτε,
3775 2867 3858 2921 καὶ

2195 2952 2548 3032 ἀναγγέλλετε
2598 2957 2736 3030 ἡμῖν
2766 2956 2948 3035 ἑτέραν
2991 2954 3282 3028 πλλνησιν,
3312 2956 3378 3021 ἦν
3425 2958 3454 3012 ὁ
3515 2956 3719 3030 κόσμος
3765 2976 3855 3034 φι-

2199 3041 2307 3113 λεῖ,
2360 3045 2446 3100 καὶ
2489 3043 2705 3125 ἀφέλετε
2765 3044 2856 3125 ἀφ’
2900 3047 3056 3121 ἡμῶν
3111 3046 3171 3101 τὸ
3214 3043 3397 3123 λόγιον
3456 3053 3551 3102 τοῦ
3614 3042 3850 3118 Ἰσραήλ.

464 3135 805 3196 resonantia
852 3137 1100 3201 audient
1150 3137 1314 3199 surdi
1384 3139 1763 3218 spirituales,
1824 3159 2113 3201 caecorum

2202 3133 2348 3201 Μηδὲ
2378 3136 2634 3214 προσέξῃς
2678 3143 2746 3214 τῇ
2790 3138 3067 3213 βασκανίᾳ,
3114 3136 3201 3191 καὶ
3243 3149 3361 3198 τοῖς
3404 3134 3591 3215 λόγοις
3640 3136 3808 3191 αὒτῶν
3837 3150 3851 3165 ’

466 3224 625 3285 oculi
658 3223 921 3287 tenebris
949 3227 1083 3288 vitae
1123 3227 1471 3308 peccatique
1527 3227 1781 3306 caligine
1813 3228 2115 3290 obscurati

461 3311 751 3377 videbunt
788 3314 1104 3377 verborum
1135 3325 1370 3378 tuorum
1404 3315 1632 3392 lumen,
1669 3318 1731 3380 in
1779 3318 1871 3380 his
1911 3320 2114 3381 exsul-

462 3402 671 3465 tabunt
689 3422 980 3486 pauperes
998 3406 1234 3488 spiritu,
1268 3424 1377 3487 spe
1405 3406 1574 3468 fracti
1598 3408 1871 3469 homines
1896 3410 2113 3489 gaudio

459 3492 874 3573 replebuntur,
906 3503 964 3556 et
995 3495 1210 3576 spiritu
1243 3494 1510 3576 palantes
1551 3497 1612 3557 in
1645 3497 1840 3559 verbis
1871 3500 1985 3559 tuis
2013 3518 2112 3563 re-

460 3581 873 3660 colligantur:
928 3585 1031 3666 qui
1081 3594 1279 3647 autem
1341 3594 1546 3649 contra
1601 3595 1658 3648 te
1716 3598 2110 3665 murmurant,

460 3671 697 3737 discent
726 3674 1141 3757 obtemperare
1171 3675 1369 3737 verbis
1395 3675 1650 3758 Spiritus
1681 3678 1891 3757 sancti,
1917 3679 2108 3741 etlin-

460 3780 592 3843 suae
621 3761 1018 3827 balbutientes
1047 3784 1258 3846 pacem
1277 3765 1441 3846 loqui
1469 3765 1718 3829 discent.

538 4209 644 4274 59.
677 4209 896 4273 Beatus
924 4209 1027 4274 ille
1056 4211 1158 4293 qui
1208 4211 1388 4276 habet
1416 4213 1476 4275 in
1513 4212 1655 4276 Sion
1706 4214 1976 4278 Ecclesia
2006 4216 2111 4277 Dei

457 4318 663 4364 semen
695 4298 984 4363 doctrinae
1006 4300 1332 4363 verborum
1361 4313 1707 4377 suorum,ut
1727 4304 1802 4366 ait
1824 4302 2009 4366 Isaias
2029 4306 2107 4380 43,

2202 3223 2511 3280 ἀκούσονται
2581 3227 2680 3304 γὰρ
2736 3227 2801 3281 τὰ
2856 3226 3208 3305 ῦπηχούμενά
3265 3246 3344 3281 σοι
3405 3229 3539 3305 πρὸς
3598 3222 3852 3304 ὠφέλειαν

2200 3310 2414 3368 πολλῶν
2444 3314 2642 3380 ἡνωθεν
2688 3315 2853 3393 κωφοὶ
2904 3311 3161 3393 ἔσχατον,
3207 3313 3294 3367 καὶ
3344 3315 3392 3367 οἱ
3452 3312 3507 3367 ὲν
3553 3318 3632 3386 τῷ
3681 3310 3853 3366 σκότει

2199 3411 2291 3461 τοῦ
2330 3403 2466 3478 βίου,
2501 3404 2587 3458 καὶ
2611 3406 2658 3459 οἱ
2688 3402 2740 3460 ἐν
2769 3409 2838 3479 τῇ
2896 3401 3101 3482 ὁμίχλῃ
3157 3406 3256 3467 τῆς
3300 3402 3564 3480 ἁμαρτίας
3596 3397 3854 3480 οφθαλμοὶ

2198 3488 2429 3569 τυφλῶν,
2463 3488 2681 3569 ὄψονταί
2738 3513 2829 3547 σον
2880 3497 2985 3547 τῶν
3030 3489 3205 3568 λογων
3250 3491 3311 3545 τὸ
3355 3496 3495 3568 φῶς,
3544 3492 3631 3545 καὶ
3685 3484 3852 3564 ἀγαλ-

2198 3577 2468 3636 λιάσονται
2500 3580 2552 3635 ἐν
2606 3580 2788 3643 αῦτοῖς
2848 3582 2894 3636 οἱ
2950 3580 3161 3659 πτωχοὶ
3213 3585 3291 3653 τῷ
3345 3580 3614 3653 πνεύματι
3672 3597 3758 3631 και
3810 3576 3854 3630 οἱ

2197 3668 2596 3745 ἀπηλπισμένοι
2668 3677 2773 3726 τῶν
2860 3670 3167 3749 ἀνθρώπων,
3229 3667 3712 3744 ἐμπλησθήσονται
3768 3666 3853 3722 εύ-

2195 3765 2480 3839 φροσύνης,
2540 3762 2627 3816 καὶ
2688 3758 2981 3839 γλώσονται
3038 3763 3085 3814 οἱ
3146 3765 3223 3833 τῷ
3294 3760 3559 3833 πνεύματι
3633 3754 3851 3813 πλανώ-

2194 3871 2368 3923 μενοι,
2415 3850 2617 3907 σύνεσιν
2650 3849 2704 3905 ἐν
2748 3862 2865 3913 τοῖς
2913 3846 3090 3927 λόγοις
3136 3870 3229 3905 σου
3261 3867 3277 3882 ⁸
3324 3850 3371 3904 οἱ
3426 3845 3484 3903 δὲ
3536 3846 3851 3925 γογύζονκες

2193 3940 2327 3997 κατὰ
2398 3946 2514 4019 σοῦ,
2587 3941 2912 4010 μαθήσονται
2982 3937 3262 3994 ὑπακούειν
3345 3937 3451 3992 τῶν
3530 3934 3706 4014 λόγων
3761 3937 3849 3988 τού

2198 4030 2522 4105 Πνεύματος,
2556 4029 2644 4085 καὶ
2672 4027 2909 4106 γλῶσσαι
2940 4029 2991 4083 αἱ
3023 4025 3383 4102 ψελλίζουσαι,
3416 4024 3607 4082 λαλεῖν
3640 4023 3847 4103 εἰρήνην

2195 4121 2559 4195 μαθήσονται,

2277 4199 2376 4269 νϐ’.
2409 4209 2679 4288 Μακάριος
2723 4209 2781 4272 ὃς
2829 4208 2945 4289 ἔχει
3008 4205 3061 4262 ἐν
3119 4206 3260 4263 Σιὼν
3314 4210 3383 4281 τῇ
3435 4210 3529 4260 τοῦ
3559 4208 3691 4260 Θεοῦ
3722 4197 3846 4259 Ἐκ-

2194 4298 2410 4372 κλησίᾳ,
2466 4298 2676 4377 σπέρμα
2725 4295 3059 4360 διδασκαλίας
3116 4302 3220 4352 τῶν
3277 4293 3452 4373 λόγων
3511 4297 3691 4365 αὐτοῦ,
3739 4312 3845 4371 φη-

457 4397 516 4453 et
533 4389 701 4483 ﬁlios
723 4390 997 4483 proprios
1020 4389 1138 4483 sibi
1170 4390 1513 4483 etSpiritui
1536 4402 1739 4455 sancto
1790 4395 1852 4455 in
1881 4395 2111 4457 caelesti

2200 4392 2274 4447 σὶν
2351 4381 2600 4464 Ἡσαΐας,
2675 4390 2763 4445 καὶ
2830 4388 2968 4450 υἱοὺς
3055 4385 3276 4448 οἰκείους
3346 4385 3540 4458 ἑαυτῷ,
3616 4383 3703 4438 καὶ
3775 4383 3846 4451 τῷ

2318 4480 2325 4483 .
2531 4477 2544 4483 -
2728 4478 2752 4483 -.
2924 4482 2939 4483 η
3270 4474 3281 4483 ι
3455 4463 3467 4483 ε
3684 4469 3703 4483 \
3739 4470 3749 4483 Ι

456 4468 988 4562 primogenitorum
1020 4468 1351 4544 Jerusalem
1381 4504 1397 4554 ;
1431 4481 1545 4544 erit
1575 4483 1740 4545 enim
1771 4483 1948 4546 homo
1982 4485 2105 4560 ille,

2200 4480 2479 4556 Πνεύματι,
2529 4477 2582 4533 ἐν
2610 4483 2677 4555 τῇ
2722 4478 2831 4535 ἅνω
2876 4482 2980 4534 τῶν
3034 4474 3393 4554 πρωτοτόκων
3455 4468 3795 4552 Ἰερουσαλήμ
3829 4484 3842 4499 ⁸

452 4568 671 4650 inquit,
703 4569 1085 4632 abscondens
1126 4569 1201 4632 ad
1234 4578 1468 4652 tempus
1497 4571 1678 4634 verba
1709 4592 1842 4653 sua,
1877 4583 1934 4634 et
1965 4574 2110 4636 abs-

454 4658 745 4722 condetur
800 4659 960 4722 velut
1008 4678 1160 4741 aqua
1208 4661 1592 4736 decurrente,
1645 4682 1714 4725 ac
1759 4662 1999 4725 tandem
2048 4665 2108 4726 in

454 4747 599 4814 Sion
647 4748 913 4812 ﬁdelium
964 4747 1235 4813 Ecclesia
1282 4750 1585 4815 videbitur
1626 4753 1786 4815 velut
1817 4759 1993 4815 terrae
2020 4755 2107 4816 si-

452 4837 622 4901 tienti
643 4838 856 4901 ﬂuvius
879 4838 1208 4902 decurrens
1239 4841 1480 4904 ﬂuentis
1511 4841 1819 4923 sapientiae
1848 4861 1967 4904 suae
1988 4844 2109 4923 glo-

451 4932 671 5005 riosus,
697 4939 754 4993 et
779 4930 880 5012 qui
901 4930 975 4993 ab
997 4932 1217 4996 invidis
1241 4935 1665 5012 deﬁecluntur,
1703 4936 2108 5016 non'amplius

449 5020 511 5082 in
561 5019 656 5083 bis
704 5020 1032 5094 conﬁdent,
1084 5020 1189 5085 sed
1237 5042 1414 5085 aures
1464 5042 1599 5086 suas
1651 5024 2003 5106 praebebunt
2032 5028 2104 5089 ad

447 5109 746 5175 audienda
771 5109 935 5173 illius
963 5111 1229 5175 hominis
1258 5113 1462 5189 verba,
1507 5128 1566 5175 et
1597 5132 1702 5177 cor
1731 5115 2106 5177 inﬁrmorum

447 5202 646 5263 anima
677 5198 903 5281 patebit
929 5199 1001 5263 ad
1035 5201 1433 5285 audiendum;
1471 5222 1582 5266 nec
1605 5204 1890 5285 deinceps
1909 5203 2109 5267 dicent

447 5289 689 5354 invidia;
708 5289 976 5366 asseclie,
1010 5290 1207 5367 (Sile,
1250 5315 1279 5348 ι
1312 5292 1612 5375 siquidem
1642 5294 1767 5368 ille,
1802 5312 1935 5356 cum
1971 5294 2106 5374 pius

449 5377 547 5455 sit,
578 5377 932 5460 sapientiam
963 5378 1275 5460 amplexus
1300 5390 1413 5464 est,
1448 5401 1561 5445 nec
1582 5382 1896 5446 stultorum
1921 5383 2106 5446 instar

449 5467 657 5530 mundi
693 5466 1049 5549 sapientium
1099 5469 1280 5533 stulta
1329 5482 1423 5533 est
1470 5471 1726 5548 locutus,
1760 5492 1872 5535 nec
1901 5473 2103 5537 animo

2195 4570 2340 4626 ἔσται
2388 4571 2489 4649 γὰρ
2539 4572 2566 4625 ὁ
2610 4567 2879 4647 ἅνθρωπος
2937 4568 3168 4640 ἐκεῖνος,
3215 4565 3456 4645 κρύπτων
3501 4565 3575 4627 εἰς
3635 4559 3841 4649 καιρὸν,

2192 4661 2344 4741 φησὶ,
2403 4643 2538 4722 ’τοὺς
2594 4643 2782 4738 λόγους
2841 4657 3018 4735 αῦτοῦ,
3080 4655 3167 4710 καὶ
3222 4651 3540 4731 κρυϐἧσεται
3613 4653 3687 4713 ὼς
3755 4643 3841 4725 ἀφ’

2191 4736 2375 4814 ύδατος
2432 4736 2741 4830 φερομένου,
2804 4749 2890 4805 καὶ
2949 4744 3203 4827 ἔσχατον,
3263 4744 3552 4823 φανήσεται
3598 4742 3652 4797 ἐν
3709 4736 3840 4792 Σιὼν

2191 4847 2259 4917 τῇ
2316 4846 2419 4896 τῶν
2483 4846 2688 4895 πιστῶν
2748 4835 3060 4911 Ἐκκλησία,
3130 4837 3203 4899 ὡς
3262 4835 3502 4908 ποταμὸς
3559 4830 3840 4912 φερόμενος

2190 4928 2416 5004 ἔνδοξος,
2446 4936 2518 5009 γῇ
2549 4928 2760 5006 διψώσῃ
2817 4941 2936 4991 τοῖς
2991 4927 3206 5005 ῥείθροις
3264 4928 3363 4991 τῆς
3409 4922 3594 5003 σοφίας
3640 4919 3794 4976 αὒτοῦ
3822 4928 3834 4941 ⁹

2191 5023 2280 5079 καὶ
2323 5021 2417 5078 οὒκ
2459 5019 2535 5076 ἔτι
2592 5019 2805 5077 ’έσονται
2850 5021 2896 5074 οἱ
2952 5019 3053 5074 ὑπὸ
3108 5016 3215 5072 τῶν
3263 5014 3588 5094 φθονούντων
3617 5010 3839 5086 ἀνατρε-

2191 5111 2413 5186 πόμενοι
2458 5111 2767 5174 πεποιθότες
2828 5108 2913 5165 ἐπ’
2975 5112 3182 5178 αὺτοῖς,
3240 5103 3380 5161 ἀλλὰ
3436 5104 3501 5160 τα
3529 5104 3641 5161 ὦτα
3672 5097 3838 5155 αὐτῶν

2189 5199 2440 5257 δώσουσιν
2512 5200 2720 5257 ἀκούειν
2788 5204 2895 5256 τῶν
2938 5197 3111 5276 λόγων
3154 5203 3245 5252 τοῦ
3302 5196 3576 5274 ἀνθρώπου
3619 5190 3836 5264 ἐκείνου,

2187 5291 2275 5347 καὶ
2330 5292 2363 5358 ἡ
2419 5288 2602 5369 καρδία
2655 5294 2759 5346 τῶν
2820 5287 2957 5345 κατά
3012 5287 3198 5366 ψτχὴν
3241 5286 3619 5364 ἀσθενούντων,
3666 5298 3837 5358 προσ-

2187 5379 2287 5446 έξει
2342 5380 2433 5437 τοῦ
2476 5380 2681 5437 ἀκούειν
2717 5398 2733 5416 ⁶
2809 5380 2895 5435 καὶ
2953 5381 3048 5435 οῦκ
3107 5376 3181 5431 ἔτι
3257 5380 3317 5434 οὗ
3389 5379 3467 5453 μὴ
3529 5375 3754 5433 εἴπωσιν
3793 5369 3837 5423 οἱ

2185 5472 2440 5551 ὑπηρέται
2471 5480 2563 5529 τοῦ
2593 5471 2781 5552 φθόνου
2834 5472 2969 5549 Σίγα
3000 5484 3012 5497 ·
3061 5465 3246 5534 ἐπειδὴ
3302 5466 3522 5536 εὐσεϐὴς
3553 5468 3625 5527 ὢν
3656 5458 3836 5524 συνετὰ

527 5633 582 5679 ¹⁰
610 5635 725 5699 lsa.
759 5652 871 5709 xu,
904 5641 965 5713 2,
997 5638 1059 5703 5.
1146 5638 1195 5682 ¹¹
1226 5637 1343 5703 Isa.
1375 5657 1514 5719 xxx,
1543 5642 1602 5705 8.
1691 5641 1745 5686 η
1773 5641 1924 5705 Ibid.
1964 5647 2065 5713 11.
2148 5646 2203 5740 f3
2232 5646 2348 5713 Isa.
2383 5657 2548 5716 xxxx,
2576 5642 2615 5705 9
2648 5658 2771 5704 sec.
2805 5638 2971 5704 LXX.
