4144 6376
309 340 430 409 985

1235 331 1785 399 GNOSTIGORUM
1828 321 2171 391 CAPITUM
2225 320 2621 385 CENTURIA
2666 320 2777 381 III.

3589 294 3709 369 986

310 473 677 547 ἐϐουλεύσατο,
732 475 824 532 καὶ
884 472 988 555 οὔχ
1060 474 1238 551 ὥσπερ
1292 473 1338 527 οἱ
1409 468 1576 545 μωροὶ
1630 464 1721 522 τοῦ
1762 463 1963 536 κόσμου

2054 472 2261 514 vanum
2322 452 2457 514 iniit
2514 449 2829 513 consilium
2894 465 3070 529 prava
3126 442 3506 542 facienditet
3562 437 3709 500 falso

312 567 465 644 σοφοὶ
495 566 649 644 μωρὰ
709 552 986 629 ἐλάλησεν*
1029 578 1044 592 ⁸
1095 560 1213 620 ούδὲ
1253 561 1289 627 ἡ
1336 554 1520 636 καρδία
1548 554 1705 611 ον’)τοῦ
1746 552 1965 616 νενόηκε

311 655 512 728 μάταια
570 664 664 712 τοῦ
739 650 1008 709 συντελεῖν
1079 652 1268 725 ἕνομα,
1353 649 1441 703 καὶ
1483 643 1670 701 λαλεῖν
1719 643 1847 720 πρὸς
1878 641 1967 695 τὸν

314 744 447 801 Θεὸν
502 742 768 809 πλάνησιν
822 745 896 805 ὡς
968 740 1031 796 ἂν
1093 738 1367 817 διασπείργδ
1442 734 1622 814 ψυχὰς
1678 731 1965 798 πεινώσας,

310 833 403 889 καὶ
433 832 612 912 ψυχὰς
642 833 735 895 τὰς
789 829 1052 910 διψώσας,
1124 828 1273 892 νενὰς
1330 826 1556 900 ποιήσῃ.
1623 821 1719 879 Διὰ
1746 829 1900 879 τοῦτο
1925 816 1971 873 οἱ

312 921 465 1000 λόγοι
538 926 699 980 αὐτοῦ
764 929 1007 998 μενοῦσιν
1050 921 1122 984 εἷς
1180 917 1436 1000 ὠφέλειαν
1494 912 1729 987 πολλῶν,
1763 910 1860 966 κᾶν
1893 908 1971 985 μὴ

308 1009 442 1084 δοκῇ
470 1024 589 1076 τοῖς
622 1013 984 1088 βασκαίνουσι,

394 1092 464 1166 ξ’.
493 1108 580 1175 Τῷ
622 1101 675 1157 ἐν
705 1100 899 1177 ὑψηλῷ
926 1098 1172 1171 σπηλαίῳ
1220 1095 1411 1174 πέτρας
1469 1095 1689 1172 ἰσχυρᾶς
1718 1090 1963 1159 οἰκοῦντι,

308 1188 468 1270 ἄρτος
538 1191 611 1254 εἷς
664 1191 819 1269 κόρον
875 1188 1154 1260 δοθήσεται
1214 1186 1485 1264 γνώσεως,
1544 1183 1632 1238 καὶ
1674 1183 1702 1236 6
1767 1176 1967 1256 κρατὴρ

305 1284 412 1348 τῆς
444 1280 629 1360 σοφίας
680 1281 752 1342 εἷς
812 1278 977 1355 μέθην
1037 1297 1053 1312 ο
1111 1277 1200 1332 καὶ
1258 1274 1423 1336 ούτως
1479 1273 1625 1328 ἔσται
1671 1267 1854 1344 μιστὸν
1903 1266 1964 1320 τὸ

301 1367 442 1447 ὕδωρ
499 1358 656 1424 αὗτοῦ
713 1374 816 1446 γῆν
900 1366 1162 1446 πόῤῥωθεν
1241 1363 1461 1437 ὄψονται
1510 1379 1526 1397 ⁸
1572 1361 1607 1426 ἡ
1651 1362 1804 1436 ψυχὴ
1863 1358 1962 1412 αὗ·-

301 1456 567 1538 ὀφθαλμοὶ
597 1443 754 1514 αἶ)τοῦ
805 1462 905 1535 γῆν
965 1443 1227 1534 πόρρωθεν
1285 1451 1502 1527 ὄψονται
1545 1469 1559 1483 °
1606 1450 1641 1515 ἡ
1684 1446 1837 1525 ψυχὴ
1868 1443 1959 1500 αὖ·

301 1548 400 1604 τοῦ
444 1545 727 1622 μελετήσει
783 1547 990 1626 σοφίαν,
1039 1545 1128 1602 καὶ
1172 1540 1463 1622 ἀναγγελεῖ
1506 1546 1637 1599 πᾶσι
1681 1538 1772 1593 τὸν
1800 1534 1963 1590 τόπον

302 1638 399 1694 τὸν
430 1638 661 1703 αἰώνιον,
699 1639 760 1693 οὗ
787 1642 891 1693 τῶν
921 1635 1054 1715 ὅρων
1087 1634 1236 1696 ἐκτὸς
1269 1629 1435 1689 οὒδέν.

2050 542 2290 604 dicendi
2345 544 2534 605 lleum
2591 541 2938 619 dispergere
2993 535 3223 597 animas
3280 530 3614 593 esurientes
3636 534 3709 619 et

2049 632 2277 694 animas
2331 631 2601 691 sitientes
2631 616 2930 690 dimittere
2982 626 3190 687 inanes
3273 621 3502 684 Idcrco
3528 616 3709 679 verba

2052 720 2213 781 illius
2266 719 2503 780 stabunt
2566 718 2638 779 ad
2700 718 3017 778 utilitwem
3068 716 3407 787 multorum,
3444 708 3709 790 quamvis

2055 828 2174 871 non
2206 809 2476 890 placeant
2506 806 2985 887 malignantibus.

2644 999 2681 1011 ,ν

2130 1078 2231 1152 60,
2265 1076 2357 1139 Illi
2389 1076 2488 1157 qui
2520 1075 2581 1138 in
2618 1075 2854 1138 excelsa
2884 1079 3068 1153 petrae
3090 1069 3299 1134 solidae
3326 1082 3576 1157 caverna
3605 1061 3705 1124 in-

2051 1165 2299 1243 habitat,
2327 1156 2565 1227 dabitur
2594 1166 2763 1246 panis
2816 1162 3080 1224 sientiae
3128 1161 3201 1222 ad
3255 1156 3706 1246 satietatemget

2049 1256 2199 1318 calix
2248 1257 2556 1337 sapientiae
2596 1244 2682 1317 ad
2745 1250 3143 1317 ebrietatem:
3200 1258 3258 1313 et
3286 1248 3373 1310 sic
3431 1244 3706 1337 potabilis

2047 1345 2159 1407 erit
2188 1333 2344 1425 aqua
2373 1345 2533 1406 illius
2565 1366 2581 1421 ;
2615 1363 2815 1423 regem
2847 1344 2906 1404 iu
2958 1361 3066 1404 sua
3118 1346 3423 1419 majestate
3454 1333 3700 1425 videbit,

2047 1443 2104 1495 et
2136 1423 2268 1515 ejus
2298 1435 2452 1495 oculi
2486 1444 2708 1495 terram
2738 1435 2811 1495 de
2865 1432 3037 1511 longe
3089 1428 3477 1511 prospicient,
3509 1423 3706 1485 anima

2046 1524 2176 1603 ejus
2209 1522 2594 1585 meditabitur
2626 1522 3004 1602 sapientiam,
3041 1528 3100 1582 et
3156 1517 3433 1579 omnibus
3463 1530 3704 1575 annun-

2046 1612 2217 1674 tiabit
2248 1616 2445 1674 locum
2485 1612 2856 1691 aeternitatis,
2882 1620 3048 1673 extra
3065 1609 3233 1688 cujus
3254 1607 3403 1667 ﬁnes
3426 1603 3570 1665 nibil
3593 1610 3702 1663 est.

386 1716 483 1793 ξεί
535 1728 590 1784 Εἰ
633 1726 722 1782 οὗν
751 1728 785 1795 ἡ
821 1724 1030 1782 παιδεία
1088 1724 1271 1803 Κυρίου
1329 1720 1526 1798 ἀνοίγει
1584 1717 1649 1774 τὰ
1685 1718 1799 1771 ὦτα
1826 1736 1961 1771 πκνο

2130 1704 2229 1766 61.
2262 1703 2323 1763 Si
2374 1702 2930 1782 igitur-disciplina
2988 1698 3226 1761 Domini
3284 1694 3476 1773 aperit
3531 1710 3707 1792 aures

304 1819 398 1880 τὸς
476 1825 569 1875 τοῦ
623 1813 949 1896 φοϐουμένου
1004 1815 1186 1885 αὐτὸν,
1232 1813 1320 1868 καὶ
1403 1808 1739 1887 προστίθησιν
1810 1804 1965 1860 ὠτίον

304 1909 453 1981 αὐτῷ
519 1913 610 1962 τοῦ
655 1906 884 1978 ἀκούειν,
958 1905 1047 1959 καὶ
1088 1902 1337 1980 γλῶσσαν
1381 1897 1553 1955 δίδωτι
1608 1893 1967 1957 παιδείας-τοῦ

309 1998 535 2074 γνῶναι,
579 1995 735 2063 ἡνίκα
769 1992 855 2051 δεῖ
880 1995 1049 2050 εἶπεῒν
1079 1990 1262 2070 λόγον.
1312 1991 1390 2052 τίς
1438 1987 1613 2066 ἕτερος
1645 1988 1672 2042 6
1702 1982 1967 2060 ἀποστρέ-

306 2108 423 2165 φων
468 2085 749 2165 φρονίμους
800 2085 889 2140 καὶ
945 2083 1137 2162 σοφοὺς
1207 2088 1299 2139 τοῦ
1354 2079 1554 2151 κόσμου
1586 2078 1658 2138 είς
1688 2076 1747 2130 τὸ
1778 2074 1965 2143 ὀπίσω,

295 2176 389 2231 καὶ
440 2175 538 2241 τὴν
595 2174 778 2254 σοφίαν
838 2173 1111 2250 μωραίνων
1146 2172 1343 2246 αὖτων,
1394 2168 1551 2244 μόνον
1608 2160 1661 2221 δὲ
1716 2166 1872 2219 ἱστῶν
1905 2162 1971 2218 τὰ

303 2265 521 2344 ρήμκτα
608 2269 714 2320 τῶν
772 2259 970 2319 δούλων
1026 2263 1204 2330 αὐτοῦ,
1265 2257 1383 2315 ἀλλ’
1440 2258 1476 2324 ἢ
1520 2255 1674 2316 αὒτὸς
1733 2254 1761 2308 6
1803 2255 1970 2307 ποιῶν

302 2353 463 2413 καινὰ
492 2353 580 2408 καὶ
608 2348 875 2431 παράδοξα
923 2352 995 2414 εἰς
1053 2347 1205 2414 δόξαν
1263 2346 1444 2425 αύτού,
1507 2347 1535 2401 6
1592 2344 1759 2399 ποιῶν
1802 2340 1856 2396 ἐν
1902 2346 1969 2415 τῇ

304 2441 493 2519 ἐρήμῳ
574 2443 663 2496 καὶ
746 2439 878 2519 ξηρᾷ
973 2439 1157 2518 καρδὶᾳ
1239 2435 1355 2494 ὁδὸν
1456 2432 1825 2493 ταπεινώσεως
1881 2427 1970 2486 καὶ

304 2530 634 2609 πραότητος,
692 2530 745 2586 ἐν
817 2528 871 2584 δὲ
929 2535 997 2605 τῇ
1068 2529 1295 2603 ἀνίκμιρ,
1358 2528 1447 2582 καὶ
1504 2520 1704 2601 ἀνύδρῳ
1740 2518 1961 2590 διανοὶᾳ,

302 2621 579 2695 ποτκμοὺς
630 2620 814 2699 σοφίας
863 2617 1111 2697 ἀρρήτου,
1176 2619 1248 2680 εἰς
1308 2619 1369 2672 τὸ
1433 2629 1643 2671 ποτισαι
1700 2613 1759 2667 τὸ
1812 2610 1962 2689 γένος

306 2714 468 2769 αὐτοῦ
522 2711 583 2765 τὸ
641 2707 914 2787 ὲκλειτὸν,
1016 2707 1144 2765 λαὸν
1165 2702 1259 2791 ’,ὃν
1340 2705 1774 2782 περιεποιήσατο,
1870 2701 1963 2762 τὰς

302 2799 495 2878 ἀρετάς
562 2798 716 2857 αδτοῦ
766 2795 1115 2877 διηγεῖσθαι,
1180 2792 1489 2875 Εμπροσθεν
1546 2795 1645 2872 γὰρ
1683 2796 1788 2848 τῶν
1821 2791 1961 2868 ἀγα-

2049 1796 2321 1852 omnium
2351 1780 2451 1867 qui
2487 1792 2655 1851 timet
2684 1780 2847 1864 eum,
2908 1789 3114 1869 eisque
3163 1805 3337 1848 aures
3360 1780 3709 1860 suppeditat

2049 1881 2120 1942 ad
2152 1881 2538 1953 audiendum,
2570 1889 2629 1941 et
2660 1879 2918 1959 linguam
2946 1876 3262 1956 discipline
3282 1873 3354 1936 ad
3394 1869 3703 1933 sciendum

2051 1972 2287 2051 quando
2321 1978 2632 2050 opporteat
2662 1970 2822 2050 loqui
2874 1967 3162 2041 verbum;
3201 1964 3334 2045 quis
3365 1962 3514 2023 alius
3546 1966 3705 2021 retro

2050 2060 2257 2140 dejicit
2290 2059 2613 2140 prudentes
2644 2068 2702 2121 et
2732 2058 3033 2139 sapientes
3081 2053 3310 2122 mundi,
3346 2053 3709 2128 stultamque

2053 2149 2191 2210 facit
2209 2167 2412 2209 eorum
2439 2149 2817 2228 sapientiam.
2840 2147 3409 2209 conﬁrmatsuorum
3427 2142 3709 2201 duntaxat

2051 2236 2236 2298 verba
2255 2237 2635 2309 famulorum,
2664 2236 2778 2297 nisi
2818 2236 2920 2297 ille
2944 2236 3046 2316 qui
3078 2233 3210 2295 facit
3244 2249 3393 2292 nova
3423 2229 3705 2291 etincre-

2053 2327 2262 2387 dibilia
2292 2327 2363 2386 ad
2400 2345 2566 2387 suam
2597 2325 2871 2405 gloriam,
2927 2325 3029 2404 qui
3090 2323 3230 2383 facit
3286 2322 3346 2381 in
3378 2319 3617 2379 deserto
3649 2325 3708 2378 et

2051 2416 2218 2478 arido
2244 2415 2423 2478 corde
2453 2418 2604 2476 viam
2633 2415 2988 2476 humilitatis
3032 2421 3089 2474 et
3119 2408 3615 2486 mansuetudinis,
3643 2406 3706 2467 in

2050 2506 2209 2567 sicca
2238 2514 2434 2567 autem
2466 2516 2522 2567 et
2552 2505 2842 2584 inaquosa
2901 2513 3097 2564 mente
3157 2500 3367 2562 ﬂuvios
3398 2496 3706 2577 sapientiae

2046 2595 2401 2667 ineffabiles,
2437 2595 2508 2655 ad
2545 2595 2864 2674 potandam
2888 2612 3076 2672 genus
3100 2609 3271 2652 suum
3296 2589 3574 2650 electum.
3600 2606 3708 2664 po-

2048 2683 2251 2763 pulum
2270 2683 2360 2743 cui
2376 2701 2610 2743 eurram
2627 2682 2883 2743 credidit
2897 2700 3034 2743 suas
3058 2677 3416 2761 prmdicandi
3436 2677 3706 2738 virtutes?

2047 2777 2317 2852 Namque
2349 2781 2614 2832 amantes
2643 2792 2710 2833 ac
2767 2772 3048 2832 timentes
3098 2789 3164 2830 se
3196 2767 3497 2848 praecedit.
3532 2783 3705 2827 mon-

340 2857 350 2878 ι
480 2857 492 2861 “
841 2857 881 2875 ’⁸
1102 2857 1115 2877 ¹
1228 2857 1237 2870 ¹
1311 2857 1322 2875 ¹
1561 2857 1570 2871 ⁵
1619 2857 1628 2872 ¹
1871 2857 1881 2868 ’

299 2888 524 2945 πώντων
582 2888 670 2943 καὶ
725 2884 1064 2967 φοϐουμένων
1152 2887 1308 2944 αὐτὸν
1361 2884 1659 2963 πορεύεται,
1724 2881 1812 2937 καὶ
1867 2878 1963 2959 ὄρη

2054 2872 2135 2923 tes
2158 2862 2550 2923 cutiiditatum
2603 2862 2908 2942 deprimit,
2939 2879 3123 2922 aereas
3150 2857 3475 2935 confringit
3507 2865 3706 2935 portas

301 2977 486 3034 παθῶν
544 2974 805 3052 ὁμαλίζει,
871 2979 958 3032 καὶ
1008 2977 1163 3055 θύρας
1235 2973 1443 3054 χαλκᾶς
1514 2973 1777 3052 ἀγνωσίας
1837 2992 1965 3025 συν-

304 3064 492 3141 τρίϐει,
554 3067 642 3122 καὶ
690 3066 887 3143 ἀνοίγει
944 3070 1042 3131 τῆς
1111 3067 1269 3120 αύτοῦ
1326 3063 1569 3142 γνώσεως
1637 3062 1730 3125 τὰς
1785 3060 1962 3137 θύρας,

303 3159 390 3213 καὶ
422 3154 780 3212 ἁνακαλύπτει
826 3155 1009 3218 αὒῖοτς
1066 3155 1356 3233 θησαυροὺς
1418 3153 1580 3218 αύτῆς
1639 3150 1961 3220 σκοτεινοὺς,

305 3246 640 3326 ἀποκρύφους
670 3266 726 3300 τε
775 3246 862 3301 καὶ
921 3244 1199 3324 ἀοράτους,
1264 3242 1357 3299 ἵνα
1425 3248 1643 3320 γνῶσιν,
1700 3239 1780 3295 ὅτι
1812 3239 1965 3302 αὒτὸς

306 3335 419 3392 ἐστι
465 3336 651 3414 Κὺριος
685 3337 712 3391 6
744 3336 898 3408 Θεὸς,
935 3337 962 3390 6
992 3332 1172 3390 καλῶν
1214 3335 1276 3390 τὸ
1333 3332 1501 3408 ὄνομα
1526 3334 1696 3387 αὒτῶν
1726 3327 1960 3408 Ἰσραήλ.

386 3414 490 3501 ξβ’.
521 3425 608 3488 Τίς
655 3426 682 3480 6
712 3424 991 3502 ταράσσων
1019 3425 1119 3489 τὴν
1176 3422 1443 3479 θάλασσαν
1492 3428 1599 3477 τῶν
1629 3422 1831 3496 παθῶν,
1877 3420 1965 3474 καὶ

304 3518 464 3571 ἱστῶν
518 3514 587 3571 κὰ
642 3514 851 3589 κύματα
908 3513 1111 3592 αὖτῆςς
1195 3503 1251 3570 εΟ
1326 3512 1575 3589 ῥυόμενος
1633 3510 1755 3572 τους
1822 3507 1962 3585 ἀγα-

305 3604 519 3665 πῶντας
572 3604 730 3661 αὐτὸν
783 3612 877 3660 τοῦ
930 3600 1168 3659 κινδύνου
1225 3608 1325 3670 τῆς
1383 3601 1663 3679 ἁμαρτίας,
1725 3600 1810 3654 καὶ
1863 3597 1962 3664 τὴν

300 3689 470 3761 ζάλην
501 3695 607 3747 τῶν
665 3689 938 3769 λογισμῶν
993 3692 1065 3753 εἷς
1124 3689 1367 3769 γκλήνην
1410 3695 1578 3745 ποιῶν
1629 3688 1811 3767 Κύριος
1846 3693 1961 3741 Σα-

299 3777 444 3837 ϐαὼθ
479 3797 492 3810 ⁸
527 3783 555 3837 ὁ
596 3781 725 3844 τούς
775 3779 965 3858 λόγους
1020 3779 1180 3839 αὐτοῦ
1234 3780 1389 3844 τιθεὶς
1452 3779 1522 3840 εἰς
1569 3778 1629 3833 τὸ
1661 3776 1832 3851 στόμα
1864 3774 1961 3830 αὖ·

301 3876 431 3943 τῶν,
464 3872 552 3927 καὶ
610 3868 823 3926 σκέπων
869 3871 1056 3934 αὖτοὺς
1115 3872 1216 3927 ὑπὸ
1275 3871 1373 3937 τὴν
1431 3868 1581 3924 σκιὰν
1634 3874 1736 3924 τῶν
1767 3870 1965 3946 χειρῶν

301 3963 483 4038 αὒτοῦ,
531 3958 586 4016 ἐν
616 3963 653 4039 ᾗ
711 3958 902 4026 ἔστησε
958 3961 1049 4016 τὸν
1088 3962 1352 4040 ο·ἶ›ρανὸν,,
1397 3960 1485 4016 καὶ
1515 3959 1610 4025 τὴν
1640 3963 1742 4036 γῆν
1776 3957 1962 4029 ἐθεμε-

303 4048 518 4107 λιωσεν.
555 4049 726 4111 Αὐτὸς
797 4062 916 4114 τοῖς
983 4046 1324 4128 φοϐουμένοις
1372 4049 1526 4105 αὒτΞ-ιν
1572 4045 1752 4103 δίδωσι
1782 4044 1965 4124 γλῶσο

306 4161 401 4197 σον
431 4136 693 4213 παιδείας,
754 4141 843 4196 καὶ
884 4139 972 4202 οὖς
1045 4140 1302 4202 σύνεσεως
1336 4140 1408 4201 εἷς
1465 4141 1526 4194 τὸ
1597 4137 1803 4194 ἀκούειν
1838 4133 1971 4190 ἅνω-

305 4231 392 4286 θεν
414 4232 513 4295 τῆς
544 4232 726 4307 φωνῆς
785 4227 966 4305 αύτοῦ,
1027 4229 1117 4285 καὶ
1148 4226 1502 4306 ἀπαγγέλλειν
1567 4227 1639 4287 εἰς
1693 4226 1784 4281 τὸν
1817 4224 1968 4281 οἶκον

307 4313 517 4389 Ἰακὼῗ,
586 4318 686 4382 την
755 4319 859 4372 τῶν
942 4321 1144 4373 πιστῶν
1206 4315 1550 4387 Ἐκκλησίαν,
1610 4315 1675 4370 τὰ
1728 4313 1965 4392 προστέ-

302 4427 483 4485 γματα
513 4407 670 4463 αὐτοῦ
733 4423 745 4435 ·
809 4409 894 4468 οἷς
954 4404 1009 4461 δὲ
1056 4406 1132 4481 μὴ
1200 4407 1430 4484 ὑπάρχει
1488 4402 1755 4484 ὀφθαλμὸς
1787 4404 1859 4464 εἰς
1904 4403 1964 4456 τὸ

299 4497 426 4572 ὁρᾷν
457 4495 553 4559 τὰς
583 4494 806 4558 ἀκτῖνας
851 4502 942 4552 τοῦ
998 4494 1150 4563 ἡλίου
1206 4501 1303 4562 τῆς
1355 4494 1711 4566 δικαιοσύνης,
1747 4493 1835 4548 καὶ
1875 4491 1962 4554 οὖς

296 4585 379 4647 εἷς
411 4584 474 4640 τὸ
544 4583 752 4640 ἀκούειν
794 4584 861 4640 τὰ
920 4581 1097 4649 ἔνδοξα
1141 4595 1233 4644 τοῦ
1285 4591 1435 4653 Θεοῦ,
1500 4583 1686 4646 σκότος
1745 4581 1885 4637 ἐστιν
1927 4582 1961 4648 ἡ

299 4672 685 4752 ἀποκλήρωσις
748 4671 830 4751 [ἐν
887 4672 1008 4733 ἄλλ.
1070 4672 1482 4753 ἆποπλήρωσις]
1540 4678 1638 4738 τῆς
1670 4671 1957 4748 ἀγνωσίας,

300 4764 456 4831 καὶή
487 4762 635 4827 ἐλπὶς
667 4766 801 4839 μετὰ
874 4770 981 4820 τῶν
1040 4762 1215 4842 λόγων
1268 4764 1488 4840 ματαία.
1544 4762 1754 4820 Τούτων
1804 4757 1968 4823 οδλδεὶς

301 4852 463 4911 λαλεῖ
492 4849 689 4921 δίκαια,
758 4851 875 4908 ούδὲ.
934 4850 1044 4908 ἔστι
1106 4853 1271 4927 κρίσις
1330 4852 1384 4908 ἐν
1429 4856 1611 4915 αὖτοῖς
1656 4849 1902 4915 ἀληθείας
1950 4875 1965 4890 ο

301 4945 585 5000 πεποίθασι
613 4942 712 5020 γὰρ
742 4939 827 4997 ἐπὶ
876 4943 1144 5016 ματαίοις,
1198 4945 1288 4999 καὶ
1331 4940 1550 4998 λαλοῦσι
1582 4962 1706 4996 κενα
1739 4957 1752 4970 ·
1790 4939 1969 4996 κύουσι

303 5032 517 5115 φθόνον,
566 5032 655 5087 καὶ
710 5031 942 5087 τίκτουσι
1001 5031 1312 5107 βασκανίαν,
1371 5028 1451 5088 ὅτι
1510 5027 1843 5108 ἀπερίτμητά
1872 5028 1969 5081 εἱσι

301 5124 373 5180 τὰ
400 5122 516 5179 ὦτα
544 5124 739 5193 αὐτῶν,
786 5122 874 5176 καὶ
926 5120 984 5177 οὒ
1039 5118 1278 5177 δύνανται
1323 5120 1553 5193 ἀκούειν,
1585 5120 1674 5175 καὶ
1702 5116 1786 5173 διὰ
1814 5122 1970 5172 τοῦτο

304 5212 539 5292 ἐγενήθη
624 5212 806 5275 αὐτοῖς
865 5216 965 5277 τῆς
1024 5211 1271 5289 γνώσεως
1327 5217 1417 5267 τοῦ
1475 5209 1605 5266 Θεοῦ
1649 5212 1675 5265 6
1704 5207 1863 5286 λόγος
1896 5207 1968 5270 εἰς

300 5300 626 5378 ὀνειδισμὸν,
660 5302 748 5357 καὶ
778 5300 837 5357 οὗ
865 5301 941 5377 μὴ
970 5299 1302 5378 βουληθῶσιν
1328 5304 1486 5359 αὒτοῦ
1517 5300 1759 5358 ἀκοῦσαι.

386 5383 501 5471 λγ’.
549 5390 717 5471 Σοφία
746 5390 824 5453 τίς
882 5390 1023 5446 ἐστιν
1082 5390 1135 5446 ἐν
1203 5404 1321 5454 τοῖς
1379 5391 1468 5446 τὸν
1512 5389 1697 5470 φθόνον
1725 5386 1963 5446 ὠδίνουσι

295 5485 439 5542 κατὰ
483 5491 577 5541 τοῦ
633 5478 860 5546 πλησίον
958 5487 1079 5544 Πῶς
1132 5482 1232 5561 γὰρ
1286 5480 1489 5559 ἐροῦσιν
1560 5482 1607 5536 οἱ
1679 5480 1959 5556 βάσκανοι,

294 5575 460 5657 φησὶν
521 5564 796 5652 Ἱερεμίας,
870 5569 951 5628 ὅτι
1024 5573 1185 5650 Σοφοί
1256 5571 1413 5645 ἐσμεν
1485 5572 1675 5645 ἡμεῖς,
1725 5569 1813 5624 καὶ
1868 5567 1960 5623 νό-

385 5744 440 5788 ιι
474 5740 707 5809 Jerem.
742 5759 873 5817 vui,
908 5744 967 5808 8.

2048 2952 2419 3031 ignorantiae,
2444 2953 2662 3031 januas
2693 2952 2884 3032 aperit
2935 2949 3203 3012 scientiae
3223 2947 3505 3025 suipsius,
3535 2953 3591 3007 et
3617 2944 3706 3006 eis

2048 3041 2272 3102 revelat
2302 3042 2612 3102 tlteSauros
2643 3042 2772 3120 ejus
2801 3041 3088 3102 obscuros
3143 3037 3610 3116 recouditosque
3641 3042 3702 3095 et

2047 3134 2400 3207 invisibiles,
2436 3145 2501 3195 ut
2523 3134 2711 3196 sciant
2741 3135 2934 3214 ipsum
2969 3152 3101 3194 esse
3131 3131 3453 3195 Dominum
3489 3128 3702 3203 Deum,

2047 3224 2149 3306 qui
2182 3231 2348 3285 vocat
2378 3243 2597 3285 nomen
2628 3243 2832 3285 eorum
2869 3222 3076 3285 Israel.
3402 3244 3405 3247 ·

2128 3403 2228 3467 62.
2264 3401 2409 3476 Quis
2440 3403 2755 3465 conturbat
2778 3422 2936 3464 mare
2958 3401 3350 3482 cupiditatum
3373 3399 3707 3476 ﬂuctusque

2048 3492 2178 3572 ejus
2208 3492 2564 3574 componit?
2592 3492 2703 3566 Qui
2737 3494 2892 3555 eruit
2926 3493 3245 3571 diligentes
3273 3508 3336 3549 se
3366 3508 3399 3550 a
3438 3486 3704 3565 periculo

2047 3582 2297 3662 peccati,
2334 3596 2394 3642 et
2423 3582 2523 3661 qui
2549 3583 2972 3661 cogitationum
3005 3586 3411 3660 tempestatem
3442 3577 3499 3636 in
3533 3592 3702 3636 sere-

2046 3690 2188 3730 num
2224 3672 2516 3732 convertit
2575 3670 2861 3732 Dominus
2915 3671 3195 3739 Sabaoth,
3257 3668 3361 3747 qui
3399 3664 3570 3727 verba
3600 3682 3707 3724 sua

2048 3759 2208 3839 ponit
2244 3760 2304 3820 in
2338 3779 2443 3821 ore
2497 3780 2725 3824 eorum.
2782 3779 3005 3841 eosque
3065 3757 3317 3839 protegit
3349 3755 3461 3817 sub
3493 3752 3708 3814 umbra

2048 3868 2287 3909 manum
2318 3868 2555 3911 suarum
2585 3850 2803 3931 quibus
2822 3852 3042 3912 emlum
3067 3848 3707 3922 slabilivitteriamque

2048 3937 2333 4000 fundavit.
2369 3938 2501 4018 lpse
2553 3940 2898 4001 timentibus
2954 3958 3018 4000 se
3076 3937 3241 4000 dedit
3292 3937 3490 4015 lingua
3520 3931 3704 3994 disci-

2051 4028 2510 4107 plinaaetaurem
2528 4030 2956 4110 intelligentiae,
2974 4030 3043 4091 ad
3063 4028 3419 4090 audiendam
3448 4024 3710 4102 desuper

2050 4135 2255 4178 vocem
2288 4138 2476 4192 suam,
2508 4128 2565 4180 et
2593 4121 2998 4181 aununtianda
3028 4120 3086 4179 in
3137 4120 3314 4179 domo
3356 4114 3564 4186 Jacob,
3598 4130 3708 4172 seu

2054 4207 2316 4268 lidelium
2346 4208 2768 4290 Ecclesia,sua
2789 4210 3082 4271 mandata.
3112 4207 3337 4281 Quibus
3381 4223 3525 4266 vero
3586 4221 3706 4263 non

2054 4308 2144 4356 est
2202 4298 2406 4357 oculus
2464 4299 2536 4359 ad
2593 4300 2884 4360 videnqu
2938 4299 3137 4359 radios
3196 4293 3609 4373 solisjnstitiae
3647 4301 3708 4352 et

2051 4386 2211 4445 auris
2241 4387 2314 4446 ad
2332 4387 2688 4449 audiendam
2715 4390 2961 4465 gloriam
2986 4389 3119 4461 Dei,
3143 4387 3227 4446 illi
3247 4383 3510 4446 tenebris
3531 4386 3702 4462 igno-

2049 4475 2256 4536 rantiae
2287 4480 2613 4556 replentur,
2667 4489 2724 4539 et
2780 4497 2914 4557 spes
2973 4479 3124 4538 sicut
3183 4485 3240 4536 et
3287 4473 3466 4535 verba
3496 4490 3704 4533 eorum

2046 4582 2193 4625 vana
2225 4575 2313 4625 est
2363 4570 2589 4629 Horum
2637 4568 2832 4628 nullus
2875 4564 3462 4648 loquiturjustiliam,
3500 4580 3610 4622 nec
3641 4560 3705 4622 in

2047 4653 2133 4713 eis
2179 4662 2237 4715 et
2281 4655 2577 4733 judicium
2636 4656 2945 4716 veritatis:
3014 4656 3074 4716 in
3136 4651 3489 4716 vani:atibus
3541 4649 3701 4713 enim

2053 4743 2329 4805 ﬁduciam
2366 4744 2710 4806 habuerunt
2740 4754 2792 4806 et
2822 4745 3004 4806 locuti
3062 4753 3199 4804 sunt
3223 4741 3419 4803 inania
3456 4749 3704 4820 ;partu«

2050 4832 2213 4893 riunt
2259 4833 2564 4899 invidiam.
2618 4842 2676 4895 et
2734 4835 3033 4914 paturiunt
3090 4831 3534 4910 ualignitatem,
3568 4829 3708 4910 quia

2052 4922 2485 4986 incircumcisaa
2508 4931 2645 4986 sunt
2675 4925 2907 4986 illorum
2942 4943 3036 4985 au:
3057 4942 3120 4984 es
3169 4941 3282 4984 nec
3314 4927 3560 5002 possunt
3589 4937 3701 4979 au-

2054 5009 2207 5086 dire,
2243 5021 2297 5073 et
2326 5012 2509 5074 idirco
2535 5012 2747 5075 factum
2770 5024 2857 5074 est
2878 5013 2996 5073 illis
3013 5012 3280 5073 scientiae
3300 5009 3408 5072 Dei
3457 5009 3702 5070 verbum

2052 5099 2114 5162 in
2147 5100 2559 5182 approbrium,
2594 5111 2651 5165 et
2681 5103 3002 5165 noluerunt
3032 5103 3179 5164 illud
3210 5099 3439 5164 audire.

2133 5369 2231 5431 63.
2268 5369 2409 5444 Quae
2432 5373 2722 5454 sapientia
2757 5380 2816 5435 et
2860 5375 2920 5435 in
2952 5372 3024 5433 iis
3054 5372 3156 5454 qui
3184 5371 3406 5434 invidia
3435 5370 3704 5433 laborant

2047 5459 2331 5522 adversus
2349 5463 2680 5541 proximum
2714 5461 3140 5551 ?-_q_,Q,uomodo
3171 5463 3331 5522 enim
3354 5460 3705 5522 dicuntma-

2044 5555 2368 5634 lignantes,
2400 5552 2483 5614 ait
2505 5550 3201 5641 Jeremiasr’jSapientes
3231 5568 3349 5614 non
3383 5567 3612 5628 sumus,
3647 5558 3705 5614 et

2828 5640 2894 5676 Ἑρ

2772 5692 2779 5701 .
2806 5674 2884 5701 *’τ

2715 5756 2756 5783 ,θ
2794 5721 2819 5768 .',.
2872 5729 2890 5761 ι·
