4144 6424
430 326 549 393 98⁸7

1719 333 2024 399 NICETIE
2066 336 2498 401 PECTORATI

3693 336 3814 403 988

429 461 523 524 lex
545 461 779 525 Domini
812 461 1123 527 nobiscum
1153 466 1322 529 est”.
1356 487 1381 525 ι
1417 466 1564 531 Cum
1613 467 1925 539 tabescunt
1952 474 2080 539 zelo

2183 491 2263 533 ιος
2310 470 2496 549 Κυρίου
2538 468 2655 546 μεθ’
2707 472 2862 547 ἡμῶν
2933 471 3116 552 ἐστιν;
3191 471 3316 530 ὅταν
3386 471 3701 543 ἐκτήκονται
3747 464 3826 533 τῷ

432 562 637 650 contra
670 571 773 650 eos
798 554 901 634 qui
949 564 1340 650 susceperunt
1397 558 1641 650 gratiam
1700 561 1956 645 Spiritus
1983 588 2089 650 per

432 642 787 723 sapientiam
814 650 873 705 et
893 644 1203 707 scientiam
1224 644 1349 707 Dei.
1382 647 1457 709 At
1477 649 1694 713 frustra
1735 642 2085 721 mendacem

430 730 630 825 adepti
660 742 800 825 sunt
826 733 1136 796 scientiam
1195 735 1410 798 scribae
1440 746 1497 798 et
1524 741 1822 821 sapientes
1854 749 2081 825 mundi,

434 821 654 902 quippe
683 822 785 904 qui
841 840 1041 885 veram
1108 844 1227 888 non
1278 825 1687 906 acquisierunt
1741 821 2078 900 scientiam;

432 911 642 1002 itaque
682 935 703 963 α
734 911 971 1002 confusi
1017 923 1154 977 sunt
1201 915 1502 994 sapientes
1529 919 1607 1002 ιδ,
1651 938 1689 979 η’
1741 943 1774 986 a
1801 944 1942 988 vera
1971 928 2083 990 de-

436 1000 586 1091 lapsi
620 1000 932 1083 sapientia,
969 1023 1144 1085 quam
1168 1005 1228 1067 in
1270 1006 1410 1068 ﬁliis
1459 1000 1820 1091 piscatorum
1849 1026 2085 1080 auctam

432 1090 732 1173 viderunt,
767 1100 824 1154 et
859 1117 885 1149 α
910 1094 1209 1172 perterriti
1239 1120 1262 1155 ι
1300 1105 1440 1159 sunt
1464 1090 1776 1181 rstupentes
1805 1105 1921 1167 vim
1954 1125 2086 1169 ser-

439 1198 683 1242 monum
732 1199 962 1259 eorum,
1002 1209 1027 1238 α
1059 1192 1117 1245 et
1143 1187 1297 1265 capti
1325 1194 1465 1249 sunt
1498 1189 1558 1240 16
1581 1211 1611 1251 ›
1646 1191 1708 1253 in
1736 1194 1964 1257 retibus
1993 1213 2089 1259 c0-

438 1269 784 1363 gitationum
832 1270 1116 1363 ipsorum,
1180 1275 1317 1356 quia
1365 1295 1563 1341 veram
1622 1283 1977 1363 sapientiam
2028 1296 2091 1351 et

437 1358 749 1421 scientiam
782 1361 1019 1424 Domini
1048 1363 1544 1445 reprobaverunt.

518 1448 619 1511 64.
649 1448 767 1513 Cur
794 1449 920 1512 zelo
950 1452 1331 1516 intabuerunt
1388 1457 1630 1537 maligni
1677 1462 1959 1526 adversus
1989 1483 2093 1528 eos

440 1537 540 1618 qui
573 1539 761 1617 gratia
791 1537 1048 1621 Spiritus
1098 1543 1269 1605 dilati
1320 1546 1501 1610 sunt?
1546 1568 1653 1611 cur
1680 1551 1963 1617 adversus
1985 1575 2092 1618 eos

440 1626 543 1708 qui
571 1641 933 1710 acceperunt
987 1631 1250 1711 linguam
1308 1635 1540 1714 igneam
1599 1639 1779 1703 veluti
1820 1646 2092 1707 calanum

441 1716 659 1779 scribae
677 1718 964 1782 velociter
984 1722 1324 1796 scribentis,
1355 1724 1627 1789 insurrex
1640 1737 1837 1807 erunt,
1857 1732 2096 1795 deserto

439 1805 601 1868 fonte
629 1807 936 1889 sapientiae
970 1811 1128 1874 Dei?
1154 1810 1214 1875 Si
1247 1812 1408 1874 enim
1443 1815 1593 1877 viam
1626 1817 1733 1879 Dei
1762 1805 2096 1900 percurris-

441 1903 600 1990 sent,
635 1898 965 1990 manissent
993 1899 1369 1990 inaeternum
1416 1903 1477 1965 in
1536 1925 1680 1986 pace
1709 1898 2096 1990 impassibili-

443 1984 605 2083 tatis,
640 1986 945 2083 novissent
972 1988 1086 2083 ubi
1115 1990 1209 2083 sit
1233 1984 1597 2083 prudentia,
1658 1996 1758 2059 ubi
1790 1984 2094 2083 fortitudo,

446 2071 550 2167 ubi
582 2074 993 2167 intelligentia,
1028 2078 1130 2140 ubi
1162 2079 1411 2145 scientia
1461 2071 1682 2161 rerum,
1719 2088 1820 2150 ubi
1869 2071 2094 2167 longa;

443 2160 589 2224 vitas
606 2172 664 2226 et
681 2165 818 2245 vita,
846 2165 948 2228 ubi
971 2168 1174 2230 lumen
1195 2170 1503 2233 oculorum
1539 2184 1599 2236 et
1644 2177 1939 2257 sapientia
1959 2160 2094 2242 cum

446 2269 589 2350 pace
617 2254 1007 2326 ,didicissent
1038 2258 1171 2340 quis
1229 2259 1494 2325 inveniat
1553 2254 1746 2327 locum
1779 2268 1932 2347 ejus,
1964 2270 2097 2350 quis

443 2341 758 2439 thesauros
779 2345 910 2424 ejus
932 2347 1319 2439 ingrediatur,
1346 2359 1402 2412 et
1424 2356 1720 2432 quomodo
1754 2341 2095 2439 Dcusprae-

341 2460 347 2467 -
442 2429 807 2525 dicatoribus
837 2436 1160 2525 verbihaac
1193 2429 1498 2521 praecipiat
1537 2459 1642 2520 per
1700 2429 2089 2525 prophetam:

450 2544 476 2574 ι
506 2522 802 2600 Propheta
819 2524 919 2604 qui
939 2524 1114 2588 habet
1139 2529 1438 2590 somnium
1467 2522 1862 2597 revelationis.
1895 2548 2099 2598 narret.

441 2610 739 2673 somnium
772 2614 1015 2676 visionis
1041 2634 1186 2696 suae,
1247 2624 1305 2678 et
1360 2618 1462 2698 qui
1521 2620 1699 2683 habet
1751 2641 2094 2686 sermonem

445 2717 664 2769 meum,
702 2701 975 2783 loquatur
1003 2722 1343 2766 sermonem
1402 2725 1602 2769 meum
1665 2727 1805 2772 vere
1838 2713 1936 2785 i7;
1977 2740 1997 2772 ι
2040 2723 2100 2777 et

443 2788 705 2880 iterum:
744 2816 771 2847 α
805 2791 1014 2854 Scribe
1044 2792 1151 2854 tibi
1209 2794 1412 2856 omnia
1464 2796 1642 2860 verba
1700 2818 1833 2880 quae
1865 2802 2099 2865 locutus

445 2894 574 2967 sum
607 2878 677 2940 ad
712 2888 768 2942 te
791 2880 852 2942 in
885 2881 1200 2959 libr018;»
1227 2891 1285 2944 et
1307 2903 1609 2967 nunquam
1643 2878 1863 2951 invidia
1893 2901 2099 2954 contra

445 2965 594 3029 tales
619 2967 896 3032 homines
925 2970 1345 3036 intabuissent.

523 3145 621 3208 65.
665 3169 688 3205 α
726 3148 787 3211 Si
822 3158 1048 3212 mutare
1099 3158 1292 3233 potest
1350 3152 1626 3237 IEthiops
1657 3156 1873 3236 pellem
1904 3176 2095 3234 suam,

445 3242 547 3296 aut
576 3238 798 3329 pardus
855 3239 1170 3305 varietates
1203 3261 1341 3304 suas
1361 3244 1441 3325 l9,
1507 3269 1530 3301 η
1591 3246 1834 3325 maligni
1863 3266 2102 3329 quoque

446 3332 729 3405 poterunt
759 3327 915 3391 bene
944 3331 1148 3394 dicere
1174 3340 1232 3393 et
1266 3333 1596 3398 consiliari.
1628 3327 1897 3398 meditati
1926 3327 2094 3400 mala.

443 3412 680 3478 Etenim
704 3418 867 3480 calce
897 3421 1333 3485 conculcabunt
1359 3423 1690 3504 proximum
1716 3446 1912 3501 suum,
1965 3447 2101 3490 cum

445 3505 655 3570 dolose
683 3509 988 3584 incedant,
1022 3520 1079 3573 et
1111 3531 1252 3574 suos
1309 3513 1626 3577 derideant
1654 3516 1900 3592 amicos,
1936 3518 2099 3580 veri-

448 3605 625 3685 tatem
660 3617 777 3660 non
829 3600 1163 3683 loquentes,
1216 3603 1354 3685 quia
1413 3604 1635 3666 dedicii
1667 3605 1867 3683 lingua
1895 3626 2102 3670 eorum

445 3684 606 3767 loqui
636 3707 783 3750 vana
812 3699 868 3751 et
898 3691 1210 3754 mendacia
1239 3684 1443 3755 verba.
1507 3694 1775 3774 lnlellige
1807 3695 2004 3775 igitur,
2040 3706 2100 3758 tu

451 3777 545 3838 cui
574 3786 816 3859 propter
835 3778 941 3841 Dei
973 3782 1291 3845 scientiam
1310 3792 1370 3846 et
1388 3780 1654 3845 Verbum
1709 3784 1806 3846 isti
1838 3784 2105 3848 insident

447 3877 504 3929 et
535 3866 736 3928 fucum
794 3869 1033 3933 faciunt.
1094 3881 1549 3952 perseveranter
1600 3891 1867 3954 precare,
1900 3874 2107 3937 dicens

447 3973 584 4017 cum
615 3955 877 4021 Jeremia
910 3980 922 4018 :
961 3981 987 4020 ‹
1022 3961 1296 4032 Domine,
1332 3962 1655 4023 recordare
1679 3962 1821 4035 mei,
1852 3970 1910 4024 et
1941 3963 2111 4025 visita

447 4061 568 4113 me,
603 4056 663 4107 et
692 4055 860 4108 tuere
891 4066 987 4110 me
1015 4049 1089 4110 ab
1121 4049 1216 4110 his
1239 4050 1339 4130 qui
1374 4058 1810 4131 persequuntur
1836 4069 1951 4125 me,
1987 4053 2114 4119 noli

448 4132 508 4193 in
538 4134 937 4213 patientiatua
952 4138 1346 4217 rejicereme,
1366 4139 1575 4201 mediu
1595 4139 1846 4220 probare
1881 4141 2105 4204 volens.

449 4222 611 4287 Scito
641 4225 924 4306 quoniam
955 4227 1214 4289 sustinui
1236 4228 1624 4309 cpprobrium
1650 4227 1724 4290 ab
1777 4229 1871 4291 his
1891 4231 1989 4309 qui
2020 4231 2109 4292 ir-

2168 556 2315 630 ζήλσμ
2374 559 2511 616 κατὰ
2552 566 2656 617 τῶν
2716 557 2986 616 λαϐόντων
3029 560 3127 628 τὴν
3172 561 3333 640 χάριν
3396 567 3488 617 τοῦ
3518 560 3824 634 Πνεύματος

2168 645 2253 703 διὰ
2294 646 2478 729 σοφίας
2535 650 2622 705 καὶ
2678 655 2925 729 γνῶσεως
2968 656 3061 706 τοῦ
3119 657 3273 710 Θεοῦ.
3345 648 3494 707 Ἀλλ’
3542 651 3617 713 εἷς
3646 649 3822 725 μάτην

2167 737 2393 816 ἐγενήθη
2446 745 2639 818 γνῶσις
2697 738 2893 816 ψευδὴς
2947 747 3313 818 γραμματεῦσι
3366 742 3454 798 καὶ
3508 754 3696 821 σοφοῖς
3731 748 3824 799 τοῦ

2164 827 2390 904 κόσμου,
2449 831 2548 896 τῆς
2605 827 2862 897 ἀληθινῆς
2921 828 3314 909 ἐξαμαρτήσασι
3371 831 3645 909 γνώσεως,
3722 830 3823 886 Διά

2165 926 2320 976 τοῦτο
2346 917 2689 998 ἠσχύνθησαν
2718 921 2871 1000 σοφοὶ
2927 918 3329 984 ἐκπεπτωκότες
3358 925 3460 987 τῆς
3503 925 3596 977 του
3627 925 3810 997 Παρα-

2166 1004 2366 1076 κλήτου
2392 1008 2597 1087 σοφίας,
2638 1008 2836 1075 ταύτην
2892 1007 2944 1065 ἐν
3002 1010 3140 1071 υἱοῖς
3197 1007 3390 1065 ἀλιέων
3419 1008 3821 1085 πληθυνομένην

2169 1097 2416 1175 ὁρῶντες,
2465 1097 2553 1152 καὶ
2595 1096 2933 1168 ἐπτοήθησαν
2978 1097 3077 1165 τὴν
3127 1094 3344 1174 δύναμιν
3381 1103 3487 1155 τῶν
3517 1096 3693 1176 λόγων
3721 1099 3820 1154 αύ-

2168 1186 2295 1255 τῶν,
2358 1187 2446 1242 καὶ
2515 1184 2756 1243 ἑάλωσαν
2814 1187 2868 1243 ἐν
2925 1200 3045 1251 τοῖς
3105 1185 3332 1251 δικτύοις
3387 1190 3493 1244 τῶν
3540 1188 3818 1264 νοημάτων

2170 1275 2360 1349 αὐτῶν,
2397 1273 2580 1343 ἐπειδῆ
2637 1276 2735 1344 τὴν
2781 1274 2947 1341 ὅντως
2990 1278 3175 1358 σοφίαν
3218 1278 3306 1334 καὶ
3334 1277 3433 1345 τὴν
3472 1280 3667 1356 γνῶσιν
3706 1284 3817 1336 Κυ-

2172 1364 2279 1444 ρίου
2308 1362 2727 1441 ἀπεδοκίμασαν.

2252 1448 2324 1516 ξδ’
2356 1453 2417 1510 Τί
2468 1459 2546 1527 τῷ
2599 1451 2747 1528 ζήλῳ
2802 1453 3119 1525 ἐκτετήκασι
3175 1454 3453 1532 βάσκανοι,
3527 1454 3664 1511 κατά
3718 1452 3827 1510 τῶν

2174 1539 2621 1609 πεπλουτηκότων
2664 1543 2763 1611 τὴν
2810 1543 2970 1624 χάριν
3018 1550 3111 1602 τοῦ
3169 1544 3468 1619 ιΙνεύματος
3493 1563 3509 1624 ;
3537 1543 3675 1600 κατά
3718 1543 3828 1598 τῶν

2176 1627 2442 1688 λαϐόντων
2489 1629 2736 1709 γλῶσσαν
2791 1634 2953 1712 πυρὸς
3010 1634 3136 1689 ὡσεὶ
3177 1631 3420 1708 κάλαμον
3469 1629 3828 1712 γραμματέως

2117 1725 2157 1776 Β
2178 1718 2490 1801 όξυγραφου,
2534 1721 2633 1787 τὴν
2686 1723 2873 1799 πηγὴν
2928 1720 3373 1799 ἐγκαταλιπόντες
3431 1722 3531 1788 τῆς
3574 1726 3666 1777 τοῦ
3696 1724 3831 1776 Θεοῦ

2179 1810 2406 1890 σοφίας,
2441 1811 2500 1867 Εἰ
2542 1812 2642 1890 γὰρ
2683 1817 2750 1888 τῇ
2792 1809 2897 1886 ὁδῷ
2952 1821 3046 1870 τοῦ
3102 1818 3233 1868 Θεοῦ
3289 1810 3664 1890 ἐπορεύθησαν,
3691 1828 3833 1865 κατ-

2179 1898 2397 1972 ῴκησαν
2427 1896 2490 1953 ἂν
2519 1899 2574 1955 ἐν
2604 1901 2786 1980 εἰρήνῃ
2840 1900 3094 1966 ἀπαθείας
3139 1901 3213 1963 εἷς
3269 1900 3360 1956 τὸν
3390 1900 3554 1956 αἰῶνα
3582 1897 3778 1978 χρόνον
3810 1910 3828 1926 ⁹

2180 1987 2374 2065 ἔμαθον
2430 1996 2532 2045 1:06
2588 1990 2698 2047 ἐστι
2769 1990 3046 2071 φρόνησις,
3140 1997 3243 2047 ποῦ
3298 1988 3439 2045 ἐστιν
3493 1989 3673 2070 ἰσχὺς,
3729 1996 3835 2047 ποῦ

2179 2077 2290 2135 ἐστι
2339 2078 2567 2147 σύνεσις,
2630 2081 2718 2136 καὶ
2774 2083 2966 2159 γνῶσις
3023 2083 3129 2136 τῶν
3186 2076 3377 2152 ὄντων,
3443 2077 3546 2135 ποῦ
3590 2076 3699 2134 ἐστι
3721 2098 3834 2153 μα-

2177 2165 2457 2247 κροϐίωσις
2501 2171 2589 2226 καὶ
2649 2170 2788 2244 ζωὴ,
2861 2179 2962 2230 1:06
3030 2170 3141 2227 ἐστι
3226 2174 3337 2250 φῶς
3409 2165 3717 2249 ὀφθαλμῶν,
3743 2167 3837 2222 καὶ

2178 2258 2332 2337 σοφία
2375 2259 2509 2333 μετα
2538 2259 2752 2338 εἰρήνης
2815 2277 2829 2292 ’
2889 2256 3083 2333 ἔμαθον
3151 2259 3229 2323 τίς
3285 2258 3509 2336 εὑρίσκει
3551 2258 3640 2313 τὸν
3669 2255 3835 2313 τόπον

2177 2351 2366 2422 αὒτῆς,
2399 2347 2487 2403 καὶ
2538 2349 2614 2412 τίς
2685 2350 2757 2411 εἰς
2829 2348 2950 2412 τοὺς
2993 2349 3258 2428 θησαυρὺς
3302 2349 3467 2413 αὐτῆς
3511 2344 3831 2426 εἱσέρχεναι,

2176 2438 2265 2494 καὶ
2320 2434 2466 2499 ὄπως
2529 2435 2825 2495 ἐντέλλεται
2880 2440 2908 2494 6
2954 2438 3084 2502 Θεὸς
3139 2435 3223 2494 διὰ
3278 2444 3372 2494 τοῦ
3412 2435 3684 2516 προφήτου
3712 2445 3837 2497 τοῖς

2176 2532 2272 2583 τοῦ
2298 2524 2460 2606 λόγου
2509 2527 2729 2601 μύσταις
2788 2524 2960 2605 λέγων
3031 2528 3060 2583 6
3143 2526 3423 2606 προφήτης
3458 2542 3474 2558 ⁸
3529 2524 3618 2582 Ἐν
3686 2527 3732 2599 ᾧ
3773 2525 3837 2579 τὸ

2180 2614 2417 2672 ἐνύπνιόν
2500 2615 2611 2671 ἐστι
2695 2619 2795 2682 τῆς
2894 2612 3306 2691 ἀποκαλύψεως,
3377 2611 3721 2691 διηγησάσθω
3773 2612 3837 2670 τὸ

2180 2705 2416 2762 ἐνύπνιον
2464 2710 2562 2773 τῆς
2607 2706 2862 2770 ὀπτασίας
2933 2707 3117 2778 αὐτοῦ,
3174 2706 3260 2762 καὶ
3303 2704 3356 2761 ἐν
3400 2708 3446 2779 ᾧ
3491 2706 3519 2761 6
3548 2701 3706 2782 λόγος
3737 2723 3839 2777 μου

2179 2795 2310 2873 πρὸς
2349 2793 2528 2865 αὐτὸν,
2561 2791 2908 2873 διηγησάσθω
2955 2796 3048 2850 τὸν
3095 2792 3256 2872 λόγον
3288 2815 3391 2869 μου
3419 2790 3504 2850 ἐπ’
3536 2791 3782 2860 ἀληθείας
3817 2805 3832 2820 ⁶

2178 2884 2266 2940 καὶ
2322 2883 2464 2946 αὖθις
2539 2903 2556 2921 ο
2617 2885 2824 2962 Γράψον
2882 2890 3053 2958 εαυτῷ
3094 2884 3296 2946 πάντας
3355 2884 3478 2947 τοὺς
3530 2880 3718 2961 λόγους
3749 2882 3838 2944 οὓς

2180 2971 2516 3051 ἐχρημάτισα
2550 2975 2682 3053 πρὸς
2713 2974 2771 3030 σὲ
2816 2973 2900 3030 ἐπὶ
2929 2970 3133 3050 βιϐλίου
3196 2989 3210 3002 ⁶
3264 2974 3352 3029 καὶ
3383 2970 3631 3030 οὐδέποτε
3671 2970 3735 3026 ἃν
3762 2977 3841 3044 τῷ

2183 3063 2356 3143 φθόνῳ
2384 3064 2520 3123 κατά
2561 3069 2668 3119 τῶν
2692 3063 2940 3120 τοιούτων
2983 3064 3261 3132 ἑτήκοντο.

2264 3143 2372 3215 λε’;
2426 3154 2484 3209 Εἰ
2541 3150 2832 3218 ἀλλάξεται
2925 3151 3109 3227 Αἰθίοψ
3164 3153 3225 3208 τὸ
3290 3148 3455 3230 δέρμα
3512 3151 3690 3231 αὐτοῦ,
3751 3152 3843 3207 καὶ

2184 3240 2438 3322 πάρδαλις
2517 3242 2584 3298 τὰ
2669 3262 3002 3317 ποικιαματα
3080 3243 3268 3308 αὐτῆς.
3340 3234 3430 3296 ’καὶ
3483 3242 3531 3297 οἱ
3585 3240 3843 3317 βὶσκανοι

2184 3330 2492 3402 δυνήσονται
2537 3332 2593 3388 εὖ
2622 3332 2793 3388 εἰπεῖν
2820 3332 2908 3389 καὶ
2977 3328 3378 3407 βουλεύσασθαι,
3413 3327 3842 3405 μεμελετηκότες

2184 3422 2345 3482 κακά.
2407 3420 2611 3501 Πτὲρνῃ
2664 3422 2764 3500 γὰρ
2819 3430 3115 3501 πτερνιοῦσι
3204 3420 3324 3484 τοὺς
3356 3418 3583 3487 πλησίον
3641 3420 3839 3490 αὐτῶν,

2185 3510 2367 3579 ἐπειδὴ
2424 3509 2611 3575 δολίως
2685 3511 3018 3591 πορεύονται,
3103 3511 3192 3567 καὶ
3286 3510 3663 3581 καταπαίζουσι
3719 3517 3843 3572 τοῦς

2185 3600 2363 3681 φίλους
2407 3601 2601 3670 αὒτῶν,
2661 3598 2910 3669 ἀλήθειαν
2968 3602 3045 3675 μὴ
3117 3597 3419 3670 λολοῦντες,
3482 3596 3614 3655 διότι
3659 3598 3841 3673 μεμά-

2184 3694 2344 3756 θηκεν
2397 3692 2433 3759 ἡ
2483 3688 2700 3766 γλῶσσα
2758 3691 2930 3746 αὗτῶν
3012 3686 3196 3746 λαλεῖν
3227 3689 3427 3765 μάταια
3484 3690 3575 3743 καὶ
3644 3684 3841 3763 ψευδῆ,

2186 3779 2345 3843 Σύνες
2376 3789 2462 3839 οὖν
2507 3781 2536 3836 6
2566 3777 2652 3837 διὰ
2720 3779 2789 3846 τὴ
2821 3785 2910 3835 τοῦ
2952 3785 3082 3835 Θεοῦ
3137 3784 3331 3856 γνῶσιν
3402 3778 3489 3834 καὶ
3520 3778 3610 3833 τὸν
3654 3774 3841 3854 λόγον,

2186 3867 2276 3924 ὑπ’
2346 3870 2516 3926 αὒτῶν
2581 3869 2926 3950 φθονούμενὸς
3008 3888 3067 3924 τε
3140 3869 3237 3933 καὶ,
3285 3866 3694 3943 ἐμπαιζόμενος,
3753 3866 3848 3921 καὶ

2191 3957 2413 4022 ἐκτενῶς
2443 3947 2683 4031 δεήθητι,
2716 3958 2851 4013 κατα
2896 3958 2989 4013 τὸν
3020 3947 3293 4037 Ἰερεμίαν,
3348 3956 3436 4013 καὶ
3464 3953 3579 4012 εἱπέ
3612 3974 3626 3988 ο
3667 3977 3693 4007 ι
3728 3962 3843 4013 Κυ-

2193 4067 2294 4126 ριε,
2324 4047 2586 4122 μνήσθητι
2617 4068 2744 4126 μου,
2774 4047 2863 4103 καὶ
2891 4044 3172 4120 ἐπίσκεψαί
3228 4067 3319 4121 με,
3349 4045 3438 4102 καὶ
3491 4042 3738 4101 ἀθώωσόν
3773 4064 3844 4118 με

2194 4135 2300 4191 ἀπὸ
2329 4140 2434 4192 τῶν
2471 4132 2903 4193 καταδιωκόντων
2964 4156 3030 4211 με
3098 4135 3378 4212 βασκάνων
3419 4131 3618 4213 ἀνδρῶν
3645 4151 3662 4167 ·
3701 4156 3725 4187 υ
3762 4131 3843 4208 μὴ

2192 4226 2264 4289 εἷς
2321 4223 2681 4303 μακροθυμίαν
2710 4245 2801 4281 σου
2871 4223 3042 4301 βαλης
3103 4246 3193 4300 με,
3254 4221 3538 4299 δοκιμάσαι
3568 4244 3636 4299 με
3674 4219 3845 4280 θέλων

446 4314 620 4376 ritam
652 4313 874 4377 faciunt
901 4315 1212 4381 sceintiam
1277 4326 1460 4393 tuam,
1494 4336 1843 4381 consumma
1891 4316 2025 4380 illos
2048 4320 2097 4381 in

2191 4315 2275 4371 ἐπὶ
2345 4314 2482 4372 πολύ
2536 4319 2552 4344 ‘
2599 4318 2758 4392 γνῶθι
2828 4316 2900 4379 ὡς
2972 4312 3160 4372 ἔλαϐον
3217 4314 3522 4392 ἐμπαιγμδν
3577 4314 3679 4370 61:6
3734 4318 3845 4369 τῶν

444 4406 573 4465 zelo
598 4423 827 4476 eorum,
863 4417 918 4468 et
952 4406 1067 4468 erit
1125 4406 1269 4469 mihi
1321 4407 1565 4469 verbum
1596 4406 1865 4471 scienda
1901 4416 2013 4491 tua;
2044 4410 2105 4470 in

448 4493 729 4573 gaudium
755 4504 813 4556 et
842 4495 1103 4558 laetitiam
1135 4497 1339 4559 cordis
1359 4497 1500 4560 mei.
1532 4495 1659 4559 Non
1690 4497 1849 4558 enim
1881 4499 2011 4559 sedi
2045 4498 2105 4558 in

449 4582 700 4643 consilio
760 4584 1089 4646 ludentium
1146 4587 1457 4649 scientiam
1515 4595 1672 4648 tuam
1733 4586 1838 4648 sed
1873 4586 2103 4649 timuia

447 4670 599 4736 facie
629 4692 868 4751 manus,
907 4688 1020 4737 tua;
1042 4685 1102 4739 et
1123 4676 1407 4740 sedebam
1431 4678 1616 4750 solus,
1641 4677 1922 4758 quoniam
1952 4694 2111 4738 ama-

448 4760 711 4824 ritudine
742 4782 837 4824 me
868 4765 1117 4844 replevit
1147 4784 1352 4832 eorum
1410 4766 1633 4828 invidia
1661 4788 1675 4824 :
1710 4774 1768 4827 et
1798 4766 2102 4839 exaudies,

451 4851 603 4915 bene
653 4852 810 4926 novi,
863 4853 1162 4935 siquidem
1216 4856 1512 4918 convertis
1573 4864 1872 4918 errantem
1927 4873 1961 4917 a
2016 4856 2108 4916 via

449 4960 558 5003 sua
577 4939 660 5003 30.
692 4967 715 5001 ιο
756 4976 833 4987 -
862 4966 884 5000 ι
923 4942 1231 5008 Stabiliam
1262 4954 1317 5007 te
1340 4946 1495 5007 inter
1510 4945 1737 5007 amicos
1758 4962 1943 5019 meos,
1968 4953 2106 5005 ante

448 5030 661 5093 faciem
693 5050 885 5094 meam
918 5032 1122 5107 stabis,
1158 5050 1216 5097 et
1244 5034 1293 5096 si
1340 5034 1748 5114 segregaveris
1779 5032 2101 5115 pretiosum

449 5138 484 5182 a
512 5121 637 5196 vili,
669 5122 837 5204 quasi
868 5141 935 5184 os
968 5141 1164 5185 meum
1226 5123 1370 5205 eris,
1421 5123 1690 5186 liberabo
1722 5130 1779 5184 te
1814 5123 1890 5185 de
1919 5140 2102 5186 manu

453 5209 875 5294 pessimorum,
910 5210 992 5275 ait
1022 5211 1307 5276 Dominus
1336 5216 1491 5277 Deus
1519 5212 1705 5277 Israel
1732 5212 1810 5275 εί.
1850 5239 1873 5268 ιι

491 5527 497 5541 .
532 5478 633 5545 66.
667 5478 878 5545 Totum
910 5479 1208 5544 sermonis
1238 5480 1419 5544 tinem
1450 5481 1694 5545 audiant
1726 5480 1967 5561 maligni
2007 5499 2099 5545 sa-

1176 5667 1229 5712 ¹⁶
1260 5668 1412 5732 Ibid.

893 5748 943 5794 ²¹
978 5747 1131 5812 Ibid.
1175 5750 1386 5815 19-21.

533 5666 585 5710 l5
612 5669 833 5732 Jerem.
867 5686 990 5732 vm.
1028 5669 1086 5734 9.

1504 5668 1556 5711 ¹⁷
1583 5672 1991 5748 Jerem.xxm,
2012 5669 2111 5736 28.

459 5761 558 5822 xv,
597 5749 804 5813 15-18.

2188 4404 2512 4462 ἀθετούντων
2560 4404 2661 4470 τὴν
2708 4403 2901 4481 γνῶσίν
2958 4427 3075 4479 σου,
3132 4403 3438 4462 συντέλεσον
3468 4403 3653 4467 αὐτοὺς
3684 4402 3736 4459 ἐν
3765 4408 3847 4476 τῷ

2187 4492 2334 4566 ζήλιρ
2364 4493 2559 4566 αὐτῶν,
2591 4495 2681 4550 καὶ
2711 4491 2857 4550 ἔσται
2914 4495 2943 4551 6
2996 4491 3155 4573 λόγος
3198 4493 3317 4571 ἐμοὶ
3332 4498 3443 4573 ,τῆς
3473 4493 3719 4571 γνώσεώς
3750 4514 3848 4549 σου

2188 4585 2261 4648 εἷς
2316 4583 2655 4664 εὖφροσύνην,
2719 4585 2808 4640 καὶ
2865 4584 2938 4649 εἷς
3010 4585 3184 4665 χαρὰν
3240 4568 3454 4661 καρδίας
3515 4603 3616 4658 μου
3667 4597 3680 4613 ·
3727 4578 3848 4639 οὖδέ

2188 4675 2288 4752 γαρ
2345 4672 2562 4729 ἐκάθισα
2629 4672 2683 4729 ἐν
2740 4671 2989 4753 συνεδρίῳ
3043 4673 3179 4749 μετά
3235 4678 3341 4729 τῶν
3397 4673 3689 4742 παιζόντων
3743 4671 3843 4736 τὴν

2188 4762 2378 4839 γνῶσίν
2430 4784 2544 4828 σου,
2607 4760 2728 4819 ἀλλ’
2786 4759 3116 4839 εὒλαϐούμην
3161 4761 3266 4819 ἀπὸ
3317 4762 3604 4842 προσώπου
3659 4761 3846 4841 χειρὸς

2190 4874 2306 4925 σου,
2338 4853 2425 4907 καὶ
2451 4850 2750 4927 ἐκαθήμην,
2806 4853 2944 4909 κατὰ
2995 4854 3182 4928 μόνας,
3242 4850 3323 4909 ὅτι
3377 4850 3588 4929 πικρίας
3618 4849 3724 4906 ἀπὸ
3753 4857 3849 4907 τοῦ

2188 4940 2375 5021 φ’ὶόνου
2437 4942 2606 4998 αὖτῶν
2685 4938 3043 5019 ἐνεπλήσθην,
3113 4942 3202 4998 καὶ
3257 4939 3525 5014 ἀκούσεις,
3586 4938 3642 4995 εὖ
3691 4934 3841 5011 οἴδα,

2186 5031 2277 5088 ἐὰν
2332 5030 2661 5110 ἐπιστρεψης
2709 5031 3121 5106 πεπλανημένον
3175 5031 3282 5087 ἀπὸ
3339 5031 3435 5097 τῆς
3482 5026 3603 5089 ὁδοῦ
3633 5028 3792 5085 αὐτοῦ
3827 5042 3842 5057 ’

2186 5118 2645 5192 Ἀποκαταστήσω
2686 5142 2746 5178 σε
2774 5121 2972 5185 ἐντοῖς
3038 5119 3213 5201 φίλοις
3264 5142 3387 5195 μου,
3431 5119 3533 5198 πρό
3560 5117 3848 5197 προσώπου

2183 5233 2283 5287 μου
2338 5211 2532 5288 στήσῃ,
2587 5212 2676 5268 καὶ
2733 5209 2828 5268 ἐάν
2890 5209 3157 5290 ἐξαγάγῃς
3211 5210 3383 5285 τίμιον
3450 5207 3556 5265 ἀπὸ
3612 5203 3844 5286 ἀναξίου,

2180 5303 2254 5367 ὡς
2285 5323 2459 5377 στομα
2488 5324 2589 5379 μου
2638 5300 2760 5379 ἔσῃ.
2784 5300 3143 5381 ⁹Λυτρώσομαί
3198 5320 3258 5355 σε
3326 5298 3387 5355 ἐκ
3427 5298 3613 5378 χειρὸς
3635 5296 3848 5374 βασκά-

2178 5413 2282 5449 νων
2310 5389 2437 5471 λοιμ
2451 5394 2536 5466 ὗν,
2567 5389 2714 5471 λέγει
2759 5391 2949 5470 Κύριος
2996 5392 3025 5447 ὁ
3055 5391 3185 5453 Θεὸς
3219 5386 3460 5468 Ἰσραήλ,

2260 5470 2391 5555 Eg'.
2422 5480 2585 5546 Τέκος
2614 5479 2778 5560 λόγου
2803 5482 2864 5537 τὸ
2898 5486 3029 5557 πᾶν,
3078 5480 3126 5535 οἱ
3181 5479 3435 5556 βάσκανοι
3468 5477 3622 5558 σοφοὶ
3650 5473 3847 5533 ἀκουέ-

2199 5667 2253 5713 ίθ
2281 5668 2511 5734 Jerem.
2536 5687 2677 5751 xxx,
2701 5667 2762 5733 2.
2851 5665 2904 5714 ίθ
2930 5666 3159 5733 Jerem.
3184 5682 3315 5750 xm,
3347 5668 3449 5728 23.
3538 5660 3595 5708 ὀ
3624 5660 3852 5728 Jerem.
