4144 6374
335 323 456 391 989

1239 331 1785 397 GNOSTICORUM
1828 333 2171 398 CAPITUM
2215 335 2609 398 CENTURIA
2651 333 2741 398 III

3622 323 3742 396 990

334 485 512 521 τωσαν
545 478 560 494 ⁸
622 463 1064 545 ἑκαθαριεύθησαν
1116 468 1396 547 Ναζιραῖοι
1448 471 1578 526 Θεοῦ
1641 483 1759 535 τοῖς
1808 470 1989 531 πόνοις

2095 462 2888 529 ιίεηιθεεϐεηόίιίἰονθεηίνθ
2926 465 3170 528 Nazarei
3222 465 3329 529 Dei
3380 463 3577 528 effecti
3601 469 3740 526 sunt

333 553 466 632 ὖπὲρ
495 553 659 633 χιόνα
698 575 710 589 ·
746 553 995 631 ἑλαμψαν
1051 562 1127 631 τῷ
1183 558 1282 633 βίῳ
1329 557 1459 638 ὑπὲρ
1492 557 1653 637 γάλα,
1698 559 1827 639 ὐπὲρ
1856 558 1995 615 λίθον

336 642 624 722 σάπφειρον
669 646 730 700 τὸ
773 642 915 709 εἶδος
959 650 1059 712 τῆς
1095 645 1277 725 σοφίας
1325 648 1517 727 αὐτῶν,
1551 649 1640 703 καὶ
1682 649 1811 729 ὑπέρ
1856 647 1997 726 μάρ-

336 752 501 809 γαρον
524 735 753 812 καθαρὸν
782 736 809 789 6
840 735 1122 814 χαρακτὴρ
1166 735 1272 791 τῶν
1302 734 1476 815 λόγων
1528 739 1698 794 αὐτῶν
1733 758 1743 769 ·
1779 740 1825 794 οἱ
1854 735 1909 792 δὲ
1937 757 1999 814 γε

337 821 597 885 ἐσθίοντες
621 824 818 902 τρυφὰς
860 828 958 890 τῆς
1019 829 1286 899 κοσμικῆς
1335 825 1610 906 γνώσεως,
1641 827 1999 908 ἠφανίσθησαν

340 910 395 966 ἐν
452 914 576 974 ταῖς
648 909 841 976 ἐξόδοις
897 921 991 971 τοῦ
1049 914 1381 988 Πνεύματος,
1429 917 1477 971 οἱ
1522 916 1886 991 τιθηνούμενοι
1918 913 2001 970 ἐπὶ

337 1002 567 1075 κοκκίνῳ
628 1002 819 1081 σοφίας
879 998 1174 1076 Ἐλλήνων,
1246 1006 1468 1083 κοπρίαν
1526 1004 1790 1083 ἀγνωσίας
1844 1026 2001 1082 περι-

340 1086 617 1171 εϐάλοντο,
672 1092 760 1147 καὶ
829 1088 1081 1158 ἐδόθησαν
1141 1090 1226 1148 ἐπ’
1283 1095 1470 1157 αὐτοῖς
1513 1092 1714 1170 δεσμοὶ,
1766 1096 1855 1152 καὶ
1883 1091 1999 1149 ἐδέ-

338 1182 511 1246 θησαν
559 1178 614 1235 ἒν
672 1182 855 1243 αὐτοῖς
931 1199 944 1213 ·
1020 1177 1266 1247 συνεδέθη
1339 1182 1438 1260 γὰρ
1480 1185 1515 1252 ἡ
1560 1181 1777 1261 γλῶσσα
1832 1185 2002 1240 αὖτῶν

337 1270 473 1347 πρὸς
522 1270 613 1325 τὸν
665 1266 900 1348 λάρυγγα
970 1269 1164 1344 αὐτῶν,
1224 1272 1310 1327 καὶ
1352 1271 1818 1352 ἀπεκωφώθησαν,
1893 1271 2005 1328 ἐπεὶ

338 1358 444 1425 τὴν
471 1356 638 1422 ὄντως
687 1359 872 1438 σοφίαν
925 1359 1014 1415 καὶ
1070 1365 1268 1436 γνῶσιν
1322 1366 1412 1417 τοῦ
1480 1361 1631 1418 Θείου
1675 1359 2004 1437 ἀπεδοκίμα-

339 1469 440 1503 σαν
483 1446 808 1522 Πνεύματος,
863 1447 941 1522 μὴ
1003 1444 1089 1503 διὰ
1144 1447 1325 1506 πόνων
1366 1451 1565 1518 ταύτην
1593 1448 1782 1508 λαϐεῖν
1810 1448 2003 1521 ἐθελή-

341 1556 530 1599 σαντες
539 1581 556 1597 .

426 1613 523 1696 ξζ’.
561 1614 619 1682 Ὀ
666 1625 796 1689 Θεὸς
850 1626 878 1681 6
920 1632 1186 1683 ταπεινῶν
1242 1624 1390 1692 ξύλον
1446 1627 1679 1709 ὑψηλὸν,
1737 1630 1825 1686 καὶ
1852 1630 2001 1705 ὑψῶν

340 1713 494 1781 ξύλον
520 1715 795 1788 ταπεινὸν,
864 1717 893 1771 6
944 1712 1199 1795 ξηραίνων
1255 1714 1406 1782 ξύλον
1459 1716 1698 1798 χλωρὸν,
1747 1719 1836 1776 καὶ
1864 1718 2000 1776 ἀνα-

342 1801 555 1861 θάλλων
609 1801 760 1869 ξύλον
828 1803 1009 1885 ξηρὸν,
1092 1805 1247 1871 αύτός
1325 1805 1466 1863 ἐστιν
1522 1810 1550 1864 6
1603 1805 1771 1873 διδοὺς
1829 1809 2001 1882 στόμα

344 1892 698 1972 ἐνεῳγμένον,
758 1893 813 1949 ἐν
870 1894 1019 1969 μέσῳ
1073 1900 1401 1974 Συναγωγῆς
1454 1895 1686 1979 πολλῆς,
1736 1911 1856 1961 τοῖς
1885 1895 2003 1955 δού-

345 1982 461 2049 λοις
491 1986 669 2058 αὐτοῦ,
729 1984 818 2040 καὶ
873 1984 1020 2062 ῥῆμα
1076 1997 1195 2049 τοῖς
1253 1985 1745 2064 εύαγγελιζομένοις
1785 1986 2000 2063 δυνάμει

344 2069 545 2150 πολλῇ,
589 2069 672 2127 ὅτι
713 2073 749 2139 ἡ
780 2071 958 2152 σοφία,
994 2072 1082 2128 καὶ
1134 2073 1170 2141 ἡ
1228 2074 1452 2147 σύνεσις,
1484 2076 1573 2131 καὶ
1600 2076 1635 2145 ἡ
1665 2077 1818 2156 ἰσχὺς
1846 2075 2004 2133 αὗτου

344 2159 481 2237 ἐστι,
516 2161 604 2217 καὶ
646 2162 801 2226 αὐτὸς
857 2160 1073 2219 ἀλλοιοῖ
1112 2161 1291 2242 ὥσπερ
1360 2165 1573 2243 καιροὺς
1633 2167 1721 2222 καὶ
1750 2165 2000 2245 χρόνους,

345 2247 487 2307 οὕτω
532 2249 620 2305 καὶ
677 2249 856 2329 ψυχὰς
911 2251 1172 2321 ζητούσας
1231 2253 1321 2309 καὶ
1376 2254 1638 2319 ποθούσας
1695 2254 1851 2311 αὒνὸν
1879 2256 2005 2310 καθ-

347 2362 471 2413 ιστᾳ
489 2339 626 2397 uti
653 2345 836 2397 παθῶν
865 2338 1133 2421 βασιλεῖς,
1204 2344 1292 2399 καὶ
1335 2346 1554 2419 μεθιστᾷ
1622 2343 1727 2401 ἀπὸ
1757 2349 1900 2416 ζωῆς
1931 2345 2003 2407 εἰς

346 2431 517 2502 ζωὴν,
547 2426 717 2493 διδοὺς
774 2431 958 2511 σοφίαν
1016 2444 1132 2497 τοῖς
1203 2446 1393 2514 σοφοῖς
1447 2437 1524 2508 τῷ
1591 2435 1874 2511 πνεύματι,
1918 2428 2006 2491 καὶ

346 2522 603 2604 φρόνησιν
659 2535 777 2586 τοῖς
834 2520 994 2580 εἷδοσι
1052 2525 1254 2582 σύνεσιν
1328 2542 1343 2557 ⁸
1408 2527 1562 2590 αὐτὸς
1647 2526 2005 2583 ἀποκαλύπτει

348 2611 512 2689 βαθέα
564 2613 653 2669 καὶ
735 2612 1015 2695 ἀπόκρυφα
1097 2627 1216 2678 τοῖς
1284 2614 1530 2694 ἐρευνῶσι
1588 2616 1655 2673 τὰ
1723 2616 1859 2693 βάθη
1915 2622 2008 2673 τοῦ

352 2707 507 2769 Θεοό,
539 2702 629 2757 καὶ
697 2702 979 2779 γινώσκειν
1046 2699 1252 2760 δίδωσιν
1309 2707 1493 2768 αὗτοϊς
1546 2706 1613 2760 τὰ
1641 2704 1696 2761 ἐν
1725 2711 1803 2780 τῷ
1831 2705 2007 2762 σκότει

346 2790 457 2848 τῶν
484 2790 832 2869 αἰνιγμάτων,
867 2791 947 2847 ὃτι
991 2794 1051 2848 τὸ
1094 2799 1206 2873 φῶς
1265 2798 1364 2861 τῆς
1421 2795 1604 2874 σοφίας
1633 2796 1720 2853 καὶ
1762 2796 2009 2873 γνὼσεως

349 2878 472 2955 μετ’
496 2879 655 2938 αὒτοῦ
682 2878 818 2959 ἐστι,
852 2882 939 2936 καὶ
972 2884 1018 2954 ᾧ
1044 2880 1292 2958 βούλεται
1322 2880 1528 2939 δίδωσιν
1560 2882 1713 2942 αὒτό.

433 2960 542 3038 ξη’.
576 2970 737 3027 Παντὶ
780 2976 858 3043 τῷ
913 2968 1028 3027 καθ’
1098 2972 1371 3045 ὑπομονὴν
1430 2971 1767 3051 ἐργαζομένῳ
1792 2974 1886 3038 τὰς
1918 2974 2011 3030 ὲν-

348 3059 510 3124 τολὰς
553 3059 691 3116 κατὰ
718 3059 808 3115 τὸν
837 3058 990 3122 ἐκτὸς
1056 3061 1144 3117 καὶ
1213 3059 1360 3125 ἐντὸς
1421 3060 1716 3143 ἄνθρωπον,
1761 3065 1851 3120 καὶ
1879 3064 2010 3142 πρὸς

2078 554 2405 635 laboribus,
2433 575 2553 636 prae
2574 556 2725 618 lacte
2751 557 2864 617 vita
2882 556 3095 636 nitent,
3119 555 3399 636 sapphiro
3431 553 3740 635 pulchrior

2083 644 2377 725 sapientia
2409 663 2639 725 eorum,
2672 660 2732 707 et
2762 644 3168 726 splendidiora
3200 643 3538 722 margaritis
3570 643 3735 723 ipso-

2083 751 2214 794 rum
2245 734 2443 795 verba.
2468 733 2581 806 Qui
2606 752 2742 795 vero
2772 734 2983 797 nutriti
3001 743 3142 796 sunt
3166 732 3401 795 deliciis
3425 732 3740 795 mundana)

2084 821 2371 896 scientiae,
2395 820 3486 903 obtenebratisuntrecedenteSpiritu
3500 828 3736 897 sancto;

2083 920 2139 972 et
2171 911 2271 992 qui
2305 912 2503 974 laetati
2534 921 2671 974 sunt
2700 912 2760 973 in
2794 931 3059 993 purpura
3101 911 3409 990 sapientiae
3459 909 3736 973 ethnico-

2083 1016 2239 1071 rum,
2270 1008 2536 1062 stercore
2565 1000 2911 1080 ignorantiaa
2937 998 3286 1063 circumfusi
3339 1006 3497 1072 sunt,
3527 1006 3587 1060 et
3605 998 3741 1060 data

2082 1097 2220 1150 sunt
2251 1088 2371 1150 illis
2425 1089 2681 1170 vincula,
2744 1089 2961 1171 quibus
3011 1089 3210 1167 aligati
3269 1095 3430 1163 sunt,
3487 1085 3739 1149 adhaesit

2085 1178 2244 1240 enim
2296 1179 2495 1258 lingua
2543 1197 2747 1241 eorum
2810 1178 3052 1260 gutturi,
3115 1187 3172 1240 et
3233 1177 3364 1240 facti
3395 1186 3535 1238 sunt
3564 1176 3732 1252 muti,

2088 1286 2222 1330 cum
2262 1286 2461 1333 veram
2489 1268 2841 1349 sapientiam
2864 1276 2924 1331 et
2943 1267 3249 1330 scientiam
3273 1266 3456 1327 divini
3479 1263 3736 1345 Spiritus

2085 1356 2436 1437 rejecerint,
2470 1356 2744 1419 nolentes
2776 1376 2905 1420 eam
2937 1355 3240 1419 laboribus
3268 1353 3577 1436 consequi.

2166 1624 2264 1688 67.
2298 1622 2405 1686 Ille
2434 1623 2590 1686 Deus
2620 1625 2721 1706 qui
2779 1624 3051 1687 humiliat
3108 1624 3332 1704 lignum
3364 1623 3648 1698 sublime,
3679 1633 3741 1687 et

2086 1713 2299 1775 exaltat
2328 1713 2550 1793 lignum
2583 1713 2831 1795 humile,
2867 1722 2927 1775 et
2975 1714 3130 1775 sicut
3184 1714 3409 1791 lignum
3438 1712 3650 1788 viride,
3682 1718 3744 1776 et

2025 1803 2367 1889 Bfrondere
2398 1803 2540 1865 facit
2569 1802 2796 1882 lignum
2833 1803 3090 1879 aridum,
3142 1802 3270 1882 ipse.
3315 1810 3376 1865 et
3424 1803 3525 1884 qui
3547 1801 3650 1863 dat
3672 1820 3739 1863 os

2084 1905 2352 1972 apertum
2386 1896 2445 1954 in
2478 1893 2676 1955 medio
2724 1911 3029 1974 synagoga;
3089 1894 3272 1953 multe
3331 1890 3565 1953 famulis
3589 1891 3735 1966 suis,

2084 1989 2144 2044 et
2171 1981 2416 2044 verbum
2451 1981 2989 2061 evangelizantibus
3013 1980 3228 2043 virtute
3248 1980 3450 2053 multa,
3476 1980 3614 2061 quia
3636 1997 3735 2042 sa-

2087 2071 2330 2151 pientia,
2364 2071 2684 2152 prudentia
2713 2080 2771 2133 et
2797 2073 2981 2134 virtus
3009 2071 3083 2134 ab
3132 2072 3260 2152 ipso
3296 2071 3648 2152 procedunt,
3682 2076 3745 2133 et

2085 2161 2214 2241 ipse
2245 2168 2511 2221 ntmutat
2573 2169 2844 2241 tempora
2901 2170 2959 2222 et
3010 2169 3333 2234 momenta,
3395 2160 3480 2221 sic
3511 2160 3742 2221 animas

2084 2248 2278 2329 ipsum
2309 2256 2643 2330 quaerentes
2672 2255 2733 2310 ιι
2760 2249 3320 2330 ερρειρηιθεῐθόόῆ
3352 2248 3738 2329 cupiditatum

2088 2340 2326 2418 reginas
2347 2347 2404 2400 et
2431 2339 2710 2401 transfert
2740 2340 2815 2400 de
2848 2339 2964 2399 vita
2992 2338 3053 2399 in
3087 2338 3287 2412 vitam,
3319 2338 3467 2399 dans
3495 2338 3739 2418 sapien-

2089 2428 2228 2489 tiam
2259 2428 2625 2507 sapientibus
2656 2427 2866 2508 spiritu
2897 2436 2956 2490 et
2991 2427 3367 2509 prudentiam
3410 2426 3742 2489 scientibus

2087 2518 2456 2597 intelligere:
2517 2516 2647 2597 ipse
2706 2517 2937 2579 revelat
2990 2515 3280 2597 profunda
3310 2524 3367 2578 et
3395 2514 3745 2577 abscondita

2090 2606 2489 2669 scrutantibus
2513 2606 2804 2688 profunda
2832 2605 2963 2680 Dei,
2999 2605 3205 2686 eisque
3235 2604 3573 2666 manifestat
3603 2622 3744 2665 con-

2092 2697 2292 2758 stituta
2322 2697 2382 2757 in
2417 2695 2679 2758 tenebris
2707 2696 3116 2776 :enigmatum.
3137 2695 3278 2776 quia
3309 2694 3401 2754 lux
3430 2693 3742 2775 sapientia:

2094 2797 2152 2848 et
2181 2787 2448 2849 scientiae
2477 2804 2609 2847 cum
2637 2804 2707 2847 eo
2738 2794 2854 2860 est,
2905 2794 2966 2847 et
3020 2784 3118 2848 cui
3146 2783 3268 2845 vult
3322 2782 3484 2845 illam
3513 2782 3739 2863 imper-

2092 2876 2258 2941 titur.

2172 2967 2273 3029 68.
2308 2964 2563 3030 Cuilibet
2589 2965 2941 3046 adimplenti
2965 2971 3416 3047 perseveranter
3439 2962 3546 3026 Dei
3573 2979 3744 3023 man-

2093 3054 2572 3118 datasecundum
2597 3056 2948 3118 interiorem
2962 3066 3014 3118 et
3036 3055 3394 3118 exteriorem
3412 3053 3741 3127 hominem,

353 3149 526 3226 μόνην
585 3146 849 3227 ἀφορῶντι
906 3148 1005 3216 τὴν
1061 3146 1213 3215 δόξαν
1270 3157 1362 3207 τοῦ
1420 3157 1572 3226 Θεοῦ,
1631 3142 1763 3227 τιμη
1820 3149 2007 3209 δίδοται

2097 3157 2157 3208 et
2189 3144 2380 3208 solam
2441 3146 2694 3208 intuenti
2752 3146 3000 3226 gloriam
3059 3145 3189 3222 Dei,
3250 3145 3445 3207 honor
3470 3142 3749 3205 tribuitur

350 3239 601 3318 γνώσεως
656 3238 913 3317 οὗρανίου,
974 3239 1157 3318 εἰρήνη
1215 3239 1398 3319 ψυχῆς
1454 3240 1540 3296 καὶ
1596 3242 1875 3321 αφθαρσία,
1940 3243 2007 3306 ὡς

2095 3233 2354 3296 ccelestis
2406 3233 2734 3314 sapientiae,
2797 3254 2903 3316 pax
2963 3234 3178 3297 animae
3229 3243 3288 3297 et
3350 3230 3746 3321 incorruptio,

351 3330 447 3386 οὒκ
475 3328 735 3407 ἀκροατῇ,
763 3325 901 3384 ἀλλὰ
930 3334 1133 3404 ποιητῇ
1192 3349 1284 3384 του
1328 3328 1490 3403 νόμου
1519 3329 1618 3395 τῆς
1650 3320 1871 3410 χάριτος
1908 3348 1922 3362 ⁸
1955 3332 2007 3387 οὗ

2096 3322 2316 3404 quippe
2346 3323 2444 3404 qui
2480 3342 2596 3386 non
2626 3324 2861 3386 auditor
2881 3325 2980 3406 sit,
3004 3325 3106 3388 sed
3126 3328 3312 3387 iactor
3332 3321 3479 3400 legis
3516 3320 3718 3410 gratias

351 3419 442 3475 καὶ
497 3418 599 3485 τὴν
655 3423 850 3496 γνῶσιν
960 3414 1291 3497 ἒμμάρτυρον
1345 3417 1503 3474 οὖσαν
1560 3416 1611 3484 ἐξ
1656 3408 1857 3499 ἔργων,
1920 3421 2007 3475 οὒκ

2095 3411 2259 3474 Illius
2283 3412 2594 3473 scientiam
2625 3432 2693 3475 ex
2726 3414 3013 3495 operibus
3071 3412 3376 3493 probatam
3410 3429 3527 3472 non
3563 3408 3744 3499 inho-

350 3506 597 3582 ἀτιμάζει
641 3507 797 3586 Θεὸς,
828 3502 966 3561 ἀλλά
996 3503 1285 3571 συνδοξάξει
1342 3520 1462 3571 τοῖς
1520 3505 1704 3586 λόγοις
1734 3510 1833 3575 τῆς
1863 3509 2007 3587 γνώιι

2096 3501 2334 3563 norabit
2361 3500 2540 3575 Deus,
2574 3504 2681 3565 sed
2712 3502 3183 3582 conglorificavit
3204 3520 3340 3563 eum
3371 3498 3748 3561 sermonibus

351 3618 489 3660 σεως
542 3601 649 3653 τῶν
705 3592 791 3651 διὰ
846 3594 1031 3674 σοφίας
1123 3597 1279 3652 αὐτοῦ
1361 3593 1674 3672 λαμψάντον
1730 3596 1785 3654 ἐν
1812 3603 1879 3673 τῇ
1907 3604 2007 3653 τῶν

2095 3591 2363 3653 scientiae
2389 3609 2595 3653 eorum
2653 3592 2753 3672 qui
2786 3591 3147 3653 refulserunt
3202 3590 3262 3651 in
3295 3588 3565 3651 Ecclesia
3594 3587 3746 3649 fide-

351 3692 556 3744 πιστῶν
622 3682 936 3758 Ἐκκλησίᾳ,
998 3681 1180 3752 ἐπειδὴ
1256 3684 1683 3765 προσωποληψία
1747 3689 1847 3745 ούκ
1905 3685 2007 3743 ἔστι

2100 3680 2266 3748 lium,
2294 3680 2431 3762 quia
2455 3699 2569 3741 non
2584 3682 2845 3762 estapud
2869 3699 3002 3743 eum
3031 3697 3420 3761 personarum
3450 3675 3744 3757 acceptio.

350 3774 477 3855 παρ’
550 3774 713 3849 αὔτῷ.
761 3781 848 3849 Τῷ
918 3770 972 3829 δὲ
1043 3771 1095 3839 ἐξ
1148 3772 1367 3853 ἐριθείας
1465 3774 1864 3856 ἀγωνιζομένῷ,
1927 3775 2007 3832 καῖ

2097 3768 2177 3832 Iis
2206 3781 2401 3832 autem
2434 3769 2533 3852 qui
2567 3780 2706 3832 sunt
2736 3790 2804 3833 ex
2835 3771 3238 3842 contentione,
3273 3779 3331 3830 et
3362 3786 3480 3829 non
3510 3765 3748 3856 acquie-

353 3866 656 3924 ἀπειθοῦντι
708 3863 805 3940 μὲν
873 3876 989 3926 τοῖς
1062 3861 1242 3942 λόγοις
1296 3871 1402 3922 τῶν
1461 3864 1737 3942 ἀγομένων
1795 3867 1898 3923 ὑπὸ
1926 3866 2017 3923 τοῦ

352 3955 682 4031 Πνεύματος,
759 3952 1055 4029 πειθομένῳ
1147 3952 1202 4010 δὲ
1259 3960 1328 4031 τῇ
1398 3955 1584 4011 ἑαυτοῦ
1638 3956 1871 4030 συνάσει,
1932 3965 2020 4019 καὶ

351 4058 473 4108 τοτς
516 4040 821 4111 ἀπατηλοῖς
874 4042 1055 4121 λόγοις
1108 4044 1213 4100 τῶι
1269 4044 1366 4110 τὴν
1399 4043 1676 4124 μόρφωσιν
1707 4043 2019 4122 περικειμέ-

352 4157 460 4191 νων
522 4133 694 4209 μόνην
763 4133 862 4198 τῆς
921 4129 1210 4204 εὖσυϐείας,
1263 4133 1353 4189 καὶ
1379 4132 1652 4209 ἀγομένων
1706 4135 1809 4189 ὑπὸ
1872 4132 2021 4213 φιλο-

354 4221 526 4301 δόξου,
559 4222 646 4280 καὶ
668 4219 952 4302 φιληδόνου
992 4222 1317 4296 πνεύματος,
1389 4219 1564 4296 θλίψις
1620 4225 1710 4278 καὶ
1739 4244 2019 4302 στενοχω-

356 4315 441 4393 ρία
498 4310 714 4384 δίδοται,
779 4310 990 4392 φθόνος,
1049 4311 1138 4367 καὶ
1193 4311 1381 4389 θυμὸς,
1445 4311 1533 4366 καὶ
1590 4311 1724 4391 ὀργὴ
1784 4319 1869 4368 νῦν
1917 4312 2015 4385 μὲν

354 4406 429 4469 εἷς
487 4402 816 4478 ἀντιμισθίαν
872 4404 972 4468 τῆς
1040 4397 1249 4465 πλάνης
1295 4398 1473 4476 cat-31:06,
1539 4398 1769 4480 ἔσχατον
1814 4398 1894 4480 δὲ,
1940 4402 2013 4465 εἰς

363 4492 693 4571 κατηγορίαν
742 4496 847 4547 τῶν
922 4488 1116 4565 μεταξὺ
1168 4486 1418 4558 ἀλλήλων
1489 4490 1947 4570 κατηγορούντων,
1979 4491 2016 4558 ἢ

360 4584 452 4641 καὶ
492 4577 941 4658 ἀπολογουμένων
1018 4579 1174 4637 αὗτοῦ
1226 4574 1497 4655 λογισμῶν
1559 4592 1573 4606 ·
1636 4576 1689 4634 ἐν
1741 4578 1915 4658 ἡμέρᾳ
1982 4580 2020 4646 ἧ

357 4685 533 4752 κρινεῖ
561 4674 589 4728 6
635 4672 764 4733 Θεὸς
818 4669 884 4725 τὰ
924 4668 1129 4747 κρυπτὰ
1170 4671 1277 4724 τῶν
1346 4666 1656 4747 ἀνθρώπων,
1689 4669 1776 4724 καὶ
1805 4666 2020 4726 ἀποδώ-

353 4783 436 4820 σει
467 4762 677 4834 ἑκάσειρ
702 4781 839 4816 κατα
882 4760 943 4814 τὸ
973 4755 1127 4835 ἔργον
1158 4758 1340 4817 αὕτοῶ

436 4840 533 4917 ξθ’.
560 4851 766 4927 Ὥσπερ
798 4851 897 4907 σῦκ
952 4845 1092 4902 ἔστιν
1149 4842 1408 4909 Ἰουδαῖος
1480 4847 1537 4902 ὁν
1596 4844 1649 4903 ἐν
1680 4852 1757 4922 τῷ
1786 4852 2018 4928 φανερῷ,

351 4942 494 5000 κατά
521 4941 613 4997 τὸν
671 4938 908 5010 εἰπόντα,
970 4932 1086 4993 οὗδὲ
1142 4937 1177 5004 ἡ
1237 4933 1293 4991 ἐν
1349 4941 1429 5008 τῷ
1486 4942 1695 5015 φανερῷ
1750 4936 1806 4992 ἐν
1862 4939 2018 5015 σαρκὶ

362 5029 652 5111 περιτομὴ,
682 5025 795 5085 ἀλλ’
835 5029 864 5084 6
925 5025 979 5082 ἐν
1023 5031 1237 5104 κρυπτῷ
1296 5021 1579 5105 Ἰουδατος,
1609 5027 1697 5082 καὶ
1750 5030 2013 5106 περιτομὴ

347 5117 562 5199 καρδίας
609 5117 663 5175 έν
720 5116 1009 5193 πνεύματι,
1071 5115 1168 5171 οὒκ
1224 5114 1596 5193 ἐνγράμμκτι.
1657 5112 1828 5179 ούτως
1888 5114 2005 5173 ουδὲ

344 5210 551 5276 τέλειος
580 5210 713 5288 ἀνὴρ
765 5206 819 5265 ἐν
875 5208 1067 5287 γνώσει
1111 5208 1197 5263 καὶ
1248 5206 1423 5287 σοφίᾳ,
1501 5207 1530 5262 6
1587 5205 1640 5262 ἐν
1679 5212 1756 5282 τῷ
1798 5214 2007 5288 φινερῷ

348 5302 501 5380 μόνορ
529 5302 615 5357 καὶ
676 5296 1184 5377 κατεγλωττισμένῳ
1240 5293 1385 5374 λόγῳ
1456 5293 1646 5370 πολὺς,
1680 5293 1796 5353 οὐδὲ
1839 5318 2007 5357 σπου-

345 5390 502 5455 δαῖος
532 5386 728 5469 ἄκρως,
760 5391 788 5445 6
832 5387 882 5444 ἐν
924 5392 994 5463 τῇ
1050 5390 1334 5462 σωματικῇ
1401 5386 1488 5441 καὶ
1519 5391 1715 5466 φανερᾷ
1744 5388 2009 5466 γυμνασίᾳ

346 5488 457 5550 τῶν
491 5480 688 5557 πόνων,
737 5477 856 5536 ἀλλ’
906 5479 934 5534 6
990 5474 1045 5532 ἐν
1101 5481 1169 5553 τῇ
1222 5480 1428 5554 κρυπτῇ
1479 5476 1567 5532 καὶ
1595 5481 1749 5555 νοερᾷ
1791 5475 2009 5556 ἐργασίᾳ

431 5676 488 5722 ³⁸
512 5679 685 5746 Rom.
717 5695 782 5756 ιι,
816 5674 1001 5744 6-16.
1085 5671 1141 5717 ³³
1172 5671 1321 5737 ibid.
1353 5672 1456 5749 28,
1488 5673 1590 5738 29.

2100 3869 2273 3921 scunt
2302 3859 2503 3921 verbis
2526 3879 2727 3922 eorum
2760 3860 2914 3941 quia
2943 3858 3165 3940 Spiritu
3187 3867 3460 3940 aguntur,
3496 3855 3753 3918 credunt

2098 3968 2238 4011 vero
2255 3951 2508 4031 propriae
2522 3950 2767 4031 prudent
2783 3949 3125 4013 iazetverbis
3143 3948 3529 4010 mendacibus
3543 3963 3750 4007 eorum

2101 4039 2203 4120 qui
2236 4040 2421 4101 solam
2479 4040 2716 4120 pietatis
2767 4058 3081 4120 personam
3136 4048 3316 4117 agunt
3377 4047 3435 4098 et
3458 4036 3755 4097 ducuntur

2101 4127 2313 4208 spiritu
2345 4128 2643 4207 superbia:
2667 4138 2724 4190 et
2749 4127 3083 4208 voluptatis,
3135 4125 3444 4188 tribulatio
3466 4126 3661 4204 datur,
3697 4131 3756 4183 et

2102 4218 2660 4297 angustia,imidia,
2692 4217 3295 4287 tumoretiracundia,
3317 4233 3478 4277 nunc
3509 4214 3750 4295 quidem

2100 4308 2159 4368 in
2195 4309 2537 4370 mercedem
2573 4308 2794 4371 erroris
2826 4326 3057 4381 eorum,
3093 4305 3422 4367 novissime
3449 4314 3645 4365 autem
3677 4302 3749 4363 ad

2099 4400 2463 4460 accusindas
2495 4418 2700 4460 eorum
2733 4399 3120 4478 cogitationes
3150 4415 3283 4458 sese
3318 4395 3570 4457 invicem
3603 4392 3755 4454 insi-

2106 4490 2400 4551 mulantes
2421 4508 2487 4551 ac
2512 4489 2925 4561 defendentes,
2955 4487 3012 4547 in
3035 4487 3132 4549 die
3150 4506 3265 4566 qua
3284 4484 3572 4567 judicabit
3595 4485 3754 4543 Deus

2105 4578 2451 4640 abscondita
2466 4579 2769 4640 hominum
2791 4587 2848 4639 et
2869 4579 3072 4639 redeet
3086 4575 3404 4656 unicuique
3421 4572 3750 4636 secundum

2106 4686 2285 4748 opera
2317 4669 2446 4748 ejus
2472 4667 2551 4727 εὶ.

2185 4848 2283 4911 69.
2312 4845 2477 4911 Sicut
2512 4873 2535 4903 σε
2574 4867 2689 4910 non
2725 4856 2811 4911 est
2834 4846 3077 4911 Judzeus
3093 4844 3269 4927 quiin
3322 4842 3658 4917 manifesto,
3694 4849 3760 4903 ut

2102 4936 2187 5000 ait
2214 4937 2429 5000 Paulus
2447 4937 2530 5019 εὖ,
2555 4956 2748 5020 neque
2767 4937 2975 5020 quaain
3000 4936 3315 4997 manifesto
3339 4935 3398 4995 in
3445 4950 3626 4994 carne
3669 4942 3760 4994 est

2101 5027 2505 5099 circumcisio,
2542 5028 2647 5090 sed
2683 5048 2780 5110 qui
2816 5026 2876 5088 in
2908 5026 3266 5088 abscondito
3288 5023 3528 5089 Judaaus
3559 5029 3764 5110 est,_et

2100 5116 2481 5179 circumcisio
2518 5108 2718 5180 cordis
2747 5117 2807 5179 in
2867 5116 3103 5199 Spiritu,
3164 5134 3281 5177 non
3342 5113 3574 5175 littera:
3611 5132 3641 5172 ι
3679 5108 3761 5171 ita

2094 5224 2206 5270 nec
2241 5207 2538 5286 perfectus
2568 5207 2657 5268 vir
2706 5207 2767 5268 in
2823 5205 3075 5269 scientia
3131 5215 3190 5268 et
3218 5203 3531 5286 sapientia,
3565 5199 3759 5284 quiin

2094 5298 2411 5361 manifesto
2436 5298 2719 5360 duntaxat
2775 5296 3169 5378 linguosoque
3231 5309 3514 5357 sermone
3540 5291 3762 5353 multus

2092 5395 2202 5457 est,
2234 5406 2345 5450 nec
2370 5406 2605 5450 summe
2624 5388 2860 5450 fervens
2884 5407 2981 5467 qui
3006 5384 3066 5447 in
3090 5403 3382 5466 corporeo
3405 5381 3759 5445 manifesto-

2090 5495 2208 5558 que
2238 5477 2295 5540 la
2315 5477 2530 5541 borum
2561 5477 2869 5553 exercitio,
2901 5475 3005 5539 sed
3059 5474 3162 5556 qui
3203 5478 3266 5536 in
3322 5471 3675 5536 abscondita
3702 5478 3763 5534 et
