4144 6372
351 380 472 446 993

1281 372 1831 443 GNOSTICORUM
1873 364 2220 437 CAPITUM
2266 373 2665 437 CENTURIA
2710 370 2798 436 III

3621 381 3739 449 994

350 516 548 594 νεσθαι,
581 514 759 570 καὶτὸ
801 511 997 591 λέγειν,
1043 513 1131 568 καὶ
1171 512 1233 567 τὸ
1274 522 1420 566 νοεῖν
1446 510 1626 587 ὑγιῶς,
1673 508 1760 565 καὶ
1788 507 2002 565 ἀνυπαι-

2097 505 2410 586 cogitantes
2441 526 2585 569 sane
2634 515 2692 570 et
2741 508 3351 589 irreprehensibiliter
3402 519 3734 582 secundum

352 604 477 667 τίως
519 604 655 661 κατά
713 604 842 660 Θεὸν
897 601 1222 673 ἐξετάζηται,
1284 598 1412 678 ὅπερ
1469 599 1607 655 ἐστὶν
1645 597 1889 665 ἀληθινὸν
1932 603 2002 672 τῷ

2097 598 2278 659 Deum
2321 596 2718 660 inveniamur.
2773 599 2927 679 quod
2982 612 3072 660 est
3113 601 3421 666 verissima
3449 614 3508 667 et
3536 607 3741 672 divina

351 695 482 757 ὄντι,
516 695 602 752 καὶ
624 697 770 751 θετον
800 692 1013 772 μέτρον,
1045 693 1132 748 καὶ
1160 691 1271 769 ἱερᾶ
1299 696 1376 764 τῷ
1396 696 1513 764 Θεῷ
1541 688 1831 768 προσφορά.

429 772 536 862 στ’.
579 783 789 849 Δεκάτη
846 781 1036 862 κυρίως
1116 779 1226 838 ἐστὶ
1251 780 1381 858 πρὸς
1441 780 1595 850 Θεὸν,
1652 780 1714 835 τὸ
1775 778 2005 857 ψυχικὸν

347 873 571 955 Πάσχα,
620 873 787 951 ἤγουν
840 874 876 940 ἡ
932 867 1169 935 διάϐασις
1251 869 1431 937 πάσης
1502 867 1764 944 ἐμπαθοῦς
1820 866 1999 941 ἕξεως,

344 965 436 1020 καὶ
462 954 642 1031 πάσης
672 961 869 1040 ἀλόγου
924 961 1214 1030 αἰσθήσεως
1250 979 1266 995 ο
1311 957 1367 1014 ἐν
1418 959 1457 1025 ἧ
1513 958 1686 1014 θύεται
1717 957 1814 1031 μὲν
1843 958 1872 1012 6
1902 954 2002 1012 λό-

344 1074 465 1133 γος,
494 1059 563 1129 τῇ
627 1052 817 1130 θεωρίᾳ
858 1055 964 1106 τῶν
1016 1049 1204 1121 ὄντων,
1258 1048 1517 1127 τρώγεται
1547 1045 1603 1103 δὲ
1661 1049 1689 1102 6
1737 1046 1894 1109 αὒτὸς
1950 1044 2002 1101 ἐν

343 1146 425 1218 τῷ
451 1139 593 1222 ἄρτῳ
644 1146 744 1209 τῆς
802 1140 1075 1218 γνώσεως,
1134 1141 1222 1195 καὶ
1266 1140 1471 1195 πίνεται
1527 1139 1589 1193 τὸ
1646 1137 1818 1211 τίμιον
1846 1135 2004 1191 αὐτοῦ

344 1236 485 1307 αἷμα
537 1231 590 1288 ἐν
773 1231 994 1310 κρατῆρι
1049 1234 1149 1297 τῆς
1225 1227 1522 1306 ἀπορρήτου
1579 1226 1784 1304 σοφίας,
1841 1234 2004 1283 Τοῦτο

341 1330 465 1401 γοῦν
510 1325 538 1379 6
581 1322 764 1402 φαγὼν
829 1322 918 1377 καὶ
971 1318 1249 1399 πασχέσας
1275 1320 1334 1374 τὶ
1384 1318 1599 1396 ﬂia-Lat,
1632 1315 1805 1371 ἔθυσεν
1835 1315 2005 1388 ἑαυτῷ

339 1414 433 1469 τὸν
504 1410 701 1487 Ἀμνὸν
758 1412 850 1467 τὸν
895 1409 1125 1487 αἶ’ροητα
1166 1410 1264 1476 την
1322 1406 1577 1486 ἁμαρτίαν
1634 1415 1727 1464 τοῦ
1774 1404 1998 1484 κόσμου,

339 1503 429 1558 καὶ
455 1500 548 1558 οὒκ
593 1499 667 1557 ἔτι
699 1500 759 1557 οὔ
815 1499 893 1574 μὴ
952 1499 1211 1576 ἀποθάνῃ,
1282 1494 1419 1552 ἆ)λά
1475 1496 1610 1552 κατά
1638 1495 1736 1562 τὴν
1765 1492 1857 1568 τού
1892 1502 2000 1550 Κυ-

339 1592 452 1671 ρίου
483 1591 684 1670 φωνὴν³
716 1591 932 1661 ζήσεται
966 1590 1038 1652 εἷς
1066 1589 1158 1644 τὸν
1191 1589 1373 1644 αἰῶνα.

419 1670 520 1740 οδ’.
585 1671 643 1738 Ὀ
705 1680 765 1736 ἐκ
820 1684 1015 1757 νεκρῶν
1089 1678 1254 1757 ἔργων
1312 1676 1564 1755 ἐγερθεὶς,
1638 1680 1848 1754 Χριστῷ
1877 1696 2000 1729 συν-

2092 704 2367 748 mensura
2404 697 2463 748 et
2491 706 2660 749 sacra
2690 686 2813 748 Deo
2843 686 3087 751 oblatio.

2170 773 2269 839 73.
2306 778 2549 839 Decima
2584 777 2705 838 Deo
2753 776 2950 837 oblata
3001 781 3240 860 proprie
3290 790 3379 843 est
3425 784 3739 865 spirituale

2091 868 2327 946 pascha,
2355 864 2413 926 id
2444 876 2556 939 est,
2592 865 2876 926 transitus
2915 867 3112 929 omnis
3162 870 3400 933 habitus
3450 864 3645 938 vitiosi
3678 886 3739 939 et

2087 955 2284 1016 omnis
2312 973 2524 1017 sensus
2553 954 2939 1028 irrationalis,
2976 957 3034 1018 in
3069 977 3184 1038 quo
3216 960 3555 1026 immolatur
3584 963 3736 1028 Ver-

2087 1042 2227 1104 bum
2251 1045 2755 1123 contemplatioue
2785 1063 3007 1110 rerum.
3064 1050 3401 1112 comeditur
3448 1065 3644 1116 autem
3678 1064 3739 1118 et

2090 1135 2279 1214 ipsum
2313 1133 2370 1193 in
2402 1152 2551 1213 pane
2587 1133 2873 1207 scientiae,
2902 1142 2961 1196 et
2995 1136 3221 1199 bibitur
3251 1140 3378 1220 ejus
3405 1144 3648 1222 sanguis
3679 1146 3739 1206 in

2088 1222 2274 1312 calice
2304 1222 2519 1285 abdita
2551 1223 2881 1299 sapientiae.
2924 1224 3125 1306 Itaque
3157 1232 3497 1312 quicunque
3528 1252 3736 1296 come-

2088 1311 2463 1403 ditcelebrat
2496 1312 2637 1371 illud
2679 1314 2918 1403 pascha,
2942 1315 3058 1376 sibi
3088 1316 3354 1379 immolat
3385 1311 3600 1397 agnum
3634 1323 3739 1403 qui

2088 1399 2235 1460 tollit
2270 1411 2572 1479 peccatum
2606 1402 2835 1473 mundi,
2872 1411 2930 1463 et
2954 1406 3074 1479 jam
3111 1425 3225 1467 non
3257 1409 3567 1485 morietur,
3601 1399 3735 1488 sed,

2077 1489 2247 1568 juxta
2276 1509 2477 1552 vocem
2512 1492 2748 1554 Domini
2779 1492 2860 1568 27,
2897 1498 3048 1554 vivet
3070 1496 3128 1555 in
3155 1507 3467 1562 aeternum.

2166 1669 2264 1730 74.
2299 1666 2411 1740 Qui
2454 1688 2522 1730 ex
2562 1669 2843 1749 operibus
2888 1672 3136 1733 mortuis
3184 1676 3533 1750 resurrexit,
3594 1696 3734 1740 sur—

337 1771 566 1838 ανάστη.
628 1770 685 1826 El
734 1766 790 1824 δὲ
858 1774 1067 1842 Χριστῷ
1124 1765 1411 1832 συδανὲστη
1469 1764 1553 1820 διὰ
1596 1770 1691 1831 τῆς
1725 1764 1995 1842 γνώσεως,

2097 1758 2234 1819 rexit
2266 1778 2398 1819 cum
2433 1757 2686 1821 Christo.
2724 1758 2888 1832 Quod
2922 1762 2969 1821 si
3008 1781 3142 1822 cum
3173 1763 3406 1825 Christo
3453 1769 3730 1849 surrexit,

338 1861 567 1939 Χριστὸς
596 1856 651 1915 δὲ
708 1860 802 1914 οὒκ
860 1856 935 1913 ἔτι
992 1856 1335 1925 ἀποθνήσκει,
1393 1852 1506 1910 οὔδε
1566 1853 1722 1909 αὒτοῦ
1776 1854 1997 1915 θάνατος

2097 1849 2357 1911 Ijhristus
2389 1859 2584 1910 autem
2614 1853 2736 1928 jam
2792 1869 2909 1911 non
2948 1854 3203 1914 moritur
3224 1854 3306 1927 '28,
3340 1856 3592 1934 proinde
3627 1847 3737 1921 nec

336 1930 602 2028 ἀγνωσίας
646 1948 924 2027 κυριεύσει.
977 1930 1032 2002 "0
1088 1945 1188 2023 γὰρ
1231 1942 1456 2000 ἀπέθανε
1510 1940 1674 1999 πάλαι
1718 1948 1786 2018 τῇ
1830 1943 2002 2020 ἁμαρ-

2097 1938 2171 1998 ιΙΙί
2204 1957 2362 1998 mors
2394 1939 2743 2016 ignorantiae
2767 1930 3547 2017 ullradominabituriQuod
3576 1949 3735 2008 enim

335 2041 444 2112 τίᾳ,
504 2039 879 2117 παρακινηθεὶς
952 2040 1050 2102 τῆς
1135 2035 1271 2091 κατὰ
1328 2034 1476 2114 φύσιν
1546 2034 1825 2101 κινήσεως,
1892 2032 2000 2087 ἀπ·-

2097 2039 2350 2089 nortuus
2403 2038 2491 2090 est
2551 2029 2691 2091 ol.m
2753 2041 3015 2111 peccato.
3078 2036 3409 2097 secundum
3464 2051 3732 2100 naturam

335 2129 513 2186 ἑθανεν
557 2125 760 2208 ἐφάπαξ
809 2146 822 2159 ·
858 2128 886 2182 ὃ
941 2124 994 2182 δὲ
1053 2132 1139 2181 νῦν
1212 2131 1301 2203 ζῇ,
1361 2127 1425 2194 CF.
1494 2130 1570 2196 τῷ
1621 2129 1736 2196 Θεῴ
1788 2119 1872 2177 διὰ
1901 2123 2000 2187 τῆς

2097 2128 2297 2188 notus,
2334 2129 2600 2179 mortuus
2630 2128 2721 2181 est
2741 2123 2970 2195 semel;
3006 2124 3165 2203 quod
3206 2135 3402 2187 autem
3435 2147 3549 2188 nuc
3598 2128 3739 2191 vivit

333 2207 624 2296 ἐλευθερίας
657 2223 749 2273 τοῦ
809 2216 957 2293 ἁγίου
1023 2215 1348 2289 Πνεύματος,
1397 2222 1488 2270 τοῦ
1557 2211 1854 2289 ἐγεῖραντος
1898 2214 2000 2268 αὒ-

2097 2208 2219 2267 vivit
2253 2207 2372 2268 Deo
2408 2227 2512 2288 per
2543 2209 2876 2271 libertatem
2902 2209 3155 2292 Spiritus
3173 2218 3383 2296 sancti,
3414 2217 3514 2296 qui
3539 2218 3736 2280 susci-

330 2310 424 2365 τὸν
467 2307 529 2363 ἐκ
578 2312 684 2362 τιῦν
729 2312 925 2384 νεκρῶν
984 2304 1151 2383 ἔργων
1208 2303 1302 2371 τῆς
1361 2302 1618 2380 ἁμαρτίας
1652 2317 1664 2330 ’
1729 2301 1866 2357 ὥστε
1902 2304 1995 2358 οὒκ

2097 2298 2219 2357 tavit
2264 2298 2429 2357 illum
2473 2317 2541 2359 ex
2591 2300 2842 2360 mortuis
2888 2302 3172 2381 operibus
3231 2319 3483 2383 peccati,
3545 2307 3628 2368 ita
3672 2315 3739 2369 ut

334 2396 412 2453 ’ἐτι
462 2404 528 2473 ζῇ
584 2399 736 2462 αὒτὸς
804 2401 873 2471 τῇ
930 2397 1081 2474 σαρκὶ
1150 2394 1237 2449 καὶ
1306 2399 1383 2467 τῷ
1454 2392 1663 2469 κόσμῳ,
1725 2391 1993 2465 νεκρωθεὶς

2097 2386 2372 2465 rivatjam
2405 2407 2520 2448 non
2570 2388 2699 2465 ipse
2730 2389 2894 2449 carui
2947 2399 3006 2451 et
3058 2393 3299 2472 mundo,
3335 2401 3540 2474 utpoie
3575 2414 3737 2459 mor-

331 2501 452 2551 :qu
510 2486 693 2563 μέλεσι
762 2484 856 2542 τοῦ
924 2486 1176 2559 σώματος
1220 2486 1397 2554 αεὸτοῦ,
1460 2482 1547 2536 καὶ
1575 2494 1690 2544 τοτς
1721 2480 1993 2559 πράγμασι

332 2583 428 2633 τοῦ
476 2577 610 2653 βίου,
660 2574 796 2631 ἀλλά
852 2581 918 2651 ζῇ
946 2574 1000 2629 ἐν
1043 2577 1185 2647 αὒτῷ
1241 2575 1269 2628 6
1314 2572 1556 2650 Χριστος,
1601 2571 1674 2633 ὡς
1705 2571 1804 2624 ὑπό
1835 2570 1994 2649 χάριν

332 2687 578 2746 γεγονοτι
638 2664 943 2739 Πνεύματος
988 2663 1157 2740 ἁγίου,
1221 2662 1307 2716 καὶ
1379 2660 1473 2716 οὒκ
1524 2658 1634 2714 ὄντι
1676 2659 1777 2714 ὑπὸ
1835 2670 1993 2731 νόμον

335 2756 554 2834 σαρκὸς,
626 2752 766 2810 ὅπλα
833 2751 1167 2819 δικαιοσύνης
1206 2752 1272 2807 τὰ
1315 2748 1454 2826 μέλη
1539 2749 1696 2808 αυτοῦ
1752 2746 1995 2815 δηλονότι

334 2845 727 2927 προσαγαγόντι
762 2850 837 2919 τῷ
868 2850 984 2918 Θεῷ
1012 2845 1099 2899 καὶ
1136 2842 1318 2921 Πατρί.
1771 2907 1777 2927 τ

419 2922 615 2993 οείῚΘ
672 2935 771 3000 τῆς
841 2930 1074 2995 δουλείας
1131 2936 1235 2987 τῶν
1292 2931 1470 2987 παθεῦν
1539 2926 1889 3013 ὲλευθερῴσας
1932 2927 1999 2981 τὰ

334 3021 476 3099 μέλη
521 3020 700 3095 αύτοῦ,
771 3021 859 3077 καὶ
900 3026 969 3097 τῇ
1039 3017 1244 3092 δουλείᾳ
1297 3041 1398 3086 της
1455 3016 1790 3083 δικαιοσύνης
1821 3038 1999 3094 παρα-

337 3112 539 3180 στήσας
569 3110 726 3190 αὗτὰ,
786 3111 859 3172 εἷς
896 3110 1161 3189 ἁγιασμὸν
1208 3109 1507 3184 [Ινεύματος
1568 3106 1717 3184 ὁ.γῖου
1759 3105 2000 3185 προσήγ-

337 3221 511 3280 γισεν,
554 3200 686 3277 ὑπὲρ
715 3199 805 3255 τὸν
845 3198 1006 3272 νόμον
1076 3199 1176 3265 τῆς
1235 3199 1428 3278 σαρκὸς
1484 3195 1744 3275 γεγονώς.
1779 3196 1879 3253 Καὶ
1908 3196 1999 3251 οὐκ

2081 2486 2215 2537 tuus
2242 2475 2401 2537 curis
2430 2476 2523 2537 sui
2551 2479 2817 2558 corporis
2862 2490 2920 2541 et
2968 2480 3148 2541 rebus
3194 2483 3347 2552 vitae,
3390 2484 3542 2545 vivat
3590 2503 3734 2549 vero

2080 2565 2350 2629 Christus
2395 2566 2456 2625 in
2510 2585 2603 2637 eo,
2661 2568 2882 2647 quippe
2932 2568 3034 2649 qui
3084 2570 3193 2631 sub
3238 2573 3425 2648 gratia
3482 2574 3738 2653 Spiritus

2080 2655 2288 2718 sancti.
2354 2674 2469 2717 non
2521 2674 2663 2717 vero
2720 2659 2843 2718 sola
2898 2659 3030 2737 lege
3085 2662 3281 2722 carnis
3336 2663 3734 2741 sonstituitur,

2080 2763 2185 2805 sua
2235 2744 2512 2806 videlicet
2559 2748 2830 2809 membra
2886 2766 3052 2811 arma
3103 2751 3349 2827 justitiaa
3395 2751 3519 2815 Deo
3578 2753 3740 2817 Patri

2081 2833 2360 2897 exhibet.

2164 2924 2259 2984 75.
2297 2922 2409 2996 Qui
2454 2942 2489 2984 a
2533 2923 2923 3004 cupiditatum
2973 2928 3260 2991 servitute
3305 2949 3413 2992 sua
3469 2932 3740 2995 membra

2083 3015 2303 3077 exemit
2330 3033 2517 3094 eaque
2541 3014 2807 3077 servituti
2830 3016 3078 3095 justitiae
3124 3019 3404 3100 subjecit,
3454 3021 3526 3082 ad
3558 3039 3738 3086 sanc-

2082 3104 2335 3165 tuarium
2389 3102 2642 3185 Spiritus
2690 3105 2879 3165 sancti
2931 3107 3210 3187 accessit,
3245 3110 3374 3187 lege
3405 3110 3602 3171 carnis
3631 3130 3738 3172 su-

2085 3194 2281 3273 perior
2312 3192 2519 3255 factus.
2559 3192 2627 3253 Et
2651 3202 2959 3273 peccatum
2991 3195 3077 3257 illi
3109 3196 3264 3258 ultra
3312 3218 3430 3259 non
3462 3200 3742 3262 domina-

336 3289 416 3346 ἔτι
476 3289 706 3369 ἁμαρτία
772 3288 1029 3367 κυριεύσει
1078 3287 1258 3367 αὐτοῦ,
1332 3292 1399 3363 τῇ
1454 3285 1714 3362 ἐλευθερίᾳ
1781 3285 1869 3340 καὶ
1924 3289 2001 3357 τῷ

2097 3282 2266 3354 nitur,
2300 3290 2503 3360 utpote
2533 3280 2591 3341 in
2620 3280 2894 3346 libertate
2917 3293 2976 3345 et
3005 3283 3114 3345 sub
3148 3286 3276 3363 lege
3306 3288 3494 3347 sancti
3543 3286 3739 3368 Spiri-

333 3380 485 3455 νόμῳ
538 3377 899 3459 σχολάζοντος
950 3385 1043 3434 τοῦ
1100 3378 1402 3454 Πνεύματος
1435 3392 1449 3407 ⁸
1485 3379 1544 3432 οὗ
1597 3376 1697 3454 γὰρ
1726 3374 1905 3453 ὥσπερ
1932 3375 2000 3429 τὰ

2097 3379 2176 3431 ius
2206 3369 2631 3451 requiescenti.
2676 3371 2800 3432 Nec
2827 3372 2985 3432 enim
3022 3373 3218 3454 qualia
3244 3374 3549 3436 servitutis
3573 3376 3741 3456 cupi-

330 3466 464 3535 τέλη
495 3473 592 3535 τῆς
623 3465 856 3531 δουλείας
910 3474 1015 3523 τῶν
1061 3470 1267 3547 παθῶν,
1314 3465 1451 3524 οὕτω
1506 3465 1594 3520 καὶ
1636 3465 1701 3519 τὰ
1742 3462 1872 3529 τέλη
1902 3462 1999 3529 τῆς

2097 3459 2327 3520 litatum
2359 3459 2696 3531 novissima,
2735 3460 2872 3521 talia
2902 3470 3042 3523 sunt
3076 3463 3396 3526 novissima
3439 3465 3741 3527 servitutis

333 3556 569 3621 δουλείας
598 3560 699 3625 τῆς
746 3555 1080 3623 δικαιοσύνης
1116 3575 1129 3589 ’
1190 3555 1373 3612 ἐκεῖνα
1402 3555 1501 3630 μὲν
1556 3554 1656 3632 γὰρ
1701 3555 1774 3617 εἰς
1804 3553 1998 3619 νοητὸν

2097 3549 2363 3623 iustitiae;
2424 3548 2718 3629 siquidem
2798 3550 2897 3609 illa
2966 3550 3026 3611 in
3098 3550 3468 3632 spiritualem
3525 3555 3741 3615 animae

334 3646 548 3726 ὄλεθρον
621 3646 818 3728 πέφυκε
875 3645 1060 3724 λήγειν
1119 3650 1325 3725 ψυχῆς,
1372 3652 1559 3701 ταῦτ-ι
1606 3641 1683 3722 δὲ,
1744 3643 1817 3705 είς
1856 3642 1999 3712 ζωὴν

2108 3647 2370 3699 acturam
2410 3638 2714 3711 desinunt,
2775 3639 2900 3700 haec
2947 3659 3091 3701 vero
3140 3641 3422 3705 desinunt
3469 3642 3528 3703 in
3562 3644 3739 3704 vitam

335 3736 546 3794 αἰώνιον
603 3735 822 3809 τελευτᾷ
875 3736 975 3803 τὴν
1030 3735 1400 3815 κεκρυμμένην
1457 3734 1512 3789 ἐν
1570 3735 1781 3812 Χριστῴ
1826 3731 2001 3798 ἰησοῦ

2097 3737 2365 3789 eternam
2383 3746 2518 3806 quae
2537 3728 2887 3790 abscondita
2901 3738 2990 3790 est
3020 3730 3080 3790 in
3112 3730 3347 3793 Christo
3367 3730 3509 3793 Jesu
3530 3731 3738 3793 Domi-

335 3832 416 3901 τῷ
447 3826 620 3902 Κυρίῳ
646 3828 823 3901 ἡμῶν.

2097 3835 2163 3878 no
2198 3827 2427 3878 nuslro.

416 3904 549 3989 og'.
589 3907 648 3973 Ὀ
692 3917 852 3991 νόμος
881 3920 980 3982 τῆς
1003 3916 1195 3995 σαρκὸς
1227 3912 1307 3994 ἐφ’
1353 3912 1477 3970 ὅσον
1508 3914 1704 3993 χρόνον
1734 3918 1800 3989 ζῇ
1842 3915 1870 3968 6
1901 3912 1999 3969 ἅν-

2164 3910 2266 3968 76.
2315 3908 2430 3969 Lex
2488 3907 2707 3981 carnis,
2760 3914 2977 3988 quanto
3037 3916 3304 3988 tempore
3355 3910 3500 3972 vivit
3556 3912 3737 3974 homo

331 4009 545 4085 θρωπος
615 4005 903 4083 σαρκικῶς,
965 4005 1186 4077 κυριεύει
1264 4006 1444 4083 αὖτοῦ,
1504 4003 1592 4058 ἐὰν
1652 4000 1706 4058 δὲ
1763 4001 2002 4076 ἀποθάνῃ

2097 3998 2429 4076 carnaliter,
2462 3996 2803 4059 dominatur
2836 3998 2920 4058 illi
2948 4019 2963 4071 °,
2994 3997 3046 4059 si
3076 4010 3280 4061 autem
3331 4011 3524 4063 morte
3574 4019 3742 4063 mor-

332 4095 424 4153 καὶ
484 4097 720 4170 νεκρωθῇ
768 4094 845 4168 τῷ
899 4094 1109 4173 κόσμῳ,
1167 4106 1517 4173 καταργεῖται
1575 4092 1681 4149 ἀπὸ
1710 4099 1801 4147 τοῦ
1828 4092 2002 4166 μὸμου

2097 4097 2224 4150 tuus
2275 4087 2451 4148 fuerit
2499 4086 2743 4160 mundo,
2803 4088 2996 4167 legem
3044 4089 3243 4150 carnis
3288 4099 3554 4171 evacuat,
3591 4092 3743 4153 mori

335 4189 500 4252 αὐτῆς
562 4201 578 4215 ⁸
640 4183 815 4247 ἄλλως
872 4181 926 4239 δὲ
983 4188 1307 4263 νεκρωθῆναι
1365 4191 1442 4259 τῷ
1483 4183 1671 4257 κόσμῳ
1711 4182 1806 4239 οὒκ
1836 4180 2002 4263 ἔστιν,

2097 4187 2285 4239 autem
2317 4176 2541 4237 mundo
2588 4196 2703 4238 non
2748 4196 3087 4257 possumus,
3131 4182 3271 4259 quin
3306 4181 3526 4241 mortui
3557 4181 3747 4244 simus

335 4276 383 4332 ei
426 4275 504 4350 μὴ
558 4287 677 4337 τοῖς
736 4272 919 4348 μέλεσι
980 4274 1326 4353 νεκρωθῶμεν
1397 4279 1490 4329 τοῦ
1558 4272 1833 4347 σώματος.
1900 4282 2002 4329 Νε-

2097 4267 2252 4329 curis
2273 4266 2562 4346 corporis;
2598 4266 2690 4327 his
2718 4273 2918 4327 autem
2950 4268 3262 4344 morimur,
3296 4289 3430 4331 cum
3481 4270 3745 4350 Spiritus

334 4363 596 4445 κρούμὲθα
644 4362 697 4419 δὲ
768 4364 993 4437 τούτοις,
1053 4361 1179 4420 ὅταν
1237 4362 1460 4442 μέτοχοι
1530 4369 1624 4419 τοῦ
1656 4362 1804 4439 ἁγίου
1850 4360 2002 4418 [Ινεύ.

2097 4356 2283 4418 sancti
2315 4356 2490 4417 timus
2540 4356 2898 4435 participes;
2934 4365 2989 4416 et
3021 4358 3281 4436 Spiritus
3331 4359 3521 4421 sancti
3551 4359 3742 4439 parti-

336 4476 504 4533 ματος
534 4453 980 4533 χρηματίσωμεν,
1060 4453 1363 4528 ῐΙνεύματος
1421 4449 1476 4508 δὲ
1532 4452 1681 4530 ἁγίου
1712 4450 1831 4507 τότε
1864 4450 1987 4506 εἶνα

2097 4447 2259 4527 cipes
2304 4464 2436 4507 esse
2471 4447 2840 4525 agnocimur,
2890 4464 3021 4507 cum
3080 4446 3310 4508 fructus
3341 4448 3553 4527 dignos
3601 4448 3739 4529 Spi-

336 4542 701 4623 γνωρίζόμεθα
751 4541 999 4623 μέτοχοι,
1047 4540 1173 4598 ὅταν
1205 4542 1439 4621 καρποὺς
1470 4538 1639 4605 ἀξίους
1688 4540 1781 4596 τοῦ
1836 4538 2002 4595 Πνεύ-

2097 4538 2242 4598 ritus
2303 4535 2492 4596 sancti
2545 4534 2940 4615 proferimus,
2991 4554 3212 4617 nempe
3272 4538 3622 4600 charitatem
3681 4539 3744 4601 in

339 4655 508 4711 ματος
560 4631 943 4711 προσφέρωμεν
1008 4638 1087 4707 τῷ
1145 4637 1284 4704 Θεῷ,
1357 4630 1573 4707 ἀγάπην
1632 4630 1703 4694 εἷς
1758 4629 1887 4684 Θεὸν
1957 4624 2002 4691 ἐξ

2097 4628 2283 4689 Deum
2317 4642 2386 4685 ex
2419 4632 2536 4685 tota
2556 4624 2754 4684 anima
2777 4632 2835 4685 et
2866 4623 2924 4684 in
2949 4624 3281 4704 proximum
3308 4644 3377 4688 ex
3399 4626 3747 4690 sinceritate

338 4722 473 4789 ὅλης
505 4722 691 4801 ψυχῆς
722 4721 811 4777 καὶ
853 4722 926 4785 εἰς
955 4722 1048 4778 τὸν
1098 4719 1327 4788 πλησίον
1384 4719 1444 4776 ἐκ
1498 4716 1802 4792 διαθέσεως,
1837 4718 2002 4798 χαρὰν

2097 4714 2314 4795 cordis,
2343 4711 2621 4790 gaudium
2647 4711 2844 4773 cordis
2866 4731 2935 4773 ex
2955 4731 3102 4793 pura
3121 4715 3507 4792 conscientia,
3537 4735 3745 4797 pacem

336 4809 551 4893 καρδίας
630 4811 692 4867 ἐκ
758 4813 989 4891 καθαρᾶς
1043 4809 1394 4881 συνειδήσεως
1446 4809 1659 4889 εἱρῆνην
1716 4812 1903 4887 ψυχῆς
1958 4807 2002 4883 ἐξ

2097 4806 2308 4867 animae
2336 4823 2405 4866 ex
2437 4801 2915 4893 impassibilitate
2946 4816 3007 4893 et
3030 4804 3385 4893 humilitate,
3418 4807 3744 4868 bonitatem

338 4901 618 4974 ἀπαθείας,
691 4900 780 4956 καὶ
834 4900 1229 4975 ταπεινώσεως,
1318 4899 1664 4979 ἀγαθωσύνην
1741 4903 1849 4955 τῶν
1920 4909 2016 4959 τοῦ

339 4993 462 5053 νοὸς
495 4988 792 5071 λογισμῶν,
820 4991 1182 5069 μακροθυμίαν
1211 4988 1266 5045 ἐν
1309 5002 1434 5053 ταῖς
1489 4987 1696 5064 θλίψεσι
1764 4987 1853 5043 καὶ
1896 4998 2015 5047 τοῖς

338 5093 658 5159 πειραμοῖς,
718 5079 1068 5159 χρηστότητα
1138 5079 1192 5136 ἐν
1244 5085 1316 5157 τῇ
1371 5076 1677 5155 καταστολῇ
1706 5077 1813 5133 τῶν
1840 5077 2011 5155 ἡθῶν,

340 5173 517 5229 πίστιν
576 5167 867 5227 ἐνδιάθετον
924 5171 997 5234 είς
1056 5171 1188 5227 Θεὸν
1259 5170 1347 5227 καὶ
1408 5168 1486 5243 μη
1541 5166 1882 5238 διστάζουσαν
1954 5164 2008 5222 ἔν

341 5282 472 5336 τινι,
501 5258 778 5338 πραότητα
830 5256 891 5315 ἐκ
972 5259 1455 5340 ταπεινοφροσύνης
1512 5259 1601 5315 καὶ
1655 5254 2004 5340 κατανῦξεως,

342 5351 434 5408 καὶ
490 5349 829 5426 περιεκτικὴν
887 5338 1241 5427 ἐγκράτειανήν
1298 5351 1404 5405 τῶν
1487 5348 1801 5414 αίσθὴσεων.
1858 5338 2008 5405 ’ὺταν

346 5437 487 5497 οὕτω
538 5438 1032 5519 καρποφορήσωμεν
1091 5445 1168 5513 τῷ
1218 5445 1357 5513 Θεῷ,
1417 5436 1517 5504 ἔξω
1542 5436 1708 5512 νόμου
1753 5433 2009 5509 τελοῦμει

345 5530 564 5607 σαρκὸς,
634 5529 724 5584 καὶ
794 5527 889 5584 οὒκ
932 5526 1041 5585 ἔστι
1111 5528 1229 5585 καθ’
1320 5529 1476 5605 ἡμῶν
1547 5528 1710 5603 νόμος
1768 5523 2008 5596 κολάζων

344 5620 491 5695 ἡμᾶς
521 5614 607 5673 διὰ
660 5617 782 5682 τοὺς
842 5618 1099 5698 καρποὺς,
1164 5616 1250 5683 ούς
1313 5616 1390 5675 ἔτι
1442 5623 1635 5691 ζῶντες
1708 5620 1776 5692 τῇ
1832 5616 2005 5696 σαρκὶ,

436 5809 490 5856 τ’
517 5811 694 5879 Joan.
728 5772 808 5891 vi,
842 5812 941 5881 52.
1026 5812 1081 5861 ³⁸
1111 5817 1285 5883 Rom.
1318 5833 1399 5898 v1,
1437 5819 1500 5886 9.

2097 4893 2518 4974 cogitationum
2575 4890 2810 4964 mentis,
2862 4891 3207 4972 patientiam
3243 4894 3304 4955 in
3339 4894 3745 4958 tribulationi-

2098 4983 2210 5045 bus
2237 5002 2306 5045 ac
2342 4980 2787 5061 tentationibus,
2820 4980 3246 5063 benignitatem
3278 4984 3341 5045 in
3374 4984 3745 5047 moderatio-

2095 5092 2172 5136 ne
2205 5091 2460 5146 morum,
2488 5071 2666 5133 fidem
2697 5071 2758 5132 in
2788 5074 2977 5135 Deum
3002 5072 3298 5135 sinceram
3323 5082 3383 5135 et
3407 5075 3750 5137 nullatenus

2093 5164 2510 5237 haesitantem,
2573 5162 3094 5226 mansuetudinem
3171 5183 3243 5226 ex
3301 5165 3633 5229 humilitate
3690 5173 3752 5229 et

2094 5254 2578 5335 compunctione,
2614 5260 2673 5313 et
2701 5253 2970 5314 omnium
3001 5271 3243 5316 sensum
3294 5255 3743 5317 continentiam.

2092 5344 2241 5406 Cum
2275 5344 2420 5407 tales
2451 5345 2572 5405 Deo
2593 5340 2816 5403 fructus
2846 5342 3175 5419 offerimus,
3202 5344 3499 5407 efﬁcimur
3514 5344 3696 5407 alieni
3716 5362 3752 5406 a

2092 5433 2223 5511 lege
2252 5434 2469 5508 carnis,
2532 5450 2644 5493 nec
2697 5439 2787 5493 est
2833 5433 3116 5494 adversus
3154 5451 3265 5495 nos
3306 5433 3402 5495 lex
3458 5434 3753 5513 castigans

2093 5531 2338 5605 propter
2361 5523 2586 5585 fructus
2615 5540 2766 5602 quos
2795 5522 2990 5584 adhuc
3011 5521 3274 5584 viventes
3311 5524 3371 5585 in
3404 5543 3586 5586 carne
3612 5544 3751 5605 pro-

2095 5613 2344 5676 tulimus
2381 5612 2590 5675 mortis
2619 5611 2915 5690 articulo;
2950 5612 3219 5677 evacuati
3267 5614 3429 5676 enim
3481 5633 3689 5678 sumus
3717 5632 3752 5677 a
