4144 6380
451 366 570 433 895
1768 363 2074 430 ΝΙΟΕΤιΕ
2114 361 2550 429 ΡΕΟΤΟΗΑΤΙ

452 498 585 580 lege
640 502 859 573 carnis.
919 501 1020 585 qui
1072 520 1141 563 ex
1203 497 1453 561 mortuis
1505 495 1790 578 operibus
1846 516 2102 559 consur-

2187 497 2696 580 ξκαδποφορήσαμεν
2764 510 2842 579 τῷ
2923 504 3133 580 θανάτῳ
3192 524 3208 540 ⁸

453 591 716 655 reximus
790 593 1024 657 Christo
1082 609 1189 673 per
1244 589 1577 650 libertatem
1650 586 1907 668 Spiritus
1962 606 2105 649 san-

455 681 530 741 ειί
562 681 646 745 ἓξ),
1526 698 1531 703 ν
2189 676 2405 763 στάντες
2436 685 2668 755 Χριστῳ,
2715 677 2800 737 διὰ
2829 685 2927 751 τῆς
2959 681 3249 763 ἐλευθερίας
3279 692 3372 742 τοῦ
3404 676 3726 761 Πνεῦματος.

536 770 631 835 '17.
665 771 779 846 Qui
810 770 1101 852 primitias
1123 768 1379 849 Spiritus
1407 785 1510 847 per
1533 767 1827 829 lavacrum
1860 787 2102 847 regene-

2270 756 2369 837 οζ’.
2402 771 2460 825 Οἱ
2492 772 2592 838 τήν
2621 771 2876 852 ἀπαρχὴν
2919 781 3010 829 τοῦ
3070 756 3368 851 πνείματος
3414 775 3498 832 διὰ
3646 775 3836 855 παλιγ-

448 864 698 924 rationis
742 864 1101 942 habuerunt,
1156 879 1375 940 easque
1418 867 1811 919 servaverunt
1845 858 1928 918 int
1970 877 2102 937 gras

2187 856 2442 946 Yevssixc
2481 869 2573 946 τοῦ
2640 859 2860 941 λουτροῦ
2952 860 3274 945 ἐσχηκότες,
3352 867 3441 922 καὶ
3496 867 3836 946 τετηρηκότες

451 952 563 1031 illi,
596 953 753 1014 mole
779 951 1051 1024 corporis
1083 950 1272 1031 pressi
1324 949 1479 1008 intra
1539 965 1605 1009 se
1634 957 1881 1025 gemunt
1909 967 1943 1008 a
1969 954 2100 1027 lop-

2186 944 2351 1011 αὐτὴν
2411 944 2695 1029 ἄσϐεστον,
2770 952 2917 1008 αὖτοὶ
2948 959 3023 1026 τῷ
3046 944 3056 1026 γ’
3078 953 3225 1033 βάρει
3262 944 3377 1021 τῆς
3400 958 3593 1033 σαρκὸς
3629 944 3833 1024 ⁷πιεζό-

451 1040 675 1102 tionem
731 1041 988 1103 ﬁliorum
1043 1058 1150 1120 per
1202 1034 1630 1119 plenitudinem
1674 1035 1956 1096 Paracleti
1990 1054 2101 1097 ex-

2185 1053 2358 1120 μενοι,
2419 1034 2473 1090 ἐν
2532 1037 2743 1103 ἑαυτοῖς
2788 1041 3116 1118 στενάζουσι,
3185 1043 3285 1111 τήν
3328 1045 3586 1101 υἱοθεσίαν
3642 1040 3723 1099 διὰ
3748 1047 3836 1110 τῆς

452 1140 815 1210 spectantes,
848 1131 987 1190 dum
1021 1119 1192 1190 suum
1224 1145 1441 1206 corpus
1472 1144 1506 1185 a
1535 1125 1820 1186 servitute
1851 1144 2100 1206 corrup-

2184 1119 2513 1196 πληρώσεως
2557 1134 2649 1183 τοῦ
2720 1127 3069 1207 Παρακλήτου
3124 1130 3572 1213 ἀπεκδεχόμενοι,
3616 1130 3704 1187 ’ίνα
3743 1152 3831 1197 την

457 1209 637 1280 tionis
663 1223 918 1280 solutum
955 1218 1211 1278 videant.
1270 1216 1520 1295 Adjuvat
1576 1214 1736 1276 enim
1779 1216 2102 1276 naturalem

2192 1209 2557 1291 ἀπολύτρωσιν
2601 1223 2692 1273 τοῦ
2761 1217 2890 1273 ἰδίου
2946 1222 3102 1278 αὐτὸν
3161 1209 3409 1297 σώματος
3456 1209 3568 1278 ἀπὸ
3589 1224 3685 1289 τῆς
3721 1215 3829 1275 δου-

459 1328 667 1370 eorum
713 1308 1115 1370 inﬁrmitatem
1166 1305 1447 1386 Spiritus,
1492 1313 1549 1364 et
1600 1305 1856 1384 postulat
1887 1324 1992 1385 pro
2024 1309 2102 1366 eis

2193 1297 2335 1365 λείας
2379 1302 2475 1371 τῆς
2504 1309 2698 1385 φθορᾶς
2742 1305 2897 1363 ἴδωσι
2930 1323 2944 1338 ·
3019 1310 3557 1388 συναντιλαμϐάνεται
3598 1311 3695 1387 γὰρ
3720 1307 3836 1370 ταῖς

454 1397 772 1477 gemitibus
832 1398 890 1459 in
942 1395 1441 1459 inenarrabilibus
1468 1394 1553 1473 30,
1590 1398 1729 1474 quia
1780 1397 2102 1457 secundum

2193 1404 2441 1470 φυσικαῒς
2486 1398 2660 1452 autem
2703 1396 2993 1462 ἀσθενείαις
3021 1401 3083 1456 τὸ
3142 1407 3387 1482 Πνεῦμα,
3413 1402 3500 1457 καὶ
3544 1396 3836 1477 ἐντυγχάνει

455 1489 646 1548 Deum
680 1486 941 1567 cogitant
961 1496 1022 1547 et
1046 1504 1151 1566 spe
1184 1504 1290 1545 sua
1314 1492 1658 1564 exspectant
1681 1483 1873 1545 donec
1903 1484 1960 1545 in
1989 1503 2102 1545 car-

2197 1477 2326 1559 ὑπὲρ
2355 1485 2527 1540 αὐτῶν
2555 1499 2881 1564 στεναγμοῖς
2938 1486 3248 1570 ἀλαλήτοις,
3297 1477 3379 1547 ὅτι
3408 1490 3546 1545 κατά
3574 1488 3699 1544 Θεὸν
3737 1483 3838 1539 ἐστι

456 1594 534 1637 ne
564 1594 669 1637 sua
698 1575 930 1637 mortali
961 1575 1201 1636 videant
1233 1573 1488 1635 ﬁliorum
1523 1572 1629 1635 Dei
1658 1573 2102 1647 revelationem,

2197 1570 2258 1624 τὸ
2287 1569 2534 1649 φρόνημα
2576 1574 2773 1655 αὖτῶν,
2805 1577 2892 1633 καὶ
2958 1578 2993 1646 ἡ
3050 1569 3251 1636 τούτων
3307 1578 3482 1650 ἐλπὶς,
3513 1579 3610 1645 τὴν
3650 1574 3841 1631 ἀποκά-

457 1682 587 1745 quaa
644 1672 732 1726 est
787 1663 1091 1726 viviﬁcans
1138 1660 1282 1724 Jesu
1333 1661 1734 1737 mortiﬁcatio,
1766 1671 1831 1724 ut.
1889 1669 1949 1723 et
1996 1661 2102 1742 ipsi

2196 1655 2353 1734 λυψιν
2380 1658 2656 1742 ἐκδέχεται
2685 1662 2815 1720 ἰδεῖν
2858 1664 2912 1720 ἐν
2955 1671 3023 1743 τῇ
3070 1671 3239 1745 θνητῇ
3296 1669 3498 1725 ἑαυτῶν
3567 1664 3714 1744 σαρκὶ
3740 1663 3837 1717 τῶν

453 1753 600 1815 ﬁant
629 1753 736 1815 ﬁlii
765 1753 894 1830 Dei,
925 1753 1147 1834 quippe
1178 1751 1281 1832 qui
1326 1750 1535 1831 spiritu
1582 1749 1686 1812 Dei
1737 1759 1994 1830 aguntur
2017 1751 2102 1831 3|,

2193 1750 2315 1804 υἱῶν
2369 1757 2462 1806 τοῦ
2545 1759 2699 1831 Θεοῦ,
2769 1752 2885 1821 ἥτις
2941 1755 3080 1812 ἐστὶν
3118 1760 3152 1825 ἡ
3223 1759 3484 1829 ζωοποιὸς
3553 1760 3646 1811 τοῦ
3672 1750 3842 1819 ’1ησοῦ

454 1853 636 1925 utque
666 1845 1056 1907 liberentura
1082 1842 1365 1905 servitute
1418 1842 1635 1917 carnis,
1687 1849 1746 1903 et
1787 1853 2102 1904 occurrant

2191 1836 2441 1916 νέκρωσις
2490 1860 2505 1876 ⁶
2579 1841 2673 1899 ’ίνα
2726 1844 2826 1902 υἱοὶ
2882 1851 3015 1902 Θεοῦ
3075 1848 3147 1913 ὡς
3202 1848 3306 1904 ὑπὸ
3362 1848 3670 1921 Πνεύματος
3698 1840 3840 1918 ἁγίου

461 1933 522 1995 in
554 1934 888 1996 libertatem
922 1932 1128 2010 gloria;
1170 1931 1427 1992 ﬁliorum
1480 1929 1612 2006 Dei,
1658 1930 1875 2012 quibus
1906 1941 2102 2014 utpote

2189 1926 2463 2004 ἀγόμενοι,
2501 1933 2877 2011 χρηματίσωσι
2945 1936 3034 1991 καὶ
3089 1937 3253 2016 αὐτοὶ,
3311 1938 3402 1994 καὶ
3442 1934 3841 2012 ἐλευθερωθῶσιν

455 2022 645 2085 Deum
706 2021 1090 2103 diligentibus
1134 2020 1364 2102 ljomnia
1396 2029 1824 2101 _cooperantur
1878 2021 1939 2082 in
1996 2021 2102 2083 bo-

2189 2018 2296 2075 ἀπὸ
2324 2020 2422 2089 τῆς
2473 2020 2707 2088 δουλείας
2789 2029 2888 2094 τῆς
2947 2029 3141 2107 σαρκὸς
3199 2030 3287 2085 καὶ
3341 2028 3742 2095 καταντήσωσιν
3769 2022 3840 2082 εἰς

453 2132 597 2175 num
626 2112 705 2175 32.
2188 2109 2289 2165 τὴν
2331 2108 2621 2191 ἐλευθερίαν
2670 2113 2767 2182 τῆς
2826 2112 2981 2182 δόξης
3036 2122 3142 2174 τῶν
3184 2118 3384 2175 τέκνων
3441 2127 3535 2177 τοῦ
3575 2119 3725 2184 Θεοῦ,
3753 2108 3839 2171 οἷς

613 2245 617 2249 ~
2191 2200 2265 2261 ὡς
2296 2199 2542 2287 ἀγαπῶσι
2586 2204 2675 2260 τὸν
2724 2206 2876 2285 Θεὸν,
2938 2207 3113 2263 πάντα
3155 2223 3404 2287 συνεργεῖ
3432 2210 3507 2271 εἷς
3538 2208 3599 2262 τὸ
3627 2199 3837 2280 ἀγαθόν.

536 2292 638 2356 78.
670 2294 818 2354 Cum
853 2289 1245 2372 spiritualiter
1272 2288 1638 2369 intelligatur
1668 2289 1866 2353 divina
1899 2290 2102 2371 Scrip-

2272 2282 2383 2357 on'.
2445 2297 2823 2367 Πνευματικῶς
2860 2282 3459 2375 ’συγκρινομένης-τῆς
3513 2295 3651 2356 θείας
3706 2294 3742 2346 Γ
3746 2309 3839 2367 ρα-

456 2388 589 2443 tura
624 2391 681 2443 et
714 2379 1125 2461 spiritualibus
1171 2379 1514 2440 revelentur
1544 2379 1672 2459 ejus
1706 2380 1969 2440 thesauri
2000 2397 2102 2461 per

2189 2379 2312 2458 φὴς,
2373 2381 2460 2436 καὶ
2543 2396 2923 2458 πνευματικοῖς
3007 2384 3525 2462 ἀνακαλυπτομένῶν

458 2470 742 2552 Spiritum
776 2479 1069 2537 sanctum,
1106 2487 1224 2529 non
1262 2476 1452 2547 potest
1481 2469 1755 2530 animalis
1788 2469 1963 2529 homo
1994 2487 2102 2530 eo-

2189 2469 2321 2545 αὖτῇ
2372 2472 2648 2548 θησαυρνῦν
2703 2469 2788 2527 διὰ
2844 2480 2936 2529 τοῦ
3007 2475 3311 2549 Πνεῦματος
3383 2481 3477 2533 τοῦ
3531 2472 3700 2552 ἁγίου,
3783 2462 3837 2519 οὗ

456 2578 592 2622 rum
624 2559 1046 2622 revelationem
1089 2576 1329 2638 capere,
1363 2557 1658 2638 siquidem
1693 2566 1908 2637 prmter
1937 2558 2102 2636 cogi-

2187 2553 2395 2614 δύναται
2465 2561 2697 2639 ψυχικὸς
2767 2558 3036 2633 ἅνθρωπος
3132 2563 3229 2630 τὴν
3252 2565 3453 2621 τούτων
3523 2557 3839 2630 ἀνακάλυψιν

456 2649 749 2711 talionum
782 2666 1025 2710 suarum
1057 2647 1279 2708 seriem
1314 2647 1463 2707 nihil
1512 2646 1671 2708 aliud
1725 2650 1875 2708 valet
1903 2647 2102 2708 videre

2188 2643 2448 2710 δέξασθαι.
2484 2648 2649 2705 Πλέον
2674 2654 2772 2716 τῆς
2816 2650 3122 2716 ἀκολουθίας
3182 2659 3289 2709 τῶν
3347 2655 3507 2710 αῦτοῦ
3548 2650 3833 2726 λογισμῶν»

454 2738 548 2800 vel
574 2739 781 2800 audire
810 2736 883 2798 ab
911 2737 1025 2797 alio
1057 2734 1308 2810 dictum,
1342 2752 1536 2815 neque
1568 2734 1726 2796 enim
1760 2735 1817 2795 in
1840 2754 1903 2797 se
1930 2735 2102 2798 habet

2190 2735 2268 2810 μὴ
2319 2734 2748 2817 καταδεχόμενος
2806 2738 2980 2820 ἕτερὸν
3049 2764 3100 2798 τι
3154 2747 3341 2809 νοῆσαι
3384 2749 3421 2811 ἦ
3474 2743 3688 2799 ἑκοῦσαι
3735 2751 3835 2809 παρ

456 2825 566 2889 Dei
610 2824 894 2907 Spiritum
939 2834 1303 2887 scrutantem
1358 2824 1649 2905 prpfunda
1682 2822 1876 2897 Dei33,
1912 2835 1969 2886 et
1997 2845 2102 2887 co-

2189 2824 2365 2904 ἐτέρου
2394 2824 2684 2904 λεγόμενον
2722 2849 2735 2863 ·
2767 2827 2883 2886 οῦδὲ
2914 2831 3013 2909 γὰρ
3070 2829 3188 2911 ἐχει
3245 2834 3307 2888 τὸ
3339 2839 3554 2907 Πνεῦμα
3583 2833 3675 2884 τοῦ
3715 2827 3838 2879 Θεοῦ

453 2923 840 2996 gnoscentem
872 2931 971 2975 res
999 2912 1253 2984 divinas,
1289 2914 1393 2974 sed
1427 2914 1702 2995 spiritum
1748 2914 1953 2975 mundi
1979 2916 2102 2977 zelo

2190 2913 2242 2970 ἐν
2273 2915 2437 2995 αυτῷ,
2467 2917 2527 2972 τό
2555 2915 2774 2995 ἐρευνῶν
2804 2920 2869 2975 τὰ
2924 2921 3061 2995 βάθη
3104 2930 3197 2979 τοῦ
3240 2928 3396 2991 Θεοῦ,
3456 2921 3546 2978 καὶ
3588 2919 3836 2995 γινῶσκον

458 3012 522 3068 et
566 3003 792 3065 invidia
838 3002 1341 3083 contentioneque
1388 3011 1448 3064 et
1497 3002 1803 3065 discordia
1833 3004 2099 3085 plenum,

2184 3006 2249 3063 τὰ
2276 3014 2369 3062 τοῦ
2414 3013 2565 3075 Θεοῦ,
2601 3005 2738 3065 ἀλλά
2788 3011 2849 3065 τὸ
2904 3018 3111 3085 πνεῦμα
3168 3018 3261 3069 τοῦ
3318 3012 3525 3087 κόσμου
3556 3010 3615 3064 τὸ
3642 3002 3836 3060 ὑλικὸν.

456 3103 825 3176 quapropter
870 3090 1084 3153 stultus
1115 3099 1205 3153 est
1235 3091 1294 3154 in
1326 3094 1645 3155 scrutando
1678 3111 1917 3155 sensum
1955 3101 2014 3156 et
2041 3095 2099 3154 in

2184 3096 2246 3150 τὸ
2274 3093 2436 3165 ζήλου
2466 3096 2552 3152 καὶ
2622 3098 2811 3177 φθόνου
2894 3101 3111 3174 μεστὸν,
3162 3097 3325 3179 ἔριδός
3367 3121 3425 3157 τε
3458 3101 3547 3156 καὶ
3588 3092 3838 3174 διχοστα-

454 3182 868 3262 investigando
898 3189 1160 3244 mentem
1192 3181 1535 3263 Scripturze.
1570 3181 1717 3245 Cum
1759 3183 1919 3245 enim
1948 3184 2102 3245 scire

2184 3185 2299 3249 σίας
2340 3183 2641 3260 ἀνάπλεων,
2717 3189 2778 3245 οὗ
2834 3188 2991 3269 χάριν
3048 3190 3139 3245 καὶ
3194 3190 3369 3269 μωρία
3419 3195 3566 3264 αὖτῷ
3622 3185 3750 3255 ἐστι,
3782 3179 3840 3233 τὸ

454 3282 712 3355 nequeat
773 3270 1164 3353 spiritualiter
1228 3271 1546 3352 dijudicari
1615 3292 1984 3355 quaecunque
2039 3274 2102 3335 in

2184 3275 2284 3341 τὴν
2332 3272 2564 3332 διάνοιαι
2619 3275 2851 3357 ἐρευνᾷν,
2910 3278 2999 3334 καὶ
3048 3279 3139 3334 τὸν
3224 3286 3345 3335 νοῦν
3400 3276 3699 3360 ἀνιχνεύειν
3754 3273 3842 3323 τοῦ

3732 374 3845 442 896

3266 511 3678 587 κατηργήθημεν
3744 512 3840 589 γὰρ

2188 585 2326 643 ἀποῦ
2357 596 2450 645 τοῦ
2494 591 2658 666 νόμου
2715 594 2875 665 αὐτῆς
2931 591 3005 657 ὥς
3063 592 3124 651 ἐκ
3165 601 3362 675 νεκρῶν
3413 585 3568 677 ἔργον
3619 585 3837 656 συναναέ

3631 2385 3732 2437 τῶν
3788 2375 3840 2431 ἐν
3920 2412 3925 2417 -

457 3361 762 3443 Scriptura
798 3361 996 3423 divina
1042 3362 1426 3442 reperiuntur
1471 3363 1633 3425 circa
1662 3383 1759 3426 res
1788 3364 2017 3425 divinas
2047 3370 2101 3427 et

455 3453 767 3527 humanas,
800 3451 1033 3514 deridet
1062 3469 1166 3513 eos
1196 3451 1298 3532 qui
1326 3451 1457 3514 iilas
1485 3452 1879 3533 spiritualiter
1912 3453 2102 3515 inter-

456 3550 782 3625 pretantur,
832 3558 1054 3621 eosque
1105 3559 1223 3602 non
1276 3541 1616 3622 spirituales
1647 3560 1757 3605 nec
1794 3562 1829 3605 a
1878 3541 2104 3623 Spiritu

454 3632 689 3705 ductos,
724 3631 830 3694 sed
864 3629 1217 3710 anagogicos
1247 3646 1484 3706 vocans,
1518 3642 1799 3712 quantum
1832 3634 1891 3694 in
1922 3651 1987 3695 se
2016 3640 2106 3695 est

452 3724 768 3805 detorquet
816 3742 887 3785 ac
937 3722 1239 3803 pervertit,
1273 3722 1429 3785 sicut
1476 3722 1691 3786 Demas
1735 3724 1862 3801 ille,
1895 3742 2104 3788 eorum

457 3812 644 3876 verba
674 3812 1028 3892 divinasque
1058 3812 1406 3874 sententias.
1434 3811 1560 3875 Non
1584 3813 1727 3876 item
1751 3813 2103 3896 spiritualis,

461 3902 565 3965 sed
591 3902 821 3983 judicat
837 3900 1038 3963 omnia
1058 3900 1255 3963 divino
1283 3901 1602 3964 instinctus
1622 3902 1863 3981 spiritu,
1897 3911 1955 3966 et
1980 3910 2106 3984 ipse

458 4010 495 4053 a
524 3992 768 4054 nemine
785 3988 1047 4071 judicari
1079 3998 1291 4070 potest,
1341 3999 1543 4071 utpote
1588 4010 1834 4054 sensum
1885 3991 2105 4057 Christi

452 4079 706 4161 habens,
742 4097 923 4159 quem
956 4096 1135 4141 nemo
1156 4080 1451 4143 instruere
1482 4088 1700 4161 potest.

2186 3363 2522 3442 γράμματος,
2554 3369 2755 3423 Γνῶναι
2814 3367 2914 3445 γὰρ
2972 3366 3079 3442 μὴν
3122 3364 3407 3444 δυναμένος
3438 3370 3523 3425 ὃτι
3565 3377 3843 3445 πνευματιξ

2184 3458 2292 3519 κῶς
2346 3453 2672 3534 ἀνακρίνεται
2729 3443 2901 3513 πάντα
2955 3457 3022 3513 τὰ
3074 3460 3173 3526 τῆς
3226 3443 3366 3522 θείας
3424 3460 3666 3539 Γραφῆς,
3712 3443 3842 3506 κατᾶ

2185 3549 2291 3599 τῶν
2343 3545 2498 3599 θειων
2549 3545 2636 3601 καὶ
2687 3544 3022 3625 ἀνθρωπίνων
3076 3547 3428 3626 πραγμάτων,
3506 3540 3833 3626 καταωκᾶᾔ

2185 3654 2272 3688 ται
2328 3639 2435 3688 τῶν
2492 3634 2877 3714 συγκρινόντων
2947 3642 3114 3692 ταῦτα
3187 3644 3585 3716 πνευματικῶς,
3648 3628 3735 3686 καὶ
3787 3621 3841 3679 οὗ

2187 3723 2595 3797 πνευματικοὺς,
2656 3721 2775 3780 οῦδὲ
2823 3725 2925 3780 ὑπὸ
2980 3725 3119 3783 θείου
3174 3726 3482 3800 Πνεύματος
3532 3720 3838 3802 ἀγομένουςε

2189 3808 2308 3866 ἀλλ’
2341 3810 2707 3891 ἀναφωγικοὺς
2739 3813 2857 3878 νοῦς
2912 3814 3180 3879 τοιουτοὺς
3237 3812 3447 3896 παλῶν,
3483 3815 3609 3872 ὅσον
3638 3810 3699 3865 τὸ
3728 3796 3842 3861 κατ’

2190 3901 2368 3962 αὐτὸν.
2400 3897 2715 3983 διαστρέφει,
2776 3904 2865 3960 καὶ
2920 3903 3223 3983 ἀνατρέπει,
3285 3905 3359 3969 ὡς
3416 3907 3444 3961 ὁ
3478 3907 3665 3979 Δημᾶς
3696 3896 3839 3983 ἐκεῖ-

2188 4009 2296 4063 νος,
2344 3990 2464 4056 τοὺς
2520 3989 2711 4069 λόγους
2769 3994 2961 4073 αὐτῶν,
3007 3996 3096 4050 καὶ
3148 3995 3215 4051 τὰ
3268 3995 3390 4051 θεῖα
3418 3997 3665 4072 νοήματα
3696 4002 3710 4015 ⁸
3744 3979 3842 4058 οὔχ

2188 4078 2356 4143 οὕτως
2399 4078 2455 4136 δὲ
2498 4083 2526 4137 ὁ
2554 4085 2931 4157 πνευματικὸς,
2987 4081 3123 4140 ἀλλά
3167 4083 3431 4162 ἀνακρίνει
3503 4085 3601 4160 μὲν
3646 4075 3834 4162 πάντξι,

2186 4168 2309 4242 θείῳ
2356 4168 2727 4249 ἐνεργούμενος
2783 4172 3070 4246 Πνεύματι,
3140 4159 3314 4236 αὐτὸς
3365 4170 3420 4228 δὲ
3489 4159 3584 4231 ὕπ’
3639 4159 3839 4224 οὐδενὸς

2180 4258 2519 4338 ἀνακριθῆναι
2575 4257 2811 4337 δύναται,
2910 4259 3094 4329 ἐπεῶὴ
3180 4269 3295 4328 νοῦς
3352 4261 3494 4319 ἐστιν
3558 4259 3700 4331 αὒτῷ
3751 4252 3839 4305 τοῦ

2179 4353 2426 4431 Χριστοῦ,
2471 4346 2530 4403 ὅν
2559 4347 2722 4414 οωεὶς
2765 4347 3086 4426 συμϐιϐάσαι
3118 4352 3351 4431 ἰσχύσει.

532 4438 633 4501 79.
665 4435 732 4499 In
766 4436 905 4517 igne
924 4434 1112 4499 semel
1135 4439 1399 4500 revelata
1416 4437 1511 4499 die
1529 4438 1871 4514 novissima,
1890 4439 2100 4519 etigne

2230 4424 2366 4497 ‘00,.
2401 4434 2488 4494 Ἐν
2532 4439 2653 4517 πυρὶ
2701 4424 3214 4517 ἀποκαλυπτομένης
3269 4446 3372 4509 τῆς
3427 4441 3670 4522 ἐσχάτης
3701 4424 3838 4522 ἡμέ-

452 4525 700 4608 probata
719 4525 1192 4606 uniuscujusque
1210 4525 1469 4597 actione,
1491 4527 1574 4588 ait
1589 4526 1796 4589 beatus
1809 4526 2098 4606 Paulus“,

450 4616 499 4677 si
523 4616 694 4696 cujus
715 4634 865 4696 opus
887 4634 956 4676 ex
980 4615 1419 4697 incorruptibili
1442 4617 1771 4679 substantia
1795 4627 1908 4692 est,
1942 4618 2101 4699 quod

448 4704 565 4766 sibi
583 4706 653 4766 ad
679 4704 1135 4767 aediﬁcationem
1169 4705 1561 4783 conservavit,
1598 4712 1800 4771 manet
1820 4707 1880 4768 in
1907 4707 2103 4769 medio

447 4793 587 4874 igne
616 4794 1050 4873 incorruptum,
1079 4801 1136 4855 et
1167 4814 1285 4857 non
1317 4796 1508 4859 solum
1540 4815 1659 4857 non
1691 4796 2099 4874 comburetur,

449 4884 556 4946 sed
588 4884 764 4945 etiam
798 4881 1158 4964 splendebit,
1185 4903 1220 4946 a
1246 4885 1432 4966 parvis
1468 4895 1660 4947 tamen
1696 4887 1945 4949 maculis
1977 4906 2106 4968 per-

448 4972 601 5035 fecte
631 4973 1029 5054 puriﬁcatum.
1067 4970 1130 5035 Si
1155 4974 1326 5054 cujus
1351 4985 1549 5037 autem
1571 4993 1719 5057 opus
1751 4994 1819 5037 ex
1849 4994 2103 5058 corrup-

446 5061 601 5124 tibili
654 5065 902 5127 materia
948 5070 1065 5137 est,
1117 5081 1269 5124 onus
1319 5065 1482 5145 quod
1535 5066 1635 5127 ille
1679 5065 1792 5127 sibi
1821 5065 2099 5145 alligavit,

446 5151 702 5213 ﬂammis
724 5151 1113 5214 comburetur
1127 5160 1184 5213 et
1201 5151 1440 5216 inanem
1466 5155 1635 5217 illum
1659 5156 1720 5216 in
1748 5156 1945 5217 medio
1968 5157 2103 5236 igne

445 5241 771 5323 relinquet.
804 5238 965 5322 Opus
995 5249 1192 5304 autem
1229 5243 1640 5325 incorruptum
1658 5252 1719 5307 et
1742 5263 2102 5326 permanens

446 5341 584 5394 sunt
614 5332 893 5413 lacrymw
924 5331 1307 5415 poenitentiae,
1343 5334 1743 5414 eleemosyua,
1767 5333 2104 5398 misericor-

446 5415 567 5507 dia,
599 5421 812 5507 oratio,
843 5420 1166 5493 humilitas,
1194 5421 1367 5497 ﬁdes,
1396 5439 1556 5502 spes,
1586 5424 1866 5498 charitas,
1892 5424 2100 5507 etqui-

444 5504 534 5568 vis
562 5506 715 5568 alius
760 5517 926 5571 actus
972 5508 1046 5571 ad
1101 5511 1380 5590 pietatem
1431 5513 1696 5576 intentus
1732 5534 1746 5577 :
1781 5530 1912 5594 quas
1961 5504 2097 5597 qui-

2186 4550 2303 4608 ρας,
2387 4529 2475 4585 καὶ
2566 4528 2668 4584 ὑπὸ
2765 4531 2924 4608 πυρὸς
3007 4537 3300 4597 τηνικαῦτα
3396 4520 3835 4606 δοκιμαζομένης,

2186 4607 2410 4674 ἒκάάτου
2451 4622 2549 4684 τῆς
2606 4607 2867 4696 πράξεως,
2918 4620 3047 4698 φησὶ
3119 4619 3325 4685 Παῦλος
3382 4618 3656 4691 κηλονότι,
3686 4607 3739 4667 εἴ
3766 4625 3840 4698 τι·

2187 4729 2275 4771 νος
2304 4708 2366 4763 τὸ
2397 4705 2548 4786 ἔργον
2605 4695 2702 4775 τῆς
2750 4695 3012 4788 ἀφθάρτου
3068 4711 3245 4773 οὐσίας
3316 4709 3478 4786 ἐστὶν,
3512 4710 3541 4765 ὃ
3571 4706 3741 4774 ἐαυτῷ
3770 4695 3838 4752 εἷς

2189 4795 2474 4872 οἰκοδομὴν
2518 4796 2819 4879 ἐναπέθετο,
2880 4812 3035 4874 μενεῖ
3093 4799 3252 4875 μέσον
3282 4806 3374 4856 τοῦ
3430 4803 3591 4878 πυρὸς
3641 4792 3838 4872 ἄφθαρ-

2185 4907 2298 4963 τον,
2356 4887 2443 4943 καὶ
2498 4888 2557 4944 οὒ
2612 4908 2772 4963 μονον
2830 4890 2890 4946 οὗ
2942 4890 3361 4969 κατακαήσεται,
3414 4888 3552 4947 ἀλλὰ
3579 4884 3666 4944 καὶ
3695 4880 3836 4969 MP”:

2185 4960 2534 5055 πρυνθήσεται
2603 4960 2703 5043 τῆς
2774 4982 2965 5056 μικρᾶς
3023 4977 3159 5041 ἴσως
3227 4960 3599 5059 καθόιρόμενον
3659 4972 3741 5059 εἷς.
3780 4960 3838 5017 τὸ

2185 5064 2441 5131 παντελὲς
2473 5064 2612 5131 ἰλύος
2638 5083 2652 5097 '
2687 5065 2739 5122 εἴ
2768 5087 2911 5129 τινος
2944 5064 2998 5123 δέ
3039 5069 3102 5123 τὸ
3145 5066 3320 5147 ἔργον,
3370 5056 3468 5136 τῆς
3498 5056 3837 5150 φθειρομένης

2182 5154 2313 5223 ὕλης
2341 5155 2472 5236 ἐστὶ,
2504 5156 2532 5211 ὃ
2576 5156 2748 5231 ἑαυτῷ
2799 5157 2871 5219 εἷς
2928 5156 3119 5236 φόρτον
3173 5142 3837 5238 ἐθέσμευσενξέμιτρησθξν

2181 5248 2599 5326 κατακαήσεται,
2683 5246 2772 5302 καὶ
2821 5247 2975 5303 κενὸν
3061 5248 3217 5306 αὐτὸν
3302 5248 3464 5324 μέσον
3517 5254 3610 5306 τοῦ
3679 5234 3835 5314 πυρὸς

2180 5333 2515 5412 καταλείψει.
2584 5322 2754 5416 Εργον
2809 5333 2865 5391 δὲ
2923 5334 3181 5417 ἄφθαρτον
3252 5322 3340 5395 καὶ
3398 5336 3650 5415 δεαμένον
3703 5322 3830 5395 ἐστὶν

2179 5422 2373 5505 δάκρυα
2429 5427 2735 5500 μετανοίας.
2824 5423 3183 5508 ἐλεημοσύνη,
3282 5428 3600 5508 συμπάθεια,
3661 5433 3830 5508 πρυσν

2178 5503 2324 5596 ευθη,
2383 5516 2723 5593 ταπείνωσις,
2792 5514 2990 5590 πίστις,
3052 5503 3227 5594 ἐλπίς,
3288 5503 3498 5598 ἀγάπη,
3560 5503 3647 5575 καὶ
3702 5503 3755 5565 εἴ
3783 5520 3832 5557 τι

526 5681 583 5730 ³ο
608 5685 788 5749 Rom.
815 5701 941 5769 vm,
968 5685 1070 5752 21.
1157 5687 1383 5754 1’°ibid.
1417 5688 1517 5755 96.
1604 5688 1653 5734 ³¹
1686 5688 1836 5755 ibid.
1871 5691 1971 5756 14.
2057 5691 2102 5739 ³1

2184 5695 2283 5761 vid.
2314 5694 2415 5759 28.
2503 5691 2559 5735 ³³
2587 5692 2613 5756 Ι
2644 5694 2783 5759 Cor.
2821 5710 2885 5775 ιι,
2922 5695 3016 5759 10.
3104 5694 3161 5741 ³⁴
3187 5694 3213 5762 Ι
3239 5694 3376 5763 Cor.
3412 5713 3499 5775 ιιι,
3534 5696 3636 5761 t3.
