4144 6380
286 381 406 448 997

1251 375 1791 448 GNOSTICORUM
1831 374 2170 445 CAPITUM
2210 376 2599 445 CENTURIA
2643 379 2732 444 III

3572 380 3691 446 998

287 518 466 600 ἕτερον
496 519 551 576 ἐν
619 526 815 594 σκοπῷ
872 517 1134 584 εὒσεὸείας
1192 520 1477 600 πράττεται
1511 537 1526 554 ’
1575 520 1608 574 ἃ
1662 521 1752 575 καὶ
1801 523 1955 590 ζῶντι

2065 514 2176 577 lem
2208 523 2268 578 et
2298 515 2518 578 viventi
2568 515 2796 577 homini
2850 515 3691 582 cozedilicanlurin"sanctum

293 609 373 684 τῷ
435 608 695 689 ἀνθρώπῳ
781 609 1238 685 συνοικοδομεῖται

1337 610 1408 673 εἷς
1480 611 1602 666 ναὸν
1656 607 1806 687 ἅγιον
1861 612 1955 664 τοῦ

2072 605 2148 666 tei
2179 605 2490 686 templum,
2518 625 2650 668 cum
2676 623 2868 686 eoque
2902 620 3133 668 mortuo
3163 607 3384 670 abeunt
3405 617 3461 671 et
3486 609 3691 672 incor-

299 706 454 778 Θεου,
526 701 617 756 καὶ
687 698 980 756 ἐκλείποντι
1066 698 1479 779 συναπέρχεται,
1555 699 1644 756 καὶ
1704 697 1957 774 συμμένει

2065 703 2212 774 'upta
2246 703 2488 754 manent
2520 713 2628 775 per
2656 695 2894 758 saecula.
2950 698 3206 758 Ecnnlra
3239 707 3585 778 corruptum
3619 698 3691 760 ab

296 785 532 867 ἄφθαρτα
589 789 664 852 εἷς
706 789 923 852 αἰῶνας,
985 789 1057 852 Τὸ
1126 786 1181 844 δὲ
1221 789 1324 844 ὑπὸ
1379 796 1472 845 τοῦ
1556 789 1718 868 πυρὸς
1764 787 1963 844 ἐκείνου

299 878 640 958 φθειρόμενον
687 876 864 957 ἔργον,
923 875 1084 945 δῆλον
1137 890 1253 942 τοῖς
1296 879 1452 934 πᾶσίν
1481 877 1616 949 ἐστι,
1662 874 1960 958 φιληδονία,

299 964 590 1046 φιλοδοξία,
653 965 984 1048 φιλαργυρία,
1039 980 1222 1042 μῖσος,
1269 967 1478 1048 φθόνος,
1531 965 1731 1039 κλοπὴ,
1793 965 1962 1040 μέθη,

298 1053 559 1137 λοιδορία,
592 1058 924 1137 κατάκρισις,
981 1059 1070 1114 καὶ
1127 1056 1179 1114 εἴ
1236 1079 1286 1113 τι
1357 1055 1553 1138 φαῦλον
1605 1053 1687 1113 διὰ
1717 1055 1966 1130 σώματος

306 1146 443 1202 κατὰ
499 1144 798 1225 ἐπιθυμίαν,
843 1147 880 1216 ἢ
935 1148 1096 1221 θυμὸν
1139 1146 1432 1226 ἐνεργεῖται
1480 1161 1494 1176 ⁶
1553 1153 1716 1202 ταῦτα
1744 1145 1832 1200 καὶ
1860 1164 1964 1200 πε-

305 1235 470 1314 ριόντι
527 1238 604 1309 τῷ
654 1235 912 1316 ἀνθρώπῳ
994 1238 1383 1315 συμφθείρεται,
1481 1232 1810 1310 ἐκκαιομὲνῳ
1864 1233 1965 1288 ὑπὸ

301 1330 399 1381 τοῦ
455 1327 616 1404 πυρὸς
683 1331 782 1392 τῆς
858 1325 1152 1401 ἐπιθυμίας,
1230 1327 1318 1381 καὶ
1376 1323 1821 1403 ἆπορξηγνυμένῳ
1872 1328 1966 1378 τοῦ

303 1414 578 1488 σώματος,
625 1415 1034 1495 σδναπέρχεται,
1107 1415 1167 1470 οῦ
1208 1415 1462 1490 συμμένει
1505 1412 1582 1493 δὲ,
1630 1411 1768 1468 ἀλλὰ
1795 1433 1966 1468 κατα-

303 1501 587 1584 φθαρέντα,
646 1505 736 1560 τὸν
834 1504 1060 1583 ἐργάτην
1159 1506 1327 1561 αὒτῶν
1414 1503 1574 1579 μέσον
1659 1511 1752 1561 τοῦ
1804 1501 1964 1580 πυρὸς

309 1591 605 1672 ’ἐπαφίησιν
635 1594 707 1657 εἷς
740 1596 932 1658 αἰῶνας
964 1594 1167 1651 αἰώνων
1196 1593 1425 1650 ἀθάνατα
1467 1591 1844 1666 κολαζόμενον.

376 1670 462 1742 π’.
501 1673 566 1739 Ἠ
599 1689 796 1761 γνῶσις
853 1685 888 1751 ἡ
927 1694 1018 1742 τοῦ
1070 1690 1221 1755 Θεοῦ,
1275 1685 1336 1741 τὸ
1394 1683 1648 1760 ἐγνῶσθαι
1707 1683 1807 1737 ὑπὸ
1840 1685 1970 1761 Θεοῦ

304 1772 554 1844 σημαίνει
623 1773 714 1827 τὸν
774 1774 846 1836 εἷς
916 1774 1112 1840 ταύτην
1169 1771 1252 1829 διὰ
1303 1771 1782 1851 ταπεινοφροσύνης
1880 1760 1969 1825 καὶ

309 1863 620 1940 προσευχῆς
704 1859 1138 1941 οἰκοδομηθέντα,
1219 1863 1306 1918 καὶ
1392 1863 1452 1917 τὸ
1508 1867 1702 1939 γνῶσιν
1773 1857 1966 1934 ἐψευδῆ

307 1947 607 2016 πλουτῆσαι
691 1952 833 2030 παρὰ
891 1959 1020 2008 Θεοῦ
1076 1956 1182 2008 τῶν
1224 1953 1497 2030 ύπερυρυιῦν
1568 1954 1724 2008 αὺτοῦ
1755 1970 1965 2024 μυστη-

305 2038 454 2118 ρίων⁸
491 2040 534 2094 εἷ
593 2037 648 2095 δὲ
707 2041 958 2120 φυσίωσις
1011 2043 1193 2120 ὁρᾶται
1250 2041 1369 2118 περὶ
1425 2041 1600 2116 αὒτὸν,
1631 2040 1724 2096 ούκ
1761 2035 1966 2112 ᾠκοδο-

311 2128 459 2204 μήθη
492 2125 576 2184 διὰ
617 2129 819 2185 τούτων
871 2128 924 2184 ἐν
974 2131 1128 2209 αὐτῇ,
1203 2127 1348 2201 ἀλλ’,
1407 2129 1505 2184 ὑπὸ
1535 2138 1628 2186 τοῦ
1671 2127 1968 2203 πνεύματος

307 2223 403 2272 τοῦ
459 2216 664 2292 κόσμου
705 2219 891 2274 τούτου
935 2227 1026 2276 τοῦ
1054 2219 1234 2276 ὑλικοῦ
1291 2217 1496 2296 ἄγεται.
1563 2219 1658 2273 Διὰ
1703 2227 1854 2276 τοῦτο
1884 2215 1971 2272 καὶ

311 2301 500 2361 εἷδὲναι
531 2328 581 2360 τι
613 2303 762 2363 δοκεῖ
793 2310 820 2363 ὁ
871 2315 1129 2380 τοιοῦτος,
1195 2305 1359 2383 μηδὲν
1414 2307 1660 2386 ἐγνωκὼς
1691 2310 1794 2363 τῶν
1821 2307 1970 2362 θείων

307 2395 640 2474 πραγμάτων
699 2398 874 2461 καθὼς
930 2405 1125 2476 γνῶναι
1182 2397 1288 2457 δεῖ.
1365 2389 1422 2456 ιΟ
1479 2396 1534 2453 δὲ
1591 2419 1652 2475 γε
1720 2400 1811 2454 τὸν
1843 2398 1970 2452 Θεὸν

307 2483 554 2562 ἀγαπῶν,
632 2487 720 2542 καὶ
777 2486 943 2563 μηδὲν
1027 2488 1322 2566 ἡγούμενος
1402 2487 1785 2566 προτιμότερον
1871 2489 1972 2552 τῆς

309 2573 527 2652 ἀγάπης
582 2579 741 2634 αὖτοῦ
771 2623 788 2651 ,
847 2580 934 2634 καὶ
989 2587 1083 2637 τοῦ
1133 2577 1380 2649 πλησίον,
1441 2577 1643 2641 ἐκεῖνος
1702 2576 1841 2653 ἐγνω
1885 2575 1972 2631 καὶ

308 2663 378 2718 τὰ
407 2663 543 2739 βάθη
591 2675 684 2724 τοῦ
739 2673 893 2746 Θεοῦ,
957 2669 1047 2724 καὶ
1116 2669 1182 2722 τὰ
1237 2668 1500 2744 μυστήρια
1553 2665 1649 2732 τῆς
1682 2665 1839 2724 αύτοῡ
1867 2664 1971 2740 βα-

310 2752 534 2826 σιλείας,
567 2757 738 2820 καθὼς
767 2756 878 2836 χρὴ
907 2759 1126 2834 γνῶναι,
1173 2758 1264 2814 τὸν
1324 2759 1427 2814 ὑπὸ
1486 2757 1622 2815 θείου
1665 2755 1970 2830 κινούμενον

312 2841 639 2916 Πνεύματος,
700 2847 786 2902 καὶ
860 2844 1116 2923 ἔγνωσται
1190 2848 1292 2904 ὑπὸ
1376 2853 1468 2903 τοῦ
1526 2852 1680 2926 Θεοῦ,
1743 2844 1970 2924 ἐργάτης

313 2929 520 2998 ἀληθὴς
589 2941 686 2991 τοῦ
743 2933 1061 3015 Παραδείσου
1114 2940 1213 3002 τῆς
1294 2933 1613 3002 Ἐκκλησίας
1670 2938 1850 3013 αὺτοῦ,
1915 2933 1972 2996 ὃς

309 3018 588 3100 ἐργάσεται
640 3021 708 3079 δι’
753 3024 967 3103 ἀγάπης
1014 3027 1076 3082 τὸ
1106 3023 1314 3100 θέλημα
1382 3032 1475 3082 τοῦ
1532 3032 1682 3096 Θεοῦ,
1723 3022 1974 3101 ἐπιστρέ-

313 3132 426 3191 φων
476 3109 722 3179 δηλονότι
777 3116 956 3194 ψυχὰς
1012 3116 1102 3171 καὶ
1155 3115 1324 3181 ἀξίους
1381 3113 1577 3193 ἐξάγων
1646 3112 1698 3179 ἐξ
1728 3111 1970 3178 ἀναξίων.

312 3173 392 3274 τῷ
447 3173 595 3280 λόγῳ
649 3210 726 3278 τῷ
782 3173 978 3261 éoe'évéi
1043 3173 1214 3279 αύτῷ.
1269 3173 1572 3280 Πτνεύματος
1629 3173 1802 3280 ἁγίου,
1840 3173 1969 3282 ⁷καὶ,
1993 3173 2033 3224 C

314 3287 568 3370 φυλάσσεί
619 3293 682 3349 τὸ
754 3291 904 3372 ἔργον
988 3298 1147 3354 αὐτοῦ
1193 3292 1278 3350 διὰ
1345 3294 1828 3375 ταπεινοφροσύνης
1887 3293 1974 3349 καὶ

317 3378 649 3446 κατανύξεως
681 3379 896 3444 ὂίσολον.
1589 3392 1592 3393 ⁷

398 3459 517 3533 πα’,
581 3471 778 3537 Πάντες
837 3475 908 3540 εἷς
962 3475 1185 3553 Χριστὸν
1257 3471 1645 3548 ἐϐαπτίσθημεν
1715 3472 1770 3528 ἐν
1829 3471 1974 3530 ὕδατι

315 3559 408 3616 καὶ
435 3560 701 3637 Πνεύματι
730 3561 886 3642 ἆγίῳ,
920 3563 1010 3620 καὶ
1055 3564 1249 3628 πάντες
1308 3563 1369 3620 τό
1421 3565 1546 3620 αὐτὸ
1605 3563 1979 3641 βρῶμα“πνευ-

323 3651 550 3722 ματικὸν
607 3651 901 3730 τρώγομεν,
959 3654 1047 3709 καὶ
1103 3655 1295 3718 πάντες
1325 3655 1386 3710 τὸ
1441 3653 1565 3712 αὐτὸ
1637 3653 1784 3729 πόμα
1813 3675 1976 3710 πνευ-

320 3740 548 3812 ματικὸν
573 3741 794 3816 πῗνομεν
829 3788 842 3804 ,
875 3749 1038 3799 ταῦτα
1066 3741 1122 3798 δέ
1151 3744 1278 3800 εἰσιν
1306 3745 1333 3799 ὁ
1407 3743 1655 3820 Χριστὸς,
1714 3740 1832 3798 ἀλλ’
1888 3741 1982 3797 οὒκ

327 3827 386 3885 ἐν
413 3842 533 3893 τοῖς
562 3829 798 3887 πλείοσιν
840 3832 996 3907 ἡμῶν
1028 3830 1234 3890 εὐδοκεῖ
1266 3835 1294 3888 ὁ
1327 3833 1481 3894 Θεὸς.
1532 3830 1726 3887 Πολλοὶ
1748 3833 1848 3912 γὰρ
1875 3835 1979 3888 τῶν

318 3917 527 3974 πιστῶν
582 3921 669 3977 καὶ
732 3919 1028 3980 σπουδαίων
1095 3921 1148 3976 ἐν
1205 3919 1430 3984 πολλοῖς
1475 3921 1654 3986 πόνοις
1702 3921 1980 3991 ἀσκήσεως

319 4008 411 4063 καὶ
467 4009 756 4087 γυμνασίας
839 4017 1150 4086 σωματικῆς
1235 4012 1301 4067 τὰ
1384 4011 1584 4067 ἑαυτῶν
1669 4010 1981 4068 ὐπωπίασαν

320 4098 411 4153 καὶ
438 4099 815 4178 κατίσχνωσαν
846 4099 1092 4180 σώματα,
1151 4096 1236 4156 διὰ
1292 4097 1347 4155 δὲ
1417 4101 1478 4158 τὸ
1509 4099 1587 4174 μὴ
1619 4097 1766 4179 ἔχειν
1796 4099 1980 4163 αὖτοὺς

319 4185 598 4253 κατάνυξιν
654 4187 707 4246 ἐν
767 4189 1214 4269 συντετριμμένης
1271 4191 1356 4246 καὶ
1410 4187 1700 4270 φιλαγάθου
1755 4189 1978 4268 γνώμης

319 4281 410 4336 καὶ
455 4281 782 4356 συμπάθειαν
851 4281 903 4348 ἐξ
959 4283 1172 4361 ἀγάπης
1231 4284 1364 4362 πρὸς
1420 4283 1542 4344 τοὺς
1597 4280 1846 4358 πλησίον,
1893 4282 1981 4338 καὶ

322 4370 564 4445 ἑαυτοὺς,
598 4373 740 4428 κενοὶ
807 4381 900 4430 τοῦ
958 4371 1320 4452 πληρώματος
1375 4380 1470 4432 τοῦ
1498 4371 1646 4449 ἁγίου
1680 4373 1979 4448 Πνεύματος

321 4459 766 4542 κατελείφθησαν,
823 4464 910 4519 καὶ
967 4465 1170 4541 μακρὰν
1249 4463 1348 4528 τῆς
1416 4467 1508 4518 τοῦ
1551 4468 1683 4519 Θεοῦ
1740 4459 1982 4540 ἐγένοντο

321 4549 596 4631 γνώσεως,
659 4552 865 4631 μήτραν
921 4549 1148 4614 διανοίας
1219 4547 1454 4629 ἄκαρπον

323 4637 486 4719 λόγον
516 4639 708 4698 ἄναλον
735 4643 820 4698 καὶ
851 4641 1172 4722 ἀφώτιστον.

409 4731 484 4807 πβ
513 4779 528 4794 .
561 4735 632 4790 Οὐ
651 4732 714 4788 τὸ
769 4729 1008 4789 ἀνελθεῖν
1062 4731 1115 4788 ἐν
1157 4737 1235 4806 τῷ
1292 4730 1489 4804 Σιναίῳ
1541 4730 1673 4802 ἐστὶ,
1745 4729 1830 4787 διά
1857 4732 1988 4811 πρά-

328 4818 484 4896 ξεως,
517 4821 626 4901 ὅρει
693 4823 756 4878 τὸ
811 4823 1129 4897 ζητούμενον
1201 4833 1319 4884 τοῖς
1378 4821 1675 4900 Ναζιραίοις
1727 4822 1869 4900 παρά
1896 4830 1988 4879 τοῦ

327 4910 516 4991 λόγου,
550 4908 664 4968 οὐδὲ
716 4911 778 4968 τὸ
819 4913 1194 4991 καθαρισθῆναι
1237 4911 1338 4989 πρὸ
1396 4916 1489 4966 τοῦ
1516 4907 1777 4983 ἀνελθεῖν,
1811 4910 1987 4966 ταὶτά

325 5002 514 5078 ἱμάτια
541 4999 754 5076 πλῦναι,
811 5002 897 5058 καὶ
955 5023 1033 5076 μη
1103 4998 1372 5059 συνελθεῖν
1428 5001 1654 5079 γυναικὶ,
1720 4997 1856 5057 ἀλλὰ
1898 5001 1988 5057 καὶ

326 5094 394 5150 τὸ
418 5089 572 5161 ἰδεῖν,
619 5090 678 5147 03
720 5091 784 5148 νά
813 5091 1020 5147 ὀπίσθια
1075 5099 1167 5148 τοῦ
1205 5095 1358 5163 Θεοῦ,
1391 5085 1510 5144 ἀλλ’
1543 5091 1698 5148 αὐτὸν
1725 5091 1815 5147 τὸν
1857 5091 1986 5147 Θεὸν

329 5183 386 5240 ἐν
432 5187 503 5258 τῇ
527 5179 650 5259 δόξῃ
680 5184 860 5260 αὐτοῦ,
923 5178 1232 5240 εὗδοκοῦντα
1291 5177 1344 5235 ἐν
1401 5182 1584 5242 αὐτοῖς
1614 5181 1702 5235 καὶ
1730 5181 1824 5244 τὰς
1856 5178 1988 5236 πλά-

331 5293 434 5335 κας
483 5271 687 5333 τούτοις
746 5267 950 5326 διδόντα
1001 5274 1100 5337 τῆς
1157 5267 1428 5347 γνώσεως,
1478 5268 1566 5324 καὶ
1595 5267 1987 5326 ἀποστέλλοντα

334 5366 522 5424 αὒτοΐς
553 5362 623 5426 εἷς
652 5358 939 5435 οἰκοδομὴν
963 5366 1055 5416 τοῦ
1083 5357 1213 5416 λαοῦ
1242 5357 1420 5418 αὒτοῦ.

415 5440 530 5530 πγ’.
567 5455 639 5510 Οὔ
669 5452 870 5513 πὰντας
923 5450 1046 5515 τοὺς
1099 5451 1365 5528 ὑπηρετας
1422 5449 1581 5506 αὐτοῦ
1635 5451 1722 5505 καὶ
1752 5451 1990 5524 μαθητὰς

334 5544 365 5601 δ
407 5539 571 5622 λὺγοσ
619 5542 692 5606 εἷς
748 5540 847 5608 τὴν
930 5546 1035 5596 τῶν
1110 5536 1486 5618 κεκρυμμένων
1565 5538 1653 5594 καὶ
1732 5546 1988 5615 μειζόνων

421 5707 476 5755 ³⁵
504 5711 528 5773 Ι
557 5707 694 5775 Cor.
727 5726 788 5786 ι,
827 5707 866 5770 2
894 5726 1065 5793 seqq.

2046 784 2147 844 illo
2195 783 2330 862 igne
2370 802 2520 863 opus
2561 793 2720 856 sunt,
2755 793 2818 844 ut
2847 783 3125 846 omnibus
3167 785 3376 866 liquet,
3432 788 3691 864 luxuria,

2051 871 2315 945 ambitio,
2351 874 2613 946 avaritia,
2649 873 2876 945 odium,
2912 873 3161 946 invidia,
3197 875 3440 949 furium,
3489 877 3695 940 ebrie-

2054 969 2159 1034 tas,
2191 962 2481 1035 convicia,
2513 981 2758 1042 pravum
2789 962 3106 1041 judiiium.
3145 973 3203 1024 et
3242 964 3526 1046 quidquid
3562 967 3700 1029 mali

2052 1059 2352 1131 perpetrat
2381 1071 2596 1132 corpus
2645 1053 3130 1131 concupiscentia
3169 1056 3258 1114 vel
3292 1057 3378 1116 ira
3412 1065 3636 1118 motum
3676 1079 3689 1115 :

2049 1140 2160 1201 ista
2193 1138 2363 1201 simul
2397 1159 2531 1202 cum
2561 1139 2791 1202 vivente
2823 1140 3086 1222 homine,
3120 1161 3296 1222 quem
3322 1144 3522 1206 exedit
3551 1164 3693 1206 con-

2049 1229 2427 1308 cupLscentiaz
2462 1230 2636 1308 ignis,
2670 1240 3149 1309 corrumpuntur,
3188 1251 3446 1312 eumque
3489 1253 3524 1296 a
3556 1255 3692 1296 cor-

2051 1336 2193 1397 pore
2223 1319 2491 1378 avulsum
2523 1318 2904 1398 comitantur,
2939 1338 3056 1380 non
3099 1339 3238 1382 vero
3289 1332 3553 1397 manent,
3588 1325 3692 1385 sed

2049 1425 2239 1486 ruptae
2287 1417 2590 1468 auctorem
2645 1426 2816 1468 suum
2871 1409 2928 1468 in
2983 1409 3180 1470 medio
3229 1410 3366 1490 igne
3395 1412 3697 1492 reliquunt

2048 1496 2108 1555 in
2170 1495 2385 1557 saecula
2432 1499 2784 1558 saeculorum
2842 1507 3062 1560 aeterno
3113 1499 3490 1580 plectendum
3546 1522 3693 1584 sup-

2049 1583 2252 1664 plicio.

2129 1675 2229 1738 80.
2267 1673 2527 1737 Scientia
2556 1676 2659 1738 Dei
2685 1695 2818 1736 eum
2840 1677 2940 1757 qui
2969 1677 3028 1738 in
3051 1696 3119 1739 ea
3136 1679 3458 1742 aediﬁcatus
3480 1689 3569 1742 est
3591 1700 3696 1762 per

2052 1763 2444 1826 humilitatem
2476 1777 2533 1826 et
2555 1765 2909 1847 orationem,
2945 1767 3168 1829 indicat
3197 1778 3398 1830 notum
3418 1789 3549 1832 esse
3575 1774 3693 1834 Deo

2051 1862 2109 1915 et
2132 1873 2165 1914 a
2194 1853 2320 1916 Deo
2349 1856 2596 1915 ditatum
2631 1874 2761 1917 esse
2795 1858 2995 1917 notitia
3026 1859 3566 1938 supernaturalium
3597 1861 3694 1941 ip-

2051 1945 2178 2005 sius
2211 1947 2653 2023 mysteriorum;
2685 1946 2734 2005 si
2767 1965 2904 2007 vero
2936 1948 3214 2028 superbia
3256 1949 3316 2009 in
3375 1971 3446 2010 eo
3494 1950 3697 2011 videa-

2051 2043 2170 2115 tur,
2208 2053 2326 2094 non
2359 2052 2465 2114 per
2496 2034 2624 2096 illas
2671 2034 2880 2096 vitutes
2931 2037 2992 2098 in
3036 2036 3165 2117 ipsa
3210 2039 3538 2099 aediﬁcatus
3583 2045 3696 2113 est,

2052 2123 2155 2184 sed
2185 2142 2220 2184 a
2253 2123 2464 2202 spiritu
2500 2124 2704 2184 mundi
2728 2125 2905 2204 hujus
2934 2127 3258 2188 inaterialis
3287 2128 3502 2206 agitur.
3535 2126 3700 2200 Quo-

2052 2214 2211 2275 circa
2243 2213 2586 2292 hujusmodi
2616 2218 2704 2274 vir
2724 2215 2945 2294 aliquit!
2978 2216 3133 2279 scire
3165 2217 3418 2292 videtur,
3455 2225 3512 2278 et
3552 2217 3701 2279 nihil

2054 2302 2387 2364 divinarum
2447 2321 2646 2363 rerum
2707 2304 2819 2364 scit
2872 2303 3024 2365 sicut
3082 2305 3237 2367 scire
3291 2315 3548 2387 oportet.
3588 2306 3702 2380 Qui

2056 2402 2297 2454 econtra
2327 2392 2514 2454 Deum
2545 2402 2722 2466 amat,
2761 2399 2820 2452 et
2851 2393 2993 2453 nihil
3047 2394 3366 2475 pretiosius
3401 2396 3704 2457 existimat

2055 2500 2258 2544 amore
2305 2481 2412 2544 Dei
2460 2491 2518 2544 et
2561 2481 2834 2562 proximi,
2884 2483 2983 2544 ille
3031 2484 3144 2545 scit
3188 2486 3478 2565 prol'unda
3507 2483 3614 2547 Dei
3646 2493 3704 2546 et

2059 2571 2336 2651 mysteria
2364 2573 2530 2650 regni
2564 2572 2714 2651 ejus,
2747 2571 2902 2634 sicut
2931 2572 3088 2634 scire
3128 2583 3364 2653 oportet
3391 2593 3569 2655 quem
3609 2574 3705 2636 di-

2055 2661 2228 2721 vinus
2261 2670 2455 2723 movet
2483 2661 2762 2742 Spiritus,
2798 2675 2856 2722 et
2888 2663 3265 2742 cognoscitur
3311 2682 3342 2724 a
3390 2663 3539 2744 Deo,
3572 2672 3703 2725 tan-

2057 2769 2231 2830 quam
2266 2769 2433 2812 verus
2462 2751 2720 2831 paradisi
2763 2750 3046 2812 Ecclesiae
3076 2752 3206 2831 ejus
3235 2752 3567 2833 operarius,
3602 2759 3708 2834 qui

2059 2857 2164 2919 per
2190 2840 2537 2901 charitatem
2571 2839 2743 2901 faciet
2772 2839 3135 2901 voluntatem
3181 2840 3313 2917 Dei,
3344 2854 3708 2903 convertens

2054 2929 2335 2991 videlicet
2384 2931 2615 2990 animas
2658 2932 2985 3010 dignasque
3035 2949 3105 2992 ex
3151 2930 3414 3011 indignis
3443 2931 3710 2993 efﬁciens

2059 3037 2168 3100 per
2195 3020 2441 3081 verbum
2475 3019 2589 3080 sibi
2619 3020 2821 3081 datum
2874 3037 2908 3080 a
2946 3018 3164 3099 Spiritu
3205 3032 3436 3098 sancto,
3470 3030 3530 3083 et
3560 3039 3709 3084 con-

2059 3107 2316 3170 servabit
2347 3127 2494 3188 opus
2530 3127 2703 3172 suum
2735 3109 3024 3172 intactum
3075 3128 3185 3190 per
3227 3110 3623 3173 humilitatem
3655 3120 3714 3173 et

2058 3199 2606 3279 compunctionem.

2138 3466 2238 3528 81.
2271 3463 2496 3529 Omnes
2524 3467 2584 3529 in
2615 3465 2845 3531 Christo
2875 3466 3151 3550 baptizati
3177 3486 3382 3530 sumus
3401 3467 3463 3529 in
3487 3486 3638 3550 aqua
3655 3479 3715 3531 et

2061 3556 2287 3636 Spiritu
2318 3565 2545 3630 sancto,
2577 3577 2788 3620 omnes
2810 3559 3080 3621 eamdem
3113 3577 3305 3620 escam
3341 3557 3708 3639 spiritualem

2063 3652 2510 3723 manducamus,
2539 3657 2597 3711 et
2625 3669 2834 3712 omnes
2867 3653 3143 3713 eumdem
3190 3659 3390 3731 potum
3424 3650 3712 3731 spiriiua-

2064 3741 2182 3802 lem
2214 3738 2476 3802 bibimus
2495 3737 2573 3815 35;
2605 3741 2730 3802 haec
2760 3750 2953 3803 autem
2998 3751 3128 3802 sunt
3161 3739 3570 3822 Christus,sed
3595 3759 3715 3800 non

2063 3831 2124 3892 in
2159 3829 2426 3910 pluribus
2458 3837 2723 3892 nostrum
2757 3830 3196 3911 beneplacitum
3232 3839 3320 3891 est
3354 3833 3494 3890 Deo.
3548 3828 3717 3890 Multi

2065 3920 2223 3982 enim
2253 3920 2568 3982 credentes
2598 3929 2655 3982 et
2688 3919 2936 3982 studiosi
2967 3921 3169 3982 multis
3195 3937 3471 3982 asceseos
3503 3936 3718 3999 corpo-

2064 4010 2325 4090 ralisque
2357 4009 2800 4072 exercitationis
2831 4009 3132 4071 laboribus
3166 4009 3406 4091 propria
3439 4025 3713 4069 macera‘

2062 4108 2275 4161 verunt
2317 4107 2374 4161 et
2417 4107 2881 4161 extenuaverunt
2929 4117 3206 4179 corpora,
3259 4099 3397 4180 quia
3425 4115 3564 4158 νυιό
3596 4115 3718 4157 non

2065 4187 2285 4250 habent
2332 4191 2851 4267 compunctionem
2903 4207 2971 4250 ex
3017 4188 3271 4250 contrito
3319 4195 3376 4249 et
3425 4185 3715 4248 benevolo

2063 4279 2244 4340 corde
2270 4287 2328 4340 et
2359 4278 2831 4341 misericordiam
2865 4297 2933 4340 ex
2966 4295 3170 4339 amore
3213 4275 3466 4358 proximi
3512 4283 3569 4334 et
3600 4273 3715 4345 sui,

2062 4367 2230 4428 vacui
2279 4387 2313 4429 a
2362 4368 2737 4448 plenitudine
2787 4370 2973 4429 sancti
3024 4365 3278 4447 Spiritus
3327 4363 3522 4426 relicti
3553 4370 3714 4436 sunt,

2066 4465 2124 4517 et
2155 4457 2412 4537 elongati
2465 4465 2664 4536 sunta
2696 4457 2946 4518 scientia
2995 4456 3124 4531 Dei,
3179 4455 3487 4518 matricem
3542 4451 3721 4513 intel-

1553 4539 1874 4632 ἐσχηκότες,
1895 4552 1974 4607 καῖ

2067 4546 2328 4624 ligentiae
2372 4547 2640 4609 sterilem
2687 4545 2996 4622 habentes,
3031 4545 3396 4625 verbumque
3429 4543 3559 4603 sine
3591 4539 3719 4602 sole

2068 4647 2126 4698 et
2157 4637 2312 4699 luce.

2149 4727 2248 4790 82.
2302 4725 2562 4789 Nazaraai
2594 4745 2628 4788 a
2658 4725 2857 4788 Verbo
2913 4730 3208 4806 quarunt,
3241 4742 3361 4784 non
3392 4723 3720 4789 ascendere

2068 4834 2178 4896 per
2208 4815 2431 4896 praxim
2465 4816 2526 4876 in
2558 4825 2818 4877 montem
2854 4813 3038 4890 Sinai,
3091 4832 3204 4874 nec
3232 4819 3369 4874 ante
3405 4830 3722 4876 ascensum

2073 4905 2374 4985 puriﬁcari
2420 4915 2479 4966 et
2525 4905 2722 4968 lavare
2750 4914 2942 4967 vestes
2973 4911 3033 4965 et
3059 4901 3130 4964 ab
3163 4919 3350 4963 uxore
3394 4900 3719 4980 abstinere,

2078 4995 2183 5055 sed
2218 4995 2393 5056 etiam
2419 4995 2643 5071 videre,
2678 4995 2833 5056 haud
2870 4992 3198 5075 posteriora
3245 4990 3377 5068 Dei,
3425 4999 3484 5053 at
3526 4992 3721 5073 ipsum

2077 5084 2264 5148 Deum
2299 5086 2357 5146 in
2391 5086 2584 5166 gloria
2613 5085 2764 5165 ejus,
2799 5083 3270 5163 complacentem
3305 5080 3364 5141 in
3396 5081 3542 5161 ipsis
3567 5081 3721 5142 dan-

2071 5185 2313 5257 temque
2345 5175 2431 5237 eis
2461 5175 2689 5236 tabulas
2734 5173 3001 5236 scientiae
3049 5180 3107 5233 et
3151 5188 3252 5232 eos
3284 5169 3617 5232 mittentem
3647 5170 3723 5233 ad

2070 5266 2480 5329 aediﬁcandum
2514 5265 2644 5345 ejus
2675 5263 2982 5345 populum.

2152 5447 2251 5512 83.
2287 5447 2416 5540 Non
2448 5465 2657 5540 omnes
2686 5445 2934 5509 famulos
2949 5442 3394 5540 discipulosque
3409 5458 3549 5540 suos
3568 5436 3724 5540 Ver-

2074 5539 2215 5601 bum
2247 5538 2320 5603 ad
2350 5537 2836 5602 absconditorum
2865 5536 3379 5613 excelsiorumque
3406 5536 3726 5612 mysterio-
