4144 6376
437 366 556 431 999

1745 362 2048 430 NICETE
2090 356 2518 427 PECTOBATI

3676 358 3833 426 1000

434 522 566 564 rum
620 520 862 563 suorum
909 500 1332 563 revelationem
1394 518 1595 562 secum
1656 498 1924 573 assumit,
1983 496 2074 557 sed

2173 495 2457 573 μυστηρίον
2509 498 2664 554 αὖτοῦ
2732 493 3083 569 ἀνακάλυψιν,
3159 494 3274 569 μεθ’
3346 496 3533 552 ἑαυτοῦ
3582 494 3835 574 ἐπιφέρε-

435 593 665 673 aliquos
697 601 919 652 tantum
950 592 1167 672 quibus
1198 592 1333 652 data
1364 599 1453 653 est
1481 610 1572 652 aut
1594 591 1641 650 is
1662 599 1719 651 et
1739 598 1977 669 apertus
2001 596 2091 648 est

437 685 647 745 oculus
677 680 920 741 visionis
952 693 1008 741 et
1042 682 1236 757 lingua
1271 700 1413 741 nova
1437 680 1804 741 manifestata
1825 688 1935 741 est.
1970 677 2089 738 Hos

434 772 629 835 adhuc
671 789 981 831 assumens
1020 780 1077 831 et
1122 788 1405 849 separans
1449 770 1525 830 ab
1569 770 1726 848 aliis,
1759 769 1858 848 qui
1889 778 1947 828 et
1974 766 2089 846 ipsi

439 861 658 942 pariter
687 869 826 921 sunt
856 858 1156 938 discipuli,
1195 859 1253 919 in
1300 858 1661 919 Thabcrium
1713 858 2083 935 contempla—

436 950 616 1013 tionis
635 958 893 1010 montem
917 948 1206 1019 ascendit,
1242 955 1297 1007 et
1325 948 1777 1025 transﬁguralur
1799 956 1933 1007 ante
1958 963 2081 1006 eos:

430 1045 554 1121 jam
588 1060 704 1100 non
734 1038 974 1099 initians
1005 1056 1106 1099 eos
1137 1056 1321 1116 regno
1365 1038 1676 1109 calorum,
1712 1038 1814 1097 sed
1850 1036 1936 1096 eis
1980 1056 2082 1096 os-

435 1130 688 1192 tendens
718 1128 1038 1188 divinitatis
1086 1127 1337 1204 gloriam
1377 1135 1431 1186 et
1463 1127 1872 1204 splendorem,
1908 1124 2082 1185 vitam

434 1235 859 1296 sermonesque
891 1235 1095 1276 eorum
1133 1234 1202 1277 ex
1235 1234 1340 1274 suo
1377 1217 1603 1292 fulgure
1637 1215 1865 1293 fulgere
1897 1216 1997 1275 dat
2027 1216 2086 1274 in

441 1310 634 1369 medio
666 1305 947 1367 Ecclesia
974 1305 1260 1376 ﬁdelium,
1296 1303 1681 1381 cogitationes
1712 1323 1916 1365 eorum
1949 1320 2090 1364 cun-‘

434 1398 607 1459 vertit
639 1396 697 1455 in
724 1395 1041 1455 candorem
1062 1414 1129 1455 ac
1162 1394 1476 1473 puritatem
1508 1394 1657 1454 lucis
1689 1393 2083 1464 nitidissima,

436 1496 495 1548 et
523 1485 804 1566 Spiritum
838 1503 1013 1546 suum
1043 1482 1187 1562 ipsis
1236 1482 1469 1553 inserit,
1504 1496 1682 1561 atque
1715 1483 1853 1543 sinit
1884 1502 1985 1544 eos
2017 1503 2085 1543 ex

436 1595 540 1637 ore
572 1575 834 1655 proferre
864 1591 1013 1633 nova
1060 1583 1118 1633 et
1157 1580 1355 1632 vetera
1385 1571 1445 1631 in
1475 1574 1934 1633 aditicationem
1965 1590 2088 1634 sua

2169 605 2254 639 ται
2286 582 2422 639 ἀλλά
2475 606 2641 655 τινας,
2702 584 2845 651 ὅσοις
2901 585 3192 664 προσετέθη
3267 585 3379 661 οῦς,
3451 587 3539 642 καὶ
3579 585 3832 664 ἀνεῴχθη

2171 672 2440 753 ὀφθαλμὸς
2527 676 2781 738 ὀπτασίας
2880 677 2969 731 καὶ
3024 674 3241 752 γλῶσσα
3300 677 3459 744 καινὴ
3513 675 3783 754 ἐτρανώθη
3812 694 3830 711 ⁸

2167 766 2381 827 το’τους
2440 762 2515 819 ἔτι
2595 761 3045 843 παραλαμϐάνων,
3132 767 3220 822 καὶ
3315 766 3668 847 ἀποχωρίζων
3722 766 3833 821 ἀπὸ

2168 858 2272 906 τῶν
2319 848 2515 924 ἄλλων,
2550 856 2637 909 καὶ
2666 855 2841 911 αὐτῶν
2915 854 3169 917 ὡσαύτως
3228 857 3480 930 μαθητῶν
3525 854 3713 928 ὄντων,
3744 853 3834 910 ἐπὶ

2167 941 2227 995 τὸ
2260 938 2529 1021 Θαϐώριον
2561 947 2659 1008 τῆς
2730 943 2948 1021 θεωρίας
3007 943 3289 1023 ἀνέρχεται
3360 942 3503 1024 ὄρος,
3536 946 3627 1001 καὶ
3658 964 3831 1019 μετα-

2169 1038 2455 1109 μορφοῦται
2514 1029 2803 1111 ἔμπροσθεν
2853 1036 3028 1090 αύτ;ῖ›ν
3088 1054 3102 1068 ·
3183 1037 3278 1091 οὒκ
3332 1030 3408 1089 ’ἐτι
3465 1040 3834 1112 μυσταγωγῶν

2168 1119 2351 1182 αὐτοὺς
2374 1120 2440 1174 τά
2462 1121 2559 1186 τῆς
2613 1118 2883 1196 βασιλείας
2925 1122 3030 1177 τῶν
3102 1125 3359 1201 οὗρατῶν,
3418 1120 3556 1178 ἀλλά
3584 1119 3833 1179 δεικνύων

2171 1207 2354 1271 αὒτοῖς
2385 1210 2483 1276 τὴν
2514 1210 2607 1277 τῆς
2658 1211 2909 1277 θεότητος
2996 1208 3147 1276 δόξαν
3191 1233 3248 1266 τε
3312 1214 3398 1268 καὶ
3456 1210 3829 1293 λαμπρότητα,

2170 1298 2255 1353 καὶ
2297 1300 2387 1353 τὸν
2463 1299 2558 1373 μὲν
2601 1304 2917 1379 χαρακτῆρα
2970 1307 3063 1357 τοῦ
3130 1301 3243 1376 βίου
3311 1302 3398 1356 καὶ
3442 1300 3602 1378 λύγου
3633 1303 3825 1373 αὒτῶν,

2168 1387 2398 1464 λάμπειν
2430 1389 2482 1456 ἐξ
2545 1392 2701 1447 αὑτοῦ
2762 1389 2989 1465 δίδωσιν,
3051 1394 3124 1455 ὡς
3185 1394 3272 1448 τὸν
3331 1390 3505 1464 ἣλιον,
3540 1392 3701 1467 μέσον
3729 1397 3831 1459 τῆς

2168 1483 2273 1533 τῶν
2300 1483 2498 1537 πιστῶν
2546 1480 2887 1547 Ἐκκλησίας’
2933 1484 2999 1538 τα
3060 1480 3113 1538 δέ
3167 1484 3411 1557 νοήματα
3453 1486 3625 1541 αὐτῶν
3655 1503 3827 1557 μετα-

2168 1582 2327 1624 ποτεῖ
2383 1571 2454 1633 εἰς
2511 1568 2829 1645 λευκότητα,
2890 1573 2977 1627 καὶ
3032 1572 3368 1651 καθαρότητα
3426 1574 3600 1652 φωτὸς
3659 1573 3829 1650 ὓπερ-

2168 1654 2435 1738 λάμπρου,
2477 1661 2566 1716 καὶ
2634 1662 2726 1715 τὸν
2778 1659 2896 1716 νοῦν
2950 1661 3135 1719 ἑαυτοῦ
3189 1662 3376 1723 αὐτοῖς
3428 1660 3707 1728 ἐντίθησιν,
3741 1662 3833 1717 καὶ

2168 1743 2403 1825 ἐκφέρειν
2432 1746 2651 1805 ἀπολύει
2708 1747 2792 1804 διὰ
2849 1749 3112 1825 στόματος
3174 1751 3328 1810 καινα
3385 1771 3442 1805 τε
3483 1753 3571 1807 καὶ
3600 1748 3829 1830 παλαιὰ,

2110 1861 2151 1909 D
2170 1834 2241 1899 εἷς
2272 1835 2556 1911 οἰκοδομὴν
2586 1843 2684 1904 τῆς
2707 1844 2801 1894 τοῦ
2832 1837 3177 1904 Ἐκκλησίας.

2248 1924 2333 1981 τπδ’
2368 1926 2561 1983 Πολλοὶ
2582 1929 2677 1990 τας
2730 1928 2928 1983 ἑαυτῶν
2986 1928 3171 2007 χώρας
3242 1926 3295 1983 ἐν
3353 1926 3626 2003 ἐπιμελείᾳ
3652 1925 3835 2003 πολλῇ

433 2023 564 2084 lunt
592 2020 653 2083 in
677 2021 883 2101 eisque
916 2036 1128 2100 purum
1156 2038 1361 2081 svmcn
1389 2020 1642 2099 jaciunt,
1675 2022 1952 2103 vepribus
1981 2040 2074 2082 an-

2165 2016 2526 2095 ἐγεώργησαν,
2586 2019 2673 2073 καὶ
2748 2017 2957 2096 σπέρμα
3036 2018 3264 2096 καθαρὸν
3341 2017 3393 2073 ἐν
3449 2022 3638 2081 αὐταῖς
3693 2038 3834 2073 κατ-

435 2122 528 2174 tea
556 2111 765 2173 recisis
787 2120 843 2172 et
869 2110 1137 2171 sentibus
1175 2111 1308 2185 igne
1334 2111 1693 2189 panitentia
1728 2112 2074 2185 combustis;

2164 2105 2416 2163 εϐάλοντο
2475 2107 2569 2169 τὰς
2629 2107 2854 2171 ἀκάνθας
2910 2110 3391 2185 προυποτεμόντες,
3450 2108 3539 2163 καὶ
3595 2108 3690 2170 τὰς
3720 2128 3832 2184 τρι-

436 2201 540 2263 sed
562 2200 699 2282 quia
731 2218 844 2260 non
879 2197 1022 2277 pluit
1059 2199 1117 2258 in
1152 2198 1239 2258 eis
1270 2198 1540 2260 imbrifer
1580 2198 1685 2260 Dei
1730 2198 1983 2280 Spiritus
2008 2218 2074 2260 ex

2164 2193 2348 2258 ϐόλους
2405 2199 2484 2271 τῷ
2539 2197 2660 2274 πυρὶ
2715 2201 2813 2263 τῆς
2875 2196 3154 2271 μετανοίας
3233 2196 3625 2275 ἐμπρήσαντες,
3689 2193 3827 2251 ἀλλά

436 1664 738 1728 Ecclesia.

515 1934 614 1997 84.
650 1932 816 1995 Multi
850 1948 990 1992 suos
1017 1949 1188 2010 agros
1220 1950 1355 1992 cum
1392 1950 1603 2010 magna
1639 1931 1945 2011 diligentia
1976 1950 2082 1993 co-

424 2289 901 2370 compunctione,
950 2288 1096 2348 nihil
1144 2287 1284 2348 inde
1329 2297 1575 2353 metunt.
1612 2289 1905 2369 siquidem
1932 2298 2077 2350 astu

424 2379 628 2441 siccati
678 2387 840 2451 sunt,
907 2396 1016 2438 nec
1065 2376 1306 2437 sibimet
1364 2378 1766 2456 produxerunt
1823 2379 2073 2439 fructum

427 2469 815 2549 multiplicem
850 2466 1118 2527 scientia
1150 2465 1277 2527 Dei.
1312 2464 1517 2545 Itaque
1546 2467 1595 2527 si
1630 2486 1744 2527 non
1785 2467 1943 2528 verbi
1977 2468 2072 2528 di-

425 2558 543 2620 vini
576 2557 821 2637 penuria
854 2555 1071 2623 enecti,
1103 2557 1310 2616 saltem
1348 2556 1610 2617 scientia
1645 2558 1745 2619 Dei
1778 2556 1988 2637 inopes
2019 2565 2077 2617 et

427 2647 702 2708 manibus
731 2644 895 2706 vacui
929 2644 1254 2724 perierunt,
1291 2647 1509 2724 quippe
1540 2645 1641 2724 qui
1680 2664 1821 2725 paea
1854 2656 2076 2707 tantum

428 2736 712 2797 alimenta
740 2754 807 2797 ex
841 2734 1183 2823 elemosyna
1202 2733 1319 2795 sibi
1354 2733 1758 2814 providerant.

506 3005 605 3067 85.
639 2999 989 3081 Quicunque
1021 3016 1331 3061 sermones
1361 2998 1536 3060 utiles
1588 3019 1693 3063 ore
1742 3002 1969 3082 profert
2000 3002 2072 3064 ad

2159 2284 2243 2343 διὰ
2274 2288 2334 2341 τὸ
2365 2286 2440 2359 μὴ
2476 2284 2651 2363 βρέξαι
2701 2285 2755 2341 ἐν
2811 2289 2999 2348 αὐταῖς
3056 2282 3147 2341 τὸν
3207 2287 3338 2341 Θεὸν
3389 2287 3536 2341 ὑετὸν
3574 2285 3825 2359 Πνεύμα-

3039 2372 3183 2433 οὐδὲν
3239 2373 3440 2433 ἐκεῖθεν
3489 2375 3771 2449 ἡμήσαντο
3805 2399 3821 2414 -

2157 2471 2235 2539 τῷ
2292 2468 2489 2543 αὖχμῴ
2540 2466 2639 2543 γαρ
2716 2463 3097 2542 ἐξηράνθησαν,
3179 2465 3267 2520 καὶ
3324 2466 3413 2520 τὸν
3471 2464 3672 2543 στάχυν
3735 2468 3826 2520 τὸν

2162 2552 2429 2632 πολύχονν
2476 2558 2570 2612 οὒκ
2622 2553 3068 2632 ἀκαρποφόρησαν
3139 2552 3375 2622 ἑαυτοῖς,
3436 2558 3534 2620 τῆς
3573 2560 3664 2609 νοῦ
3693 2559 3828 2609 Θεοῦ

2161 2643 2430 2720 γνώσεως,
2468 2644 2562 2698 Διὸ
2585 2644 2628 2697 εἰ
2658 2644 2745 2699 καὶ
2775 2642 2851 2716 μὴ
2882 2640 3025 2717 λιμῷ
3054 2642 3215 2721 λόγου
3249 2650 3403 2714 Θεοῦ,
3436 2640 3571 2698 ἀλλά
3600 2641 3826 2708 πένητες

2158 2396 2245 2437 τος
2279 2374 2428 2449 ἀγῖου
2488 2374 2547 2428 ἐκ
2608 2374 2961 2446 κατανύξεως,

2160 2732 2405 2810 γνώσεως
2454 2740 2608 2811 Θεοῦ,
2667 2734 2755 2788 καὶ
2817 2734 2959 2788 κενοὶ
3013 2745 3134 2794 ταῖς
3233 2734 3416 2813 χερσὶν
3470 2730 3823 2812 ἐναπέψυξαν,

2161 2820 2356 2898 ὀλίγοις
2407 2824 2537 2879 τισὶν
2584 2824 2657 2885 εἰς
2712 2820 2994 2901 διατροφὴν
3081 2820 3133 2887 ἐξ
3216 2822 3400 2901 ἐράνου
3458 2818 3825 2900 ἐφοδιάσαντες

2159 2932 2250 2965 εαυ
2267 2932 2398 2973 .ο.ς.

2239 2988 2348 3061 πεί
2398 3005 2507 3063 Hic,
2538 3001 2566 3055 ὁ
2613 2999 2847 3079 ἐκφέρων
2902 2998 3093 3078 λόγους
3143 2999 3397 3081 ὡφελείας
3428 2999 3534 3056 ἀπὸ
3562 3006 3654 3055 τοῦ
3686 3001 3819 3056 στό-

428 3091 878 3154 aditicationem
933 3089 1205 3168 proximi,
1258 3088 1333 3149 de
1379 3088 1534 3149 bono
1567 3092 1840 3153 thesauro
1878 3092 2074 3154 cordis

2164 3110 2352 3164 ματος,
2386 3090 2459 3152 εἰς
2514 3085 2796 3163 οἷκοδυμὴν
2854 3096 2946 3145 τοῦ
3002 3088 3250 3169 πλήσίον,
3305 3089 3364 3145 ἐκ
3392 3092 3653 3167 θεσαυρῶν
3685 3111 3823 3167 καρ-

429 3181 652 3260 profert
700 3179 854 3248 illos,
909 3148 1042 3240 cium
1094 3179 1173 3239 sit
1218 3178 1346 3257 ipse
1388 3176 1600 3252 bonus,
1653 3181 1821 3260 juxta
1870 3200 2071 3244 vocem

2164 3148 2171 3163 .
2313 3148 2352 3164 -ι
2445 3148 2455 3152 τ
2690 3148 2700 3163 ι
2755 3148 2766 3155 -
3102 3148 3111 3159 ι
3237 3148 3250 3169 1
3552 3148 3562 3167 .
3757 3148 3767 3167 ι

2164 3176 2266 3244 δίας
2316 3179 2523 3257 ἀγαθῶν
2579 3178 2782 3257 ἐκφέρει
2839 3180 3051 3254 αὐτοὺς,
3124 3179 3317 3257 ἀγαθὸς
3377 3179 3474 3252 ὢν,
3532 3179 3669 3235 κατά
3723 3180 3824 3246 τὴν

423 3268 686 3331 Domini.
737 3266 923 3329 Nemo
965 3277 1158 3328 autem
1202 3276 1393 3347 potest
1442 3268 1803 3348 loquendum
1839 3270 1913 3331 de
1954 3275 2074 3334 Deo

2164 3275 2249 3324 τοῦ
2306 3268 2492 3347 Κυρίου
2562 3270 2767 3347 φωνήν,
2829 3267 2975 3327 Οῦδεὶ
3030 3267 3084 3324 δὲ
3149 3266 3360 3325 δύναται
3422 3270 3493 3333 εἷς
3549 3267 3823 3345 θεολογίαν

423 3358 673 3420 moveri.
701 3377 770 3419 ac
816 3358 1021 3419 dicere
1066 3376 1197 3437 qua
1243 3368 1379 3416 sunt
1429 3356 1558 3431 Dei,
1596 3358 1711 3419 nisi
1757 3360 1814 3420 in
1849 3358 2074 3441 Spiritu

2164 3359 2462 3429 κινηθῆναι,
2499 3359 2586 3413 καὶ
2624 3358 2795 3413 εἰπεῖν
2844 3359 2909 3414 τὰ
2967 3360 3084 3437 περὶ
3147 3366 3302 3433 Θεοῦ,
3360 3359 3405 3413 εἰ
3463 3360 3541 3433 μὴ
3573 3356 3627 3412 ἐν
3654 3357 3823 3413 [Ινεύ-

422 3457 677 3523 sancto;
727 3457 786 3508 et
834 3465 1011 3507 nemo
1071 3446 1130 3506 in
1181 3445 1402 3526 Spiritu
1458 3448 1563 3509 Dei
1611 3448 1884 3529 loquens,
1934 3450 2074 3511 dicit

2164 3469 2287 3522 ματι
2318 3446 2452 3523 ἀγίῳ
2486 3463 2498 3476 ·
2534 3448 2620 3504 καὶ
2651 3446 2815 3510 οὐδεὶς
2867 3445 2919 3504 ἐν
2972 3448 3237 3522 Πνεύματι
3304 3454 3457 3527 Θεοῦ,
3493 3446 3694 3527 λαλῶν,
3723 3445 3822 3502 λέ-

423 3538 721 3599 contraria
754 3536 887 3599 ﬁdei
922 3554 1054 3616 qua
1085 3544 1173 3596 est
1206 3537 1264 3596 in
1299 3535 1625 3616 Christum,
1661 3540 1760 3599 sed
1790 3549 2072 3619 quantum

423 3626 697 3702 aedificat,
732 3634 958 3689 tantum
992 3626 1180 3687 elevat
1203 3624 1275 3685 ad
1300 3625 1482 3685 Deum
1513 3626 1763 3708 ejusque
1796 3647 2066 3707 regnum,

420 3717 482 3778 in
520 3717 947 3797 pristinamque
980 3716 1234 3776 restituit
1269 3715 1635 3776 nobilitatem
1663 3736 1730 3778 ac
1762 3717 1882 3779 Deo
1922 3737 2069 3780 con-

412 3806 614 3886 jungit
645 3806 875 3885 aliquos
907 3822 1109 3865 eorum
1143 3807 1240 3884 qui
1277 3804 1599 3865 salvantur.
1628 3806 1689 3868 Si
1718 3816 1916 3867 autem
1952 3827 2071 3869 ma-

421 3894 717 3955 nifestatio
749 3892 1004 3973 Spiritus
1038 3892 1357 3972 unicuique
1391 3893 1563 3953 datur
1605 3896 1673 3955 ad
1728 3896 2067 3978 utilitatem,

425 3982 526 4063 qui
556 4000 697 4061 ergo
750 3999 1029 4043 sermone
1082 3981 1392 4061 sapientia
1447 3981 1554 4043 Dei
1605 3984 1823 4048 ditatus
1854 3995 1912 4047 et
1942 4004 2068 4047 ser-

422 4071 689 4133 scientia
709 4071 951 4150 gaudet,
985 4070 1086 4131 ille
1126 4071 1235 4132 sub
1283 4070 1462 4130 divini
1501 4071 1756 4152 Spiritus
1790 4074 2071 4139 instinctu

421 4161 557 4239 agit,
612 4169 668 4221 et
702 4160 990 4241 templum
1045 4168 1134 4221 est
1187 4159 1557 4222 inﬁnitarum
1605 4161 1715 4223 Dei
1758 4164 2070 4226 thesauro-

420 4267 581 4310 rum.

502 4338 602 4401 86.
639 4337 767 4400 Non
802 4337 1162 4420 relinquitur
1188 4341 1392 4418 gratia
1421 4341 1673 4422 Spiritus
1702 4340 1896 4422 inops,
1931 4342 2070 4423 qui-

421 4446 656 4509 cunque
688 4428 749 4489 in
796 4427 1033 4491 Christo
1093 4428 1417 4509 baptizatus
1465 4439 1553 4492 est
1601 4442 1660 4494 et
1711 4432 1986 4505 credidit,
2021 4432 2069 4494 si

421 4518 686 4578 nondum
712 4536 777 4578 se
798 4517 1088 4597 captivum
1120 4519 1364 4580 tradidit
1391 4522 1462 4582 ad
1495 4540 1734 4583 omnem
1767 4523 2068 4601 operatio—

423 4624 559 4666 nem
592 4606 836 4683 maligni
860 4606 1103 4686 Spiritus
1136 4627 1245 4669 nec
1275 4609 1453 4670 ﬁdem
1486 4629 1651 4672 suam
1681 4611 2069 4692 malisiuqui-

419 4693 580 4755 navit
609 4695 912 4770 cineribus.
949 4696 1064 4757 Aut
1092 4695 1141 4757 si
1174 4697 1372 4777 tepide
1402 4717 1469 4760 ac
1495 4699 1865 4778 negligenter
1894 4701 2065 4775 vivat,

418 4782 741 4848 dummodo
771 4784 928 4865 apud
958 4785 1123 4846 illum
1157 4790 1259 4867 qui
1289 4788 1679 4851 inexstinctas
1710 4790 2072 4851 conservavit

421 4872 677 4953 Spiritus
706 4875 893 4937 sancti
950 4875 1243 4955 primitias
1274 4877 1335 4938 in
1376 4896 1544 4939 sacro
1580 4878 1932 4960 baptismate
1963 4898 2068 4942 ac-

419 4972 642 5043 ceptas,
677 4964 858 5026 fidem
913 4964 1262 5027 exstinctam
1301 4968 1657 5029 reaccendat
1687 4987 1756 5030 ex
1789 4968 2069 5044 operibus

411 5052 682 5133 justitia,
719 5053 1092 5133 impossibile
1123 5064 1210 5116 est
1242 5075 1376 5118 eum
1410 5058 1585 5137 hujus
1630 5058 2066 5138 plenitudinem

419 5161 537 5203 non
570 5160 951 5223 recuperare.
989 5141 1096 5205 Vel
1132 5144 1289 5206 enim
1325 5145 1546 5208 bonum
1594 5157 1900 5223 certamen
1932 5167 2069 5210 cer-

420 5241 571 5311 tans,
622 5251 931 5294 semonem
982 5233 1289 5312 sapientia
1321 5235 1427 5298 Dei
1479 5246 1743 5298 meretur
1794 5237 2071 5317 accipere

420 5339 529 5402 per
554 5321 984 5399 plenitudinem
1009 5321 1374 5402 Spiritus,ad
1400 5326 1850 5389 instructionem
1871 5327 2072 5389 Eccle-

418 5409 565 5483 sia;
618 5412 708 5471 vel
769 5430 1110 5473 sermonem
1170 5414 1433 5475 scientia
1493 5417 1905 5496 mysteriorum
1962 5417 2069 5479 Dei

420 5499 747 5565 secundum
780 5501 1057 5561 eumdem
1080 5499 1387 5581 Spiritum,
1415 5504 1487 5566 ad
1510 5506 1824 5567 sciendum
1850 5515 2065 5587 myste-

417 5587 508 5648 ria
538 5588 707 5665 regni
731 5590 1041 5664 calorum;
1066 5591 1158 5652 vel
1191 5593 1488 5655 sinceram
1533 5596 1712 5657 tidem
1756 5596 1816 5657 in
1850 5597 2062 5658 eodem

421 5670 669 5761 Spiritu,
722 5678 793 5739 ad
842 5678 1211 5742 credendum
1282 5684 1778 5764 promissionibus
1836 5685 1943 5748 Dei
1990 5688 2064 5750 ad

2158 3536 2336 3614 γειτά
2407 3536 2615 3593 ἐναντία
2670 3537 2766 3603 τῆς
2825 3538 2898 3600 εἷς
2958 3540 3182 3617 Χριστὸν
3238 3536 3491 3610 πίστεως,
3553 3534 3672 3591 ἀλλ’
3724 3535 3825 3593 ὅσα

2154 3622 2449 3701 οἰκοδομεῖ,
2482 3625 2579 3681 ὅσα
2607 3627 2737 3705 πρὸς
2810 3628 2940 3682 Θεὸν
3008 3627 3216 3707 ἀνάγει,
3268 3626 3357 3683 καὶ
3420 3627 3520 3693 τὴν
3550 3623 3823 3701 βασιλείαν

2155 3714 2336 3787 αὐτοῦ,
2399 3717 2487 3771 καὶ
2556 3716 2652 3783 τὴν
2722 3713 2955 3773 πκλαιὰν
3018 3716 3284 3793 εὐγένειαν
3352 3715 3703 3789 ἀποκαθιστᾷ⁹
3733 3722 3825 3778 καὶ

2156 3804 2404 3861 συνάπτει
2466 3812 2581 3879 Θεῷ
2634 3810 2738 3861 τῶν
2811 3804 3128 3881 σωζομένων
3197 3807 3373 3869 τινας.
3435 3807 3494 3862 Εἰ
3550 3804 3606 3861 δὲ
3667 3806 3822 3871 καὶὴ

2156 3893 2449 3973 φανέρωσις
2505 3904 2598 3953 τοῦ
2696 3896 2998 3969 Πνεύματος
3055 3896 3263 3969 ἑκάστῳ
3334 3892 3501 3951 δίοται
3601 3896 3731 3973 πρὸς
3761 3895 3825 3949 τὸ

2156 3984 2439 4064 συμφέρον,
2474 3984 2573 4063 ἄρα
2617 3986 2645 4040 ὁ
2698 3986 2796 4040 τὸν
2854 3984 3013 4064 λόγον
3075 3984 3465 4051 πεπλουτηκὼς
3508 3989 3607 4051 τῆς
3637 3985 3822 4064 σοφίας

2155 4081 2305 4146 Θεοῦ,
2342 4075 2427 4129 ναὶ
2457 4081 2549 4130 τοῦ
2612 4072 2775 4150 λόγου
2860 4080 2959 4141 τῆς
3023 4075 3269 4153 γνώσεως
3342 4074 3686 4154 εὖμοιρῆσας,
3719 4074 3823 4130 ὑπὸ

2152 4174 2244 4222 τοῦ
2271 4163 2407 4219 θείου
2471 4171 2775 4239 Πνεῦματος
2833 4163 3149 4243 ἐνεργεῖται,
3200 4166 3286 4221 καὶ
3343 4165 3499 4227 οἶκος
3561 4164 3672 4220 ἐστι
3713 4169 3823 4219 τῶν

2154 4253 2734 4344 ἀκενώτπείνθησαυρῶν
2766 4260 2858 4310 τοῦ
2890 4262 3046 4315 Θεοῦ.

2235 4333 2379 4417 πζ’.
2427 4333 2673 4422 ’Λμοιρος
2706 4347 2765 4401 ού
2794 4343 3253 4419 καταλιμπάνεται
3311 4348 3409 4409 τῆς
3454 4350 3546 4399 τοῦ
3581 4349 3822 4417 Πνευμα-

2094 4454 2244 4521 Βτος
2302 4433 2547 4513 χάριτος,
2611 4439 2715 4497 πᾶς
2760 4436 2807 4521 ὁ,
2854 4435 2933 4521 ,εἷς
2989 4434 3211 4512 Χριστὸν
3271 4433 3573 4509 βαπτισθεὶς
3603 4433 3691 4521 καὶ
3722 4455 3822 4488 πι-

2154 4522 2396 4601 στεύσας,
2435 4524 2476 4577 εἶ
2509 4523 2692 4598 μὴπου
2784 4520 2992 4580 ἔκδοτον
3029 4524 3213 4579 ἑαυτὸν
3250 4523 3321 4588 εἷς
3352 4529 3525 4579 πᾶσαν
3555 4520 3823 4600 ἐνέργειαν

2149 4611 2243 4668 τοῦ
2285 4610 2519 4669 ἐναντίου
2576 4610 2765 4669 δέδωκε
2825 4614 3150 4692 πνεύματος,
3210 4614 3296 4668 καὶ
3345 4614 3445 4679 τὴν
3493 4613 3669 4669 πίστιν
3699 4623 3820 4673 τοῖς

2151 4699 2175 4721 ν
2382 4700 3442 4758 summam-ww
3599 4700 3821 4757 "é‘

2153 4723 2324 4781 εργοις
2412 4725 2480 4758 πο
2518 4724 2632 4759 δίεν
2745 4725 2783 4768 η
2935 4725 3062 4777 υμιᾳ
3115 4725 3201 4759 και
3254 4722 3358 4777 αμε
3397 4723 3476 4774 ειᾳ
3535 4724 3689 4778 συνη,
3764 4724 3825 4765 πι

2153 4794 2243 4847 τὸν
2292 4791 2390 4859 τὴν
2449 4792 2703 4873 ἀπαρχὴν
2760 4799 2853 4849 τοῦ
2904 4791 3054 4871 ἄγίου
3124 4792 3430 4866 Πνεύματος
3484 4790 3827 4870 τετηρηκότι

2150 4877 2423 4956 ἄσϐεστον,
2481 4882 2548 4948 ἦν
2608 4883 2668 4937 ἐκ
2745 4888 2835 4938 τοῦ
2918 4882 3068 4960 ἁγίου
3152 4882 3519 4958 βαπτίσματος
3578 4877 3765 4937 ἔλαϐεν
3803 4899 3818 4914 °

2151 4971 2466 5047 σβεσθεϊσαν
2515 4971 2789 5046 ἀνάψαντα
2846 4970 2900 5026 ἐν
2943 4969 3112 5049 ἔργων
3153 4968 3529 5044 δικαιοσύνης,
3579 4970 3675 5025 οῦκ
3716 4991 3830 5026 εστι

2151 5062 2230 5135 μὴ
2300 5061 2423 5141 οὒχὶ
2491 5062 2580 5117 καὶ
2633 5064 2695 5117 τὸ
2751 5060 3022 5140 πλήρωμα
3078 5064 3239 5126 dom;
3297 5067 3483 5116 τοῦτον
3513 5057 3709 5116 ἄνωθεν
3740 5056 3824 5115 δέ·

2152 5148 2333 5214 ξασθαι
2368 5166 2381 5180 ⁸
2436 5149 2472 5218 ἢ
2537 5151 2635 5229 γὰρ
2688 5148 2866 5216 καλῶς
2935 5150 3335 5227 ἀγωνισάμενος
3391 5156 3483 5207 τοῦ
3526 5147 3689 5227 λόγου
3719 5153 3822 5215 τῆς

2153 5242 2335 5320 σοφίας
2366 5246 2519 5313 Θεοῦ,
2552 5237 2636 5294 διὰ
2697 5250 2789 5299 τοῦ
2830 5238 3194 5317 πληρώματος
3248 5237 3477 5304 ἀξιοῦται
3508 5246 3601 5294 τοῦ
3648 5240 3819 5295 Πνεύ-

2153 5351 2319 5405 ματος
2378 5331 2449 5393 εἷς
2492 5327 2830 5385 διδασκαλίαν
2857 5330 2956 5394 τῆς
3015 5326 3344 5395 Ἐκκλησίας
3397 5348 3411 5363 ⁸
3465 5328 3501 5396 ἢ
3547 5334 3637 5384 τοῦ
3660 5326 3823 5406 λόγου

2150 5425 2249 5487 τῆς
2318 5422 2565 5498 γνώσει-κ
2622 5423 2726 5476 τῶν
2800 5420 3102 5499 μυστηρίων
3148 5425 3299 5491 Θεοῦ,
3361 5420 3495 5475 κατα
3565 5419 3627 5474 1:")
3686 5419 3817 5474 αοδτδ

2154 5518 2364 5586 Πνεῦμα
2427 5511 2499 5572 εἰς
2557 5511 2619 5565 τὸ
2694 5506 2879 5565 εἰδέναι
2953 5510 3017 5564 τὰ
3074 5510 3337 5586 μυστήρια
3393 5513 3492 5574 τῆς
3547 5504 3819 5583 βασιλείας

2147 5606 2253 5656 τῶν
2283 5600 2514 5679 οὖρανῶν
2550 5618 2564 5632 ·
2612 5599 2649 5666 ἢ
2708 5604 2805 5667 τῆς
2864 5596 3155 5655 ἐνδιαθέτου
3222 5600 3448 5660 πίστεως
3480 5597 3534 5653 ἐν
3563 5599 3641 5671 τῷ
3669 5600 3819 5668 αὒτῲ

2148 5689 2436 5764 Πνεύματι,
2514 5689 2586 5752 εἷς
2658 5688 2717 5745 τὸ
2778 5688 3040 5744 πιστεύειν
3131 5686 3225 5751 τὰς
3308 5683 3627 5764 ἐπαγγελίας
3685 5691 3819 5743 Θεοῦ
