4144 6382
279 331 432 398 1001
1220 346 1766 414 GNOSTICORUM
1809 350 1936 413 CAI

2025 347 2148 413 lUM
2192 353 2587 421 CENTURIA
2631 360 2742 422 III.
3521 362 3679 430 1002

280 470 419 524 κατά
462 471 552 528 τὸν
584 469 828 553 ’Λϐραάμ
896 492 909 505 '
971 478 1007 547 ἢ
1063 489 1154 540 τοῦ
1210 484 1539 564 χαρίσματος
1569 491 1675 541 τῶν
1700 484 1936 560 ἰαμάτων

2025 478 2211 543 instar
2249 482 2590 561 Abraham;
2643 488 2735 550 vel
2785 488 3032 567 gratiam
3081 492 3394 556 sanitatum
3440 494 3503 557 in
3548 515 3668 560 uno

281 556 339 612 ἐν
359 566 435 633 τῷ
463 564 604 636 αὖτῷ
665 565 952 647 Πνεύματι,
1013 570 1085 633 εἷς
1140 556 1429 630 τὸηῖἀσθαι
1499 576 1593 638 τὰς
1643 575 1822 639 νόσους
1855 591 1870 606 ⁸
1901 571 1936 639 ἢ

2025 566 2259 651 spiritu,
2311 572 2383 633 ad
2443 556 2741 638 sanandos
2786 556 3074 658 morbos;
3122 581 3212 643 vel
3264 585 3671 664 operationem

278 647 376 715 τῆς
442 650 704 730 ἐνεργείας
762 659 866 710 τῶν
915 654 1205 741 δυνάμεων,
1263 662 1333 727 εἷς
1398 664 1457 719 τὸ
1527 661 1799 738 δαίμονας,
1830 661 1934 718 ἀπ-

279 734 332 763 -‘l
348 757 482 763 μου--
510 761 515 763 Α
548 740 632 763 --Α
688 762 705 763 φ
822 756 846 763 ,.
1032 758 1054 763 _.
1171 748 1197 763 ,ι
1290 755 1317 763 .-
1642 753 1652 763 .
1800 752 1814 763 ι
1911 750 1924 763 .

2025 647 2326 763 virtutum,
2348 661 2423 762 ad
2445 662 2749 763 daemones
2780 647 3091 763 pellendos
3112 676 3170 731 et
3189 647 3357 750 signa
3369 647 3676 763 facienda;

278 734 517 793 ελαυνειν
547 740 635 795 καὶ
677 756 881 817 σημεῖα
904 758 1081 802 ποιεῖν
1116 767 1131 781 ·
1256 755 1352 817 τῆς
1395 734 1737 832 προφητείας,
1774 734 1846 813 εἷς
1877 750 1936 806 τὸ

2025 746 2110 842 vel
2132 750 2527 842 prophetiam,
2548 753 2621 815 ad
2653 734 3111 835 providendum,
3135 777 3204 821 ac
3225 734 3675 842 praedicendum

276 831 511 905 προορᾷν
560 829 649 884 καὶ
690 830 969 911 προλέγειν
1038 837 1102 892 τὰ
1159 829 1471 914 μέλλοντα·
1605 847 1702 909 τῆς
1732 840 1935 918 διακρί-

278 935 418 978 σεως
465 922 571 971 τῶν
608 921 946 1003 πνευμάτων,
994 926 1066 989 εἷς
1110 928 1170 982 τὸ
1213 924 1490 1008 διακρίνειν
1542 930 1621 994 τίς
1680 931 1732 988 ἐν
1766 929 1935 986 Πνεύ-

277 1025 409 1077 ματι
443 1011 573 1064 Θεοῦ
600 1005 771 1086 λέγει,
801 1012 887 1067 καὶ
915 1013 991 1078 τίς
1040 1013 1098 1070 οὗ
1132 1031 1145 1045 ⁸
1176 1015 1212 1084 ἢ
1282 1005 1379 1085 της
1426 1020 1704 1096 ἑρμηνείας
1747 1016 1936 1098 διαφό-

276 1113 385 1169 ρων
412 1092 670 1171 γλωσσῶν
705 1117 722 1133 ⁶
778 1099 812 1167 ἢ
854 1106 954 1167 τῆς
1006 1103 1342 1181 ἀντιλήψεως
1412 1114 1516 1164 τῶν
1545 1107 1938 1183 καταπονουμέ-

277 1204 383 1238 νων
421 1198 433 1212 '
570 1187 669 1253 τῆς
742 1186 1102 1268 κυϐερνήσεως
1159 1199 1418 1270 ποιμνίων
1461 1204 1613 1274 Θεοῦ,
1669 1199 1755 1254 καὶ
1783 1197 1933 1253 λαοῦ⁰

275 1270 315 1337 ἦ
362 1273 463 1339 τῆς
522 1275 652 1353 πρὸς
709 1278 905 1343 πάντες
974 1282 1210 1359 ἀγάπης,
1276 1288 1363 1341 καὶ
1420 1290 1524 1343 τῶν
1590 1270 1938 1367 χαρισμάτων

274 1360 443 1428 αὖτῆς
498 1364 596 1430 τῆς
652 1370 1035 1445 μακροθυμίας,
1093 1378 1193 1440 τῆς
1252 1360 1645 1454 χρηστότητος,
1671 1360 1786 1433 ’καὶ
1832 1382 1937 1433 τῶν

277 1446 457 1505 ἄλλων
487 1454 643 1527 ὁμοῦ.
694 1457 752 1511 Εἰ
782 1454 835 1512 δὲ
880 1457 935 1513 ἐκ
994 1461 1204 1519 πάντων
1255 1446 1460 1522 τούτων
1507 1446 1723 1545 ἄμοιρος
1755 1469 1936 1545 εὑρεθῇ

274 1559 385 1610 τισ,
420 1541 515 1595 οὑκ
566 1540 703 1621 ἔχω,
762 1551 875 1608 πῶς
930 1547 1072 1604 ε’ίπω
1114 1552 1203 1607 τὸν
1260 1560 1499 1610 τοιοῦτον
1541 1558 1753 1636 πιστὸν,
1780 1556 1817 1623 ἣ
1846 1563 1937 1613 τοῦ

277 1628 578 1709 καταλόγου
635 1640 741 1691 τῶν
797 1634 1152 1715 ἐνδεδυμένων
1226 1647 1447 1723 Χριστὸν
1478 1646 1585 1703 ἀπὸ
1656 1657 1749 1707 τοῦ
1801 1649 1938 1706 θείου

275 1718 670 1794 βαπτίσματος.

362 1798 473 1880 πζ”.
520 1801 576 1868 εΟ
604 1813 703 1880 τὴν
734 1815 949 1893 ἀγάπην
980 1818 1147 1902 ἔχων,
1198 1823 1293 1881 οὒκ
1320 1823 1436 1882 οἶδε
1479 1824 1563 1884 διὰ
1604 1827 1766 1899 ζῆλον
1810 1832 1941 1909 φθο-

280 1910 417 1972 νεῖν,
452 1903 512 1958 οὐ
569 1906 939 1984 περπερεύεται
996 1912 1071 1974 ὡς
1142 1910 1438 1992 ἐπηρμένος
1490 1919 1577 1973 καί
1644 1919 1937 1997 προπὲτης,

279 1990 341 2045 οὐ
371 1997 642 2068 φυσιοῦται
702 1997 838 2053 κατά
897 2020 1060 2075 τινος,
1120 2006 1213 2061 οὒκ
1268 1999 1577 2085 ἀσχημονεῖ
1632 2010 1697 2064 τὰ
1728 2010 1942 2089 ἀπρεπῆ

279 2078 416 2155 πρὸς
445 2081 538 2135 τὸν
585 2079 833 2160 πλησίον,
897 2094 1087 2169 ποιῶν,
1162 2096 1222 2150 οὐ
1267 2099 1422 2163 ζητεῖ
1464 2097 1528 2151 τὰ
1585 2096 1770 2155 ἑαυτοῦ
1800 2121 1940 2173 συμ-

278 2165 509 2246 φέροντα
566 2172 727 2253 μόνα,
787 2173 923 2232 ἀλλά
977 2165 1084 2233 καὶ-
1132 2181 1199 2235 τὰ
1227 2188 1319 2238 τοῦ
1377 2182 1627 2266 πλησίον,
1690 2188 1750 2243 οὺ
1799 2210 1943 2267 παρ-

277 2251 514 2318 οξύνεται
559 2260 693 2316 κατὰ
723 2267 828 2317 τῶν
878 2263 1181 2324 λυπούντων
1225 2269 1464 2351 ταχέως,
1526 2277 1584 2332 οὐ
1652 2273 1936 2353 λογίζεται,

279 2343 326 2397 εἷ
355 2344 498 2420 πάθῃ
528 2348 659 2404 ποτέ
686 2372 736 2405 τι
774 2355 962 2433 κακὸν,
1021 2360 1080 2415 οὐ
1133 2358 1309 2437 χαίρει
1368 2361 1454 2417 ἐπὶ
1512 2368 1581 2439 τῇ
1637 2361 1810 2437 ἀδικίᾳ
1837 2365 1943 2421 τῶν

280 2431 471 2514 φίλων,
506 2439 780 2518 συγχαίρει
810 2438 863 2496 δὲ
915 2431 982 2520 τῇ
1043 2431 1263 2519 ἀληθεία
1330 2450 1429 2517 τῆς
1495 2431 1826 2522 δικαιοσύνης
1858 2458 1945 2513 αὒ-

279 2523 390 2577 τῶν
423 2540 437 2554 ⁰
494 2525 666 2584 πάντα
723 2529 895 2608 στέγει
978 2534 1044 2589 τὰ
1087 2534 1424 2617 ἐπερχόμενα
1480 2543 1622 2615 αὐτῷ
1680 2542 1891 2624 λυπηρά
1922 2561 1936 2575 ⁸

280 2611 456 2668 πάντα
486 2611 538 2679 ἐξ
593 2615 899 2685 ἁπλότητος
956 2625 1042 2678 καὶ
1094 2624 1317 2691 ἁκακίας
1375 2632 1630 2707 πιστεύει,
1678 2633 1851 2689 πάντα
1880 2635 1947 2690 τὰ

282 2698 661 2779 ἐπηγγελμένα
693 2708 827 2782 ἡμῖν
858 2709 963 2766 ἀπὸ
995 2718 1125 2769 Θεοῦ
1195 2714 1390 2788 ἐλπίζει
1422 2698 1742 2798 ἀπολαϐεῖν,
1774 2723 1946 2802 πάνρα

2018 834 2378 915 futura;vel
2424 834 2850 908 discretionem
2904 834 3246 929 spirituum,
3301 849 3378 911 ad
3435 851 3673 917 discer-

2021 925 2282 1021 nendum
2313 929 2446 1010 quis
2475 931 2534 992 in
2568 930 2789 1013 Spiritu
2836 925 2950 997 Dei
2992 936 3291 1018 loquatur,
3342 940 3478 1021 quis
3507 961 3673 1021 non;

2021 1014 2114 1075 vel
2170 1016 2725 1108 interpretationem
2781 1014 3091 1088 variarum—
3139 1014 3519 1108 linguarum;
3583 1014 3675 1095 vel

2023 1102 2469 1195 opitulationem
2547 1108 2947 1184 afflictarum;
3016 1113 3106 1175 vel
3174 1102 3674 1195 gubernationem

2023 1190 2223 1288 ovium
2252 1201 2310 1255 et
2331 1196 2530 1288 plebis
2569 1198 2721 1275 Dei;
2764 1202 2854 1264 vel
2886 1190 3239 1267 charitatein
3285 1224 3427 1288 erga
3466 1227 3676 1274 omnes

2023 1279 2271 1362 ejusque
2292 1285 2671 1376 charismata,
2692 1289 3226 1376 longanimitatem,
3247 1279 3671 1376 benignitatem

2023 1375 2081 1464 et
2109 1377 2340 1432 caetera.
2370 1372 2432 1435 Si
2455 1374 2588 1464 quis
2612 1386 2805 1440 autem
2829 1380 2924 1464 his
2953 1372 3234 1445 omnibus
3263 1372 3481 1464 careat,
3516 1388 3676 1452 hunc

2019 1454 2223 1520 dicere
2268 1454 2500 1542 nequeo
2551 1463 2771 1529 habere
2820 1462 3002 1531 ﬁdem
3048 1470 3140 1533 vel
3190 1490 3326 1536 esse
3368 1493 3440 1537 ex
3464 1454 3675 1541 eorum

2021 1566 2271 1650 numero
2303 1554 2404 1634 qui
2435 1556 2737 1621 Christum
2766 1559 3095 1628 induerunt
3124 1582 3233 1645 per
3260 1566 3526 1631 divinum
3567 1569 3675 1634 ba-

2024 1646 2268 1717 ptisma.

2107 1823 2207 1884 87.
2241 1819 2350 1894 Qui
2380 1823 2727 1888 charitatem
2759 1826 2960 1904 habet,
2995 1832 3194 1896 nescit
3236 1833 3441 1898 invide
3483 1855 3674 1902 aemu-

2024 1906 2160 1986 lari;
2186 1928 2305 1971 non
2333 1914 2454 1991 agit
2474 1933 2814 1999 perperam,
2840 1926 3116 2001 tanquam
3137 1930 3377 1986 tumens
3405 1944 3473 1988 ac
3496 1934 3679 1991 teme-

2024 1998 2243 2076 rarius;
2266 2019 2387 2062 non
2407 2002 2653 2068 inﬂatur
2681 1998 2887 2070 contra
2907 1998 3294 2092 quemquam;
3322 2032 3440 2076 non
3457 2014 3673 2079 incon-

2023 2104 2171 2164 grua
2191 2097 2288 2149 aut
2308 2089 2653 2156 indecentia
2678 2095 2818 2157 facit
2847 2089 3131 2161 adversus
3160 2102 3519 2185 proximum;
3554 2124 3678 2168 non

2026 2177 2239 2257 quaerit
2267 2197 2399 2259 quae
2427 2200 2534 2243 sua
2555 2190 2717 2261 sunt,
2747 2185 2852 2246 sed
2884 2205 3016 2267 quae
3040 2177 3179 2277 sunt
3226 2177 3523 2277 proximi
3558 2214 3680 2258 non

2026 2264 2327 2329 irrritatur
2354 2264 2921 2363 promptiusqcontra
2957 2264 3285 2356 modestos;
3320 2300 3436 2343 non
3463 2264 3681 2363 cogitat

2026 2357 2271 2433 malum,
2311 2359 2363 2419 si
2395 2360 2534 2439 quid
2568 2361 2707 2423 mali
2728 2363 2983 2443 patiatur
3010 2385 3296 2448 unquam;
3321 2388 3441 2432 non
3462 2357 3680 2451 gaudet

2024 2462 2207 2525 super
2234 2446 2543 2528 iniquitate
2572 2451 2921 2529 amicorum,
2948 2446 3280 2535 congaudet
3306 2446 3501 2523 autem
3525 2461 3680 2524 veri-

2026 2534 2130 2594 tati
2155 2535 2397 2615 justitiae
2426 2536 2716 2619 ipsorum;
2751 2543 2951 2610 omnia
2971 2534 3178 2606 suﬂ'ert
3205 2547 3537 2613 accidentia
3560 2550 3679 2613 sibi

2027 2623 2429 2703 incommoda;
2463 2629 2663 2692 omnia
2686 2632 2898 2708 credit,
2924 2641 3126 2715 utpote
3141 2635 3393 2718 simplex
3412 2648 3475 2703 et
3492 2639 3675 2704 inno-

2029 2731 2210 2790 cens;
2246 2717 2446 2779 omnia
2474 2737 2507 2779 a
2536 2718 2658 2782 Deo
2712 2722 3006 2801 promissa
3052 2717 3272 2806 sperat
3296 2727 3411 2791 sibi
3457 2748 3676 2793 conse-

281 2792 533 2868 ὓπομένει
567 2797 633 2852 τά
660 2805 765 2855 τῶν
824 2806 1154 2881 πειρασμῶν,
1206 2808 1282 2882 μὴ
1337 2808 1613 2876 ἀποδιδοὺς
1643 2815 1806 2869 κακὸν
1832 2815 1936 2876 ἀντῖ

2031 2804 2288 2882 quenda;
2319 2807 2533 2897 omnia
2555 2792 2810 2874 sustinet
2838 2792 3229 2897 tentamenta,
3262 2836 3383 2880 non
3409 2818 3675 2883 reddens

280 2892 469 2957 κακοῦ,
502 2886 589 2941 καὶ
618 2885 864 2946 οὖδέποτε
894 2897 992 2959 τῆς
1042 2902 1135 2950 τοῦ
1184 2895 1413 2964 πλησίον
1457 2900 1671 2979 ἀγάπης
1704 2901 1945 2966 ἐκπίπτει

282 2971 311 3024 6
353 2974 467 3056 7'7];-
482 2972 695 3050 ἀγάπῆς
724 2975 974 3056 ἐργάτης.
1270 2999 1274 3002 ’

362 3049 485 3127 σπη’.
546 3068 660 3120 Τῶν
729 3066 1038 3144 ἣξιωμένων
1130 3079 1229 3141 τῆς
1316 3074 1513 3133 ἄνωθεν
1568 3079 1791 3158 χάριτος
1848 3088 1940 3139 τοῦ

2031 2893 2254 2955 malum
2286 2913 2392 2975 pro
2425 2896 2603 2972 malo;
2638 2917 2753 2961 nec
2775 2918 3035 2982 unquam
3066 2902 3140 2965 ab
3185 2893 3390 2970 amore
3418 2909 3678 2989 proximi

2030 2981 2255 3045 decidit
2281 2987 2584 3049 charitatis
2614 2981 2927 3067 operarius
2953 2992 3028 3057 ³6.

2218 3073 2398 3167 Inter
2414 3094 2516 3167 eos
2533 3077 2631 3158 qui
2655 3078 2914 3160 desuper
2942 3083 3187 3159 gratiam
3211 3082 3470 3167 Spiritus
3484 3089 3677 3151 sancti

284 3148 435 3225 ἁγίου
492 3152 796 3228 Πνεύματος
868 3157 922 3215 ἐν
979 3157 1246 3241 διαφόροις
1305 3148 1659 3247 χαρίσμασιν,
1728 3172 1774 3225 οἱ
1843 3171 1936 3246 μὲν

309 3238 323 3258 τ
366 3239 380 3258 κ
443 3236 467 3255 π
621 3243 631 3258 .
888 3248 899 3258 .
957 3248 969 3258 .
1042 3248 1058 3258 .
1241 3254 1254 3258 -
1380 3256 1386 3258 Α

2026 3163 2274 3225 variisin
2289 3148 2747 3229 charismatibus
2768 3148 3101 3251 accipiendi
3119 3148 3282 3252 digni
3306 3175 3494 3240 habiti
3511 3186 3673 3258 sunt,

283 3238 411 3293 εἰσὶν
443 3236 518 3295 ἔτι
569 3243 748 3311 νήπιοι
819 3248 905 3303 καὶ
947 3248 1157 3314 ἀτελεῖς
1215 3254 1288 3317 εἰς
1345 3256 1405 3309 τὸ
1463 3258 1581 3312 θεῖα
1610 3259 1941 3339 χαρίσματα,

283 3325 415 3384 οἱδὲ
461 3329 555 3386 ἅνδ
618 3355 640 3369 θ
828 3337 881 3374 ρ’
1228 3350 1250 3361 ν
1303 3367 1331 3377 -
1377 3346 1425 3378 ’-
1614 3325 1653 3337 ’”
1692 3325 1786 3371 ἰ’
1925 3325 1939 3383 ξ

394 3372 418 3384 ν
556 3354 638 3407 ρε..
684 3338 771 3392 καὶ
839 3337 1017 3396 .ελειοι
1075 3342 1128 3397 ἐν
1184 3365 1260 3419 τῳ
1313 3367 1500 3401 τουτων
1555 3345 1875 3426 πληρωματι

282 3419 372 3474 καὶ
416 3422 464 3476 οἱ
519 3422 617 3496 μὲν
674 3426 804 3503 πρὸς
848 3426 1096 3507 ἐργασιαν
1156 3438 1262 3488 τῶν
1320 3436 1470 3491 θείων
1519 3436 1942 3514 ἐπεκτεινόμενοι

282 3507 531 3586 ἐντολῶν,
607 3514 882 3586 αὖζάνουσί
932 3540 991 3575 τε
1044 3520 1099 3577 ἐν
1167 3524 1372 3588 τούτοις
1438 3527 1527 3582 καὶ
1584 3525 1939 3607 πληρούμενοι

280 3596 390 3654 τῶν
461 3600 714 3674 μειζόνων
766 3615 860 3665 τοῦ
955 3610 1255 3686 Πνεύματος
1330 3610 1562 3695 δωρεῶν,
1621 3624 1939 3695 καταργοῦσι

279 3687 348 3745 τὰ
375 3685 587 3745 ὄπισθεν
638 3692 733 3761 τῆς
792 3696 1117 3764 νηπιότητος
1173 3703 1480 3780 χαρίσματα
1515 3723 1530 3738 ο
1565 3706 1611 3760 οἱ
1668 3703 1721 3761 δέ
1780 3707 1851 3769 εἷς
1880 3706 1942 3762 τὸ

280 3776 441 3855 ἄκρον
471 3777 765 3846 ἀλάσαντες
805 3790 905 3851 τῆς
963 3797 1055 3847 τοῦ
1121 3796 1251 3845 Θεοῦ
1293 3791 1507 3870 ἀγάπης
1551 3795 1639 3849 καὶ
1668 3794 1938 3872 γνώσεως,

280 3868 536 3923 παύονται
602 3868 787 3927 λοιπὸν
841 3879 948 3930 τῶν
1019 3875 1079 3933 ἐκ
1135 3868 1351 3958 μέρους.
1379 3883 1728 3961 χαρισμάτων
1754 3903 1769 3920 ⁶
1827 3885 1940 3940 ε’ίτε

277 3959 607 4036 προφητεταί
633 3961 783 4036 εἰσιν,
816 3965 890 4028 ὡς
919 3966 980 4021 τὸ
1038 3964 1244 4046 λόγιον,
1304 3959 1418 4025 εἴτε
1462 3959 1743 4052 διακρίσεις
1772 3997 1937 4031 πνευ-

278 4045 490 4125 μάτων,
548 4046 661 4105 εἵτε
730 4051 1065 4131 ἀντιλήψεις,
1101 4045 1212 4113 εἴτε
1279 4045 1642 4144 κυϐερνήσει-ς,
1717 4065 1804 4120 καὶ
1872 4066 1937 4121 τὰ

276 4134 421 4202 ἑξῆς.
462 4129 519 4195 Ὀ
549 4138 648 4217 γὰρ
676 4140 748 4205 εἷς
797 4143 863 4198 τὰ
912 4129 1173 4226 ἀνάκτορα
1228 4154 1327 4216 τῆς
1397 4129 1931 4230 ἀγάπηςιείσελθὼν,

275 4225 372 4281 οὗκ
402 4224 478 4281 ἔτι
534 4226 595 4283 ἐκ
637 4228 825 4308 μέρους
897 4235 1143 4311 γινώσκει
1202 4240 1332 4294 Θεὸν
1374 4240 1471 4307 τὴν
1530 4241 1768 4319 ἀγάπην,
1800 4243 1936 4303 ἀλλὰ

272 4314 561 4393 πρόσωπον
590 4319 721 4397 πρὸς
791 4323 1077 4399 πρόσωπον
1133 4325 1334 4401 ὁμιλῶν
1396 4331 1560 4405 αὐτῷ,
1596 4330 1933 4409 ἐπιγινώσκει

272 4405 457 4505 αὐτὸν,
487 4409 661 4471 καθὼς
691 4410 779 4465 καὶ
812 4413 968 4476 αὐτὸς
1010 4411 1100 4470 ὑπ’
1134 4415 1292 4473 αὐτοῦ
1334 4416 1663 4497 ἐπεγνώσθη.

400 4497 419 4505 -
506 4486 545 4505 c,
624 4497 637 4505 .
801 4498 829 4505 _.

356 4486 467 4557 πθ’.
506 4486 562 4552 Ὀ
620 4497 680 4554 ἐκ
747 4498 910 4569 ζήλου
979 4507 1085 4559 τῶν
1155 4514 1525 4581 πνευματικῶν
1583 4512 1932 4590 χαρισμάτων

270 4583 375 4650 τὴν
428 4584 641 4664 ἀγάπην
700 4584 910 4655 διώξας,
988 4594 1076 4648 καὶ
1129 4594 1467 4678 καταλαϐὼν,
1539 4600 1632 4655 οὐκ
1677 4600 1931 4681 ἀνέχεται

271 4671 424 4748 μόνῳ
465 4675 636 4751 ἐαυτῷ
691 4674 878 4735 λαλεῖν
947 4677 1032 4736 διά
1074 4687 1383 4765 προσευχῆς
1451 4671 1540 4743 καὶ
1585 4671 1930 4767 ἀναγνώσεως

267 4764 347 4827 εἰς
393 4762 678 4841 οἰκοδομὴν
712 4782 725 4796 ⁸
775 4770 803 4825 ὁ
859 4770 958 4850 γὰρ
1011 4769 1190 4830 λαλῶν
1242 4762 1460 4853 γλώσση
1518 4777 1656 4854 μόνη
1846 4778 1931 4836 διὰ

264 4860 584 4934 προσευχῆς
626 4858 712 4913 καὶ
740 4857 1075 4941 ψαλμῳδίας,
1121 4863 1305 4921 ἑαυτὸν
1369 4865 1664 4947 οἰκοδομεῖ,
1697 4866 1771 4932 ὣς
1802 4892 1931 4949 φησι

264 4941 478 5009 Παῦλος
529 4960 542 4974 ⁸
580 4944 717 5002 ἀλλά
745 4950 834 5005 καὶ
890 4954 1261 5030 προφητεύειν,
1322 4952 1442 5010 κατ’
1500 4941 1681 5019 αὖτὸν,
1716 4941 1930 5038 ἐπείγε-

261 5054 377 5107 ται,
412 5035 484 5097 εἷς
552 5034 837 5113 οἰκοδομὴν
878 5044 980 5107 τῆς
1036 5048 1129 5098 τοῦ
1185 5050 1317 5103 Θεοῦ
1384 5043 1730 5120 Ἐκκλησίας,
1764 5048 1930 5129 ἢφουν

262 5118 529 5180 διδάσκειν
587 5127 709 5191 τοὺς
766 5127 990 5197 πλησίον
1044 5132 1143 5199 τὴν
1214 5132 1460 5212 ἐργασίαν
1514 5142 1620 5194 τῶν
1677 5148 1769 5197 τοῦ
1798 5146 1930 5197 Θεοῦ

261 5210 520 5295 ἐντολῶν,
549 5217 637 5272 καὶ
665 5215 811 5282 ὅπως
883 5220 994 5299 χρὴ
1053 5210 1295 5278 σπεύδειν
1345 5225 1417 5288 εἰς
1492 5225 1553 5281 τὸ
1583 5229 1927 5306 εὐαρεστῆσαι

262 5309 407 5377 Θεῷ.
465 5307 525 5360 Τὶ
580 5307 680 5385 γὰρ
736 5309 823 5364 καὶ
882 5308 1165 5389 ὠφελῆσαι·
1265 5335 1410 5377 τινας
1470 5312 1704 5383 δυνηθείν
1778 5318 1840 5373 ἃν
1897 5321 1926 5375 6

259 5390 437 5468 ἐαυτῷ
478 5395 567 5451 καὶ
597 5403 712 5471 Θεῷ
743 5397 891 5473 μόνῳ
919 5397 1120 5476 λαλῶν,
1153 5404 1424 5480 προεστὼς
1468 5401 1553 5461 διὰ
1614 5413 1923 5488 προσευχῆς

259 5484 352 5539 καὶ
382 5480 692 5559 ψαλμῳδίας
722 5486 824 5568 ἀεὶ,
868 5487 957 5545 ἐὰν
1013 5490 1088 5565 μὰ
1144 5488 1355 5568 λαϐήσῃ
1412 5494 1501 5550 καὶ
1555 5480 1673 5560 τοῖς
1701 5494 1792 5554 ὑπ’
1816 5480 1923 5555 ἆο-

341 5641 398 5686 ³δ
426 5643 450 5706 Ι
477 5647 613 5711 Cor.
645 5663 775 5730 xm,
807 5649 937 5715 4-8.
1022 5650 1129 5712 371
1162 5650 1294 5716 Cor.
1330 5669 1435 5731 xu,
1459 5654 1638 5720 4-11.
1725 5655 1778 5699 33
1811 5656 1964 5725 Ibid.

582 5813 838 5881 PATIOL.
872 5813 982 5881 Gn.
1014 5811 1182 5882 CXX.

2025 3251 2126 3342 alii
2146 3261 2283 3342 sunt
2303 3253 2495 3315 adhuc
2517 3255 2771 3318 infantes
2793 3265 2853 3320 et
2874 3251 3210 3342 imperfecti
3225 3262 3287 3324 in
3308 3262 3526 3326 divinis
3537 3251 3676 3328 cha-

2024 3340 2391 3415 rismatibus,
2418 3342 2517 3404 alii
2535 3352 2674 3436 sunt
2696 3345 2808 3406 viri
2838 3353 2896 3407 et
2916 3340 3169 3429 perfecti
3206 3349 3268 3412 in
3304 3352 3517 3414 horum
3541 3354 3677 3436 ple-

2024 3431 2563 3496 nitudine.Priores
2586 3435 2988 3500 observationi
3005 3438 3341 3502 divinorum
3367 3431 3676 3506 mandato-

2023 3540 2156 3582 rum
2177 3521 2618 3605 incumbentes,
2644 3524 2707 3586 in
2729 3525 2815 3587 eis
2836 3535 3135 3603 crescunt,
3161 3536 3220 3590 et
3239 3530 3454 3611 repleti
3475 3532 3670 3612 majo-

2023 3611 2188 3672 ribus
2221 3611 2392 3672 donis
2418 3610 2696 3692 Spiritus,
2725 3623 2949 3678 exuunt
2972 3617 3327 3681 charismata
3350 3637 3481 3700 quae
3499 3610 3671 3684 erant

2024 3700 2424 3781 parvulorum.
2453 3701 2821 3767 Posteriores
2869 3723 3032 3781 vero,
3083 3707 3158 3769 ad
3197 3707 3429 3789 apicem
3481 3710 3670 3773 evecti

2024 3790 2328 3852 charitatis
2350 3799 2408 3852 et
2427 3790 2692 3854 scientiae
2712 3792 2843 3870 Dei,
2869 3794 3226 3858 charismata
3246 3815 3318 3859 ex
3339 3806 3509 3879 parte
3532 3805 3670 3861 tan-

2025 3890 2145 3941 tum
2166 3878 2390 3968 habere
2411 3880 2536 3959 jam
2559 3879 2861 3959 desinunt,
2882 3882 3006 3945 sive
3022 3878 3355 3965 prophetiae
3369 3886 3514 3961 sint,
3532 3889 3673 3968 jux-

2023 3967 2352 4030 taverbum
2384 3968 2552 4030 Pauli
2578 3968 2652 4044 37,
2707 3970 2830 4032 sive
2878 3972 3276 4035 discretiones
3324 3967 3668 4055 spirituum,

2022 4057 2145 4120 sive
2170 4055 2613 4139 opitulationes,
2647 4058 2770 4122 sive
2798 4059 3259 4139 gubernationes
3283 4075 3344 4125 et
3363 4064 3477 4126 alia
3494 4064 3671 4127 dein-

2021 4165 2160 4228 ceps
2194 4164 2208 4209 :
2240 4148 2339 4227 qui
2371 4147 2532 4208 enim
2580 4147 2642 4208 in
2675 4150 2883 4210 turrim
2916 4150 3220 4213 charitatis
3248 4152 3510 4230 intravit,
3535 4154 3667 4234 jam

2020 4256 2140 4298 non
2171 4256 2248 4298 ex
2280 4244 2444 4316 parte
2474 4237 2782 4318 cognoscit
2810 4240 3000 4301 Deum
3032 4240 3136 4321 qui
3182 4242 3440 4304 charitas
3469 4255 3559 4306 est
3584 4244 3662 4317 33,

2019 4326 2124 4388 sed
2152 4325 2303 4387 facie
2332 4325 2404 4387 ad
2436 4326 2647 4389 faciem
2672 4345 2805 4389 cum
2846 4346 2916 4390 eo
2949 4347 3330 4413 conversans,
3363 4334 3671 4412 cognoscit

2018 4416 2185 4477 illum
2215 4414 2366 4476 sicut
2387 4423 2444 4476 et
2471 4417 2740 4495 cognitus
2770 4415 2842 4477 ab
2877 4435 2948 4478 eo
2980 4426 3091 4482 est.

2097 4507 2199 4569 89.
2259 4502 2371 4576 Qui
2428 4503 2823 4583 spiritualium
2882 4505 3307 4570 charismatum
3360 4508 3664 4573 studiosus

2017 4594 2365 4657 cbaritatem
2390 4592 2658 4672 quaesivit
2687 4600 2744 4654 et
2766 4592 3016 4675 adeptus
3036 4602 3148 4673 est,
3176 4614 3297 4658 non
3320 4597 3464 4660 satis
3484 4598 3667 4662 habet

2014 4684 2130 4746 sibi
2153 4682 2263 4744 soli
2285 4681 2446 4761 loqui
2480 4698 2589 4761 per
2626 4679 2957 4779 orationem
2981 4683 3378 4779 etlectionem
3409 4686 3483 4779 ad
3513 4706 3662 4779 pro-

2015 4773 2200 4853 priam
2224 4770 2679 4832 aediﬁcationem
2704 4770 3023 4851 (qui'enim
3053 4773 3181 4835 sola
3203 4774 3406 4854 lingua
3432 4778 3558 4839 Deo
3577 4777 3663 4840 lo-

2015 4863 2215 4944 quitur
2242 4878 2349 4943 per
2379 4859 2711 4922 orationem
2742 4867 2801 4922 et
2824 4861 3240 4941 psalmodiam,
3270 4866 3661 4948 semetipsum

2016 4951 2291 5028 aedificat,
2326 4959 2390 5012 ut
2435 4949 2516 5011 ait
2546 4950 2760 5011 Paulus
2787 4949 2887 5029 39),
2923 4951 3029 5013 Sed
3070 4952 3249 5015 etiam
3302 4956 3660 5036 prophetare

2014 5050 2029 5115 ί
2027 5042 2194 5122 juxta
2210 5038 2516 5118 eumdem)
2538 5038 2797 5116 festinat,
2814 5041 2886 5102 ad
2909 5040 3361 5105 aediﬁcationem
3381 5044 3666 5109 Ecclesia;

2011 5131 2146 5209 Dei,
2195 5129 2412 5191 docere
2459 5126 2737 5191 videlicet
2787 5130 3123 5210 proximum
3181 5131 3660 5197 observationem

2011 5220 2429 5284 mandatorum
2462 5216 2571 5281 Dei
2592 5225 2651 5280 et
2679 5220 2977 5299 quomodo
3002 5221 3243 5287 studere
3273 5232 3539 5305 oporteat
3581 5224 3659 5287 ad

2010 5309 2369 5392 placendum
2398 5310 2545 5371 Deo.
2581 5308 2734 5381 Quid
2766 5309 2927 5371 enim
2975 5310 3108 5373 aliis
3148 5312 3435 5393 prodesse
3462 5321 3661 5394 potest

2008 5400 2305 5484 superior,
2332 5401 2431 5480 qui
2454 5397 2569 5460 sibi
2592 5401 2839 5480 Deoque
2873 5400 2985 5462 soli
3019 5401 3283 5481 loquitur
3301 5419 3413 5483 per
3431 5402 3657 5464 oratio-

2007 5512 2143 5557 nem
2168 5501 2227 5555 et
2243 5488 2656 5573 psalmodiam,
2681 5489 2797 5553 nisi
2819 5490 3100 5575 loquatur
3121 5490 3434 5555 etiamsuis
3453 5490 3659 5555 subdi-

2051 5656 2105 5700 39
2135 5653 2160 5717 Ι
2189 5652 2363 5719 Joan.
2395 5667 2477 5728 ιν,
2516 5652 2611 5716 16.

3086 5815 3164 5884 32
