4144 6376
480 340 640 407 1003

1792 332 2098 398 ΝΙΟΕΤΕ
2142 326 2574 390 PECTORATI

3730 314 3893 381 1004

483 470 586 546 tis,
612 469 734 532 sive
754 469 817 531 in
833 468 1201 532 revelatione
1223 464 1472 548 Spiritus
1495 463 1704 535 sancti,
1726 462 1848 525 sive
1870 465 1928 524 in
1946 464 2158 526 scien-t

2247 459 2312 514 ’ὸν
2338 458 2373 524 ἣ
2402 458 2456 513 ἐν
2517 455 2850 531 ἀποκαλύψει
2911 454 3213 529 Πνεύματος
3267 453 3436 530 ἁγίου,
3497 450 3532 519 ἣ
3591 450 3645 506 ἐν
3692 448 3893 527 γνώσει

404 594 413 599 -
480 560 564 623 tia
592 558 1016 639 mysteriorum
1047 556 1177 633 Dei,
1215 557 1336 617 sive
1367 555 1429 615 in
1480 552 1739 633 providae
1790 553 1946 614 dono
1992 572 2132 635 pro-

481 650 721 732 phetiae,
769 647 892 710 sive
920 648 984 709 in
1015 646 1289 709 doctrina
1318 643 1614 706 sermonis
1646 642 1951 721 sapientiae
1979 640 2134 706 Dei?

482 731 627 811 Quis
657 737 815 801 enim
850 736 1200 799 inferiorum
1241 754 1306 797 se
1337 734 1607 812 accinget
1643 731 1716 793 ad
1752 733 2131 811 pugnandum

486 827 841 907 cupiditates
872 845 939 888 ac
960 826 1286 901 daemones,
1321 822 1439 884 nisi
1460 822 1682 883 clarum
1700 820 1989 882 doctrinae
2011 839 2135 882 ser-

487 906 729 980 monem
753 915 989 979 dederit
1017 915 1141 978 sive
1172 911 1541 993 scripto'sive
1573 910 1747 972 etiam
1777 908 1905 969 viva
1955 926 2094 969 voce
2121 906 2146 969 ?

493 1007 724 1070 Revera
769 1007 885 1068 nisi
930 1006 1003 1067 ad
1052 1003 1503 1067 aediﬁcationem
1555 1000 1645 1062 sui
1691 998 1888 1078 gregis
1919 1008 2145 1078 quaerat

490 1105 691 1178 pastor
718 1094 1023 1158 abundare
1051 1094 1229 1155 verbo
1257 1091 1542 1153 doctrinae
1570 1100 1630 1151 et
1671 1088 1922 1149 scientia
1958 1086 2139 1166 spiri-

490 1175 610 1264 tus,
655 1205 775 1247 non
834 1190 922 1246 est
977 1183 1283 1244 aemulator
1344 1180 1451 1243 Dei
1511 1177 1955 1241 charismatum.
1991 1175 2135 1236 Nam

491 1275 709 1338 multas
740 1291 948 1354 preces
979 1279 1038 1334 et
1060 1269 1780 1353 psalmoslinguatantum
1807 1264 2136 1354 recitando,

491 1371 550 1427 et
578 1352 823 1445 spiritus
875 1381 979 1424 seu
1034 1361 1235 1423 anima
1280 1361 1534 1433 orando,
1572 1356 1835 1436 seipsum
1865 1352 2139 1423 aediﬁcat,

492 1443 872 1533 sedspiritus
902 1452 1032 1532 ejus
1072 1452 1203 1512 sine
1245 1450 1440 1511 fructu
1468 1454 1689 1520 manet,
1726 1464 1844 1505 non
1878 1443 2142 1533 prophe-

491 1551 623 1605 tans
651 1543 941 1605 doctrinm
961 1540 1163 1617 verbo,
1195 1559 1304 1602 nec
1330 1537 1633 1600 aedificans
1652 1533 1985 1598 Ecclesiam
2014 1532 2139 1593 Dei.

494 1630 559 1696 Si
587 1638 785 1695 autem
816 1631 1064 1707 Paulus,
1096 1631 1348 1691 maxime
1393 1627 1657 1688 omnium
1700 1622 2007 1685 hominum
2040 1640 2146 1702 per

495 1722 827 1785 orationem
888 1725 1014 1782 Deo
1076 1721 1469 1800 conjunctus,
1527 1715 1589 1775 in
1646 1712 1915 1775 Ecclesia
1968 1711 2148 1772 voluit

497 1811 767 1892 quinque
794 1810 977 1872 verba
1003 1828 1183 1871 sensu
1212 1826 1319 1870 suo
1351 1803 1774 1869 fecundissima
1807 1801 1969 1882 loqui
1994 1809 2062 1862 ut
2091 1807 2148 1861 et

499 1890 650 1961 alios
706 1901 1052 1973 instrueret,
1104 1916 1277 1978 quam
1328 1897 1539 1957 decem
1592 1892 1776 1954 millia
1831 1890 2208 1980 verborumB

500 1989 846 2070 psalmodiae
898 1989 961 2049 in
1013 1988 1234 2066 lingua,
1287 2004 1425 2065 ergo
1458 2007 1492 2044 ξι
1541 1982 1823 2044 charitate
1873 1980 2150 2070 aberrant

504 2069 756 2141 aliorum
818 2077 1179 2159 superiores,
1236 2075 1338 2157 qui
1394 2074 1539 2136 viris
1582 2071 1766 2134 solius
1806 2069 2149 2151 psalmodiaz

505 2165 917 2248 orationisque
961 2164 1173 2247 peritis
1198 2163 1548 2243 dignitatem
1588 2158 1839 2241 pastoris
1869 2158 2146 2221 commit-

502 2262 653 2318 tunt.

588 2435 685 2500 90.
722 2434 832 2509 Qui
860 2452 970 2496 nos
1000 2452 1069 2497 ex
1100 2432 1389 2496 materiali
1419 2441 1479 2496 et
1500 2430 1791 2514 spirituali
1826 2425 2153 2489 substantia

507 2526 837 2601 constituit,
870 2525 1135 2606 duasque
1165 2534 1402 2586 naturas
1432 2522 1581 2585 adeo
1604 2521 1761 2582 inter
1790 2536 1855 2581 se
1882 2515 2150 2606 dissimi-

505 2616 596 2677 les
633 2615 696 2675 in
736 2633 915 2675 unam
947 2602 1267 2675 ess—entiam
1322 2618 1380 2673 et
1437 2628 1752 2691 personam
1810 2602 2170 2667 incredibili

508 2703 686 2765 modo
719 2703 1050 2782 conjunxit,
1076 2701 1179 2763 ille
1212 2701 1388 2762 etiam
1418 2699 1499 2761 ita
1519 2717 1625 2760 nos
1660 2698 1814 2758 bene
1850 2692 2155 2782 constituit

508 2810 617 2874 per
640 2780 976 2853 sermonem
999 2780 1303 2871 sapientiae
1327 2796 1384 2849 et
1400 2806 1506 2867 per
1531 2803 1870 2848 sermonem
1891 2780 2157 2844 scientiae

512 2871 662 2957 suae,
687 2891 753 2943 ut
783 2887 904 2941 tum
935 2898 1043 2960 per
1072 2878 1385 2941 scientiam
1408 2875 1662 2957 Spiritus
1679 2873 1873 2937 sancti
1895 2871 2156 2960 sciamus

511 2969 892 3032 absconditos
919 2958 1088 3049 regni
1110 2969 1393 3029 caelorum
1416 2966 1729 3026 thesauros
1752 2962 1965 3044 quibus
1988 2958 2060 3022 ab
2084 2976 2155 3020 eo

513 3059 828 3134 donamur,
876 3067 999 3119 tum
1033 3077 1139 3140 per
1169 3074 1505 3119 sermonem
1555 3052 1861 3135 sapientiae
1887 3049 2156 3131 proximo

2225 552 2330 601 τῶν
2383 547 2683 626 μυστηρίων
2755 551 2907 623 Θεοῦ,
2979 543 3014 611 ἣ
3088 543 3141 597 ἐν
3205 547 3538 621 προορατικῷ
3590 540 3891 619 χαρίσματι

2225 637 2570 714 προφητείας,
2645 635 2681 701 ἣ
2768 633 2821 689 ἐν
2880 632 3036 709 διακῇ
3108 631 3269 711 λόγου
3319 631 3499 711 σοφίας
3560 636 3739 708 Θεοῠ;
3797 628 3891 689 Τίς

2226 726 2324 803 γαρ
2412 730 2517 779 τῶν
2608 724 2860 789 ὑπηκόων
2953 722 3406 801 παρασκευάσεται
3491 722 3564 782 εἷς
3648 716 3893 792 πόλεμον

2225 816 2429 893 παθῶν,
2487 816 2579 868 καὶ
2630 811 2920 888 δαιμόνων,
2968 810 3059 867 ἐὰν
3103 811 3181 886 μὴ
3242 808 3473 887 εὔσημον
3551 806 3894 893 διδασκαλίας

2228 900 2386 980 λόγον
2527 878 2823 982 ἐγγράςρως,
2863 900 2898 968 ἢ
2931 902 3016 956 καὶ
3074 878 3159 956 διὰ
3215 878 3393 971 ζώσης
3422 904 3602 980 φωνῆς
3630 919 3646 979 ;
3680 878 3889 960 νοντως

2227 990 2315 1046 ἐὰν
2359 993 2436 1068 μὴ
2470 993 2600 1065 πρὸς
2630 992 2728 1058 τὴν
2766 988 3047 1066 οἰκοδομὴν
3104 989 3195 1046 τοῦ
3250 990 3495 1065 ποιμνίου
3549 988 3705 1044 αὑτοῦ
3746 994 3892 1064 ζητῇ

2224 1083 2252 1136 6
2309 1080 2536 1160 ποιμὴν,
2591 1080 2683 1135 ’ἱνα
2726 1080 3008 1158 περισσεύῃ
3078 1086 3155 1153 τῷ
3222 1078 3369 1156 λόγῳ
3409 1084 3507 1145 τῆς
3550 1076 3890 1144 διδασκαλίας

2221 1171 2308 1225 καὶ
2350 1176 2416 1245 τῇ
2447 1171 2637 1246 γνώσει
2696 1175 2785 1225 τοῦ
2830 1169 3157 1244 Πνεύματος,
3216 1168 3309 1224 οὒκ
3366 1166 3474 1224 ἔστι
3503 1165 3750 1239 ζηλωτὴς
3778 1167 3888 1222 τῶν

2223 1267 2315 1315 τοῦ
2349 1267 2479 1315 Θεοῦ
2553 1260 2922 1339 χαρισμάτων,
2985 1256 3078 1315 Ἐκ
3132 1259 3230 1337 γὰρ
3286 1264 3380 1314 τοῦ
3437 1259 3600 1333 μόνον
3655 1257 3887 1336 προσεύ-

2225 1353 2414 1429 χεσθαι
2445 1350 2533 1405 καὶ
2566 1348 2787 1424 ψάλλειν
2859 1355 2927 1425 τῇ
2989 1346 3206 1426 γλώσσῃ
3276 1346 3450 1405 πολλὰ
3492 1351 3569 1423 τῷ
3601 1348 3888 1422 πνεύματι,

2225 1439 2386 1517 ἤγουν
2418 1446 2485 1516 τῇ
2550 1444 2705 1519 ψυχῇ
2772 1438 3222 1518 προσευχόμενος,
3284 1439 3468 1497 ἑαυτὸν
3531 1435 3827 1512 οἰκοδομεῖ,
3866 1438 3895 1491 6

2227 1527 2281 1584 δὲ
2312 1536 2432 1590 νοὺς
2476 1532 2633 1586 αὑτοῦ
2681 1527 2916 1606 ἄκαρπός
2968 1527 3101 1606 ἐστι,
3159 1528 3235 1602 μὴ
3291 1527 3635 1607 προφητεύων
3679 1531 3773 1593 ἶῆς
3804 1523 3892 1580 δι-

2227 1616 2512 1682 δασκαλίας
2593 1624 2668 1692 τῷ
2724 1617 2893 1698 λόγῳ,
2932 1618 3020 1673 καὶ
3078 1615 3367 1692 οἰκοδομῶν
3409 1617 3509 1683 τὴν
3565 1613 3892 1681 Ἐκκλησίαν

2227 1718 2319 1766 τοῦ
2347 1713 2500 1768 Θεοῦ.
2535 1708 2592 1763 Εἰ
2620 1706 2674 1762 δὲ
2708 1705 2934 1780 Παῦλος,
2991 1708 3019 1762 6
3070 1707 3283 1763 πάντων
3324 1706 3611 1784 ἀνθρώπων
3656 1702 3888 1780 μᾶλλον,

2229 1794 2312 1852 διὰ
2340 1798 2667 1875 προσευχῆς,
2716 1796 3108 1871 συναπτόμενος
3158 1798 3234 1869 τῷ
3307 1802 3445 1869 Θεῷ,
3512 1794 3667 1850 πέντε
3697 1791 3894 1871 λόγους

2230 1884 2313 1941 διὰ
2383 1892 2473 1941 τοῦ
2546 1885 2811 1964 ἐγκάρπου
2904 1888 3022 1949 νοὸς
3116 1888 3274 1942 αὑτοῦ
3355 1883 3558 1961 μᾶλλον
3630 1881 3895 1950 ἠθέλησεν

2231 1976 2399 2031 εἰπεῖν
2448 1974 2502 2030 ἐν
2561 1974 2873 2049 Ἐκκλησία,
2946 1974 3038 2031 ’ἕνα
3080 1977 3168 2032 καὶ
3210 1973 3402 2037 ἄλλους
3467 1974 3788 2052 κατηχήσῖιν
3856 1970 3893 2038 ἢ

2231 2068 2440 2144 μυρίους
2498 2065 2688 2144 λόγους
2762 2065 3073 2142 ψαλμῳδίας
3135 2068 3197 2123 ἂν
3265 2067 3484 2147 γλώσσῃ
3522 2084 3534 2096 ⁸
3611 2066 3709 2145 ἄρα
3794 2069 3895 2132 τῆς

2231 2156 2443 2234 ἀγάπης
2473 2155 2925 2227 ἀπεπλανήθησαν
2983 2160 3029 2213 οἱ
3089 2156 3264 2214 ἄλλων
3324 2157 3658 2238 ἐξάρχοντες,
3692 2158 3781 2212 καὶ
3822 2161 3893 2232 τῇ

2236 2244 2485 2321 ῴαμῳδῖᾳ
2538 2247 2676 2322 μόνῃ
2749 2247 2884 2321 μετὰ
2945 2247 3041 2314 τῆς
3136 2248 3484 2327 ἀναγνώσεως
3542 2244 3893 2307 ἐκδεδωκότες

2233 2337 2295 2391 τὸ
2337 2342 2431 2391 τοῦ
2460 2336 2709 2411 ποιμένος
2742 2334 2968 2412 ἀξίωμα.

2318 2414 2401 2500 4’.
2440 2415 2496 2481 Ὀ
2527 2426 2587 2480 τὸ
2619 2425 2761 2481 εἶναι
2807 2423 2924 2489 δοὺς
2971 2428 3106 2500 ἡμῖν
3138 2423 3188 2491 ἐξ
3244 2425 3597 2502 ὑποκειμένης
3642 2425 3776 2492 ὕλης
3805 2426 3895 2481 καὶ

2233 2520 2414 2586 νοερᾶς
2474 2512 2672 2587 οὖσίας,
2745 2516 2834 2571 καὶ
2889 2516 2961 2579 εἰς
3008 2516 3060 2573 ἓν
3114 2517 3178 2572 τὰ
3239 2515 3446 2572 ἐναντία
3518 2522 3614 2584 τῆς
3686 2516 3893 2596 φύσεως

2234 2599 2349 2657 καθ’
2373 2602 2532 2659 ἑαυτὰ
2595 2600 2899 2679 παραδόξως
2985 2605 3340 2669 συνουσιώσας
3401 2607 3488 2662 καὶ
3560 2606 3895 2679 ὑποστήσας,

2234 2692 2321 2746 καὶ
2371 2692 2431 2745 -ὸ
2489 2692 2541 2745 εἶ’
2613 2691 2640 2713 γ
2799 2690 2878 2725 ’“έ“
3043 2692 3107 2711 Ἠ
3250 2703 3271 2710 ”
3369 2695 3380 2716 ’
3583 2701 3608 2711 ”

2382 2728 2397 2745 ι
2519 2715 2544 2746 J
2587 2713 2729 2747 ειναι
2794 2708 2986 2748 οεοωκε
3038 2712 3121 2750 οια
3185 2718 3275 2751 τυυ
3318 2694 3479 2773 λογου
3549 2716 3643 2762 της
3708 2694 3896 2774 σοφίας

2235 2779 2417 2855 αὑτοῦ,
2452 2782 2654 2839 καὶτοῦ
2701 2780 2861 2860 λόγου
2888 2786 2987 2851 τῆς
3044 2783 3313 2861 γνώσεως,
3375 2786 3448 2849 ὡς
3522 2784 3584 2840 ἂν
3612 2792 3766 2841 τοῦτο
3796 2786 3895 2861 μὲν

2236 2868 2428 2944 ἴδωμεν
2499 2867 2581 2926 διὰ
2637 2876 2735 2938 τῆς
2796 2882 2888 2931 τοῦ
2944 2876 3247 2949 Πνεύματος
3279 2876 3553 2953 γνώσεως,
3614 2877 3732 2941 τοὺς
3803 2896 3894 2930 κε-

2238 2958 2590 3038 χαρισμένους
2639 2962 2774 3036 ἡμῖν
2824 2962 3153 3042 ἀποκρύφους
3211 2964 3336 3042 παρ’
3407 2966 3563 3022 αὐτοῦ
3603 2964 3896 3044 θησαυροὺς

2240 3053 2337 3114 τῆς
2408 3047 2677 3124 βασιλείας
2748 3052 2853 3108 τῶν
2924 3056 3179 3132 οὐρανῶν,
3234 3064 3389 3113 τοῦτο
3459 3053 3516 3110 ὅὲ
3589 3057 3676 3111 καὶ
3751 3076 3896 3132 γνω-

512 3148 848 3210 revelemus
897 3137 1181 3211 bonitatis
1231 3147 1359 3227 ejus
1390 3144 1621 3207 divitias
1652 3162 1721 3205 ac
1748 3140 1999 3203 delicias
2031 3138 2158 3200 vita:

2247 3139 2471 3216 ρίσωμεν
2525 3153 2641 3205 τοῖς
2683 3139 2910 3207 πλησίον
2952 3139 3035 3200 διὰ
3086 3142 3181 3211 τῆς
3225 3151 3315 3201 τοῦ
3371 3143 3532 3222 λόγου
3569 3146 3751 3226 σοφίας
3801 3150 3900 3211 τῆς

514 3244 754 3300 aeternae
784 3255 929 3319 quas
959 3236 1310 3318 praeparavit
1336 3232 1727 3314 diligentibus
1756 3249 1840 3294 se.

597 3507 697 3572 91.
731 3505 843 3581 Qui
878 3507 1056 3569 minis
1086 3502 1707 3588 promissisquetrium
1731 3502 1926 3580 legum
1950 3515 2164 3588 super-

518 3597 762 3674 eminet,
797 3598 895 3659 hic
921 3587 1100 3659 vitam
1131 3597 1435 3675 ingressus
1467 3602 1555 3656 est
1604 3592 1719 3671 legi
1754 3610 1871 3651 non
1922 3587 2162 3667 subjec-

514 3696 658 3769 tam,
693 3687 822 3767 ipse
850 3687 944 3748 lex
984 3686 1269 3749 Ecclesiae
1310 3685 1521 3759 factus,
1558 3701 1667 3743 nec
1702 3680 1816 3758 legi
1849 3677 2159 3740 obnoxius.

519 3776 736 3839 Libera
781 3785 980 3838 autem
1038 3783 1129 3838 est
1183 3775 1298 3835 vita
1353 3772 1470 3853 legi
1532 3790 1652 3833 non
1700 3769 2013 3847 subjacens
2049 3784 2062 3829 :
2098 3783 2165 3826 ac

520 3866 777 3947 proinde
808 3865 972 3925 omni
1014 3864 1266 3927 naturali
1313 3860 1666 3924 necessitate
1697 3868 1754 3920 et
1787 3856 2166 3919 aberratione

524 3954 801 4035 superior
832 3962 954 4029 est;
987 3962 1047 4015 et
1067 3953 1169 4034 qui
1196 3954 1351 4015 hanc
1373 3952 1677 4029 ingressus
1708 3947 1907 4019 vitam,
1932 3965 1966 4007 a
1987 3962 2167 4006 carne

522 4042 810 4106 liberatus
836 4051 893 4104 et
914 4043 1081 4124 quasi
1119 4049 1357 4122 exutus,
1391 4049 1448 4102 et
1468 4038 1726 4119 Spiritus
1754 4036 1944 4098 sancti
1983 4035 2135 4116 parti

524 4150 665 4213 ceps
714 4132 923 4205 factus,
987 4139 1142 4193 totus
1191 4140 1249 4193 et
1297 4131 1426 4211 ipse
1486 4127 1717 4189 Christo
1774 4126 1874 4208 qui
1931 4142 2169 4186 omnem

531 4232 861 4302 exsuperat
946 4229 1243 4297 naturam,
1322 4221 1547 4294 unitur,
1608 4236 1744 4279 cum
1807 4214 2175 4277 evacuaxerit

525 4325 705 4371 omne
736 4310 895 4390 quod
925 4326 996 4371 ex
1024 4318 1191 4391 parte
1219 4317 1310 4373 est
1335 4308 1409 4372 40.

609 4489 710 4553 99.
742 4489 806 4554 Si
836 4488 969 4571 quis
998 4508 1180 4570 capax
1210 4497 1301 4553 est
1324 4487 1588 4551 scientiae
1612 4485 1787 4568 primi
1806 4484 2170 4557 Intellectus,

529 4577 632 4659 qui
662 4586 751 4640 est
779 4579 1045 4641 omnium
1078 4579 1439 4661 principium
1486 4584 1545 4638 et
1585 4577 1741 4652 ﬁnis,
1778 4576 1914 4638 etin
1947 4573 2173 4634 seinﬁ-

531 4667 715 4745 nitus,
744 4676 805 4731 et
833 4668 990 4731 intra
1014 4677 1299 4751 extraque
1319 4666 1518 4730 omnia
1548 4674 1832 4740 versatur,
1863 4664 1963 4725 ille
1987 4661 2098 4724 scit
2120 4666 2178 4723 et

530 4758 695 4820 solus
745 4778 878 4821 cum
923 4777 990 4821 se
1039 4760 1187 4841 solo,
1230 4766 1288 4821 et
1320 4758 1482 4820 solus
1528 4758 1685 4818 inter
1733 4755 1892 4816 solos
1925 4753 2170 4814 vivere:

532 4849 611 4910 ita
639 4854 704 4909 ut
732 4867 927 4929 neque
956 4848 1141 4911 ullum
1187 4867 1259 4911 ex
1302 4847 1623 4910 solitudine
1653 4847 1910 4927 patiatur
1940 4842 2173 4924 perfec-

530 4937 709 4999 tionis
738 4937 1184 5015 detrimentum,
1218 4956 1412 5019 neque
1426 4955 1562 4998 cum
1590 4936 1789 4996 multis
1808 4935 2011 4997 vivens
2041 4931 2177 4993 soli-

533 5026 718 5089 tarius
747 5046 876 5090 esse
907 5027 1161 5103 desinat,
1194 5028 1298 5089 sed
1330 5027 1405 5088 sit
1430 5025 1651 5106 ubique
1674 5024 1831 5087 idem
1866 5033 1924 5085 et
1952 5023 2012 5083 in
2043 5041 2175 5083 om-

538 5115 716 5180 nibus
743 5119 925 5192 solus,
961 5125 1239 5199 tanquam
1260 5115 1618 5198 principium
1647 5136 1761 5197 quo
1784 5114 1883 5177 alii
1907 5131 2179 5173 movean-

539 5212 638 5267 tur
666 5207 741 5269 ad
765 5207 1171 5286 solitudinem,
1205 5217 1266 5270 et
1294 5205 1427 5268 finis
1470 5205 1809 5287 propositus
1859 5211 1922 5265 ut
1950 5220 2183 5264 summa

537 5295 770 5358 virtutis
799 5297 1107 5378 perfectio.

615 5386 716 5448 93.
747 5384 894 5450 Gum
918 5388 1154 5449 animus
1182 5393 1241 5449 et
1270 5403 1485 5466 corpus
1506 5384 1804 5449 inconfusi
1834 5383 2113 5446 uniantur
2126 5389 2184 5445 et

539 5475 993 5555 conjungantur,
1033 5479 1083 5541 si
1101 5476 1276 5539 ambo
1306 5476 1691 5559 concordant,
1712 5482 1897 5539 unum
1920 5474 2183 5538 efficiunt

619 5631 674 5676 ιο
698 5632 725 5695 Ι
752 5634 886 5698 Cor.
920 5654 1045 5719 xm,
1077 5642 1176 5707 10.

2247 3228 2620 3308 χρηστότητος
2672 3232 2827 3287 αὐτοῦ
2884 3234 2975 3288 τὸν
3031 3231 3256 3292 πλοῦτον
3312 3235 3400 3291 καὶ
3460 3237 3525 3291 τὰ
3580 3236 3749 3314 ἀγαθὰ
3803 3240 3903 3302 τῆς

2248 3320 2459 3374 αἰωνίου
2486 3321 2654 3399 ζωῆς,
2686 3321 2719 3375 ἃ
2766 3323 3068 3398 ἠτωίμασεν
3113 3325 3184 3388 εἰς
3237 3324 3434 3403 τρυφὴν
3478 3338 3594 3390 τοῖς
3625 3325 3902 3404 ἀγαπῶσιν

2248 3408 2403 3465 αὐτόν
2414 3457 2427 3471 ,
2920 3450 2927 3453 ς

2333 3499 2431 3574 ζἀ.
2471 3490 2527 3557 Ὀ
2556 3501 2686 3579 ὑπὲρ
2741 3501 2835 3564 τὰς
2891 3501 3113 3566 ἀπειλὰς
3167 3505 3254 3560 καὶ
3310 3504 3402 3567 τὰς
3434 3504 3755 3584 ἐπαγγελίας
3798 3512 3906 3562 τῶν

2244 3596 2401 3667 τριῶν
2457 3589 2740 3668 γενόμενος
2823 3592 3023 3668 νόμων,
3099 3594 3171 3657 εἷς
3226 3593 3325 3661 τὴν
3385 3594 3461 3670 μὴ
3548 3595 3906 3672 ὑποκειμένην

2246 3680 2394 3755 νόμῳ
2436 3681 2575 3750 ζωὴν
2633 3680 2893 3757 εἰσῆλθεν,
2962 3682 3123 3758 νόμος
3235 3686 3467 3763 γεγονὼς
3550 3684 3903 3768 Ἐκκλησίας,

2246 3770 2333 3824 καὶ
2360 3769 2436 3843 μὴ
2466 3769 2761 3849 ἀρχόμενος
2820 3772 2920 3828 ὑπὸ
2979 3774 3163 3850 νόμου,
3241 3766 3302 3832 Ἠ
3355 3773 3407 3830 δὲ
3467 3773 3707 3855 ἐλευθέρα
3737 3766 3903 3850 ἐστὶν,

2246 3860 2281 3925 ἡ
2338 3859 2415 3933 μὴ
2468 3860 2788 3936 ὑποκειμένη
2846 3862 2995 3937 νόμῳ
3049 3865 3161 3934 ζωή
3198 3882 3212 3895 ⁵
3292 3860 3391 3942 ἄρα
3446 3865 3622 3932 πάσης
3678 3870 3906 3946 φυσικῆς

2253 3947 2489 4025 ἀνάγκης
2559 3950 2647 4005 καὶ
2689 3957 3034 4031 παρατροπῆς
3088 3954 3328 4033 ὑπεράνω
3399 3952 3509 4011 ἐστί
3544 3971 3558 3985 ⁸
3614 3956 3703 4012 καὶ
3733 3957 3761 4011 ὁ
3791 3957 3909 4011 εἶσ-

2255 4035 2419 4093 ελθὼν
2475 4038 2546 4102 εἷς
2602 4038 2765 4107 αὑτὴν
2822 4039 3179 4119 ἐλευθερωθεὶς
3235 4045 3308 4108 ὡς
3338 4105 3357 4113 ρ
3382 4041 3480 4109 ἔξω
3535 4046 3751 4122 σαρκὸς,
3821 4046 3912 4101 καὶ

2256 4127 2356 4205 πῦρ
2405 4129 2743 4206 χρηματίσας
2802 4130 2856 4185 ἐν
2911 4134 3162 4207 μετουσίᾳ
3217 4141 3309 4190 τοῦ
3380 4134 3711 4211 Πνεύματος,
3770 4133 3911 4199 ὅλως

2255 4218 2343 4272 καὶ
2430 4219 2580 4283 αὐτὸς
2668 4220 2743 4295 τῷ
2812 4222 3053 4301 ὑπεράνω
3163 4224 3339 4291 πάσης
3451 4226 3655 4305 φύσεως
3724 4224 3912 4292 ἡνώθη

2260 4314 2488 4385 Χριστῷ,
2606 4310 3024 4389 καταργηθέντος
3118 4311 3172 4367 ἐν
3286 4314 3429 4389 αὐτῷ
3495 4324 3588 4373 τοῦ
3676 4314 3735 4370 ἐκ
3806 4313 3913 4389 μὲ-

2201 4399 2240 4448 D
2260 4417 2401 4474 ρους.

2340 4474 2458 4562 ζβ’.
2496 4476 2552 4543 τΟ
2582 4496 2674 4545 τοῦ
2714 4489 2923 4564 πρώτου
2970 4492 3090 4554 νοὸς
3147 4493 3245 4560 τὴν
3300 4493 3494 4571 γνώσιν
3538 4494 3818 4572 χωρήσας,
3856 4491 3915 4557 ὅς

2257 4574 2367 4630 ἐστι
2415 4581 2521 4631 τῶν
2579 4575 2716 4632 ὅλων
2760 4579 2908 4658 ἀρχὴ
2963 4582 3050 4636 καὶ
3120 4580 3292 4657 τέλος,
3354 4584 3442 4639 καὶ
3498 4583 3740 4662 ἀόριστος
3795 4580 3914 4639 καθ’

2260 4666 2467 4733 ἑαυτὸν,
2499 4667 2587 4721 καὶ
2627 4673 2733 4723 τῶν
2804 4667 2979 4727 ἄλλων
3054 4670 3305 4728 ἁπάντων
3354 4674 3582 4753 ὑπάρχει
3651 4672 3797 4736 ἐντὸς
3827 4674 3919 4728 καὶ

2258 4754 2431 4835 ἐκτὸς,
2493 4754 2608 4812 οἶδε
2661 4758 2750 4813 καὶ
2808 4759 2969 4834 μόνος
3030 4762 3299 4842 μονάζειν,
3374 4764 3462 4819 καὶ
3522 4762 3683 4839 μέσον
3740 4762 3918 4839 μόνων

2260 4847 2502 4921 μονάζειν
2537 4866 2552 4883 ο
2587 4848 2657 4913 ὡς
2729 4849 2867 4924 μήτε
2938 4857 3013 4925 τῷ
3084 4851 3245 4925 μόνον
3316 4854 3483 4933 εἶναι,
3555 4861 3647 4910 τοῦ
3716 4850 3919 4908 τελείου

2259 4935 2452 5010 ζημίαν
2536 4938 2864 5017 ὑφίστασθαι,
2961 4941 3100 5016 μήτε
3170 4947 3248 5015 τῷ
3318 4964 3451 5017 μετα
3523 4940 3759 5017 πολλῶν,
3818 4946 3921 5009 τῆς

2260 5025 2567 5101 μονώσεως,
2627 5025 2744 5083 ἀλλ’
2791 5028 2937 5085 εῖκαι
2990 5031 3080 5086 τὸν
3143 5032 3298 5088 αὑτὸν
3368 5038 3646 5112 πανταχοῦ
3715 5033 3803 5088 καὶ
3866 5031 3921 5089 ἐν

2261 5121 2390 5190 μᾶσι
2421 5116 2579 5190 μόνον
2613 5133 2627 5148 ⁸
2660 5120 2734 5182 ὡς
2793 5117 2971 5198 ἀρχὴν
3024 5121 3121 5194 μὲν
3181 5122 3310 5199 πρὸς
3382 5123 3442 5178 τὸ
3516 5123 3759 5198 μονάζειν
3799 5134 3921 5187 τοῖς

2262 5202 2443 5268 ἄλλοις
2472 5205 2594 5263 ὄντα
2624 5207 2904 5283 κινάσεως,
2968 5208 3115 5275 τέλος
3172 5208 3226 5265 δὲ
3284 5214 3625 5290 προκείμενον
3654 5216 3753 5278 τῆς
3795 5211 3922 5292 ἁρε-

2264 5300 2361 5363 τῆς
2392 5295 2747 5361 τελειότατον,

2348 5374 2468 5462 4γ’.
2530 5377 2591 5443 Ἠ
2660 5387 2963 5467 ἀσύγχυτος
3043 5387 3251 5461 ἕνωσις,
3325 5390 3414 5445 καὶ
3515 5390 3767 5472 συνάφεια
3821 5398 3921 5461 τῆς

2263 5481 2471 5557 ψυχῆς,
2505 5481 2592 5535 καὶ
2659 5485 2750 5535 τοῦ
2809 5479 3079 5557 σώματος,
3139 5490 3487 5563 συμφωνοῦσα
3556 5481 3670 5538 καθ’
3704 5484 3920 5563 ἑαυτὴν,
