4144 6416
332 415 489 482 1005

1254 414 1805 490 GNOSTICORUM
1847 421 2191 486 CAPITUM
2241 425 2637 490 CENTURIA
2680 428 2789 491 III.

3563 422 3717 501 1006

327 552 384 609 ἓν
415 550 563 632 ἔργον
608 553 887 631 ἀποτελεῖ,
950 556 1063 615 εἴτε
1120 563 1222 626 τῆς
1271 556 1426 632 ὅλης,
1462 556 1574 616 εἴτε
1602 560 1702 638 τῆς
1728 559 1929 639 φύσεως
1965 575 1981 590 ⁸

2080 573 2241 637 opus,
2275 556 2400 620 sive
2432 558 2714 635 materia,
2749 559 2875 622 sive
2905 568 3170 640 natura;
3205 565 3258 627 si
3299 584 3441 628 vero
3481 567 3714 632 discor-

329 643 410 717 μὴ
463 652 800 723 ωμφονοῦσα
857 644 935 722 δὲ,
996 648 1096 717 τὴν
1138 649 1415 725 ἐπιθυμίαν
1457 654 1555 716 τῆς
1614 649 1760 715 νίκης
1805 648 1989 726 ἐγείρει

334 729 610 811 ἐμφύλιον.
649 733 800 791 Ἀλλ’
830 738 858 792 ὁ
901 735 1059 815 λόγος
1114 735 1277 794 ἐλθὼν
1333 739 1421 793 καὶ
1476 739 1538 794 τὸ
1593 744 1748 817 κῦρος
1790 734 1988 809 λαϐὼν,

330 817 444 877 λύει
481 822 579 897 μὲν
622 824 807 882 αὐτίκα
847 827 941 882 τὸν
984 825 1171 901 ζῆλον,
1236 823 1559 906 πρεσϐεύσας
1602 824 1658 882 δὲ
1700 827 1797 894 τὴν
1852 825 1991 902 ὁμό-

334 932 504 985 νοιαν,
538 914 599 969 τὸ
629 920 734 970 πᾶν
792 921 898 972 τῶν
960 914 1125 995 ’έργων
1182 923 1252 994 τῇ
1308 917 1456 996 φύσει
1513 917 1601 974 καὶ
1627 922 1705 992 τῷ
1733 917 1989 991 πνεύματι

335 996 545 1058 δίδωσιν
555 1048 568 1061 .

417 1080 532 1165 ξδ’.
566 1096 681 1149 Τῶν
712 1091 766 1148 ἐν
793 1095 930 1169 ἡμῖν
958 1101 1116 1174 τριῶν
1147 1093 1312 1151 ὄντων
1366 1094 1725 1174 κυριωτάτων,
1771 1095 1835 1150 τὸ
1893 1092 1990 1169 μὲν

331 1182 506 1237 αὐτῶν
534 1179 714 1261 ἄρχει,
767 1187 863 1242 οὐκ
912 1180 1134 1264 ἄρχεται
1165 1181 1220 1239 δέ
1254 1202 1266 1214 ·
1329 1185 1389 1239 τὸ
1450 1181 1505 1239 δὲ
1547 1184 1651 1264 καὶ,
1690 1184 1845 1263 ἄρχει
1904 1183 1991 1239 καὶ

330 1266 558 1349 ἄρχεται
593 1288 610 1305 ⁸
655 1273 719 1327 τὸ
759 1270 815 1327 δὲ
859 1277 953 1332 οὒκ
981 1256 1174 1354 ἀρχα,
1228 1270 1453 1352 ἄρχεται
1495 1270 1572 1334 δέ.
1626 1256 1776 1330 σΟταν
1809 1271 1897 1354 οὖν
1927 1274 1988 1328 τὸ

330 1348 501 1438 ἄρχον
560 1360 661 1416 ὑπὸ
731 1360 911 1441 ἑτέραν
981 1348 1200 1440 γένηται
1409 1360 1726 1441 ἀρχομένων
1782 1348 1983 1441 ἀρχὴν,

329 1443 515 1503 δοῦλον
542 1450 601 1505 τὸ
629 1450 775 1530 φύσει
807 1450 1072 1531 ἐλεύθερον
1127 1464 1245 1514 τοῖς
1290 1451 1438 1530 φύσει
1493 1449 1695 1516 δούλοις
1751 1453 1932 1530 ὁρᾶται
1965 1466 1979 1480 ⁶

332 1536 422 1591 καί
478 1541 576 1604 τῆς
623 1537 753 1601 ἰδίας
810 1538 1068 1605 ἐξίσταται
1127 1541 1303 1620 ἀρχῆς
1354 1561 1413 1596 τε
1468 1541 1557 1596 καὶ
1611 1540 1840 1620 φύσεως,
1900 1548 1987 1604 καὶ

332 1624 518 1691 στάσις
548 1625 603 1682 ἐν
660 1628 865 1693 τούτοις
914 1628 1123 1708 μεγάλη
1183 1629 1316 1692 ἐστί,
1377 1629 1623 1693 Στάσεως
1653 1626 1708 1686 δὲ
1737 1629 1984 1695 τοιαύτης

329 1711 387 1768 ἐν
414 1709 615 1781 τούτοις
641 1715 827 1797 οὔσης,
873 1720 1019 1775 οὑπω
1061 1719 1126 1775 τὰ
1153 1718 1327 1774 πάντα
1353 1718 1749 1797 ὑποτεταγμένα
1779 1720 1984 1797 ὁρῶμεν

326 1810 407 1879 τῷ
436 1804 600 1883 λόγῳ.
652 1798 908 1875 Ὀπηνίκα
937 1806 992 1864 δὲ
1021 1808 1082 1864 τὸ
1110 1804 1280 1888 ἄρχον
1322 1808 1428 1865 τῶν
1473 1806 1648 1865 ἄλλων
1675 1809 1981 1887 κρατήσειε,

328 1895 419 1950 καὶ
461 1896 563 1951 ὑπὸ
591 1896 691 1963 τὴν
721 1897 913 1954 οἰκείαν
958 1896 1137 1977 ἀρχὴν
1167 1898 1255 1953 καὶ
1311 1895 1636 1973 δεσποτείαν,
1672 1894 1780 1962 ἄξει
1827 1897 1979 1972 αὐτὰ,

330 1991 623 2051 τηνικαῦτα
654 1987 727 2050 εἷς
772 1988 824 2044 ἓν
858 1984 1215 2066 συνδραμόντα
1244 1987 1311 2045 τὰ
1341 1984 1618 2066 διεστῶτα,
1642 1988 1730 2043 καὶ
1760 1989 1983 2065 ὁμοφω-

331 2074 588 2147 νήσαντα,
627 2075 841 2155 εἰρήνην
871 2074 986 2154 ἄγει
1014 2076 1081 2131 τὰ
1109 2076 1239 2154 πρὸς
1269 2077 1360 2132 τὸν
1404 2075 1533 2131 Θεόν
1572 2092 1586 2106 '
1647 2076 1733 2131 καὶ
1773 2074 1985 2131 πάντων

331 2158 702 2240 ὕποταγέντων
751 2170 827 2238 τῷ
872 2161 1040 2243 λόγῳ,
1086 2160 1418 2242 παραδίδοται
1480 2164 1514 2230 ἡ
1572 2161 1811 2240 βασιλεία
1861 2160 1986 2240 παρ’

332 2249 603 2331 αὐτοῦ,τῷ
646 2258 762 2329 Θεῷ
800 2253 890 2309 καὶ
932 2255 1117 2331 Πατρί.

420 2329 533 2415 4ε’,
567 2350 701 2405 Ταῖς
749 2342 1021 2421 τέσσαρσιν
1051 2329 1273 2420 ἀρχαῖς
1327 2346 1433 2397 τῶν
1488 2347 1709 2419 γενικῶν
1761 2340 1983 2420 ἀρετῶν,

327 2431 366 2497 ἡ
430 2430 623 2496 πεντὰς
675 2435 781 2487 τῶν
841 2431 1132 2501 αἰσθήσεων
1189 2433 1638 2509 καθυποταγεῖσα,
1702 2432 1788 2486 καὶ
1853 2430 1987 2496 αὕτη

330 2517 601 2599 φυλάξασα
629 2519 730 2587 τὴν
765 2522 1077 2595 εὐπείθειαν,
1109 2519 1209 2587 την
1265 2518 1327 2575 ἐκ
1383 2520 1650 2599 τεσσάρων
1707 2520 1988 2600 στοιχείων

334 2606 666 2666 πλασθετσαν
716 2610 868 2690 φύσιν
921 2618 1014 2669 τοῦ
1073 2610 1345 2684 σώματος,
1392 2609 1677 2689 ἀταράχως
1730 2612 1987 2666 κινεῖσθαι

333 2700 456 2779 περὶ
514 2700 604 2756 τὸν
661 2701 859 2780 τροχὸν
914 2708 1007 2758 τοῦ
1073 2699 1187 2775 βίου
1260 2699 1667 2777 παρασκευάζει,
1728 2696 1878 2755 Οὕτω
1936 2696 1989 2753 δὲ

336 2788 652 2866 κινουμένης
683 2793 871 2861 αὐτῆς,
929 2791 982 2846 αἱ
1029 2786 1455 2867 δυνάμεις-πρὸς
1515 2788 1703 2851 ἑαυτὰς
1741 2792 1800 2846 οὐ
1856 2810 1989 2845 στα-

337 2880 603 2951 σιάζουσιν
639 2896 653 2909 ·
715 2877 851 2936 ἀλλά
914 2885 1008 2936 τοῦ
1066 2881 1361 2945 παθητικοῦ
1417 2876 1605 2956 μέρους
1666 2881 1764 2946 τῆς
1807 2876 1989 2936 ἐπιθυ-

336 2968 461 3044 μίας
514 2968 603 3025 καὶ
679 2975 770 3026 τοῦ
850 2972 1034 3044 θυμοῦ,
1120 2973 1197 3042 τῷ
1278 2965 1565 3044 λογιστικῷ
1620 2966 1985 3047 συναφθέντος,

336 3054 617 3114 ἀναλαϐὼν
671 3058 734 3113 τὸ
810 3059 1029 3138 φυσικὸν
1098 3055 1288 3136 κράτος
1359 3058 1387 3112 ὁ
1473 3061 1617 3129 νοῦς,
1696 3055 1839 3134 ἅρμα
1896 3055 1992 3131 μὲν

342 3145 530 3202 ἑαυτοῦ
558 3146 654 3210 τὰς
683 3145 940 3228 τέσσαρας
998 3158 1234 3203 ποιεῖται
1277 3144 1448 3225 ἀρχάς
1482 3160 1495 3174 ⁸
1556 3143 1738 3223 θρόνον
1794 3142 1848 3199 δὲ
1890 3144 1989 3211 τὴν

338 3232 533 3302 δούλην
601 3234 856 3310 πεντάδα,
929 3235 1016 3291 καὶ
1083 3238 1180 3300 τῆς
1264 3233 1617 3312 τυραννούσης
1697 3254 1992 3312 καταστρα-

337 3325 526 3390 τεύσας
583 3327 803 3406 σαρκὸς,
860 3323 1142 3404 τέθριππος
1207 3324 1279 3385 εἰς
1322 3321 1569 3401 οὐρανοὺς
1628 3320 1991 3399 ἁρπαζόμενος

338 3412 571 3495 αἴρεται,
606 3416 696 3471 καὶ
719 3421 797 3490 τῷ
824 3412 1038 3491 βασιλεῖ
1065 3412 1338 3491 παραστὰς
1359 3416 1465 3467 τῶν
1495 3409 1721 3482 αἰώνων,
1746 3410 1991 3490 στέφεται

338 3509 437 3572 τῆς
462 3504 610 3571 νίκης
652 3505 715 3560 τὸ
761 3502 950 3584 στέφος
986 3521 1004 3536 ⁸
1051 3503 1139 3558 καὶ
1181 3499 1236 3555 ἐν
1280 3499 1423 3574 αὒτῷ
1478 3499 1770 3556 καταπαύει
1821 3500 1993 3557 πάντα

336 3592 431 3649 τὸν
460 3590 652 3673 δρόμον
681 3592 861 3652 αὖτοῦ.

424 3672 574 3760 ὀ
610 3692 740 3745 To‘tc
770 3681 825 3738 ἐν
854 3687 931 3756 τῷ
960 3679 1142 3760 χρὸνῳ
1167 3674 1555 3753 τελειουμένοις
1604 3681 1702 3743 τῆς
1749 3678 1991 3756 θεωρίας,

338 3774 431 3831 καὶ
461 3774 532 3837 είς
589 3773 711 3835 τοὺς
766 3768 986 3835 στύλους
1043 3764 1459 3847 ἐπερειδομένοις
1515 3770 1608 3820 τοῦ
1661 3766 1989 3841 Πνεύματος,

337 3863 543 3943 κρατὴρ
596 3867 857 3942 κιρνᾶται,
918 3859 1008 3915 καὶ
1062 3855 1215 3936 ἄρτος
1273 3855 1333 3912 ἐκ
1389 3853 1665 3931 βασιλικῆς
1695 3854 1992 3934 προτίθεται

339 3942 677 4027 πανδαισίας,
734 3950 915 4030 θρόνος
986 3950 1058 4011 εἷς
1115 3946 1430 4024 ἀνάπαυσιν,
1490 3945 1579 4001 καὶ
1638 3944 1711 4007 εἷς
1768 3942 1993 4002 πλοῦτον

337 4042 607 4122 ἀργύριον,
652 4043 741 4097 καὶ
793 4039 1055 4119 θησαυρὸς
1114 4035 1421 4115 μαργάρων,
1476 4034 1564 4089 καὶ
1606 4031 1760 4089 λίθων
1804 4033 1991 4122 τιμίων

336 4121 426 4188 ἐπὶ
493 4132 667 4210 θύραις
746 4130 1060 4208 εὑρίσκεται,
1128 4127 1218 4182 καὶ
1272 4122 1498 4210 πλοῦτος
1569 4124 1752 4184 αὐτοῖς
1808 4121 1993 4210 ἀναρί-

338 4208 630 4298 θμητοςνέν
689 4220 843 4301 χερσὶ
884 4216 1101 4279 δίδοται,
1160 4214 1385 4277 Τούτους
1441 4209 1763 4291 διορατικοὺς
1806 4208 1993 4301 ἄνδρας

334 4314 375 4380 ἡ
462 4308 646 4391 πρᾶξις
693 4298 1118 4379 Πάἇτοτελέσασα,
1203 4304 1258 4360 ἐν
1326 4301 1641 4382 ταχυτάτων
1675 4301 1784 4391 Δεἷς
1843 4298 1992 4379 ἔργα,

341 4389 584 4481 βασιλεῖ,
636 4400 726 4457 καὶ
768 4399 862 4458 οὒκ
916 4395 1129 4475 ἀνδράσι
1183 4396 1406 4471 νωθροϊς
1452 4389 1774 4469 παρεστάναι
1816 4411 1994 4469 παρα-

344 4491 585 4561 σκευάζει
595 4533 610 4551 .

428 4532 838 4658 ἷξῖῡηΠότερον
914 4576 951 4643 ἡ
1021 4571 1261 4651 βασιλεία
1315 4574 1447 4658 τῶν,
1480 4568 1737 4658 οὖρανῶν]
1766 4532 2061 4658 ἐντεῦθενῡ

347 4667 456 4738 ἤδη
485 4675 613 4726 πᾶσι
643 4656 837 4725 δίδοται
878 4677 999 4728 τοῖς
1058 4659 1374 4740 σπουδαίοις,
1422 4657 1459 4727 ἢ
1517 4657 1653 4735 μετὰ
1694 4658 1793 4725 τὴν
1849 4656 1997 4715 λύσιν

344 4767 440 4817 τοῦ
468 4759 715 4835 σώματος
747 4776 765 4838 ;
797 4758 857 4814 EI
885 4754 983 4832 μὲν
1033 4753 1123 4809 οὖν
1179 4751 1433 4823 ἐντεῦθεν,
1491 4751 1554 4804 τὸ
1610 4761 1759 4813 νῖκος
1799 4745 2001 4804 ἀκατα-

351 4849 629 4928 μάχητον,
657 4848 693 4914 ἡ
725 4836 871 4926 χαρὰ
896 4840 1284 4920 ἀνεκλάλητος,
1314 4839 1416 4928 καὶ⁸
1451 4838 1486 4906 ἡ
1541 4838 1672 4916 πρὸς
1704 4838 1796 4928 τὸν
1824 4836 2001 4928 παρά-

351 4924 524 4995 δεισον
581 4924 738 5012 ημῶν
756 4924 765 4926 ἡ
806 4924 987 4996 ἀνοδος
1046 4929 1287 5009 ἐλευθέρα
1319 4943 1335 4959 ⁸
1393 4926 1612 4983 ’ίσταται
1680 4927 1780 5005 γὰρ
1850 4924 2000 5012 οὕτος

346 5027 487 5085 κατὰ
512 5007 652 5090 θείας
695 5024 909 5102 ἀμέσως
938 5007 1311 5087 ἀνατολάςξΕί
1355 5011 1410 5073 δὲ
1462 5015 1598 5091 μετά
1653 5014 1859 5090 πότμον
1914 5007 2004 5072 καὶ

346 5116 521 5194 λύσιν,
593 5114 876 5194 ζητητέον,
930 5114 975 5168 εί
1029 5107 1190 5191 φόϐου
1246 5108 1414 5189 χωρὶς
1471 5106 1507 5173 ἡ
1551 5102 1723 5194 ἒξοδος
1774 5104 1996 5183 γίνεται,

346 5208 438 5265 καὶ
477 5193 527 5263 τί
555 5204 685 5263 ποτέ
715 5204 825 5260 ἐστι
854 5199 1094 5280 βασιλεία
1140 5199 1393 5278 οὒρανῶν,
1441 5194 1528 5251 καὶ
1573 5193 1814 5272 βασιλεία
1845 5194 1999 5270 Θεοῦ,

347 5297 440 5354 καὶ
466 5293 777 5375 παράδεισος
807 5292 1057 5370 μάθωμεν
1089 5298 1104 5323 ⁸
1164 5289 1253 5345 καὶ
1307 5286 1359 5343 τί
1410 5293 1504 5344 τοῦ
1534 5282 1728 5375 ,ἐτέρου
1774 5282 2002 5375 διαφέρει

348 5389 413 5445 τὸ
445 5372 642 5465 ἕτερον,
690 5386 779 5441 καὶ
807 5383 884 5447 τίς
914 5384 942 5439 ὁ
972 5379 1167 5461 χρόνος
1209 5377 1407 5435 τούτων
1452 5374 1697 5465 ἑκάστου,
1754 5374 1843 5465 καὶ
1872 5374 1916 5430 εἰ
1947 5372 2002 5465 ἐν

352 5488 473 5540 τοῖς
530 5462 844 5555 ἀμφοτέροις
902 5472 1177 5555 γινόμεθα,
1219 5468 1307 5524 καὶ
1355 5471 1495 5540 πῶς,
1562 5464 1652 5555 καὶ
1705 5462 1858 5538 πότε,
1915 5464 2003 5555 καὶ

353 5567 492 5645 μετὰ
520 5552 685 5622 πόσον
716 5552 935 5644 χρόνον.
963 5552 1022 5619 Ὀ
1053 5560 1153 5639 γὰρ
1182 5556 1315 5614 εἴσω
1356 5559 1457 5623 τῆς
1486 5552 1710 5645 πρώτης,
1747 5552 1998 5645 γεγονὼς,

352 5640 429 5715 ἕνι
487 5656 681 5735 περιὼν
720 5640 827 5710 *καὶ
899 5654 999 5719 τὴν
1055 5649 1223 5729 σάρκα
1282 5651 1482 5725 φορῶν,
1537 5648 1644 5699 τῶν
1694 5640 1887 5720 ἐτέρων
1944 5645 2005 5700 οὒ

356 5744 644 5823 διήμαρτεν
655 5792 669 5805 ,

2073 645 2238 739 dant,
2268 646 2459 739 oritur
2486 648 2655 739 quasi
2683 648 2906 739 bellum
2955 652 3128 716 civile
3166 654 3271 717 ubi
3298 663 3550 738 utraque
3581 677 3719 739 pars

2072 732 2380 828 victoriam
2405 737 2655 817 appetit.
2686 735 2806 828 Sed
2824 739 2991 828 ratio
3013 744 3438 823 superveniens
3453 732 3516 807 et
3532 732 3713 828 impe-

2073 823 2228 885 rium
2282 843 2604 906 occupans,
2664 827 3024 891 simultatem
3081 831 3330 910 dirimit,
3383 823 3722 898 concordia

2075 930 2246 1004 suum
2276 914 2473 1004 reddit
2499 915 2814 993 honorem,
2849 924 2909 979 et
2937 927 3149 983 cuncta
3177 938 3362 1004 Opera
3382 923 3482 985 dat
3495 931 3722 987 natura

2071 1009 2132 1063 et
2159 1002 2415 1082 spiritui.

2150 1091 2247 1152 94.
2283 1087 2367 1152 Ex
2406 1091 2595 1181 tribus
2642 1112 2775 1174 qua
2826 1094 2998 1159 nobis
3046 1097 3255 1162 insunt
3284 1099 3570 1181 partibus,
3604 1118 3724 1163 una

2069 1177 2467 1269 imperatinec
2498 1179 2736 1269 subdita
2770 1191 2879 1259 est,
2906 1186 3093 1248 altera
3119 1177 3376 1269 imperat
3397 1196 3456 1251 et
3483 1187 3722 1251 subdita

2071 1280 2184 1348 est,
2217 1268 2390 1330 tertia
2413 1288 2529 1331 non
2560 1268 2837 1350 imperat,
2869 1273 2975 1334 sed
2998 1268 3238 1338 subdita
3270 1282 3382 1341 est.
3418 1275 3565 1340 Cum
3596 1276 3715 1354 igi-

2069 1363 2165 1417 tur
2196 1374 2331 1437 pars
2369 1358 2672 1440 imperans
2722 1360 3091 1425 subditarum
3137 1364 3391 1446 imperio
3424 1365 3716 1447 subjacet,

2069 1453 2213 1507 tunc
2240 1464 2377 1526 pars
2405 1456 2614 1509 natura
2635 1447 2827 1511 libera
2849 1452 3116 1530 partibus
3143 1462 3354 1518 natura
3382 1455 3570 1517 servis
3591 1473 3720 1517 ser-

2067 1533 2193 1596 vire
2221 1534 2475 1611 videtur,
2508 1554 2577 1599 ac
2605 1537 2681 1598 de
2706 1542 2946 1619 propria
2974 1541 3196 1604 decidit
3225 1542 3513 1621 dignitate
3543 1550 3602 1605 et
3618 1560 3719 1604 na-

2071 1630 2223 1704 tura,
2259 1631 2319 1685 et
2348 1643 2561 1704 magna
2590 1625 2647 1687 in
2682 1626 2776 1688 his
2817 1628 3068 1692 rebellio
3117 1638 3228 1695 est.
3263 1631 3393 1694 Tali
3426 1640 3624 1694 autem
3652 1631 3716 1693 in

2070 1711 2164 1772 his
2187 1723 2391 1774 exorta
2416 1714 2769 1790 rebellione,
2807 1718 3072 1781 nondum
3107 1719 3307 1783 omnia
3326 1720 3541 1783 rationi
3562 1721 3713 1783 obe-

2067 1800 2290 1891 dientia
2316 1802 2609 1865 videmus.
2631 1803 2774 1867 Cum
2806 1815 3050 1870 econtra
3079 1827 3216 1889 pars
3245 1810 3550 1891 imperans
3569 1811 3716 1873 alias

2066 1889 2407 1980 dominatur
2438 1900 2497 1953 et
2524 1893 2634 1954 sub
2665 1894 2967 1975 propriam
2999 1897 3216 1977 redigit
3263 1889 3615 1980 potestatem
3646 1917 3716 1961 ac

2065 1978 2379 2061 ditionem,
2413 1987 2554 2043 tunc
2588 1990 2784 2060 partes
2830 1982 3078 2047 diversae
3124 1989 3183 2049 in
3226 1978 3412 2048 unum
3459 2005 3721 2050 concur-

2067 2076 2271 2130 rentes
2296 2077 2354 2129 et
2383 2080 2779 2133 consonantes
2809 2071 2873 2133 in
2905 2091 3050 2154 pace
3088 2075 3160 2136 ad
3209 2074 3394 2138 Deum
3444 2076 3719 2156 tendunt,

2070 2165 2129 2218 et
2177 2157 2457 2220 omnibus
2498 2159 2716 2221 rationi
2770 2160 3081 2242 subjectis,
3141 2164 3269 2226 hac
3317 2182 3567 2244 regnum
3596 2164 3721 2228 Deo

2067 2244 2228 2308 Patri
2260 2247 2461 2308 tradit.

2148 2336 2250 2399 95.
2277 2334 2421 2398 Cum
2445 2344 2700 2418 quatuor
2720 2338 3008 2420 principis
3028 2340 3309 2404 virtutum
3329 2341 3721 2405 cardinalium

2068 2424 2291 2487 subditi
2323 2434 2461 2487 sunt
2489 2426 2754 2507 quinque
2799 2446 3011 2491 sensus
3055 2429 3437 2512 debitamque
3485 2438 3725 2494 servant

2070 2513 2497 2591 obedientiam,
2533 2524 2656 2578 tum
2691 2535 2724 2579 e
2754 2527 3005 2598 quatuor
3029 2520 3347 2582 elementis
3390 2526 3726 2603 composita

2072 2605 2339 2685 corporis
2363 2614 2571 2666 natura
2601 2607 2920 2687 tranquille
2968 2606 3130 2671 circa
3172 2609 3304 2671 vita
3352 2609 3724 2671 curriculum

2071 2702 2359 2756 movetur.
2393 2693 2582 2774 Hujus
2609 2705 2806 2758 autem
2840 2695 3036 2758 taliter
3059 2715 3194 2760 sese
3213 2699 3504 2761 moventis
3531 2698 3720 2761 facul-

2072 2790 2224 2845 tates
2253 2802 2373 2845 non
2401 2802 2435 2845 a
2464 2801 2529 2845 se
2556 2784 2810 2846 invicem
2837 2785 3130 2849 dissident
3157 2808 3174 2864 ;
3205 2787 3311 2850 sed
3343 2786 3724 2869 passionibus

2072 2872 2578 2953 concupiscentia
2595 2880 2652 2935 et
2680 2874 2785 2936 ira
2802 2874 3020 2937 rationi
3040 2875 3351 2957 subjectis,
3385 2876 3725 2939 intellectus

2073 2961 2330 3024 nativam
2359 2979 2720 3042 recuperans
2748 2964 3239 3040 dominationem,
3268 2975 3519 3047 quatuor
3537 2965 3726 3027 virtu-

2074 3058 2195 3111 tum
2229 3050 2597 3132 principiain
2623 3070 2888 3130 currum,
2917 3063 3172 3134 quatuor
3184 3073 3324 3117 vero
3355 3072 3566 3117 sensus
3588 3053 3726 3116 sub-

2074 3140 2231 3202 ditos
2261 3140 2322 3201 in
2351 3142 2627 3204 thronum
2660 3141 2943 3223 disponit,
2975 3162 3044 3204 ac
3074 3143 3375 3206 debellata
3409 3142 3604 3206 carnis
3634 3148 3722 3223 ty-

2073 3228 2345 3305 rannide,
2398 3230 2701 3310 quadrigis
2754 3239 2957 3313 raptus
2998 3232 3062 3293 in
3109 3234 3327 3296 coelum
3361 3233 3632 3296 evehitur
3661 3237 3725 3292 et

2075 3332 2274 3380 aStans
2292 3319 2417 3398 regi
2447 3320 2828 3401 saculorum,
2861 3329 3180 3383 coronatur
3208 3340 3432 3384 corona
3455 3319 3725 3384 victoria

2075 3407 2138 3469 in
2159 3425 2350 3489 eoque
2379 3426 2414 3469 a
2443 3426 2625 3471 cursu
2652 3408 2950 3471 laborioso
2981 3410 3329 3491 requiescit.

2155 3677 2255 3741 96.
2288 3675 2366 3738 Iis
2385 3675 2486 3756 qui
2506 3682 2770 3758 tempore
2792 3678 3309 3760 contemplationis
3336 3678 3725 3761 perﬁciuntur

2076 3776 2137 3831 et
2165 3767 2500 3829 innituntur
2546 3769 2840 3830 columnis
2889 3767 3145 3850 Spiritus
3174 3770 3384 3847 sancti,
3420 3768 3572 3832 calix
3602 3768 3722 3830 mi-

2075 3865 2296 3933 scetur,
2331 3864 2389 3918 et
2416 3856 2585 3936 panis
2614 3857 2860 3919 offertur
2889 3857 2964 3920 de
2992 3859 3178 3939 regali
3211 3876 3438 3934 mensa,
3472 3858 3727 3920 thronus

2075 3946 2149 4008 ad
2168 3945 2663 4026 requiescendum
2686 3946 3028 4027 apponitur,
3044 3955 3103 4011 et
3116 3948 3190 4009 ad
3211 3947 3731 4010 ditescendumar-

2074 4035 2234 4115 genti
2281 4034 2853 4116 margaritarumque
2903 4042 2964 4097 et
3007 4036 3273 4117 lapidum
3309 4037 3626 4099 thesaurus
3663 4036 3729 4097 in

2077 4124 2263 4205 portis
2289 4123 2588 4204 reperitur
2614 4124 3063 4207 innumeraque
3094 4125 3315 4188 divitia
3343 4125 3407 4187 in
3450 4124 3733 4187 manibus

2078 4214 2415 4276 traduntur.
2436 4211 2559 4275 Hos
2581 4223 2753 4276 antea
2771 4214 2845 4277 ad
2861 4216 3160 4296 agendum
3180 4216 3515 4297 pracipites
3537 4217 3731 4295 praxis

2078 4303 2487 4366 consideratos
2517 4302 2804 4378 efficiens,
2840 4303 2927 4365 eis
2949 4303 3175 4382 regiam
3205 4303 3574 4384 gravitatem,
3609 4322 3732 4366 non

2076 4410 2216 4454 vero
2249 4391 2563 4472 pignorum
2596 4391 2937 4455 tarditatem
2972 4393 3092 4455 dat.

2158 4570 2259 4633 97.
2286 4569 2665 4632 Calorumne
2683 4587 2934 4647 regnum
2949 4571 3075 4651 jam
3101 4588 3261 4632 nunc
3281 4569 3345 4632 in
3367 4579 3528 4634 terra
3542 4571 3738 4633 omni-

2079 4659 2192 4722 bus
2223 4657 2338 4736 piis
2363 4657 2557 4733 datur,
2590 4676 2665 4719 an
2697 4666 2921 4720 tantum
2956 4668 3088 4740 post
3120 4659 3480 4722 solutionem
3512 4678 3730 4741 corpo—

2079 4747 2212 4812 ris?
2244 4746 2309 4810 Si
2352 4746 2428 4808 ab
2480 4747 2574 4809 his
2606 4747 2802 4829 terris,
2853 4764 2995 4828 ergo
3020 4750 3145 4829 jam
3178 4766 3339 4812 nunc
3366 4748 3615 4811 victoria
3645 4758 3737 4812 est

2080 4834 2578 4918 inexpugnabilis,
2614 4845 2671 4898 et
2697 4836 2976 4915 gaudium
2996 4837 3422 4915 inenarrabile,
3460 4845 3519 4899 et
3547 4837 3738 4900 libera

2083 4926 2355 4991 ascensio
2384 4924 2456 4987 ad
2488 4925 2823 5005 paradisum
2845 4934 3137 5004 nostrum,
3160 4924 3260 4988 hic
3281 4926 3443 4989 enim
3475 4927 3740 5008 aperitur

2086 5015 2284 5080 statim
2317 5032 2385 5076 ac
2414 5014 2648 5078 divinus
2679 5013 2766 5075 sol
2796 5014 2987 5079 oritur
3013 5017 3075 5077 in
3105 5014 3301 5077 nobis.
3335 5016 3400 5080 Si
3428 5035 3568 5080 vero
3606 5023 3741 5095 post

2085 5113 2339 5168 mortem
2371 5111 2429 5165 et
2454 5105 2721 5184 corporis
2751 5104 3134 5180 solutionem;
3157 5104 3546 5185 quarendum
3564 5103 3740 5167 nobis

2084 5200 2176 5256 est
2202 5210 2277 5254 an
2299 5190 2431 5253 sine
2455 5199 2616 5253 metu
2641 5191 2718 5251 sit
2751 5191 2943 5254 exitus
2964 5192 3096 5253 vita
3115 5210 3185 5254 ac
3215 5192 3572 5254 discendum
3594 5191 3738 5273 quid

2082 5281 2160 5345 sit
2188 5297 2438 5360 regnum
2467 5279 2599 5353 Dei,
2623 5281 2724 5359 qui
2748 5298 2996 5360 regnum
3027 5281 3311 5343 calorum
3331 5289 3389 5344 et
3406 5282 3736 5363 paradisus,

2082 5371 2145 5432 in
2201 5388 2318 5450 quo
2376 5368 2612 5432 dili'erat
2664 5388 2849 5429 unum
2903 5368 2976 5431 ab
3033 5371 3242 5445 altero,
3308 5370 3611 5451 quodnam
3663 5367 3740 5430 sit

2084 5459 2388 5539 utriusque
2411 5466 2668 5539 tempus,
2690 5476 2765 5519 an
2789 5457 2852 5519 in
2876 5457 3165 5521 ambobus
3182 5458 3395 5540 simus,
3414 5456 3738 5540 quomodo,

2085 5547 2320 5629 quando
2352 5554 2410 5608 et
2437 5556 2656 5628 quanto
2705 5555 2997 5629 tempore.
3028 5546 3142 5620 Qui
3163 5547 3324 5610 enim
3354 5548 3520 5630 prius
3547 5546 3740 5608 intra-

2083 5636 2165 5699 vit
2219 5635 2413 5698 adhuc
2470 5636 2671 5699 vivens
2722 5644 2781 5698 et
2860 5654 3042 5700 carne
3083 5635 3352 5716 indutus,
3393 5636 3586 5702 altero
3616 5653 3738 5697 non

2086 5722 2490 5789 frustrabitur.
