4144 6382
446 363 606 431 10οἿ
1754 364 2059 432 NIGETIE
2100 365 2103 427 ἶ

2188 359 2528 426 ICTORATI
3667 357 3786 424 100
3801 355 3842 420 8

522 501 623 566 98.
656 498 942 584 Superior
971 499 1257 576 mundus,
1290 519 1424 564 cum
1457 499 1654 563 adhuc
1706 499 2103 580 incompletus

2271 481 2398 570 411'.
2434 481 2492 549 εΟ
2522 485 2632 546 ἅνω
2674 483 2873 584 κόσμὸς
2923 487 3117 584 ἀτελὴς
3145 487 3225 548 ἔτι
3255 490 3353 566 ὢν,
3385 488 3533 567 μένιε
3563 492 3664 559 τὴν
3693 491 3852 562 πλη-

441 590 540 666 sit,
566 575 835 673 expectat
863 589 1057 654 donec
1085 590 1473 672 compleatur,
1500 597 1560 653 et
1578 575 1959 653 renovetura
1977 588 2102 669 pri-

2188 604 2371 660 ρωσιν,
2433 581 2505 644 εἰς
2568 580 2631 635 τὸ
2674 575 2860 634 λαϐεῖν
2915 579 3016 646 τὴν
3071 578 3201 636 ἰδίαν
3258 581 3693 639 ἀποκατάστασιν
3743 581 3854 638 ἀπὸ

440 665 948 760 mogenitislsrael
974 665 1320 742 videntibus
1344 665 1557 740 Deum.
1581 676 1925 759 Completur
1941 665 2102 738 enim

2188 678 2288 729 τῶν
2362 667 2698 749 προτοτόκων
2756 677 2848 726 τοῦ
2927 665 3140 748 Ἰσραὴλ
3209 671 3316 725 τῶν
3388 669 3632 748 ὁρώντων
3691 671 3848 749 Θεόν,

442 787 511 832 ac
549 757 859 851 perﬁcitur
886 767 959 829 ab
991 767 1064 831 iis
1114 767 1214 850 qui
1249 774 1496 830 currunt
1524 766 1586 828 in
1619 757 1932 829 scientiam
1968 763 2099 845 Dei,

2190 759 2326 817 Ἀπὸ
2373 760 2472 838 γὰρ
2528 757 2634 814 τῶν
2688 757 2761 820 εἷς
2818 757 3013 834 γνῶσιν
3073 757 3477 839 ἀνατρεχόντων
3538 766 3670 818 Θεοῦ
3709 759 3850 815 ἀνα-

359 882 361 885 ·
440 865 501 919 et
529 843 573 920 ἑ
591 857 812 921 mundo
838 843 1474 938 inferiore-perfectus,
1512 856 1780 918 ﬁdelium
1815 864 1872 918 et
1894 843 2103 916 inﬁde;

2188 847 2552 928 πληρούμενος
2629 843 2918 901 τελειοῦται
2956 865 2970 879 °
3030 848 3117 903 καὶ
3170 846 3467 910 τελειωθεὶς
3535 849 3628 904 τὸν
3697 847 3850 904 κάτω

440 945 588 1009 lium
618 947 840 1010 limites
869 934 1300 1022 determinans,
1335 964 1514 1008 unam
1546 945 1662 1007 sibi
1695 945 2102 1006 conﬁcitcon-

2188 937 2406 1017 κόσμον,
2471 942 2576 992 τῶν
2634 937 2837 990 πιστῶν
2893 935 2981 989 καὶ
3023 934 3258 992 ἀπίστων
3315 939 3498 1015 ὁρίζων
3552 938 3618 992 τὰ
3684 935 3842 1008 τέλη,

442 1035 870 1116 gregationem,
903 1053 1077 1097 suum
1110 1033 1430 1115 unicuique
1460 1035 1707 1115 gradum
1734 1033 2100 1096 distribuens

445 1132 504 1187 et
531 1124 605 1188 ab
645 1125 898 1188 invicem
951 1142 1236 1204 separans
1279 1142 1409 1205 quae
1441 1123 1598 1185 inter
1629 1142 1693 1186 se
1725 1141 1844 1184 non
1877 1140 2095 1184 conve-

443 1213 654 1294 niunt;
680 1222 857 1296 atque
901 1213 1153 1275 aliorum
1185 1211 1484 1294 principia
1529 1212 1798 1293 ﬁnesque
1825 1230 1859 1272 a
1890 1230 1954 1273 se
1986 1211 2096 1272 de-

445 1303 622 1367 ducta
651 1303 724 1366 ad
759 1321 823 1366 se
853 1302 1108 1379 reducit,
1137 1320 1206 1364 ac
1235 1301 1449 1363 limitat
1477 1308 1542 1363 ut
1571 1301 1862 1364 terminus
1903 1300 2096 1361 inter;

444 1391 725 1469 minatus,
760 1392 891 1474 ipse
921 1410 1062 1454 vero
1105 1392 1178 1454 ab
1224 1390 1339 1454 alio
1387 1390 1684 1472 principio
1724 1408 1834 1452 nec
1865 1389 2101 1451 ducitur

2181 1027 2304 1102 μίαν
2335 1029 2506 1100 ἑαυτῷ
2547 1036 2782 1082 ποιεῖται
2831 1022 2930 1089 τὴν
2968 1022 3203 1104 σύνοδον,
3249 1025 3531 1100 ἀπονέμων
3583 1027 3676 1082 τὸν
3707 1023 3844 1082 ἴδιον

2182 1115 2392 1188 ἑκάστῳ
2447 1113 2669 1192 βαθμὸν,
2743 1112 2829 1167 καὶ
2899 1109 3110 1190 διαιρῶν
3180 1111 3272 1169 ἀπ’
3329 1112 3582 1184 ἀλλήλων
3638 1116 3704 1170 τὰ
3759 1118 3839 1190 μὴ

2181 1204 2300 1261 καθ’
2373 1203 2532 1262 ἑαυτὰ
2589 1201 2920 1278 συναγόμενα
2955 1221 2972 1237 ο
3044 1203 3132 1257 καὶ
3186 1203 3281 1267 τὰς
3340 1202 3436 1278 μὲν
3501 1201 3626 1282 παρ’
3685 1205 3839 1260 αὐτοῦ

2182 1295 2286 1350 τῶν
2318 1291 2492 1350 ἄλλων
2537 1291 2709 1370 ἀρχὰς
2755 1293 2842 1346 καὶ
2884 1291 2950 1345 τὰ
2996 1289 3154 1366 τέλη,
3187 1287 3302 1369 ἄγει
3333 1293 3466 1371 πρὸς
3511 1292 3718 1371 ἑαυτὸν,
3751 1293 3840 1347 καὶ

2183 1383 2258 1446 ὡς
2290 1381 2410 1456 ὅρος
2445 1381 2602 1458 ὁρίζει
2659 1379 2850 1441 ταύτας
2908 1379 3152 1456 ἀόριστος
3189 1395 3203 1409 ⁸
3261 1383 3417 1444 αὐτὸς
3454 1379 3508 1436 δὲ
3536 1382 3628 1436 ὑπ’
3671 1379 3842 1446 άλλης

441 1497 554 1543 nec
603 1465 891 1542 limita'tur
937 1488 1217 1562 tanquam
1264 1465 1481 1541 motus.
1515 1465 1661 1541 Nam
1710 1478 2098 1558 semetipsum

2188 1471 2384 1566 ἀρχῆς,
2421 1472 2536 1527 οὕτε
2581 1465 2788 1544 ἄγεται,
2835 1467 2952 1524 οὔτε
3009 1468 3106 1543 μὲν
3157 1468 3382 1548 ὁρίζεται
3412 1471 3487 1533 ὡς
3531 1472 3843 1549 φερόμενος.

441 1576 730 1652 perpetuo
763 1578 986 1644 movet,
1020 1555 1102 1632 ita
1125 1576 1190 1631 ut
1212 1587 1324 1631 nec
1357 1567 1515 1630 intra
1543 1569 1807 1649 seipsum
1844 1555 2096 1629 restrin-

2188 1555 2332 1619 Ἱδιον
2362 1561 2461 1640 γὰρ
2502 1561 2564 1615 τὸ
2595 1558 2893 1624 ἀεικίνητον
2942 1555 3085 1636 ἔχει,
3139 1559 3213 1620 ὡς
3271 1559 3409 1632 μήτε
3469 1557 3845 1615 συστέλλεσθαι

441 1645 632 1739 ἐξιών,
681 1677 795 1722 nec
839 1661 1110 1740 proprias
1142 1659 1293 1721 ﬁnes
1322 1645 1815 1738 transgrediatur,
1851 1657 1930 1717 sit
1958 1673 2100 1719 vero

2188 1656 2366 1706 τοῦτον
2393 1645 2510 1705 καθ’
2560 1649 2766 1722 ἑαυτὸν,
2830 1646 2967 1722 μήτε
3020 1645 3124 1702 τῶν
3174 1647 3378 1702 οἰκείων
3435 1645 3568 1724 ὅρων
3612 1648 3845 1727 ὑπερεκ-

440 1731 697 1810 aliorum
727 1731 1125 1811 sabbatismus
1155 1754 1215 1809 et
1237 1731 1706 1828 requies'omnis
1738 1743 2017 1827 principii
2043 1758 2103 1812 et

2188 1738 2458 1813 τείνεσθαι,
2501 1734 2615 1793 ἀλλ’
2649 1747 2787 1792 εῖναι
2816 1739 2921 1791 τῶν
2947 1731 3124 1790 ἄλλων
3149 1731 3523 1811 σαῶατισμῶν
3553 1737 3641 1792 καὶ
3670 1736 3844 1792 κατά-

447 1843 667 1901 motus.
1327 1824 1348 1828 —
1741 1824 1757 1827 _
1943 1824 1952 1825 ί
2126 1829 2163 1878 Β
2184 1849 2375 1884 παυσιν
2405 1826 2580 1893 πάσης
2611 1824 2784 1904 ἀρχῆς
2827 1825 2914 1879 καὶ
2956 1825 3245 1894 κινήσεως.

528 1924 627 1989 99.
659 1923 882 1988 Novem
935 1941 1208 2006 supernae
1258 1923 1606 2002 Potestates,
1659 1930 1724 1986 ut
1775 1922 2010 1986 cantica
2047 1927 2103 1984 et

2267 1905 2380 1993 40'.
2431 1905 2493 1972 εΗ
2525 1915 2643 1979 ἑνὰς
2684 1913 2791 1969 τῶν
2849 1908 2959 1968 ἅνω
3010 1910 3304 1993 δυνάμεων,
3355 1913 3428 1975 ὡς
3479 1911 3713 1988 ὑμνῳδὸς
3754 1914 3844 1969 καὶ

443 2012 697 2094 hymnos
717 2000 1108 2077 concinentes
1129 2012 1424 2096 triplicem
1449 2000 1720 2076 efﬁciunt
1747 2012 2103 2084 chorum,ac

2188 2009 2291 2064 τῶν
2336 2003 2514 2081 ὕμνων
2572 2001 2890 2083 ἐξάρχουσα,
2937 2000 3208 2081 τριαδικὴν
3279 2015 3514 2059 ποιεῖται
3565 2024 3841 2082 χοροστα-

442 2089 667 2184 triplici
695 2101 906 2167 ordine
936 2089 1292 2167 Trinitatem
1314 2103 1794 2182 circumstantes,
1823 2118 1958 2162 cum
1981 2107 2103 2162 tre-

2188 2103 2347 2154 τοῦσα
2399 2093 2497 2161 τὴν
2546 2092 2804 2171 σύνταξιν,
2865 2091 2954 2148 καὶ
3021 2089 3298 2170 τριαδικῶς
3342 2097 3409 2167 τῇ
3462 2091 3639 2170 Τριάδι
3696 2114 3842 2171 παρ-

442 2179 614 2254 more
657 2192 1015 2273 hymnorum
1061 2191 1352 2254 sacriﬁcia
1397 2191 1682 2254 offerunt.
1716 2179 1941 2254 Harum
1974 2189 2103 2251 aliae

2189 2182 2468 2259 ισταμένη,
2535 2182 2590 2239 ἐν
2658 2181 2806 2261 φόβῳ
2865 2179 3265 2259 λειτουργοῦσα,
3324 2180 3706 2260 προσαναφέρει
3749 2183 3842 2238 τὸν

445 2269 724 2362 expansis
743 2279 853 2343 alis
875 2280 1121 2360 cingunt
1138 2279 1775 2362 omniumPrincipium
1797 2277 2102 2342 etCausam

2188 2272 2371 2350 ὕμνον.
2429 2272 2636 2330 Τούτων
2666 2273 2746 2347 δαὶ
2804 2269 2902 2344 μὲν
2958 2275 3025 2345 τῇ
3087 2269 3235 2349 ἀρχῇ
3289 2271 3379 2325 καὶ
3437 2269 3648 2326 πάντων
3705 2271 3844 2342 αἰτίᾳ

441 2355 622 2450 aqua
667 2368 947 2432 oriuntur
977 2355 1006 2432 ἷ
1027 2387 1238 2432 omnes
1285 2377 1529 2434 attentas
1573 2355 1944 2450 hymnosque
1998 2367 2098 2428 in-

2188 2360 2675 2442 καθυφαπλοῦνται,
2751 2357 2839 2438 ἀφ’
2896 2359 2964 2424 ἧς
3022 2355 3303 2438 ἄρχονται,
3363 2355 3481 2414 ὅσαι
3553 2371 3845 2437 προσεχεῖς

2179 2452 2269 2508 καὶ
2321 2453 2426 2508 τῶν
2478 2449 2656 2526 ὕμνων
2713 2445 3055 2527 ἐξάρχουσαι,
3114 2447 3323 2527 Θρόνοι,
3383 2444 3670 2525 Χερουϐὶμ,
3737 2455 3846 2503 Σε-

2182 2541 2369 2620 ραφὶμ,
2404 2542 2556 2596 αὗται
2587 2537 2776 2617 ὄνομα,
2824 2540 2916 2601 αἷς
2966 2534 3104 2592 ἴδιον
3154 2539 3189 2605 ἡ
3244 2536 3494 2617 ἐμπύριος
3527 2537 3706 2616 σοφία,
3753 2538 3847 2593 καὶ

2182 2631 2217 2696 ἡ
2279 2635 2472 2707 γνῶσις
2531 2628 2636 2684 τῶν
2707 2626 2982 2706 οὐρανίων,
3044 2627 3132 2707 καὶ
3202 2625 3375 2700 τέλος,
3450 2629 3477 2681 ὁ
3543 2627 3842 2706 θεοπρεπὴς

2182 2705 2345 2793 ὕμνος
2407 2723 2499 2775 τοῦ
2552 2715 2676 2792 Γὲλ,
2728 2715 2865 2772 κατὰ
2936 2713 3035 2782 τὴν
3094 2705 3345 2792 (Εϐραΐδα
3397 2715 3579 2793 φωνήν
3612 2728 3630 2746 '
3681 2719 3733 2771 αἱ
3784 2714 3841 2770 δὲ

2184 2804 2346 2881 μέσον
2426 2805 2624 2862 τούτων
2692 2803 2780 2859 καὶ
2847 2802 2952 2859 τῶν
3024 2801 3365 2882 ἐφεπομένων
3441 2801 3538 2868 τῆς
3615 2801 3836 2878 τάξεως,

2185 2896 2303 2973 περὶ
2395 2895 2525 2951 Θεὸν
2608 2891 2879 2969 ἵστανται,
2954 2888 3238 2971 Ἐξουσίαι,
3327 2890 3666 2970 Κυριότητες,
3749 2893 3841 2948 καὶ

2189 2986 2448 3060 Δυνάμεις
2484 2988 2500 3014 ⁸
2555 2983 2648 3048 αἷς
2705 2979 2844 3038 ῗδιον
2898 2981 3004 3038 τῶν
3075 2979 3323 3059 μεγάλων
3394 2981 3722 3059 πραγμάτων
3787 2983 3841 3037 αἱ

2182 3075 2552 3146 διευθετήσεις,
2605 3074 2658 3128 αἱ
2713 3072 2818 3126 τῶν
2887 3070 3168 3146 θαυμάτων
3248 3069 3527 3150 ἐνέργειαι,
3589 3072 3676 3126 καὶ
3731 3076 3843 3128 τῶν

2181 3166 2416 3243 σημείων
2489 3165 2560 3243 αἱ..
2595 3159 2954 3243 τερατοηυργίαι
2989 3174 3003 3190 ⁸
3033 3232 3058 3243 ﬂ
3087 3159 3174 3215 καὶ
3255 3157 3408 3224 τέλος
3466 3160 3494 3214 ὁ
3563 3160 3845 3239 Τρισάγιος

2181 3231 2368 3333 ὕμνος,
2399 3255 2481 3327 τὸ,
2535 3231 2734 3330 Ἄγιος,
2773 3231 2970 3327 Ἄγιος,
3033 3232 3213 3326 τίΑγιος
3245 3263 3260 3280 °
3310 3250 3362 3303 αἱ
3418 3245 3472 3302 δὲ
3529 3231 3663 3327 πρὸς
3692 3231 3842 3324 ἡμᾶς

2181 3344 2523 3414 τελευτῶσαι,
2593 3338 2838 3416 ὕπεράνω
2918 3336 3016 3413 μὲν
3088 3339 3266 3412 ἡμῶν,
3344 3333 3729 3404 ὑποϐεϐηκυῖαι
3784 3335 3841 3394 δὲ

2180 3437 2273 3509 τὸν
2323 3432 2433 3496 ἅνω
2481 3430 2598 3509 περὶ
2661 3429 2791 3485 Θεὸν
2847 3426 3117 3502 ἵστανται,
3179 3425 3398 3506 Ἀρχαὶ,
3456 3423 3834 3506 Ἀρχάγγελοι,

2182 3507 2428 3602 Ἄγγελοι
2463 3535 2477 3550 ⁶
2555 3507 2650 3584 αἶς
2696 3515 2830 3574 ἴδιον
2887 3517 2948 3572 τὸ
2999 3514 3357 3595 λειτουργικὸν
3412 3515 3466 3572 ἐν
3525 3513 3835 3593 διακονίαις,

2181 3615 2271 3672 καὶ
2304 3612 2457 3676 τέλος
2487 3613 2516 3667 ὁ
2556 3610 2694 3690 ἱερὸς
2745 3606 2909 3682 ὕμνος
2967 3612 3057 3663 τοῦ
3118 3604 3474 3672 Ἀλληλούῒα.
3519 3606 3743 3670 Ταύταις
3795 3610 3832 3674 ἡ

2183 3703 2376 3782 λογικὴ
2405 3702 2512 3758 τῶν
2568 3696 2854 3778 ἀνθρώπων
2912 3696 3064 3776 φύσις
3122 3694 3208 3752 διά
3260 3695 3441 3763 πάσης
3496 3694 3687 3775 ἀρετῆς
3743 3717 3842 3752 τε..

2183 3790 2490 3867 λειουμένη,
2541 3789 2629 3846 καὶ
2685 3784 2770 3843 διὰ
2823 3786 3003 3853 πάσης
3048 3786 3320 3864 γνώσεως,
3366 3785 3453 3842 καὶ
3497 3786 3682 3864 σοφίας
3738 3785 3842 3842 ἀν-

2182 3881 2479 3959 υψουμένη,
2537 3880 2631 3935 τοῦ
2687 3877 3019 3953 Πνεύματος,
3099 3876 3187 3932 καὶ
3264 3881 3357 3932 τοῦ
3438 3876 3574 3933 θείου
3655 3878 3844 3956 πυρὸς,

2184 3974 2463 4029 οἰκειοῦται
2520 3980 2642 4032 ταῖς
2686 3967 2841 4032 θείοις
2909 3965 3258 4045 χαρίσμασιν,
3318 3966 3393 4028 ὡς
3449 3966 3510 4021 τὸ
3568 3963 3704 4022 ἴδιον
3761 3963 3848 4022 διὰ

2185 4059 2541 4139 καθαρότητος
2568 4053 2917 4131 ἐπισπωμένη
2965 4059 3175 4116 πασῶν,
3234 4063 3366 4117 Ταῖς
3427 4054 3522 4131 μὲν
3578 4056 3699 4134 γὰρ,
3763 4059 3835 4130 τῇ

2185 4147 2441 4222 διακονίᾳ,
2527 4146 2616 4203 καὶ
2684 4141 2977 4224 λειτουργίᾳ
3045 4146 3152 4199 τῶν
3208 4141 3434 4201 ἐντολῶν
3501 4151 3594 4201 τοῦ
3651 4149 3784 4201 Θεοῦ
3819 4160 3836 4175 ⁸

2185 4249 2306 4302 ταῖς
2337 4235 2417 4312 δὲ,
2447 4242 2517 4314 τῇ
2569 4235 2887 4314 συμπαθείᾳ,
2944 4235 3032 4290 καὶ
3076 4238 3143 4308 τῇ
3193 4233 3486 4313 προστασίᾳ
3543 4239 3649 4291 τῶν
3705 4235 3848 4308 ὁμο-

442 2457 750 2540 choantes,
779 2457 1033 2531 Throni,
1060 2457 1385 2522 Cherubim
1417 2465 1477 2521 et
1508 2457 1820 2539 Seraphim
1857 2475 2097 2519 nuncu-

443 2552 699 2629 pantur,
750 2545 966 2628 quibus
1013 2547 1256 2629 propria
1296 2557 1388 2610 est
1434 2547 1609 2628 ignea
1655 2545 1985 2626 sapientia],
2045 2552 2103 2607 et

443 2635 692 2698 scientia
719 2652 922 2697 rerum
949 2634 1307 2710 caelestium,
1341 2653 1410 2698 ac
1440 2636 1698 2716 denique
1735 2633 1947 2713 dignus
1975 2633 2099 2696 Deo

445 2725 700 2806 hymnus
751 2723 926 2804 Guel,
968 2724 1137 2804 juxta
1163 2723 1517 2786 Hebraicam
1549 2741 1780 2785 vocem.
1823 2722 1973 2785 Aliae
1991 2741 2100 2784 au-

447 2820 593 2891 tem,
623 2811 840 2874 mediae
867 2811 1024 2874 inter
1045 2812 1490 2892 prmeedentem
1522 2821 1580 2873 et
1609 2818 1958 2892 sequentem
1996 2829 2100 2872 or-

448 2899 674 2976 dinem,
707 2899 866 2961 circa
894 2898 1085 2961 Deum
1107 2906 1288 2980 stant,
1322 2898 1552 2961 scilicet
1599 2897 1949 2974 Potestates,
1979 2897 2103 2961 Do-

453 2988 809 3051 minationes
844 2995 905 3050 et
933 2985 1240 3051 Virtutes:
1273 2987 1347 3049 ad
1369 3005 1522 3068 quas
1545 2987 1848 3068 pertinent
1866 3006 2097 3068 magna-

447 3095 583 3142 rum
611 3095 814 3139 rerum
844 3077 1168 3156 gestiones,
1201 3076 1625 3139 miraculorum
1678 3075 2101 3157 signorumque

447 3183 518 3228 ac
565 3163 973 3247 prodigiorum
1020 3164 1422 3246 Operationes,
1457 3182 1525 3226 ac
1553 3163 1818 3244 denique
1861 3183 2099 3227 sacrum

446 3254 781 3333 Trisagion,
806 3259 1068 3332 sanctus,
1092 3260 1352 3330 sanctus,
1379 3260 1638 3315 sanctus.
1660 3252 1810 3316 Aliae
1832 3253 2098 3335 demum,

451 3345 531 3408 ad
555 3361 666 3406 nos
694 3342 1062 3416 desinentes,
1097 3343 1274 3405 nobis
1303 3343 1547 3425 quidem
1597 3341 1958 3424 superiores,
1991 3362 2098 3405 su-

450 3433 654 3516 pernis
683 3438 878 3495 autem
911 3432 1252 3508 inferiores,
1283 3431 1471 3494 Deum
1503 3432 1908 3510 circumstant,
1937 3450 2103 3494 nem-

450 3540 526 3604 pe
556 3521 954 3604 Principatus,
977 3521 1416 3602 Archangeliet
1435 3521 1644 3601 Angeli
1677 3543 1690 3581 :
1719 3520 1935 3602 quibus
1955 3539 2099 3602 pro-

449 3609 583 3693 pria
610 3618 748 3672 sunt
775 3610 985 3672 divina
1015 3609 1369 3692 ministeria,
1395 3628 1462 3672 ac
1479 3609 1720 3672 demum
1752 3628 1921 3673 sacer
1935 3610 2102 3690 hym-

450 3717 566 3762 nus
618 3698 896 3764 Alleluia.
947 3697 1072 3762 Illis
1119 3698 1395 3761 omnibus
1441 3699 1746 3762 rationalis
1795 3699 2102 3762 hominum

452 3796 684 3866 natura,
729 3788 898 3851 omni
946 3787 1212 3868 perfecta
1254 3789 1494 3864 virtute,
1535 3789 1697 3850 omni
1746 3787 2000 3850 scientia
2045 3795 2104 3848 et

450 3877 745 3958 sapientia
788 3875 1044 3959 Spiritus
1089 3876 1371 3960 Ignisque
1401 3879 1554 3939 sacri
1586 3876 1923 3953 sublimata,
1951 3896 2101 3940 con-

448 3965 739 4028 formatur
793 3982 902 4046 per
955 3965 1154 4026 divina
1211 3966 1586 4042 charismata,
1639 3965 1796 4046 quod
1855 3964 2104 4044 singulis

451 4054 764 4135 proprium
792 4061 882 4115 est
911 4051 1025 4115 sibi
1050 4053 1491 4135 quodommodo
1522 4053 1933 4134 approprians.
1959 4052 2100 4115 Ete—

449 4141 575 4203 nim
607 4141 741 4203 aliis
771 4140 1014 4222 quidem
1045 4141 1452 4203 conformatur
1485 4140 1817 4203 ministerio
1842 4150 1899 4203 et
1931 4159 2102 4202 man-

453 4229 727 4293 datorum
756 4229 859 4293 Dei
884 4229 1340 4312 observatione;
1371 4228 1506 4292 aliis
1535 4235 1735 4293 autem
1767 4229 2107 4291 misericor-

453 4318 554 4382 dia
597 4325 657 4382 et
697 4319 1074 4408 protectione
1119 4337 1258 4399 erga
1305 4337 1448 4382 suos
1486 4319 1720 4394 fratres,
1758 4326 1818 4380 et
1855 4319 2102 4400 insuper

2188 4326 2362 4408 φύλων
2398 4342 2412 4356 ·
2461 4325 2537 4382 ἔτι
2585 4323 2640 4380 δὲ
2682 4329 2750 4400 τῇ
2806 4329 2911 4380 τῶν
2959 4321 3207 4402 μεγάλων
3263 4324 3352 4381 καὶ
3395 4325 3544 4380 θείων
3589 4323 3849 4402 πραγμά-

456 4426 805 4487 magnarum
834 4407 1289 4490 divinarumque
1318 4427 1521 4470 rerum
1551 4408 1824 4487 gestione
1865 4415 1923 4470 et
1965 4408 2103 4489 Spi-

2191 4407 2297 4474 των
2328 4416 2618 4490 οἰκονομίᾳ,
2680 4413 2768 4469 καὶ
2815 4424 2938 4474 ταῖς
2997 4412 3278 4492 ἐνεργείαις
3335 4412 3428 4468 τοῦ
3485 4413 3792 4488 Πνεύματος
3831 4430 3846 4447 ⁶

452 4496 605 4585 ritus
633 4497 1078 4578 operationibus
1105 4519 1121 4574 ;
1153 4496 1283 4559 aliis
1315 4497 1574 4580 denique
1604 4496 1794 4577 ignito
1815 4497 2103 4559 sermonis

2192 4519 2314 4570 ταῖς
2349 4503 2428 4585 δὲ,
2471 4510 2541 4581 τῇ
2572 4503 2787 4581 ἐμπύρῳ
2817 4502 2972 4582 σοφίᾳ
3014 4507 3106 4558 τοῦ
3162 4501 3340 4579 λόγου,
3390 4502 3479 4558 καὶ
3533 4509 3602 4578 τῇ
3654 4501 3850 4579 γνώσει

455 4584 752 4667 sapientia
805 4593 864 4648 et
920 4587 1172 4649 scientia
1221 4587 1554 4649 divinarum
1609 4593 1666 4647 et
1717 4587 2110 4647 humanarum

454 4691 659 4737 rerum
693 4673 1028 4756 participat.
1055 4674 1142 4738 Ita
1165 4675 1428 4756 perfecta
1458 4683 1518 4737 et
1547 4682 1773 4736 naturae
1803 4674 1960 4737 dona
1983 4692 2111 4736 mu-

455 4769 673 4844 tuans,
734 4761 986 4826 decimae
1042 4764 1324 4846 potentiae
1393 4763 1517 4826 Deo
1577 4763 1686 4844 per
1756 4763 1888 4826 illas
1963 4781 2112 4824 con-

449 4850 748 4933 jungitur,
791 4852 962 4933 quasi
999 4852 1250 4915 decima
1304 4852 1599 4935 primitias
1630 4871 1700 4914 ex
1731 4851 1929 4933 seipsa
1976 4851 2116 4914 huic

456 4941 736 5004 oﬁ‘erens.

540 5029 679 5094 100.
713 5029 873 5094 Deus
899 5029 1114 5096 Unitas
1143 5039 1202 5094 et
1226 5030 1508 5107 Trinitas,
1559 5027 1637 5092 ab
1685 5029 1910 5092 unitate
1954 5028 2113 5092 inci-

455 5117 650 5200 piens,
678 5118 740 5180 in
768 5121 1035 5202 seipsum
1069 5121 1312 5183 decadis
1344 5121 1532 5181 instar
1559 5118 1892 5181 circulatim
1913 5136 2113 5181 rever-

457 5207 620 5271 titur.
654 5207 764 5270 Hic
785 5209 1053 5272 omnium
1079 5208 1369 5290 principia
1390 5216 1449 5270 et
1466 5207 1616 5270 ﬁnes
1638 5207 1796 5269 intra
1818 5225 1885 5270 se
1904 5209 2106 5270 habet.

454 5295 561 5359 Est
586 5303 789 5359 autem
821 5305 986 5360 extra
1014 5298 1233 5374 omnia,
1279 5304 1574 5379 quatenus
1618 5295 1896 5358 omnibus
1927 5315 2112 5378 supe-

454 5385 600 5449 rior.
615 5384 895 5460 Quiintra
910 5407 1046 5450 eum
1071 5396 1160 5452 est
1179 5389 1441 5451 rationes
1461 5385 1892 5468 scientiamque
1907 5404 2112 5448 rerum

457 5482 752 5557 penetrat,
787 5484 846 5538 et
876 5485 1040 5539 extra
1062 5476 1264 5540 omnia
1297 5484 1482 5550 stans,
1516 5475 1673 5537 intra
1703 5475 1903 5539 omnia
1934 5475 2112 5538 inha-

457 5559 621 5636 bitat,
657 5564 950 5646 principia
979 5566 1250 5647 ﬁuesque
1272 5566 1487 5628 horum
1518 5565 1878 5648 percallens,
1905 5573 2112 5646 utpote

458 5648 612 5711 Patri
645 5668 755 5731 per
783 5651 1049 5717 Verbum
1075 5653 1464 5735 spiritualiter
1480 5653 1704 5728 unitus,
1731 5661 1790 5715 et
1812 5653 2112 5734 perfectus

2192 4600 2298 4651 τῶν
2352 4593 2503 4650 θείων
2561 4592 2648 4648 καὶ
2712 4590 3045 4669 ἀνθρωπίνων
3091 4591 3416 4670 πραγμάτων
3475 4604 3850 4670 συγκοινωνετ.

2196 4681 2346 4741 Οὕτω
2413 4680 2782 4757 τελειουμένη,
2855 4681 2944 4737 καὶ
3012 4679 3107 4743 τὰς
3163 4678 3362 4759 δωρεὰς
3409 4677 3700 4756 ἀμείϐουσα
3754 4680 3852 4743 τὰς

2195 4772 2293 4841 τῆς
2327 4772 2555 4853 φύσεως,
2600 4775 2670 4847 τῇ
2725 4768 2897 4826 δεκάδι
2955 4775 3072 4844 Θεῴ
3125 4765 3210 4824 διὰ
3251 4769 3450 4826 τούτων
3507 4769 3851 4844 συνάπτεται,

2198 4863 2271 4928 ὡς
2352 4860 2607 4941 ἀπαρχῦν
2706 4857 2930 4926 δεκάτης
3030 4859 3165 4936 αὐτῇ
3269 4868 3694 4938 προσενεγκοῦσα
3800 4856 3855 4923 ἐξ

2197 4952 2390 5019 ἑαυτῆς
2401 4999 2415 5013 .

2279 5031 2349 5120 ρ’.
2385 5041 2514 5105 Θεὸς
2543 5041 2579 5109 ἡ
2611 5039 2786 5102 Μονὰς
2814 5038 2904 5094 καὶ
2932 5036 3112 5117 Τριὰς,
3145 5037 3252 5095 ἀπὸ
3292 5035 3519 5114 μονάδος
3549 5036 3854 5118 ἀρχόμενος

2194 5133 2268 5196 εἰς
2300 5131 2485 5187 ἑαυτὸν
2530 5131 2621 5186 οἷα
2649 5127 2715 5195 δὴ
2771 5125 2950 5206 δεκὰς,
3008 5126 3272 5191 κυκλικῶς
3315 5125 3648 5206 τελειοῦται,
3691 5129 3856 5194 Οὗτος

2193 5222 2285 5286 τὰς
2337 5219 2550 5277 πάντων
2605 5217 2790 5298 ἀρχὰς
2833 5199 3030 5272 καὶυτὰ
3072 5214 3201 5283 τέλη
3247 5215 3395 5280 ἐντὸς
3441 5216 3583 5297 ἔχει.
3616 5199 3764 5275 Ἔστι
3795 5215 3854 5273 δὲ

2193 5312 2406 5368 πάντων
2437 5308 2614 5384 ἐκτὸς,
2647 5309 2720 5371 ὡς
2770 5304 3140 5384 ὑπερκείμενος
3193 5311 3299 5363 τῶν
3357 5304 3521 5369 ὅλων.
3577 5307 3774 5365 Τούτου
3827 5309 3856 5363 ὁ

2196 5398 2341 5463 ἐντὸς
2372 5397 2632 5478 γεγονὼς,
2663 5395 2812 5458 ἐντὸς
2835 5395 2956 5456 τοὺς
2987 5392 3177 5472 λόγους
3210 5395 3299 5451 καὶ
3341 5393 3441 5461 τὴν
3497 5399 3693 5472 γνῶσιν
3747 5399 3856 5452 τῶν

2194 5488 2360 5548 ὄντων
2385 5487 2662 5568 ἐχώρησεν
2695 5503 2709 5520 ⁸
2744 5482 2843 5551 ἔξω
2891 5482 2947 5540 δὲ
2994 5485 3206 5544 πάντων
3265 5485 3456 5559 ἑστὼς,
3505 5483 3651 5548 ἐντὸς
3709 5484 3856 5541 πάν-

2194 5601 2300 5636 των
2329 5577 2617 5657 αὐλίζεται,
2649 5576 2745 5640 τὰς
2773 5574 2949 5655 ἀρχὰς
2981 5571 3130 5639 εἰδὼς
3179 5574 3266 5630 καὶ
3321 5574 3389 5630 τὰ
3445 5571 3576 5641 τέλη
3633 5573 3861 5647 τούτων,

2194 5670 2268 5732 ὡς
2337 5668 2472 5744 μετὰ
2533 5667 2736 5744 Πατρὸς
2794 5662 2878 5720 διὰ
2928 5668 3022 5720 τοῦ
3095 5663 3265 5740 Λόγου
3323 5662 3605 5741 συνάφειαν
3679 5663 3866 5742 νοερᾶν
