4144 6374
326 359 480 428 1009
1458 369 1559 434 DE
1602 369 1955 435 SALUTAT

2040 372 2143 465 NE
2184 373 2567 439 MANUALI.
3558 368 3718 439 ιοιο

316 495 600 586 ἐσχηκὼς,
661 498 748 555 καὶ
791 497 1108 586 τελειωθεὶς,
1153 498 1209 556 ἐν
1251 506 1327 576 τῷ
1372 500 1636 577 Πνεύμστι
1669 519 1689 540 ⁶
1733 506 1869 580 αὐτῇ
1906 509 1959 580 τῆ

2056 501 2120 565 ἱιι
2148 501 2373 586 Spiritu
2400 512 2629 567 sancto.
2653 502 2772 586 ipsi
2803 500 3081 584 perfecte
3108 506 3169 563 et
3194 498 3462 565 indivisa
3488 507 3548 564 et
3565 520 3715 568 con-

306 583 609 658 παντελείορ
654 588 746 643 καὶ
815 585 1096 668 ἀδιαιρέτῳ
1169 587 1345 669 Τριάδι
1420 591 1510 647 καὶ
1566 592 1853 668 δμοουσίῳ,
1910 597 1959 668 τῆ

2059 583 2433 656 substantiali
2480 583 2781 669 Trinitati,
2809 583 2959 671 quae
2999 588 3064 652 in
3111 590 3309 667 Patre,
3344 596 3407 652 et
3440 587 3621 668 Filio,
3653 598 3716 657 et

310 673 383 763 iv
423 676 611 755 Πατρὶ,
658 677 749 732 καὶ
804 679 931 752 Υίῷ,
991 678 1081 734 καὶ
1136 678 1271 757 ἁγίῳ
1337 678 1601 755 Πνεύματι
1655 702 1959 760 προσκυνου

2058 681 2281 763 Spiritu
2307 688 2512 745 sancto
2539 680 2840 756 adoratur,
2872 685 2933 741 et
2956 678 3021 741 in
3054 695 3175 743 una
3205 677 3575 759 gloriﬁcatur
3597 699 3712 744 na-

312 761 478 852 μὲνῃ,
528 765 615 820 καὶ
659 764 712 822 ἐν
744 772 840 841 μιᾷ
891 764 1212 844 δοξαζομένῃ
1264 767 1411 847 φύσει
1460 770 1548 825 καὶ
1589 768 1831 846 βασιλείᾳ
1885 772 1959 827 κα

2059 761 2188 833 tura
2217 776 2277 833 et
2305 770 2616 852 majestate
2638 776 2698 832 et
2720 768 2981 851 potentia
3003 766 3350 850 divinitatis,
3369 766 3448 830 sit
3477 768 3711 850 princi-

311 849 533 965 δυνάμει
615 854 869 924 θεότητος
904 874 919 890 ·
1006 859 1043 934 ᾗ
1128 857 1318 936 κράτος
1396 858 1471 921 εἷς
1554 860 1677 924 τοὺς
1750 860 1959 925 αἰῶνας.

331 943 511 1013 Αμήν.

2058 864 2227 940 patus
2264 858 2326 922 in
2355 849 2595 923 sécula.
2624 849 2847 924 Amen.

331 949 511 1017 Αμήν.

344 1109 3665 1145 ω

1344 1221 1710 1286 MONITUM
1752 1220 1837 1282 ΙΝ
1881 1218 2260 1284 SGHOLION
2304 1220 2671 1296 SEQUENS.

390 1375 724 1462 cardinalis
752 1377 975 1458 Angelo
1005 1380 1117 1442 Mai
1146 1378 1209 1442 in
1239 1387 1397 1444 tomo
1425 1378 1504 1444 IV
1526 1377 1920 1462 Bibliotheca:
1950 1394 2129 1462 unum
2156 1374 2439 1462 Patrum,
2476 1398 2535 1460 p.
2568 1380 2710 1462 118,
2741 1379 2814 1443 ad
2845 1398 2917 1444 ea
2960 1379 3141 1462 verba
3193 1379 3700 1446 Constitutionum

307 1454 747 1541 §tuditanarum
782 1479 813 1541 εΔ
848 1450 974 1540 Ϊρή
1029 1464 1305 1541 γινῷσκειν
1370 1464 1443 1527 ὡς
1501 1450 1621 1519 καθ’
1658 1459 1901 1541 ἕκαστον.
1943 1456 2271 1541 ἀποδείπνων
2301 1461 2330 1516 ὁ
2368 1450 2453 1516 διά
2477 1450 2708 1541 ⁸χειρῶν
2748 1459 3055 1541 σταυροειδὴ
3091 1479 3105 1524 :
3148 1462 3434 1539 ἀσπασμὸς
3465 1482 3692 1541 γινεται·

301 1535 594 1621 Singulis
623 1535 1352 1621 completorzis'salututio
1378 1542 1450 1621 ﬁt
1492 1540 1780 1603 manibus
1813 1537 1901 1621 9d
1942 1539 2138 1621 amcis
2178 1538 2443 1615 formam
2491 1535 3367 1621 (impositiﬂhmcgadnotat‘:
3411 1563 3435 1600 ιι
3471 1535 3560 1621 De
3588 1542 3703 1605 hoc

311 1616 431 1701 ritu
456 1617 705 1701 ejusque
732 1616 890 1681 varia
918 1620 1350 1701 signiﬁcatione
1377 1616 1659 1701 Scholion
1681 1617 1982 1701 eruditum
2008 1617 2242 1701 Nicetae
2274 1619 2564 1701 P_ect_orati
2596 1616 2875 1683 monachi
2895 1618 3118 1701 Studiag
3145 1620 3418 1701 legebam
3468 1620 3532 1683 in
3560 1621 3697 1686 cod.

311 1695 453 1781 Vat._
479 1695 706 1781 “03L
745 1702 877 1773 152,
912 1695 1068 1780 quod
1101 1702 1213 1762 etsi
1243 1702 1419 1781 paulo
1451 1699 1724 1781 diffusius
1754 1697 1853 1759 hic
1896 1696 2185 1778 recitabo,
2226 1697 2332 1760 sed
2382 1697 2587 1763 Graece
2626 1705 2875 1776 tantum,
2925 1718 3003 1763 ne
3047 1695 3349 1764 adnotatio
3400 1701 3707 1765 enormior

309 1776 543 1839 evadat.
581 1804 609 1835 ι)
643 1776 1197 1862 Interpretationem
1230 1776 1497 1845 Latinam
1528 1780 1832 1842 addimus.

791 2053 1044 2107 NIKHTA
1090 2054 1414 2106 ΜΟΝΑΧΟΥ
1459 2054 1573 2106 ΚΑΙ
1616 2049 2094 2102 ΠΡΕΣΒΥΤΕΡΟΥ
2139 2051 2274 2102 ΤΩΝ
2317 2050 2658 2105 ΣΤΟΥΔΙΩΝ
2703 2055 2831 2105 ΤΟΥ
2862 2052 3218 2106 ΣΗΤΘΑΤΟΥ

1406 2160 1559 2212 ΠΕΡΙ
1601 2161 1729 2212 ΤΟΥ
1775 2157 1886 2209 AIA
1929 2154 2181 2207 ΧΕΙΡΩΝ
2224 2155 2615 2216 ΑΣΠΑΣΜΟΥ,

404 2327 749 2393 ΝΙΟΕΤΕ
792 2328 1256 2397 PECTORATI
1291 2329 1676 2399 MONACHI
1713 2270 1959 2395 STUDI‘

2040 2267 2095 2388 id
2137 2325 2248 2390 DE
2286 2325 2873 2394 SALUTATIONE
2911 2326 3287 2393 MANIBUS
3338 2326 3620 2393 FACTA.

390 2533 537 2594 Ἀλλ’
568 2534 684 2594 οὒδέ
732 2539 760 2593 ὁ
808 2534 892 2593 διὰ
934 2543 1132 2619 χειρῶν
1186 2538 1467 2613 ἀσπασμὸς
1527 2537 1615 2595 ἐπὶ
1671 2536 1822 2613 μόνῳ
1881 2541 1959 2611 τῷ

2125 2532 2411 2596 Salutatio
2455 2533 2727 2598 manibus
2748 2612 2752 2617 η
2774 2541 3016 2616 peracta
3048 2551 3245 2615 neque
3275 2533 3449 2615 signo
3483 2515 3705 2597 visibili

309 2624 660 2705 πραττομένῳ
703 2627 793 2683 τὸν
841 2624 978 2684 ἴδιον
1020 2627 1207 2694 ’ίστησι
1240 2625 1401 2705 λόγον
1434 2643 1450 2660 ⁸
1485 2625 1604 2707 ἔχει
1634 2624 1688 2682 δὲ
1717 2627 1806 2683 καὶ
1861 2629 1963 2685 αὖ·

308 2716 402 2779 τὸς
461 2713 560 2794 ἄρα
618 2714 1007 2795 μυστικώτερόν
1061 2738 1113 2772 τι
1167 2714 1378 2779 πάντως
1433 2715 1664 2796 ἐμφῆναι
1719 2727 1838 2779 τοῖς
1898 2714 1964 2770 τὰ

300 2803 538 2882 ἡμέτερα
582 2801 931 2880 ἐξετάζουσιν,
977 2807 1051 2868 ὡς
1107 2810 1184 2879 τῷ
1242 2802 1497 2884 ὁρωμένῳ
1524 2802 1960 2883 συγκλειόμενος.

301 2893 431 2973 Τρία
488 2898 614 2971 γοῦν
668 2898 834 2950 ταῦτα
887 2907 1005 2958 τοῖς
1063 2894 1225 2972 ὁρῶσι
1269 2895 1453 2973 ψυχῆς
1506 2891 1803 2973 ὀφθαλμοῖς
1862 2893 1960 2969 ἐμ-

302 2985 474 3063 φαίνει
523 2982 589 3037 τὰ
618 2981 981 3061 μυστικώτερα
1006 3000 1019 3014 ·
1066 2981 1166 3049 τὴν
1221 2984 1351 3061 πρὸς
1407 2981 1672 3052 ἀλλήλους
1715 2981 1957 3039 καταλα-

301 3071 431 3151 γὴν,
463 3077 567 3127 τῶν
603 3079 695 3129 τοῦ
724 3076 813 3127 νοῦ
869 3071 1161 3151 φασμάτων
1208 3070 1309 3138 τὴν
1366 3068 1667 3146 ἆποδίωξιν,
1726 3072 1815 3128 καὶ
1856 3071 1954 3138 τὴν

301 3167 397 3218 τοῦ
446 3161 592 3238 ἁγίου
637 3158 934 3216 ἐπισκίασιν
989 3160 1312 3235 Πνεύματος.
1376 3157 1596 3227 Ἐπειδὴ
1647 3161 1748 3241 γὰρ
1789 3181 1952 3218 σταυ-

306 3257 384 3329 ρῷ
439 3250 535 3324 μὲν
577 3257 841 3323 τυποῦμεν
913 3254 1020 3305 τῶν
1075 3246 1323 3327 μεγάλων
1370 3249 1492 3312 τοὺς
1535 3246 1819 3313 δακτύλους
1870 3249 1958 3305 καὶ

308 3336 547 3415 πρώτως
573 3333 1015 3415 περιϐαλλόμενοι
1061 3338 1124 3392 τὸ
1168 3342 1269 3403 τῆς
1326 3337 1548 3400 ἀκακίας
1602 3336 1908 3394 κουκούλιον
1940 3351 1954 3367 ⁸

306 3428 403 3489 τὰς
454 3424 709 3501 παλάμας
765 3423 822 3481 δὲ
877 3424 1017 3482 ἔνθεν
1070 3425 1315 3483 κάκεῖθεν
1369 3424 1693 3502 ἡπλωμὲνας
1749 3426 1960 3506 ἀντικρὺ

307 3517 443 3595 πρὸς
485 3513 752 3585 ἀλλήλους
784 3513 1082 3590 ἐκτείνομεν
1116 3531 1133 3547 ’
1167 3514 1222 3572 οἵ
1255 3537 1311 3572 τε
1359 3519 1521 3595 ἱερεῖς
1589 3517 1677 3572 καὶ
1734 3518 1781 3573 οἱ
1837 3514 1961 3571 ὅλον

303 3608 368 3663 τὸ
437 3610 632 3685 σχῆμα
687 3606 786 3671 τῆς
841 3604 1244 3684 ἐσταυρωμὲνης
1300 3603 1651 3669 ἀναλαϐόντες
1694 3604 1835 3676 ζωῆς
1874 3602 1959 3662 διὰ

300 3695 401 3772 μὲν
481 3701 573 3751 τοῦ
659 3692 1021 3773 σταυροειδοῦς
1107 3692 1300 3770 δεσμοῦ
1382 3694 1488 3751 τῶν
1556 3692 1824 3751 δακτύλων
1893 3694 1957 3750 τὸ

298 3785 554 3864 ἐγκρατὲς
616 3784 705 3841 καὶ
760 3781 1037 3841 δεδομένον
1092 3787 1190 3850 τῆς
1255 3782 1547 3862 παῤῥησίας
1604 3781 1951 3864 ἐμφαίνομεν,

296 3877 370 3942 ἧς
429 3874 589 3954 χάριν
648 3874 721 3936 ὡς
780 3870 944 3929 ὅπλον
999 3872 1099 3938 τὴν
1169 3870 1441 3929 εὐλάϐειαν
1497 3870 1779 3948 ἐνδυόμεθα
1811 3891 1827 3906 ⁶
1872 3870 2014 3961 Stoic

298 3986 361 4021 τε
430 3964 527 4032 τῆς
584 3962 957 4025 ἀναπετάσεως
1014 3966 1120 4017 τῶν
1174 3967 1375 4042 χειρῶν
1435 3962 1535 4030 τὴν
1590 3962 1688 4031 τῆς
1744 3962 1955 4040 ἀγάπης

300 4054 555 4133 διάθεσιν,
604 4052 670 4118 ἣν
732 4052 805 4114 εἰς
861 4048 1125 4121 ἀλλήλους
1170 4050 1319 4131 ἔχειν
1355 4053 1485 4131 πρὸς
1544 4057 1769 4132 Χριστοῦ
1823 4050 1957 4107 ἐπε-

299 4145 583 4225 τράπημεν
624 4158 639 4172 ·
712 4144 799 4199 καὶ
869 4140 1013 4206 ὅπως
1068 4139 1289 4206 ἕκαστος
1347 4142 1571 4199 ἑκάστου
1626 4142 1726 4209 τὴν
1780 4140 1956 4221 φιλίαν

303 4234 438 4314 πρὸς
495 4232 681 4288 ἑαυτὸν
766 4231 1079 4287 ἐπισπεῦσαι
1147 4227 1470 4306 δεικνύομέν,
1561 4231 1659 4287 Διά
1735 4228 1790 4286 δὲ
1858 4229 1956 4297 τῆς

299 4322 689 4403 προσψαύσεως
757 4326 863 4377 τῶν
925 4317 1216 4395 δακτύλων,
1274 4318 1420 4383 ὅπως
1476 4317 1644 4386 δεξιὰς
1700 4317 1956 4390 ἀλλήλοις

300 4416 441 4471 κατὰ
497 4412 595 4480 τὴν
654 4408 819 4467 πάλαι
867 4407 1094 4473 διδόντες
1147 4406 1457 4487 παράδοσιν,
1518 4421 1712 4488 χεῖρας
1769 4409 1955 4488 χερσὶν

300 4500 660 4579 ἐμϐάλλοντες
706 4498 1095 4572 συναπτόμεθα,
1140 4497 1239 4563 τὴν
1293 4497 1365 4562 εἷς
1407 4495 1672 4567 ἀλλήλους
1731 4497 1955 4564 ἑνότητα

297 4594 390 4650 καὶ
446 4590 769 4670 ὁμοτροπίαν
839 4588 928 4642 καὶ
980 4587 1042 4641 τὸ
1102 4584 1359 4664 ἅῤῥηκτον
1416 4585 1512 4654 τῆς
1581 4586 1795 4664 ἀγάπης
1851 4584 1954 4653 δη-

298 4683 519 4757 λοῦμεν,
570 4679 667 4739 Διὰ
723 4675 778 4733 δὲ
836 4682 931 4733 τοῦ
981 4674 1264 4750 ἀσπασμοῦ
1320 4674 1426 4731 τῶν
1467 4673 1809 4755 σταυροειδῶς
1862 4673 1954 4731 δε-

300 4769 537 4846 δεμένων
594 4764 863 4824 δακτύλων
914 4764 1014 4831 τὴν
1097 4762 1274 4843 φιλίαν
1349 4766 1505 4821 αὐτοῦ
1561 4762 1957 4843 ἐσταυρωμένου

303 4858 638 4934 αἱνιττόμεθα
671 4855 807 4932 βίου,
839 4851 984 4918 ὅπως
1045 4852 1197 4909 αὐτὸν
1252 4851 1488 4928 ἐκθύμως
1543 4852 1901 4929 ἀσπαζώμεθα
1934 4868 1948 4881 ·

302 4950 366 5006 οὒ
422 4947 584 5023 μόνον
644 4942 699 5001 δὲ
756 4941 895 5000 ἀλλὰ
948 4942 1038 4998 καὶ
1093 4940 1191 5009 τήν
1265 4939 1516 5019 νέκρωσιν
1579 4947 1686 4997 τῶν
1757 4940 1958 5017 μελῶν,

304 5039 398 5095 καὶ
426 5043 534 5093 τῶν
562 5039 661 5102 τῆς
701 5033 893 5112 σαρκὸς
947 5028 1184 5109 πράξεων
1240 5028 1544 5099 καθήλωσιν
1577 5044 1592 5059 ’
1653 5030 1742 5085 καὶ
1784 5028 1962 5094 ἄλλως

303 5129 407 5196 τὴν
434 5128 566 5205 πρὸς
611 5121 876 5193 ἀλλήλους
918 5120 1235 5177 ταπείνωσιν
1269 5137 1285 5153 ⁸
1344 5116 1516 5195 ὅπως,
1560 5125 1639 5194 τῷ
1694 5116 1965 5194 συνδέσμῳ

302 5226 400 5277 τοῦ
441 5216 743 5291 πνεύματος
794 5209 1150 5285 συνδεόμενοι,
1195 5207 1297 5276 τὴν
1354 5215 1447 5266 τοῦ
1499 5207 1727 5276 πλησίον
1790 5208 1962 5289 πρόσ-

301 5313 497 5385 ψαυσιν
584 5306 659 5368 ὡς
733 5301 998 5381 ἀγιασμὸν
1075 5296 1383 5385 δεχόμενοι
1426 5297 1804 5385 ἀσπαζώμεθα.
1866 5298 1963 5357 Καὶ

298 5384 466 5456 ταῦτα
537 5394 635 5470 μὲν
704 5391 843 5449 κατὰ
894 5389 993 5457 τὴν
1035 5387 1251 5468 πρώτην
1308 5384 1451 5453 τάξιν
1505 5389 1638 5467 πρὸς
1692 5384 1959 5458 ἀλλήλους

303 5489 353 5545 οἱ
407 5489 601 5565 ἱερεῖς,
656 5484 729 5545 ὡς
788 5478 1000 5559 εἴρηται
1034 5496 1047 5511 °
1104 5478 1193 5533 καὶ
1236 5478 1285 5534 οἱ
1331 5483 1410 5552 τῷ
1439 5475 1660 5565 μεγάλω
1714 5478 1961 5556 σχήματι

295 5563 741 5654 τεθωρακισμένοι
815 5575 895 5642 τῷ
962 5566 1261 5646 πράγματι,
1313 5566 1422 5654 καὶ
1475 5563 1960 5654 καταλλαττόμενοι

296 5672 367 5743 τῇ
397 5651 649 5743 συναφείᾳ
691 5658 1062 5732 συναπτόμεθα
1089 5659 1189 5721 τῆς
1219 5653 1458 5743 ἀγάπης.
1518 5652 1635 5735 Οῦχ
1688 5653 1855 5718 οὕτως
1906 5651 1961 5710 δὲ

301 5740 405 5837 ἄρα
428 5754 519 5811 καὶ
545 5740 651 5809 Ἵὲπὶ
701 5751 794 5808 τὸν
847 5746 1071 5829 φέροντα
1124 5744 1217 5799 τὸν
1259 5740 1535 5824 ἀρῤαϐῶνα
1587 5749 1681 5802 τοῦ
1729 5744 1960 5825 σχήμα..

2045 2628 2341 2697 contenta,
2377 2622 2448 2683 iis
2472 2622 2571 2705 qui
2604 2622 3005 2688 conditionem
3038 2623 3361 2685 humanam
3393 2621 3702 2704 pervesti-

2042 2717 2204 2789 gant,
2232 2710 2545 2791 mysticum
2573 2711 2797 2794 aliquid
2829 2710 3052 2793 pariter
3082 2717 3140 2774 et
3168 2710 3401 2774 visibile
3419 2709 3700 2774 snbindi-

2042 2806 2157 2863 cat.
2183 2798 2254 2860 Et
2274 2798 2518 2880 quidem
2549 2800 2623 2862 iis
2645 2800 2747 2881 qui
2768 2799 2986 2863 mentis
3006 2798 3196 2862 oculis
3217 2799 3420 2862 vident
3443 2797 3557 2863 tria
3578 2817 3701 2881 my-

2041 2888 2196 2950 stica
2242 2897 2535 2969 apparent
2575 2909 2590 2951 :
2644 2896 2851 2952 mutua
2897 2887 3331 2965 reconciliatio,
3364 2886 3696 2967 imaginum

2042 2976 2549 3057 phantasticarum
2575 2977 2861 3059 repulsio,
2888 2976 3144 3059 Spiritus
3173 2976 3361 3039 sancti
3378 2975 3699 3040 obumbra-

2042 3064 2148 3126 tio.
2180 3067 2330 3128 Cum
2359 3065 2520 3127 enim
2550 3083 2659 3147 per
2687 3066 2883 3130 crucis
2907 3065 3141 3147 signum
3171 3063 3373 3144 digitis
3415 3066 3694 3147 pmﬁgu-

2037 3171 2261 3229 ramus,
2294 3154 2656 3217 innocentiae
2710 3162 2874 3220 veste
2919 3174 3030 3218 nos
3074 3154 3417 3230 induentes,
3466 3154 3697 3235 palmas

2040 3251 2234 3305 autem
2266 3244 2546 3325 utrinque
2576 3244 3016 3323 protendimus,
3048 3242 3396 3307 sacerdotes
3424 3250 3487 3306 et
3511 3242 3554 3304 ii
3586 3243 3694 3324 qui

2043 3338 2222 3392 totam
2244 3333 2378 3395 vitm
2393 3331 2692 3394 cruciﬁxaa
2705 3331 2954 3413 ﬁguram
2979 3328 3693 3413 praesumunt,digitorum

2041 3419 2104 3482 in
2120 3418 2317 3482 crucis
2337 3420 2585 3482 formam
2605 3419 3074 3502 compositorum
3088 3417 3313 3481 unione
3334 3417 3471 3480 mod
3480 3417 3693 3481 estiam

2040 3508 2104 3569 in
2132 3507 2363 3585 agendo
2385 3507 2805 3589 loquendoque
2819 3505 3240 3570 indicant.Hoc
3263 3523 3520 3587 namque
3540 3504 3695 3569 facto

2039 3597 2257 3679 pietate
2285 3614 2396 3659 nos
2424 3615 2750 3675 armamus,
2777 3614 3061 3659 manuum
3102 3603 3302 3658 autem
3348 3594 3700 3659 extensione

2039 3685 2387 3749 charitatem
2416 3685 2741 3762 innuimus,
2777 3704 2893 3768 qua
2918 3702 3027 3748 nos
3055 3683 3315 3746 invicem
3345 3682 3630 3762 amplecti
3659 3702 3696 3747 a

2039 3774 2273 3839 Christo
2321 3775 2476 3855 jussi
2530 3793 2759 3839 sumus.
2803 3773 3136 3853 Digitorum
3184 3790 3362 3855 porro
3421 3778 3695 3836 contactu

2037 3863 2297 3945 antiquae
2318 3862 2655 3926 traditionis
2682 3863 3022 3945 exemplum
3051 3861 3341 3939 imitatur,
3365 3860 3523 3924 sicut
3558 3878 3690 3924 ma-

2038 3971 2184 4015 num
2213 3969 2393 4015 manu
2414 3953 2739 4033 jungentes
2783 3952 3070 4016 unionem
3102 3967 3336 4013 morum
3382 3956 3441 4012 et
3469 3948 3695 4012 amoris

2037 4042 2484 4104 diuturnitatem
2560 4041 2939 4123 proferimus.
2997 4038 3367 4103 Salutatione
3433 4038 3696 4120 denique

2039 4139 2276 4213 peracta
2304 4131 2504 4212 digitis
2532 4131 2595 4193 in
2626 4132 2821 4194 crucis
2858 4129 3116 4192 formam
3164 4125 3511 4208 compositis
3557 4126 3694 4189 vita

2038 4220 2336 4283 cruciﬁxa:
2392 4238 2661 4282 amorem
2719 4218 3069 4294 innuimus,
3128 4215 3300 4296 cujus
3354 4214 3695 4296 exemplum

2041 4317 2283 4372 strenue
2310 4309 2531 4372 imitari
2561 4309 2876 4373 debemus.
2909 4310 3025 4372 Per
3055 4306 3217 4369 idem
3244 4321 3384 4366 vero
3415 4310 3474 4367 et
3505 4320 3698 4365 mem-

2040 4398 2285 4461 brorum
2309 4398 2826 4461 mortiﬁcationem
2848 4395 3188 4459 indicamus
3216 4400 3275 4456 et
3298 4409 3547 4474 operum
3569 4409 3699 4454 car-

2040 4487 2265 4549 nalium
2288 4487 2736 4549 cruciﬁxionem
2766 4492 2826 4548 et
2857 4502 2999 4565 erga
3024 4484 3173 4545 alios
3198 4480 3598 4544 humilitatem
3605 4487 3698 4557 ,ut

2039 4576 2283 4655 spiritus
2315 4575 2548 4639 vinculo
2582 4575 2735 4637 uniti
2762 4571 3193 4637 commercium
3234 4587 3371 4631 cum
3422 4568 3693 4655 proximo

2037 4654 2101 4726 ut
2128 4663 2587 4727 sanctimoniam
2616 4662 3076 4744 amplectamur.
3104 4658 3177 4721 Et
3204 4657 3399 4739 primo
3442 4654 3691 4744 quidem

2036 4753 2246 4816 ordine
2274 4752 2347 4814 ad
2377 4743 2807 4816 sacerdotesid
2830 4755 3089 4832 spectat,
3117 4755 3183 4811 ut
3206 4762 3389 4826 supra
3406 4743 3691 4809 diximus.

2035 4841 2158 4905 Nos
2180 4852 2378 4904 autem
2401 4842 2503 4922 qui
2524 4840 2828 4921 exemplar
2848 4838 3105 4901 sublime
3126 4835 3458 4916 sequimur,
3483 4840 3693 4922 mutuo

2045 4950 2155 4994 nos
2185 4948 2390 4994 amore
2422 4921 2890 4995 consolidamus.
2925 4927 3049 4992 Nec
3077 4935 3278 4989 tamen
3321 4922 3481 4986 idem
3511 4921 3590 4985 de
3624 4940 3695 4985 eo

2046 5020 2367 5083 dicendum
2413 5018 2515 5101 qui
2558 5020 2680 5100 typi
2727 5017 3126 5081 arrhabonem
3169 5030 3293 5095 prae
3320 5029 3387 5075 se
3414 5010 3551 5101 fert.
3583 5008 3699 5101 Qui

2046 5108 2208 5173 enim
2243 5098 2570 5171 certamina
2589 5098 2925 5185 absolvunt,
2951 5123 3072 5168 non
3108 5108 3338 5166 tantum
3367 5100 3441 5163 ad
3463 5098 3698 5181 passio-

2047 5218 2191 5261 num
2221 5198 2507 5271 furorem,
2540 5197 2648 5260 sed
2679 5196 2860 5260 etiam
2889 5195 2960 5257 ad
3018 5190 3238 5257 mentis
3280 5195 3608 5270 conceptus
3636 5194 3698 5250 et

1980 5268 2235 5352 1)malas
2263 5268 2652 5367 cogitationes
2704 5305 2839 5349 cum
2885 5284 3040 5348 male
3096 5285 3427 5365 praeparato
3457 5268 3703 5367 pectore

2042 5363 2411 5448 dilabuntur,
2445 5374 2552 5438 sed
2577 5383 2777 5439 tamen
2807 5392 3009 5438 coram
3036 5363 3313 5435 Patribus
3352 5363 3700 5431 memoratis
3748 5384 3773 5407 κ

2044 5464 2222 5548 caput
2259 5465 2570 5542 inclinant,
2604 5472 2670 5527 ut
2712 5477 2812 5528 aut
2857 5461 3256 5527 humilitatem
3284 5475 3425 5538 erga
3451 5453 3697 5548 eosdem

2044 5546 2348 5640 praestent,
2381 5561 2484 5617 aut
2516 5554 2785 5636 ipsorum
2827 5552 3108 5634 suffragia
3153 5553 3454 5640 expetant.
3492 5546 3700 5640 i’atres

2043 5631 2242 5710 autem
2273 5645 2489 5707 horum
2514 5631 2709 5726 capita
2736 5661 2918 5707 cruce
2948 5631 3206 5722 signant,
3227 5634 3465 5726 deinde
3477 5631 3704 5726 dextris

2045 5733 2227 5819 capiti
2254 5732 2507 5798 istorum
2535 5720 2832 5817 impositis
2861 5738 2923 5796 et
2946 5720 3246 5807 retractis,
3279 5721 3564 5810 precibus
3597 5720 3697 5787 fn-
