4144 6408
390 344 534 422 1011
1669 347 1974 414 NICET/E
2030 348 2052 409 Ι

2137 349 2368 414 GTORA
2380 352 2459 414 TI
3596 349 3754 416 1012

385 481 468 542 sis
488 499 590 543 eos
619 483 956 546 absolvunt.
995 483 1100 546 His
1153 483 1429 546 omnibus
1475 490 1672 545 autem
1723 483 2030 563 praprium

2137 508 2204 550 ςος
2273 489 2528 565 γίγνεται.
2593 486 2743 546 Ἐκεῖ
2801 491 2899 570 γὰρ
2972 490 3046 547 ἔτι
3115 497 3220 546 τῶν
3280 492 3645 570 εἰσαγωγικῶν
3704 492 3777 552 εἰς

384 577 476 632 est
504 570 728 660 dicere,
762 573 857 635 his
886 573 1128 654 quidem
1156 591 1168 635 :
1203 573 1488 650 Benedic,
1523 590 1719 653 quaeso
1751 593 1766 647 ;
1799 571 1916 634 illis
1935 591 2037 633 au-

2137 575 2333 649 ἱγῶνας
2415 575 2708 659 τελοῦντες,
2796 581 2883 635 καὶ
2965 581 3059 648 τὴν
3134 580 3319 635 στάσιν
3395 579 3642 660 ἔχοντες,
3723 583 3783 638 οὗ

332 678 340 688 '
385 665 545 721 tem:
581 659 777 725 Salvet
799 669 856 724 te
885 662 1081 724 Deus!

2137 665 2249 742 πρὸς
2309 667 2472 739 μόνας
2558 668 2651 730 τὰς
2736 674 2841 722 τῶν
2911 673 3092 725 παθῶν
3148 659 3461 748 ἐνεργείαςς
3497 668 3633 726 ἀλλὰ
3689 670 3780 725 καὶ

383 751 514 826 πρὸς
570 753 665 816 τὰς
722 763 815 812 τοῦ
900 760 988 809 νοῦ
1051 754 1364 832 φαντασίαις,
1450 753 1538 808 καὶ
1608 753 1736 830 πρὸς
1821 752 1885 808 τὰ
1964 753 2067 806 τῶν
2150 754 2396 832 πονηρῶν
2467 753 2757 831 ἰνδάλματα
2833 756 3106 836 λογισμῶν
3190 757 3604 836 ἀπερικάλυπτοι
3683 758 3778 820 τὰς

385 839 619 920 κεφαλὰς
699 841 982 921 ἐρχόμενοι
1065 840 1296 897 κλινοῦσι
1385 841 1574 903 ταύτας
1671 846 1776 895 τῶν
1873 839 2162 918 εἰρημένων
2256 841 2502 916 Πατέρων
2602 845 2824 901 ἐνώπιον
2863 863 2876 876 ·
2985 855 3137 905 τοῦτο
3242 846 3362 922 μὲν,
3448 848 3546 916 τὴν
3648 849 3780 926 πρὸς

386 929 574 993 αὐτοὺς
628 928 885 986 δούλωσιν
967 932 1054 985 καὶ
1136 933 1450 986 ταπείνωσιν
1531 929 1933 1009 ἐνδεικνύμενοι,
2001 940 2154 988 τοῦτο
2237 929 2291 986 δὲ
2363 933 2449 988 καὶ
2517 933 2614 1000 τὴν
2696 935 2822 1014 παρ’
2905 935 3115 992 ἐκείνων
3199 934 3439 1014 εὐλογίαν
3509 938 3780 1012 τυπούμε-

389 1040 468 1073 νοι
528 1021 614 1075 καὶ
686 1019 1006 1094 αἰτούμενοι,
1081 1022 1137 1075 Οἱ
1211 1018 1265 1074 δὲ
1339 1026 1520 1100 πρῶτα
1605 1019 1702 1094 μὲν
1761 1023 1967 1096 σταυρῴ
2021 1019 2113 1083 τὰς
2167 1022 2364 1077 τούτων
2423 1022 2846 1102 ἐπισφραγίζουσι
2904 1024 3136 1104 κεφαλάς
3176 1041 3187 1053 ⁸
3265 1026 3388 1082 εἶτα
3458 1027 3550 1089 τὰς
3613 1025 3780 1091 δεξιὰς

389 1110 583 1185 χεῖρας
640 1121 763 1171 ταῖς
818 1109 1002 1185 κάραις
1060 1106 1373 1172 ἐπιτιθέντες
1447 1113 1640 1179 αὐτῶν,
1713 1109 1800 1163 καὶ
1867 1107 1978 1181 ἅμα
2035 1108 2129 1170 τὰς
2185 1108 2506 1175 ἐπιτεθείσας
2565 1114 2612 1168 οἱ
2666 1111 2840 1176 θέντες
2898 1113 3242 1189 ἀπωσάμενοι
3302 1128 3494 1194 χεῖρας
3549 1115 3780 1194 ἐπευχό-

388 1217 538 1270 μενοι
599 1198 785 1260 αὐτοὺς
842 1195 1186 1259 ἀπολύουσιν,
1254 1195 1383 1254 ιδιον
1437 1195 1491 1252 δὲ
1549 1198 1750 1260 τούτοις
1810 1198 1964 1251 πᾶσίν
2021 1195 2129 1252 ἐστι
2172 1199 2231 1252 τὸ
2274 1210 2390 1260 τοῖς
2444 1200 2564 1274 μὲν,
2628 1199 2934 1280 Εὒλὸγησον
2991 1203 3244 1283 εὔχομαι,
3292 1201 3493 1283 λέγειν,
3552 1217 3672 1268 τοῖς
3725 1202 3781 1259 δὲ

389 1285 567 1342 Σώσαι
600 1307 659 1341 σε
689 1288 716 1342 ὁ
762 1285 914 1348 Θεός.

2118 665 2249 742 πρὸς
2309 667 2472 739 μόνας

393 1581 3719 1606 m

1918 1814 2258 1888 INCIPIT

985 2009 2052 2141 CUJUSDA]

2137 2009 2196 2137 [
2315 2009 3198 2145 NICETE

1386 2242 1743 2289 PRESBYTER]
1788 2241 1858 2287 ET
1900 2239 2168 2287 MONACHI
2212 2239 2569 2287 MONASTEBII
2613 2243 2800 2290 STUDII

772 2423 1453 2533 LIBELLUS
1543 2419 2107 2528 CONTRA
2196 2419 2799 2531 LATINOS
2889 2423 3394 2537 EDITUS

1062 2647 1143 2708 Et
1174 2645 1250 2708 ab
1275 2644 1674 2726 apocrisiaris
1705 2641 2057 2724 apostolica:
2088 2641 2245 2704 sedis
2273 2642 2808 2725 Constantinopoli
2838 2656 3112 2728 repertus

475 3040 521 3104 Ι.
555 3041 760 3104 Niceta
779 3041 1089 3123 presbyter
1107 3050 1165 3104 et
1190 3040 1518 3103 monachus
1545 3035 1886 3099 monasterii
1907 3038 2039 3098 Stu-
2062 3047 2100 3096 B
2123 3036 2296 3100 nobis
2319 3045 2408 3102 est
2437 3037 2959 3104 consubstantialis
2981 3043 3013 3103 ‘?
3050 3041 3216 3104 Alter
3238 3048 3435 3105 autem
3459 3047 3662 3111 nullus
3693 3056 3800 3112 est

395 3131 654 3222 diorum,
689 3131 790 3212 qui
813 3132 1214 3212 praenominor
1241 3130 1576 3192 Pectoratus
1607 3144 1620 3188 :
1655 3124 2044 3222 Eomanis,de
2127 3127 2302 3222 nobis
2339 3128 2863 3222 consubstantialis
2901 3132 3094 3214 panis,
3140 3132 3246 3193 sed
3287 3151 3505 3215 corpus
3541 3137 3786 3222 Christi,

395 3219 614 3301 azymis
635 3228 691 3282 et
720 3220 1099 3282 sabbatorum
1117 3220 1390 3300 jejuniis,
1425 3226 1481 3280 et
1503 3217 1725 3299 nuptiis
1756 3215 2040 3278 sacerdo-
2125 3217 2282 3300 quod
2298 3219 2611 3283 consimile
2625 3220 2797 3282 nobis
2814 3222 3243 3284 estsecundum
3259 3241 3498 3286 carnem
3513 3215 3792 3292 humani;

397 3315 545 3370 tum.
582 3308 747 3371 Bona
777 3318 866 3371 est
895 3310 1136 3372 dilectio
1182 3310 1255 3372 ad
1303 3307 1658 3389 proximum,
1696 3326 1729 3368 ο
1775 3307 2039 3366 omnium
2126 3307 2774 3390 tatisipsius.Siautem
2797 3311 3056 3372 animata
3077 3319 3410 3372 estnostraa
3429 3329 3637 3377 massa
3659 3317 3800 3379 sub-

395 3399 660 3476 gentium
697 3399 1126 3479 sapientissimi
1171 3407 1228 3461 et
1263 3395 1620 3460 nobilissimi
1651 3397 1924 3476 Romani,
1957 3393 2039 3456 Ex
2121 3397 3177 3480 stantiaquaVerbuminduitse,ergo
3198 3419 3314 3461 non
3329 3401 3781 3470 substantialem

395 3486 746 3550 habitudine
767 3489 927 3550 enim
951 3487 1285 3551 dilectionis
1302 3487 1373 3576 ad
1401 3485 1757 3576 proximum,
1779 3483 2044 3546 ethumi-
2126 3487 2296 3549 nobis
2318 3505 2530 3570 panem
2557 3487 2894 3576 comeditis,
2933 3489 3071 3570 quia
3099 3507 3434 3569 azymorum
3462 3493 3787 3576 participa-

396 3576 529 3639 litas
569 3576 833 3639 abundat
866 3577 938 3639 ad
967 3595 1101 3640 eum
1124 3577 1225 3659 qui
1249 3575 1423 3638 habet
1466 3575 1652 3637 illam.
1684 3573 1816 3654 Ipsa
1843 3581 2044 3635 autem

396 3663 705 3726 abundans
728 3665 908 3727 efficit
930 3665 1280 3746 participem
1300 3665 1389 3726 sui
1413 3662 1611 3724 omnia
1631 3661 1901 3740 diligere,
1922 3679 2047 3746 om-_

395 3753 496 3814 nia
519 3755 906 3831 sustinere,ut
919 3744 1000 3816 ait
1019 3744 1253 3816 divinus
1275 3751 1618 3834 Apostolus,
1637 3759 1826 3813 etnon
1851 3744 2049 3811 inflari

396 3843 686 3904 adversus
711 3844 1045 3923 proximum
1069 3862 1238 3904 suum
1264 3841 1806 3922 aliquando,neque
1829 3858 1897 3901 ea
1919 3859 2050 3920 quae

397 3933 586 4012 ipsius
603 3932 938 3994 soliussunt
957 3951 1252 4013 quaerere,
1267 3939 1370 3993 aut
1389 3929 1578 3992 zelum
1605 3927 1826 3990 habere
1847 3931 2050 3990 adver-

398 4039 500 4083 sus
521 4039 658 4081 eum
689 4029 748 4083 et
776 4021 1224 4083 altercationem
1248 4028 1306 4082 et
1335 4017 1797 4080 wmulationem.
1835 4016 2050 4080 Omnia

2130 3576 2301 3641 mini.
2318 3579 2536 3658 Azyma
2552 3575 2710 3638 enim
2732 3577 3056 3639 inanimata
3072 3587 3235 3656 sunt,
3257 3577 3411 3639 sicut
3433 3579 3558 3659 ipsa
3581 3601 3786 3645 rerum

2132 3674 2349 3729 natura
2364 3666 2624 3728 declarat
2641 3674 2816 3745 atque
2837 3666 3119 3748 liquidius
3138 3667 3786 3735 edocet.Intermistum

2135 3755 2294 3816 enim
2318 3753 2614 3816 modicum
2639 3755 2996 3816 fermentum
3021 3755 3283 3817 infarina
3305 3764 3363 3817 et
3385 3758 3701 3821 commista
3715 3761 3784 3822 si

2133 3842 2216 3922 bi,
2243 3843 2368 3922 ipsa
2391 3861 2569 3904 unam
2603 3842 2785 3904 efficit
2823 3843 3078 3923 seipsam
3121 3855 3368 3924 propter
3402 3844 3787 3929 fermentum,

2131 3931 2358 3992 vivifica
2378 3931 2629 4012 quadam
2653 3930 2888 4006 virtute,
2905 3939 2960 3994 et
2983 3931 3252 3994 calefacit
3271 3951 3426 4014 eam,
3443 3944 3502 3996 et
3523 3942 3641 3995 tam
3667 3954 3789 3998 mo-

2132 4019 2312 4082 bilem
2336 4038 2510 4100 quam
2529 4020 2715 4080 vivam
2741 4032 3042 4101 operatur.
3063 4020 3230 4093 Quod
3247 4023 3304 4082 in
3320 4040 3517 4102 azymo
3534 4024 3796 4087 fermen-

401 4109 562 4172 enim
606 4110 732 4171 haec
763 4110 1147 4172 dilectionem
1181 4116 1626 4188 persequuntur
1657 4114 1714 4169 et
1742 4107 2048 4168 humilita-
2134 4117 2190 4170 to
2213 4109 2840 4189 Pharisaeorum,quod
2867 4110 3130 4189 effugere
3150 4128 3258 4170 nos
3273 4129 3471 4172 sermo
3486 4112 3793 4189 admonet,

401 4205 548 4272 tem,
598 4205 656 4258 et
693 4198 918 4260 facinnt
965 4198 1269 4260 hominem
1321 4215 1440 4256 non
1497 4195 1824 4257 secundum
1865 4199 2048 4258 Deum
2132 4216 2327 4278 neque
2353 4197 2624 4258 effectum
2672 4206 2761 4259 est
2785 4197 3127 4278 aliquando,
3155 4218 3350 4281 neque
3387 4201 3488 4261 fiet
3520 4203 3790 4266 omnino.

399 4286 726 4365 ambulare,
759 4287 863 4350 sed
896 4287 1224 4349 secundum
1255 4285 1561 4347 hominum
1591 4283 1844 4345 libitum.
1881 4284 2046 4356 Quod
2132 4286 2365 4348 Divinze
2381 4287 2535 4347 enim
2559 4286 2752 4348 effecti
2777 4304 2984 4349 sumus
3007 4288 3326 4368 participes
3352 4293 3792 4372 naturm,cujus

401 4384 462 4439 et
483 4377 701 4439 Paulus
731 4377 943 4456 arguit,
978 4377 1186 4439 dicens
1212 4397 1225 4439 :
1252 4402 1277 4431 «
1308 4377 1453 4438 Cum
1485 4374 1560 4435 sit
1591 4377 1744 4434 inter
1774 4393 1871 4434 vos
1887 4373 2048 4435 zelus
2068 4409 2106 4458 ρ
2133 4383 2192 4436 et
2214 4375 2636 4456 participamur
2656 4375 2942 4456 quotidie,
2971 4376 3070 4457 qui
3094 4378 3581 4440 communitatem
3610 4381 3795 4443 habe-

402 4473 458 4528 et
484 4466 784 4528 contentio
812 4475 870 4528 et
899 4465 1219 4541 discordia,
1254 4483 1453 4526 nonne
1483 4464 1751 4525 carnales
1792 4463 1957 4537 estis,
1992 4471 2049 4524 et
2134 4483 2264 4525 mus
2285 4483 2415 4525 cum
2442 4463 3016 4538 Christo,sicutdicit
3037 4473 3095 4525 et
3122 4467 3332 4527 Petrus
3358 4475 3620 4529 vertexza
3645 4467 3791 4532 Gra-

400 4554 734 4618 secundum
782 4557 1085 4618 hominem
1138 4552 1506 4616 ambulatis?
1539 4578 1565 4608 »
1604 4553 1664 4626 (I
1689 4553 1821 4614 Cor.
1870 4569 1954 4622 ur,
1990 4551 2047 4628 3)
2134 4554 2212 4614 tia
2234 4551 2397 4613 vobis
2423 4559 2476 4613 et
2500 4572 2606 4632 pax
2647 4553 3153 4633 multipliceturin
3182 4556 3520 4633 cognitione
3565 4558 3694 4638 Dei,
3733 4569 3793 4621 et

402 4647 656 4726 Propter
686 4646 842 4727 quod
875 4665 1016 4724 rogo
1048 4657 1298 4708 vestram
1335 4643 1704 4722 charitatem,
1748 4641 2051 4703 humiliari
2131 4640 2274 4704 Jesu
2302 4641 2537 4704 Domini
2562 4643 2746 4703 nostri
2772 4643 3093 4719 thetr.,I,
3130 4643 3213 4724 2).
3234 4665 3259 4702 »
3292 4643 3359 4705 Et
3385 4654 3520 4725 post
3560 4666 3745 4727 pauca
3774 4667 3787 4712 :

400 4751 507 4796 vos
537 4744 782 4816 propter
812 4733 919 4796 Dei
944 4742 1328 4815 praeceptum,
1363 4740 1421 4795 et
1449 4731 1656 4794 audire
1689 4749 1722 4791 a
1751 4730 1923 4791 nobis
1956 4731 2050 4790 in-
2142 4753 2167 4791 ι
2193 4730 2392 4810 Utper
2429 4750 2557 4794 eam
2583 4731 2925 4793 efficiamini
2962 4733 3175 4794 divinae
3219 4734 3540 4814 participes
3564 4745 3788 4799 natura;

404 4822 606 4905 dignis
628 4831 685 4883 et
717 4823 1004 4886 minimis.

485 4913 556 4977 II.
592 4914 990 4994 Requirentes
1017 4912 1175 4974 enim
1201 4912 1273 4974 ab
1296 4912 1414 4973 illis
1432 4911 1531 4992 qui
1550 4930 1618 4973 ex
1649 4909 1898 4971 diversis
1917 4927 2052 4989 pro-

405 5003 616 5064 vinciis
645 5002 1046 5065 Romanorum
1084 5001 1540 5083 peregrinantur
1570 5000 1666 5061 hic
1698 4999 1772 5060 de
1811 4998 2050 5078 azymis,

405 5093 549 5174 quid
575 5091 845 5154 dicemus
876 5091 951 5153 de
977 5091 1069 5154 his
1100 5091 1161 5152 in
1193 5091 1512 5153 dilectione
1549 5086 1766 5152 Christi
1801 5087 1872 5147 ad
1905 5088 2055 5148 vos?

406 5180 520 5254 Qui
549 5199 884 5261 azymorum
909 5180 1102 5242 adhuc
1135 5180 1508 5261 participant,
1541 5177 1656 5240 sub
1680 5175 1892 5238 umbra
1915 5176 2056 5255 legis

407 5277 633 5345 sunt,et
655 5269 1038 5332 Hebraeorum
1065 5287 1332 5330 mensam
1357 5268 1700 5346 comedunt,
1723 5285 1840 5326 non
1860 5273 2054 5326 autem

407 5357 757 5420 rationalem
808 5367 866 5420 et
915 5358 1106 5420 vivam
1165 5357 1270 5418 Dei
1316 5374 1611 5429 mensam,
1667 5363 1723 5415 et
1754 5352 1925 5414 nobis
1957 5354 2055 5434 qui

409 5446 776 5508 credidimus
832 5446 1497 5528 supersubstantialem,
1557 5443 2057 5525 quemadmodum

411 5538 687 5615 superius
717 5540 956 5620 exigere
997 5538 1629 5620 supersubstantialem
1675 5535 1833 5598 docti
1855 5553 2059 5596 sumus

413 5642 654 5708 panem.
687 5626 834 5698 Quid
862 5631 1022 5693 enim
1057 5635 1146 5690 est
1175 5623 2060 5709 supersubstantialis,nisiquia

2140 4820 2231 4901 (II
2246 4820 2405 4882 Petr.
2427 4838 2469 4900 ι,
2486 4822 2568 4895 4),
2592 4844 2612 4876 »
2637 4840 2752 4880 non
2776 4828 2970 4882 autem
3003 4823 3295 4882 fermento
3316 4825 3498 4903 azymi
3517 4825 3788 4887 interfec-

2137 4915 2330 4970 torum
2354 4907 2481 4970 Dei.
2504 4908 2772 4971 Divinam
2797 4918 2991 4970 autem
3017 4917 3313 4991 naturam,
3333 4912 3598 4992 quisquis
3615 4915 3792 4976 ratio-

2138 4999 2230 5059 nis
2251 5006 2341 5059 est
2362 4997 2659 5073 dominus,
2690 4998 2846 5060 dicet
2876 4999 3194 5079 aliquando
3225 5019 3488 5079 azymum
3523 5010 3580 5062 et
3623 5023 3787 5064 mor-

2143 5096 2306 5147 tuum
2336 5087 2693 5148 fermentum
2716 5088 3084 5162 Judzeorum,
3103 5089 3258 5168 quod
3287 5091 3345 5148 in
3373 5091 3665 5152 sacrificio
3690 5112 3792 5154 vos

2141 5175 2263 5237 Deo
2295 5175 2545 5254 offertis,
2563 5176 2717 5254 quod
2738 5177 2797 5236 in
2824 5178 3012 5256 figura
3033 5195 3185 5237 vera;
3207 5185 3262 5238 et
3281 5177 3424 5238 vivae
3450 5180 3647 5241 carnis
3665 5181 3789 5244 Do-

2143 5265 2289 5326 mini
2319 5264 2664 5326 comeditis?
2691 5264 2996 5336 Quomodo
3025 5266 3314 5328 unitatem
3332 5266 3627 5335 habebitis
3659 5290 3792 5332 cum

2141 5353 2399 5424 Christo,
2439 5354 2670 5415 vivente
2698 5357 2841 5431 Deo,
2889 5363 3207 5436 mortuum,
3253 5363 3315 5415 ut
3351 5355 3573 5417 dictum
3599 5369 3709 5441 est,
3737 5370 3794 5422 et

2140 5444 2620 5504 infermentatum
2646 5443 3001 5505 fermentum
3032 5443 3442 5518 comedentes,
3470 5445 3638 5524 legis,
3666 5469 3797 5510 um-

2140 5532 2284 5612 brae,
2301 5552 2418 5593 non
2431 5530 2577 5592 Novi
2599 5531 2997 5594 Testamenti‘?
3020 5532 3080 5594 Si
3102 5533 3261 5594 enim
3285 5543 3342 5594 et
3366 5534 3476 5595 hoc
3500 5536 3790 5614 dixeritis,

2140 5623 2244 5686 sed
2273 5640 2388 5682 non
2431 5621 2518 5682 sic
2557 5639 2620 5682 se
2656 5621 2855 5686 habet.
2887 5621 3083 5703 Inquit
3109 5623 3267 5684 enim
3295 5621 3547 5686 dilectus
3577 5624 3793 5690 Christi
