4144 6390
316 385 471 453 1013

1669 391 1976 456 CONTRA
2018 388 2371 456 LATINOS.

3549 392 3661 456 101

310 519 637 609 discipulus
663 540 676 581 :
711 542 734 578 ι
765 519 823 583 Si
848 520 1174 583 dixerimus
1194 521 1333 603 quia
1353 522 1842 586 communitatem
1862 523 1958 586 ha-
1977 531 2020 581 Λ
2042 543 2152 586 nos
2184 534 2241 587 et
2263 526 2565 589 immolato
2590 526 2824 590 Christo
2845 528 3239 609 incorporati,
3280 537 3339 592 et
3378 529 3536 593 velut
3564 546 3702 596 caro

311 608 526 673 bemus
554 629 689 672 cum
714 628 808 683 eo,
838 619 896 672 et
916 610 978 672 in
1015 610 1276 673 tenebris
1317 610 1711 684 ambulamus,
1744 613 1959 674 menti-

312 717 468 773 mur,
489 706 685 761 etnon
709 699 957 762 facimus
985 701 1318 762 veritatem.
1341 699 1403 763 Si
1424 709 1623 764 autem
1654 701 1713 762 in
1738 702 1962 764 lumine

309 787 1093 871 ambulamussicutipseest
1116 791 1177 851 in
1203 790 1452 871 lumine,
1474 790 1964 853 communitatem

310 876 602 939 habemus
631 877 704 939 ad
734 878 1013 956 invicem,
1050 887 1108 942 et
1143 880 1384 959 sanguis
1406 882 1546 941 Jesu
1596 879 1818 943 Christi
1848 900 1961 961 pu-

307 967 504 1029 riﬁcat
535 987 644 1030 nos
671 968 743 1030 ab
777 971 939 1032 omni
975 980 1216 1052 peccato
1246 971 1309 1047 (Ι
1337 970 1517 1034 Joan.
1543 989 1583 1046 ι,
1611 972 1670 1047 6,
1692 971 1778 1048 7).
1805 996 1831 1026 υ
1854 969 1964 1042 Qui

306 1075 451 1137 ergo
486 1076 682 1138 azyma
712 1060 997 1136 comedit,
1024 1063 1084 1122 in
1110 1061 1374 1125 tenebris
1406 1059 1553 1140 legis
1578 1058 1860 1120 ambulat.
1889 1062 1965 1121 Et

302 1145 603 1225 quomodo
643 1145 813 1229 [non]
857 1149 1101 1210 habebit
1145 1149 1485 1211 societatem
1526 1167 1658 1209 cum
1702 1148 1958 1227 Christo,

299 1235 517 1313 quiest
546 1235 606 1296 in
651 1237 878 1298 lumine
917 1236 1065 1300 Novi
1107 1238 1199 1301 sui
1228 1237 1596 1301 Testamenti
1627 1244 1685 1298 et
1717 1236 1963 1316 gratiae?

298 1321 450 1382 Nam
477 1324 579 1403 qui
611 1324 671 1387 in
702 1325 929 1388 lumine
958 1327 1264 1390 ambulant
1309 1326 1533 1405 gratiae,
1592 1344 1803 1405 panem
1849 1344 1954 1386 co-

303 1411 551 1473 medunt
586 1413 688 1494 qui
719 1422 1051 1497 est'corpus
1095 1415 1333 1489 Christi,
1371 1424 1427 1476 et
1458 1414 1667 1475 bibunt
1710 1413 1950 1492 sangui-

303 1517 441 1561 nem
466 1499 907 1566 immaculatum
936 1506 1086 1585 ejus,
1123 1513 1181 1566 et
1210 1504 1290 1566 ita
1319 1505 1541 1566 habent
1564 1503 1635 1565 ad
1668 1503 1944 1577 invicem,

2046 614 2198 693 ejus,
2216 615 2369 677 sicut
2397 616 2689 697 scriptum
2720 624 2829 679 est.
2864 618 2928 681 Si
2948 626 3145 680 autem
3183 619 3259 681 ad
3281 619 3612 684 increatam
3646 628 3706 684 et

2044 701 2459 793 incorpoream
2493 713 2763 766 naturam
2797 714 3015 768 sanctae
3030 705 3333 769 Trinitatis
3363 710 3696 793 assumitis,

2051 792 2259 852 erratis
2290 793 2571 855 cadentes
2594 793 2656 854 in
2703 794 2979 855 hmresim
3015 813 3224 857 eorum
3273 796 3374 877 qui
3423 792 3703 860 asserunt

2047 879 2236 942 Deum
2270 899 2529 961 passum,
2550 883 2650 963 qui
2674 882 2879 944 dicunt
2894 902 3271 965 compassum
3287 883 3552 947 Verbum
3571 905 3702 949 car-

2046 969 2206 1043 ni,et
2231 971 2501 1031 eamdem
2526 973 2716 1052 ipsam
2739 972 3027 1035 deitatem
3062 973 3423 1036 sustinuisse
3462 975 3700 1056 passio-

2047 1057 2342 1119 nem.Non
2366 1060 2523 1121 enim
2552 1061 2773 1141 pariter
2795 1061 3058 1124 Trinitas
3079 1062 3382 1125 incarnata
3400 1067 3699 1141 est,Pater

2045 1154 2102 1206 et
2126 1147 2310 1208 Filius
2336 1158 2392 1210 et
2417 1148 2675 1229 Spiritus
2698 1157 2959 1226 sanctus,
2987 1158 3051 1212 ut
3067 1151 3512 1233 conspiciantur
3533 1152 3596 1216 in
3621 1174 3693 1218 ea

2045 1235 2167 1295 haec
2195 1235 2327 1317 tria,
2351 1255 2503 1317 aqua
2531 1246 2593 1299 ut
2613 1238 2852 1313 dicitur,
2878 1239 3069 1300 farina
3105 1248 3164 1301 et
3192 1239 3343 1318 ignis
3365 1247 3425 1302 et
3448 1248 3513 1302 ut
3531 1240 3594 1303 in
3616 1244 3690 1304 ﬁ-

2040 1342 2185 1402 gura
2209 1324 2398 1404 ipsius
2422 1326 2647 1387 faciatis
2673 1346 2941 1407 azymum
2982 1334 3041 1388 et
3078 1328 3436 1390 sacriﬁcium
3469 1330 3690 1393 oﬂ'era-

2038 1413 2112 1473 tis
2138 1434 2152 1473 :
2177 1415 2279 1475 sed
2309 1434 2461 1476 unus
2478 1434 2546 1477 ex
2568 1415 2864 1479 Trinitate
2883 1416 3088 1492 Filius,
3118 1416 3455 1479 etVerbum
3479 1419 3582 1480 Dei
3604 1420 3701 1481 in-

2035 1512 2341 1564 carnatnm
2370 1516 2562 1578 est,ex
2581 1506 2931 1567 castissimis
2974 1512 3195 1568 sancta
3220 1505 3478 1585 Virginis
3496 1509 3702 1571 carni-

296 1598 357 1651 et
390 1608 525 1654 cum
561 1592 794 1655 Christo
836 1597 1206 1671 societatem,
1256 1593 1570 1674 puriticati,
1607 1594 1761 1655 sicut
1808 1592 1939 1653 dic-
2028 1591 2137 1653 bus
2168 1594 2342 1654 homo
2382 1595 2934 1671 etTectus;etomnia
2952 1596 3338 1657 ordinationis
3356 1615 3478 1658 suae
3516 1598 3706 1678 perﬁ-

300 1688 421 1741 tum
456 1690 563 1754 est,
599 1682 673 1743 ab
705 1682 867 1744 omni
895 1683 1369 1765 inquinamento.
1418 1688 1694 1764 Azymum
1745 1689 1941 1744 autem
2027 1682 2645 1757 ciens,crucifixusest
2686 1704 3011 1766 carne,nou
3055 1704 3222 1766 passa
3261 1686 3565 1750 divinitate
3609 1690 3703 1770 ip-

298 1788 418 1830 non
468 1778 557 1833 est
606 1772 796 1853 panis.
846 1772 1049 1854 Neque
1098 1773 1254 1834 enim
1314 1773 1696 1854 compositus,
1751 1790 1945 1853 neque
2028 1771 3706 1857 sius.Carneigiturcruciﬁxus,tradiditnobisedereper

297 1877 406 1940 per
434 1878 498 1922 se
528 1860 724 1941 ipsum
755 1863 1051 1943 perfectus
1073 1870 1187 1937 est,
1220 1863 1322 1924 sed
1356 1863 1631 1941 indigens
1675 1862 1944 1942 semique
1971 1927 2005 1944 η
2032 1880 2245 1941 panem
2284 1881 2523 1925 carnem
2564 1882 2755 1944 suam,
2788 1883 2962 1944 quam
2998 1866 3056 1925 in
3086 1862 3314 1944 Spiritu
3347 1872 3555 1926 sancto
3606 1865 3703 1926 ita

298 1927 613 2030 perfectus,
668 1927 944 2031 indigens
996 1952 1371 2033 plenitudine
1418 1927 1715 2013 fedinenti.
1768 1927 2008 2015 Pa‘nisB
2034 1927 2221 2012 vivam
2274 1951 2526 2014 dicimus
2563 1974 2575 2016 :
2617 1978 2643 2009 α
2682 1927 2952 2034 Accipite
2985 1961 3043 2014 et
3071 1927 3393 2027 comedite,
3445 1953 3561 2015 hoc
3603 1960 3695 2015 est

297 2045 496 2100 autem
531 2041 916 2121 compositus,
972 2061 1076 2122 per
1117 2042 1379 2123 seipsum
1427 2041 1727 2122 perfectus
1775 2050 1866 2103 est
1896 2052 1954 2104 et

296 2128 704 2211 plenissimus,
740 2131 891 2193 sicut
920 2131 1020 2192 ille
1067 2131 1167 2213 qui
1212 2138 1393 2192 totum
1439 2130 1618 2192 habet
1662 2130 1721 2192 in
1755 2132 1952 2213 seipso

293 2217 712 2297 plenitudinis.

372 2305 474 2370 IlI.
508 2307 983 2371 Animadvertite
1033 2317 1091 2371 et
1132 2308 1422 2371 attendite
1452 2309 1590 2389 quia
1619 2307 1681 2369 in
1728 2307 1950 2388 azymis

291 2396 455 2458 nulla
486 2404 576 2459 est
603 2397 804 2460 vivens
836 2398 1042 2475 virtus,
1069 2407 1300 2460 mortua
1326 2398 1485 2461 enim
1520 2406 1678 2473 sunt;
1704 2398 1764 2459 in
1798 2415 1950 2478 pane

288 2494 518 2561 autem,
557 2488 671 2550 hoc
699 2494 808 2561 est,
837 2506 1088 2569 corpore
1116 2488 1359 2564 Christi,
1398 2492 1507 2550 tria
1542 2496 1674 2549 sunt
1696 2486 1948 2548 viventia

289 2584 350 2637 et
390 2576 571 2638 vitam
622 2577 946 2658 praebentia
976 2579 1062 2640 eis
1092 2578 1197 2659 qui
1238 2596 1310 2640 ea
1359 2578 1538 2657 digne
1569 2577 1892 2639 comedunt
1928 2594 1940 2637 :

291 2664 574 2746 Spiritus,
618 2685 769 2748 aqua
814 2676 872 2728 et
912 2668 1175 2747 sanguis,
1216 2686 1324 2730 ceu
1357 2675 1414 2729 et
1442 2669 1603 2748 ipse,
1638 2670 1733 2747 qui
1768 2684 1947 2747 super

292 2763 499 2834 pectus
530 2756 748 2819 Christi
771 2760 832 2819 in
856 2776 1026 2819 coena
1044 2757 1337 2833 recubuit,
1373 2760 1631 2821 Joannes
1655 2756 1943 2817 contesti-

294 2844 507 2906 ﬁcatur
529 2845 590 2907 in
622 2866 693 2909 eo
724 2846 903 2911 verbo
938 2865 951 2909 :
996 2868 1023 2906 α
1061 2847 1209 2908 Tres
1236 2856 1374 2908 sunt
1404 2846 1503 2928 qui
1538 2846 1942 2908 testimonium

288 2934 457 3008 dant,
493 2933 766 3016 Spiritus,
821 2955 972 3018 aqua
1007 2946 1064 2999 et
1096 2936 1364 3017 sanguis,
1400 2943 1459 2997 et
1488 2936 1549 2996 hi
1581 2943 1701 2997 tres
1730 2933 1791 2996 in
1824 2954 1942 2997 uno

290 3032 431 3083 sunt
456 3024 514 3103 (1
529 3026 711 3088 Joan.
744 3043 803 3102 v,
825 3027 911 3108 8),
954 3050 979 3081 ι)
1015 3026 1293 3087 videlicet
1320 3025 1382 3085 in
1414 3043 1664 3105 corpore
1698 3024 1938 3087 Christi.

2037 2059 2254 2121 corpus
2299 2060 2520 2118 meum,
2546 2044 2702 2123 quod
2737 2062 2843 2124 pro
2880 2042 3047 2104 vobis
3068 2042 3321 2103 fractum
3353 2047 3463 2117 est,
3496 2042 3559 2103 in
3590 2060 3695 2104 re-

2038 2128 2389 2191 missionem
2424 2134 2847 2211 peccatorum(
2867 2133 3084 2197 Matth.
3106 2129 3552 2211 xxv1,°26-28).
3587 2155 3612 2191 υ

2117 2221 2185 2282 V.
2215 2219 2365 2290 Quid
2388 2239 2526 2299 ergo
2549 2221 2733 2297 vobis,
2766 2223 2829 2282 in
2865 2221 3100 2284 Christo
3132 2218 3417 2281 fratribus
3447 2220 3696 2282 nostris.

2036 2316 2093 2368 et
2113 2308 2229 2387 legi
2253 2328 2385 2389 quae
2408 2309 2721 2371 maledicta
2735 2320 2823 2371 est
2840 2311 2899 2372 in
2915 2309 3185 2372 Christo?
3203 2309 3483 2387 quoniam
3499 2308 3699 2372 adhuc

2034 2415 2297 2478 azymum
2324 2398 2681 2460 fermentum
2709 2400 2839 2479 ejus
2857 2396 3201 2460 comeditis?
3220 2395 3381 2459 Nova
3417 2406 3694 2460 creatura

2031 2506 2235 2547 snmus
2257 2487 2317 2547 in
2344 2487 2605 2551 Christo:
2625 2497 2826 2550 vetera
2849 2486 3505 2552 transierunt.Paulum
3526 2485 3698 2549 audi-

2030 2584 2086 2637 te
2104 2577 2403 2640 dicentem
2435 2597 2447 2640 :
2483 2603 2509 2633 (ς
2537 2579 2687 2641 Ecce
2709 2580 2859 2640 facta
2880 2587 3015 2641 sunt
3037 2580 3242 2642 omnia
3266 2596 3415 2643 nova
3437 2579 3521 2651 (II
3541 2578 3687 2643 Cor.

2027 2683 2086 2743 v,
2114 2669 2223 2743 17).
2252 2694 2276 2722 »
2304 2667 2366 2729 Si
2385 2677 2582 2731 autem
2604 2671 2732 2731 hmc
2754 2669 3071 2731 comedere
3090 2668 3414 2730 decernitis
3428 2669 3679 2748 justum:

2029 2775 2135 2818 cur
2158 2775 2277 2817 non
2320 2766 2376 2818 et
2423 2756 2958 2820 circumcidimini‘.’
2978 2758 3250 2821 Christus
3290 2756 3690 2820 circumcisus

2030 2856 2136 2909 est.
2160 2851 2275 2912 Cur
2300 2867 2418 2910 non
2443 2857 2501 2911 et
2533 2848 2968 2930 puriﬁcamini?
2996 2848 3208 2910 Paulus
3248 2849 3426 2910 etiam
3473 2855 3532 2909 et
3567 2847 3682 2908 hoc

2027 2937 2192 3000 fecit:
2214 2946 2271 2999 et
2292 2939 2408 2999 alia
2426 2939 2600 3001 etiam
2621 2938 2818 2999 omnia
2832 2937 3110 3000 similiter
3130 2956 3373 3000 servare
3384 2943 3682 3014 veterum,

2028 3028 2182 3088 sicut
2204 3037 2261 3088 et
2278 3028 2339 3089 hi
2361 3047 2430 3089 ea
2450 3028 2739 3109 quaelegis
2753 3037 2888 3089 sunt
2905 3028 3147 3103 faciunt,
3173 3045 3281 3108 per
3293 3045 3445 3109 quos
3471 3044 3691 3088 nomen

288 3110 412 3183 Qod
449 3120 506 3174 et
532 3114 859 3176 secundum
895 3125 1126 3195 tempus
1167 3114 1492 3176 Dominicae
1536 3112 2001 3186 cruciﬁxionisc
2030 3119 2137 3180 Dei
2160 3116 2221 3177 in
2244 3117 2521 3195 gentibus
2538 3118 3007 3197 blasphematur,
3038 3116 3195 3178 sicut
3219 3124 3309 3178 est
3337 3116 3627 3196 scriptum
3668 3132 3683 3178 :

286 3201 649 3264 declaratum
672 3215 783 3279 est,
804 3223 940 3266 cum
961 3224 1112 3286 aqua
1129 3212 1189 3266 et
1205 3204 1443 3283 sanguis
1459 3223 1532 3264 ex
1555 3202 1936 3264 immaculata

287 3298 451 3353 costa
476 3290 663 3372 ipsius
684 3292 911 3358 efﬂuxit
938 3316 951 3354 :
977 3294 1186 3356 lancea
1211 3312 1492 3375 percussa
1513 3311 1689 3354 carne
1725 3291 1936 3372 ipsius,

286 3389 528 3445 sanctus
542 3380 796 3463 Spiritus
821 3384 1211 3465 viviﬁcusque
1234 3377 1293 3445 in
1317 3383 1588 3444 deiﬁcata
1611 3399 1792 3443 carne
1812 3382 1940 3460 ejus

286 3473 637 3550 permansit.
655 3473 839 3548 Quam
863 3475 1247 3537 comedentes
1269 3474 1329 3534 in
1353 3471 1934 3554 pane,quiimmuta-

282 3568 379 3622 tus
394 3571 486 3626 est
499 3564 904 3646 pel-Spiritum
924 3574 981 3627 et
997 3566 1245 3631 effectus
1259 3571 1346 3626 est
1359 3581 1575 3643 corpus
1592 3560 1834 3635 Christi,
1859 3560 1940 3620 vi-

280 3650 479 3713 vimus
498 3653 557 3715 in
582 3654 734 3736 ipso,
765 3663 1042 3736 tanquam
1059 3655 1242 3716 vivam
1264 3662 1323 3716 et
1342 3652 1674 3715 deificatam
1698 3669 1938 3711 carnem

279 3740 657 3805 edentes.Sic
680 3752 876 3807 autem
904 3752 960 3806 et
983 3745 1331 3824 sanguinem
1352 3744 1547 3803 vivum
1572 3749 1628 3802 et
1650 3738 1941 3801 calidissi-

277 3850 441 3893 mum
476 3833 605 3912 ejus
637 3832 915 3896 bibentes
948 3854 1082 3897 cum
1120 3834 1401 3896 efIluente
1433 3849 1588 3912 aqua
1620 3848 1689 3890 ex
1720 3828 1937 3889 imma-

277 3921 475 3983 culata
504 3930 667 3984 costa
696 3925 849 4003 ejus,
878 3924 1238 3985 inundamur
1264 3922 1335 3984 ab
1369 3921 1531 3982 omni
1558 3920 1799 3985 delicto,
1826 3919 1941 3979 fer-

274 4010 440 4074 venti
464 4012 770 4094 replemur
801 4012 1046 4094 Spiritu.
1095 4012 1360 4076 Calidum
1395 4011 1583 4090 enim,
1608 4018 1671 4070 ut
1700 4008 1934 4081 videtis,

273 4100 442 4162 velut
473 4120 543 4162 ex
573 4102 761 4165 latere
792 4102 1052 4178 Domini,
1087 4102 1332 4165 calicem
1365 4101 1650 4179 bibimus,
1684 4098 1822 4178 quia
1859 4116 1927 4158 ex

275 4189 409 4251 viva
453 4209 634 4253 carne
666 4200 724 4255 et
755 4192 948 4255 calida
999 4192 1207 4274 spiritu
1261 4191 1485 4255 Christi
1527 4187 1931 4251 calidissimus

276 4279 453 4344 nobis
484 4281 724 4360 sanguis
756 4291 814 4344 et
853 4299 1005 4363 aqua
1046 4282 1358 4344 emanavit.
1409 4279 1575 4352 Quod
1618 4278 1678 4339 in
1713 4276 1800 4339 eis
1831 4277 1932 4358 qui

273 4388 479 4450 azyma
508 4371 851 4448 comedunt,
883 4373 1086 4453 nequit
1115 4372 1270 4434 fieri.

2029 3231 2049 3263 ι
2085 3206 2211 3267 Νοη
2234 3207 2390 3267 bona
2414 3215 2513 3268 est
2535 3206 2816 3283 gloriatio
2852 3213 3051 3268 vestra
3076 3208 3139 3283 (I
3161 3205 3305 3268 Cor.
3327 3222 3388 3285 v,
3416 3205 3503 3285 6),
3533 3211 3601 3265 ut
3629 3210 3691 3267 et

2022 3315 2129 3374 ego
2154 3315 2285 3377 quae
2309 3296 2473 3358 Pauli
2496 3304 2633 3356 sunt
2653 3296 2868 3376 loquar
2889 3295 2964 3357 ad
2984 3313 3089 3355 vos
3115 3312 3129 3356 :
3171 3319 3194 3350 ‹‹
3221 3293 3502 3369 Nescitis,
3528 3316 3550 3351 ι)
3578 3293 3681 3353 in-

2022 3385 2168 3464 quit,
2195 3410 2220 3441 «
2239 3385 2376 3465 quia
2393 3384 2690 3448 modicum
2705 3384 3063 3446 fermentum
3081 3390 3261 3444 totam
3278 3400 3532 3443 massam
3546 3399 3681 3442 cor-

2022 3474 2334 3554 rumpit?»
2364 3473 2575 3555 (Ιῡίίι.)
2608 3476 2679 3535 Et
2719 3473 2888 3554 panis
2938 3472 3206 3550 tandem,
3245 3490 3364 3532 non
3405 3488 3673 3551 azymum

2023 3564 2297 3624 efficitur.
2335 3562 2448 3625 Sed
2483 3562 2625 3643 quid
2651 3563 2747 3624 hic
2778 3563 2975 3623 dictus
3009 3560 3334 3642 Apostolus
3366 3558 3578 3622 scribit
3608 3558 3683 3620 ad

2022 3651 2408 3715 Corinthios?
2437 3651 2759 3733 Numquid,
2794 3661 2857 3714 ut
2882 3669 2987 3713 vos
3040 3648 3368 3727 aestimatis,
3395 3648 3472 3710 de
3515 3647 3679 3709 cele-

2024 3740 2292 3803 bratione
2333 3760 2506 3822 quam
2540 3760 2640 3802 vos
2671 3742 2734 3802 in
2773 3741 2989 3822 azymis
3039 3736 3410 3801 celebratis?
3439 3736 3683 3818 Nequa-

2021 3850 2222 3910 quam,
2275 3830 2390 3893 Sed
2439 3830 2718 3911 quoniam
2767 3830 2851 3891 illi
2898 3830 3010 3891 hoc
3086 3828 3503 3907 despiciebant
3524 3826 3686 3907 quod

2020 3922 2238 4000 aliquis
2264 3939 2578 3983 novercam
2601 3928 2943 4001 acceperat,
2969 3927 3026 3981 et
3046 3920 3104 3980 in
3129 3918 3392 3998 antiquis
3425 3934 3683 3979 consue-

2031 4009 2335 4072 tudinibus
2362 4010 2524 4071 falsae
2549 4012 2813 4072 scientia
2844 4028 2967 4071 suae
3003 4008 3443 4088 gloriabantur;
3474 4006 3679 4068 volens

2013 4109 2206 4162 autem
2224 4119 2324 4161 eos
2336 4101 2824 4162 convertiPaulus
2847 4109 2905 4162 et
2921 4106 3519 4161 exvetereremovere
3542 4114 3672 4158 ma-

2014 4190 2163 4265 litia,
2193 4191 2355 4252 venit
2397 4209 2501 4271 per
2542 4191 2994 4252 similitudinem
3040 4190 3215 4263 hanc,
3240 4188 3519 4250 fermenti
3541 4186 3678 4249 dico

2019 4288 2076 4341 et
2107 4299 2338 4361 massaa,
2363 4281 2621 4344 ostendit
2644 4282 2729 4344 eis
2752 4281 3032 4363 quoniam
3061 4298 3244 4340 unum
3277 4279 3521 4352 malum,
3546 4284 3676 4340 tan-

2016 4388 2193 4450 quam
2218 4370 2518 4432 modicum
2536 4379 2975 4451 contemptum,
3004 4386 3273 4448 magnam
3298 4367 3359 4428 in
3385 4375 3504 4429 toto
3537 4384 3677 4428 cor-

357 4458 458 4523 IV.
495 4458 557 4522 Si
588 4468 786 4522 autem
820 4470 1119 4523 mortuum
1151 4462 1504 4523 fermentum
1538 4455 1925 4531 comeditis,o
1948 4465 1991 4514 D
2013 4453 3677 4539 poreEcclesiaefacietlmsionemProptereainquitadji-

274 4547 733 4628 sapientissimi,
760 4558 821 4612 ut
843 4569 1040 4612 sermo
1064 4551 1410 4624 declaravit,
1432 4550 1603 4627 cujus
1630 4546 1718 4608 rei
1744 4545 1930 4624 gratia

270 4637 636 4717 gloriamini,
682 4641 991 4702 dicentes:
1026 4666 1049 4696 (ι
1077 4640 1225 4712 Quia
1256 4659 1374 4701 non
1412 4639 1568 4701 sicut
1592 4655 1693 4698 vos
1719 4635 1842 4695 sale
1873 4643 1931 4694 et

267 4728 564 4789 fermento
605 4736 780 4810 atque
820 4748 976 4811 aqua
1013 4731 1261 4792 farinam
1300 4738 1721 4808 temperamus,
1752 4732 1813 4785 et
1842 4723 1929 4785 sic

270 4817 522 4878 facimus
536 4816 900 4880 oblationem
923 4838 1256 4900 azymorum
1284 4814 1757 4887 nostrorum,sed
1776 4831 1928 4894 aqua

268 4906 399 4968 sola
420 4914 476 4968 et
497 4907 686 4969 farina
700 4917 758 4969 et
773 4908 1168 4989 igniazymum
1187 4908 1632 4979 conﬁcimus,et
1654 4904 1713 4963 in
1740 4902 1930 4964 tribus

267 4997 368 5059 his
394 5014 599 5077 puram
616 4996 865 5069 facimus
891 5007 1151 5059 nostram
1174 4998 1600 5072 oblationem;»
1622 5000 1929 5074 perconta-

277 5104 416 5147 mur
433 5086 613 5164 igitur
633 5081 1259 5171 vos,haeclria,aquam
1285 5096 1344 5150 et
1363 5085 1610 5147 farinam
1634 5081 1922 5161 etignem,

268 5176 345 5238 ad
368 5175 510 5256 quid
536 5176 804 5255 accipitis
826 5197 841 5252 ;
865 5185 923 5237 et
941 5177 1036 5238 cui
1058 5177 1307 5257 efﬁgiem
1332 5194 1464 5238 esse
1504 5175 1631 5235 haec
1662 5172 1925 5234 aestima-

270 5264 383 5327 tis?
401 5264 608 5327 Carnis
628 5264 893 5326 Domini?
911 5264 1024 5327 Sed
1048 5286 1166 5328 non
1189 5266 1380 5347 iuquit
1404 5264 1657 5327 dilectus
1688 5260 1923 5325 Christo

270 5352 581 5416 Joannes:
611 5375 641 5415 ι
668 5354 814 5416 Tres
853 5364 992 5418 sunt
1026 5355 1126 5435 qui
1168 5354 1570 5416 testimonium
1608 5349 1927 5432 perhibent

274 5443 332 5519 (Ι
347 5447 535 5507 Joan.
569 5461 628 5520 v,
653 5445 744 5524 8),
772 5469 797 5500 ιο
834 5464 986 5525 aqua
1015 5453 1072 5506 et
1090 5444 1283 5506 farina
1303 5452 1359 5504 et
1381 5441 1555 5521 ignis.
1585 5439 1702 5504 Sed
1738 5438 1924 5519 quid?

280 5558 307 5589 α
330 5533 589 5614 Spiritus
618 5542 675 5594 et
710 5553 865 5614 aqua
896 5541 953 5595 et
981 5533 1242 5613 sanguis,
1262 5532 1391 5594 ethi
1418 5539 1538 5593 tres
1558 5530 1620 5592 in
1644 5547 1760 5589 uno
1784 5534 1926 5589 sunt

268 5623 554 5703 (Ibid.),»
576 5623 850 5686 videlicet
867 5624 929 5684 in
953 5641 1202 5705 corpore
1219 5622 1459 5698 Christi,
1476 5629 1541 5681 ut
1563 5620 1785 5684 dictum
1806 5629 1919 5691 est,

266 5713 428 5794 quod
471 5731 580 5775 nos
645 5712 1030 5776 comedentes
1056 5712 1295 5775 unimur
1338 5712 1644 5774 incarnato
1683 5715 1926 5789 prapter

2014 4549 2203 4610 ciens:
2221 4571 2243 4603 «
2270 4551 2341 4610 Et
2357 4569 2471 4610 non
2492 4551 2709 4611 luctum
2726 4548 3021 4611 habuistis
3036 4544 3415 4607 utauferatur
3432 4542 3506 4604 de
3538 4560 3678 4604 me-

2014 4638 2111 4699 dio
2136 4639 2311 4699 vestri
2330 4638 2430 4718 qui
2450 4639 2560 4698 hoc
2581 4657 2730 4718 opus
2747 4647 3027 4717 operatus
3051 4635 3182 4697 est?
3207 4657 3231 4691 ii
3257 4633 3320 4712 (Ι
3333 4632 3470 4695 Cor.
3496 4650 3557 4706 v,
3580 4632 3673 4714 2.)

2016 4730 2211 4788 Potest
2234 4728 2416 4805 enim,
2443 4726 2658 4806 inquit,
2676 4727 2962 4807 iniquitas
2988 4726 3099 4787 ista
3119 4725 3188 4785 ad
3216 4740 3425 4784 omnes
3443 4730 3682 4782 vestras

2013 4816 2191 4877 urbes
2215 4818 2492 4891 transire,
2535 4823 2615 4892 et,
2662 4827 2941 4897 tanquam
2974 4814 3275 4877 modicum
3306 4812 3672 4873 fermentum

2012 4913 2195 4967 totam
2220 4924 2474 4967 massam
2494 4905 2927 4981 fermentat,sic
2946 4906 3199 4967 homnes
3216 4899 3587 4982 apprehendi
3610 4907 3672 4963 et

2013 4995 2639 5070 fermentari,etunam
2659 5013 2911 5057 massam
2928 4989 3510 5074 majorisiniquitatis
3529 5006 3674 5069 ope-

2009 5084 2169 5146 rari:
2205 5105 2234 5143 cr
2280 5088 2637 5165 Expurgate,
2685 5105 2713 5145 »
2759 5085 2977 5162 inquit,
3028 5108 3055 5139 α
3099 5088 3267 5143 vetus
3304 5081 3670 5143 fermentum

2013 5172 2190 5253 (Ibid.
2207 5222 2222 5247 ,
2238 5174 2272 5235 7
2270 5175 2366 5253 ),»
2395 5172 2866 5252 peccati.Tollite
2888 5173 3049 5233 hunc
3069 5189 3103 5233 a
3124 5169 3347 5246 medio,
3371 5177 3436 5229 ut
3454 5167 3672 5229 efficia-

2009 5262 2154 5322 mini
2174 5262 2410 5325 Christo
2438 5279 2583 5322 nova
2602 5262 2975 5342 conspersio,
3003 5261 3157 5323 sicut
3186 5258 3329 5321 estis
3365 5254 3666 5339 baptizati,

2007 5350 2065 5411 id
2087 5358 2176 5411 est
2196 5352 2287 5413 vel
2315 5351 2601 5432 azymivel
2625 5351 2783 5433 puri,
2808 5350 3145 5412 mortiﬁcati
3166 5347 3393 5410 mundo
3419 5354 3478 5408 et
3499 5344 3665 5408 desi-

2007 5439 2192 5500 deriis
2215 5441 2431 5503 carnis.
2459 5440 2691 5502 Etenim
2713 5441 2933 5521 pascha
2946 5447 3215 5501 nostrum
3243 5438 3357 5499 hoc
3379 5442 3493 5513 est,
3511 5453 3666 5516 quo-

2007 5528 2191 5610 niam,
2208 5540 2274 5591 ut
2291 5530 2553 5610 eriperet
2572 5548 2679 5591 nos
2706 5548 2775 5591 ex
2798 5528 3111 5610 iniquitate
3131 5545 3199 5590 ac
3222 5525 3667 5602 morte,immo-

2007 5617 2161 5679 latus
2195 5626 2281 5680 est
2309 5619 2601 5681 Christus.
2627 5618 2755 5692 Qua
2788 5619 2865 5680 de
2898 5636 2966 5680 re
2989 5619 3075 5681 sic
3101 5617 3217 5680 ait:
3270 5634 3300 5675 ‹
3337 5613 3666 5695 Epulemur

2008 5725 2127 5769 non
2150 5707 2214 5769 in
2236 5708 2530 5771 fermento
2552 5710 2766 5784 veteri,
2788 5725 2983 5789 neque
3007 5706 3070 5770 in
3098 5706 3392 5769 fermento
3418 5702 3664 5766 malitias
