4144 6370
364 379 515 444 1017
1707 379 2002 446 CONTRA

2093 376 2409 445 .ATINOS.
3602 378 3755 445 1018

364 532 503 575 nam
534 513 878 577 comederet
907 513 1179 577 Christus
1209 512 1234 576 ?
1259 514 1320 577 Si
1357 515 1519 577 enim
1549 514 1703 577 sicut
1730 515 1953 589 dicitis,
1986 533 2019 576 a
2038 520 2077 569 A
2103 529 2230 574 rem
2261 515 2418 578 circa
2441 534 2577 578 eum
2609 518 2813 579 ﬂetum
2837 514 3138 579 habebant
3167 534 3342 596 quam
3373 514 3652 595 gaudium
3682 533 3752 575 ex

367 602 622 664 Domino
653 603 906 684 apostoli
938 611 1301 684 acceperunt
1339 623 1560 685 azyma,
1595 612 1654 667 et
1686 604 1773 665 illi
1801 605 2017 667 iterum
2104 604 2393 666 memoria
2422 605 2637 668 divinae
2667 605 3050 687 operationis.
3090 631 3116 661 ι)
3168 603 3594 667 Verumtamen
3625 604 3753 665 haec

366 691 743 754 tradiderunt
770 691 938 753 vobis
969 693 1096 754 haec
1128 694 1189 753 in
1218 693 1406 772 ﬁgura
1426 692 1693 774 corporis
1720 691 1936 755 Christi
1958 693 2018 754 in
2103 692 2348 772 mystice
2380 714 2484 776 per
2511 696 2883 759 Clementem
2916 714 3125 776 papam
3153 693 3612 756 constituentem
3633 712 3751 755 non

368 783 649 861 mysterio
681 780 826 842 Novi
852 780 1248 863 Testamenti,
1280 783 1421 844 dum
1454 801 1566 844 nec
1597 781 1816 845 ablatio
1850 784 2018 863 panis
2103 788 2392 846 steterunt
2412 784 2533 864 hic,
2566 784 2670 847 sed
2704 785 2966 846 scientes
2998 802 3275 854 magnam
3308 780 3748 861 damnationem

363 870 538 931 ﬁeret
556 870 887 932 secundum
910 871 1391 933 constitutionem
1413 871 1831 953 Moysi,neque
1849 881 2017 935 erant
2103 886 2232 931 esse
2281 872 2561 953 jejunare
2605 872 2880 945 Sabbata,
2914 870 3533 935 excummunicatione
3561 870 3754 932 valida

362 965 503 1020 tunc
530 977 759 1038 azyma,
793 958 892 1021 ubi
911 966 1149 1040 reperta
1168 960 1357 1022 sunt?
1388 960 1696 1033 Quomodo
1719 959 2015 1023 oblivisci-

359 1065 498 1109 mur
528 1047 967 1128 legislationum
1002 1047 1260 1129 Moysis?
1309 1051 1550 1130 Septem
1584 1067 1843 1129 namque
1873 1050 2015 1112 solis

351 1136 573 1199 diebus
601 1138 804 1199 facere
833 1136 1077 1198 tradidit
1108 1136 1295 1201 vobis.
1331 1136 1448 1200 Sed
1479 1156 1585 1201 vos
1617 1137 1679 1199 in
1710 1145 1829 1200 toto
1854 1156 2012 1202 anno

346 1227 719 1289 conculcatis
739 1226 1007 1288 instituta
1036 1226 1275 1308 Moysis.
1304 1228 1377 1290 Et
1396 1225 1668 1289 Christus
1686 1246 1805 1289 non
1835 1247 2012 1290 vene-

351 1323 447 1378 rat
475 1317 707 1379 soIvere
737 1318 954 1396 legem,
987 1316 1094 1379 sed
1123 1316 1453 1398 adimplere
1509 1316 1749 1394 (Matth.
1782 1335 1844 1398 v,
1883 1319 2003 1397 l7).

439 1406 733 1469 X.-Valde
765 1406 926 1470 enim
977 1406 1284 1468 veritatem
1333 1406 1642 1482 obsistitis,
1676 1408 1910 1471 fratres.
1945 1406 2007 1471 Si

362 1495 524 1557 enim
559 1496 838 1558 traditum
870 1496 1036 1558 vobis
1082 1495 1193 1557 fuit
1244 1496 1316 1559 ab
1375 1495 1659 1579 apostolis
1687 1497 2005 1561 comedere

354 1603 581 1665 azyma,
596 1585 895 1665 quomodo
909 1585 1179 1664 Agathon
1193 1585 1606 1648 sanctissimus
1622 1605 1770 1667 papa
1784 1597 2002 1665 vester,

356 1692 680 1754 praesessor
710 1694 845 1737 cum
870 1689 1030 1738 esset
1052 1685 1229 1738 sextae
1249 1676 1456 1758 synodi
1486 1675 1595 1737 sub
1622 1675 2006 1740 Constantino

2097 957 2282 1036 ligant
2311 980 2380 1023 ex
2412 963 2526 1025 hoc
2552 962 2896 1026 Ecclesiam.
2931 962 3087 1025 Dicit
3108 963 3266 1025 enim
3289 960 3353 1022 in
3384 959 3752 1040 sexagesimo

2096 1058 2304 1127 quarto
2334 1070 2584 1115 canone.
2618 1078 2645 1108 α
2708 1051 2771 1115 Si
2803 1053 2935 1132 quis
2966 1052 3244 1113 inventus
3274 1050 3452 1113 fuerit
3479 1049 3750 1112 Domini-

2096 1156 2230 1199 cum
2265 1139 2425 1202 diem
2450 1142 2753 1221 jejunare,
2791 1150 2897 1204 aut
2929 1141 3279 1215 Sabbatum,
3323 1147 3540 1221 praeter
3567 1158 3753 1200 unum

2094 1227 2311 1301 solum,
2345 1230 2683 1312 deponatur
2707 1252 2723 1308 ;
2750 1231 2799 1293 si
2822 1239 3022 1293 autem
3045 1230 3251 1303 laicus,
3279 1235 3703 1310 sequestretur.
3719 1252 3747 1285 )›

2172 1316 2297 1381 XII.
2321 1319 2444 1381 Hoc
2466 1329 2660 1382 autem
2685 1328 3079 1401 exsequentes
3122 1328 3180 1381 et
3221 1319 3325 1400 qui
3356 1322 3416 1379 in
3459 1325 3624 1379 sexta
3652 1337 3752 1399 sy-

2091 1406 2249 1469 nodo
2275 1410 2506 1484 Patres,
2524 1412 2950 1473 convenienter
2962 1410 3100 1471 huic
3117 1409 3203 1471 sic
3226 1406 3599 1491 promulgant
3620 1425 3752 1468 san-

2089 1502 2207 1571 cte,
2239 1500 2598 1578 praesidente
2647 1500 2879 1580 synodo
2910 1499 3217 1577 Agathone
3248 1516 3397 1580 papa
3428 1495 3653 1573 Roma,
3694 1505 3750 1558 et

2090 1587 2368 1664 Gregorio
2383 1607 2514 1650 cum
2529 1589 3132 1668 eisAgrigentinorum
3146 1588 3425 1670 episcopo
3441 1594 3747 1668 praesente:

2096 1696 2117 1729 α
2144 1673 2435 1747 Quoniam
2458 1678 2702 1760 quidem
2716 1678 3002 1741 discimus
3022 1696 3123 1740 eos
3141 1678 3242 1759 qui
3267 1678 3327 1738 in
3344 1679 3746 1738 Romanorum

356 1763 746 1845 imperatore,
782 1772 841 1827 et
870 1765 1105 1827 divinus
1135 1766 1449 1845 Gregorius
1475 1766 2007 1846 Acragantinorum
2032 1769 2070 1817 Β
2093 1763 2241 1826 urbe
2264 1774 2418 1843 sunt,
2448 1770 2506 1830 in
2529 1775 2750 1831 sanctae
2771 1766 3513 1847 Quadragesimaejejuniis
3536 1762 3746 1827 eadem

358 1852 689 1935 episcopus
712 1873 831 1916 non
854 1854 1232 1933 abstinuere;
1256 1874 1415 1931 cum,
1440 1855 1782 1936 sicuthujus
1800 1857 2009 1937 synodi

351 1941 538 2004 divini
554 1945 775 2024 Patres,
800 1944 1114 2006 adversum
1137 1962 1339 2023 azyma
1359 1945 1548 2024 legem
1566 1945 2011 2007 constituissent

354 2049 390 2092 a
413 2033 653 2094 nemine
678 2033 946 2096 ﬁdelium
967 2034 1081 2096 hoc
1108 2035 1286 2096 ﬁeri?
1311 2038 1396 2110 Et,
1423 2042 1486 2095 ut
1510 2035 1820 2096 ostendam
1843 2034 2009 2096 vobis

353 2121 570 2183 horum
598 2122 1037 2203 legislationem
1070 2131 1277 2186 contra
1304 2142 1522 2205 azyma,
1557 2125 1773 2205 adjicio
1792 2120 2010 2187 rationi

353 2219 712 2274 etcanonem
729 2213 993 2294 ipsorum
1008 2213 1094 2275 sic
1108 2215 1429 2276 habentem
1445 2215 1505 2276 in
1518 2214 1837 2278 undecimo
1852 2214 2010 2296 capi-

351 2300 475 2363 tulo
502 2318 516 2363 :
553 2326 579 2358 α
615 2300 802 2365 Nemo
825 2303 886 2363 in
908 2303 1265 2367 sacerdotali
1287 2306 1641 2367 constitutus
1661 2304 2010 2380 ordine,aut

350 2389 560 2471 laicus,
600 2409 671 2453 ea
700 2410 834 2473 quae
859 2392 1015 2474 apud
1049 2393 1285 2456 Iudaeos
1316 2402 1453 2455 sunt
1480 2412 1680 2476 azyma
1709 2392 2004 2467 comedat,

348 2487 450 2541 aut
466 2499 600 2541 cum
629 2481 717 2542 eis
737 2482 1064 2565 cohabitet,
1096 2490 1197 2544 aut
1224 2483 1286 2544 in
1311 2482 1757 2545 inﬁrmitatibus
1777 2483 2005 2557 invitet,

346 2577 447 2631 aut
476 2569 834 2633 medicinam
865 2572 938 2634 ab
973 2572 1059 2634 eis
1092 2572 1364 2653 accipiat,
1399 2574 1490 2636 vel
1524 2574 1585 2634 in
1618 2572 1846 2635 balneis
1870 2591 2006 2634 cum

348 2659 438 2721 eis
470 2659 714 2721 lavetur.
737 2659 800 2723 Si
822 2661 957 2742 quis
984 2662 1094 2724 hoc
1121 2680 1297 2740 agere
1329 2662 1670 2737 initiaverit,
1706 2661 2005 2741 siquidem

2093 1852 2445 1937 Sabbatajej
2456 1875 2642 1919 unare
2666 1870 2834 1919 extra
2856 1856 3133 1919 traditam
3147 1855 3262 1918 sibi
3278 1853 3744 1917 ecclesiasticam

2093 1946 2583 2025 consequentiam
2617 1964 2631 2010 :
2666 1947 2887 2028 placuit
2917 1953 3139 2007 sanctae
3168 1945 3395 2027 synodo
3428 1943 3748 2006 observare

2092 2032 2497 2095 Romanorum
2510 2035 2841 2098 Ecclesiam
2854 2034 3223 2096 immobilem
3238 2050 3530 2097 canonem
3546 2031 3749 2094 dicen-

2093 2127 2245 2183 tem:
2271 2123 2490 2204 Siquis
2530 2125 2787 2187 clericus
2823 2124 3003 2186 t‘uerit
3044 2123 3341 2199 inventus,
3385 2148 3409 2179 υ
3444 2130 3503 2185 ct
3532 2130 3748 2184 caetera

2092 2228 2223 2292 quae
2244 2212 2462 2275 deinde
2482 2213 2711 2277 scribit.
2739 2217 2876 2278 Haec
2893 2214 3093 2294 igitur,
3110 2214 3264 2275 sicut
3292 2212 3559 2284 cernitis,
3592 2230 3745 2292 apo-

2092 2299 2320 2364 stolicis
2333 2303 2861 2366 constitutionibus
2875 2302 3248 2364 etcanonicis
3264 2300 3746 2363 ﬁdeliumEccle-

2091 2389 2239 2451 siam
2263 2390 2402 2471 ligat
2421 2411 2555 2453 cum
2579 2410 2731 2473 papa
2754 2395 2956 2453 Romae
2969 2388 3294 2471 Agathone.
3317 2393 3435 2451 Vos
3458 2389 3617 2452 unde
3631 2390 3741 2451 ali-

2092 2485 2182 2540 ter
2199 2486 2336 2541 etex
2349 2481 2749 2561 quojejunare
2769 2479 3025 2543 Sabbata
3041 2479 3384 2559 accepistis?
3405 2478 3743 2553 Quinetiam

2091 2566 2452 2631 oblationem
2470 2570 2751 2651 perfectas
2773 2570 2968 2632 missae
2991 2588 3099 2650 per
3118 2588 3355 2632 omnem
3372 2569 3530 2631 diem
3548 2568 3746 2630 facere

2091 2656 2153 2717 in
2167 2660 2351 2722 sacris
2365 2659 2578 2722 diebus
2582 2659 3108 2741 jejuniorum,sive
3120 2657 3377 2722 Sabbato
3395 2659 3517 2720 sive
3539 2658 3747 2720 Domi-

346 2748 604 2811 clericus
624 2749 823 2831 fuerit,
847 2750 1214 2831 deponatur;
1240 2751 1290 2813 si
1313 2759 1507 2814 autem
1542 2752 1752 2829 laicus,
1779 2770 1999 2833 seque-
2084 2745 2222 2809 nico
2236 2747 2351 2809 die:
2369 2748 2527 2810 unde
2548 2748 2956 2811 assuevistis‘?a
2976 2766 3091 2830 quo
3118 2745 3742 2829 doctoreaccepistis?

346 2845 588 2902 stretur.
612 2857 641 2899 ›
665 2838 1055 2921 Quiazymum
1074 2841 1312 2903 conticit
1340 2850 1399 2902 et
1428 2843 1708 2918 comedit,
1741 2842 1851 2903 etsi
1882 2861 2000 2903 non
2084 2835 2166 2899 Ex
2201 2838 2487 2919 apostolis
2518 2839 2543 2899 Υ
2593 2839 2958 2901 nullatenus.
3012 2838 3289 2918 Apostoli
3337 2839 3499 2900 enim
3530 2857 3601 2902 ex
3631 2839 3746 2902 hoc

346 2928 652 3008 acceperit
678 2929 792 2990 hoc
822 2948 858 2990 a
885 2928 1129 3004 Iudaeis,
1157 2930 1263 2992 sed
1284 2930 1547 2995 imitator
1564 2932 1739 2994 fuerit
1768 2932 1830 2993 in
1862 2931 1997 3004 hoc,
2089 2946 2344 3008 posuere
2358 2947 2651 2991 canonem
2667 2929 2752 2990 sic
2777 2928 3145 3010 loquentem:
3169 2927 3412 3008 «Siquis
3429 2928 3746 3010 episcopus

347 3016 983 3097 utJudzeusintelligit,
1005 3026 1062 3080 et
1086 3028 1247 3081 extra
1268 3020 1461 3097 legem
1478 3028 1589 3096 est,
1606 3020 2000 3101 quemadmo-
2086 3024 2187 3078 aut
2218 3016 2544 3100 presbyter,
2580 3018 2670 3080 vel
2712 3018 3002 3080 diaconus
3031 3024 3130 3078 aut
3159 3017 3349 3080 lector
3381 3025 3483 3079 aut
3513 3026 3743 3102 cantor,

345 3105 487 3167 dum
504 3107 1081 3170 etsicircumciderit
1112 3108 1243 3189 quis
1274 3110 1560 3189 seipsum,
1587 3117 1687 3171 aut
1716 3129 1750 3172 a
1778 3108 2003 3172 Judaeis
2023 3172 2059 3189 η
2087 3125 2211 3168 sam
2233 3114 2350 3169 tam
2366 3127 2484 3169 non
2501 3107 2863 3189 jejunaverit
2907 3106 3746 3188 Quadragesimamquartam-

343 3194 817 3272 circumciditur,
836 3197 1011 3258 simul
1036 3172 1163 3258 etii:
1180 3172 1430 3262 scientia
1449 3199 1685 3281 estillis,
1702 3218 1997 3261 canones-
2020 3172 2060 3223 Ο
2084 3215 2199 3276 que
2230 3205 2291 3259 et
2320 3172 2544 3258 sextam
2561 3172 2821 3271 vferiam,
2867 3172 3219 3276 deponatuvr,
3252 3196 3367 3258 nisi
3396 3172 3744 3260 inﬁrmitate

342 3303 459 3364 que
482 3292 540 3347 et
558 3286 829 3349 instituta
853 3287 1252 3367 apostolorum
1277 3297 1734 3369 sanctorumque
1756 3290 1993 3350 Patrum
2081 3285 2355 3364 corporis
2372 3284 2792 3367 impediatur.»
2808 3285 3209 3347 ministrantes
3227 3305 3369 3364 ergo
3386 3294 3560 3367 atque
3580 3305 3744 3348 com-

343 3376 820 3455 transgrediens,
857 3385 917 3439 et
944 3378 1114 3439 irrita
1144 3379 1342 3439 omnia
1359 3379 1517 3454 facit,
1538 3387 1602 3440 ut
1623 3378 1771 3440 ratio
1796 3387 1995 3441 nostra
2081 3376 2312 3454 plentes
2335 3374 2836 3437 ministrationem
2865 3384 3085 3437 sanctae
3102 3376 3487 3437 missaesecus
3506 3376 3743 3438 tertiam

341 3464 792 3538 demonstravit,
820 3465 935 3529 Sed
960 3467 1035 3529 de
1051 3486 1249 3548 azymo
1267 3468 1633 3530 suﬂicienter
1654 3468 1818 3528 vobis
1835 3467 1990 3548 quod
2078 3464 2284 3524 horam
2312 3464 2455 3542 diei,
2480 3464 2541 3525 in
2560 3484 2676 3546 qua
2703 3473 2760 3526 et
2804 3465 3241 3545 promulgatum
3289 3473 3378 3527 est
3408 3465 3611 3526 offerri
3640 3484 3741 3527 sa-

343 3554 712 3635 prohibitum
738 3557 815 3618 sit
841 3556 914 3619 ab
946 3556 1111 3619 omni
1156 3558 1460 3638 Scriptura
1511 3558 1707 3619 divina
1738 3558 1989 3619 demon-

343 3642 685 3707 stravimus.

425 3730 523 3793 ΧΙ.
558 3734 686 3810 Age
714 3752 874 3796 nunc
891 3735 992 3815 qui
1012 3744 1225 3799 caetera
1246 3737 1784 3799 demonstravimus
1806 3737 1995 3812 vobis,

341 3832 402 3908 et
429 3820 628 3908 subito
660 3825 964 3886 memoriae
988 3836 1329 3905 suggestum
1356 3836 1447 3889 est
1466 3827 1632 3888 vobis
1664 3827 1738 3888 de
1766 3826 1998 3908 jejunio

344 3905 764 3992 Sabbatorum,
790 3914 1069 3993 quoniam
1094 3914 1388 3977 insultatis
1413 3916 1582 3977 nobis
1614 3937 1627 3976 :
1657 3905 1996 3996 undejeju-

345 4016 491 4087 nare
530 3997 812 4077 Sabbata,
841 4021 909 4063 ex
935 4022 1050 4085 qua
1076 4004 1603 4086 sanctaScriptura
1631 4006 1946 4087 accepistis
1968 4008 1997 4067 ?

337 4086 433 4149 Ab
449 4089 737 4167 apostolis
754 4097 781 4153 ’ἶ
804 4090 1207 4173 Nequaquam.
1229 4095 1646 4175 Apostolorum
1673 4086 1924 4157 vertices
1939 4094 1998 4154 in

339 4176 546 4257 quinto
578 4177 819 4258 quidem
852 4180 1006 4243 libro
1038 4182 1507 4257 ordinationum,
1543 4184 1642 4265 qui
1675 4184 1750 4246 de
1774 4192 1995 4265 marty—

340 4266 508 4328 ribus
536 4266 912 4344 inscribitur,
939 4272 1107 4349 juxta
1129 4271 1493 4335 Clementem
1523 4293 1536 4335 :
1562 4299 1590 4330 «
1616 4273 1895 4347 Quartam
1915 4274 1999 4335 fe-

344 4356 494 4418 riam
530 4365 586 4419 et
614 4366 839 4419 sextam
876 4360 1143 4441 praecipit
1172 4362 1345 4424 nobis
1367 4363 1650 4443 jejunare
1684 4363 1995 4425 Dominus.

345 4445 535 4509 Unam
566 4446 808 4528 quidem
842 4458 1086 4529 prOpter
1118 4452 1521 4526 traditionem,
1550 4453 1795 4513 alteram
1853 4472 1998 4534 pro-

2076 3553 2392 3635 criﬁcium,
2419 3554 2716 3635 quomodo
2735 3554 3035 3635 jejunium
3061 3573 3255 3636 usque
3278 3553 3349 3615 ad
3384 3555 3591 3616 horam
3615 3554 3741 3617 diei

2081 3661 2299 3704 nonam
2326 3642 2696 3705 observatis?
2738 3643 3039 3705 solventes
3062 3645 3184 3705 haec
3202 3645 3258 3705 in
3276 3650 3544 3722 tempore
3558 3643 3741 3705 mini-

2081 3734 2383 3793 strationis
2397 3731 2635 3794 missae?
2657 3729 3064 3813 Nequaquam.
3088 3732 3149 3795 Si
3166 3740 3364 3795 autem
3389 3732 3741 3815 tocimpos-

2081 3820 2259 3883 sibile
2291 3830 2400 3897 est,
2436 3821 2860 3884 maledictione
2894 3822 3271 3903 plectemini.

2161 3912 2311 3975 Xlll.
2340 3912 2449 3986 Qui
2473 3915 2534 3974 in
2558 3917 2877 3990 Gangreno
2900 3914 3069 3977 fuere
3101 3916 3305 3977 Patres
3328 3912 3581 3976 concilio
3607 3933 3738 3996 cap.

2084 4002 2155 4064 19
2183 4002 2322 4063 talia
2363 4003 2655 4065 eﬂ‘antur:
2711 4001 2773 4065 Si
2802 4003 2935 4084 quis
2958 4002 3327 4065 continentia
3358 4002 3488 4065 sine
3518 4021 3740 4084 cerpo-

2078 4092 2187 4153 rali
2208 4093 2569 4155 necessitate
2584 4092 2777 4157 elatus
2794 4092 2993 4159 fuerit.
3015 4101 3074 4154 et
3090 4093 3409 4157 constituta
3422 4093 3657 4174 jejunia
3678 4092 3742 4155 in

2079 4201 2398 4245 commune
2419 4192 2477 4245 et
2493 4183 2803 4246 observata
2825 4184 2901 4246 ab
2922 4184 3192 4246 Ecclesia
3205 4182 3562 4258 dissolverit,
3584 4202 3741 4264 prae-

2080 4273 2372 4334 sumendo
2395 4273 2509 4335 sibi
2533 4274 2854 4355 perfectam
2879 4273 3198 4349 rationem,
3232 4273 3549 4335 anathema
3577 4272 3672 4333 sit.
3710 4296 3733 4329 ι

2083 4359 2371 4423 Similiter
2404 4365 2605 4424 Patres
2645 4362 2745 4443 qui
2788 4363 2849 4423 in
2881 4361 3237 4425 Laodicensi
3271 4361 3438 4422 fuere
3459 4361 3736 4436 concilio,

2082 4451 2413 4512 secundum
2427 4452 2984 4533 quinquagesimum
3000 4470 3286 4513 canonem
3307 4449 3391 4511 sic
3407 4449 3562 4511 effati
3576 4460 3737 4513 sunt:

343 4543 478 4616 pter
509 4537 869 4617 passionem.
903 4538 1101 4618 Ipsum
1136 4549 1332 4602 autem
1367 4541 1688 4604 Sabbatum
1723 4562 1839 4603 non
1876 4551 1998 4603 tra-
2089 4566 2114 4596 α
2136 4540 2280 4612 Qeia
2306 4561 2421 4601 non
2446 4548 2686 4621 oportet
2706 4541 2768 4601 in
2794 4538 3259 4618 Quadragesima
3287 4547 3607 4619 martyrum
3628 4556 3737 4598 na-

344 4624 500 4686 didit
528 4625 701 4688 nobis
724 4626 1029 4709 jejunare,
1063 4630 1341 4710 quoniam
1402 4650 1521 4692 non
1566 4638 1820 4712 oportet,
1858 4650 1987 4712 pro-
2020 4628 2728 4702 Dtalitiacelebrare,sed
2744 4636 3085 4689 sanctorum
3105 4626 3735 4688 commemorationem

342 4721 478 4794 pter
506 4714 652 4777 illud
678 4716 894 4790 solum,
930 4716 991 4778 in
1014 4737 1128 4800 quo
1156 4720 1402 4782 Creator
1424 4721 1689 4781 omnium
1715 4720 2002 4782 subterra
2084 4722 2281 4781 tacere
2301 4720 2360 4780 in
2385 4718 2661 4781 Sabbatis
2684 4727 2740 4780 et
2780 4716 3109 4778 Dominicis
3146 4716 3377 4777 diebus.
3423 4742 3442 4772 ο
3478 4715 3550 4777 Et
3572 4717 3740 4795 juxta

339 4803 470 4864 fuit.
498 4829 523 4860 ››
546 4804 736 4871 Unde.
754 4804 923 4885 juxta
945 4807 1168 4869 calcem
1197 4809 1466 4888 ejusdem
1491 4810 1650 4883 libri,
1677 4808 1888 4872 iterum
1913 4811 2001 4872 sic

341 4893 643 4974 loquitur:
676 4919 703 4951 α
728 4893 921 4958 Omne
941 4896 1179 4977 quidem
1198 4897 1520 4959 Sabbatum
1546 4909 1602 4960 et
1624 4917 1862 4960 omnem
1887 4898 1997 4961 Do-

342 4983 632 5045 minicum
655 4984 1084 5047 celebrandum
1108 5006 1241 5049 esse
1254 4987 1528 5050 dicimus.
1550 4988 1821 5051 Gaudere
1838 4990 1997 5050 enim

345 5072 661 5153 oportetin
682 5073 777 5135 hia
801 5082 858 5135 et
879 5093 995 5135 non
1020 5076 1243 5155 lugere.
1293 5098 1322 5138 ›
1361 5075 1620 5158 Septimo
1651 5076 1889 5156 quidem
1922 5077 2000 5138 li-

343 5161 454 5224 bro
466 5180 667 5223 earum
683 5163 1170 5227 constitutionum
1183 5168 1353 5248 juxta
1369 5166 1711 5228 vicesimum
1728 5176 1998 5245 quartum

345 5258 525 5332 caput
546 5251 659 5312 hoc
687 5251 997 5332 inquiunt:
1030 5279 1054 5309 α
1092 5252 1415 5316 Sabbatum
1438 5272 1695 5335 namque
1725 5254 2003 5318 etDomi-

346 5340 547 5402 nicum
562 5340 961 5418 celebramus,
978 5342 1117 5422 quia
1131 5343 1273 5405 illud
1294 5344 1534 5425 quidem
1552 5344 1763 5405 divinae
1781 5361 1999 5424 apera-

346 5429 529 5491 tionis
546 5438 636 5491 est
658 5430 945 5491 memoria
972 5449 988 5506 ;
1014 5431 1108 5494 hic
1129 5452 1272 5495 vero
1293 5432 1777 5496 resurrectionis.
1804 5435 1999 5495 Unum

341 5537 484 5580 vero
517 5525 742 5581 tantum
795 5519 1117 5583 Sabbatum
1171 5524 1633 5586 custodiendum
1665 5529 1752 5584 est
1783 5523 1841 5584 in
1880 5531 1998 5584 toto

342 5609 1497 5693 annosepulturaeDomini.quojejunare
1510 5612 2002 5693 oportet.Quando

346 5699 511 5764 enim
535 5698 806 5764 Christus
830 5699 890 5762 in
904 5701 1181 5782 sepulcro
1190 5702 2004 5786 jacuit,discipulipotentio-

2084 4808 2606 4889 quadragesimum
2630 4816 2901 4869 octavum
2924 4825 3211 4867 canonem
3234 4805 3375 4865 item
3395 4808 3559 4867 aiunt
3577 4804 3691 4885 ipsi
3718 4823 3732 4867 :

2090 4923 2115 4954 α
2145 4899 2311 4971 Quod
2337 4916 2454 4960 non
2481 4896 2655 4961 decet
2685 4896 2743 4957 in
2778 4895 3248 4974 Quadragesima
3263 4913 3475 4974 panem
3493 4893 3733 4968 oﬂ‘erre,

2082 4988 2198 5048 nisi
2231 4988 2289 5048 in
2323 4986 2578 5050 Sabbato
2609 4995 2666 5047 et
2696 4986 3011 5048 Dominico
3045 4984 3171 5045 solo
3237 5009 3263 5039 πυ

2166 5077 2316 5140 XIV.
2344 5077 2410 5138 Et
2436 5075 2535 5157 qui
2562 5077 2621 5136 in
2647 5083 2814 5137 sexto
2839 5074 3159 5136 universali
3179 5072 3431 5134 concilio
3445 5090 3736 5133 convene-

2085 5176 2222 5228 runt
2247 5167 2446 5229 Patres
2472 5165 2919 5245 similiterjuxta
2942 5162 3502 5244 quinquagesimum
3530 5179 3742 5223 secun-

2085 5257 2224 5319 dum
2260 5273 2551 5319 canonem
2578 5253 2853 5317 sanciunt
2872 5273 3004 5315 cum
3031 5250 3406 5313 sanctissimo
3428 5252 3740 5330 Agathone

2085 5365 2234 5429 papa
2264 5346 2498 5407 dicente
2524 5344 2609 5405 sic
2636 5362 2649 5407 ε
2689 5368 2716 5397 ι
2746 5345 2808 5404 In
2842 5342 3119 5405 omnibus
3148 5340 3371 5429 sanctis
3402 5338 3742 5429 Quadrage-

2084 5427 2249 5498 simae
2263 5436 2632 5517 jejuniorum
2656 5432 2890 5508 diebus,
2918 5432 3049 5493 sine
3071 5428 3327 5494 Sabbato
3350 5436 3409 5491 et
3429 5427 3740 5491 Dominico

2084 5526 2205 5607 die,
2226 5516 2429 5587 etsine
2449 5530 2653 5584 Sancto
2673 5518 3296 5607 Annuntiationisdie,
3333 5517 3429 5578 ﬁat
3461 5516 3641 5607 missa
3667 5536 3738 5579 ex

2086 5604 3041 5677 antesanctiﬁcatisoblationibus.
3071 5633 3093 5663 »
3114 5605 3211 5669 Sic
3227 5604 3742 5686 ergoaccipientes

2088 5722 2197 5770 nos
2226 5703 2487 5768 Sabbnto
2521 5709 2577 5764 et
2609 5698 2921 5764 Dominica
2974 5699 3096 5775 die,
3147 5713 3323 5759 secus
3353 5694 3586 5758 tertiam
3619 5692 3740 5758 diei
