4144 6420
376 362 546 427 1019
1347 368 1400 430 Ν
1406 368 1654 432 ΙΟΕΤᾸΕ
1688 369 2032 434 PECTORA

2159 368 2466 432 CONTRA
2509 368 2861 433 LATINOS.
3640 367 3796 434 1020

374 497 703 598 horam,_in
734 517 850 598 qua
883 496 1231 598 et‘Spiritus
1260 507 1500 598 sanctus
1529 500 1843 598 descendit
1864 523 2046 585 super
2063 517 2102 564 Α
2128 505 2542 586 busipsorum,
2567 507 2720 587 quia
2743 505 2916 568 nobis
2938 506 3503 586 praedictisuntmon
3517 505 3785 588 abjicere

380 588 1164 687 discipulosnimmoliates,
1183 588 1243 687 in
1268 589 1414 687 ipsis
1437 591 1877 687 sanctiﬁcamus
1903 613 2038 654 mu-
2125 597 2435 678 episcopos
2466 607 2522 658 et
2541 597 2918 677 presbyteros
2946 598 3258 659 occasione
3273 598 3604 676 religionis,
3635 617 3786 659 uxo-

373 693 537 756 nera,
560 695 628 738 ex
653 676 870 757 quibus
892 677 1250 738 sufﬁcientia
1276 678 1334 738 in
1362 687 1481 739 tota
1502 680 2037 744 hebdomadacon-
2122 676 2218 747 res
2245 676 2592 761 sanxerunt,
2628 694 2685 747 et
2717 696 2781 746 ut
2809 686 3096 748 caderent
3125 705 3224 747 res
3257 689 3677 767 episcoporum
3711 706 3785 749 ex

375 785 708 830 servamus.
742 767 805 827 In
830 767 963 827 aliis
995 774 1192 857 autem
1224 767 1436 828 diebus
1461 769 2040 852 hebdomatlisjuxta
2126 775 2514 856 potestatibus
2547 794 2751 837 eorum
2786 783 3025 856 propter
3046 775 3199 838 ﬁlios
3225 785 3282 836 et
3307 776 3587 837 mulieres
3610 777 3780 857 ipso-

377 863 610 936 tempus
635 857 797 918 horae
824 875 993 918 nouae
1019 856 1138 918 diei
1158 857 1585 919 concludentes
1608 879 1849 922 omnem
1871 863 2045 923 mini-
2123 884 2282 928 rum.

379 945 725 1007 strationem
740 947 800 1007 in
822 945 1400 1008 consummationem
1414 948 2042 1029 completorii,agimus

379 1054 490 1097 nos
502 1035 846 1098 sacerdotes
858 1054 993 1097 cum
1013 1035 1363 1097 diaconibus
1385 1036 1752 1118 ingressum,
1772 1040 2043 1102 thuribu-

380 1125 503 1186 lum
520 1127 711 1187 solum
737 1124 1112 1188 ferentes.Et
1129 1133 1260 1206 post
1278 1125 1596 1187 lectionem
1615 1131 2038 1210 prophetarum

379 1215 735 1277 constitutas
764 1213 1066 1276 orationes
1095 1232 1129 1275 a
1161 1232 1371 1294 magno
1402 1216 1623 1278 Basilio
1654 1218 2042 1300 facientes,et

380 1323 629 1366 munera
657 1305 1085 1367 transferentes
1105 1303 1717 1384 appositionisaltario
1734 1316 1792 1368 et
1807 1316 2043 1372 orantes

378 1412 512 1455 cum
545 1393 716 1473 ipsis.
752 1392 1002 1474 Insuper
1034 1400 1229 1455 autem
1257 1401 1315 1455 et
1340 1394 1617 1456 traditam
1654 1396 1825 1458 nobis
1855 1418 1888 1458 a
1916 1402 2040 1461 Do-

381 1482 545 1544 mino
570 1485 899 1545 orationem
921 1482 1214 1559 dicentes,
1237 1483 1561 1544 exaltamus
1580 1488 2041 1564 praesanctiﬁca-

383 1580 504 1634 tum
539 1590 779 1654 panem,
815 1581 875 1634 et
903 1571 1114 1634 damus
1146 1572 1638 1653 praesanctiﬁcata
1668 1585 1869 1638 sancta
1901 1596 2042 1639 san-

381 1662 512 1738 ctis,
545 1670 602 1724 et
626 1663 775 1724 uniti
798 1661 1220 1723 communione
1244 1680 1399 1741 pane
1423 1671 1480 1724 et
1510 1663 1693 1725 calice
1721 1666 2036 1745 mysterio-

383 1769 513 1812 rum
549 1749 791 1814 Christi.
825 1751 898 1812 Et
926 1751 1006 1812 ita
1036 1758 1286 1830 agentes
1304 1752 1522 1829 gratias
1548 1754 1693 1828 Deo,
1716 1753 2040 1834 linquimus

384 1858 490 1902 eos
522 1849 699 1922 atque
732 1839 1090 1902 dimittimus
1120 1859 1188 1899 ex
1218 1840 1701 1919 congregatione,
1735 1852 2040 1906 sumentes

386 1949 496 1991 nos
521 1948 901 1992 communem
935 1947 1204 1989 mensam
1236 1947 1340 2007 per
1367 1929 1506 1990 folia
1541 1938 1599 1990 et
1630 1931 1953 2010 legumina,
1984 1941 2043 1994 et

2206 954 2359 1018 XVI.
2386 953 2448 1018 Si
2471 963 2665 1016 autem
2687 954 2903 1035 aliquis
2951 953 3167 1016 dixerit
3200 954 3275 1017 de
3307 963 3514 1017 sancta
3549 961 3608 1016 et
3636 954 3780 1016 uni-

2124 1045 2335 1106 versali
2370 1045 2615 1124 synodo,
2651 1045 2807 1124 quod
2861 1063 3070 1125 papam
3103 1044 3305 1105 Romae
3335 1043 3780 1106 sanctissimum

2123 1136 2584 1213 Agathonem,ut
2598 1134 3219 1214 saepissimediximus,
3237 1152 3658 1214 praesessorem
3677 1136 3785 1196 ha—

2126 1223 2272 1306 buit,
2292 1225 2420 1306 ipsa
2435 1233 2670 1285 centum
2685 1223 3062 1304 septuaginta
3078 1226 3338 1299 Patrum,
3357 1223 3460 1284 sed
3491 1222 3777 1284 Constan-

2126 1314 2249 1376 tino
2273 1315 2892 1393 imperatore,ncpote
2907 1312 3165 1373 Heraclii
3181 1321 3237 1372 et
3256 1321 3420 1392 patre
3433 1310 3777 1374 Justiniani:

2125 1405 2424 1485 quomodo
2459 1423 2576 1464 non
2610 1400 2836 1463 obstitit
2866 1401 3098 1462 divinus
3125 1401 3400 1480 Agathon
3430 1409 3650 1462 sanctae
3683 1421 3782 1482 sy-

2121 1494 2278 1555 nodo
2292 1491 2884 1555 sancientiadversus
2899 1491 3009 1552 hoc
3028 1490 3248 1570 impios
3261 1509 3408 1570 quos
3422 1509 3609 1571 usque
3625 1509 3788 1553 nunc

2122 1581 2384 1644 habetis?
2403 1581 2465 1644 Si
2495 1600 2630 1642 vero
2653 1580 2728 1642 ab
2743 1579 3025 1659 apostolis
3050 1579 3351 1641 haberetis
3371 1580 3478 1641 has
3503 1579 3744 1640 traditio
3767 1613 3786 1624 -

2123 1690 2250 1746 nes,
2286 1671 2602 1732 obsisteret
2647 1668 2913 1743 forsitan,
2975 1679 3035 1729 et
3092 1688 3209 1730 non
3267 1670 3629 1748 suscepisset
3658 1669 3786 1730 haec

2124 1779 2256 1840 qua:
2288 1760 2443 1840 apud
2479 1776 2588 1820 nos
2621 1757 2692 1818 ab
2723 1775 2792 1817 ea
2838 1756 3204 1836 promulgata
3256 1765 3412 1818 sunt.
3456 1755 3613 1837 Papa
3645 1775 3784 1818 cum

2126 1857 2289 1911 esset
2309 1857 2525 1927 vester,
2554 1845 2832 1928 quoniam
2858 1845 3156 1907 adulteras
3179 1845 3570 1923 cognoscebat
3595 1845 3785 1906 tradi-

2129 1939 2320 2000 tiones
2343 1939 2504 2018 ipsas
2525 1947 2582 1998 et
2605 1943 2914 1997 extraneas
2936 1934 3007 1995 ab
3033 1935 3436 2014 apostolorum
3470 1935 3743 1995 doctrina
3767 1956 3780 1991 :

386 2019 636 2082 calidam
671 2037 881 2100 aquam
915 2017 1016 2109 qui
1051 2016 1372 2109 voluerint.
1427 2017 1580 2109 Sunt
1637 2028 1834 2082 autem
1863 2033 1919 2084 et
1945 2023 2046 2084 alii
2128 2016 2444 2109 propterea
2467 2024 3117 2106 paritercuml’atribus
3137 2042 3317 2085 sacra:
3343 2033 3523 2084 sexta
3539 2023 3776 2103 synodi,

389 2109 489 2191 qui
516 2110 642 2172 sola
655 2107 1076 2171 communione
1090 2114 1147 2169 et
1161 2107 1576 2170 benedictione
1592 2128 1696 2190 per
1709 2117 1886 2171 totam
1904 2131 2040 2193 ρει-σο

386 2206 662 2260 severant
691 2195 1149 2260 hebdomadam.
1183 2195 1302 2258 Vos
1347 2206 1542 2260 autem
1576 2199 1904 2262 referentes
1938 2221 2043 2282 per

2127 2119 2282 2180 sicut
2312 2119 2386 2179 de
2416 2115 2641 2194 azymis
2672 2123 2729 2175 et
2781 2113 3032 2192 jejuniis
3083 2111 3473 2174 Sabbatorum
3508 2120 3568 2172 et
3595 2130 3786 2173 sacrae

2127 2208 2323 2269 missa;
2342 2205 2662 2287 mysteriis,
2693 2204 2779 2264 sic
2803 2211 2862 2264 et
2890 2203 2966 2262 de
2997 2203 3216 2282 nuptiis
3239 2201 3616 2263 sacerdotum
3643 2219 3788 2280 pro-

388 2306 878 2370 unumquemque
913 2285 1069 2348 diem
1117 2286 1438 2366 Pel‘fectam
1491 2287 1553 2348 in
1582 2286 2045 2368 Quadragesima
2127 2285 2639 2376 mulgavitdicens
2662 2293 2722 2354 in
2747 2291 2980 2353 decimo
3005 2291 3176 2351 tertio
3199 2295 3391 2371 capite
3427 2307 3440 2352 :
3482 2314 3508 2345 α
3544 2289 3695 2362 Quia
3720 2290 3783 2350 in

391 2379 914 2456 ministrationem,
938 2394 1068 2457 quae
1086 2394 1349 2454 congrua
1371 2377 1636 2456 estjuxta
1660 2379 1894 2440 tertiam
1927 2381 2039 2441 ho-

383 2489 510 2531 ram
543 2468 662 2530 diei
711 2467 935 2536 offerri,
985 2465 1209 2547 positos
1262 2467 1749 2545 transgredimini
1782 2487 2044 2532 canones

378 2559 682 2622 Ecclesize.
704 2557 842 2620 Etin
863 2557 978 2617 hoc
999 2554 1405 2616 maledictioni
1430 2555 1668 2617 Patrum
1693 2557 2037 2637 subjacetis,

382 2648 538 2711 sicut
565 2649 786 2710 dictum
824 2653 938 2709 est.

461 2737 585 2800 XV.
619 2737 764 2810 Quis
794 2736 898 2797 ille
930 2741 1020 2796 est
1064 2733 1166 2815 qui
1229 2733 1473 2796 tradidit
1521 2734 1686 2796 vobis
1718 2737 2040 2816 prohibere

385 2835 443 2890 et
471 2827 827 2890 abscindere
860 2822 1095 2904 nuptias
1121 2822 1504 2885 sacerdotum
1521 2823 1551 2883 ‘2
1571 2823 1714 2896 Quis
1737 2843 1805 2887 ex
1828 2826 2038 2890 docto-

380 2916 549 2978 ribus
570 2913 852 2978 Ecclesiae
873 2914 1026 2974 hanc
1047 2910 1212 2972 vobis
1240 2911 1482 2973 tradidit
1513 2913 1854 2992 pravitatem
1883 2922 1911 2978 ?
1944 2915 2038 2978 Si-

385 3006 627 3087 quidem
660 3005 780 3066 nisi
802 3001 1100 3083 nupserit,
1117 3000 1739 3082 manusimpositionis
1761 3005 2018 3086 accipiet

2126 2389 2528 2450 Romanorum
2543 2381 2886 2445 Ecclesiain
2901 2381 3368 2441 ordinecanonis
3391 2377 3784 2458 tradicogno~

2125 2477 2335 2556 vimus,
2360 2483 2684 2554 praesentes
2706 2469 2941 2532 diaconi
2963 2478 3062 2530 aut
3083 2467 3410 2548 presbyteri
3434 2467 3642 2546 dignas
3659 2468 3785 2529 fore

2127 2585 2409 2626 manuum
2436 2562 2857 2644 impositiones
2880 2559 3179 2621 conﬁteri.
3210 2567 3272 2620 ut
3299 2577 3438 2619 nom
3459 2557 3716 2638 amplius
3748 2575 3785 2618 a

2123 2655 2244 2716 suis
2270 2655 2686 2734 disjungantur
2710 2649 3084 2729 conjugibus.
3117 2650 3239 2711 Nos
3261 2648 3570 2728 antiquum
3603 2664 3784 2708 exse-

2123 2753 2372 2824 quentes
2393 2761 2685 2806 canonem
2700 2739 3044 2820 apostolicae
3057 2737 3379 2816 diligentiae
3398 2735 3787 2799 etordinatio-

2124 2835 2239 2909 nis,
2268 2841 2610 2895 sanctorum
2627 2831 2891 2892 virorum
2913 2827 3318 2909 copulationes
3340 2825 3666 2887 secundum
3692 2825 3785 2887 le-

2126 2943 2258 3001 gem
2283 2931 2340 2984 et
2361 2942 2394 2985 a
2416 2922 2592 2984 modo
2611 2921 2804 2981 valere
2828 2916 3120 2991 volumus,
3148 2915 3488 2977 nullatenus
3506 2933 3540 2975 a
3566 2915 3782 2994 conju-

2127 3033 2264 3093 gum
2287 3013 2663 3093 COpulatione
2686 3008 3078 3070 dissolventes
3100 3013 3201 3068 aut
3242 3005 3542 3085 privantes
3569 3020 3672 3065 eos
3701 3004 3775 3065 ab

382 3095 455 3157 Et
485 3095 568 3158 ita
598 3095 671 3157 ad
705 3093 940 3175 nuptias
970 3091 1107 3166 ruit,
1145 3091 1245 3172 qui
1277 3091 1579 3153 ordinatus
1611 3101 1703 3156 est
1735 3096 2036 3176 innuptus,
2061 3099 2102 3153 C
2128 3091 2409 3176 invicem,
2436 3099 2770 3164 secundum
2809 3107 3041 3170 tempus
3073 3112 3400 3172 congruum
3435 3094 3770 3157 locationis.

383 3184 676 3264 legitime,
710 3186 836 3247 Hoc
862 3190 919 3244 et
948 3182 1273 3242 secundum
1296 3198 1554 3243 canones
1586 3183 1801 3255 facitis,
1830 3185 2040 3264 hujus—

385 3275 545 3337 modi
571 3274 803 3356 nuptias
827 3271 1212 3354 prohibentes
1235 3271 1260 3332 ἴ
1301 3271 1362 3334 Si
1388 3279 1583 3333 autem
1609 3282 1744 3334 ante
1767 3273 2043 3339 habuerit

385 3384 629 3428 uxorem
659 3364 762 3426 ille
797 3363 896 3444 qui
922 3362 1227 3423 ordinatus
1247 3369 1335 3422 est
1353 3364 1658 3439 sacerdos,
1691 3381 2034 3443 persevera-

382 3455 654 3536 veritque
682 3454 744 3515 in
776 3453 1045 3515 castitate
1079 3469 1411 3531 magnaque
1462 3451 1604 3532 vita,
1642 3453 1875 3532 nuptias
1908 3455 2036 3533 ejus

385 3545 630 3624 solvitis,
666 3541 1170 3622 transgredimini,
1207 3550 1268 3602 ut
1303 3560 1372 3601 ex
1417 3551 1715 3622 praecepto
1747 3545 2036 3622 apostoli-

383 3653 586 3697 corum
612 3650 908 3695 canonum
942 3631 1252 3692 ostendam
1277 3629 1462 3690 vobis.
1491 3629 1556 3690 In
1587 3638 1752 3692 sexto
1776 3633 1936 3693 enim
1965 3633 2038 3694 li-

382 3723 490 3785 bro
524 3721 845 3786 Clementis
875 3720 1313 3783 ordinationum
1348 3737 1478 3799 quae
1501 3717 1572 3779 ab
1595 3737 1664 3783 eo
1683 3723 2039 3801 conscriptae

381 3821 538 3889 sunt,
558 3813 728 3893 juxta
751 3812 1070 3892 septimum
1104 3809 1403 3870 decimum
1429 3809 1882 3889 caputApostoli
1913 3812 2039 3874 haec

381 3903 624 3965 dicunt:
667 3928 692 3957 α
729 3901 1088 3981 Episcopum
1118 3906 1176 3960 et
1208 3897 1619 3979 presbyterum
1647 3907 1702 3958 et
1724 3899 2039 3962 diaconum

382 3991 656 4065 dicimus,
685 3991 787 4071 qui
805 3989 1495 4067 unamhabentuxorem,
1522 3986 2036 4069 ordinari,quam-

383 4081 470 4143 vis
501 4081 695 4142 vivant
725 4098 927 4141 eorum
957 4079 1263 4159 conjuges,
1295 4076 1561 4157 quamvis
1577 4077 1892 4153 defunctae,
1919 4099 2035 4140 non

385 4171 526 4233 licet
555 4189 660 4233 eos
691 4176 826 4252 post
857 4188 1068 4230 manus
1098 4167 1547 4247 impositionem
1571 4167 1854 4247 innuptos
1882 4187 2035 4244 esse,

2125 3192 2273 3264 Quia
2295 3210 2430 3254 vero
2450 3192 2498 3251 si
2515 3191 2645 3270 quis
2669 3188 2884 3267 dignus
2906 3186 3183 3247 inventus
3206 3183 3405 3257 fuerit,
3435 3184 3777 3244 manusim-

2125 3282 2421 3361 positione
2451 3281 2737 3341 diaconus
2768 3275 2854 3335 vel
2889 3273 3291 3334 subdiaconus
3322 3282 3420 3332 aut
3443 3273 3773 3353 presbyter,

2122 3371 2219 3432 hic
2251 3370 2590 3431 nullatenus
2623 3364 3004 3448 prohibeatur
3034 3362 3108 3425 ad
3156 3361 3501 3441 hujusmodi
3531 3362 3776 3439 gradum

2120 3459 2471 3533 ascendere,
2508 3455 2744 3536 conjugi
2776 3452 3224 3516 cohabitaturus
3254 3449 3514 3529 legitime
3543 3472 3558 3525 ;
3591 3470 3784 3530 neque

2124 3551 2180 3612 in
2209 3559 2476 3630 tempore
2498 3543 3164 3619 ordinationisexigatur
3180 3540 3456 3602 conﬁteri
3486 3540 3558 3601 ad
3588 3540 3780 3619 legem

2124 3640 2378 3720 propriae
2403 3637 2716 3700 locationis
2742 3642 2981 3716 propter
3011 3631 3314 3711 prOpriam
3345 3648 3615 3720 uxorem.
3646 3653 3668 3686 ι)
3707 3631 3784 3692 Et

2123 3719 2256 3810 post
2280 3747 2496 3809 pauca:
2533 3753 2559 3783 α
2585 3726 2648 3787 Si
2674 3727 2804 3805 quis
2827 3741 2967 3802 ergo
2987 3719 3436 3802 praesumpserit
3459 3727 3622 3780 extra
3645 3737 3781 3799 apo-

2123 3819 2363 3882 stolicos
2385 3818 2627 3879 ordines
2654 3813 3181 3894 motusquemtlam
3201 3829 3506 3871 sacrorum
3534 3810 3782 3891 presby-

2125 3917 2385 3969 terorum
2420 3917 2478 3968 et
2499 3907 2886 3967 diaconorum
2913 3902 3141 3982 privare
3168 3920 3202 3961 a
3229 3898 3606 3980 copulatione
3630 3899 3782 3978 legi-

2125 3997 2400 4058 timarum
2436 3995 2773 4067 mulierum,
2812 4011 2844 4053 a
2896 3991 3316 4054 communione
3347 3996 3779 4068 sequestretur.

2125 4085 2414 4148 Similiter
2427 4084 2618 4165 siquis
2633 4082 2939 4164 presbyter
2951 4079 3780 4141 autdiaconuscollactaneam

2126 4193 2289 4235 suam
2323 4175 2638 4234 occasione
2668 4171 2972 4251 religionis
3033 4169 3378 4250 projecerit,
3411 4175 3728 4247 separetur
3763 4190 3779 4243 ;

380 4279 493 4324 nec
523 4260 771 4341 insuper
793 4260 863 4320 ad
892 4259 1129 4339 nuptias
1151 4258 1260 4333 ire,
1279 4268 1381 4317 aut
1402 4255 1450 4316 si
1477 4257 1809 4336 nupserint,
1827 4258 2044 4325 alteras
2128 4281 2516 4343 perseverans
2549 4271 2745 4323 autem
2780 4262 3132 4340 deponatur.
3168 4281 3196 4318 ι)

382 4350 686 4431 amplecti,
714 4349 1268 4428 sedsufﬁcerequas
1294 4344 1516 4407 habent
1537 4364 1670 4406 cum
1690 4347 1763 4407 ad
1787 4348 2029 4409 ordina-

2168 4351 2341 4415 XVll.
2368 4351 2538 4414 Unde
2560 4352 2740 4428 igitur
2766 4351 2931 4412 vobis
2955 4359 3012 4410 et
3037 4368 3105 4410 ex
3125 4348 3342 4430 quibus
3357 4350 3445 4410 has
3460 4347 3781 4410 horribiles

383 4440 608 4501 tionem
641 4446 952 4501 venerunt.
987 4463 1013 4494 n
1041 4440 1104 4500 In
1128 4436 1336 4517 quinto
1359 4443 1699 4496 sanctorum
1736 4454 2030 4497 canonum
2054 4432 2096 4481 ι)
2116 4443 2493 4505 inﬁrmitates
2517 4447 3009 4522 supervenerunt,
3038 4459 3070 4500 o
3097 4439 3206 4499 viri
3246 4439 3647 4500 Romanorum
3676 4457 3778 4498 sa-

383 4529 463 4590 ita
484 4529 636 4590 fatur
660 4529 720 4589 in
749 4529 783 4592 2
808 4548 936 4609 cap.
967 4549 979 4586 :
1038 4550 1059 4583 (ι
1109 4526 1439 4607 Episcopus
1472 4533 1573 4585 aut
1597 4524 1903 4606 presbyter
1936 4535 2035 4587 aut

382 4617 669 4680 diaconus
684 4637 925 4680 uxorem
946 4635 1111 4678 suam
1137 4635 1254 4676 non
1271 4613 1513 4694 abjiciat
1531 4614 1774 4675 obtentu
1800 4614 2038 4694 religio-

381 4708 516 4783 nis;
551 4707 600 4769 si
631 4716 826 4769 autem
849 4706 1165 4787 abjecerit,
1186 4706 2038 4785 sequestretur.Perseverans

381 4806 580 4858 autem
610 4796 963 4877 deponatur.
997 4820 1018 4853 υ
1047 4795 1111 4856 In
1129 4788 1750 4876 quadragesimo'vero
1783 4814 2036 4862 canone,

380 4885 662 4967 inquiunt
694 4886 884 4966 palam
911 4903 924 4948 :
959 4913 982 4940 c
1011 4885 1271 4965 Propriae
1297 4883 1563 4964 episcopi
1590 4902 1708 4946 res.
1742 4908 1763 4941 υ
1804 4886 1875 4946 Et
1907 4882 2042 4965 post

380 4993 605 5056 pauca:
639 4999 660 5030 α
691 4974 775 5036 Ne
799 4973 1114 5037 occasione
1136 4973 1674 5035 ecclesiasticarum
1703 4991 1902 5033 rerum
1932 4992 2034 5034 ca-

389 5067 530 5129 dere
562 5067 904 5148 episcopum
935 5066 1008 5128 ab
1039 5066 1124 5127 eis
1161 5085 1290 5147 quae
1315 5075 1451 5127 sunt
1481 5065 1768 5146 episcopi,
1805 5065 1866 5126 in
1902 5085 2035 5126 mu-

391 5159 595 5218 lierem
623 5165 680 5217 et
703 5175 915 5236 pueros
935 5164 991 5217 et
1014 5157 1396 5236 propinquos,
1428 5174 1502 5216 ne
1527 5173 1631 5234 per
1660 5155 2034 5216 occasionem

384 5264 616 5320 eorum,
646 5264 716 5307 ea
740 5264 869 5326 quae
891 5242 2034 5306 Ecclesizesuntsubtrahat.»Etdeinde:

389 5357 410 5390 α
437 5335 740 5412 Siquidem
763 5343 897 5394 sunt
919 5335 1020 5415 qui
1047 5332 2040 5414 prohibeantsacerdoteslegitimis

383 5423 752 5500 conjugibus.
795 5448 818 5478 »
855 5424 986 5485 Non
1019 5424 1097 5484 ita
1127 5422 1379 5484 vertices
1414 5421 1816 5502 apostolorum
1850 5440 2032 5501 expo-

387 5520 633 5570 suerunt
657 5511 1090 5574 ecclesiasticos
1121 5528 1402 5572 canones.
1428 5511 1490 5571 Si
1510 5519 1705 5571 autem
1730 5511 1880 5571 d:cis
1901 5530 2034 5571 mu-

386 5599 596 5659 lierem
628 5600 956 5662 Ecclesiam
988 5602 1209 5663 dixisse
1252 5602 1575 5680 apostolos,
1616 5607 1751 5660 tunc
1780 5599 2040 5662 inﬁdelis

383 5686 911 5770 apparebitset'mo
934 5698 1064 5752 tuus
1086 5701 1144 5753 et
1168 5709 1410 5769 vacuus,
1439 5709 1571 5753 cum
1595 5689 1781 5750 sacris
1803 5694 2040 5751 canoni-

2122 4531 2477 4612 pienlissitni
2502 4541 2557 4592 et
2577 4551 2670 4592 om
2684 4530 3107 4592 niumaliarum
3122 4527 3730 4606 getiumnobilissimi
3755 4527 3780 4588 ’ἶ

2123 4621 2372 4683 zEstimo
2395 4621 2549 4701 quod
2569 4620 2806 4700 quidam
2832 4637 2903 4679 ex
2926 4618 3146 4680 Judzeis
3166 4617 3226 4677 in
3251 4627 3516 4697 tempore
3533 4624 3778 4695 aposto-

2127 4711 2319 4771 lurum
2343 4711 2680 4782 credentes,
2711 4728 2779 4769 va
2827 4727 2860 4768 a
2881 4707 3044 4769 lucra
3066 4707 3374 4787 cupientes
3398 4721 3456 4767 et
3491 4704 3778 4782 pecunia-

2127 4819 2256 4859 rum
2281 4808 2572 4860 amatores
2594 4798 2837 4878 reperti,
2859 4797 3124 4860 volentes
3139 4795 3631 4856 multosﬁdelium
3647 4794 3780 4856 abs-

2126 4889 2363 4949 trahere
2387 4907 2453 4948 ex
2472 4887 2808 4966 Evangelia,
2826 4889 2935 4948 hoc
2950 4899 3061 4958 est,
3087 4903 3153 4945 ex
3172 4884 3308 4945 ﬁdei
3327 4883 3772 4964 praedicatione,

2124 4978 2418 5059 corruptis
2433 4977 2571 5038 dum
2591 4977 3124 5058 praedixissenteis,
3143 4977 3200 5036 in
3223 4973 3774 5036 hocetChristiani-

2125 5077 2209 5129 tas
2234 5076 2291 5128 et
2309 5066 2652 5129 Judaismus
2675 5073 2953 5146 corrupta
2975 5075 3130 5126 sunt.
3167 5065 3248 5126 De
3281 5064 3497 5144 quibus
3513 5063 3776 5126 Joannes

2122 5157 2392 5218 fatusest:
2421 5182 2440 5212 (ι
2462 5155 2542 5216 Ex
2559 5157 2729 5217 nobis
2746 5155 3036 5230 exierunt,
3073 5156 3177 5217 sed
3211 5174 3328 5216 non
3362 5162 3529 5216 erant
3559 5171 3628 5214 ex
3659 5173 3772 5214 no—

2123 5246 2235 5308 bis.
2274 5247 2334 5307 Si
2369 5247 2527 5308 enim
2559 5246 2804 5305 fuissent
2839 5264 2906 5306 ex
2943 5247 3132 5317 nobis,
3168 5244 3634 5325 permansissent
3663 5242 3778 5305 uti-

2123 5357 2236 5416 que
2267 5337 2576 5398 nobiscum
2615 5337 2660 5415 (Ι
2697 5336 2874 5398 Joan.
2914 5353 2977 5408 ιι,
3031 5338 3149 5415 19),
3201 5361 3220 5390 ιι
3260 5336 3333 5399 de
3366 5335 3456 5396 his
3485 5333 3586 5414 qui
3616 5333 3776 5395 circa

2119 5425 2424 5486 Simonem
2476 5435 2533 5487 et
2579 5424 2826 5498 Deman,
2880 5423 3308 5505 Nicolaumque
3359 5433 3416 5484 et
3466 5422 3771 5486 Cleobium

2122 5515 2510 5577 subtexendo.
2537 5513 2806 5594 Reliquia
2828 5522 3024 5574 autem
3048 5515 3331 5577 verticum
3355 5514 3414 5574 in
3441 5512 3691 5593 septimo
3711 5513 3772 5572 li-

2123 5603 2228 5665 bro
2251 5603 2690 5666 Institutionum
2713 5603 2882 5682 juxta
2899 5613 3125 5664 sextum
3151 5603 3452 5665 decimum
3495 5609 3670 5682 caput
3699 5601 3774 5662 li-

2124 5693 2364 5773 quidius
2398 5694 2706 5757 dixerunt:
2737 5715 2766 5751 α
2805 5690 3039 5754 Scimus
3071 5693 3254 5771 enim,
3287 5692 3504 5773 inquit,
3538 5690 3679 5771 quia
3716 5691 3754 5751 h
