4144 6390
249 365 402 431 1021

939 365 1348 430 HUMBERTI
1390 366 1452 428 S.
1499 367 1570 427 Β.
1616 367 1686 427 Ε.
1734 362 2200 429 CARDINALIS
2241 364 2548 430 CONTRA
2591 367 2970 432 NICETAM.

3500 359 3662 432 1022

256 501 387 584 qui,
412 499 570 562 circa
591 499 899 563 Simonem
923 507 980 562 et
1001 499 1311 563 Cleobium
1336 499 1645 575 etJudam,
1662 498 1926 562 conscri-
1944 507 1986 555 A
2010 515 2192 571 nunc,
2219 497 2379 578 quod
2406 499 2663 579 primum
2688 507 3020 570 esteorum.
3039 519 3108 563 ex
3124 498 3665 580 omniaDeoinspi-

259 598 511 672 pserunt
541 589 726 652 libros
758 590 818 651 in
851 588 1096 651 nomine
1153 589 1375 651 Christi
1405 597 1462 651 et
1490 589 1917 670 discipulorum

255 681 414 760 ejus,
442 679 870 743 circumferunt
893 679 962 740 ad
982 677 1392 740 seductionem
1407 683 1689 752 vestram,
1724 687 1779 740 et
1812 696 1919 740 eo—

258 788 394 830 rum
425 768 528 850 qui
557 767 810 848 diligunt
839 767 1163 843 Christum,
1196 775 1255 829 et
1283 787 1390 829 nos
1421 787 1621 830 servos
1650 767 1862 847 ipsius.
1887 790 1915 822 »

256 858 334 920 Et
364 857 427 918 in
457 857 761 918 veteribus
793 857 1034 938 quidam
1058 857 1545 938 conscripserunt
1566 856 1748 919 libros
1770 875 1920 938 apo-

258 947 517 1027 cryphos
538 947 726 1027 Moysi
748 955 804 1008 et
823 945 1030 1008 Enoch
1052 955 1110 1008 et
1129 946 1340 1028 Adam,
1365 945 1530 1008 Isaiae
1554 955 1613 1008 et
1630 945 1840 1021 David,
1866 954 1924 1007 et

259 1035 430 1112 Eliae,
457 1043 514 1096 et
546 1034 723 1096 trium
749 1035 1241 1116 patriarcharum,
1269 1035 1920 1115 corruptionesfacien-

262 1129 354 1186 tes
382 1132 560 1205 atque
587 1125 851 1186 veritatis
880 1125 1159 1186 inimicos
1189 1123 1398 1187 libros.
1434 1124 1552 1188 Sed
1583 1123 1643 1186 ’et
1674 1123 1921 1186 Paulum

257 1213 501 1278 Domini
527 1213 860 1294 apostolum
885 1214 1012 1275 hac
1033 1213 1472 1296 praescientem,
1496 1221 1560 1275 ut
1579 1212 1922 1288 aestimo,sic

255 1303 334 1364 ad
354 1321 456 1365 vos
477 1302 824 1365 ascendisse
844 1302 1182 1382 hujusmodi
1203 1303 1573 1379 seductores,
1598 1302 1801 1365 dolum
1825 1310 1919 1364 te-

257 1398 471 1455 xentes
489 1390 678 1468 vobis,
696 1391 1182 1473 Philippensibus
1195 1392 1424 1455 scribit:
1447 1391 1698 1455 «Videte
1715 1410 1915 1466 canes,

259 1479 457 1542 videte
473 1479 658 1542 malos
674 1481 1011 1560 operarios,
1028 1480 1223 1542 videte
1235 1480 1664 1543 abscissionem
1688 1489 1918 1562 (Philip.

261 1585 353 1643 Ill,
376 1567 463 1649 2).
498 1592 522 1624 η
552 1569 626 1632 Et
647 1566 965 1632 Timotheo
988 1569 1227 1631 iterum:
1251 1593 1278 1625 α
1298 1569 1364 1632 In
1387 1569 1610 1631 ultimis
1632 1569 1922 1649 tempori-

261 1657 377 1720 bus
397 1657 710 1720 discedent
740 1657 978 1738 quidam
1007 1677 1039 1720 a
1057 1659 1197 1733 ﬁde,
1225 1659 1598 1721 attendentes
1613 1658 1921 1740 spiritibus

260 1755 322 1810 et
350 1745 642 1810 doctrinis
669 1745 1033 1820 daemonum,
1097 1747 1159 1809 in
1208 1747 1507 1829 hypocrisi
1545 1747 1917 1830 loquentium

266 1835 601 1910 mendacia,
624 1844 681 1896 et
701 1835 1110 1899 incedentium
1131 1837 1370 1919 propria
1392 1837 1783 1918 conscientia,
1808 1837 1915 1899 im-

268 1926 637 2008 pedientium
661 1924 911 2003 nubere,
939 1934 996 1990 et
1015 1926 1318 1990 abstinere
1346 1947 1380 1989 a
1410 1927 1560 1990 cibis
1592 1947 1739 2009 quos
1761 1929 1920 1991 Dens

261 2016 486 2079 creavit
506 2016 561 2097 (Ι
593 2018 746 2078 Tim.
781 2033 860 2096 1v,
902 2016 1063 2098 1-3).
1101 2041 1130 2073 ι
1165 2016 1237 2080 Et
1265 2035 1334 2080 ea
1356 2037 1486 2098 quae
1507 2017 1744 2080 exinde.
1767 2019 1918 2080 Pro-

262 2113 398 2187 pter
419 2105 576 2187 quod
619 2113 678 2168 et
716 2105 845 2168 Tito
878 2107 1195 2188 praecepit:
1252 2131 1279 2163 α
1312 2107 1514 2187 Argue
1546 2126 1669 2180 eos,
1703 2107 1916 2188 inquit,

264 2194 517 2269 duriter,
539 2201 606 2257 ut
627 2194 754 2256 sani
778 2194 898 2256 sint
924 2194 987 2256 in
1011 2195 1152 2270 fide,
1178 2214 1298 2257 non
1317 2195 1693 2258 attendentes
1709 2194 1919 2258 Judai-

261 2283 349 2346 cis
377 2283 615 2360 fabulis,
652 2292 710 2345 et
747 2285 1062 2367 praeceptis
1092 2285 1402 2348 hominum
1446 2284 1919 2349 subvertentium

259 2373 579 2436 veritatem
609 2373 756 2453 (Tit.
793 2390 836 2449 1,
873 2375 996 2450 14).
1039 2399 1062 2433 υ

344 2460 554 2528 XVIII.
589 2461 988 2535 Quamobrem
1018 2462 1474 2541 diligentissime
1504 2461 1922 2544 inquisivimus

263 2551 338 2613 de
361 2558 577 2613 caetero
601 2550 761 2613 circa
781 2552 932 2628 haec,
957 2573 990 2614 ο
1015 2553 1250 2626 fratres,
1282 2571 1357 2614 ne
1377 2551 1696 2634 aliquando
1729 2570 1800 2614 ex
1829 2552 1923 2613 his

263 2658 396 2722 quae
425 2639 584 2703 dicta
612 2648 750 2702 sunt
778 2649 837 2702 et
864 2641 1187 2722 redarguta
1217 2641 1380 2703 vobis
1411 2641 1741 2716 mendacia,
1785 2641 1921 2704 dico

263 2747 425 2791 nunc
452 2746 673 2810 azyma,
697 2728 1090 2792 Sabbatorum
1103 2730 1355 2812 jejunia,
1377 2731 1616 2813 nuptias
1638 2729 1921 2792 sacerdo-

267 2826 390 2881 tum
417 2824 476 2881 et
498 2818 560 2879 in
573 2817 822 2899 jejuniis
835 2817 1166 2883 oblationes
1183 2815 1488 2902 accipiatis
1509 2838 1525 2896 ;
1546 2819 1651 2882 sed
1665 2819 1924 2883 scientes

2002 595 2128 647 rata
2151 585 2494 670 Scriptura;
2519 588 2703 666 fugite
2730 609 2858 671 quae
2881 589 3222 671 hujusmodi
3241 589 3662 670 suntactitare,

2005 693 2141 736 cum
2163 676 2291 737 sitis
2313 675 2580 740 Ecclesia
2605 678 2713 740 Dei
2737 687 2794 740 et
2819 681 2998 742 totius
3025 679 3185 740 orbis
3208 697 3332 740 sem
3345 697 3447 758 per
3465 678 3663 758 splen-

2005 763 2183 826 didus
2217 764 2448 839 oculus,
2484 775 2549 828 ut
2580 767 2728 828 uniti
2763 767 2935 829 nebis
2963 768 3174 830 vestris
3205 768 3609 829 confralribus
3644 786 3658 830 :

2005 872 2153 933 quos
2185 872 2293 934 per
2311 855 2438 934 jam
2461 856 2616 918 dicta
2638 856 2922 932 scidislis,
2945 877 3078 920 cum
3103 857 3232 919 sitis
3249 876 3466 936 corpus
3485 856 3657 919 Chri-

2007 944 2082 1006 sti
2117 966 2132 1021 ;
2165 947 2426 1011 revelata
2455 949 2604 1010 facie
2636 949 2886 1027 gloriam
2916 949 3157 1012 Domini
3187 949 3246 1010 in
3278 959 3569 1011 concentu
3603 959 3662 1012 et

2006 1033 2230 1098 unitate
2254 1053 2386 1096 cum
2415 1037 2742 1099 orthodoxa
2763 1038 2879 1100 fide
2892 1037 3407 1119 conspeculemur,
3433 1045 3490 1099 et
3507 1037 3659 1098 ima-

2003 1121 2199 1201 ginem
2222 1124 2351 1204 ejus
2369 1126 2858 1188 transformemus
2871 1127 2930 1188 in
2947 1127 3139 1193 nobis.
3152 1126 3277 1188 viva
3290 1128 3660 1189 demonstra-

2005 1210 2190 1285 tione,
2224 1221 2283 1274 et
2312 1214 2496 1293 ipsius
2525 1215 2598 1276 ad
2658 1215 2906 1294 gloriam
2957 1217 3408 1297 sempiternam,
3444 1216 3600 1278 sicut
3628 1235 3662 1278 a

2003 1300 2242 1362 Domini
2272 1302 2507 1383 spiritu,
2540 1304 2817 1385 quoniam
2851 1305 2980 1386 ipse
3011 1313 3103 1367 est
3120 1315 3294 1387 caput
3312 1303 3654 1368 nostraeEc-

2002 1389 2200 1452 clesiaa
2219 1393 2485 1472 corporis
2507 1414 2522 1469 ;
2547 1401 2606 1456 et
2630 1393 2692 1454 in
2724 1413 2793 1456 eo
2825 1394 2979 1457 sicut
3008 1395 3070 1456 in
3104 1415 3219 1458 uno
3235 1413 3659 1477 corpore,om-

2005 1497 2113 1540 nes
2146 1499 2255 1542 nos
2285 1481 2729 1562 conjungimur.

2082 1566 2234 1630 XIX.
2259 1569 2396 1633 Haec
2416 1570 2584 1634 vobis
2606 1571 2914 1638 Romanis.
2941 1572 3004 1636 Si
3025 1592 3170 1652 ergo
3202 1571 3498 1656 possimus
3528 1592 3657 1649 vos,

2005 1676 2139 1719 cum
2163 1658 2292 1721 sitis
2312 1660 2610 1735 homines,
2641 1663 2711 1726 ad
2728 1663 3138 1726 credulitatem
3158 1664 3468 1726 nobiscum
3480 1663 3659 1726 redu-

2003 1765 2142 1809 cere
2164 1765 2274 1830 per
2300 1767 2370 1812 ea
2393 1769 2523 1832 quae
2547 1750 2824 1830 diximus,
2851 1761 2910 1814 et
2938 1753 3208 1815 docendo
3230 1772 3331 1814 vos
3360 1771 3427 1816 ex
3463 1752 3660 1815 divina

2003 1837 2311 1920 Scriptura
2333 1841 2635 1920 arguimus
2665 1862 2680 1917 ;
2703 1842 2892 1922 gratia
2909 1843 3038 1918 Dei,
3067 1852 3124 1905 et
3146 1843 3310 1905 vobis
3332 1841 3658 1905 scientibus

2001 1925 2158 1990 bene
2173 1927 2418 2009 Spiritui
2446 1946 2654 1993 sancto
2688 1932 2962 2014 credere,
2983 1941 3040 1994 et
3061 1932 3341 2014 prosequi
3363 1931 3657 1993 rationem

1995 2017 2118 2097 jam
2146 2017 2362 2080 dictam
2388 2037 2458 2081 ex
2483 2018 2903 2101 Scripturis.Si
2926 2039 3063 2086 vero
3081 2021 3255 2084 aliter
3275 2020 3658 2101 tenetis,date

2004 2105 2178 2167 nobis
2201 2107 2544 2171 testimonia
2567 2126 2637 2172 ex
2657 2110 2856 2172 divina
2888 2111 3194 2193 Scriptura
3225 2109 3612 2174 consistentia
3641 2129 3654 2170 :

2003 2193 2067 2255 in
2097 2195 2312 2276 quibus
2341 2197 2472 2258 volo
2502 2197 2828 2262 benevolos
2857 2219 2959 2262 vos
2991 2220 3149 2275 esse,
3181 2209 3245 2263 ut
3273 2219 3455 2281 super
3484 2198 3661 2260 sedes

2001 2284 2414 2368 intelligentia
2442 2289 2856 2368 requiescatis,
2892 2298 2948 2351 et
2979 2309 3108 2366 nos,
3144 2287 3660 2352 scientesobedire

2000 2365 2388 2436 inenarrabili
2410 2365 2626 2438 rationi
2657 2378 2928 2456 spiritus,
2963 2379 3182 2440 docere
3205 2378 3406 2440 omnia
3427 2396 3558 2458 quae
3583 2377 3657 2438 ad

2001 2480 2108 2524 vos
2136 2462 2509 2543 scripsimus.
2538 2466 2876 2528 Salutamus
2903 2485 3002 2528 vos
3031 2467 3093 2527 in
3127 2465 3359 2530 Christo
3381 2467 3520 2530 Jesu
3536 2464 3658 2526 Do-

2006 2551 2166 2612 mino
2189 2560 2414 2628 nostro,
2440 2553 2536 2615 cui
2558 2562 2648 2618 est
2668 2555 2855 2636 gloria
2896 2563 2953 2618 et
2997 2555 3281 2636 potentia,
3315 2573 3450 2616 cum
3483 2557 3659 2616 Patre

2005 2649 2063 2705 et
2093 2641 2318 2722 Spiritu
2366 2652 2598 2726 sancto,
2647 2665 2806 2708 nunc
2861 2654 2923 2709 et
2964 2663 3226 2728 semper,
3260 2653 3316 2709 et
3348 2644 3411 2706 in
3440 2643 3661 2707 saecula

2005 2731 2384 2795 saeculorum.
2419 2736 2634 2800 Amtn.

627 2978 811 3042 Finis
840 2978 1032 3043 libelli
1061 2979 1304 3062 Nicetes,
1328 2981 1674 3062 presbyteri
1701 2988 1758 3044 et
1789 2984 2078 3047 monachi
2116 2985 2475 3047 monasterii
2504 2983 2736 3062 Studii,
2773 2991 2987 3051 contra
3019 2986 3292 3050 Latinos.

1743 3267 2157 3353 INCIPIT

806 3479 1585 3589 RESI’ONSIO
1677 3481 1986 3588 SlVE
2081 3481 3121 3594 CONTRADICTIO

1527 3695 1606 3758 IN
1650 3698 1975 3759 EUMDEM
2022 3698 2414 3760 LIBELLUM

1085 3860 1195 3956 A
1275 3861 1900 3958 FRATRE
1994 3862 2871 3964 HUMBERTO

1421 4045 1775 4107 EPISCOPO
1819 4045 2066 4108 SILV/E
2113 4046 2492 4110 CANDID/E.

343 4327 390 4389 Ι.
425 4327 488 4391 Si
520 4327 840 4406 diligenter
895 4334 1114 4389 sanctae
1172 4326 1672 4393 Chalcedonensis
1704 4331 1910 4413 synodi
1931 4339 1970 4388 C
1995 4329 2521 4408 leonis,etmurum
2541 4333 2984 4399 adamantinum
3006 4331 3662 4415 fraugeretentastilln.

261 4427 542 4501 quartum
576 4420 1016 4482 considerasses
1047 4426 1242 4500 caput,
1279 4420 1478 4500 quiete
1511 4424 1836 4486 monastica
1859 4434 1917 4487 et

253 4509 511 4588 jejuniis
527 4517 704 4590 atque
726 4509 1167 4571 oratio’nibusin
1185 4510 1545 4572 monasterio
1565 4518 1662 4573 tuo
1677 4522 1918 4574 conten-

261 4607 759 4680 tus,nequaquam
774 4598 1194 4661 ecclesiasticis
1209 4598 1386 4660 rebus
1400 4600 1918 4677 communicasses,

261 4706 375 4749 nec
396 4687 902 4769 importunitatem
930 4687 1255 4750 intulisses.
1277 4687 1649 4768 Quapropter
1665 4709 1919 4753 sexcen-

263 4785 458 4838 torum
485 4777 1009 4858 tringintaPatrum
1024 4777 1305 4839 concordi
1324 4777 1565 4838 decreto
1590 4798 1620 4840 a
1646 4799 1918 4842 commu-

265 4865 448 4929 nione
506 4886 569 4929 es
625 4885 973 4950 suspensus,
1025 4885 1100 4927 ne
1158 4887 1266 4948 per
1318 4875 1373 4927 te
1431 4885 1650 4928 nomen
1684 4870 1919 4931 Domini

263 4955 1099 5037 blasphemetur.Decetenim
1116 4975 1592 5036 unamquamque
1606 4958 1921 5037 professio-

262 5063 403 5105 nem
427 5064 492 5108 se
519 5047 628 5108 sub
650 5066 926 5110 mensura
951 5046 1042 5108 sui
1061 5045 1296 5106 habitus
1319 5045 1602 5123 etgradus
1616 5046 1917 5123 cohibere,

260 5152 351 5206 ne
366 5136 682 5199 conturbet
703 5134 1399 5214 ecclesiasticidogmatis
1413 5134 1684 5195 ordinem
1702 5143 1757 5196 to
1771 5143 1916 5218 tum,

261 5219 434 5300 dum,
467 5245 583 5287 non
617 5244 720 5287 suo
753 5234 1067 5289 contentus
1099 5223 1320 5304 officio,
1351 5223 1674 5302 praeripere
1709 5227 1921 5305 quaerit

261 5313 549 5376 alienum.
572 5316 688 5380 Sed
713 5335 792 5378 vae
825 5315 953 5392 tibi,
981 5314 1304 5388 Sarabaita,
1335 5314 1436 5394 qui
1459 5314 1623 5374 nulla
1653 5315 1919 5379 caanobi-

262 5403 365 5464 tali
381 5406 750 5469 examinatus
767 5407 1080 5487 disciplina
1093 5405 1417 5486 ,voluntate
1432 5411 1608 5484 atque
1622 5403 1921 5486 voluptate

261 5492 476 5556 dhctus
507 5498 774 5577 propria,
825 5505 1032 5558 contra
1080 5503 1349 5556 sanctam
1410 5502 1468 5556 et
1502 5495 1830 5556 Romanam
1865 5503 1923 5557 et

255 5585 974 5664 apostolicamEcclesiam
994 5593 1047 5647 et
1063 5583 1328 5646 omnium
1343 5591 1921 5648 sanctorumPatrum

259 5673 516 5737 concilia
533 5675 904 5738 horribiliter
929 5673 1182 5755 latrasti,
1208 5672 1644 5750 stultiorasino,
1665 5674 1920 5737 frontem

1999 4437 2116 4500 quo
2136 4421 2342 4502 utique
2367 4433 2605 4499 conatu,
2633 4443 2748 4486 non
2773 4437 2861 4487 est
2883 4426 3069 4488 victor
3090 4424 3333 4504 erroris,
3350 4423 3452 4484 sed
3470 4423 3661 4486 victus

2003 4527 2207 4572 errore
2229 4533 2244 4583 ;
2263 4531 2373 4574 nec
2397 4513 2729 4593 presbyter,
2757 4516 2859 4576 sed
2884 4515 3248 4577 inveteratus
3273 4513 3505 4574 dierum
3530 4531 3658 4572 ma-

2003 4599 2218 4675 lorum,
2237 4611 2457 4680 etpuer
2479 4610 2720 4662 centum
2746 4623 3036 4664 annorum
3066 4603 3415 4664 maledictus
3433 4622 3449 4675 ;
3468 4605 3660 4681 potius

2004 4689 2618 4771 dicendusEpicurus,
2640 4711 2814 4772 quam
2831 4691 3308 4754 monachus.Nec
3321 4690 3660 4752 credendus

2001 4797 2064 4840 es
2087 4781 2304 4861 degere
2327 4782 2388 4842 in
2409 4783 2766 4844 monasterio
2786 4783 2990 4858 studii,
3013 4782 3118 4844 sed
3137 4784 3193 4842 in
3221 4780 3656 4860 amphitheatro

2001 4870 2411 4951 autlupanari.
2439 4870 2739 4943 Quietiam
2760 4891 2895 4934 vere
2917 4870 3372 4953 praenominaris
3384 4877 3657 4951 pectora-

2007 4969 2122 5033 tus,
2157 4961 2438 5042 quoniam
2472 4981 2605 5022 cum
2640 4973 2920 5041 serpente
2961 4962 3206 5044 antiquo
3239 4981 3422 5044 super
3450 4975 3660 5042 pectus

2009 5058 2170 5111 tuum
2203 5051 2492 5126 graderis.
2515 5050 2711 5132 Quod,
2735 5051 2890 5114 sicut
2921 5053 3160 5134 quidam
3198 5055 3431 5113 Patrum
3459 5050 3604 5113 dixit
3640 5073 3652 5111 :

2015 5163 2034 5192 σε
2073 5139 2426 5221 Quicunque
2456 5141 2597 5214 vult,
2653 5139 2834 5202 intrat
2893 5153 2950 5204 et
3003 5141 3174 5202 solvit
3202 5141 3433 5203 asinum
3468 5161 3481 5201 :
3523 5165 3550 5196 ι
3588 5159 3659 5202 ex

2003 5227 2370 5291 abundantia
2385 5229 2544 5290 enim
2563 5229 2764 5291 cordis
2781 5248 2846 5290 os
2863 5230 3373 5312 loquitur(:llatth.
3396 5246 3500 5305 xu,
3531 5229 3653 5305 34).

2001 5317 2231 5380 Deinde
2257 5318 2668 5382 detestabil'or
2687 5341 2710 5380 ι
2727 5320 2845 5389 mni
2861 5321 3168 5396 veneﬁcio,
3189 5319 3343 5384 labia
3369 5319 3656 5380 mortiferi

2006 5407 2202 5488 poculi
2234 5407 2411 5469 molle
2443 5408 2752 5470 charitatis
2773 5419 2846 5471 ret
2904 5410 3061 5471 bono
3093 5410 3280 5472 odore
3310 5407 3658 5470 humilitatis

2005 5495 2303 5578 imbuens,
2339 5516 2407 5559 ex
2439 5497 2740 5578 praedictis
2762 5499 3077 5560 virtutibus
3096 5498 3451 5561 delectabile
3482 5497 3653 5558 exhi-

2005 5584 2189 5648 buisti
2218 5586 2598 5667 prooemium,
2633 5596 2697 5648 ut
2745 5597 3096 5668 praegustata
3150 5587 3401 5650 dulcedo
3432 5587 3656 5649 faceret

2004 5674 2439 5754 incunctanter,
2466 5675 2773 5741 absorberi
2804 5678 2881 5741 fel
2911 5677 3236 5742 draconum
3267 5684 3325 5741 et
3351 5677 3647 5760 reliquum
