4144 6376
465 341 487 408 1
500 342 617 410 023

1502 349 1956 416 HUMBEBTIS
1996 354 2066 416 S.
2109 355 2299 417 R.’E.
2347 354 2816 418 CARDINALIS

3708 351 3863 420 1024

456 481 834 578 veneficium:
860 483 975 546 Sed
996 504 1081 578 vra
1104 485 1160 547 ei
1181 485 1279 578 qui
1299 492 1465 578 potat
1502 486 1757 549 amicum
1789 508 1962 552 suum
1998 512 2111 575 po-
2131 514 2172 551 Α
2195 493 2461 556 tenebris
2482 494 2748 558 ambulat
2771 495 2831 576 (Ι
2845 495 3028 558 Joan.
3057 513 3121 572 ιι,
3150 495 3233 570 9).
3264 519 3291 552 υ
3320 493 3432 558 Hic
3462 496 3639 577 plane
3667 494 3860 578 liquet

457 568 619 631 tione
641 571 1017 636 turbulenta!
1043 573 1230 646 Quam
1260 574 1394 636 ideo
1416 578 1813 639 necessariam
1835 568 2115 646 duximus

457 657 753 720 subtiliori
778 660 961 725 linteo
985 664 1239 725 colatum
1261 663 1373 745 ire,
1393 672 1453 725 ut
1475 665 2113 747 modusconcinnatioe

456 747 730 838 nisejus,
746 758 804 812 et
825 753 1088 832 polentia
1107 752 1479 834 aliquatenus
1504 754 1690 833 possit
1712 757 2112 838 deprehendi,

458 843 518 899 et
546 835 843 930 deinceps
873 842 1088 920 caveri,
1123 842 1263 924 quia
1290 842 1627 921 ingreditur
1647 835 1890 930 blande,
1924 851 2030 913 sed
2052 835 2114 913 in

456 925 780 1020 novissimo
807 931 1126 1020 mordebit
1153 940 1218 995 ut
1273 931 1542 1007 coluber,
1604 940 1663 996 et
1689 934 1843 999 sicut
1872 925 2113 1020 regulus

453 1033 685 1079 venena
710 1017 1024 1084 diﬂ‘undet.

536 1104 789 1199 I[._Ecce
818 1110 880 1171 in
911 1109 1040 1192 ipso
1071 1111 1353 1175 livoratus
1383 1112 1468 1174 tui
1497 1112 1790 1176 vestibulo
1823 1115 1936 1178 tria
1966 1136 2111 1199 pro-

456 1195 728 1276 posuisti:
751 1196 826 1261 de
842 1217 1045 1282 azymo
1062 1201 1323 1277 scilicet,
1342 1202 1419 1264 de
1434 1200 1693 1265 Sabbato
1724 1211 1784 1266 et
1807 1205 1883 1267 de
1908 1195 2114 1270 sa—cer-

456 1282 658 1373 dctum
677 1287 918 1366 nuptiis.
948 1288 1029 1351 Ex
1052 1290 1265 1371 quibus
1302 1297 1388 1352 tot
1415 1301 1476 1355 et
1503 1298 1664 1354 tanta
1694 1295 2025 1373 evomuisti,
2052 1305 2117 1360 ut

452 1371 513 1433 in
535 1377 926 1453 pervertendo
939 1377 1168 1440 divinas
1180 1380 1507 1442 sententias
1523 1400 1644 1442 non
1664 1380 1841 1444 inferi
1851 1371 2112 1449 orvidea-

2197 583 2355 659 quod
2373 603 2490 645 non
2508 583 2580 645 ab
2598 584 2866 666 apostolo
2888 594 3115 660 sancto,
3143 584 3247 646 sed
3267 583 3340 646 ab
3352 593 3620 666 apostata
3644 589 3858 665 angelo

2197 673 2506 753 accepisti,
2535 688 2598 734 ut
2621 674 2889 737 diceres:
2916 674 3043 750 Qui
3070 692 3215 757 ergo
3243 691 3467 753 azyma
3496 675 3775 757 comedit,
3795 681 3862 738 in

2201 763 2474 825 tenebris
2503 762 2652 843 legis
2683 762 2980 841 ambulat,
3008 763 3149 845 quia
3183 770 3302 825 tota
3331 763 3721 843 epistolailla,
3742 783 3857 828 nec

2198 848 2619 915 fermentatum
2643 871 2753 916 nec
2769 871 3033 935 azymum
3057 860 3508 930 commemorat,
3537 853 3644 916 sed
3659 857 3853 918 solum

2197 939 2573 1003 charitatem.

2275 1030 2345 1092 V.
2380 1032 2520 1094 Post
2550 1031 2679 1092 haec
2709 1045 2828 1094 non
2860 1030 3080 1093 minori
3139 1030 3454 1111 sacrilegio
3485 1035 3710 1097 abusus
3737 1032 3856 1095 alio

2195 1117 2541 1181 testimonio
2576 1119 2845 1200 ejusdem
2877 1119 3129 1200 apostoli
3159 1120 3450 1183 dicentis:
3491 1146 3516 1178 α
3544 1121 3693 1184 Tres
3711 1130 3857 1186 sunt

2198 1208 2300 1290 qui
2323 1208 2731 1271 testimonium
2756 1208 3075 1289 perhibent
3096 1208 3158 1272 in
3188 1216 3370 1286 terra,
3398 1211 3677 1292 Spiritus,
3701 1230 3852 1294 aqua

2198 1306 2257 1360 et
2277 1297 2540 1379 sanguis,
2575 1306 2632 1361 et
2662 1297 2724 1360 hi
2752 1304 2876 1360 tres
2907 1318 3090 1361 unum
3124 1307 3261 1362 sunt
3303 1300 3360 1381 (1
3385 1299 3576 1363 Joan.
3608 1319 3664 1375 v,
3693 1303 3729 1363 7
3765 1322 3781 1382 ;
3820 1325 3844 1356 ιι

2196 1405 2476 1468 perverse
2489 1388 2727 1450 conaris
2739 1387 2810 1449 ad
2826 1405 3039 1467 panem
3056 1387 3494 1451 mensaeChristi
3508 1390 3856 1466 transferre,

453 1461 539 1560 ris
570 1467 866 1560 perversis
883 1474 945 1560 et
969 1468 1224 1560 rabiosis
1248 1468 1740 1560 canibusJuliano
1766 1480 1825 1534 et
1840 1473 2109 1557 Porphy-
2194 1461 2350 1557 quod
2366 1477 2465 1540 ille
2480 1461 2861 1556 debaptismo
2875 1477 3516 1556 ejusvoluitintimare.
3541 1478 3605 1542 In
3618 1461 3854 1560 baptisQ

452 1551 567 1613 rio.
601 1552 871 1637 Denique
887 1557 1072 1648 divini
1100 1559 1322 1640 eloquii
1344 1559 1565 1622 scalam
1585 1561 1657 1623 ad
1690 1562 1870 1625 cmlos
1891 1551 2106 1629 subre-
2193 1551 2596 1647 mosiquidem
2621 1551 2746 1628 haec
2768 1551 3048 1642 triasunt,
3070 1575 3128 1629 et
3161 1586 3345 1629 unum
3385 1567 3680 1648 baptisma
3698 1551 3855 1631 ἐἰϐ-

455 1648 633 1718 ctam,
667 1654 952 1738 quantum
985 1646 1048 1708 in
1069 1656 1135 1738 te
1167 1648 1302 1725 fuit,
1335 1649 1627 1711 retorsisti
1656 1651 1729 1711 ad
1760 1650 2004 1729 inferos,
2033 1675 2107 1719 ne
2190 1646 3858 1738 ciunt.’EtSpiritusquidemsanctiﬁcat,aquaabluit,san-

454 1748 590 1792 cum
620 1734 849 1827 angelis
903 1736 1230 1799 scanderes
1266 1738 1359 1800 ad
1418 1738 1767 1821 catholicos,
1831 1741 1936 1803 sed
1969 1762 2101 1808 cum
2127 1760 2165 1810 B
2188 1734 3853 1827 guisreditnit.Siquodlibethorumdefuerit,baptismus

455 1824 747 1902 apostasia
769 1825 1176 1891 descenderes
1194 1828 1267 1890 ad
1287 1829 1621 1893 haereticos.
1647 1829 1793 1893 Inde
1818 1836 2103 1915 estquod,
2193 1850 2313 1892 non
2364 1833 2499 1908 erit,
2533 1824 2715 1896 sicut'
2737 1833 3092 1896 venerabilis
3126 1844 3293 1915 pater
3321 1824 3688 1913 Augustinus
3717 1836 3800 1898 ait
3834 1857 3848 1899 :

454 1919 679 2005 sanctae
707 1916 991 2005 Romanae
1021 1923 1078 1978 et
1108 1918 1451 1995 apostolicae
1481 1918 1640 1981 sedis
1671 1921 1965 1985 sacrificio
1996 1926 2107 1986 de-
2201 1941 2224 1975 α
2261 1918 2430 1981 Tolle
2462 1939 2698 2001 aquam,
2736 1940 2858 1983 non
2891 1928 2984 1983 est
3014 1921 3367 2003 baptismus,
3404 1923 3545 1985 tolle
3578 1923 3847 2005 verbum,

456 2000 718 2074 trahens,
752 2002 1072 2067 falsissime
1097 2006 1417 2069 definivisti
1442 2026 1549 2069 nos
1576 2028 1841 2072 mensam
1864 2012 2106 2076 Judaeo-
2193 2024 2313 2068 non
2344 2015 2433 2069 est
2451 2000 2807 2090 baiplismus.
2837 2009 2953 2072 Sed
2967 2000 3457 2073 aCCéditverbum
3479 2010 3554 2074 ad
3577 2000 3851 2074 eiemen;

446 2095 565 2150 rtm
595 2092 940 2155 comedere.
975 2093 1139 2167 Quod
1174 2096 1323 2158 satis
1353 2097 1688 2160 ostenditur
1717 2100 1778 2161 in
1808 2097 2108 2184 superiori
2193 2098 2499 2169 ῑυῐηιθιῦι
2523 2106 2991 2161 sacramentum.
3013 2124 3036 2156 ι
3056 2098 3143 2160 Tu
3157 2108 3353 2162 autem
3374 2118 3629 2181 nequam
3643 2109 3849 2181 pecto-

446 2186 650 2241 nostra
680 2183 1043 2270 narratione,
1079 2184 1181 2247 ubi
1211 2190 1565 2250 commentis
1587 2183 1944 2270 complicum
1968 2200 2104 2256 tuo-
2186 2193 2336 2266 rate,
2366 2187 3106 2269 nequiterinterpretando
3120 2197 3179 2251 et
3198 2189 3576 2270 depravando
3598 2197 3849 2252 senten-

447 2285 603 2359 rum,
631 2269 943 2336 Michaelis
963 2274 1196 2337 scilicet
1216 2269 1851 2358 Constantinopolitani
1879 2282 2103 2344 etLeo-
2188 2273 2324 2335 liam
2342 2275 2753 2339 recumbentis
2772 2295 2955 2357 super
2977 2285 3180 2359 pectus
3194 2269 3363 2355 JesU,
3392 2278 3594 2339 dixisti
3616 2297 3630 2342 ε
3664 2278 3753 2340 Εἰ
3779 2280 3852 2342 hi

450 2358 848 2449 nisAcridani
896 2364 1196 2426 voluimus
1245 2364 1513 2427 obviare.
1565 2366 1689 2429 Nec
1742 2377 1831 2430 est
1859 2388 2104 2434 necesse
2188 2367 2399 2427 ίνϐείη
2419 2384 2541 2429 uno
2582 2375 2748 2443 sunt,
2774 2358 3009 2430 δεὶιὶϐθίι
3036 2366 3099 2428 in
3129 2386 3380 2449 corpore
3410 2367 3650 2442 Christi:
3683 2369 3846 2449 quod

448 2447 657 2510 eadem
689 2468 797 2512 nos
832 2452 1006 2515 toties
1035 2466 1336 2534 repetere.
1397 2455 1546 2528 Quia
1577 2465 1806 2538 stuppze
1836 2459 2101 2522 collecta;
2183 2452 2436 2516 dilectus
2455 2456 2585 2535 ejus
2607 2475 2718 2518 nec
2741 2456 2951 2532 sensit,
2977 2475 3090 2518 nec
3111 2447 3370 2537 scripsit,
3397 2456 3525 2532 sed,
3567 2477 3597 2517 ‹
3623 2447 3834 2519 hitres

442 2545 502 2629 et
533 2538 727 2618 paleae
756 2543 1046 2622 conjectae
1077 2543 1438 2625 zizaniisque
1469 2545 1734 2608 collectis
1768 2567 1884 2609 una
1909 2556 2101 2629 potest
2182 2561 2366 2604 unum
2391 2553 2531 2606 sunt
2558 2545 2812 2621 (IJoan.
2838 2564 2937 2620 vn,
2964 2548 3046 2624 8),
3067 2575 3094 2603 ι
3114 2546 3443 2609 secundum
3467 2546 3844 2627 superiorem

444 2625 683 2690 ﬂamma
700 2630 998 2697 sufﬁcere.
1032 2633 1203 2696 Unde
1227 2652 1297 2695 ea
1322 2642 1546 2696 tantum
1566 2625 2098 2700 decrevimuslevi-

449 2722 539 2777 ter
569 2716 956 2797 succendere,
992 2741 1123 2803 quae
1170 2722 1336 2785 solus
1386 2723 1607 2786 videris
1637 2724 1769 2805 plus
1799 2725 1918 2788 illis
1947 2746 2098 2789 con-

444 2821 726 2882 gessisse.

526 2892 625 2955 ΙΙΙ.
661 2898 864 2976 Itaque
894 2899 1049 2979 quod
1086 2899 1287 2961 dixisti
1314 2901 1881 2964 consubstantialem
1906 2912 1963 2964 et
1991 2924 2098 2966 su-

448 2983 1008 3062 persubstantialem
1027 2987 1187 3051 idem
1207 3007 1360 3064 esse,
1381 2990 1623 3051 omnino
1638 3001 1724 3052 est
1740 2992 1928 3056 futile.
1952 2994 2099 3066 Quia

449 3070 949 3153 DominusJesus,
968 3082 1234 3157 quamvis
1258 3079 1431 3141 nobis
1446 3081 1817 3144 humanitate
1840 3082 1916 3143 sit
1947 3103 2094 3145 con-

2182 2631 2257 2692 de
2288 2632 2586 2714 baptismo
2621 2653 2891 2697 sensum.

2262 2719 2361 2785 VI.
2394 2721 2577 2783 Parva
2606 2732 2746 2785 sunt
2776 2724 2901 2786 haec
2930 2732 2991 2786 et
3038 2742 3191 2805 pene
3221 2722 3385 2786 nulla
3412 2723 3486 2785 ad
3516 2741 3834 2805 compara-

2181 2807 2404 2872 tionem
2416 2813 2720 2892 sequentis
2737 2812 3149 2894 blasphemiae,
3165 2832 3279 2894 qua
3290 2831 3562 2875 asserere
3578 2812 3839 2895 laboras,

2180 2899 2335 2979 quod
2371 2909 2638 2981 tempore
2665 2902 2991 2963 Dominicaa
3010 2903 3304 2982 passionis
3325 2910 3383 2964 et
3404 2901 3834 2979 crucifixionis,

2180 2989 2416 3068 quando
2430 2991 2668 3069 sanguis
2689 3000 2743 3052 et
2760 3010 2911 3072 aqua
2924 2992 2999 3053 de
3015 2991 3200 3054 latere
3231 2993 3359 3071 ejus
3372 2990 3569 3067 exivit,
3588 2999 3835 3053 sanctus

2180 3078 2512 3142 etviviticus
2534 3080 2780 3161 spiritus
2806 3081 2867 3141 in
2891 3080 3167 3142 deificata
3184 3080 3314 3160 ejus
3326 3097 3507 3142 carne
3519 3078 3840 3141 remansit.

447 3159 856 3252 substantialis
893 3186 908 3242 ;
960 3166 1045 3229 sic
1078 3175 1135 3229 et
1167 3168 1442 3230 humanae
1473 3187 1695 3231 mensae
1720 3190 1925 3252 panes,
1958 3170 2156 3235 licetC
2182 3166 2349 3241 Quod
2382 3168 2436 3230 si
2464 3159 2818 3246 con—stiterit,
2854 3177 3126 3231 mortuus
3157 3159 3276 3231 non
3305 3168 3436 3232 fuit.
3472 3167 3535 3231 Si
3566 3176 3836 3230 mortuus

448 3248 563 3310 sint
578 3253 1482 3333 consubstantialessibimtensae
1496 3266 1689 3320 tamen
1704 3248 2101 3343 divinrepanis
2182 3275 2301 3316 non
2325 3256 2456 3330 fuit,
2479 3274 2673 3338 neque
2691 3257 3034 3319 resurrexit.
3052 3257 3250 3320 Sinon
3270 3257 3621 3334 resurrexit,
3644 3257 3842 3318 inanis

447 3340 1034 3432 supersubstantialis
1049 3349 1357 3421 esteis.Et,
1383 3340 2100 3432 omentiteDeo,etaperte
2183 3352 2273 3407 est
2303 3345 2451 3407 ﬁdes
2481 3355 2539 3407 et
2567 3346 2907 3428 praedicatio
2937 3355 3164 3422 nostra,
3199 3347 3336 3429 quia
3369 3362 3481 3410 nec
3504 3365 3613 3407 nos
3632 3363 3839 3407 resur-

446 3427 826 3520 impugnabr
853 3436 1041 3498 sancti
1067 3437 1368 3516 Evangelii
1398 3438 1411 3498 !
1447 3438 1550 3498 ubi
1585 3449 1643 3501 et
1673 3441 1909 3520 quando
1935 3427 2102 3503 'dixit
2181 3454 2411 3517 gemus.
2450 3439 2521 3499 Et
2577 3427 2731 3498 Sicut
2784 3436 3104 3518 Apostolus
3133 3427 3260 3499 ait:
3332 3460 3361 3492 α
3421 3435 3483 3499 Si
3513 3435 3588 3497 ad
3620 3434 3843 3498 bestias

446 3516 702 3611 Veritas,
729 3526 956 3588 veracis
977 3526 1167 3588 Patris
1207 3528 1433 3590 Filius:
1488 3553 1515 3583 α
1548 3516 1763 3591 Cavete
1793 3529 1866 3591 ab
1897 3549 2097 3611 azymo
2183 3516 2433 3606 pugnavi
2461 3525 2706 3607 Ephesi,
2741 3516 2884 3607 quid
2914 3525 3062 3586 mihi
3096 3526 3359 3605 prodest,
3395 3525 3446 3586 si
3478 3524 3697 3587 mortui
3718 3542 3841 3586 non

441 3607 735 3674 fermento
752 3615 1188 3679 Pharisaeorum
1207 3618 1233 3678 Υ
1249 3638 1276 3677 ‹
1293 3617 1509 3697 (Marc.
1524 3635 1650 3700 VIII,
1672 3619 1793 3701 15).
1819 3607 2094 3700 Nunquid

2194 3620 2586 3693 resurgunt?»
2619 3614 2678 3696 (Ι
2699 3615 2836 3677 Cor.
2862 3632 2961 3687 xv,
2987 3614 3113 3695 32.)
3142 3615 3369 3696 thuid
3385 3614 3545 3677 enim
3564 3613 3841 3694 quotidie

442 3719 724 3782 azymum
754 3705 1022 3785 quolibet
1077 3707 1254 3769 modo
1314 3715 1508 3789 potest
1563 3708 1681 3770 dici
1711 3709 2093 3788 fermentum,
2182 3713 2341 3766 tanta
2354 3704 2643 3785 patimur?
2660 3703 3445 3768 Comedamusetbibamus:
3474 3703 3594 3765 imo
3612 3702 3840 3764 bestia-

441 3793 679 3872 quando
704 3813 967 3876 azymum
999 3796 1251 3873 dicatur,
1279 3817 1347 3859 eo
1371 3797 1527 3878 quod
1550 3798 1775 3880 absque
1806 3800 2096 3862 fermento
2182 3794 2318 3856 liter
2340 3799 2622 3871 vivamus,
2657 3812 2789 3856 cras
2819 3794 2977 3856 enim
3001 3803 3066 3856 ut
3089 3793 3296 3856 bestiae
3319 3793 3665 3855 moriemur.
3694 3790 3755 3855 Si
3778 3790 3843 3853 in

442 3880 564 3944 sit?
586 3890 645 3942 et
675 3882 1016 3966 ubicunque
1049 3888 1408 3948 fermentum
1432 3887 1634 3970 fuerit,
1657 3906 1901 3951 necesse
1928 3898 2102 3954 estut
2183 3883 2738 3947 haCVitatautumin
2781 3882 3015 3946 Christo
3049 3891 3361 3964 sperantes
3390 3900 3619 3956 sumus,
3655 3881 3842 3942 mise-

443 3979 545 4058 aut
567 3971 927 4035 fermentum
953 3975 1190 4045 efficiat,
1215 3984 1312 4037 aut
1337 3969 1691 4038 fermentum
1720 3980 2100 4058 permaneat?
2179 3971 3386 4049 rabilioresomnibussumushominibus;
3415 3969 3522 4033 sed
3538 3970 3694 4032 absit
3724 3970 3845 4033 hoc

444 4056 592 4150 Cum
624 4075 763 4137 ergo
786 4060 1203 4124 fermentatum
1239 4083 1357 4124 non
1379 4064 1457 4126 sit
1478 4063 1610 4125 sine
1644 4056 1959 4150 fermento,
1985 4088 2096 4131 nec
2178 4063 2251 4124 ab
2270 4064 2666 4144 omnigenere
2684 4060 3126 4123 human0?Nam
3147 4061 3305 4123 idem
3322 4061 3841 4143 praeclarusevan-

441 4145 799 4211 fermentum
816 4150 1136 4232 aliquando
1157 4152 1803 4235 possitessesineipso,
1838 4145 2094 4237 quomo~
2177 4152 2408 4230 gelista,
2443 4152 2545 4232 qni
2578 4152 2691 4213 hoc
2750 4153 2945 4230 ipsum
3005 4168 3269 4231 praesens
3325 4150 3492 4225 vidit,
3525 4158 3846 4213 attestatur

441 4237 518 4302 do
534 4239 745 4300 saltem
767 4241 1065 4303 somniare
1083 4260 1262 4303 ausus
1285 4261 1345 4303 es
1361 4262 1626 4323 azymum
1646 4245 2096 4309 fermentatum?
2177 4258 2418 4301 carnem
2453 4239 2670 4304 Christi
2701 4256 2839 4300 vere
2871 4240 3269 4301 exanimatam
3316 4239 3378 4299 in
3409 4256 3589 4301 cruce
3618 4239 3836 4320 fuisse,

441 4326 557 4390 Sed
591 4330 862 4408 quamvis
893 4330 1030 4393 talia
1059 4330 1313 4393 dicendo
1371 4332 1515 4394 telas
1542 4352 1774 4396 aranea:
1809 4338 2088 4413 texueris,
2115 4404 2153 4413 ﬁ
2177 4330 2416 4393 dicens:
2453 4356 2473 4387 α
2507 4334 2575 4392 Et
2595 4329 2879 4392 inclinato
2903 4330 3095 4410 capite
3118 4329 3606 4410 emisitspiritum
3628 4331 3836 4409 (Joan.

444 4404 679 4480 muscas
710 4427 770 4482 et
816 4420 1044 4483 culices
1098 4439 1203 4485 seu
1234 4422 1588 4484 vermiculos
1620 4423 1968 4488 aberrantes
1999 4404 2093 4488 his
2115 4404 2296 4496 Dxnr,
2330 4420 2457 4499 30).
2498 4444 2524 4474 »
2580 4423 2766 4482 Porro
2826 4420 3062 4481 Marcus
3124 4428 3182 4480 et
3239 4418 3426 4481 Lucas
3460 4419 3667 4481 dicunt
3697 4436 3841 4480 eum

442 4507 682 4570 irretire
715 4509 939 4590 poteris
970 4531 986 4586 ;
1046 4528 1164 4572 non
1196 4517 1391 4574 autem
1446 4512 1756 4576 columbas
1789 4514 2097 4597 simplices
2178 4511 2511 4591 exspirasse
2543 4511 2760 4591 (Marc.
2794 4527 2893 4583 xv,
2942 4511 3073 4586 ‘39;
3124 4509 3251 4573 Luc
3300 4525 3468 4586 xxut,
3504 4510 3629 4588 46).
3664 4508 3841 4572 Unde

378 4650 381 4651 ν
443 4606 503 4659 et
531 4616 669 4659 oves
696 4608 1201 4678 recognoscentes
1232 4618 1436 4663 vocem
1470 4601 1562 4663 sui
1591 4603 1873 4666 auctoris.

523 4685 621 4749 IV.
656 4687 909 4764 Deinde,
945 4705 980 4752 0
1038 4686 1326 4751 subverse
1375 4689 1716 4771 subversor,
1751 4691 2097 4756 subvertere

439 4784 689 4839 conatus
713 4777 1069 4839 sententiam
1091 4779 1343 4858 apostoli
1364 4780 1611 4841 Joannis
1635 4781 1888 4843 dicentis
1915 4800 1928 4844 :
1972 4806 1994 4840 α
2031 4782 2092 4845 Si

440 4864 767 4928 dixerimus
787 4866 926 4947 quia
943 4868 1289 4929 serietatem
1316 4868 1605 4931 habemus
1649 4889 1783 4931 cum
1821 4889 1913 4934 eo.
1945 4880 2003 4934 et
2032 4872 2091 4933 in

440 4952 711 5016 tenebris
731 4954 1123 5031 ambulamus,
1147 4958 1473 5019 mentimur
1497 4966 1551 5019 et
1576 4977 1693 5021 non
1716 4959 1964 5022 facimus
1989 4980 2090 5022 ve-

440 5043 678 5106 rilatem
711 5044 969 5114 (IJoan.
992 5062 1034 5120 ι,
1059 5046 1150 5127 6),
1177 5071 1203 5102 n
1233 5055 1291 5107 et
1315 5047 1546 5108 caeteris
1570 5050 1828 5129 nequius
1852 5068 1996 5113 usus
2030 5070 2096 5114 es

441 5133 555 5195 hoc
586 5135 713 5215 ejus
746 5134 1111 5216 testimonio,
1164 5153 1339 5216 quam
1392 5136 1627 5199 adulter
1655 5139 1826 5201 oculo
1859 5147 1918 5202 et
1946 5141 2093 5202 latro

440 5221 620 5299 ferro,
645 5242 779 5304 quae
796 5222 1002 5304 utique
1024 5222 1177 5285 bona
1207 5232 1363 5285 sunt.
1393 5225 1482 5287 [lli
1508 5226 1664 5287 enim
1698 5228 1915 5290 laedere
1955 5237 2091 5291 ten-

442 5308 566 5372 ta'nt
594 5311 845 5393 aliquos,
879 5320 938 5372 tu
974 5313 1225 5392 perdere
1253 5322 1519 5378 cunctos.
1544 5314 1714 5378 Unde
1744 5324 1803 5379 et
1832 5317 1916 5379 sic
1947 5338 2092 5379 con-

440 5399 657 5489 cludis:
692 5402 808 5475 Qui
839 5419 979 5480 ergo
1003 5421 1231 5482 azyma
1254 5404 1533 5479 comedit,
1566 5405 1920 5469 intenebris
1945 5409 2091 5489 legis

440 5487 860 5552 ambulat.Sed
874 5490 1030 5552 idem
1043 5491 1308 5555 Joannes
1326 5492 1720 5556 intentionem
1738 5504 1896 5558 tuam
1913 5487 2092 5559 enar-

438 5593 601 5654 rans,
635 5580 766 5640 luce
794 5579 1016 5641 clarius
1041 5582 1431 5658 demonstrat,
1453 5583 1554 5663 qui
1573 5583 1809 5659 dixerit,
1836 5586 2088 5667 subjun-

441 5684 619 5749 gens:
644 5690 671 5723 «
688 5666 799 5744 Qui
813 5667 938 5730 odit
954 5669 1403 5751 suumfratrem,
1422 5672 1481 5734 in
1510 5674 1776 5736 tenebris
1798 5684 1910 5751 est,
1942 5666 2002 5740 et
2029 5678 2090 5739 in

2176 4610 2239 4664 et
2265 4601 2326 4661 in
2360 4600 2625 4681 symbolo
2659 4601 3016 4661 confitemur
3052 4608 3362 4663 mortuum
3412 4606 3469 4661 et
3502 4597 3836 4679 sepultum.

2178 4691 2417 4771 Alioqui
2450 4689 2693 4770 sepeliri
2725 4709 2842 4752 non
2876 4689 3106 4771 debuit,
3141 4689 3243 4771 qui
3271 4696 3547 4752 mortuus
3569 4687 3842 4750 nonfuit.

2179 4779 2560 4855 Obmutesce,
2597 4779 2761 4841 canis
2794 4801 2806 4839 :
2836 4780 3121 4860 linguam,
3149 4778 3316 4841 canis
3347 4778 3646 4860 improbe,
3673 4796 3840 4840 mor-

2178 4869 2294 4945 de;
2330 4869 2603 4933 Christus
2636 4868 2795 4930 enim
2823 4887 2960 4931 vere
2988 4878 3256 4931 mortuus
3314 4875 3404 4929 est
3451 4873 3695 4948 propter
3724 4865 3841 4928 de-

2177 4958 2315 5020 licta
2349 4968 2570 5029 nostra,
2624 4966 2683 5019 et
2740 4967 2985 5039 propter
3039 4956 3532 5037 justificationem
3566 4964 3834 5018 nostram

2181 5047 2377 5129 (Rom.
2414 5067 2495 5122 tv,
2530 5049 2633 5126 25)
2661 5047 2990 5110 resurrexit
3022 5065 3057 5107 a
3104 5046 3355 5108 mortuis
3385 5045 3664 5127 primitiae
3694 5045 3841 5107 dor-

2178 5136 2491 5198 mientium
2523 5138 2584 5216 (I
2613 5138 2749 5200 Cor.
2786 5155 2887 5217 xv,
2911 5136 3039 5216 ‘20).

2263 5225 2382 5289 VlI.
2418 5225 2570 5287 Ecce
2602 5226 2887 5305 pestifera
2907 5221 3667 5305 doctrina,eccediabolica
3690 5240 3836 5302 sug-

2175 5316 2393 5396 gestio,
2428 5316 2600 5396 cujus
2631 5324 2691 5377 tu
2713 5315 2962 5394 signifer
2986 5316 3236 5378 etfectus
3259 5312 3497 5376 conaris
3519 5312 3840 5394 opiniones

2177 5417 2235 5469 et
2262 5406 2721 5468 adinventiones
2752 5415 2991 5468 tuorum
3022 5414 3231 5466 contra
3261 5402 3642 5465 traditionem
3656 5419 3837 5483 apos-

2177 5497 2436 5569 tolicam,
2459 5504 2517 5556 et
2539 5505 2747 5557 contra
2761 5496 3127 5558 manifestam
3146 5495 3456 5556 veritatem
3479 5493 3831 5567 defendere,

2174 5587 2433 5648 dicendo
2459 5607 2471 5645 :
2497 5585 2725 5665 Aquam
2758 5586 3011 5649 calidam
3044 5596 3105 5649 et
3133 5584 3483 5665 sanguinem
3514 5584 3592 5647 de
3613 5581 3740 5644 vivo
3772 5589 3833 5643 et

2172 5674 2365 5741 calido
2382 5673 2601 5738 Christi
2621 5693 2875 5758 corpore
2897 5676 3115 5758 exisse,
3129 5684 3186 5739 et
3205 5675 3341 5738 ideo
3362 5676 3598 5740 Graecos
3612 5689 3827 5755 aquam
