  <div class='ocr_page' id='page_1' title='image "/cluster/home/n/w/nwhite01/storage/ocr_20150623/120/coo.31924054870245/522.png"; bbox 0 0 4144 6394; ppageno 0'>
   <div class='ocr_carea' id='block_1_1' title="bbox 263 358 3680 434">
    <p class='ocr_par' dir='ltr' id='par_1_1' title="bbox 263 358 3680 434">
     <span class='ocr_line' id='line_1_1' title="bbox 263 358 3680 434; baseline -0.003 -3"><span class='ocrx_word' id='word_1_1' title='bbox 263 367 421 432; x_wconf 71' lang='lat'><strong>1095</strong></span> <span class='ocrx_word' id='word_1_2' title='bbox 1581 365 1885 434; x_wconf 84' lang='lat' dir='ltr'><strong>CONTRA</strong></span> <span class='ocrx_word' id='word_1_3' title='bbox 1929 362 2297 431; x_wconf 81' lang='lat' dir='ltr'><strong>NICETAM.</strong></span> <span class='ocrx_word' id='word_1_4' title='bbox 3525 358 3680 424; x_wconf 78' lang='grc'>1026</span> 
     </span>
    </p>
   </div>
   <div class='ocr_carea' id='block_1_2' title="bbox 269 496 3675 586">
    <p class='ocr_par' dir='ltr' id='par_1_2' title="bbox 269 496 3675 586">
     <span class='ocr_line' id='line_1_2' title="bbox 269 496 3675 586; baseline -0.002 -20"><span class='ocrx_word' id='word_1_5' title='bbox 269 503 600 566; x_wconf 77' lang='lat' dir='ltr'><strong>ferventem</strong></span> <span class='ocrx_word' id='word_1_6' title='bbox 624 503 913 584; x_wconf 81' lang='lat' dir='ltr'><strong>sanguine</strong></span> <span class='ocrx_word' id='word_1_7' title='bbox 946 506 1077 585; x_wconf 87' lang='lat' dir='ltr'><strong>ejus</strong></span> <span class='ocrx_word' id='word_1_8' title='bbox 1095 505 1228 586; x_wconf 88' lang='lat' dir='ltr'><strong>jure</strong></span> <span class='ocrx_word' id='word_1_9' title='bbox 1260 505 1538 567; x_wconf 91' lang='lat' dir='ltr'><strong>miscere.</strong></span> <span class='ocrx_word' id='word_1_10' title='bbox 1563 503 1732 576; x_wconf 87' lang='lat' dir='ltr'><strong>Quod</strong></span> <span class='ocrx_word' id='word_1_11' title='bbox 1749 509 1931 565; x_wconf 90' lang='lat' dir='ltr'><strong>totum</strong></span> <span class='ocrx_word' id='word_1_12' title='bbox 1952 510 1995 558; x_wconf 75' lang='grc' dir='ltr'><strong>Α</strong></span> <span class='ocrx_word' id='word_1_13' title='bbox 2096 497 2192 560; x_wconf 91' lang='grc' dir='ltr'><strong>ΙΧ.</strong></span> <span class='ocrx_word' id='word_1_14' title='bbox 2214 498 2302 560; x_wconf 92' lang='lat' dir='ltr'><strong>Tu</strong></span> <span class='ocrx_word' id='word_1_15' title='bbox 2330 515 2470 560; x_wconf 87' lang='lat' dir='ltr'><strong>vero</strong></span> <span class='ocrx_word' id='word_1_16' title='bbox 2500 496 2816 560; x_wconf 89' lang='lat' dir='ltr'><strong>maledicte</strong></span> <span class='ocrx_word' id='word_1_17' title='bbox 2848 505 2904 558; x_wconf 91' lang='lat' dir='ltr'><strong>et</strong></span> <span class='ocrx_word' id='word_1_18' title='bbox 2935 498 3284 560; x_wconf 90' lang='lat' dir='ltr'><strong>maledictus</strong></span> <span class='ocrx_word' id='word_1_19' title='bbox 3324 517 3521 562; x_wconf 85' lang='lat' dir='ltr'><strong>sermo</strong></span> <span class='ocrx_word' id='word_1_20' title='bbox 3554 498 3675 562; x_wconf 89' lang='lat' dir='ltr'><strong>oris</strong></span> 
     </span>
    </p>
   </div>
   <div class='ocr_carea' id='block_1_3' title="bbox 272 585 3673 673">
    <p class='ocr_par' dir='ltr' id='par_1_3' title="bbox 272 585 3673 673">
     <span class='ocr_line' id='line_1_3' title="bbox 272 585 3673 673; baseline -0.001 -17"><span class='ocrx_word' id='word_1_21' title='bbox 272 593 447 673; x_wconf 88' lang='lat' dir='ltr'><strong>longe</strong></span> <span class='ocrx_word' id='word_1_22' title='bbox 476 593 649 655; x_wconf 86' lang='lat' dir='ltr'><strong>aliter</strong></span> <span class='ocrx_word' id='word_1_23' title='bbox 677 603 787 656; x_wconf 91' lang='lat' dir='ltr'><strong>est.</strong></span> <span class='ocrx_word' id='word_1_24' title='bbox 822 595 975 657; x_wconf 92' lang='lat' dir='ltr'><strong>Nam</strong></span> <span class='ocrx_word' id='word_1_25' title='bbox 1005 585 1247 656; x_wconf 75' lang='lat' dir='ltr'><strong>veraces</strong></span> <span class='ocrx_word' id='word_1_26' title='bbox 1272 594 1649 673; x_wconf 86' lang='lat' dir='ltr'><strong>evangelistae</strong></span> <span class='ocrx_word' id='word_1_27' title='bbox 1675 609 1931 654; x_wconf 91' lang='lat' dir='ltr'><strong>concor-</strong></span> <span class='ocrx_word' id='word_1_28' title='bbox 2014 588 2122 662; x_wconf 86' lang='lat' dir='ltr'><strong>tui,</strong></span> <span class='ocrx_word' id='word_1_29' title='bbox 2159 587 2646 667; x_wconf 83' lang='lat' dir='ltr'><strong>sanctamlcgem,</strong></span> <span class='ocrx_word' id='word_1_30' title='bbox 2694 589 2850 649; x_wconf 88' lang='lat' dir='ltr'><strong>sicut</strong></span> <span class='ocrx_word' id='word_1_31' title='bbox 2883 585 3260 663; x_wconf 84' lang='lat' dir='ltr'><strong>Severianus,</strong></span> <span class='ocrx_word' id='word_1_32' title='bbox 3296 590 3673 652; x_wconf 92' lang='lat' dir='ltr'><strong>maledictam</strong></span> 
     </span>
    </p>
   </div>
   <div class='ocr_carea' id='block_1_4' title="bbox 277 676 3750 757">
    <p class='ocr_par' dir='ltr' id='par_1_4' title="bbox 277 676 3750 757">
     <span class='ocr_line' id='line_1_4' title="bbox 277 676 3750 757; baseline -0.001 -13"><span class='ocrx_word' id='word_1_33' title='bbox 277 682 432 744; x_wconf 84' lang='lat' dir='ltr'><strong>diter</strong></span> <span class='ocrx_word' id='word_1_34' title='bbox 447 683 1015 746; x_wconf 89' lang='lat' dir='ltr'><strong>narrantDominum</strong></span> <span class='ocrx_word' id='word_1_35' title='bbox 1034 691 1302 745; x_wconf 90' lang='lat' dir='ltr'><strong>nostrum</strong></span> <span class='ocrx_word' id='word_1_36' title='bbox 1323 684 1469 744; x_wconf 90' lang='lat' dir='ltr'><strong>hora</strong></span> <span class='ocrx_word' id='word_1_37' title='bbox 1491 701 1649 744; x_wconf 90' lang='lat' dir='ltr'><strong>nona</strong></span> <span class='ocrx_word' id='word_1_38' title='bbox 1667 682 1728 742; x_wconf 93' lang='lat' dir='ltr'><strong>in</strong></span> <span class='ocrx_word' id='word_1_39' title='bbox 1759 698 1937 743; x_wconf 87' lang='lat' dir='ltr'><strong>cruce</strong></span> <span class='ocrx_word' id='word_1_40' title='bbox 2019 676 2242 740; x_wconf 78' lang='lat' dir='ltr'><strong>dixisti.</strong></span> <span class='ocrx_word' id='word_1_41' title='bbox 2267 676 2389 738; x_wconf 91' lang='lat' dir='ltr'><strong>Nec</strong></span> <span class='ocrx_word' id='word_1_42' title='bbox 2413 677 2628 740; x_wconf 89' lang='lat' dir='ltr'><strong>mirum</strong></span> <span class='ocrx_word' id='word_1_43' title='bbox 2655 696 2788 738; x_wconf 91' lang='lat' dir='ltr'><strong>cum</strong></span> <span class='ocrx_word' id='word_1_44' title='bbox 2808 676 2982 738; x_wconf 91' lang='lat' dir='ltr'><strong>etiam</strong></span> <span class='ocrx_word' id='word_1_45' title='bbox 3008 696 3219 757; x_wconf 89' lang='lat' dir='ltr'><strong>panem</strong></span> <span class='ocrx_word' id='word_1_46' title='bbox 3246 688 3408 740; x_wconf 91' lang='lat' dir='ltr'><strong>tuum</strong></span> <span class='ocrx_word' id='word_1_47' title='bbox 3433 681 3677 742; x_wconf 80' lang='lat' dir='ltr'><strong>laudare</strong></span> <span class='ocrx_word' id='word_1_48' title='bbox 3745 749 3750 754; x_wconf 90' lang='lat'><em>_</em></span> 
     </span>
    </p>
   </div>
   <div class='ocr_carea' id='block_1_5' title="bbox 279 766 3676 854">
    <p class='ocr_par' dir='ltr' id='par_1_5' title="bbox 279 766 3676 854">
     <span class='ocr_line' id='line_1_5' title="bbox 279 766 3676 854; baseline 0 -22"><span class='ocrx_word' id='word_1_49' title='bbox 279 778 605 846; x_wconf 90' lang='lat' dir='ltr'><strong>mortuum,</strong></span> <span class='ocrx_word' id='word_1_50' title='bbox 636 780 696 834; x_wconf 93' lang='lat' dir='ltr'><strong>et</strong></span> <span class='ocrx_word' id='word_1_51' title='bbox 727 789 860 834; x_wconf 86' lang='lat' dir='ltr'><strong>sero</strong></span> <span class='ocrx_word' id='word_1_52' title='bbox 884 773 1193 854; x_wconf 84' lang='lat' dir='ltr'><strong>aJosepho</strong></span> <span class='ocrx_word' id='word_1_53' title='bbox 1214 772 1572 853; x_wconf 88' lang='lat' dir='ltr'><strong>postulatum</strong></span> <span class='ocrx_word' id='word_1_54' title='bbox 1605 771 1939 852; x_wconf 87' lang='lat' dir='ltr'><strong>depositum</strong></span> <span class='ocrx_word' id='word_1_55' title='bbox 2025 784 2202 846; x_wconf 82' lang='lat' dir='ltr'><strong>supra</strong></span> <span class='ocrx_word' id='word_1_56' title='bbox 2235 766 2473 827; x_wconf 89' lang='lat' dir='ltr'><strong>modum</strong></span> <span class='ocrx_word' id='word_1_57' title='bbox 2509 767 2776 846; x_wconf 89' lang='lat' dir='ltr'><strong>cupiens,</strong></span> <span class='ocrx_word' id='word_1_58' title='bbox 2838 766 3085 827; x_wconf 89' lang='lat' dir='ltr'><strong>nimium</strong></span> <span class='ocrx_word' id='word_1_59' title='bbox 3137 767 3479 849; x_wconf 87' lang='lat' dir='ltr'><strong>vituperasti</strong></span> <span class='ocrx_word' id='word_1_60' title='bbox 3510 771 3676 832; x_wconf 93' lang='lat' dir='ltr'><strong>illum</strong></span> 
     </span>
    </p>
   </div>
   <div class='ocr_carea' id='block_1_6' title="bbox 279 855 3674 942">
    <p class='ocr_par' dir='ltr' id='par_1_6' title="bbox 279 855 3674 942">
     <span class='ocr_line' id='line_1_6' title="bbox 279 855 3674 942; baseline 0.001 -22"><span class='ocrx_word' id='word_1_61' title='bbox 279 859 355 921; x_wconf 91' lang='lat' dir='ltr'><strong>de</strong></span> <span class='ocrx_word' id='word_1_62' title='bbox 375 859 534 937; x_wconf 81' lang='lat' dir='ltr'><strong>ligno</strong></span> <span class='ocrx_word' id='word_1_63' title='bbox 549 868 606 922; x_wconf 91' lang='lat' dir='ltr'><strong>et</strong></span> <span class='ocrx_word' id='word_1_64' title='bbox 623 861 942 942; x_wconf 90' lang='lat' dir='ltr'><strong>sepultum.</strong></span> <span class='ocrx_word' id='word_1_65' title='bbox 970 865 1106 942; x_wconf 90' lang='lat' dir='ltr'><strong>Ipso</strong></span> <span class='ocrx_word' id='word_1_66' title='bbox 1121 861 1279 923; x_wconf 90' lang='lat' dir='ltr'><strong>enim</strong></span> <span class='ocrx_word' id='word_1_67' title='bbox 1295 861 1625 923; x_wconf 88' lang='lat' dir='ltr'><strong>emittentte</strong></span> <span class='ocrx_word' id='word_1_68' title='bbox 1640 859 1941 941; x_wconf 85' lang='lat' dir='ltr'><strong>spiritum,</strong></span> <span class='ocrx_word' id='word_1_69' title='bbox 2028 855 2236 915; x_wconf 88' lang='lat' dir='ltr'><strong>dicens</strong></span> <span class='ocrx_word' id='word_1_70' title='bbox 2262 872 2274 918; x_wconf 86' lang='lat'><em>:</em></span> <span class='ocrx_word' id='word_1_71' title='bbox 2312 879 2338 910; x_wconf 88' lang='lat'><strong><em>«</em></strong></span> <span class='ocrx_word' id='word_1_72' title='bbox 2363 855 2660 916; x_wconf 83' lang='lat' dir='ltr'><strong>Modicum</strong></span> <span class='ocrx_word' id='word_1_73' title='bbox 2677 856 3034 916; x_wconf 81' lang='lat' dir='ltr'><strong>fermentum</strong></span> <span class='ocrx_word' id='word_1_74' title='bbox 3062 863 3240 916; x_wconf 91' lang='lat' dir='ltr'><strong>totam</strong></span> <span class='ocrx_word' id='word_1_75' title='bbox 3264 876 3517 920; x_wconf 88' lang='lat' dir='ltr'><strong>massam</strong></span> <span class='ocrx_word' id='word_1_76' title='bbox 3540 879 3674 922; x_wconf 92' lang='lat' dir='ltr'><strong>cor-</strong></span> 
     </span>
    </p>
   </div>
   <div class='ocr_carea' id='block_1_7' title="bbox 279 943 3673 1030">
    <p class='ocr_par' dir='ltr' id='par_1_7' title="bbox 279 943 3673 1030">
     <span class='ocr_line' id='line_1_7' title="bbox 279 943 3673 1030; baseline 0.001 -27"><span class='ocrx_word' id='word_1_77' title='bbox 279 948 476 1010; x_wconf 85' lang='lat' dir='ltr'><strong>velum</strong></span> <span class='ocrx_word' id='word_1_78' title='bbox 511 949 714 1030; x_wconf 82' lang='lat' dir='ltr'><strong>templi</strong></span> <span class='ocrx_word' id='word_1_79' title='bbox 774 957 832 1011; x_wconf 82' lang='lat' dir='ltr'><strong>et</strong></span> <span class='ocrx_word' id='word_1_80' title='bbox 887 958 1067 1030; x_wconf 66' lang='lat' dir='ltr'><strong>petra;</strong></span> <span class='ocrx_word' id='word_1_81' title='bbox 1123 952 1323 1013; x_wconf 63' lang='lat' dir='ltr'><strong>scissam,</strong></span> <span class='ocrx_word' id='word_1_82' title='bbox 1375 959 1535 1025; x_wconf 69' lang='lat' dir='ltr'><strong>sum,</strong></span> <span class='ocrx_word' id='word_1_83' title='bbox 1570 959 1728 1013; x_wconf 82' lang='lat' dir='ltr'><strong>terra</strong></span> <span class='ocrx_word' id='word_1_84' title='bbox 1757 956 1941 1021; x_wconf 82' lang='lat' dir='ltr'><strong>mota,</strong></span> <span class='ocrx_word' id='word_1_85' title='bbox 2029 943 2272 1023; x_wconf 85' lang='lat' dir='ltr'><strong>rumpit,</strong></span> <span class='ocrx_word' id='word_1_86' title='bbox 2309 953 2366 1006; x_wconf 84' lang='lat' dir='ltr'><strong>et</strong></span> <span class='ocrx_word' id='word_1_87' title='bbox 2400 945 2566 1025; x_wconf 84' lang='lat' dir='ltr'><strong>panis</strong></span> <span class='ocrx_word' id='word_1_88' title='bbox 2598 945 2860 1020; x_wconf 85' lang='lat' dir='ltr'><strong>tandem,</strong></span> <span class='ocrx_word' id='word_1_89' title='bbox 2896 963 3014 1005; x_wconf 90' lang='lat' dir='ltr'><strong>non</strong></span> <span class='ocrx_word' id='word_1_90' title='bbox 3045 964 3310 1026; x_wconf 79' lang='lat' dir='ltr'><strong>azymum</strong></span> <span class='ocrx_word' id='word_1_91' title='bbox 3342 950 3620 1012; x_wconf 82' lang='lat' dir='ltr'><strong>elficitur.</strong></span> <span class='ocrx_word' id='word_1_92' title='bbox 3653 976 3673 1007; x_wconf 73' lang='grc' dir='ltr'>ι</span> 
     </span>
    </p>
   </div>
   <div class='ocr_carea' id='block_1_8' title="bbox 281 1031 3682 1120">
    <p class='ocr_par' dir='ltr' id='par_1_8' title="bbox 281 1031 3682 1120">
     <span class='ocr_line' id='line_1_8' title="bbox 281 1031 3682 1120; baseline 0.001 -21"><span class='ocrx_word' id='word_1_93' title='bbox 281 1052 671 1100; x_wconf 90' lang='lat' dir='ltr'><strong>monumenta</strong></span> <span class='ocrx_word' id='word_1_94' title='bbox 699 1047 925 1120; x_wconf 87' lang='lat' dir='ltr'><strong>aperta,</strong></span> <span class='ocrx_word' id='word_1_95' title='bbox 978 1047 1036 1101; x_wconf 89' lang='lat' dir='ltr'><strong>et</strong></span> <span class='ocrx_word' id='word_1_96' title='bbox 1088 1041 1270 1102; x_wconf 88' lang='lat' dir='ltr'><strong>multa</strong></span> <span class='ocrx_word' id='word_1_97' title='bbox 1327 1059 1577 1120; x_wconf 87' lang='lat' dir='ltr'><strong>corpora</strong></span> <span class='ocrx_word' id='word_1_98' title='bbox 1605 1046 1940 1101; x_wconf 87' lang='lat' dir='ltr'><strong>sanctorum</strong></span> <span class='ocrx_word' id='word_1_99' title='bbox 2024 1031 2147 1092; x_wconf 92' lang='lat' dir='ltr'><strong>Deo</strong></span> <span class='ocrx_word' id='word_1_100' title='bbox 2179 1034 2386 1108; x_wconf 83' lang='lat' dir='ltr'><strong>gratia,</strong></span> <span class='ocrx_word' id='word_1_101' title='bbox 2420 1033 2558 1114; x_wconf 89' lang='lat' dir='ltr'><strong>quia</strong></span> <span class='ocrx_word' id='word_1_102' title='bbox 2606 1053 2869 1114; x_wconf 84' lang='lat' dir='ltr'><strong>azymum</strong></span> <span class='ocrx_word' id='word_1_103' title='bbox 2905 1053 3022 1094; x_wconf 92' lang='lat' dir='ltr'><strong>non</strong></span> <span class='ocrx_word' id='word_1_104' title='bbox 3079 1036 3336 1098; x_wconf 76' lang='lat' dir='ltr'><strong>efficitur</strong></span> <span class='ocrx_word' id='word_1_105' title='bbox 3383 1039 3457 1100; x_wconf 91' lang='lat' dir='ltr'><strong>de</strong></span> <span class='ocrx_word' id='word_1_106' title='bbox 3491 1059 3682 1103; x_wconf 90' lang='lat' dir='ltr'><strong>massa</strong></span> 
     </span>
    </p>
   </div>
   <div class='ocr_carea' id='block_1_9' title="bbox 281 1123 3681 1214">
    <p class='ocr_par' dir='ltr' id='par_1_9' title="bbox 281 1123 3681 1214">
     <span class='ocr_line' id='line_1_9' title="bbox 281 1123 3681 1214; baseline 0.002 -25"><span class='ocrx_word' id='word_1_107' title='bbox 281 1123 765 1190; x_wconf 86' lang='lat' dir='ltr'><strong>resurrexerunt.</strong></span> <span class='ocrx_word' id='word_1_108' title='bbox 817 1129 883 1191; x_wconf 90' lang='lat' dir='ltr'><strong>In</strong></span> <span class='ocrx_word' id='word_1_109' title='bbox 940 1136 1102 1192; x_wconf 88' lang='lat' dir='ltr'><strong>tanta</strong></span> <span class='ocrx_word' id='word_1_110' title='bbox 1157 1131 1358 1211; x_wconf 88' lang='lat' dir='ltr'><strong>itaque</strong></span> <span class='ocrx_word' id='word_1_111' title='bbox 1415 1128 1857 1211; x_wconf 85' lang='lat' dir='ltr'><strong>perturbatione</strong></span> <span class='ocrx_word' id='word_1_112' title='bbox 1888 1133 1948 1188; x_wconf 90' lang='lat' dir='ltr'><strong>et</strong></span> <span class='ocrx_word' id='word_1_113' title='bbox 2025 1124 2320 1188; x_wconf 87' lang='lat' dir='ltr'><strong>fermento</strong></span> <span class='ocrx_word' id='word_1_114' title='bbox 2344 1135 2644 1207; x_wconf 80' lang='lat' dir='ltr'><strong>corrupta,</strong></span> <span class='ocrx_word' id='word_1_115' title='bbox 2671 1127 2822 1188; x_wconf 89' lang='lat' dir='ltr'><strong>sicut</strong></span> <span class='ocrx_word' id='word_1_116' title='bbox 2847 1136 2979 1189; x_wconf 91' lang='lat' dir='ltr'><strong>tuus</strong></span> <span class='ocrx_word' id='word_1_117' title='bbox 3004 1128 3192 1206; x_wconf 89' lang='lat' dir='ltr'><strong>panis.</strong></span> <span class='ocrx_word' id='word_1_118' title='bbox 3218 1129 3361 1190; x_wconf 77' lang='lat' dir='ltr'><strong>Nam</strong></span> <span class='ocrx_word' id='word_1_119' title='bbox 3377 1134 3681 1214; x_wconf 87' lang='lat' dir='ltr'><strong>corruptio</strong></span> 
     </span>
    </p>
   </div>
   <div class='ocr_carea' id='block_1_10' title="bbox 282 1215 3682 1304">
    <p class='ocr_par' dir='ltr' id='par_1_10' title="bbox 282 1215 3682 1304">
     <span class='ocr_line' id='line_1_10' title="bbox 282 1215 3682 1304; baseline 0.002 -26"><span class='ocrx_word' id='word_1_120' title='bbox 282 1217 452 1297; x_wconf 90' lang='lat' dir='ltr'><strong>quasi</strong></span> <span class='ocrx_word' id='word_1_121' title='bbox 481 1218 788 1298; x_wconf 85' lang='lat' dir='ltr'><strong>naufragio</strong></span> <span class='ocrx_word' id='word_1_122' title='bbox 819 1219 1002 1281; x_wconf 82' lang='lat' dir='ltr'><strong>totius</strong></span> <span class='ocrx_word' id='word_1_123' title='bbox 1059 1229 1364 1295; x_wconf 84' lang='lat' dir='ltr'><strong>creaturae,</strong></span> <span class='ocrx_word' id='word_1_124' title='bbox 1425 1239 1543 1282; x_wconf 89' lang='lat' dir='ltr'><strong>non</strong></span> <span class='ocrx_word' id='word_1_125' title='bbox 1574 1219 1766 1281; x_wconf 90' lang='lat' dir='ltr'><strong>solum</strong></span> <span class='ocrx_word' id='word_1_126' title='bbox 1796 1219 1946 1279; x_wconf 90' lang='lat' dir='ltr'><strong>latus</strong></span> <span class='ocrx_word' id='word_1_127' title='bbox 2029 1232 2333 1304; x_wconf 86' lang='lat' dir='ltr'><strong>nunquam</strong></span> <span class='ocrx_word' id='word_1_128' title='bbox 2369 1223 2431 1277; x_wconf 89' lang='lat' dir='ltr'><strong>et</strong></span> <span class='ocrx_word' id='word_1_129' title='bbox 2463 1234 2753 1294; x_wconf 87' lang='lat' dir='ltr'><strong>nusquam</strong></span> <span class='ocrx_word' id='word_1_130' title='bbox 2785 1215 2846 1276; x_wconf 92' lang='lat' dir='ltr'><strong>in</strong></span> <span class='ocrx_word' id='word_1_131' title='bbox 2904 1215 3124 1276; x_wconf 90' lang='lat' dir='ltr'><strong>bonum</strong></span> <span class='ocrx_word' id='word_1_132' title='bbox 3182 1219 3510 1300; x_wconf 83' lang='lat' dir='ltr'><strong>accipitur;</strong></span> <span class='ocrx_word' id='word_1_133' title='bbox 3545 1225 3682 1304; x_wconf 88' lang='lat' dir='ltr'><strong>quia</strong></span> 
     </span>
    </p>
   </div>
   <div class='ocr_carea' id='block_1_11' title="bbox 281 1303 3680 1390">
    <p class='ocr_par' dir='ltr' id='par_1_11' title="bbox 281 1303 3680 1390">
     <span class='ocr_line' id='line_1_11' title="bbox 281 1303 3680 1390; baseline 0.002 -23"><span class='ocrx_word' id='word_1_134' title='bbox 281 1305 524 1368; x_wconf 90' lang='lat' dir='ltr'><strong>Domini</strong></span> <span class='ocrx_word' id='word_1_135' title='bbox 555 1326 674 1370; x_wconf 90' lang='lat' dir='ltr'><strong>non</strong></span> <span class='ocrx_word' id='word_1_136' title='bbox 707 1307 814 1370; x_wconf 86' lang='lat' dir='ltr'><strong>fuit</strong></span> <span class='ocrx_word' id='word_1_137' title='bbox 844 1316 1115 1390; x_wconf 89' lang='lat' dir='ltr'><strong>apertum</strong></span> <span class='ocrx_word' id='word_1_138' title='bbox 1147 1309 1378 1386; x_wconf 87' lang='lat' dir='ltr'><strong>lancea,</strong></span> <span class='ocrx_word' id='word_1_139' title='bbox 1411 1309 1515 1371; x_wconf 84' lang='lat' dir='ltr'><strong>sed</strong></span> <span class='ocrx_word' id='word_1_140' title='bbox 1547 1309 1722 1371; x_wconf 90' lang='lat' dir='ltr'><strong>etiam</strong></span> <span class='ocrx_word' id='word_1_141' title='bbox 1755 1308 1814 1368; x_wconf 91' lang='lat' dir='ltr'><strong>hi</strong></span> <span class='ocrx_word' id='word_1_142' title='bbox 1847 1311 1949 1388; x_wconf 91' lang='lat' dir='ltr'><strong>qui</strong></span> <span class='ocrx_word' id='word_1_143' title='bbox 2031 1303 2392 1385; x_wconf 83' lang='lat' dir='ltr'><strong>ubicumque</strong></span> <span class='ocrx_word' id='word_1_144' title='bbox 2419 1305 2839 1385; x_wconf 90' lang='lat' dir='ltr'><strong>corruptio,ibi</strong></span> <span class='ocrx_word' id='word_1_145' title='bbox 2861 1305 3036 1367; x_wconf 91' lang='lat' dir='ltr'><strong>etiam</strong></span> <span class='ocrx_word' id='word_1_146' title='bbox 3053 1307 3394 1371; x_wconf 81' lang='lat' dir='ltr'><strong>substantiae</strong></span> <span class='ocrx_word' id='word_1_147' title='bbox 3415 1303 3680 1375; x_wconf 87' lang='lat' dir='ltr'><strong>deterio-</strong></span> 
     </span>
    </p>
   </div>
   <div class='ocr_carea' id='block_1_12' title="bbox 283 1395 1949 1478">
    <p class='ocr_par' dir='ltr' id='par_1_12' title="bbox 283 1395 1949 1478">
     <span class='ocr_line' id='line_1_12' title="bbox 283 1395 1949 1478; baseline 0.001 -22"><span class='ocrx_word' id='word_1_148' title='bbox 283 1395 453 1476; x_wconf 90' lang='lat' dir='ltr'><strong>prius</strong></span> <span class='ocrx_word' id='word_1_149' title='bbox 476 1395 530 1458; x_wconf 91' lang='lat' dir='ltr'><strong>ei</strong></span> <span class='ocrx_word' id='word_1_150' title='bbox 555 1396 1012 1472; x_wconf 88' lang='lat' dir='ltr'><strong>insultaverunt,</strong></span> <span class='ocrx_word' id='word_1_151' title='bbox 1045 1406 1105 1461; x_wconf 89' lang='lat' dir='ltr'><strong>et</strong></span> <span class='ocrx_word' id='word_1_152' title='bbox 1126 1397 1196 1459; x_wconf 92' lang='lat' dir='ltr'><strong>ad</strong></span> <span class='ocrx_word' id='word_1_153' title='bbox 1215 1400 1618 1478; x_wconf 85' lang='lat' dir='ltr'><strong>spectaculum</strong></span> <span class='ocrx_word' id='word_1_154' title='bbox 1643 1397 1786 1459; x_wconf 91' lang='lat' dir='ltr'><strong>illud</strong></span> <span class='ocrx_word' id='word_1_155' title='bbox 1811 1415 1949 1458; x_wconf 92' lang='lat' dir='ltr'><strong>con-</strong></span> 
     </span>
    </p>
   </div>
   <div class='ocr_carea' id='block_1_13' title="bbox 283 1487 1950 1568">
    <p class='ocr_par' dir='ltr' id='par_1_13' title="bbox 283 1487 1950 1568">
     <span class='ocr_line' id='line_1_13' title="bbox 283 1487 1950 1568; baseline 0.001 -22"><span class='ocrx_word' id='word_1_156' title='bbox 283 1494 592 1562; x_wconf 85' lang='lat' dir='ltr'><strong>venerant,</strong></span> <span class='ocrx_word' id='word_1_157' title='bbox 617 1487 743 1548; x_wconf 91' lang='lat' dir='ltr'><strong>viso</strong></span> <span class='ocrx_word' id='word_1_158' title='bbox 767 1495 1108 1550; x_wconf 88' lang='lat' dir='ltr'><strong>terraemotu</strong></span> <span class='ocrx_word' id='word_1_159' title='bbox 1127 1497 1184 1550; x_wconf 91' lang='lat' dir='ltr'><strong>et</strong></span> <span class='ocrx_word' id='word_1_160' title='bbox 1205 1488 1298 1550; x_wconf 89' lang='lat' dir='ltr'><strong>his</strong></span> <span class='ocrx_word' id='word_1_161' title='bbox 1321 1507 1451 1568; x_wconf 76' lang='lat' dir='ltr'><strong>quae</strong></span> <span class='ocrx_word' id='word_1_162' title='bbox 1472 1487 1710 1564; x_wconf 84' lang='lat' dir='ltr'><strong>ﬁebant,</strong></span> <span class='ocrx_word' id='word_1_163' title='bbox 1744 1495 1950 1567; x_wconf 90' lang='lat' dir='ltr'><strong>pectus</strong></span> 
     </span>
    </p>
   </div>
   <div class='ocr_carea' id='block_1_14' title="bbox 284 1576 1948 1656">
    <p class='ocr_par' dir='ltr' id='par_1_14' title="bbox 284 1576 1948 1656">
     <span class='ocr_line' id='line_1_14' title="bbox 284 1576 1948 1656; baseline 0.001 -21"><span class='ocrx_word' id='word_1_164' title='bbox 284 1592 458 1636; x_wconf 89' lang='lat' dir='ltr'><strong>suum</strong></span> <span class='ocrx_word' id='word_1_165' title='bbox 490 1576 912 1655; x_wconf 90' lang='lat' dir='ltr'><strong>percutientes,</strong></span> <span class='ocrx_word' id='word_1_166' title='bbox 975 1578 1445 1639; x_wconf 88' lang='lat' dir='ltr'><strong>revertebantur.</strong></span> <span class='ocrx_word' id='word_1_167' title='bbox 1502 1577 1670 1639; x_wconf 88' lang='lat' dir='ltr'><strong>Adeo</strong></span> <span class='ocrx_word' id='word_1_168' title='bbox 1727 1583 1793 1637; x_wconf 91' lang='lat' dir='ltr'><strong>ut</strong></span> <span class='ocrx_word' id='word_1_169' title='bbox 1821 1576 1948 1656; x_wconf 90' lang='lat' dir='ltr'><strong>ipse</strong></span> 
     </span>
    </p>
   </div>
   <div class='ocr_carea' id='block_1_15' title="bbox 287 1663 1948 1747">
    <p class='ocr_par' dir='ltr' id='par_1_15' title="bbox 287 1663 1948 1747">
     <span class='ocr_line' id='line_1_15' title="bbox 287 1663 1948 1747; baseline 0.001 -23"><span class='ocrx_word' id='word_1_170' title='bbox 287 1664 584 1741; x_wconf 89' lang='lat' dir='ltr'><strong>centurio,</strong></span> <span class='ocrx_word' id='word_1_171' title='bbox 619 1663 715 1726; x_wconf 93' lang='lat' dir='ltr'><strong>cui</strong></span> <span class='ocrx_word' id='word_1_172' title='bbox 738 1665 985 1727; x_wconf 91' lang='lat' dir='ltr'><strong>traditus</strong></span> <span class='ocrx_word' id='word_1_173' title='bbox 1034 1666 1223 1727; x_wconf 86' lang='lat' dir='ltr'><strong>fuerat</strong></span> <span class='ocrx_word' id='word_1_174' title='bbox 1245 1667 1742 1747; x_wconf 84' lang='lat' dir='ltr'><strong>adpuniendum,</strong></span> <span class='ocrx_word' id='word_1_175' title='bbox 1777 1665 1948 1727; x_wconf 91' lang='lat' dir='ltr'><strong>dice-</strong></span> 
     </span>
    </p>
   </div>
   <div class='ocr_carea' id='block_1_16' title="bbox 2031 1392 3684 1473">
    <p class='ocr_par' dir='ltr' id='par_1_16' title="bbox 2031 1392 3684 1473">
     <span class='ocr_line' id='line_1_16' title="bbox 2031 1392 3684 1473; baseline 0.008 -21"><span class='ocrx_word' id='word_1_176' title='bbox 2031 1394 2202 1454; x_wconf 89' lang='lat' dir='ltr'><strong>ratio.</strong></span> <span class='ocrx_word' id='word_1_177' title='bbox 2237 1392 2570 1465; x_wconf 87' lang='lat' dir='ltr'><strong>Quinetiam</strong></span> <span class='ocrx_word' id='word_1_178' title='bbox 2594 1415 2727 1455; x_wconf 90' lang='lat' dir='ltr'><strong>cum</strong></span> <span class='ocrx_word' id='word_1_179' title='bbox 2759 1413 3090 1473; x_wconf 79' lang='lat' dir='ltr'><strong>exponeres</strong></span> <span class='ocrx_word' id='word_1_180' title='bbox 3131 1400 3492 1461; x_wconf 89' lang='lat' dir='ltr'><strong>sententiam</strong></span> <span class='ocrx_word' id='word_1_181' title='bbox 3527 1401 3684 1464; x_wconf 89' lang='lat' dir='ltr'><strong>beati</strong></span> 
     </span>
    </p>
   </div>
   <div class='ocr_carea' id='block_1_17' title="bbox 2031 1482 3683 1565">
    <p class='ocr_par' dir='ltr' id='par_1_17' title="bbox 2031 1482 3683 1565">
     <span class='ocr_line' id='line_1_17' title="bbox 2031 1482 3683 1565; baseline 0.007 -22"><span class='ocrx_word' id='word_1_182' title='bbox 2031 1482 2219 1558; x_wconf 86' lang='lat' dir='ltr'><strong>Pauli,</strong></span> <span class='ocrx_word' id='word_1_183' title='bbox 2254 1503 2434 1563; x_wconf 84' lang='lat' dir='ltr'><strong>quam</strong></span> <span class='ocrx_word' id='word_1_184' title='bbox 2458 1492 2588 1565; x_wconf 90' lang='lat' dir='ltr'><strong>post</strong></span> <span class='ocrx_word' id='word_1_185' title='bbox 2611 1492 2692 1544; x_wconf 91' lang='lat' dir='ltr'><strong>tot</strong></span> <span class='ocrx_word' id='word_1_186' title='bbox 2714 1485 3075 1546; x_wconf 88' lang='lat' dir='ltr'><strong>orthodoxos</strong></span> <span class='ocrx_word' id='word_1_187' title='bbox 3108 1489 3330 1564; x_wconf 86' lang='lat' dir='ltr'><strong>Patres,</strong></span> <span class='ocrx_word' id='word_1_188' title='bbox 3367 1491 3537 1552; x_wconf 91' lang='lat' dir='ltr'><strong>nobis</strong></span> <span class='ocrx_word' id='word_1_189' title='bbox 3567 1513 3683 1555; x_wconf 88' lang='lat' dir='ltr'><strong>no-</strong></span> 
     </span>
    </p>
   </div>
   <div class='ocr_carea' id='block_1_18' title="bbox 2033 1571 3680 1661">
    <p class='ocr_par' dir='ltr' id='par_1_18' title="bbox 2033 1571 3680 1661">
     <span class='ocr_line' id='line_1_18' title="bbox 2033 1571 3680 1661; baseline 0.008 -31"><span class='ocrx_word' id='word_1_190' title='bbox 2033 1571 2225 1661; x_wconf 88' lang='lat' dir='ltr'><strong>lumus</strong></span> <span class='ocrx_word' id='word_1_191' title='bbox 2237 1575 2310 1632; x_wconf 85' lang='lat' dir='ltr'><strong>ab</strong></span> <span class='ocrx_word' id='word_1_192' title='bbox 2327 1573 2620 1634; x_wconf 77' lang='lat' dir='ltr'><strong>haereticis</strong></span> <span class='ocrx_word' id='word_1_193' title='bbox 2637 1573 2871 1653; x_wconf 85' lang='lat' dir='ltr'><strong>exponi,</strong></span> <span class='ocrx_word' id='word_1_194' title='bbox 2899 1576 3162 1654; x_wconf 90' lang='lat' dir='ltr'><strong>quamvis</strong></span> <span class='ocrx_word' id='word_1_195' title='bbox 3183 1578 3390 1639; x_wconf 90' lang='lat' dir='ltr'><strong>nolens</strong></span> <span class='ocrx_word' id='word_1_196' title='bbox 3413 1599 3572 1661; x_wconf 86' lang='lat' dir='ltr'><strong>azym</strong></span> <span class='ocrx_word' id='word_1_197' title='bbox 3584 1602 3680 1643; x_wconf 91' lang='lat' dir='ltr'><strong>um</strong></span> 
     </span>
    </p>
   </div>
   <div class='ocr_carea' id='block_1_19' title="bbox 2033 1660 3687 1752">
    <p class='ocr_par' dir='ltr' id='par_1_19' title="bbox 2033 1660 3687 1752">
     <span class='ocr_line' id='line_1_19' title="bbox 2033 1660 3687 1752; baseline 0.008 -32"><span class='ocrx_word' id='word_1_198' title='bbox 2033 1660 2281 1722; x_wconf 90' lang='lat' dir='ltr'><strong>laudasti</strong></span> <span class='ocrx_word' id='word_1_199' title='bbox 2313 1662 2559 1752; x_wconf 83' lang='lat' dir='ltr'><strong>dicens:</strong></span> <span class='ocrx_word' id='word_1_200' title='bbox 2593 1661 2922 1724; x_wconf 74' lang='lat' dir='ltr'><strong>Sicutostis</strong></span> <span class='ocrx_word' id='word_1_201' title='bbox 2943 1663 3237 1745; x_wconf 91' lang='lat' dir='ltr'><strong>baptizati,</strong></span> <span class='ocrx_word' id='word_1_202' title='bbox 3272 1667 3328 1728; x_wconf 88' lang='lat' dir='ltr'><strong>id</strong></span> <span class='ocrx_word' id='word_1_203' title='bbox 3367 1660 3687 1752; x_wconf 82' lang='lat' dir='ltr'><strong>est,azymi</strong></span> 
     </span>
    </p>
   </div>
   <div class='ocr_carea' id='block_1_20' title="bbox 282 1751 3686 1835">
    <p class='ocr_par' dir='ltr' id='par_1_20' title="bbox 282 1751 3686 1835">
     <span class='ocr_line' id='line_1_20' title="bbox 282 1751 3686 1835; baseline 0.003 -21"><span class='ocrx_word' id='word_1_204' title='bbox 282 1759 418 1814; x_wconf 90' lang='lat' dir='ltr'><strong>ret:</strong></span> <span class='ocrx_word' id='word_1_205' title='bbox 454 1751 662 1816; x_wconf 75' lang='lat' dir='ltr'><strong>(Vere</strong></span> <span class='ocrx_word' id='word_1_206' title='bbox 682 1754 791 1816; x_wconf 92' lang='lat' dir='ltr'><strong>Dei</strong></span> <span class='ocrx_word' id='word_1_207' title='bbox 812 1755 968 1818; x_wconf 87' lang='lat' dir='ltr'><strong>ﬁlius</strong></span> <span class='ocrx_word' id='word_1_208' title='bbox 990 1762 1116 1817; x_wconf 89' lang='lat' dir='ltr'><strong>erat</strong></span> <span class='ocrx_word' id='word_1_209' title='bbox 1134 1757 1244 1817; x_wconf 91' lang='lat' dir='ltr'><strong>iste</strong></span> <span class='ocrx_word' id='word_1_210' title='bbox 1269 1756 1506 1835; x_wconf 81' lang='lat' dir='ltr'><strong>(Matth.</strong></span> <span class='ocrx_word' id='word_1_211' title='bbox 1532 1773 1713 1831; x_wconf 81' lang='lat' dir='ltr'><strong>xxv&quot;,</strong></span> <span class='ocrx_word' id='word_1_212' title='bbox 1752 1755 1877 1835; x_wconf 81' lang='lat'><strong>54,)</strong></span> <span class='ocrx_word' id='word_1_213' title='bbox 1920 1779 1942 1811; x_wconf 82' lang='grc' dir='ltr'><strong>ι)</strong></span> <span class='ocrx_word' id='word_1_214' title='bbox 1973 1834 1992 1835; x_wconf 11' lang='grc' dir='ltr'><strong>γέ</strong></span> <span class='ocrx_word' id='word_1_215' title='bbox 2034 1760 2090 1812; x_wconf 90' lang='lat' dir='ltr'><strong>et</strong></span> <span class='ocrx_word' id='word_1_216' title='bbox 2121 1755 2272 1832; x_wconf 90' lang='lat' dir='ltr'><strong>puri.</strong></span> <span class='ocrx_word' id='word_1_217' title='bbox 2328 1751 2391 1815; x_wconf 93' lang='lat' dir='ltr'><strong>Si</strong></span> <span class='ocrx_word' id='word_1_218' title='bbox 2447 1771 2585 1831; x_wconf 81' lang='lat' dir='ltr'><strong>ergo</strong></span> <span class='ocrx_word' id='word_1_219' title='bbox 2646 1753 2973 1815; x_wconf 80' lang='lat' dir='ltr'><strong>secundum</strong></span> <span class='ocrx_word' id='word_1_220' title='bbox 3036 1764 3194 1817; x_wconf 88' lang='lat' dir='ltr'><strong>tuam</strong></span> <span class='ocrx_word' id='word_1_221' title='bbox 3249 1751 3686 1823; x_wconf 86' lang='lat' dir='ltr'><strong>confessionem</strong></span> 
     </span>
    </p>
   </div>
   <div class='ocr_carea' id='block_1_21' title="bbox 283 1834 3689 1936">
    <p class='ocr_par' dir='ltr' id='par_1_21' title="bbox 283 1834 3689 1936">
     <span class='ocr_line' id='line_1_21' title="bbox 283 1834 3689 1936; baseline 0.003 -34"><span class='ocrx_word' id='word_1_222' title='bbox 383 1839 484 1903; x_wconf 91' lang='lat' dir='ltr'><strong>ubi</strong></span> <span class='ocrx_word' id='word_1_223' title='bbox 509 1843 792 1936; x_wconf 79' lang='lat' dir='ltr'><strong>tumultus</strong></span> <span class='ocrx_word' id='word_1_224' title='bbox 821 1845 1033 1936; x_wconf 85' lang='lat' dir='ltr'><strong>mundi</strong></span> <span class='ocrx_word' id='word_1_225' title='bbox 1073 1844 1517 1926; x_wconf 87' lang='lat' dir='ltr'><strong>conquieverat,</strong></span> <span class='ocrx_word' id='word_1_226' title='bbox 1553 1853 1635 1936; x_wconf 82' lang='lat' dir='ltr'><strong>et_</strong></span> <span class='ocrx_word' id='word_1_227' title='bbox 1666 1845 1950 1907; x_wconf 87' lang='lat' dir='ltr'><strong>securitas</strong></span> <span class='ocrx_word' id='word_1_228' title='bbox 1971 1834 2010 1883; x_wconf 82' lang='grc' dir='ltr'><strong>Β</strong></span> <span class='ocrx_word' id='word_1_229' title='bbox 2035 1839 2311 1936; x_wconf 80' lang='lat' dir='ltr'><strong>baptizati</strong></span> <span class='ocrx_word' id='word_1_230' title='bbox 2340 1853 2483 1936; x_wconf 78' lang='lat' dir='ltr'><strong>sunt</strong></span> <span class='ocrx_word' id='word_1_231' title='bbox 2503 1843 2713 1923; x_wconf 84' lang='lat' dir='ltr'><strong>azymi,</strong></span> <span class='ocrx_word' id='word_1_232' title='bbox 2746 1843 2898 1936; x_wconf 82' lang='lat' dir='ltr'><strong>quid</strong></span> <span class='ocrx_word' id='word_1_233' title='bbox 2919 1852 3054 1936; x_wconf 79' lang='lat' dir='ltr'><strong>sunt</strong></span> <span class='ocrx_word' id='word_1_234' title='bbox 3086 1865 3204 1908; x_wconf 88' lang='lat' dir='ltr'><strong>non</strong></span> <span class='ocrx_word' id='word_1_235' title='bbox 3236 1847 3538 1936; x_wconf 89' lang='lat' dir='ltr'><strong>baptizati,</strong></span> <span class='ocrx_word' id='word_1_236' title='bbox 3571 1851 3689 1912; x_wconf 92' lang='lat' dir='ltr'><strong>nisi</strong></span> 
     </span>
    </p>
   </div>
   <div class='ocr_carea' id='block_1_22' title="bbox 287 1929 1950 2014">
    <p class='ocr_par' dir='ltr' id='par_1_22' title="bbox 287 1929 1950 2014">
     <span class='ocr_line' id='line_1_22' title="bbox 287 1929 1950 2014; baseline 0.002 -23"><span class='ocrx_word' id='word_1_237' title='bbox 287 1929 488 2012; x_wconf 90' lang='lat' dir='ltr'><strong>aliqua</strong></span> <span class='ocrx_word' id='word_1_238' title='bbox 515 1931 716 2014; x_wconf 88' lang='lat' dir='ltr'><strong>rediit,</strong></span> <span class='ocrx_word' id='word_1_239' title='bbox 749 1952 881 1995; x_wconf 93' lang='lat' dir='ltr'><strong>cum</strong></span> <span class='ocrx_word' id='word_1_240' title='bbox 908 1934 1033 2013; x_wconf 90' lang='lat' dir='ltr'><strong>jam</strong></span> <span class='ocrx_word' id='word_1_241' title='bbox 1083 1952 1217 1996; x_wconf 93' lang='lat' dir='ltr'><strong>sero</strong></span> <span class='ocrx_word' id='word_1_242' title='bbox 1247 1941 1428 2011; x_wconf 87' lang='lat' dir='ltr'><strong>esset,</strong></span> <span class='ocrx_word' id='word_1_243' title='bbox 1461 1933 1743 1997; x_wconf 84' lang='lat' dir='ltr'><strong>Pharisaei</strong></span> <span class='ocrx_word' id='word_1_244' title='bbox 1771 1952 1950 2011; x_wconf 87' lang='lat' dir='ltr'><strong>roga-</strong></span> 
     </span>
    </p>
   </div>
   <div class='ocr_carea' id='block_1_23' title="bbox 287 2019 1952 2103">
    <p class='ocr_par' dir='ltr' id='par_1_23' title="bbox 287 2019 1952 2103">
     <span class='ocr_line' id='line_1_23' title="bbox 287 2019 1952 2103; baseline 0.003 -25"><span class='ocrx_word' id='word_1_245' title='bbox 287 2028 498 2082; x_wconf 86' lang='lat' dir='ltr'><strong>verunt</strong></span> <span class='ocrx_word' id='word_1_246' title='bbox 528 2019 778 2083; x_wconf 89' lang='lat' dir='ltr'><strong>Pilatum</strong></span> <span class='ocrx_word' id='word_1_247' title='bbox 811 2030 874 2084; x_wconf 92' lang='lat' dir='ltr'><strong>ut</strong></span> <span class='ocrx_word' id='word_1_248' title='bbox 896 2029 1143 2103; x_wconf 88' lang='lat' dir='ltr'><strong>propter</strong></span> <span class='ocrx_word' id='word_1_249' title='bbox 1162 2023 1492 2084; x_wconf 90' lang='lat' dir='ltr'><strong>solemnem</strong></span> <span class='ocrx_word' id='word_1_250' title='bbox 1518 2024 1679 2085; x_wconf 91' lang='lat' dir='ltr'><strong>diem</strong></span> <span class='ocrx_word' id='word_1_251' title='bbox 1710 2021 1952 2084; x_wconf 91' lang='lat' dir='ltr'><strong>Sabbati</strong></span> 
     </span>
    </p>
   </div>
   <div class='ocr_carea' id='block_1_24' title="bbox 287 2107 1942 2193">
    <p class='ocr_par' dir='ltr' id='par_1_24' title="bbox 287 2107 1942 2193">
     <span class='ocr_line' id='line_1_24' title="bbox 287 2107 1942 2193; baseline 0.003 -25"><span class='ocrx_word' id='word_1_252' title='bbox 287 2107 709 2189; x_wconf 81' lang='lat' dir='ltr'><strong>frangerentur</strong></span> <span class='ocrx_word' id='word_1_253' title='bbox 739 2111 1154 2176; x_wconf 85' lang='lat' dir='ltr'><strong>cruciﬁxorum</strong></span> <span class='ocrx_word' id='word_1_254' title='bbox 1186 2129 1360 2176; x_wconf 90' lang='lat' dir='ltr'><strong>crura</strong></span> <span class='ocrx_word' id='word_1_255' title='bbox 1391 2121 1450 2175; x_wconf 91' lang='lat' dir='ltr'><strong>et</strong></span> <span class='ocrx_word' id='word_1_256' title='bbox 1479 2113 1942 2193; x_wconf 73' lang='lat' dir='ltr'><strong>deponerentur.</strong></span> 
     </span>
    </p>
   </div>
   <div class='ocr_carea' id='block_1_25' title="bbox 2031 1930 2953 2013">
    <p class='ocr_par' dir='ltr' id='par_1_25' title="bbox 2031 1930 2953 2013">
     <span class='ocr_line' id='line_1_25' title="bbox 2031 1930 2953 2013; baseline 0.002 -23"><span class='ocrx_word' id='word_1_257' title='bbox 2031 1930 2396 2006; x_wconf 85' lang='lat' dir='ltr'><strong>fermentati,</strong></span> <span class='ocrx_word' id='word_1_258' title='bbox 2427 1932 2485 1993; x_wconf 87' lang='lat' dir='ltr'><strong>id</strong></span> <span class='ocrx_word' id='word_1_259' title='bbox 2520 1941 2610 1994; x_wconf 79' lang='lat' dir='ltr'><strong>est</strong></span> <span class='ocrx_word' id='word_1_260' title='bbox 2637 1933 2953 2013; x_wconf 88' lang='lat' dir='ltr'><strong>corrupti?</strong></span> 
     </span>
    </p>
   </div>
   <div class='ocr_carea' id='block_1_26' title="bbox 2113 2020 3687 2102">
    <p class='ocr_par' dir='ltr' id='par_1_26' title="bbox 2113 2020 3687 2102">
     <span class='ocr_line' id='line_1_26' title="bbox 2113 2020 3687 2102; baseline 0.006 -21"><span class='ocrx_word' id='word_1_261' title='bbox 2113 2020 2183 2083; x_wconf 89' lang='lat' dir='ltr'><strong>X.</strong></span> <span class='ocrx_word' id='word_1_262' title='bbox 2217 2023 2319 2083; x_wconf 87' lang='lat' dir='ltr'><strong>Dic</strong></span> <span class='ocrx_word' id='word_1_263' title='bbox 2347 2031 2546 2083; x_wconf 86' lang='lat' dir='ltr'><strong>tamen</strong></span> <span class='ocrx_word' id='word_1_264' title='bbox 2578 2022 2678 2084; x_wconf 89' lang='lat' dir='ltr'><strong>ubi</strong></span> <span class='ocrx_word' id='word_1_265' title='bbox 2713 2023 3312 2102; x_wconf 88' lang='lat' dir='ltr'><strong>etquomodoPaulus</strong></span> <span class='ocrx_word' id='word_1_266' title='bbox 3329 2047 3462 2089; x_wconf 92' lang='lat' dir='ltr'><strong>cum</strong></span> <span class='ocrx_word' id='word_1_267' title='bbox 3495 2030 3687 2092; x_wconf 88' lang='lat' dir='ltr'><strong>unde-</strong></span> 
     </span>
    </p>
   </div>
   <div class='ocr_carea' id='block_1_27' title="bbox 2033 2108 3689 2190">
    <p class='ocr_par' dir='ltr' id='par_1_27' title="bbox 2033 2108 3689 2190">
     <span class='ocr_line' id='line_1_27' title="bbox 2033 2108 3689 2190; baseline 0.007 -20"><span class='ocrx_word' id='word_1_268' title='bbox 2033 2108 2147 2170; x_wconf 92' lang='lat' dir='ltr'><strong>cim</strong></span> <span class='ocrx_word' id='word_1_269' title='bbox 2182 2112 2462 2190; x_wconf 90' lang='lat' dir='ltr'><strong>apostolis</strong></span> <span class='ocrx_word' id='word_1_270' title='bbox 2485 2130 2741 2173; x_wconf 87' lang='lat' dir='ltr'><strong>canones</strong></span> <span class='ocrx_word' id='word_1_271' title='bbox 2763 2111 2896 2173; x_wconf 88' lang='lat' dir='ltr'><strong>illos</strong></span> <span class='ocrx_word' id='word_1_272' title='bbox 2946 2131 3079 2173; x_wconf 91' lang='lat' dir='ltr'><strong>cum</strong></span> <span class='ocrx_word' id='word_1_273' title='bbox 3133 2119 3689 2183; x_wconf 88' lang='lat' dir='ltr'><strong>excommunatione</strong></span> 
     </span>
    </p>
   </div>
   <div class='ocr_carea' id='block_1_28' title="bbox 286 2195 3692 2288">
    <p class='ocr_par' dir='ltr' id='par_1_28' title="bbox 286 2195 3692 2288">
     <span class='ocr_line' id='line_1_28' title="bbox 286 2195 3692 2288; baseline 0.004 -30"><span class='ocrx_word' id='word_1_274' title='bbox 286 2195 456 2288; x_wconf 78' lang='lat' dir='ltr'><strong>Tunc</strong></span> <span class='ocrx_word' id='word_1_275' title='bbox 485 2217 727 2280; x_wconf 90' lang='lat' dir='ltr'><strong>quoque</strong></span> <span class='ocrx_word' id='word_1_276' title='bbox 743 2199 1463 2282; x_wconf 87' lang='lat' dir='ltr'><strong>JosepbrogavitPilatum</strong></span> <span class='ocrx_word' id='word_1_277' title='bbox 1479 2203 1799 2264; x_wconf 91' lang='lat' dir='ltr'><strong>uttolleret</strong></span> <span class='ocrx_word' id='word_1_278' title='bbox 1823 2219 1946 2263; x_wconf 92' lang='lat' dir='ltr'><strong>cor-</strong></span> <span class='ocrx_word' id='word_1_279' title='bbox 2033 2200 2327 2288; x_wconf 76' lang='lat' dir='ltr'><strong>exposuit,</strong></span> <span class='ocrx_word' id='word_1_280' title='bbox 2363 2219 2614 2280; x_wconf 91' lang='lat' dir='ltr'><strong>quorum</strong></span> <span class='ocrx_word' id='word_1_281' title='bbox 2655 2209 2715 2262; x_wconf 92' lang='lat' dir='ltr'><strong>tu</strong></span> <span class='ocrx_word' id='word_1_282' title='bbox 2774 2201 2946 2262; x_wconf 92' lang='lat' dir='ltr'><strong>nobis</strong></span> <span class='ocrx_word' id='word_1_283' title='bbox 2978 2206 3478 2282; x_wconf 68' lang='lat' dir='ltr'><strong>septuagesimum</strong></span> <span class='ocrx_word' id='word_1_284' title='bbox 3513 2216 3692 2288; x_wconf 91' lang='lat' dir='ltr'><strong>caput</strong></span> 
     </span>
    </p>
   </div>
   <div class='ocr_carea' id='block_1_29' title="bbox 287 2287 3697 2376">
    <p class='ocr_par' dir='ltr' id='par_1_29' title="bbox 287 2287 3697 2376">
     <span class='ocr_line' id='line_1_29' title="bbox 287 2287 3697 2376; baseline 0.002 -26"><span class='ocrx_word' id='word_1_285' title='bbox 287 2305 401 2367; x_wconf 86' lang='lat' dir='ltr'><strong>pus</strong></span> <span class='ocrx_word' id='word_1_286' title='bbox 418 2287 584 2351; x_wconf 88' lang='lat' dir='ltr'><strong>Jesu.</strong></span> <span class='ocrx_word' id='word_1_287' title='bbox 613 2289 836 2351; x_wconf 88' lang='lat' dir='ltr'><strong>Pilatus</strong></span> <span class='ocrx_word' id='word_1_288' title='bbox 856 2309 997 2352; x_wconf 90' lang='lat' dir='ltr'><strong>vero</strong></span> <span class='ocrx_word' id='word_1_289' title='bbox 1021 2289 1350 2354; x_wconf 86' lang='lat' dir='ltr'><strong>mirabatur</strong></span> <span class='ocrx_word' id='word_1_290' title='bbox 1369 2294 1415 2352; x_wconf 91' lang='lat' dir='ltr'><strong>si</strong></span> <span class='ocrx_word' id='word_1_291' title='bbox 1436 2293 1560 2372; x_wconf 90' lang='lat' dir='ltr'><strong>jam</strong></span> <span class='ocrx_word' id='word_1_292' title='bbox 1588 2291 1855 2355; x_wconf 88' lang='lat' dir='ltr'><strong>obiisset.</strong></span> <span class='ocrx_word' id='word_1_293' title='bbox 1879 2290 1952 2352; x_wconf 91' lang='lat' dir='ltr'><strong>Et</strong></span> <span class='ocrx_word' id='word_1_294' title='bbox 2034 2287 2249 2367; x_wconf 90' lang='lat' dir='ltr'><strong>objicis</strong></span> <span class='ocrx_word' id='word_1_295' title='bbox 2273 2296 2300 2352; x_wconf 71' lang='grc' dir='ltr'><strong>’ἶ</strong></span> <span class='ocrx_word' id='word_1_296' title='bbox 2326 2291 2569 2351; x_wconf 89' lang='lat' dir='ltr'><strong>omnino</strong></span> <span class='ocrx_word' id='word_1_297' title='bbox 2595 2291 2870 2352; x_wconf 90' lang='lat' dir='ltr'><strong>nesciens</strong></span> <span class='ocrx_word' id='word_1_298' title='bbox 2894 2292 3032 2371; x_wconf 88' lang='lat' dir='ltr'><strong>quid</strong></span> <span class='ocrx_word' id='word_1_299' title='bbox 3063 2293 3360 2373; x_wconf 90' lang='lat' dir='ltr'><strong>loquaris:</strong></span> <span class='ocrx_word' id='word_1_300' title='bbox 3406 2318 3428 2352; x_wconf 75' lang='grc' dir='ltr'><strong><em>α</em></strong></span> <span class='ocrx_word' id='word_1_301' title='bbox 3454 2295 3515 2357; x_wconf 89' lang='lat' dir='ltr'><strong>Si</strong></span> <span class='ocrx_word' id='word_1_302' title='bbox 3541 2287 3697 2376; x_wconf 88' lang='lat' dir='ltr'><strong>quis,</strong></span> 
     </span>
    </p>
   </div>
   <div class='ocr_carea' id='block_1_30' title="bbox 286 2377 3698 2462">
    <p class='ocr_par' dir='ltr' id='par_1_30' title="bbox 286 2377 3698 2462">
     <span class='ocr_line' id='line_1_30' title="bbox 286 2377 3698 2462; baseline 0.002 -24"><span class='ocrx_word' id='word_1_303' title='bbox 286 2378 576 2440; x_wconf 86' lang='lat' dir='ltr'><strong>accersito</strong></span> <span class='ocrx_word' id='word_1_304' title='bbox 606 2379 982 2456; x_wconf 87' lang='lat' dir='ltr'><strong>centurione,</strong></span> <span class='ocrx_word' id='word_1_305' title='bbox 1004 2380 1106 2442; x_wconf 91' lang='lat' dir='ltr'><strong>ubi</strong></span> <span class='ocrx_word' id='word_1_306' title='bbox 1133 2383 1404 2461; x_wconf 82' lang='lat' dir='ltr'><strong>cognovit</strong></span> <span class='ocrx_word' id='word_1_307' title='bbox 1431 2382 1631 2445; x_wconf 91' lang='lat' dir='ltr'><strong>Jesum</strong></span> <span class='ocrx_word' id='word_1_308' title='bbox 1648 2383 1771 2462; x_wconf 88' lang='lat' dir='ltr'><strong>jam</strong></span> <span class='ocrx_word' id='word_1_309' title='bbox 1798 2399 1952 2444; x_wconf 66' lang='lat' dir='ltr'><strong>mor«</strong></span> <span class='ocrx_word' id='word_1_310' title='bbox 2033 2377 2250 2455; x_wconf 82' lang='lat' dir='ltr'><strong>inquit,</strong></span> <span class='ocrx_word' id='word_1_311' title='bbox 2277 2380 2601 2460; x_wconf 90' lang='lat' dir='ltr'><strong>episcopus</strong></span> <span class='ocrx_word' id='word_1_312' title='bbox 2624 2389 2723 2442; x_wconf 90' lang='lat' dir='ltr'><strong>aut</strong></span> <span class='ocrx_word' id='word_1_313' title='bbox 2773 2381 3082 2462; x_wconf 83' lang='lat' dir='ltr'><strong>presbyter</strong></span> <span class='ocrx_word' id='word_1_314' title='bbox 3123 2391 3222 2442; x_wconf 90' lang='lat' dir='ltr'><strong>aut</strong></span> <span class='ocrx_word' id='word_1_315' title='bbox 3253 2383 3561 2460; x_wconf 91' lang='lat' dir='ltr'><strong>diaconus,</strong></span> <span class='ocrx_word' id='word_1_316' title='bbox 3597 2395 3698 2446; x_wconf 90' lang='lat' dir='ltr'><strong>aut</strong></span> 
     </span>
    </p>
   </div>
   <div class='ocr_carea' id='block_1_31' title="bbox 287 2467 3698 2552">
    <p class='ocr_par' dir='ltr' id='par_1_31' title="bbox 287 2467 3698 2552">
     <span class='ocr_line' id='line_1_31' title="bbox 287 2467 3698 2552; baseline 0.002 -25"><span class='ocrx_word' id='word_1_317' title='bbox 287 2473 476 2542; x_wconf 90' lang='lat' dir='ltr'><strong>tuum,</strong></span> <span class='ocrx_word' id='word_1_318' title='bbox 503 2467 742 2529; x_wconf 90' lang='lat' dir='ltr'><strong>donavit</strong></span> <span class='ocrx_word' id='word_1_319' title='bbox 760 2488 977 2551; x_wconf 91' lang='lat' dir='ltr'><strong>corpus</strong></span> <span class='ocrx_word' id='word_1_320' title='bbox 996 2469 1242 2551; x_wconf 85' lang='lat' dir='ltr'><strong>Joseph.</strong></span> <span class='ocrx_word' id='word_1_321' title='bbox 1269 2469 1455 2533; x_wconf 89' lang='lat' dir='ltr'><strong>Porro</strong></span> <span class='ocrx_word' id='word_1_322' title='bbox 1476 2470 1693 2532; x_wconf 90' lang='lat' dir='ltr'><strong>milites</strong></span> <span class='ocrx_word' id='word_1_323' title='bbox 1708 2471 1781 2532; x_wconf 92' lang='lat' dir='ltr'><strong>ad</strong></span> <span class='ocrx_word' id='word_1_324' title='bbox 1805 2489 1952 2552; x_wconf 69' lang='lat' dir='ltr'><strong>prae-</strong></span> <span class='ocrx_word' id='word_1_325' title='bbox 2035 2469 2278 2530; x_wconf 89' lang='lat' dir='ltr'><strong>omnino</strong></span> <span class='ocrx_word' id='word_1_326' title='bbox 2303 2489 2372 2531; x_wconf 84' lang='lat' dir='ltr'><strong>ex</strong></span> <span class='ocrx_word' id='word_1_327' title='bbox 2397 2489 2645 2531; x_wconf 89' lang='lat' dir='ltr'><strong>numero</strong></span> <span class='ocrx_word' id='word_1_328' title='bbox 2670 2470 3025 2531; x_wconf 90' lang='lat' dir='ltr'><strong>clericorum</strong></span> <span class='ocrx_word' id='word_1_329' title='bbox 3045 2472 3406 2550; x_wconf 76' lang='lat' dir='ltr'><strong>Jejunaverit</strong></span> <span class='ocrx_word' id='word_1_330' title='bbox 3427 2493 3559 2534; x_wconf 87' lang='lat' dir='ltr'><strong>cum</strong></span> <span class='ocrx_word' id='word_1_331' title='bbox 3583 2473 3698 2535; x_wconf 89' lang='lat' dir='ltr'><strong>He-</strong></span> 
     </span>
    </p>
   </div>
   <div class='ocr_carea' id='block_1_32' title="bbox 287 2555 3694 2642">
    <p class='ocr_par' dir='ltr' id='par_1_32' title="bbox 287 2555 3694 2642">
     <span class='ocr_line' id='line_1_32' title="bbox 287 2555 3694 2642; baseline 0.002 -26"><span class='ocrx_word' id='word_1_332' title='bbox 287 2563 529 2635; x_wconf 91' lang='lat' dir='ltr'><strong>ceptum</strong></span> <span class='ocrx_word' id='word_1_333' title='bbox 560 2555 732 2619; x_wconf 88' lang='lat' dir='ltr'><strong>Pilati</strong></span> <span class='ocrx_word' id='word_1_334' title='bbox 783 2558 1089 2638; x_wconf 88' lang='lat' dir='ltr'><strong>fregerunt</strong></span> <span class='ocrx_word' id='word_1_335' title='bbox 1145 2578 1316 2621; x_wconf 89' lang='lat' dir='ltr'><strong>crura</strong></span> <span class='ocrx_word' id='word_1_336' title='bbox 1376 2561 1593 2640; x_wconf 87' lang='lat' dir='ltr'><strong>prioris</strong></span> <span class='ocrx_word' id='word_1_337' title='bbox 1620 2567 1676 2620; x_wconf 91' lang='lat' dir='ltr'><strong>et</strong></span> <span class='ocrx_word' id='word_1_338' title='bbox 1705 2560 1952 2621; x_wconf 89' lang='lat' dir='ltr'><strong>alterius</strong></span> <span class='ocrx_word' id='word_1_339' title='bbox 2037 2557 2230 2634; x_wconf 80' lang='lat' dir='ltr'><strong>braeis,</strong></span> <span class='ocrx_word' id='word_1_340' title='bbox 2256 2567 2356 2619; x_wconf 94' lang='lat' dir='ltr'><strong>aut</strong></span> <span class='ocrx_word' id='word_1_341' title='bbox 2379 2559 2650 2639; x_wconf 90' lang='lat' dir='ltr'><strong>epulatus</strong></span> <span class='ocrx_word' id='word_1_342' title='bbox 2670 2558 2846 2620; x_wconf 89' lang='lat' dir='ltr'><strong>fuerit</strong></span> <span class='ocrx_word' id='word_1_343' title='bbox 2875 2578 3010 2620; x_wconf 88' lang='lat' dir='ltr'><strong>cum</strong></span> <span class='ocrx_word' id='word_1_344' title='bbox 3042 2561 3154 2634; x_wconf 91' lang='lat' dir='ltr'><strong>eis,</strong></span> <span class='ocrx_word' id='word_1_345' title='bbox 3181 2571 3239 2622; x_wconf 91' lang='lat' dir='ltr'><strong>et</strong></span> <span class='ocrx_word' id='word_1_346' title='bbox 3267 2563 3573 2642; x_wconf 89' lang='lat' dir='ltr'><strong>acceperit</strong></span> <span class='ocrx_word' id='word_1_347' title='bbox 3603 2563 3694 2624; x_wconf 87' lang='lat' dir='ltr'><strong>fe-</strong></span> 
     </span>
    </p>
   </div>
   <div class='ocr_carea' id='block_1_33' title="bbox 293 2643 3694 2731">
    <p class='ocr_par' dir='ltr' id='par_1_33' title="bbox 293 2643 3694 2731">
     <span class='ocr_line' id='line_1_33' title="bbox 293 2643 3694 2731; baseline 0.003 -27"><span class='ocrx_word' id='word_1_348' title='bbox 293 2643 900 2708; x_wconf 84' lang='lat' dir='ltr'><strong>latronis.AdJesum</strong></span> <span class='ocrx_word' id='word_1_349' title='bbox 935 2659 1132 2710; x_wconf 89' lang='lat' dir='ltr'><strong>autem</strong></span> <span class='ocrx_word' id='word_1_350' title='bbox 1167 2667 1302 2710; x_wconf 90' lang='lat' dir='ltr'><strong>cum</strong></span> <span class='ocrx_word' id='word_1_351' title='bbox 1329 2649 1650 2725; x_wconf 86' lang='lat' dir='ltr'><strong>venissent,</strong></span> <span class='ocrx_word' id='word_1_352' title='bbox 1683 2658 1747 2710; x_wconf 89' lang='lat' dir='ltr'><strong>ut</strong></span> <span class='ocrx_word' id='word_1_353' title='bbox 1782 2650 1952 2713; x_wconf 76' lang='lat' dir='ltr'><strong>vide-</strong></span> <span class='ocrx_word' id='word_1_354' title='bbox 2035 2648 2352 2709; x_wconf 88' lang='lat' dir='ltr'><strong>stivitatum</strong></span> <span class='ocrx_word' id='word_1_355' title='bbox 2386 2667 2591 2710; x_wconf 86' lang='lat' dir='ltr'><strong>eorum</strong></span> <span class='ocrx_word' id='word_1_356' title='bbox 2613 2668 2878 2722; x_wconf 88' lang='lat' dir='ltr'><strong>munera,</strong></span> <span class='ocrx_word' id='word_1_357' title='bbox 2908 2657 2969 2710; x_wconf 91' lang='lat' dir='ltr'><strong>ut</strong></span> <span class='ocrx_word' id='word_1_358' title='bbox 2999 2660 3136 2710; x_wconf 92' lang='lat' dir='ltr'><strong>sunt</strong></span> <span class='ocrx_word' id='word_1_359' title='bbox 3158 2670 3379 2731; x_wconf 79' lang='lat' dir='ltr'><strong>azyma,</strong></span> <span class='ocrx_word' id='word_1_360' title='bbox 3405 2660 3504 2712; x_wconf 90' lang='lat' dir='ltr'><strong>aut</strong></span> <span class='ocrx_word' id='word_1_361' title='bbox 3534 2653 3694 2714; x_wconf 90' lang='lat' dir='ltr'><strong>aliud</strong></span> 
     </span>
    </p>
   </div>
   <div class='ocr_carea' id='block_1_34' title="bbox 285 2736 3693 2821">
    <p class='ocr_par' dir='ltr' id='par_1_34' title="bbox 285 2736 3693 2821">
     <span class='ocr_line' id='line_1_34' title="bbox 285 2736 3693 2821; baseline 0.001 -27"><span class='ocrx_word' id='word_1_362' title='bbox 285 2741 585 2796; x_wconf 90' lang='lat' dir='ltr'><strong>runteum</strong></span> <span class='ocrx_word' id='word_1_363' title='bbox 606 2736 729 2815; x_wconf 90' lang='lat' dir='ltr'><strong>jam</strong></span> <span class='ocrx_word' id='word_1_364' title='bbox 752 2745 1080 2813; x_wconf 89' lang='lat' dir='ltr'><strong>mortuum,</strong></span> <span class='ocrx_word' id='word_1_365' title='bbox 1109 2756 1230 2800; x_wconf 90' lang='lat' dir='ltr'><strong>non</strong></span> <span class='ocrx_word' id='word_1_366' title='bbox 1265 2739 1564 2817; x_wconf 88' lang='lat' dir='ltr'><strong>fregerent</strong></span> <span class='ocrx_word' id='word_1_367' title='bbox 1596 2740 1723 2819; x_wconf 91' lang='lat' dir='ltr'><strong>ejus</strong></span> <span class='ocrx_word' id='word_1_368' title='bbox 1751 2758 1946 2812; x_wconf 92' lang='lat' dir='ltr'><strong>crura,</strong></span> <span class='ocrx_word' id='word_1_369' title='bbox 2035 2736 3182 2818; x_wconf 88' lang='lat' dir='ltr'><strong>hujusmodi,deponatur;laciusautem</strong></span> <span class='ocrx_word' id='word_1_370' title='bbox 3201 2749 3634 2821; x_wconf 89' lang='lat' dir='ltr'><strong>sequestretur.</strong></span> <span class='ocrx_word' id='word_1_371' title='bbox 3667 2768 3693 2798; x_wconf 82' lang='grc'>››</span> 
     </span>
    </p>
   </div>
   <div class='ocr_carea' id='block_1_35' title="bbox 287 2823 3702 2912">
    <p class='ocr_par' dir='ltr' id='par_1_35' title="bbox 287 2823 3702 2912">
     <span class='ocr_line' id='line_1_35' title="bbox 287 2823 3702 2912; baseline 0.003 -29"><span class='ocrx_word' id='word_1_372' title='bbox 287 2823 396 2912; x_wconf 87' lang='lat' dir='ltr'><strong>sed</strong></span> <span class='ocrx_word' id='word_1_373' title='bbox 430 2842 585 2886; x_wconf 91' lang='lat' dir='ltr'><strong>unus</strong></span> <span class='ocrx_word' id='word_1_374' title='bbox 607 2825 861 2887; x_wconf 89' lang='lat' dir='ltr'><strong>militum</strong></span> <span class='ocrx_word' id='word_1_375' title='bbox 888 2826 1093 2889; x_wconf 89' lang='lat' dir='ltr'><strong>lancea</strong></span> <span class='ocrx_word' id='word_1_376' title='bbox 1109 2827 1263 2888; x_wconf 91' lang='lat' dir='ltr'><strong>latus</strong></span> <span class='ocrx_word' id='word_1_377' title='bbox 1289 2828 1416 2907; x_wconf 87' lang='lat' dir='ltr'><strong>ejus</strong></span> <span class='ocrx_word' id='word_1_378' title='bbox 1445 2830 1698 2908; x_wconf 88' lang='lat' dir='ltr'><strong>aperuit,</strong></span> <span class='ocrx_word' id='word_1_379' title='bbox 1726 2837 1784 2890; x_wconf 91' lang='lat' dir='ltr'><strong>et</strong></span> <span class='ocrx_word' id='word_1_380' title='bbox 1803 2848 1952 2889; x_wconf 90' lang='lat' dir='ltr'><strong>con-</strong></span> <span class='ocrx_word' id='word_1_381' title='bbox 2037 2825 2227 2887; x_wconf 87' lang='lat' dir='ltr'><strong>Etiam</strong></span> <span class='ocrx_word' id='word_1_382' title='bbox 2249 2831 2297 2888; x_wconf 90' lang='lat' dir='ltr'><strong>si</strong></span> <span class='ocrx_word' id='word_1_383' title='bbox 2329 2828 2441 2889; x_wconf 90' lang='lat' dir='ltr'><strong>hoc</strong></span> <span class='ocrx_word' id='word_1_384' title='bbox 2467 2827 2789 2908; x_wconf 89' lang='lat' dir='ltr'><strong>capitulum</strong></span> <span class='ocrx_word' id='word_1_385' title='bbox 2814 2847 2883 2889; x_wconf 87' lang='lat' dir='ltr'><strong>ex</strong></span> <span class='ocrx_word' id='word_1_386' title='bbox 2910 2828 3081 2890; x_wconf 91' lang='lat' dir='ltr'><strong>libris</strong></span> <span class='ocrx_word' id='word_1_387' title='bbox 3102 2831 3460 2892; x_wconf 89' lang='lat' dir='ltr'><strong>authenticis</strong></span> <span class='ocrx_word' id='word_1_388' title='bbox 3497 2832 3702 2912; x_wconf 90' lang='lat' dir='ltr'><strong>prola-</strong></span> 
     </span>
    </p>
   </div>
   <div class='ocr_carea' id='block_1_36' title="bbox 295 2911 3700 3000">
    <p class='ocr_par' dir='ltr' id='par_1_36' title="bbox 295 2911 3700 3000">
     <span class='ocr_line' id='line_1_36' title="bbox 295 2911 3700 3000; baseline 0.003 -28"><span class='ocrx_word' id='word_1_389' title='bbox 295 2911 463 2975; x_wconf 91' lang='lat' dir='ltr'><strong>tinuo</strong></span> <span class='ocrx_word' id='word_1_390' title='bbox 479 2914 909 2995; x_wconf 87' lang='lat' dir='ltr'><strong>exivitsanguis</strong></span> <span class='ocrx_word' id='word_1_391' title='bbox 954 2925 1012 2978; x_wconf 93' lang='lat' dir='ltr'><strong>et</strong></span> <span class='ocrx_word' id='word_1_392' title='bbox 1049 2934 1221 2997; x_wconf 89' lang='lat' dir='ltr'><strong>aqua,</strong></span> <span class='ocrx_word' id='word_1_393' title='bbox 1239 2917 1459 2997; x_wconf 90' lang='lat' dir='ltr'><strong>quibus</strong></span> <span class='ocrx_word' id='word_1_394' title='bbox 1475 2917 1954 2982; x_wconf 88' lang='lat' dir='ltr'><strong>formareturEc-</strong></span> <span class='ocrx_word' id='word_1_395' title='bbox 2038 2922 2160 2976; x_wconf 90' lang='lat' dir='ltr'><strong>tum</strong></span> <span class='ocrx_word' id='word_1_396' title='bbox 2195 2926 2370 2990; x_wconf 77' lang='lat' dir='ltr'><strong>esset,</strong></span> <span class='ocrx_word' id='word_1_397' title='bbox 2401 2917 2564 2978; x_wconf 90' lang='lat' dir='ltr'><strong>nullo</strong></span> <span class='ocrx_word' id='word_1_398' title='bbox 2591 2918 2767 2980; x_wconf 90' lang='lat' dir='ltr'><strong>modo</strong></span> <span class='ocrx_word' id='word_1_399' title='bbox 2801 2937 2908 2979; x_wconf 92' lang='lat' dir='ltr'><strong>nos</strong></span> <span class='ocrx_word' id='word_1_400' title='bbox 2932 2927 3222 3000; x_wconf 84' lang='lat' dir='ltr'><strong>tangeret,</strong></span> <span class='ocrx_word' id='word_1_401' title='bbox 3251 2921 3391 3000; x_wconf 86' lang='lat' dir='ltr'><strong>quia</strong></span> <span class='ocrx_word' id='word_1_402' title='bbox 3419 2911 3530 2982; x_wconf 88' lang='lat' dir='ltr'><strong>nec</strong></span> <span class='ocrx_word' id='word_1_403' title='bbox 3561 2940 3700 2983; x_wconf 91' lang='lat' dir='ltr'><strong>cum</strong></span> 
     </span>
    </p>
   </div>
   <div class='ocr_carea' id='block_1_37' title="bbox 288 3000 3700 3088">
    <p class='ocr_par' dir='ltr' id='par_1_37' title="bbox 288 3000 3700 3088">
     <span class='ocr_line' id='line_1_37' title="bbox 288 3000 3700 3088; baseline 0.002 -23"><span class='ocrx_word' id='word_1_404' title='bbox 288 3000 493 3078; x_wconf 88' lang='lat' dir='ltr'><strong>clesia,</strong></span> <span class='ocrx_word' id='word_1_405' title='bbox 532 3004 1038 3085; x_wconf 91' lang='lat' dir='ltr'><strong>quemadmodum</strong></span> <span class='ocrx_word' id='word_1_406' title='bbox 1083 3025 1152 3068; x_wconf 86' lang='lat' dir='ltr'><strong>ex</strong></span> <span class='ocrx_word' id='word_1_407' title='bbox 1210 3015 1372 3068; x_wconf 91' lang='lat' dir='ltr'><strong>costa</strong></span> <span class='ocrx_word' id='word_1_408' title='bbox 1425 3008 1568 3070; x_wconf 86' lang='lat' dir='ltr'><strong>Adae</strong></span> <span class='ocrx_word' id='word_1_409' title='bbox 1597 3007 1953 3071; x_wconf 87' lang='lat' dir='ltr'><strong>dormientis</strong></span> <span class='ocrx_word' id='word_1_410' title='bbox 2035 3003 2682 3086; x_wconf 70' lang='lat' dir='ltr'><strong>Hebraeisjejunamus,</strong></span> <span class='ocrx_word' id='word_1_411' title='bbox 2711 3026 2822 3068; x_wconf 91' lang='lat' dir='ltr'><strong>nec</strong></span> <span class='ocrx_word' id='word_1_412' title='bbox 2844 3027 2978 3069; x_wconf 93' lang='lat' dir='ltr'><strong>cum</strong></span> <span class='ocrx_word' id='word_1_413' title='bbox 3005 3008 3092 3070; x_wconf 78' lang='lat' dir='ltr'><strong>eis</strong></span> <span class='ocrx_word' id='word_1_414' title='bbox 3140 3011 3455 3088; x_wconf 90' lang='lat' dir='ltr'><strong>epulamur</strong></span> <span class='ocrx_word' id='word_1_415' title='bbox 3483 3019 3581 3071; x_wconf 90' lang='lat' dir='ltr'><strong>aut</strong></span> <span class='ocrx_word' id='word_1_416' title='bbox 3609 3011 3700 3072; x_wconf 87' lang='lat' dir='ltr'><strong>fe-</strong></span> 
     </span>
    </p>
   </div>
   <div class='ocr_carea' id='block_1_38' title="bbox 288 3089 3702 3178">
    <p class='ocr_par' dir='ltr' id='par_1_38' title="bbox 288 3089 3702 3178">
     <span class='ocr_line' id='line_1_38' title="bbox 288 3089 3702 3178; baseline 0.003 -27"><span class='ocrx_word' id='word_1_417' title='bbox 288 3089 545 3153; x_wconf 87' lang='lat' dir='ltr'><strong>formata</strong></span> <span class='ocrx_word' id='word_1_418' title='bbox 575 3102 666 3156; x_wconf 90' lang='lat' dir='ltr'><strong>est</strong></span> <span class='ocrx_word' id='word_1_419' title='bbox 686 3093 827 3155; x_wconf 87' lang='lat' dir='ltr'><strong>Eva.</strong></span> <span class='ocrx_word' id='word_1_420' title='bbox 874 3093 1090 3158; x_wconf 91' lang='lat' dir='ltr'><strong>Eccesi</strong></span> <span class='ocrx_word' id='word_1_421' title='bbox 1148 3096 1294 3157; x_wconf 90' lang='lat' dir='ltr'><strong>hora</strong></span> <span class='ocrx_word' id='word_1_422' title='bbox 1341 3116 1499 3158; x_wconf 75' lang='lat' dir='ltr'><strong>nona</strong></span> <span class='ocrx_word' id='word_1_423' title='bbox 1521 3097 1688 3178; x_wconf 85' lang='lat' dir='ltr'><strong>obiit,</strong></span> <span class='ocrx_word' id='word_1_424' title='bbox 1716 3104 1948 3171; x_wconf 89' lang='lat' dir='ltr'><strong>etsero,</strong></span> <span class='ocrx_word' id='word_1_425' title='bbox 1974 3160 2010 3178; x_wconf 55' lang='grc' dir='ltr'>η</span> <span class='ocrx_word' id='word_1_426' title='bbox 2036 3093 2353 3156; x_wconf 89' lang='lat' dir='ltr'><strong>stivitatem</strong></span> <span class='ocrx_word' id='word_1_427' title='bbox 2381 3113 2586 3156; x_wconf 89' lang='lat' dir='ltr'><strong>eorum</strong></span> <span class='ocrx_word' id='word_1_428' title='bbox 2617 3114 2868 3157; x_wconf 88' lang='lat' dir='ltr'><strong>munera</strong></span> <span class='ocrx_word' id='word_1_429' title='bbox 2924 3097 3119 3177; x_wconf 84' lang='lat' dir='ltr'><strong>aiiqua</strong></span> <span class='ocrx_word' id='word_1_430' title='bbox 3157 3097 3503 3177; x_wconf 88' lang='lat' dir='ltr'><strong>accipimus.</strong></span> <span class='ocrx_word' id='word_1_431' title='bbox 3534 3097 3702 3170; x_wconf 87' lang='lat' dir='ltr'><strong>Quod</strong></span> 
     </span>
    </p>
   </div>
   <div class='ocr_carea' id='block_1_39' title="bbox 279 3160 3698 3267">
    <p class='ocr_par' dir='ltr' id='par_1_39' title="bbox 279 3160 3698 3267">
     <span class='ocr_line' id='line_1_39' title="bbox 279 3160 3698 3267; baseline 0.002 -26"><span class='ocrx_word' id='word_1_432' title='bbox 279 3179 408 3260; x_wconf 90' lang='lat' dir='ltr'><strong>jam</strong></span> <span class='ocrx_word' id='word_1_433' title='bbox 441 3181 515 3242; x_wconf 88' lang='lat' dir='ltr'><strong>de</strong></span> <span class='ocrx_word' id='word_1_434' title='bbox 545 3201 723 3244; x_wconf 92' lang='lat' dir='ltr'><strong>cruce</strong></span> <span class='ocrx_word' id='word_1_435' title='bbox 754 3184 1163 3265; x_wconf 90' lang='lat' dir='ltr'><strong>deponendus,</strong></span> <span class='ocrx_word' id='word_1_436' title='bbox 1197 3186 1403 3248; x_wconf 89' lang='lat' dir='ltr'><strong>lancea</strong></span> <span class='ocrx_word' id='word_1_437' title='bbox 1451 3160 1770 3267; x_wconf 75' lang='lat' dir='ltr'><strong>percussus</strong></span> <span class='ocrx_word' id='word_1_438' title='bbox 1799 3186 1910 3248; x_wconf 75' lang='lat' dir='ltr'><strong>fuit</strong></span> <span class='ocrx_word' id='word_1_439' title='bbox 1933 3207 1949 3262; x_wconf 86' lang='lat'><strong>;</strong></span> <span class='ocrx_word' id='word_1_440' title='bbox 1972 3160 2012 3210; x_wconf 64' lang='grc' dir='ltr'><strong>δ</strong></span> <span class='ocrx_word' id='word_1_441' title='bbox 2038 3190 2238 3244; x_wconf 86' lang='lat' dir='ltr'><strong>autem</strong></span> <span class='ocrx_word' id='word_1_442' title='bbox 2263 3191 2324 3244; x_wconf 92' lang='lat' dir='ltr'><strong>tu</strong></span> <span class='ocrx_word' id='word_1_443' title='bbox 2369 3203 2586 3246; x_wconf 90' lang='lat' dir='ltr'><strong>vesane</strong></span> <span class='ocrx_word' id='word_1_444' title='bbox 2609 3185 2954 3264; x_wconf 87' lang='lat' dir='ltr'><strong>subjungis:</strong></span> <span class='ocrx_word' id='word_1_445' title='bbox 2983 3160 3120 3248; x_wconf 78' lang='lat' dir='ltr'><strong>Sive</strong></span> <span class='ocrx_word' id='word_1_446' title='bbox 3141 3186 3214 3247; x_wconf 82' lang='lat' dir='ltr'><strong>ab</strong></span> <span class='ocrx_word' id='word_1_447' title='bbox 3234 3160 3350 3247; x_wconf 44' lang='lat' dir='ltr'><strong>ill-is</strong></span> <span class='ocrx_word' id='word_1_448' title='bbox 3370 3188 3698 3267; x_wconf 89' lang='lat' dir='ltr'><strong>accipiatis.</strong></span> 
     </span>
    </p>
   </div>
   <div class='ocr_carea' id='block_1_40' title="bbox 296 3271 3705 3355">
    <p class='ocr_par' dir='ltr' id='par_1_40' title="bbox 296 3271 3705 3355">
     <span class='ocr_line' id='line_1_40' title="bbox 296 3271 3705 3355; baseline 0.002 -24"><span class='ocrx_word' id='word_1_449' title='bbox 296 3271 541 3349; x_wconf 82' lang='lat' dir='ltr'><strong>sanguis</strong></span> <span class='ocrx_word' id='word_1_450' title='bbox 570 3271 680 3333; x_wconf 89' lang='lat' dir='ltr'><strong>fuit</strong></span> <span class='ocrx_word' id='word_1_451' title='bbox 711 3273 838 3349; x_wconf 89' lang='lat' dir='ltr'><strong>ille,</strong></span> <span class='ocrx_word' id='word_1_452' title='bbox 873 3275 1221 3337; x_wconf 90' lang='lat' dir='ltr'><strong>naturaliter</strong></span> <span class='ocrx_word' id='word_1_453' title='bbox 1252 3276 1479 3338; x_wconf 89' lang='lat' dir='ltr'><strong>calidus</strong></span> <span class='ocrx_word' id='word_1_454' title='bbox 1517 3296 1636 3338; x_wconf 93' lang='lat' dir='ltr'><strong>non</strong></span> <span class='ocrx_word' id='word_1_455' title='bbox 1668 3276 1797 3352; x_wconf 90' lang='lat' dir='ltr'><strong>fuit,</strong></span> <span class='ocrx_word' id='word_1_456' title='bbox 1832 3284 1954 3339; x_wconf 92' lang='lat' dir='ltr'><strong>toto</strong></span> <span class='ocrx_word' id='word_1_457' title='bbox 2038 3272 2161 3334; x_wconf 90' lang='lat' dir='ltr'><strong>sive</strong></span> <span class='ocrx_word' id='word_1_458' title='bbox 2183 3273 2345 3334; x_wconf 89' lang='lat' dir='ltr'><strong>domi</strong></span> <span class='ocrx_word' id='word_1_459' title='bbox 2368 3273 2616 3348; x_wconf 89' lang='lat' dir='ltr'><strong>faciatis,</strong></span> <span class='ocrx_word' id='word_1_460' title='bbox 2671 3293 2870 3355; x_wconf 76' lang='lat' dir='ltr'><strong>azyma</strong></span> <span class='ocrx_word' id='word_1_461' title='bbox 2913 3282 3069 3337; x_wconf 89' lang='lat' dir='ltr'><strong>sunt.</strong></span> <span class='ocrx_word' id='word_1_462' title='bbox 3095 3274 3159 3336; x_wconf 88' lang='lat' dir='ltr'><strong>Id</strong></span> <span class='ocrx_word' id='word_1_463' title='bbox 3177 3275 3445 3354; x_wconf 88' lang='lat' dir='ltr'><strong>jaculum</strong></span> <span class='ocrx_word' id='word_1_464' title='bbox 3479 3277 3582 3337; x_wconf 90' lang='lat' dir='ltr'><strong>tibi</strong></span> <span class='ocrx_word' id='word_1_465' title='bbox 3613 3296 3705 3339; x_wconf 89' lang='lat' dir='ltr'><strong>re-</strong></span> 
     </span>
    </p>
   </div>
   <div class='ocr_carea' id='block_1_41' title="bbox 295 3362 3703 3447">
    <p class='ocr_par' dir='ltr' id='par_1_41' title="bbox 295 3362 3703 3447">
     <span class='ocr_line' id='line_1_41' title="bbox 295 3362 3703 3447; baseline 0.002 -27"><span class='ocrx_word' id='word_1_466' title='bbox 295 3377 552 3440; x_wconf 92' lang='lat' dir='ltr'><strong>corpore</strong></span> <span class='ocrx_word' id='word_1_467' title='bbox 577 3362 702 3441; x_wconf 90' lang='lat' dir='ltr'><strong>jam</strong></span> <span class='ocrx_word' id='word_1_468' title='bbox 736 3372 1092 3443; x_wconf 59' lang='lat' dir='ltr'><strong>pramortuo</strong></span> <span class='ocrx_word' id='word_1_469' title='bbox 1123 3374 1180 3426; x_wconf 92' lang='lat' dir='ltr'><strong>et</strong></span> <span class='ocrx_word' id='word_1_470' title='bbox 1207 3365 1446 3445; x_wconf 89' lang='lat' dir='ltr'><strong>frigido.</strong></span> <span class='ocrx_word' id='word_1_471' title='bbox 1481 3365 1648 3438; x_wconf 88' lang='lat' dir='ltr'><strong>Quod</strong></span> <span class='ocrx_word' id='word_1_472' title='bbox 1681 3366 1731 3426; x_wconf 90' lang='lat' dir='ltr'><strong>si</strong></span> <span class='ocrx_word' id='word_1_473' title='bbox 1760 3365 1956 3447; x_wconf 90' lang='lat' dir='ltr'><strong>aliquo</strong></span> <span class='ocrx_word' id='word_1_474' title='bbox 2040 3371 2388 3442; x_wconf 89' lang='lat' dir='ltr'><strong>torquemus</strong></span> <span class='ocrx_word' id='word_1_475' title='bbox 2413 3363 2721 3425; x_wconf 88' lang='lat' dir='ltr'><strong>dicentes:</strong></span> <span class='ocrx_word' id='word_1_476' title='bbox 2751 3388 2777 3420; x_wconf 76' lang='grc' dir='ltr'>α</span> <span class='ocrx_word' id='word_1_477' title='bbox 2815 3363 2950 3426; x_wconf 83' lang='lat' dir='ltr'><strong>Sive</strong></span> <span class='ocrx_word' id='word_1_478' title='bbox 2983 3384 3118 3426; x_wconf 91' lang='lat' dir='ltr'><strong>cum</strong></span> <span class='ocrx_word' id='word_1_479' title='bbox 3149 3363 3416 3426; x_wconf 63' lang='lat' dir='ltr'><strong>Hebraeis</strong></span> <span class='ocrx_word' id='word_1_480' title='bbox 3445 3365 3703 3428; x_wconf 90' lang='lat' dir='ltr'><strong>Sabbato</strong></span> 
     </span>
    </p>
   </div>
   <div class='ocr_carea' id='block_1_42' title="bbox 291 3449 3704 3536">
    <p class='ocr_par' dir='ltr' id='par_1_42' title="bbox 291 3449 3704 3536">
     <span class='ocr_line' id='line_1_42' title="bbox 291 3449 3704 3536; baseline 0.002 -27"><span class='ocrx_word' id='word_1_481' title='bbox 291 3449 472 3510; x_wconf 87' lang='lat' dir='ltr'><strong>modo</strong></span> <span class='ocrx_word' id='word_1_482' title='bbox 508 3451 686 3512; x_wconf 87' lang='lat' dir='ltr'><strong>caluit</strong></span> <span class='ocrx_word' id='word_1_483' title='bbox 711 3452 1123 3532; x_wconf 88' lang='lat' dir='ltr'><strong>:Evangelium</strong></span> <span class='ocrx_word' id='word_1_484' title='bbox 1148 3473 1332 3536; x_wconf 92' lang='lat' dir='ltr'><strong>quare</strong></span> <span class='ocrx_word' id='word_1_485' title='bbox 1355 3462 1579 3516; x_wconf 89' lang='lat' dir='ltr'><strong>tantum</strong></span> <span class='ocrx_word' id='word_1_486' title='bbox 1604 3456 1957 3518; x_wconf 87' lang='lat' dir='ltr'><strong>miraculum</strong></span> <span class='ocrx_word' id='word_1_487' title='bbox 2042 3451 2389 3532; x_wconf 90' lang='lat' dir='ltr'><strong>epulemini,</strong></span> <span class='ocrx_word' id='word_1_488' title='bbox 2421 3452 2547 3514; x_wconf 87' lang='lat' dir='ltr'><strong>sive</strong></span> <span class='ocrx_word' id='word_1_489' title='bbox 2578 3453 2763 3533; x_wconf 90' lang='lat' dir='ltr'><strong>domi,</strong></span> <span class='ocrx_word' id='word_1_490' title='bbox 2817 3454 3079 3535; x_wconf 90' lang='lat' dir='ltr'><strong>epulatio</strong></span> <span class='ocrx_word' id='word_1_491' title='bbox 3140 3464 3248 3519; x_wconf 90' lang='lat' dir='ltr'><strong>est.</strong></span> <span class='ocrx_word' id='word_1_492' title='bbox 3316 3480 3343 3511; x_wconf 76' lang='grc' dir='ltr'><strong>α</strong></span> <span class='ocrx_word' id='word_1_493' title='bbox 3404 3455 3559 3518; x_wconf 92' lang='lat' dir='ltr'><strong>Sane</strong></span> <span class='ocrx_word' id='word_1_494' title='bbox 3592 3457 3704 3517; x_wconf 90' lang='lat' dir='ltr'><strong>hoc</strong></span> 
     </span>
    </p>
   </div>
   <div class='ocr_carea' id='block_1_43' title="bbox 292 3541 3703 3626">
    <p class='ocr_par' dir='ltr' id='par_1_43' title="bbox 292 3541 3703 3626">
     <span class='ocr_line' id='line_1_43' title="bbox 292 3541 3703 3626; baseline 0.001 -26"><span class='ocrx_word' id='word_1_495' title='bbox 292 3544 354 3600; x_wconf 88' lang='lat' dir='ltr'><strong>et</strong></span> <span class='ocrx_word' id='word_1_496' title='bbox 383 3548 816 3602; x_wconf 86' lang='lat' dir='ltr'><strong>sacramentum</strong></span> <span class='ocrx_word' id='word_1_497' title='bbox 854 3543 1081 3604; x_wconf 86' lang='lat' dir='ltr'><strong>tacuit?</strong></span> <span class='ocrx_word' id='word_1_498' title='bbox 1111 3543 1282 3606; x_wconf 90' lang='lat' dir='ltr'><strong>Unde</strong></span> <span class='ocrx_word' id='word_1_499' title='bbox 1312 3563 1413 3606; x_wconf 91' lang='lat' dir='ltr'><strong>vos</strong></span> <span class='ocrx_word' id='word_1_500' title='bbox 1463 3545 1599 3606; x_wconf 90' lang='lat' dir='ltr'><strong>novi</strong></span> <span class='ocrx_word' id='word_1_501' title='bbox 1627 3553 1960 3626; x_wconf 68' lang='lat' dir='ltr'><strong>symmystaa</strong></span> <span class='ocrx_word' id='word_1_502' title='bbox 2042 3541 2278 3619; x_wconf 83' lang='lat' dir='ltr'><strong>dignius</strong></span> <span class='ocrx_word' id='word_1_503' title='bbox 2307 3559 2517 3603; x_wconf 87' lang='lat' dir='ltr'><strong>contra</strong></span> <span class='ocrx_word' id='word_1_504' title='bbox 2549 3561 2650 3603; x_wconf 88' lang='lat' dir='ltr'><strong>vos</strong></span> <span class='ocrx_word' id='word_1_505' title='bbox 2680 3542 3058 3622; x_wconf 86' lang='lat' dir='ltr'><strong>dirigeretur,</strong></span> <span class='ocrx_word' id='word_1_506' title='bbox 3085 3545 3222 3624; x_wconf 90' lang='lat' dir='ltr'><strong>quia</strong></span> <span class='ocrx_word' id='word_1_507' title='bbox 3241 3564 3343 3606; x_wconf 91' lang='lat' dir='ltr'><strong>vos</strong></span> <span class='ocrx_word' id='word_1_508' title='bbox 3368 3544 3514 3605; x_wconf 89' lang='lat' dir='ltr'><strong>nihil</strong></span> <span class='ocrx_word' id='word_1_509' title='bbox 3539 3544 3703 3604; x_wconf 89' lang='lat' dir='ltr'><strong>aliud</strong></span> 
     </span>
    </p>
   </div>
   <div class='ocr_carea' id='block_1_44' title="bbox 292 3627 3707 3715">
    <p class='ocr_par' dir='ltr' id='par_1_44' title="bbox 292 3627 3707 3715">
     <span class='ocr_line' id='line_1_44' title="bbox 292 3627 3707 3715; baseline 0.001 -28"><span class='ocrx_word' id='word_1_510' title='bbox 292 3627 566 3692; x_wconf 86' lang='lat' dir='ltr'><strong>volumus</strong></span> <span class='ocrx_word' id='word_1_511' title='bbox 601 3628 812 3692; x_wconf 90' lang='lat' dir='ltr'><strong>dicatis</strong></span> <span class='ocrx_word' id='word_1_512' title='bbox 838 3650 914 3693; x_wconf 91' lang='lat' dir='ltr'><strong>an</strong></span> <span class='ocrx_word' id='word_1_513' title='bbox 945 3633 1184 3712; x_wconf 91' lang='lat' dir='ltr'><strong>sanguis</strong></span> <span class='ocrx_word' id='word_1_514' title='bbox 1216 3643 1472 3709; x_wconf 89' lang='lat' dir='ltr'><strong>tantum,</strong></span> <span class='ocrx_word' id='word_1_515' title='bbox 1525 3642 1623 3695; x_wconf 79' lang='lat' dir='ltr'><strong>aut</strong></span> <span class='ocrx_word' id='word_1_516' title='bbox 1652 3654 1806 3715; x_wconf 90' lang='lat' dir='ltr'><strong>aqua</strong></span> <span class='ocrx_word' id='word_1_517' title='bbox 1826 3644 1958 3696; x_wconf 88' lang='lat' dir='ltr'><strong>tan-</strong></span> <span class='ocrx_word' id='word_1_518' title='bbox 2042 3629 2103 3691; x_wconf 93' lang='lat' dir='ltr'><strong>in</strong></span> <span class='ocrx_word' id='word_1_519' title='bbox 2135 3629 2387 3692; x_wconf 89' lang='lat' dir='ltr'><strong>Sabbato</strong></span> <span class='ocrx_word' id='word_1_520' title='bbox 2410 3651 2584 3711; x_wconf 92' lang='lat' dir='ltr'><strong>quam</strong></span> <span class='ocrx_word' id='word_1_521' title='bbox 2611 3631 3057 3694; x_wconf 89' lang='lat' dir='ltr'><strong>solemnitatem</strong></span> <span class='ocrx_word' id='word_1_522' title='bbox 3079 3634 3443 3710; x_wconf 72' lang='lat' dir='ltr'><strong>Judaeorum,</strong></span> <span class='ocrx_word' id='word_1_523' title='bbox 3473 3653 3580 3695; x_wconf 90' lang='lat' dir='ltr'><strong>nos</strong></span> <span class='ocrx_word' id='word_1_524' title='bbox 3603 3653 3707 3694; x_wconf 84' lang='lat' dir='ltr'><strong>au-</strong></span> 
     </span>
    </p>
   </div>
   <div class='ocr_carea' id='block_1_45' title="bbox 298 3719 3702 3804">
    <p class='ocr_par' dir='ltr' id='par_1_45' title="bbox 298 3719 3702 3804">
     <span class='ocr_line' id='line_1_45' title="bbox 298 3719 3702 3804; baseline 0.002 -26"><span class='ocrx_word' id='word_1_525' title='bbox 298 3725 452 3799; x_wconf 88' lang='lat' dir='ltr'><strong>tum,</strong></span> <span class='ocrx_word' id='word_1_526' title='bbox 495 3719 794 3782; x_wconf 89' lang='lat' dir='ltr'><strong>autsimul</strong></span> <span class='ocrx_word' id='word_1_527' title='bbox 830 3729 1147 3803; x_wconf 89' lang='lat' dir='ltr'><strong>utrumque</strong></span> <span class='ocrx_word' id='word_1_528' title='bbox 1170 3722 1450 3785; x_wconf 85' lang='lat' dir='ltr'><strong>caluerit‘?</strong></span> <span class='ocrx_word' id='word_1_529' title='bbox 1479 3723 1543 3785; x_wconf 90' lang='lat' dir='ltr'><strong>Si</strong></span> <span class='ocrx_word' id='word_1_530' title='bbox 1573 3723 1812 3804; x_wconf 86' lang='lat' dir='ltr'><strong>sanguis</strong></span> <span class='ocrx_word' id='word_1_531' title='bbox 1842 3731 1966 3785; x_wconf 89' lang='lat' dir='ltr'><strong>tan-</strong></span> <span class='ocrx_word' id='word_1_532' title='bbox 2048 3725 2164 3781; x_wconf 90' lang='lat' dir='ltr'><strong>tem</strong></span> <span class='ocrx_word' id='word_1_533' title='bbox 2197 3719 2258 3780; x_wconf 91' lang='lat' dir='ltr'><strong>in</strong></span> <span class='ocrx_word' id='word_1_534' title='bbox 2290 3739 2488 3801; x_wconf 82' lang='lat' dir='ltr'><strong>azymo</strong></span> <span class='ocrx_word' id='word_1_535' title='bbox 2521 3722 2694 3800; x_wconf 90' lang='lat' dir='ltr'><strong>longe</strong></span> <span class='ocrx_word' id='word_1_536' title='bbox 2723 3721 2884 3783; x_wconf 82' lang='lat' dir='ltr'><strong>aliud</strong></span> <span class='ocrx_word' id='word_1_537' title='bbox 2916 3724 3702 3785; x_wconf 90' lang='lat' dir='ltr'><strong>sacramentumretinemus</strong></span> 
     </span>
    </p>
   </div>
   <div class='ocr_carea' id='block_1_46' title="bbox 296 3809 3703 3892">
    <p class='ocr_par' dir='ltr' id='par_1_46' title="bbox 296 3809 3703 3892">
     <span class='ocr_line' id='line_1_46' title="bbox 296 3809 3703 3892; baseline 0.002 -26"><span class='ocrx_word' id='word_1_538' title='bbox 296 3814 446 3882; x_wconf 90' lang='lat' dir='ltr'><strong>tum,</strong></span> <span class='ocrx_word' id='word_1_539' title='bbox 481 3826 665 3889; x_wconf 89' lang='lat' dir='ltr'><strong>quare</strong></span> <span class='ocrx_word' id='word_1_540' title='bbox 723 3827 935 3890; x_wconf 89' lang='lat' dir='ltr'><strong>aquam</strong></span> <span class='ocrx_word' id='word_1_541' title='bbox 995 3811 1364 3884; x_wconf 89' lang='lat' dir='ltr'><strong>calefacitis;</strong></span> <span class='ocrx_word' id='word_1_542' title='bbox 1419 3811 1469 3872; x_wconf 93' lang='lat' dir='ltr'><strong>si</strong></span> <span class='ocrx_word' id='word_1_543' title='bbox 1525 3830 1675 3892; x_wconf 90' lang='lat' dir='ltr'><strong>aqua</strong></span> <span class='ocrx_word' id='word_1_544' title='bbox 1706 3818 1962 3888; x_wconf 88' lang='lat' dir='ltr'><strong>tantum,</strong></span> <span class='ocrx_word' id='word_1_545' title='bbox 2050 3809 2562 3890; x_wconf 88' lang='lat' dir='ltr'><strong>etamplectimur.</strong></span> <span class='ocrx_word' id='word_1_546' title='bbox 2585 3811 2644 3873; x_wconf 88' lang='lat' dir='ltr'><strong>Si</strong></span> <span class='ocrx_word' id='word_1_547' title='bbox 2666 3811 3703 3892; x_wconf 72' lang='lat' dir='ltr'><strong>eniminterrogemusJudaeos,quid</strong></span> 
     </span>
    </p>
   </div>
   <div class='ocr_carea' id='block_1_47' title="bbox 297 3897 3709 3982">
    <p class='ocr_par' dir='ltr' id='par_1_47' title="bbox 297 3897 3709 3982">
     <span class='ocr_line' id='line_1_47' title="bbox 297 3897 3709 3982; baseline 0.001 -25"><span class='ocrx_word' id='word_1_548' title='bbox 297 3915 484 3977; x_wconf 89' lang='lat' dir='ltr'><strong>quare</strong></span> <span class='ocrx_word' id='word_1_549' title='bbox 545 3916 617 3961; x_wconf 86' lang='lat' dir='ltr'><strong>ex</strong></span> <span class='ocrx_word' id='word_1_550' title='bbox 669 3917 738 3962; x_wconf 91' lang='lat' dir='ltr'><strong>ea</strong></span> <span class='ocrx_word' id='word_1_551' title='bbox 787 3900 1110 3964; x_wconf 89' lang='lat' dir='ltr'><strong>calefacitis</strong></span> <span class='ocrx_word' id='word_1_552' title='bbox 1167 3901 1516 3982; x_wconf 83' lang='lat' dir='ltr'><strong>sanguinem</strong></span> <span class='ocrx_word' id='word_1_553' title='bbox 1570 3900 1839 3962; x_wconf 85' lang='lat' dir='ltr'><strong>Christi?</strong></span> <span class='ocrx_word' id='word_1_554' title='bbox 1897 3899 1958 3963; x_wconf 90' lang='lat' dir='ltr'><strong>Si</strong></span> <span class='ocrx_word' id='word_1_555' title='bbox 2047 3897 2354 3960; x_wconf 89' lang='lat' dir='ltr'><strong>celebrent</strong></span> <span class='ocrx_word' id='word_1_556' title='bbox 2379 3898 2440 3959; x_wconf 92' lang='lat' dir='ltr'><strong>in</strong></span> <span class='ocrx_word' id='word_1_557' title='bbox 2471 3899 3385 3982; x_wconf 71' lang='lat' dir='ltr'><strong>Sabbato?Respondcbunt:«</strong></span> <span class='ocrx_word' id='word_1_558' title='bbox 3415 3902 3709 3978; x_wconf 78' lang='lat' dir='ltr'><strong>Requiem</strong></span> 
     </span>
    </p>
   </div>
   <div class='ocr_carea' id='block_1_48' title="bbox 294 3986 3704 4072">
    <p class='ocr_par' dir='ltr' id='par_1_48' title="bbox 294 3986 3704 4072">
     <span class='ocr_line' id='line_1_48' title="bbox 294 3986 3704 4072; baseline 0.002 -25"><span class='ocrx_word' id='word_1_559' title='bbox 294 3987 1028 4070; x_wconf 82' lang='lat' dir='ltr'><strong>utrumquesimul,quare</strong></span> <span class='ocrx_word' id='word_1_560' title='bbox 1044 3999 1365 4072; x_wconf 89' lang='lat' dir='ltr'><strong>utrumque</strong></span> <span class='ocrx_word' id='word_1_561' title='bbox 1387 3990 1699 4068; x_wconf 56' lang='lat' dir='ltr'><strong>simulinon</strong></span> <span class='ocrx_word' id='word_1_562' title='bbox 1723 3988 1959 4052; x_wconf 84' lang='lat' dir='ltr'><strong>caleﬂt?</strong></span> <span class='ocrx_word' id='word_1_563' title='bbox 2041 3986 2303 4050; x_wconf 89' lang='lat' dir='ltr'><strong>Domini.</strong></span> <span class='ocrx_word' id='word_1_564' title='bbox 2338 4009 2366 4048; x_wconf 82' lang='lat'>»</span> <span class='ocrx_word' id='word_1_565' title='bbox 2404 3987 2465 4051; x_wconf 92' lang='lat' dir='ltr'><strong>Si</strong></span> <span class='ocrx_word' id='word_1_566' title='bbox 2498 3988 2757 4065; x_wconf 79' lang='lat' dir='ltr'><strong>Graecos,</strong></span> <span class='ocrx_word' id='word_1_567' title='bbox 2809 3990 2970 4052; x_wconf 90' lang='lat' dir='ltr'><strong>idem</strong></span> <span class='ocrx_word' id='word_1_568' title='bbox 3027 3999 3084 4052; x_wconf 93' lang='lat' dir='ltr'><strong>et</strong></span> <span class='ocrx_word' id='word_1_569' title='bbox 3141 4011 3263 4053; x_wconf 91' lang='lat' dir='ltr'><strong>non</strong></span> <span class='ocrx_word' id='word_1_570' title='bbox 3293 3992 3450 4054; x_wconf 89' lang='lat' dir='ltr'><strong>aliud</strong></span> <span class='ocrx_word' id='word_1_571' title='bbox 3480 3991 3704 4055; x_wconf 88' lang='lat' dir='ltr'><strong>dicent.</strong></span> 
     </span>
    </p>
   </div>
   <div class='ocr_carea' id='block_1_49' title="bbox 293 4075 3714 4163">
    <p class='ocr_par' dir='ltr' id='par_1_49' title="bbox 293 4075 3714 4163">
     <span class='ocr_line' id='line_1_49' title="bbox 293 4075 3714 4163; baseline 0.001 -25"><span class='ocrx_word' id='word_1_572' title='bbox 293 4077 416 4138; x_wconf 91' lang='lat' dir='ltr'><strong>Sed</strong></span> <span class='ocrx_word' id='word_1_573' title='bbox 449 4078 618 4157; x_wconf 85' lang='lat' dir='ltr'><strong>cujus</strong></span> <span class='ocrx_word' id='word_1_574' title='bbox 649 4077 773 4140; x_wconf 90' lang='lat' dir='ltr'><strong>visu</strong></span> <span class='ocrx_word' id='word_1_575' title='bbox 805 4081 890 4142; x_wconf 90' lang='lat' dir='ltr'><strong>tel</strong></span> <span class='ocrx_word' id='word_1_576' title='bbox 918 4086 1074 4142; x_wconf 90' lang='lat' dir='ltr'><strong>tactu</strong></span> <span class='ocrx_word' id='word_1_577' title='bbox 1108 4081 1300 4162; x_wconf 88' lang='lat' dir='ltr'><strong>potuit</strong></span> <span class='ocrx_word' id='word_1_578' title='bbox 1329 4079 1616 4155; x_wconf 91' lang='lat' dir='ltr'><strong>discerni,</strong></span> <span class='ocrx_word' id='word_1_579' title='bbox 1651 4079 1959 4160; x_wconf 88' lang='lat' dir='ltr'><strong>quodlibet</strong></span> <span class='ocrx_word' id='word_1_580' title='bbox 2041 4075 2193 4156; x_wconf 87' lang='lat' dir='ltr'><strong>Ergo</strong></span> <span class='ocrx_word' id='word_1_581' title='bbox 2226 4079 2334 4140; x_wconf 89' lang='lat' dir='ltr'><strong>sub</strong></span> <span class='ocrx_word' id='word_1_582' title='bbox 2366 4078 2650 4141; x_wconf 91' lang='lat' dir='ltr'><strong>servitute</strong></span> <span class='ocrx_word' id='word_1_583' title='bbox 2681 4079 2829 4159; x_wconf 81' lang='lat' dir='ltr'><strong>legis</strong></span> <span class='ocrx_word' id='word_1_584' title='bbox 2887 4093 3046 4144; x_wconf 88' lang='lat' dir='ltr'><strong>sunt.</strong></span> <span class='ocrx_word' id='word_1_585' title='bbox 3106 4080 3174 4142; x_wconf 92' lang='lat' dir='ltr'><strong>In</strong></span> <span class='ocrx_word' id='word_1_586' title='bbox 3207 4084 3377 4163; x_wconf 87' lang='lat' dir='ltr'><strong>cujus</strong></span> <span class='ocrx_word' id='word_1_587' title='bbox 3408 4081 3621 4144; x_wconf 89' lang='lat' dir='ltr'><strong>umbra</strong></span> <span class='ocrx_word' id='word_1_588' title='bbox 3653 4091 3714 4143; x_wconf 93' lang='lat' dir='ltr'><strong>et</strong></span> 
     </span>
    </p>
   </div>
   <div class='ocr_carea' id='block_1_50' title="bbox 296 4163 2772 4250">
    <p class='ocr_par' dir='ltr' id='par_1_50' title="bbox 296 4163 2772 4250">
     <span class='ocr_line' id='line_1_50' title="bbox 296 4163 2772 4250; baseline 0.002 -24"><span class='ocrx_word' id='word_1_589' title='bbox 296 4165 511 4228; x_wconf 88' lang='lat' dir='ltr'><strong>borum</strong></span> <span class='ocrx_word' id='word_1_590' title='bbox 526 4166 778 4228; x_wconf 90' lang='lat' dir='ltr'><strong>duorum</strong></span> <span class='ocrx_word' id='word_1_591' title='bbox 792 4187 859 4230; x_wconf 91' lang='lat' dir='ltr'><strong>ex</strong></span> <span class='ocrx_word' id='word_1_592' title='bbox 884 4188 1002 4231; x_wconf 92' lang='lat' dir='ltr'><strong>uno</strong></span> <span class='ocrx_word' id='word_1_593' title='bbox 1025 4169 1272 4231; x_wconf 91' lang='lat' dir='ltr'><strong>vulnere</strong></span> <span class='ocrx_word' id='word_1_594' title='bbox 1289 4169 1466 4231; x_wconf 92' lang='lat' dir='ltr'><strong>simul</strong></span> <span class='ocrx_word' id='word_1_595' title='bbox 1490 4168 1954 4250; x_wconf 79' lang='lat' dir='ltr'><strong>erumpentium,</strong></span> <span class='ocrx_word' id='word_1_596' title='bbox 2045 4163 2315 4227; x_wconf 92' lang='lat' dir='ltr'><strong>tenebris</strong></span> <span class='ocrx_word' id='word_1_597' title='bbox 2345 4167 2772 4232; x_wconf 91' lang='lat' dir='ltr'><strong>consederunt.</strong></span> 
     </span>
    </p>
   </div>
   <div class='ocr_carea' id='block_1_51' title="bbox 295 4252 3713 4340">
    <p class='ocr_par' dir='ltr' id='par_1_51' title="bbox 295 4252 3713 4340">
     <span class='ocr_line' id='line_1_51' title="bbox 295 4252 3713 4340; baseline 0.001 -23"><span class='ocrx_word' id='word_1_598' title='bbox 295 4254 555 4317; x_wconf 88' lang='lat' dir='ltr'><strong>calidum</strong></span> <span class='ocrx_word' id='word_1_599' title='bbox 584 4265 684 4318; x_wconf 91' lang='lat' dir='ltr'><strong>aut</strong></span> <span class='ocrx_word' id='word_1_600' title='bbox 703 4257 981 4337; x_wconf 85' lang='lat' dir='ltr'><strong>frigidum</strong></span> <span class='ocrx_word' id='word_1_601' title='bbox 1011 4258 1234 4320; x_wconf 86' lang='lat' dir='ltr'><strong>fuisse?</strong></span> <span class='ocrx_word' id='word_1_602' title='bbox 1264 4259 1558 4321; x_wconf 62' lang='lat' dir='ltr'><strong>Praeterea</strong></span> <span class='ocrx_word' id='word_1_603' title='bbox 1587 4258 1636 4318; x_wconf 91' lang='lat' dir='ltr'><strong>si</strong></span> <span class='ocrx_word' id='word_1_604' title='bbox 1684 4277 1834 4339; x_wconf 92' lang='lat' dir='ltr'><strong>aqua</strong></span> <span class='ocrx_word' id='word_1_605' title='bbox 1863 4259 1965 4320; x_wconf 86' lang='lat' dir='ltr'><strong>illa</strong></span> <span class='ocrx_word' id='word_1_606' title='bbox 2126 4252 2231 4316; x_wconf 85' lang='lat' dir='ltr'><strong>XI.</strong></span> <span class='ocrx_word' id='word_1_607' title='bbox 2265 4255 2496 4317; x_wconf 91' lang='lat' dir='ltr'><strong>Deinde</strong></span> <span class='ocrx_word' id='word_1_608' title='bbox 2527 4270 2659 4337; x_wconf 89' lang='lat' dir='ltr'><strong>post</strong></span> <span class='ocrx_word' id='word_1_609' title='bbox 2691 4258 2902 4321; x_wconf 88' lang='lat' dir='ltr'><strong>inanes</strong></span> <span class='ocrx_word' id='word_1_610' title='bbox 2933 4260 3180 4322; x_wconf 88' lang='lat' dir='ltr'><strong>latratus</strong></span> <span class='ocrx_word' id='word_1_611' title='bbox 3207 4278 3389 4340; x_wconf 87' lang='lat' dir='ltr'><strong>super</strong></span> <span class='ocrx_word' id='word_1_612' title='bbox 3427 4259 3713 4321; x_wconf 91' lang='lat' dir='ltr'><strong>vocabulo</strong></span> 
     </span>
    </p>
   </div>
   <div class='ocr_carea' id='block_1_52' title="bbox 298 4345 3714 4429">
    <p class='ocr_par' dir='ltr' id='par_1_52' title="bbox 298 4345 3714 4429">
     <span class='ocr_line' id='line_1_52' title="bbox 298 4345 3714 4429; baseline 0.001 -23"><span class='ocrx_word' id='word_1_613' title='bbox 298 4345 503 4420; x_wconf 88' lang='lat' dir='ltr'><strong>caluit,</strong></span> <span class='ocrx_word' id='word_1_614' title='bbox 527 4364 708 4427; x_wconf 90' lang='lat' dir='ltr'><strong>quare</strong></span> <span class='ocrx_word' id='word_1_615' title='bbox 732 4356 790 4409; x_wconf 91' lang='lat' dir='ltr'><strong>et</strong></span> <span class='ocrx_word' id='word_1_616' title='bbox 835 4366 987 4428; x_wconf 88' lang='lat' dir='ltr'><strong>aqua</strong></span> <span class='ocrx_word' id='word_1_617' title='bbox 1033 4347 1404 4429; x_wconf 89' lang='lat' dir='ltr'><strong>baptismatis</strong></span> <span class='ocrx_word' id='word_1_618' title='bbox 1426 4367 1544 4410; x_wconf 90' lang='lat' dir='ltr'><strong>non</strong></span> <span class='ocrx_word' id='word_1_619' title='bbox 1576 4348 1792 4428; x_wconf 82' lang='lat' dir='ltr'><strong>caleﬁt,</strong></span> <span class='ocrx_word' id='word_1_620' title='bbox 1827 4367 1962 4410; x_wconf 91' lang='lat' dir='ltr'><strong>cum</strong></span> <span class='ocrx_word' id='word_1_621' title='bbox 2048 4347 2238 4424; x_wconf 86' lang='lat' dir='ltr'><strong>panis,</strong></span> <span class='ocrx_word' id='word_1_622' title='bbox 2262 4345 2548 4407; x_wconf 89' lang='lat' dir='ltr'><strong>reduxisti</strong></span> <span class='ocrx_word' id='word_1_623' title='bbox 2571 4348 2742 4409; x_wconf 92' lang='lat' dir='ltr'><strong>nobis</strong></span> <span class='ocrx_word' id='word_1_624' title='bbox 2764 4367 2953 4410; x_wconf 88' lang='lat' dir='ltr'><strong>annos</strong></span> <span class='ocrx_word' id='word_1_625' title='bbox 2976 4349 3049 4410; x_wconf 92' lang='lat' dir='ltr'><strong>ab</strong></span> <span class='ocrx_word' id='word_1_626' title='bbox 3071 4349 3244 4411; x_wconf 90' lang='lat' dir='ltr'><strong>initio</strong></span> <span class='ocrx_word' id='word_1_627' title='bbox 3269 4348 3500 4424; x_wconf 90' lang='lat' dir='ltr'><strong>mundi,</strong></span> <span class='ocrx_word' id='word_1_628' title='bbox 3523 4367 3714 4428; x_wconf 79' lang='lat' dir='ltr'><strong>usque</strong></span> 
     </span>
    </p>
   </div>
   <div class='ocr_carea' id='block_1_53' title="bbox 300 4432 3716 4526">
    <p class='ocr_par' dir='ltr' id='par_1_53' title="bbox 300 4432 3716 4526">
     <span class='ocr_line' id='line_1_53' title="bbox 300 4432 3716 4526; baseline 0.001 -30"><span class='ocrx_word' id='word_1_629' title='bbox 300 4435 602 4516; x_wconf 63' lang='lat' dir='ltr'><strong>praecipue</strong></span> <span class='ocrx_word' id='word_1_630' title='bbox 629 4435 760 4517; x_wconf 91' lang='lat' dir='ltr'><strong>ipsa</strong></span> <span class='ocrx_word' id='word_1_631' title='bbox 777 4435 1132 4517; x_wconf 87' lang='lat' dir='ltr'><strong>baptismum</strong></span> <span class='ocrx_word' id='word_1_632' title='bbox 1154 4437 1962 4526; x_wconf 82' lang='lat' dir='ltr'><strong>praeﬁguravitsicutsanguis</strong></span> <span class='ocrx_word' id='word_1_633' title='bbox 1982 4443 2026 4492; x_wconf 95' lang='lat' dir='ltr'><strong>D</strong></span> <span class='ocrx_word' id='word_1_634' title='bbox 2045 4432 2476 4526; x_wconf 84' lang='lat' dir='ltr'><strong>adpassionem</strong></span> <span class='ocrx_word' id='word_1_635' title='bbox 2504 4437 2746 4512; x_wconf 90' lang='lat' dir='ltr'><strong>Christi,</strong></span> <span class='ocrx_word' id='word_1_636' title='bbox 2791 4437 3027 4518; x_wconf 85' lang='lat' dir='ltr'><strong>quando</strong></span> <span class='ocrx_word' id='word_1_637' title='bbox 3062 4438 3390 4500; x_wconf 91' lang='lat' dir='ltr'><strong>secundum</strong></span> <span class='ocrx_word' id='word_1_638' title='bbox 3436 4445 3496 4500; x_wconf 94' lang='lat' dir='ltr'><strong>te</strong></span> <span class='ocrx_word' id='word_1_639' title='bbox 3517 4438 3716 4518; x_wconf 86' lang='lat' dir='ltr'><strong>cyclus</strong></span> 
     </span>
    </p>
   </div>
   <div class='ocr_carea' id='block_1_54' title="bbox 300 4523 3716 4608">
    <p class='ocr_par' dir='ltr' id='par_1_54' title="bbox 300 4523 3716 4608">
     <span class='ocr_line' id='line_1_54' title="bbox 300 4523 3716 4608; baseline 0 -22"><span class='ocrx_word' id='word_1_640' title='bbox 300 4523 781 4606; x_wconf 86' lang='lat' dir='ltr'><strong>redemptionem</strong></span> <span class='ocrx_word' id='word_1_641' title='bbox 795 4527 1107 4589; x_wconf 72' lang='lat' dir='ltr'><strong>‘Ivolumus</strong></span> <span class='ocrx_word' id='word_1_642' title='bbox 1125 4535 1320 4589; x_wconf 91' lang='lat' dir='ltr'><strong>autem</strong></span> <span class='ocrx_word' id='word_1_643' title='bbox 1337 4526 1493 4589; x_wconf 88' lang='lat' dir='ltr'><strong>scire</strong></span> <span class='ocrx_word' id='word_1_644' title='bbox 1510 4523 1967 4608; x_wconf 82' lang='lat' dir='ltr'><strong>quaiutentione</strong></span> <span class='ocrx_word' id='word_1_645' title='bbox 2049 4524 2259 4584; x_wconf 91' lang='lat' dir='ltr'><strong>solaris</strong></span> <span class='ocrx_word' id='word_1_646' title='bbox 2289 4533 2416 4586; x_wconf 92' lang='lat' dir='ltr'><strong>erat</strong></span> <span class='ocrx_word' id='word_1_647' title='bbox 2438 4543 2581 4588; x_wconf 83' lang='lat' dir='ltr'><strong>xvut</strong></span> <span class='ocrx_word' id='word_1_648' title='bbox 2605 4540 2667 4587; x_wconf 88' lang='lat' dir='ltr'><strong>et</strong></span> <span class='ocrx_word' id='word_1_649' title='bbox 2690 4527 2846 4590; x_wconf 82' lang='lat' dir='ltr'><strong>lunae</strong></span> <span class='ocrx_word' id='word_1_650' title='bbox 2865 4545 2901 4588; x_wconf 93' lang='lat' dir='ltr'><strong>v</strong></span> <span class='ocrx_word' id='word_1_651' title='bbox 2922 4545 2936 4589; x_wconf 88' lang='lat'>:</span> <span class='ocrx_word' id='word_1_652' title='bbox 2961 4537 3024 4589; x_wconf 92' lang='lat' dir='ltr'><strong>ut</strong></span> <span class='ocrx_word' id='word_1_653' title='bbox 3052 4529 3165 4590; x_wconf 90' lang='lat' dir='ltr'><strong>hoc</strong></span> <span class='ocrx_word' id='word_1_654' title='bbox 3187 4528 3398 4589; x_wconf 87' lang='lat' dir='ltr'><strong>saltem</strong></span> <span class='ocrx_word' id='word_1_655' title='bbox 3430 4527 3716 4606; x_wconf 80' lang='lat' dir='ltr'><strong>figmento</strong></span> 
     </span>
    </p>
   </div>
   <div class='ocr_carea' id='block_1_55' title="bbox 303 4612 3721 4698">
    <p class='ocr_par' dir='ltr' id='par_1_55' title="bbox 303 4612 3721 4698">
     <span class='ocr_line' id='line_1_55' title="bbox 303 4612 3721 4698; baseline 0 -23"><span class='ocrx_word' id='word_1_656' title='bbox 303 4619 530 4675; x_wconf 86' lang='lat' dir='ltr'><strong>costam</strong></span> <span class='ocrx_word' id='word_1_657' title='bbox 563 4615 782 4677; x_wconf 91' lang='lat' dir='ltr'><strong>Christi</strong></span> <span class='ocrx_word' id='word_1_658' title='bbox 808 4615 1247 4678; x_wconf 90' lang='lat' dir='ltr'><strong>immaculatam</strong></span> <span class='ocrx_word' id='word_1_659' title='bbox 1280 4615 1508 4676; x_wconf 86' lang='lat' dir='ltr'><strong>dixeris</strong></span> <span class='ocrx_word' id='word_1_660' title='bbox 1539 4615 1564 4678; x_wconf 84' lang='lat'>?</span> <span class='ocrx_word' id='word_1_661' title='bbox 1590 4614 1652 4678; x_wconf 87' lang='lat' dir='ltr'><strong>Si</strong></span> <span class='ocrx_word' id='word_1_662' title='bbox 1684 4633 1790 4696; x_wconf 89' lang='lat' dir='ltr'><strong>pro</strong></span> <span class='ocrx_word' id='word_1_663' title='bbox 1822 4633 1962 4676; x_wconf 90' lang='lat' dir='ltr'><strong>san-</strong></span> <span class='ocrx_word' id='word_1_664' title='bbox 2051 4612 2240 4692; x_wconf 87' lang='lat' dir='ltr'><strong>possis</strong></span> <span class='ocrx_word' id='word_1_665' title='bbox 2267 4613 2516 4676; x_wconf 85' lang='lat' dir='ltr'><strong>evadere</strong></span> <span class='ocrx_word' id='word_1_666' title='bbox 2547 4635 2681 4677; x_wconf 93' lang='lat' dir='ltr'><strong>cum</strong></span> <span class='ocrx_word' id='word_1_667' title='bbox 2704 4617 2995 4678; x_wconf 90' lang='lat' dir='ltr'><strong>fermento</strong></span> <span class='ocrx_word' id='word_1_668' title='bbox 3022 4627 3145 4698; x_wconf 84' lang='lat' dir='ltr'><strong>tuo,</strong></span> <span class='ocrx_word' id='word_1_669' title='bbox 3177 4616 3346 4698; x_wconf 89' lang='lat' dir='ltr'><strong>quasi</strong></span> <span class='ocrx_word' id='word_1_670' title='bbox 3375 4616 3545 4696; x_wconf 87' lang='lat' dir='ltr'><strong>juxta</strong></span> <span class='ocrx_word' id='word_1_671' title='bbox 3565 4617 3721 4676; x_wconf 87' lang='lat' dir='ltr'><strong>hanc</strong></span> 
     </span>
    </p>
   </div>
   <div class='ocr_carea' id='block_1_56' title="bbox 303 4702 3721 4786">
    <p class='ocr_par' dir='ltr' id='par_1_56' title="bbox 303 4702 3721 4786">
     <span class='ocr_line' id='line_1_56' title="bbox 303 4702 3721 4786; baseline 0 -23"><span class='ocrx_word' id='word_1_672' title='bbox 303 4702 509 4764; x_wconf 89' lang='lat' dir='ltr'><strong>ctitate</strong></span> <span class='ocrx_word' id='word_1_673' title='bbox 538 4705 1228 4786; x_wconf 81' lang='lat' dir='ltr'><strong>etinnocentiazoptime</strong></span> <span class='ocrx_word' id='word_1_674' title='bbox 1259 4705 1345 4781; x_wconf 85' lang='lat' dir='ltr'><strong>;si</strong></span> <span class='ocrx_word' id='word_1_675' title='bbox 1367 4711 1564 4768; x_wconf 86' lang='lat' dir='ltr'><strong>autem</strong></span> <span class='ocrx_word' id='word_1_676' title='bbox 1589 4722 1694 4785; x_wconf 91' lang='lat' dir='ltr'><strong>pro</strong></span> <span class='ocrx_word' id='word_1_677' title='bbox 1723 4722 1792 4766; x_wconf 91' lang='lat' dir='ltr'><strong>eo</strong></span> <span class='ocrx_word' id='word_1_678' title='bbox 1807 4705 1966 4785; x_wconf 91' lang='lat' dir='ltr'><strong>quod</strong></span> <span class='ocrx_word' id='word_1_679' title='bbox 2049 4703 2541 4783; x_wconf 89' lang='lat' dir='ltr'><strong>supputationem</strong></span> <span class='ocrx_word' id='word_1_680' title='bbox 2577 4717 2765 4780; x_wconf 90' lang='lat' dir='ltr'><strong>tuam,</strong></span> <span class='ocrx_word' id='word_1_681' title='bbox 2831 4714 3110 4768; x_wconf 85' lang='lat' dir='ltr'><strong>occurrat</strong></span> <span class='ocrx_word' id='word_1_682' title='bbox 3165 4706 3228 4768; x_wconf 91' lang='lat' dir='ltr'><strong>in</strong></span> <span class='ocrx_word' id='word_1_683' title='bbox 3285 4724 3454 4767; x_wconf 70' lang='lat' dir='ltr'><strong>coena</strong></span> <span class='ocrx_word' id='word_1_684' title='bbox 3481 4703 3721 4767; x_wconf 88' lang='lat' dir='ltr'><strong>Domini</strong></span> 
     </span>
    </p>
   </div>
   <div class='ocr_carea' id='block_1_57' title="bbox 305 4790 3724 4878">
    <p class='ocr_par' dir='ltr' id='par_1_57' title="bbox 305 4790 3724 4878">
     <span class='ocr_line' id='line_1_57' title="bbox 305 4790 3724 4878; baseline 0 -24"><span class='ocrx_word' id='word_1_685' title='bbox 305 4793 779 4872; x_wconf 90' lang='lat' dir='ltr'><strong>impenetrabilis</strong></span> <span class='ocrx_word' id='word_1_686' title='bbox 807 4795 964 4858; x_wconf 87' lang='lat' dir='ltr'><strong>ferro</strong></span> <span class='ocrx_word' id='word_1_687' title='bbox 1011 4795 1168 4857; x_wconf 87' lang='lat' dir='ltr'><strong>fuit:</strong></span> <span class='ocrx_word' id='word_1_688' title='bbox 1206 4796 1507 4874; x_wconf 87' lang='lat' dir='ltr'><strong>pessime;</strong></span> <span class='ocrx_word' id='word_1_689' title='bbox 1568 4793 1707 4875; x_wconf 90' lang='lat' dir='ltr'><strong>quia</strong></span> <span class='ocrx_word' id='word_1_690' title='bbox 1735 4795 1808 4856; x_wconf 91' lang='lat' dir='ltr'><strong>de</strong></span> <span class='ocrx_word' id='word_1_691' title='bbox 1836 4813 1976 4878; x_wconf 86' lang='lat' dir='ltr'><strong>vero</strong></span> <span class='ocrx_word' id='word_1_692' title='bbox 2063 4790 2202 4853; x_wconf 91' lang='lat' dir='ltr'><strong>luna</strong></span> <span class='ocrx_word' id='word_1_693' title='bbox 2229 4808 2356 4868; x_wconf 83' lang='lat' dir='ltr'><strong>xm,</strong></span> <span class='ocrx_word' id='word_1_694' title='bbox 2417 4793 2478 4854; x_wconf 91' lang='lat' dir='ltr'><strong>in</strong></span> <span class='ocrx_word' id='word_1_695' title='bbox 2517 4813 2633 4874; x_wconf 91' lang='lat' dir='ltr'><strong>qua</strong></span> <span class='ocrx_word' id='word_1_696' title='bbox 2692 4795 2955 4857; x_wconf 90' lang='lat' dir='ltr'><strong>nondum</strong></span> <span class='ocrx_word' id='word_1_697' title='bbox 3017 4796 3375 4858; x_wconf 81' lang='lat' dir='ltr'><strong>fermentum</strong></span> <span class='ocrx_word' id='word_1_698' title='bbox 3423 4793 3724 4874; x_wconf 90' lang='lat' dir='ltr'><strong>abjecerat</strong></span> 
     </span>
    </p>
   </div>
   <div class='ocr_carea' id='block_1_58' title="bbox 304 4879 3723 4966">
    <p class='ocr_par' dir='ltr' id='par_1_58' title="bbox 304 4879 3723 4966">
     <span class='ocr_line' id='line_1_58' title="bbox 304 4879 3723 4966; baseline 0 -24"><span class='ocrx_word' id='word_1_699' title='bbox 304 4884 556 4946; x_wconf 86' lang='lat' dir='ltr'><strong>vulnere</strong></span> <span class='ocrx_word' id='word_1_700' title='bbox 583 4903 808 4963; x_wconf 89' lang='lat' dir='ltr'><strong>verum,</strong></span> <span class='ocrx_word' id='word_1_701' title='bbox 843 4904 961 4947; x_wconf 90' lang='lat' dir='ltr'><strong>non</strong></span> <span class='ocrx_word' id='word_1_702' title='bbox 995 4885 1459 4966; x_wconf 90' lang='lat' dir='ltr'><strong>pbantasticum,</strong></span> <span class='ocrx_word' id='word_1_703' title='bbox 1487 4883 1837 4963; x_wconf 89' lang='lat' dir='ltr'><strong>sanguinem</strong></span> <span class='ocrx_word' id='word_1_704' title='bbox 1870 4902 1976 4965; x_wconf 90' lang='lat' dir='ltr'><strong>pro</strong></span> <span class='ocrx_word' id='word_1_705' title='bbox 2063 4879 2231 4960; x_wconf 88' lang='lat' dir='ltr'><strong>plebs</strong></span> <span class='ocrx_word' id='word_1_706' title='bbox 2247 4879 2516 4945; x_wconf 79' lang='lat' dir='ltr'><strong>Hebraea.</strong></span> <span class='ocrx_word' id='word_1_707' title='bbox 2541 4884 2656 4945; x_wconf 91' lang='lat' dir='ltr'><strong>Sed</strong></span> <span class='ocrx_word' id='word_1_708' title='bbox 2673 4903 2782 4946; x_wconf 92' lang='lat' dir='ltr'><strong>nos</strong></span> <span class='ocrx_word' id='word_1_709' title='bbox 2816 4883 3293 4966; x_wconf 81' lang='lat' dir='ltr'><strong>chronograpbis</strong></span> <span class='ocrx_word' id='word_1_710' title='bbox 3335 4881 3723 4945; x_wconf 88' lang='lat' dir='ltr'><strong>etcalculato—</strong></span> 
     </span>
    </p>
   </div>
   <div class='ocr_carea' id='block_1_59' title="bbox 307 4970 1977 5052">
    <p class='ocr_par' dir='ltr' id='par_1_59' title="bbox 307 4970 1977 5052">
     <span class='ocr_line' id='line_1_59' title="bbox 307 4970 1977 5052; baseline 0.001 -19"><span class='ocrx_word' id='word_1_711' title='bbox 307 4970 486 5034; x_wconf 87' lang='lat' dir='ltr'><strong>nobis</strong></span> <span class='ocrx_word' id='word_1_712' title='bbox 507 4972 679 5038; x_wconf 87' lang='lat' dir='ltr'><strong>fudit.</strong></span> <span class='ocrx_word' id='word_1_713' title='bbox 711 4974 784 5038; x_wconf 91' lang='lat' dir='ltr'><strong>Et</strong></span> <span class='ocrx_word' id='word_1_714' title='bbox 806 4993 926 5037; x_wconf 91' lang='lat' dir='ltr'><strong>non</strong></span> <span class='ocrx_word' id='word_1_715' title='bbox 948 4973 1023 5038; x_wconf 88' lang='lat' dir='ltr'><strong>de</strong></span> <span class='ocrx_word' id='word_1_716' title='bbox 1052 4982 1237 5052; x_wconf 89' lang='lat' dir='ltr'><strong>costa,</strong></span> <span class='ocrx_word' id='word_1_717' title='bbox 1266 4975 1501 5036; x_wconf 90' lang='lat' dir='ltr'><strong>sicuttu</strong></span> <span class='ocrx_word' id='word_1_718' title='bbox 1519 4973 1756 5048; x_wconf 89' lang='lat' dir='ltr'><strong>scribis,</strong></span> <span class='ocrx_word' id='word_1_719' title='bbox 1783 4974 1888 5034; x_wconf 82' lang='lat' dir='ltr'><strong>sed</strong></span> <span class='ocrx_word' id='word_1_720' title='bbox 1901 4972 1977 5035; x_wconf 91' lang='lat' dir='ltr'><strong>de</strong></span> 
     </span>
    </p>
   </div>
   <div class='ocr_carea' id='block_1_60' title="bbox 309 5061 1977 5144">
    <p class='ocr_par' dir='ltr' id='par_1_60' title="bbox 309 5061 1977 5144">
     <span class='ocr_line' id='line_1_60' title="bbox 309 5061 1977 5144; baseline -0.001 -20"><span class='ocrx_word' id='word_1_721' title='bbox 309 5062 522 5138; x_wconf 88' lang='lat' dir='ltr'><strong>latere,</strong></span> <span class='ocrx_word' id='word_1_722' title='bbox 547 5063 684 5144; x_wconf 89' lang='lat' dir='ltr'><strong>quia</strong></span> <span class='ocrx_word' id='word_1_723' title='bbox 709 5083 775 5128; x_wconf 91' lang='lat' dir='ltr'><strong>os</strong></span> <span class='ocrx_word' id='word_1_724' title='bbox 792 5065 1147 5143; x_wconf 88' lang='lat' dir='ltr'><strong>sanguinem</strong></span> <span class='ocrx_word' id='word_1_725' title='bbox 1171 5083 1292 5126; x_wconf 91' lang='lat' dir='ltr'><strong>non</strong></span> <span class='ocrx_word' id='word_1_726' title='bbox 1322 5063 1475 5125; x_wconf 92' lang='lat' dir='ltr'><strong>solet</strong></span> <span class='ocrx_word' id='word_1_727' title='bbox 1519 5061 1816 5139; x_wconf 89' lang='lat' dir='ltr'><strong>emittere,</strong></span> <span class='ocrx_word' id='word_1_728' title='bbox 1864 5081 1977 5124; x_wconf 92' lang='lat' dir='ltr'><strong>nec</strong></span> 
     </span>
    </p>
   </div>
   <div class='ocr_carea' id='block_1_61' title="bbox 310 5152 1718 5233">
    <p class='ocr_par' dir='ltr' id='par_1_61' title="bbox 310 5152 1718 5233">
     <span class='ocr_line' id='line_1_61' title="bbox 310 5152 1718 5233; baseline 0.001 -20"><span class='ocrx_word' id='word_1_729' title='bbox 310 5171 378 5214; x_wconf 94' lang='lat' dir='ltr'><strong>os</strong></span> <span class='ocrx_word' id='word_1_730' title='bbox 410 5152 841 5216; x_wconf 89' lang='lat' dir='ltr'><strong>comminutum</strong></span> <span class='ocrx_word' id='word_1_731' title='bbox 867 5155 976 5216; x_wconf 87' lang='lat' dir='ltr'><strong>fuit</strong></span> <span class='ocrx_word' id='word_1_732' title='bbox 999 5173 1070 5217; x_wconf 85' lang='lat' dir='ltr'><strong>ex</strong></span> <span class='ocrx_word' id='word_1_733' title='bbox 1099 5152 1412 5218; x_wconf 91' lang='lat' dir='ltr'><strong>Dominico</strong></span> <span class='ocrx_word' id='word_1_734' title='bbox 1443 5169 1718 5233; x_wconf 91' lang='lat' dir='ltr'><strong>corpore.</strong></span> 
     </span>
    </p>
   </div>
   <div class='ocr_carea' id='block_1_62' title="bbox 394 5240 1978 5326">
    <p class='ocr_par' dir='ltr' id='par_1_62' title="bbox 394 5240 1978 5326">
     <span class='ocr_line' id='line_1_62' title="bbox 394 5240 1978 5326; baseline 0.001 -24"><span class='ocrx_word' id='word_1_735' title='bbox 394 5240 548 5306; x_wconf 85' lang='lat' dir='ltr'><strong>VIII.</strong></span> <span class='ocrx_word' id='word_1_736' title='bbox 573 5244 865 5307; x_wconf 77' lang='lat' dir='ltr'><strong>Caeterum</strong></span> <span class='ocrx_word' id='word_1_737' title='bbox 896 5245 1054 5326; x_wconf 91' lang='lat' dir='ltr'><strong>quod</strong></span> <span class='ocrx_word' id='word_1_738' title='bbox 1088 5245 1256 5325; x_wconf 91' lang='lat' dir='ltr'><strong>panis</strong></span> <span class='ocrx_word' id='word_1_739' title='bbox 1313 5242 1390 5305; x_wconf 90' lang='lat' dir='ltr'><strong>sit</strong></span> <span class='ocrx_word' id='word_1_740' title='bbox 1422 5251 1480 5305; x_wconf 92' lang='lat' dir='ltr'><strong>et</strong></span> <span class='ocrx_word' id='word_1_741' title='bbox 1539 5242 1774 5305; x_wconf 85' lang='lat' dir='ltr'><strong>dicatur</strong></span> <span class='ocrx_word' id='word_1_742' title='bbox 1802 5241 1978 5305; x_wconf 88' lang='lat' dir='ltr'><strong>etiam</strong></span> 
     </span>
    </p>
   </div>
   <div class='ocr_carea' id='block_1_63' title="bbox 312 5331 1984 5415">
    <p class='ocr_par' dir='ltr' id='par_1_63' title="bbox 312 5331 1984 5415">
     <span class='ocr_line' id='line_1_63' title="bbox 312 5331 1984 5415; baseline -0.001 -20"><span class='ocrx_word' id='word_1_743' title='bbox 312 5350 577 5413; x_wconf 78' lang='lat' dir='ltr'><strong>azymus,</strong></span> <span class='ocrx_word' id='word_1_744' title='bbox 612 5340 677 5395; x_wconf 93' lang='lat' dir='ltr'><strong>et</strong></span> <span class='ocrx_word' id='word_1_745' title='bbox 703 5334 860 5415; x_wconf 91' lang='lat' dir='ltr'><strong>quod</strong></span> <span class='ocrx_word' id='word_1_746' title='bbox 893 5353 1010 5396; x_wconf 92' lang='lat' dir='ltr'><strong>non</strong></span> <span class='ocrx_word' id='word_1_747' title='bbox 1043 5353 1179 5396; x_wconf 91' lang='lat' dir='ltr'><strong>cum</strong></span> <span class='ocrx_word' id='word_1_748' title='bbox 1236 5331 1696 5414; x_wconf 90' lang='lat' dir='ltr'><strong>Theupaschitis</strong></span> <span class='ocrx_word' id='word_1_749' title='bbox 1725 5332 1785 5394; x_wconf 92' lang='lat' dir='ltr'><strong>in</strong></span> <span class='ocrx_word' id='word_1_750' title='bbox 1814 5351 1984 5394; x_wconf 89' lang='lat' dir='ltr'><strong>sacra</strong></span> 
     </span>
    </p>
   </div>
   <div class='ocr_carea' id='block_1_64' title="bbox 316 5421 1982 5506">
    <p class='ocr_par' dir='ltr' id='par_1_64' title="bbox 316 5421 1982 5506">
     <span class='ocr_line' id='line_1_64' title="bbox 316 5421 1982 5506; baseline 0 -24"><span class='ocrx_word' id='word_1_751' title='bbox 316 5421 618 5485; x_wconf 90' lang='lat' dir='ltr'><strong>oblatione</strong></span> <span class='ocrx_word' id='word_1_752' title='bbox 649 5441 942 5499; x_wconf 89' lang='lat' dir='ltr'><strong>erremus,</strong></span> <span class='ocrx_word' id='word_1_753' title='bbox 983 5432 1041 5487; x_wconf 94' lang='lat' dir='ltr'><strong>et</strong></span> <span class='ocrx_word' id='word_1_754' title='bbox 1072 5422 1231 5506; x_wconf 91' lang='lat' dir='ltr'><strong>quod</strong></span> <span class='ocrx_word' id='word_1_755' title='bbox 1287 5441 1406 5484; x_wconf 92' lang='lat' dir='ltr'><strong>non</strong></span> <span class='ocrx_word' id='word_1_756' title='bbox 1461 5439 1731 5500; x_wconf 85' lang='lat' dir='ltr'><strong>azymum</strong></span> <span class='ocrx_word' id='word_1_757' title='bbox 1763 5422 1982 5484; x_wconf 90' lang='lat' dir='ltr'><strong>veteris</strong></span> 
     </span>
    </p>
   </div>
   <div class='ocr_carea' id='block_1_65' title="bbox 317 5511 1987 5593">
    <p class='ocr_par' dir='ltr' id='par_1_65' title="bbox 317 5511 1987 5593">
     <span class='ocr_line' id='line_1_65' title="bbox 317 5511 1987 5593; baseline 0.001 -21"><span class='ocrx_word' id='word_1_758' title='bbox 317 5512 492 5589; x_wconf 90' lang='lat' dir='ltr'><strong>legis,</strong></span> <span class='ocrx_word' id='word_1_759' title='bbox 509 5513 612 5575; x_wconf 91' lang='lat' dir='ltr'><strong>sed</strong></span> <span class='ocrx_word' id='word_1_760' title='bbox 627 5513 984 5579; x_wconf 83' lang='lat' dir='ltr'><strong>sinceritatis</strong></span> <span class='ocrx_word' id='word_1_761' title='bbox 998 5521 1056 5576; x_wconf 89' lang='lat' dir='ltr'><strong>et</strong></span> <span class='ocrx_word' id='word_1_762' title='bbox 1076 5511 1338 5575; x_wconf 88' lang='lat' dir='ltr'><strong>veritatis</strong></span> <span class='ocrx_word' id='word_1_763' title='bbox 1359 5513 1768 5593; x_wconf 90' lang='lat' dir='ltr'><strong>comedamus,</strong></span> <span class='ocrx_word' id='word_1_764' title='bbox 1798 5511 1987 5592; x_wconf 87' lang='lat' dir='ltr'><strong>quod-</strong></span> 
     </span>
    </p>
   </div>
   <div class='ocr_carea' id='block_1_66' title="bbox 319 5599 1986 5684">
    <p class='ocr_par' dir='ltr' id='par_1_66' title="bbox 319 5599 1986 5684">
     <span class='ocr_line' id='line_1_66' title="bbox 319 5599 1986 5684; baseline -0.001 -21"><span class='ocrx_word' id='word_1_765' title='bbox 319 5621 438 5684; x_wconf 90' lang='lat' dir='ltr'><strong>que</strong></span> <span class='ocrx_word' id='word_1_766' title='bbox 468 5609 672 5665; x_wconf 74' lang='lat' dir='ltr'><strong>vetera</strong></span> <span class='ocrx_word' id='word_1_767' title='bbox 725 5603 1117 5680; x_wconf 88' lang='lat' dir='ltr'><strong>transierunt,</strong></span> <span class='ocrx_word' id='word_1_768' title='bbox 1167 5610 1226 5665; x_wconf 91' lang='lat' dir='ltr'><strong>et</strong></span> <span class='ocrx_word' id='word_1_769' title='bbox 1275 5601 1431 5664; x_wconf 89' lang='lat' dir='ltr'><strong>facta</strong></span> <span class='ocrx_word' id='word_1_770' title='bbox 1457 5609 1594 5665; x_wconf 91' lang='lat' dir='ltr'><strong>sunt</strong></span> <span class='ocrx_word' id='word_1_771' title='bbox 1635 5619 1808 5680; x_wconf 87' lang='lat' dir='ltr'><strong>nova,</strong></span> <span class='ocrx_word' id='word_1_772' title='bbox 1844 5599 1986 5663; x_wconf 91' lang='lat' dir='ltr'><strong>satis</strong></span> 
     </span>
    </p>
   </div>
   <div class='ocr_carea' id='block_1_67' title="bbox 320 5691 1418 5774">
    <p class='ocr_par' dir='ltr' id='par_1_67' title="bbox 320 5691 1418 5774">
     <span class='ocr_line' id='line_1_67' title="bbox 320 5691 1418 5774; baseline 0 -18"><span class='ocrx_word' id='word_1_773' title='bbox 320 5693 660 5757; x_wconf 88' lang='lat' dir='ltr'><strong>ostenditur</strong></span> <span class='ocrx_word' id='word_1_774' title='bbox 683 5695 748 5756; x_wconf 92' lang='lat' dir='ltr'><strong>in</strong></span> <span class='ocrx_word' id='word_1_775' title='bbox 768 5694 884 5758; x_wconf 88' lang='lat' dir='ltr'><strong>alia</strong></span> <span class='ocrx_word' id='word_1_776' title='bbox 913 5701 1116 5758; x_wconf 85' lang='lat' dir='ltr'><strong>nostra</strong></span> <span class='ocrx_word' id='word_1_777' title='bbox 1144 5691 1418 5774; x_wconf 90' lang='lat' dir='ltr'><strong>epistola.</strong></span> 
     </span>
    </p>
   </div>
   <div class='ocr_carea' id='block_1_68' title="bbox 2061 4969 3725 5054">
    <p class='ocr_par' dir='ltr' id='par_1_68' title="bbox 2061 4969 3725 5054">
     <span class='ocr_line' id='line_1_68' title="bbox 2061 4969 3725 5054; baseline 0.002 -24"><span class='ocrx_word' id='word_1_778' title='bbox 2061 4969 2228 5030; x_wconf 91' lang='lat' dir='ltr'><strong>ribus</strong></span> <span class='ocrx_word' id='word_1_779' title='bbox 2251 4969 2389 5033; x_wconf 90' lang='lat' dir='ltr'><strong>talia</strong></span> <span class='ocrx_word' id='word_1_780' title='bbox 2407 4973 2840 5054; x_wconf 90' lang='lat' dir='ltr'><strong>relinquentes,</strong></span> <span class='ocrx_word' id='word_1_781' title='bbox 2865 4973 3124 5036; x_wconf 85' lang='lat' dir='ltr'><strong>maxime</strong></span> <span class='ocrx_word' id='word_1_782' title='bbox 3149 4993 3283 5036; x_wconf 90' lang='lat' dir='ltr'><strong>cum</strong></span> <span class='ocrx_word' id='word_1_783' title='bbox 3310 4972 3467 5054; x_wconf 90' lang='lat' dir='ltr'><strong>apud</strong></span> <span class='ocrx_word' id='word_1_784' title='bbox 3487 4970 3725 5035; x_wconf 74' lang='lat' dir='ltr'><strong>Graecos</strong></span> 
     </span>
    </p>
   </div>
   <div class='ocr_carea' id='block_1_69' title="bbox 2062 5059 3727 5143">
    <p class='ocr_par' dir='ltr' id='par_1_69' title="bbox 2062 5059 3727 5143">
     <span class='ocr_line' id='line_1_69' title="bbox 2062 5059 3727 5143; baseline 0.001 -23"><span class='ocrx_word' id='word_1_785' title='bbox 2062 5076 2122 5120; x_wconf 80' lang='lat' dir='ltr'><strong>et</strong></span> <span class='ocrx_word' id='word_1_786' title='bbox 2147 5059 2386 5121; x_wconf 89' lang='lat' dir='ltr'><strong>Latinos</strong></span> <span class='ocrx_word' id='word_1_787' title='bbox 2415 5070 2590 5143; x_wconf 89' lang='lat' dir='ltr'><strong>atque</strong></span> <span class='ocrx_word' id='word_1_788' title='bbox 2641 5062 2924 5125; x_wconf 76' lang='lat' dir='ltr'><strong>Hebraeos</strong></span> <span class='ocrx_word' id='word_1_789' title='bbox 2957 5063 3210 5127; x_wconf 62' lang='lat' dir='ltr'><strong>diversae</strong></span> <span class='ocrx_word' id='word_1_790' title='bbox 3239 5064 3313 5125; x_wconf 88' lang='lat' dir='ltr'><strong>de</strong></span> <span class='ocrx_word' id='word_1_791' title='bbox 3357 5060 3727 5142; x_wconf 84' lang='lat' dir='ltr'><strong>temporibus</strong></span> 
     </span>
    </p>
   </div>
   <div class='ocr_carea' id='block_1_70' title="bbox 2064 5147 3728 5232">
    <p class='ocr_par' dir='ltr' id='par_1_70' title="bbox 2064 5147 3728 5232">
     <span class='ocr_line' id='line_1_70' title="bbox 2064 5147 3728 5232; baseline 0.002 -23"><span class='ocrx_word' id='word_1_792' title='bbox 2064 5147 2395 5212; x_wconf 89' lang='lat' dir='ltr'><strong>habeantur</strong></span> <span class='ocrx_word' id='word_1_793' title='bbox 2443 5151 2756 5215; x_wconf 89' lang='lat' dir='ltr'><strong>rationes:</strong></span> <span class='ocrx_word' id='word_1_794' title='bbox 2819 5153 2933 5215; x_wconf 89' lang='lat' dir='ltr'><strong>hoc</strong></span> <span class='ocrx_word' id='word_1_795' title='bbox 2988 5160 3220 5215; x_wconf 91' lang='lat' dir='ltr'><strong>tantum</strong></span> <span class='ocrx_word' id='word_1_796' title='bbox 3276 5153 3554 5227; x_wconf 88' lang='lat' dir='ltr'><strong>dicimus,</strong></span> <span class='ocrx_word' id='word_1_797' title='bbox 3590 5150 3728 5232; x_wconf 89' lang='lat' dir='ltr'><strong>quia</strong></span> 
     </span>
    </p>
   </div>
   <div class='ocr_carea' id='block_1_71' title="bbox 2067 5235 3731 5323">
    <p class='ocr_par' dir='ltr' id='par_1_71' title="bbox 2067 5235 3731 5323">
     <span class='ocr_line' id='line_1_71' title="bbox 2067 5235 3731 5323; baseline 0.001 -23"><span class='ocrx_word' id='word_1_798' title='bbox 2067 5235 2338 5300; x_wconf 89' lang='lat' dir='ltr'><strong>Christus</strong></span> <span class='ocrx_word' id='word_1_799' title='bbox 2359 5258 2470 5302; x_wconf 91' lang='lat' dir='ltr'><strong>nec</strong></span> <span class='ocrx_word' id='word_1_800' title='bbox 2492 5260 2676 5302; x_wconf 91' lang='lat' dir='ltr'><strong>unum</strong></span> <span class='ocrx_word' id='word_1_801' title='bbox 2700 5241 2820 5304; x_wconf 92' lang='lat' dir='ltr'><strong>iota</strong></span> <span class='ocrx_word' id='word_1_802' title='bbox 2844 5250 2944 5306; x_wconf 74' lang='lat' dir='ltr'><strong>aut</strong></span> <span class='ocrx_word' id='word_1_803' title='bbox 2972 5243 3200 5323; x_wconf 89' lang='lat' dir='ltr'><strong>apicem</strong></span> <span class='ocrx_word' id='word_1_804' title='bbox 3225 5243 3448 5304; x_wconf 88' lang='lat' dir='ltr'><strong>veteris</strong></span> <span class='ocrx_word' id='word_1_805' title='bbox 3466 5239 3614 5320; x_wconf 90' lang='lat' dir='ltr'><strong>legis</strong></span> <span class='ocrx_word' id='word_1_806' title='bbox 3636 5258 3731 5318; x_wconf 86' lang='lat' dir='ltr'><strong>re-</strong></span> 
     </span>
    </p>
   </div>
   <div class='ocr_carea' id='block_1_72' title="bbox 2068 5325 3727 5414">
    <p class='ocr_par' dir='ltr' id='par_1_72' title="bbox 2068 5325 3727 5414">
     <span class='ocr_line' id='line_1_72' title="bbox 2068 5325 3727 5414; baseline 0.002 -26"><span class='ocrx_word' id='word_1_807' title='bbox 2068 5325 2262 5392; x_wconf 92' lang='lat' dir='ltr'><strong>solvit.</strong></span> <span class='ocrx_word' id='word_1_808' title='bbox 2302 5327 2467 5392; x_wconf 90' lang='lat' dir='ltr'><strong>Unde</strong></span> <span class='ocrx_word' id='word_1_809' title='bbox 2499 5337 2556 5392; x_wconf 94' lang='lat' dir='ltr'><strong>et</strong></span> <span class='ocrx_word' id='word_1_810' title='bbox 2581 5349 2680 5397; x_wconf 83' lang='lat' dir='ltr'><strong>xw</strong></span> <span class='ocrx_word' id='word_1_811' title='bbox 2711 5331 2850 5394; x_wconf 89' lang='lat' dir='ltr'><strong>luna</strong></span> <span class='ocrx_word' id='word_1_812' title='bbox 2873 5332 2946 5394; x_wconf 90' lang='lat' dir='ltr'><strong>ad</strong></span> <span class='ocrx_word' id='word_1_813' title='bbox 2997 5351 3311 5414; x_wconf 91' lang='lat' dir='ltr'><strong>vesperum</strong></span> <span class='ocrx_word' id='word_1_814' title='bbox 3337 5330 3544 5413; x_wconf 89' lang='lat' dir='ltr'><strong>quinta</strong></span> <span class='ocrx_word' id='word_1_815' title='bbox 3573 5328 3727 5392; x_wconf 88' lang='lat' dir='ltr'><strong>Sab-</strong></span> 
     </span>
    </p>
   </div>
   <div class='ocr_carea' id='block_1_73' title="bbox 2065 5415 3729 5502">
    <p class='ocr_par' dir='ltr' id='par_1_73' title="bbox 2065 5415 3729 5502">
     <span class='ocr_line' id='line_1_73' title="bbox 2065 5415 3729 5502; baseline 0.002 -25"><span class='ocrx_word' id='word_1_816' title='bbox 2065 5415 2186 5478; x_wconf 90' lang='lat' dir='ltr'><strong>bati</strong></span> <span class='ocrx_word' id='word_1_817' title='bbox 2216 5416 2443 5480; x_wconf 88' lang='lat' dir='ltr'><strong>Pascha</strong></span> <span class='ocrx_word' id='word_1_818' title='bbox 2465 5419 2812 5502; x_wconf 88' lang='lat' dir='ltr'><strong>celebravit,</strong></span> <span class='ocrx_word' id='word_1_819' title='bbox 2848 5431 2905 5484; x_wconf 92' lang='lat' dir='ltr'><strong>et</strong></span> <span class='ocrx_word' id='word_1_820' title='bbox 2934 5441 3070 5483; x_wconf 85' lang='lat' dir='ltr'><strong>mox</strong></span> <span class='ocrx_word' id='word_1_821' title='bbox 3103 5421 3309 5483; x_wconf 90' lang='lat' dir='ltr'><strong>eadem</strong></span> <span class='ocrx_word' id='word_1_822' title='bbox 3345 5428 3517 5483; x_wconf 92' lang='lat' dir='ltr'><strong>nocte</strong></span> <span class='ocrx_word' id='word_1_823' title='bbox 3555 5437 3729 5482; x_wconf 89' lang='lat' dir='ltr'><strong>com-</strong></span> 
     </span>
    </p>
   </div>
   <div class='ocr_carea' id='block_1_74' title="bbox 2067 5506 3734 5594">
    <p class='ocr_par' dir='ltr' id='par_1_74' title="bbox 2067 5506 3734 5594">
     <span class='ocr_line' id='line_1_74' title="bbox 2067 5506 3734 5594; baseline 0.002 -27"><span class='ocrx_word' id='word_1_824' title='bbox 2067 5506 2423 5588; x_wconf 89' lang='lat' dir='ltr'><strong>prehensus,</strong></span> <span class='ocrx_word' id='word_1_825' title='bbox 2446 5511 2762 5573; x_wconf 83' lang='lat' dir='ltr'><strong>crucifixus</strong></span> <span class='ocrx_word' id='word_1_826' title='bbox 2787 5529 2878 5573; x_wconf 71' lang='lat' dir='ltr'><strong>esz</strong></span> <span class='ocrx_word' id='word_1_827' title='bbox 2905 5511 3345 5594; x_wconf 90' lang='lat' dir='ltr'><strong>quintadecima</strong></span> <span class='ocrx_word' id='word_1_828' title='bbox 3374 5511 3532 5586; x_wconf 91' lang='lat' dir='ltr'><strong>luna,</strong></span> <span class='ocrx_word' id='word_1_829' title='bbox 3559 5509 3618 5571; x_wconf 91' lang='lat' dir='ltr'><strong>id</strong></span> <span class='ocrx_word' id='word_1_830' title='bbox 3641 5517 3734 5571; x_wconf 92' lang='lat' dir='ltr'><strong>est</strong></span> 
     </span>
    </p>
   </div>
   <div class='ocr_carea' id='block_1_75' title="bbox 2067 5598 3736 5683">
    <p class='ocr_par' dir='ltr' id='par_1_75' title="bbox 2067 5598 3736 5683">
     <span class='ocr_line' id='line_1_75' title="bbox 2067 5598 3736 5683; baseline 0.001 -24"><span class='ocrx_word' id='word_1_831' title='bbox 2067 5605 2234 5659; x_wconf 85' lang='lat' dir='ltr'><strong>sexta</strong></span> <span class='ocrx_word' id='word_1_832' title='bbox 2254 5598 2522 5677; x_wconf 89' lang='lat' dir='ltr'><strong>Sabbati,</strong></span> <span class='ocrx_word' id='word_1_833' title='bbox 2542 5621 2678 5683; x_wconf 83' lang='lat' dir='ltr'><strong>quae</strong></span> <span class='ocrx_word' id='word_1_834' title='bbox 2697 5602 3036 5683; x_wconf 90' lang='lat' dir='ltr'><strong>specialiter</strong></span> <span class='ocrx_word' id='word_1_835' title='bbox 3057 5600 3368 5663; x_wconf 90' lang='lat' dir='ltr'><strong>dicebatur</strong></span> <span class='ocrx_word' id='word_1_836' title='bbox 3388 5599 3583 5682; x_wconf 91' lang='lat' dir='ltr'><strong>prima</strong></span> <span class='ocrx_word' id='word_1_837' title='bbox 3605 5598 3736 5661; x_wconf 90' lang='lat' dir='ltr'><strong>dies</strong></span> 
     </span>
    </p>
   </div>
   <div class='ocr_carea' id='block_1_76' title="bbox 2071 5687 3738 5773">
    <p class='ocr_par' dir='ltr' id='par_1_76' title="bbox 2071 5687 3738 5773">
     <span class='ocr_line' id='line_1_76' title="bbox 2071 5687 3738 5773; baseline 0.001 -24"><span class='ocrx_word' id='word_1_838' title='bbox 2071 5704 2431 5767; x_wconf 83' lang='lat' dir='ltr'><strong>azymorum.</strong></span> <span class='ocrx_word' id='word_1_839' title='bbox 2462 5689 2742 5764; x_wconf 87' lang='lat' dir='ltr'><strong>Quamvis</strong></span> <span class='ocrx_word' id='word_1_840' title='bbox 2763 5701 2821 5755; x_wconf 90' lang='lat' dir='ltr'><strong>et</strong></span> <span class='ocrx_word' id='word_1_841' title='bbox 2860 5690 2924 5754; x_wconf 92' lang='lat' dir='ltr'><strong>in</strong></span> <span class='ocrx_word' id='word_1_842' title='bbox 2955 5698 3075 5754; x_wconf 90' lang='lat' dir='ltr'><strong>tota</strong></span> <span class='ocrx_word' id='word_1_843' title='bbox 3104 5690 3486 5773; x_wconf 86' lang='lat' dir='ltr'><strong>praecedente</strong></span> <span class='ocrx_word' id='word_1_844' title='bbox 3515 5689 3638 5767; x_wconf 90' lang='lat' dir='ltr'><strong>die,</strong></span> <span class='ocrx_word' id='word_1_845' title='bbox 3673 5687 3738 5751; x_wconf 88' lang='lat' dir='ltr'><strong>id</strong></span> 
     </span>
    </p>
   </div>
  </div>
