4144 6390
463 335 640 404 ,1027

1559 346 1966 410 HUMBERTI
2009 347 2071 409 S.
2113 346 2184 408 R.
2232 345 2298 406 Ε.
2347 344 2820 408 CARDINALIS

3748 345 3910 410 1028

489 486 577 541 est
593 484 798 559 quarta
819 473 1223 564 decimaluna.
1241 475 1663 542 fermentatum
1687 500 1804 543 non
1823 489 2139 564 appareret
2157 489 2200 540 Α
2301 476 2450 541 ΧΝΙ.
2479 477 2632 541 Hinc
2652 479 2958 542 videamus
2969 480 3020 541 si
3039 498 3158 541 non
3182 479 3326 542 estis
3351 478 3723 556 Sabbatiani,
3745 499 3897 561 quos

487 568 546 654 i_n
572 566 848 629 omnibus
864 563 1085 654 ﬁnibus
1105 563 1311 630 Israel.
1335 566 1482 630 Nam
1505 577 1760 647 etagnus
1778 563 1911 634 cum
1927 573 2145 654 azymis

485 649 931 720 comedebatur.
989 653 1156 727 Quod
1216 655 1266 717 si
1312 657 1475 737 juxta
1535 667 1689 721 tuam
1749 649 2138 724 assertionem

485 747 758 811 Christus
788 745 1015 809 Pascha
1045 743 1182 805 fecit
1243 746 1650 810 tertiadecima
1681 749 1820 811 luna
1850 770 1986 813 cum
2013 751 2141 814 fer-

487 842 770 910 mentato,
799 832 1121 914 dupliciter
1147 851 1284 894 reus
1315 835 1454 916 fuit;
1485 837 1644 915 juste
1669 838 2006 918 puniendus
2037 859 2140 902 se--

484 924 742 986 cundum
777 923 995 1003 legem,
1021 922 1161 1003 quia
1210 924 1433 986 Pascha
1454 925 1593 988 fecit
1630 927 1690 988 in
1722 936 1989 1009 tempore
2020 948 2140 991 non

484 1038 618 1092 suo,
645 1025 703 1080 et
729 1015 868 1098 quia
889 1033 1020 1078 cum
1045 1015 1418 1080 fermentata.
1439 1017 1811 1102 Quapropter
1831 1040 1989 1084 mors
2011 1022 2140 1102 ejus

483 1108 636 1170 nihil
677 1105 851 1169 nobis
899 1106 1191 1185 conferet,
1273 1106 1376 1180 qui
1433 1127 1552 1168 non
1607 1127 1714 1190 pro
1769 1111 1989 1173 nostris
2033 1111 2138 1172 sed

486 1215 593 1278 pro
626 1195 750 1258 suis
782 1193 1042 1276 peccatis
1065 1192 1310 1270 interiit,
1377 1196 1607 1258 scilicet
1635 1198 1774 1278 quia
1801 1198 1908 1260 fuit
1940 1210 2139 1261 trans-

485 1303 724 1364 gressor
753 1291 970 1346 sanctae
995 1281 1166 1362 legis.
1199 1281 1314 1346 Sed
1345 1285 1419 1346 de
1443 1285 1534 1348 his
1565 1287 1713 1349 alias
1741 1289 1982 1370 capiose
2012 1288 2138 1352 dis-

369 1377 378 1385 ’
483 1375 803 1438 seruimus.

2227 576 2698 629 commemorant
2728 572 2937 631 Patres
2967 578 3187 631 sanctae
3239 569 3464 651 quinta:
3497 569 3733 649 synodi.
3770 572 3900 633 Re-

2226 657 2604 736 preltendens
2619 659 2777 720 enim
2799 677 2906 719 nos
2923 677 3030 720 cur
3047 659 3392 739 jejunemus
3416 656 3897 728 Sabbatis,dicis:

2230 771 2254 800 α
2291 750 2513 819 Quarta
2543 756 2602 809 et
2631 757 2799 810 sexta
2831 748 2980 809 feria
3030 749 3254 828 jugiter
3301 748 3736 828 jejunandum:
3775 767 3906 810 una

2223 842 2472 915 propter
2493 835 2899 914 traditionem,
2925 837 3111 898 altera
3145 849 3390 918 propter
3411 837 3751 918 passionem
3783 836 3904 898 Do-

2223 923 2394 995 mini,
2431 923 2692 986 Sabbato
2724 935 2922 986 autem
2957 944 3257 1006 nunquam
3290 925 3404 986 nisi
3429 945 3574 987 uno.
3596 947 3624 987 )
3663 929 3733 988 Et
3777 926 3894 987 hoc

2221 1030 2494 1075 asserere
2513 1015 2748 1075 conaris
2773 1033 2841 1076 ex
2873 1014 3227 1096 apocryphis
3281 1014 3448 1075 libris
3483 1022 3540 1076 et
3563 1014 3899 1076 canonibus

2223 1101 2348 1180 pari
2380 1103 2677 1164 sententia
2705 1112 3046 1164 sanctorum
3079 1104 3323 1165 Patrum
3353 1103 3704 1184 repudiatis.
3738 1102 3886 1164 Nam

2223 1189 2736 1264 Clementisliber,
2758 1192 2819 1253 id
2845 1199 2956 1266 est,
2987 1191 3361 1254 itinerarium
3387 1193 3546 1253 Petri
3569 1192 3817 1272 apostoli
3835 1201 3895 1255 et

2222 1297 2484 1341 canones
2502 1282 2906 1361 apostolorum
2936 1293 3330 1342 numerantur
3354 1281 3513 1344 inter
3529 1282 3888 1362 apocrypha,

2223 1369 2487 1449 exceptis
2511 1371 2788 1450 capitulis
2819 1371 3272 1452 quinquaginta,
3332 1389 3463 1451 quae
3492 1371 3896 1432 decreverunt

563 1462 689 1526 XII.
712 1461 939 1526 Deinde
961 1461 1010 1524 si
1033 1461 1296 1543 exceptis
1318 1472 1550 1544 septem
1575 1465 1786 1527 diebus
1804 1465 1995 1529 Judaei
2020 1475 2138 1530 toto
2220 1459 2442 1538 regulis
2478 1459 2821 1522 orthodoxis
2853 1461 3250 1541 adiungenda.
3311 1459 3481 1522 Unde
3521 1479 3632 1522 nos
3653 1478 3897 1540 quoque

483 1572 639 1616 anno
659 1553 1104 1627 fermentatum,
1135 1559 1201 1614 ut
1223 1554 1461 1628 asseris,
1485 1555 1828 1634 comedunt,
1849 1557 1980 1636 quis
1992 1575 2135 1618 con-

2225 1566 2400 1609 omne
2429 1551 2810 1630 apocryphon
2840 1549 3217 1630 abjicientes,
3254 1548 3646 1627 dedignamur
3673 1549 3896 1609 audire

481 1641 1214 1717 venientiusdebetargui,
1241 1641 1342 1704 ille
1363 1643 1462 1724 qui
1485 1644 1730 1707 minimo
1748 1654 2014 1728 tempore
2040 1665 2142 1709 eos
2225 1637 2764 1728 Euruulgfabulosas
2796 1638 3168 1728 tradiliuues.
3203 1637 3342 1728 (ιυίξι
3391 1658 3508 1699 non
3541 1646 3769 1728 suntut
3799 1637 3895 1728 Ῑίθκ

481 1733 747 1794 imitatur
766 1731 827 1792 in
852 1731 1090 1811 azymis,
1116 1749 1190 1791 an
1216 1731 1317 1792 ille
1334 1732 1435 1811 qui
1458 1740 1576 1793 toto
1603 1750 1758 1795 anno
1781 1734 1842 1794 in
1873 1724 2140 1796 Iermen-
2225 1724 2486 1825 numiui:
2509 1726 2880 1825 Quapuoplel‘
2899 1729 2989 1825 his
3020 1727 3281 1825 Dinis-Sis.
3308 1727 3588 1825 iu_alle_ra
3612 1727 3890 1825 epistola,

483 1821 666 1884 tatis?
696 1819 871 1883 Absit
920 1827 1119 1880 tamen
1167 1828 1230 1881 ut
1280 1838 1485 1881 eorum
1539 1823 1836 1885 carnalem
1869 1823 2050 1886 ritum
2079 1822 2140 1884 in
2164 1814 2359 1900 Bvide
2389 1815 2529 1896 quid
2562 1818 2878 1878 senticrint
2925 1818 3000 1878 de
3055 1815 3338 1879 Sabbato.
3376 1815 3532 1878 beati
3566 1823 3627 1877 et
3655 1814 3892 1896 antiqui

481 1909 680 1989 aliquo
710 1907 1048 1970 imitemur!
2227 1903 2539 1985 pontiﬁces
2561 1904 2833 1981 Romani,
2870 1905 3154 1968 Silvester
3185 1914 3242 1967 et
3294 1904 3697 1979 Innocentius,
3734 1923 3889 1984 quo-

562 1997 715 2061 XIII.
753 1999 974 2060 Verum
1009 1996 1290 2078 quoniam
1323 1998 1699 2080 labyrimheo
1729 2019 1932 2064 errore
1963 2002 2143 2065 duce-
2223 2012 2354 2054 rum
2375 1995 2683 2057 sententia;
2703 1998 3000 2058 sententia
3017 1995 3343 2074 Agathonis
3359 1992 3888 2075 quamvissanctis-

480 2091 592 2166 ris,
629 2097 692 2149 ut
723 2107 882 2149 nunc
909 2105 1024 2168 qua
1052 2087 1256 2148 exibas
1286 2087 1492 2166 intres,
1528 2109 1685 2152 nunc
1734 2111 1849 2172 qua
1877 2091 2141 2154 intrabas
2224 2082 2358 2144 simi
2389 2084 2728 2146 nullatenus
2774 2085 3106 2166 praefertur.
3141 2083 3258 2147 Sed
3288 2084 3443 2146 absit
3472 2091 3534 2145 ut
3563 2083 3885 2163 aliquando

486 2197 683 2254 exeas,
702 2178 918 2240 iterum
946 2176 1220 2238 eamdem
1244 2177 1400 2240 viam
1425 2182 1588 2256 teris,
1614 2179 1822 2242 dicens
1849 2202 1862 2244 :
1891 2203 1919 2243 ‹
1946 2180 2007 2244 Si
2029 2191 2142 2244 tra-
2224 2175 2518 2236 contraria
2553 2177 2641 2238 eis
2666 2178 2894 2255 Agatho
2927 2176 3253 2238 sensisset!
3302 2174 3372 2236 Ει
3421 2174 3712 2243 tamenin
3743 2174 3884 2253 hoc,

483 2267 671 2329 ditum
701 2265 874 2327 vobis
910 2265 1019 2326 fuit
1075 2264 1149 2326 ab
1198 2266 1480 2347 apostolis
1536 2269 1856 2332 comedere
1911 2289 2138 2352 azyma,
2223 2263 2378 2362 gigni
2407 2273 2466 2326 et
2497 2265 2554 2326 in
2586 2265 2993 2362 ali_is_l‘ailer_is_,
3051 2265 3209 2345 quod
3269 2283 3406 2327 eum
3461 2280 3888 2362 praesessorem

481 2355 779 2438 quomodo
809 2355 1037 2434 Agatho
1089 2373 1244 2436 papa
1297 2363 1515 2438 vester,
1572 2377 1895 2438 praesessor
1923 2350 2141 2422 sancta;
2223 2350 2384 2413 illius
2413 2354 2621 2434 synodi
2653 2355 2836 2416 fuisse
2866 2354 3038 2429 dicis,
3076 2372 3210 2416 cum
3263 2361 3486 2414 tantum
3546 2353 3720 2431 legati
3755 2351 3888 2430 ejus

480 2453 660 2508 sextae
681 2445 918 2524 synodi,
981 2463 1114 2505 cum
1145 2442 1429 2524 Gregorio
1452 2445 1974 2526 Agrigentinorum
2005 2450 2138 2530 epi-
2223 2441 2418 2503 eidem
2449 2444 2672 2522 synodo
2709 2443 3128 2524 praesederint.
3160 2443 3343 2523 Cujus
3387 2450 3552 2522 gesta
3582 2443 3679 2503 hic
3709 2460 3885 2503 sum-

481 2553 661 2616 scopo
693 2542 750 2596 et
781 2534 915 2596 aliis
971 2533 1266 2608 Patribus,
1328 2543 1537 2597 contra
1593 2556 1786 2618 azyma
1819 2558 1896 2601 ne
1926 2540 2140 2602 ﬁerent
2223 2533 2922 2630 ηῖεξξίτῐῃνριεξξυίιὶηεθτὶλ
3172 2622 3185 2630 _
3237 2622 3251 2630 _
3347 2621 3442 2630 MU
3514 2619 3548 2630 ﬂ
3676 2628 3682 2630 _
3781 2621 3816 2630 ί,
3871 2620 3883 2630 _

480 2624 672 2704 legem
705 2622 952 2685 statuit?
979 2647 1002 2682 »ι
1025 2621 1205 2698 Audi,
1229 2623 1430 2705 stulte,
1454 2643 1601 2687 vane
1625 2646 1638 2685 :
1663 2617 1789 2688 non
1819 2635 2044 2689 tantum
2064 2628 2135 2690 ab

2229 2704 2232 2705 ν
2301 2617 2476 2682 XVII.
2529 2622 2825 2702 Tempore
2881 2622 3279 2697 Constantini,
3341 2621 3446 2683 ﬁlii
3509 2619 3888 2683 Constantini

479 2713 784 2795 apostolis,
825 2721 1109 2794 quantum
1156 2711 1228 2772 ab
1289 2704 1422 2794 ipso
1449 2714 1700 2777 Domino
1758 2726 1961 2779 nostro
1993 2718 2132 2780 Jesu
2221 2704 2624 2787 imperatoris,
2658 2730 2812 2772 anno
2844 2710 3083 2791 ἰιηρετὶὶ
3145 2711 3273 2791 ejus
3329 2711 3584 2792 εει)ιὶωο
3616 2709 3878 2786 deamo:

479 2803 712 2867 Christo
745 2802 1027 2864 traditum
1060 2809 1146 2863 est
1171 2800 1367 2878 nobis,
1401 2821 1612 2881 azyma
1667 2824 1785 2866 non
1836 2806 1912 2868 de
1949 2808 2136 2870 Phase
2215 2797 2443 2877 Agalho
2480 2807 2675 2882 papa,l
2705 2821 2778 2864 ex
2837 2811 3044 2883 rogatu
3103 2801 3498 2878 Constantini,
3532 2801 3790 2864 Heraclii
3823 2806 3884 2862 et

475 2891 723 2954 Judaico
753 2890 1093 2964 comedere,
1121 2890 1222 2951 sed
1256 2890 1330 2952 de
1362 2893 1598 2974 Pascha,
1627 2893 1960 2958 Christiano
1991 2916 2133 2978 per-
2217 2890 2439 2953 Tiberii
2461 2895 2796 2976 principum
2813 2896 3239 2978 piissimorum,
3265 2896 3504 2958 misitin
3526 2896 3749 2974 regiam
3778 2915 3878 2958 ur-

480 2982 707 3063 cipere.
2221 2979 2358 3043 bem
2395 2984 2615 3063 legatos
2645 3004 2807 3050 suos.
2842 2985 2907 3048 In
2936 2986 3151 3066 quibus
3171 2985 3572 3049 eratJoannes
3596 2988 3878 3048 Romanae

560 3068 852 3132 XIV.Nec
872 3067 960 3129 rei
985 3075 1259 3157 tenemur
1273 3067 1378 3157 illo
1424 3069 1580 3150 quod
1603 3071 1875 3154 objecisti
1899 3093 2028 3156 cap.
2069 3078 2130 3140 11
2220 3069 2505 3134 Ecclesia:
2536 3081 2674 3136 tunc
2692 3075 2996 3151 diaconus,
3030 3076 3204 3155 longe
3235 3083 3364 3157 post
3397 3076 3734 3156 episcopus,
3769 3095 3880 3156 pro

481 3168 664 3222 sextae
684 3158 917 3240 synodi,
943 3156 1189 3221 dicens:
1223 3181 1249 3213 α
1270 3155 1455 3221 Nemo
1481 3159 1542 3220 in
1589 3155 2139 3228 sacerdotalicons-
2160 3214 2199 3264 Ο
2225 3161 2584 3224 adunatione
2614 3163 2888 3226 facienda
2917 3155 3253 3228 sanctarum
3290 3164 3396 3227 Dei
3438 3155 3875 3228 Ecclesiarum.

484 3249 690 3311 titutus
718 3246 952 3324 ordine,
987 3258 1090 3309 aut
1120 3246 1304 3310 laicus
1333 3267 1401 3310 ea
1431 3268 1561 3330 quae
1581 3253 1983 3332 apudJudaeos
2003 3265 2140 3318 sunt
2160 3246 2199 3264 υ
2224 3249 2336 3322 Qui
2364 3250 2790 3332 benigniSSime
2821 3256 3084 3336 suscepti
3139 3273 3173 3315 θ.
3205 3254 3699 3316 reverendiSSimO
3737 3254 3881 3316 ﬁdei

487 3356 690 3419 azyma
714 3337 1009 3417 comedat,
1037 3345 1138 3398 aut
1159 3355 1292 3398 cum
1325 3338 1413 3400 eis
1469 3339 1712 3416 habitet,
1742 3355 1843 3405 aut
1869 3345 1931 3405 in
1961 3344 2136 3406 inﬁr-
2222 3342 3880 3424 catholicmdel‘ensoreConstantino,jussisuntremissis

484 3428 908 3492 mitatibuseos
929 3429 1274 3503 invitet,aut
1295 3430 1653 3493 medicinam
1676 3434 2134 3518 alneisaccipiat,
2221 3429 2720 3512 disputationibus
2741 3434 3188 3514 philosophicis,
3211 3433 3455 3514 paciﬁco
3481 3432 3778 3514 colloquio
3803 3435 3879 3496 de

477 3519 568 3581 vel
591 3520 651 3581 in
670 3518 901 3581 balneis
920 3537 1055 3581 cum
1082 3518 1168 3580 eis
1188 3519 1437 3583 lavetur.
1469 3521 1532 3584 Si
1581 3523 1716 3605 quis
1763 3525 1889 3588 haec
1921 3528 2133 3607 egerit,
2218 3520 2338 3582 ﬁde
2367 3539 2509 3583 Vera
2539 3523 2912 3604 perquirere,
2947 3524 3098 3586 datis
3121 3524 3208 3586 eis
3239 3524 3314 3585 de
3342 3523 3706 3587 bibliotheca
3723 3526 3877 3587 Con-

477 3607 772 3689 siquidem
811 3608 1064 3670 clericus
1110 3608 1290 3671 fuerit
1317 3609 1680 3692 deponatur:
1717 3615 1764 3677 si
1795 3623 1990 3677 autem
2022 3617 2135 3678 lai-

476 3705 1048 3779 cus,sequestretur.
1076 3722 1104 3753 n
1131 3697 1275 3771 Quis
1296 3707 1586 3774 nostrum,
1610 3720 1990 3786 rogo,azyma
2004 3725 2137 3786 quae

477 3787 636 3878 apud
660 3787 897 3878 Iudaeos
927 3788 1346 3878 suntcomedit
1370 3791 1397 3850 ?
1421 3789 1699 3863 Quamvis
1721 3793 1880 3855 enim
1904 3796 2136 3878 reliqua

477 3876 739 3967 capituli
793 3878 992 3967 hujus
1024 3877 1431 3967 observemus,
1484 3880 1630 3942 illud
1701 3890 1899 3946 tamen
1951 3876 2136 3967 super

476 3964 678 4026 omnia
709 3964 783 4026 de
811 3964 1027 4045 azymis
1048 3964 1460 4032 observamus.

555 4052 678 4114 XV.
713 4053 830 4116 Sed
861 4053 963 4134 qui
993 4053 1157 4116 dices
1189 4055 1214 4118 *Ζ
1270 4061 1487 4122 Nonne
1541 4078 1787 4139 magnus
1817 4061 2072 4126 Basilius
2101 4085 2135 4127 a

471 4143 694 4232 Joseph
709 4141 914 4232 Iudaeo
933 4143 1292 4207 medicinam
1317 4147 1616 4211 multoties
1645 4153 1878 4232 aceepit
1899 4151 1924 4215 ἵ
1946 4161 2006 4215 tu
2023 4173 2134 4216 au-

475 4238 593 4294 tem
617 4230 1057 4296 sicutdiabolus
1073 4235 1393 4318 psalmum,
1423 4237 1504 4299 ita
1530 4230 1882 4320 exponendo
1915 4243 2142 4324 capitu.

475 4326 598 4387 lum
629 4325 1022 4408 subjunxisti:
1065 4351 1093 4384 α
1127 4327 1240 4401 Qui
1289 4348 1430 4410 ergo
1487 4350 1754 4412 azymum
1817 4336 2055 4398 conﬁcit
2083 4345 2142 4400 et

2219 3610 2740 3692 stantinopolitana
2769 3614 2998 3674 cunctis
3028 3611 3409 3694 antiquorum
3463 3615 3704 3675 Patrum
3729 3632 3881 3693 quos

2219 3700 2519 3780 petebant,
2535 3700 2776 3764 libellis.
2796 3701 3131 3764 Adfuerunt
3147 3713 3349 3765 autem
3373 3711 3431 3762 et
3451 3703 3716 3783 episcopi
3738 3704 3877 3784 150,

2217 3789 2558 3869 presidente
2579 3790 2862 3872 Gregorio
2883 3793 3064 3871 regia:
3089 3793 3254 3855 urbis
3277 3793 3532 3873 praesule
3559 3801 3617 3853 et
3660 3793 3880 3855 Antio-

2216 3879 2368 3940 chia:
2385 3880 2712 3944 Machario.
2741 3880 2810 3942 Et
2833 3881 3087 3943 convicti
3111 3891 3247 3944 sunt
3270 3882 3371 3962 qui
3401 3900 3579 3942 unam
3603 3882 3878 3944 volunta-

2216 3975 2337 4030 tem
2368 3977 2426 4030 et
2456 3971 2859 4050 operationem
2890 3970 3317 4034 astruebantin
3345 3971 3602 4046 Christo,
3627 3971 3879 4034 falsasse

2217 4060 2456 4120 Patrum
2488 4061 2913 4122 catholicorum
2939 4062 3092 4124 dicta
3120 4081 3228 4143 per
3248 4061 3526 4143 plurima.
3552 4061 3744 4123 Finito
3776 4081 3852 4122 au

2219 4155 2337 4208 tem
2369 4149 2672 4227 conﬁictu,
2711 4169 2780 4212 ea
2835 4152 2978 4212 liora
3037 4158 3211 4212 tantae
3262 4169 3613 4214 aranearum
3650 4151 3782 4212 telae
3814 4151 3878 4212 in

2224 4236 2485 4299 medium
2519 4239 2721 4320 populi
2747 4240 3120 4323 occiderunt,
3152 4250 3215 4302 ut
3262 4260 3468 4302 omnes
3493 4240 3875 4304 mirarentur.

2222 4325 2306 4387 Ac
2337 4345 2444 4406 per
2464 4328 2577 4390 hoc
2608 4329 3000 4408 signiﬁcatum
3033 4339 3123 4392 est
3152 4331 3309 4411 quod
3342 4331 3551 4392 sordes
3577 4331 3879 4393 haeretica:

474 4415 758 4492 comedit,
778 4416 1044 4497 quamvis
1065 4417 1179 4480 hoc
1202 4438 1320 4481 non
1346 4425 1645 4502 acceperit
1665 4441 1699 4484 a
1727 4421 1970 4503 Judaeis,
1995 4425 2138 4488 imi-
2165 4499 2191 4503 _
2223 4415 2526 4496 PraVilaiiS
2554 4417 2817 4499 depulsae
2874 4427 3093 4482 essent.
3142 4424 3212 4484 Et
3259 4419 3577 4501 Gregorius
3633 4420 3880 4502 quidem

474 4513 632 4568 tator
648 4514 845 4567 tamen
864 4503 1206 4594 Iudaeorum
1229 4518 1340 4587 est,
1369 4499 1520 4572 sicut
1540 4519 1596 4574 et
1616 4511 1667 4573 is
1690 4515 1789 4594 qui
1813 4499 2138 4578 circnmci-
2159 4499 2203 4548 D
2223 4515 2527 4568 correctus
2539 4515 2646 4574 est.
2668 4509 3006 4572 Macharius
3018 4517 3210 4571 autem
3236 4530 3368 4572 cum
3386 4499 3510 4572 suis
3521 4499 3881 4592 sequacibus

472 4592 655 4685 ditur.
689 4593 1002 4685 )APerdes,
1055 4595 1332 4674 Domine,
1391 4619 1600 4663 omnes
1662 4592 1764 4684 qui
1817 4603 2140 4685 loquuntur

473 4682 877 4770 mendacium!
895 4687 1085 4759 (Ps-al.
1100 4688 1257 4768 v,3.)
1277 4682 1874 4770 Numquidomnibus
1890 4682 2137 4757 omnino

472 4769 826 4864 Christianis
856 4773 1236 4839 interdicitur
1258 4797 1332 4839 ne
1357 4769 1677 4862 aliquando
1697 4780 1912 4843 alicubi
1937 4802 2137 4864 azyma

472 4863 811 4940 comedant,
841 4865 995 4927 sicut
1018 4866 1408 4931 interdtcitur
1436 4889 1512 4932 ne
1571 4890 1635 4933 se
1665 4871 1983 4953 aliquando
2010 4863 2134 4936 icir-

471 4953 1068 5041 cumcidant?Quare
1098 4958 1212 5020 hoc
1235 4957 1266 5018 ἱ)
1293 4958 1433 5041 quia
1453 4959 1516 5021 in
1566 4960 1660 5022 his
1691 4961 1998 5025 imitantur
2024 4965 2132 5027 Ju-

471 5040 682 5103 dzeos?
707 5045 1104 5107 Concedimus
1137 5040 1331 5110 tamen
1385 5048 1907 5113 circumcisionem
1939 5054 2131 5116 solum

469 5128 654 5192 fuisse
699 5129 1084 5198 Judaeorum:
1133 5144 1541 5200 verumtamen
1596 5157 1804 5219 azyma
1861 5141 2130 5204 omnium

471 5219 763 5302 gentium,
795 5239 928 5301 quae
959 5231 1018 5283 tu
1051 5224 1338 5288 malitiose
1391 5245 1511 5289 non
1567 5227 1757 5290 solum
1815 5247 1848 5291 a
1904 5230 2126 5296 divina.

470 5308 576 5401 sed
606 5307 679 5370 ab
706 5309 963 5401 humana
985 5330 1190 5375 mensa
1219 5319 1462 5378 omnino
1521 5317 1785 5397 repellis.
1833 5319 1954 5381 Sed
1985 5321 2128 5401 quid

464 5395 671 5488 facies,
700 5416 734 5459 ο
791 5399 1195 5466 fermentate‘?
1243 5403 1452 5479 Judaei,
1488 5395 1609 5468 ceui
1652 5408 1928 5488 superius
1955 5395 2126 5473 asse-

467 5485 666 5560 ruisti,
701 5489 961 5568 exceptis
995 5499 1222 5572 septem
1283 5492 1497 5555 diebus
1529 5502 1648 5557 toto
1679 5485 1836 5558 anno
1859 5497 2125 5561 fermen-

470 5579 648 5663 tatum
681 5577 1096 5654 comedebant,
1131 5591 1191 5643 et
1219 5579 1534 5663 aliquando
1566 5585 1916 5651 oﬂ'erebant.
1949 5587 2128 5652 Num-

471 5661 612 5744 quid
645 5663 840 5726 ethoc
872 5667 1044 5730 tolles
1077 5661 1468 5735 hominibus?

2221 4594 2396 4656 simul
2429 4605 2487 4658 et
2517 4597 3086 4677 praedecessoribus,
3121 4600 3294 4680 Cyro,
3327 4600 3556 4680 Sergio,
3587 4600 3876 4674 Honorio,

2220 4684 2464 4763 Pyrrho,
2491 4687 2672 4748 Paulo
2695 4696 2754 4749 et
2799 4687 2974 4750 Petro
3014 4689 3514 4765 anathematizati,
3565 4698 3626 4752 et
3654 4692 3712 4750 in
3746 4691 3878 4751 loco

2221 4773 2354 4852 ejus
2384 4773 2808 4856 Theophanius
2833 4777 2982 4839 abba
3005 4778 3079 4840 de
3095 4778 3304 4840 Cilicia
3321 4779 3635 4859 episcopus
3653 4779 3872 4842 factus.

2219 4861 2524 4944 Tantaque
2548 4867 2734 4944 gratia
2759 4867 2984 4945 legatos
3037 4867 3343 4930 catholicae
3391 4868 3553 4949 pacis
3589 4868 3871 4931 comitata

2218 4961 2332 5028 est,
2357 4951 2694 5017 utJoannes
2716 4954 3055 5018 Portuensis
3073 4957 3413 5038 episcopus,
3435 4958 3536 5039 qui
3552 4966 3676 5020 erat
3717 4976 3876 5019 unus

2216 5059 2285 5102 ex
2302 5042 2783 5123 ipsis,Dominica
2799 5046 3017 5107 octavis
3033 5048 3267 5108 Paschze
3278 5047 3492 5109 missas
3516 5047 3784 5128 publicas
3813 5049 3880 5110 in

2214 5133 2470 5194 ecclesia
2489 5137 2718 5197 Sancta:
2739 5133 2976 5216 Sophim
2993 5153 3187 5200 coram
3213 5136 3485 5218 principe
3507 5146 3566 5198 et
3587 5138 3872 5218 episcopo

2211 5221 2400 5301 ipsius
2412 5221 2787 5286 urbisLatine
2799 5224 3244 5288 celebraret.Eo
3266 5234 3536 5307 tempore
3552 5227 3880 5288 Damianns

2213 5312 2549 5378 Ticinensis
2562 5317 2852 5380 Ecclesia:
2873 5319 3190 5403 episcopus
3203 5325 3311 5386 sub
3325 5325 3569 5389 nomine
3586 5329 3880 5390 Mansueti

2211 5406 2478 5489 episcopi
2509 5408 2792 5471 Ecclesiae
2848 5409 3050 5474 Sancti
3101 5414 3428 5493 Michaelis,
3467 5420 3611 5482 satis
3667 5420 3874 5481 utilem

2207 5503 2508 5592 rectaeque
2531 5498 2672 5592 ﬁdei
2713 5499 3024 5592 epistolam
3067 5507 3423 5587 composuit,
3471 5528 3604 5591 quae
3631 5510 3692 5571 in
3716 5528 3872 5592 pra:-

2208 5584 2326 5648 fata
2353 5605 2471 5648 non
2503 5588 2808 5652 mediocre
2839 5591 3167 5671 suﬁ‘ragum
3199 5584 3352 5662 tulit.

2289 5673 2494 5740 XVIII.
2525 5678 2710 5741 Recta
2756 5687 2950 5744 autem
2996 5691 3056 5745 et
3075 5705 3216 5751 vera
3240 5688 3389 5753 ﬁdes
3408 5691 3534 5753 haec
3555 5698 3644 5752 est
3670 5709 3682 5752 :
3713 5689 3786 5754 Ut
3815 5689 3885 5754 in
