4144 6416
303 368 327 430 1
339 365 462 429 099

1643 366 1955 432 CONTRA
1998 359 2368 432 NICETAM.

3553 372 3718 443 1030

297 501 555 564 Domino
586 508 788 565 nostro
810 504 950 563 Jesu
977 500 1214 564 Christo
1237 500 1538 590 sicutduae
1558 507 1957 590 suntnaturae,
1983 507 2026 555 Α
2045 497 2380 590 liramenta,
2409 512 2468 565 et
2499 523 2628 585 qua;
2653 513 2750 566 aut
2769 505 3018 568 ﬁnxistis
3067 509 3356 590 capitula,
3378 529 3512 573 cum
3536 514 3718 575 etiam

301 591 418 652 hoc
450 598 560 661 est,
581 590 688 653 Dei
723 598 780 652 et
807 590 1094 671 hominis,
1128 590 1214 652 sic
1265 589 1442 653 etiam
1491 589 1622 651 duae
1652 589 1974 652 credantur

305 699 438 742 esse
469 680 802 742 voluntates
833 681 956 742 sive
1007 681 1411 762 operationes.
1451 679 1556 741 Vis
1586 680 1792 741 audire
1813 678 1970 759 quod

302 769 549 831 deitatis
576 769 710 832 est?
751 791 773 826 tt
812 768 956 849 Ego,
994 770 1208 850 inquit,
1252 779 1310 830 et
1342 768 1518 830 Pater
1548 787 1729 830 unum
1767 787 1972 830 sumus

301 861 499 938 (Joan.
525 879 585 935 Χ,
614 859 738 936 30).
763 885 790 916 ιι
819 860 924 923 Vis
946 861 1157 922 audire
1174 860 1330 941 quod
1354 858 1738 922 humanitatis
1758 858 1789 918 ἰ)
1818 881 1840 916 α
1872 861 1972 918 Pa-

302 957 398 1012 ter
430 950 622 1030 major
653 969 750 1011 me
776 957 866 1012 est
895 952 1094 1022 (Joan.
1129 967 1250 1026 xxv,
1282 949 1402 1026 28).
1440 969 1470 1009 »
1529 949 1720 1012 Cerne
1746 967 1967 1010 secun-

305 1039 449 1102 dum
478 1040 905 1101 humanitatem
932 1059 1065 1102 eum
1087 1041 1144 1102 in
1173 1039 1304 1101 navi
1331 1039 1752 1101 dormientem.
1778 1041 1969 1101 Cerne

305 1131 440 1207 ejus
473 1129 840 1190 divinitatem
899 1148 1034 1192 cum
1095 1129 1458 1207 evangelista
1515 1129 1698 1191 dicit:
1735 1149 1764 1188 ¢
1799 1127 1966 1189 Tunc

303 1235 556 1296 surgens
579 1217 1114 1297 imperavitiventis
1146 1227 1203 1280 et
1233 1218 1406 1294 mari,
1441 1226 1498 1280 et
1524 1218 1677 1279 facta
1699 1222 1789 1280 est
1820 1228 1978 1279 tran-

311 1311 557 1391 quilitas
592 1331 805 1392 magna
831 1312 1050 1393 (Matii.
1083 1330 1211 1393 VIII,
1243 1312 1368 1392 26),
1404 1337 1425 1370 ι)

390 1398 537 1463 VIX.
567 1400 706 1462 Haec
730 1409 818 1463 est
836 1410 1004 1464 sexta
1027 1403 1284 1482 synodus
1309 1401 1667 1464 universalis
1685 1401 1974 1464 Constan-

307 1490 567 1572 tinopoli
591 1490 892 1553 celebrata
941 1501 998 1553 et
1029 1494 1232 1556 Grzeco
1296 1510 1576 1553 sermone
1606 1491 1968 1571 conscripta,

304 1578 1582 1662 temporibuspapaaAgathonis,exsequente
1595 1600 1661 1642 ac
1674 1580 1976 1643 residente

305 1667 576 1749 piissimo
601 1671 870 1749 principe
892 1669 1277 1733 Constantino
1296 1673 1450 1733 intra
1466 1671 1744 1752 palatium
1776 1689 1972 1750 suum,

2053 588 2462 681 ipsiDominoJ
2468 613 2572 655 esu
2588 596 2936 675 etapostolis
2951 597 3001 676 ej
3012 588 3400 680 usirnputetis
3415 601 3716 681 ﬁgmenta.

2053 679 2223 743 Unde
2241 683 2640 755 nos,scientes
2654 693 2879 746 sextam
2895 687 3181 765 synodum
3202 687 3272 749 ad
3295 679 3718 753 destruendam

2057 771 2330 832 haeresim
2383 774 2724 834 Graecorum
2775 774 3316 854 Monotlielitarum,
3374 798 3490 840 nou
3522 789 3719 843 autem

2053 859 2124 920 ad
2147 860 2504 922 tradendum
2525 861 2807 924 Romanis
2835 883 3012 925 novas
3035 864 3449 930 institutiones
3471 889 3720 950 congre-

2051 956 2267 1027 gatam,
2323 950 2582 1030 capitula
2630 971 2760 1032 quae
2810 953 2982 1014 nobis
3037 955 3148 1015 sub
3208 955 3340 1035 ejus
3369 961 3720 1023 auctoritate

2052 1040 2373 1130 opponitis,
2407 1043 2654 1102 omnino
2687 1043 3038 1126 refutamus,
3071 1044 3209 1125 quia
3259 1047 3450 1126 prima
3482 1058 3538 1110 et
3568 1069 3717 1130 apo-

2052 1127 2261 1189 stolica
2277 1129 2473 1194 sedes.
2505 1149 2617 1192 nec
2631 1131 2950 1212 aliquando
2968 1152 3039 1194 ea
3053 1135 3423 1215 accepit,nec
3438 1127 3714 1201 observat

2058 1217 2385 1295 hactenus;
2421 1227 2478 1280 et
2524 1221 2660 1300 quia
2712 1229 2813 1283 aut
2870 1231 3008 1284 sunt
3060 1224 3242 1299 nulla,
3303 1233 3424 1299 aut,
3461 1237 3524 1288 ut
3552 1226 3716 1289 vobis

2057 1305 2249 1378 libuit,
2286 1309 2598 1388 depravata
2629 1319 2785 1374 sunt.
2819 1312 3198 1394 Depravastis
3247 1314 3492 1378 Joannis
3522 1318 3714 1398 Chry-

2059 1397 2303 1485 sostomi
2317 1407 2492 1479 atque
2510 1400 2818 1477 Gregoroii
2841 1403 3101 1481 theologi
3121 1403 3493 1485 aliorumque
3510 1397 3716 1467 ortho-

2057 1483 2344 1575 doxorum
2367 1487 2606 1550 Patrum
2633 1490 2811 1571 dicta,
2838 1499 2894 1552 et
2918 1492 3269 1554 exhibuistis
3291 1493 3350 1554 in
3370 1483 3576 1556 eadem
3612 1514 3714 1575 sy-

2059 1574 2214 1664 nodo
2243 1585 2429 1638 sexta.
2454 1580 2684 1659 Nempe
2707 1599 2740 1641 a
2767 1580 2956 1660 prima
2984 1581 3206 1662 synodo
3248 1583 3500 1645 Nicaana
3528 1574 3714 1664 usque

2059 1663 2130 1725 ad
2161 1666 2313 1726 hanc
2344 1675 2570 1728 sextam
2603 1670 2849 1730 trecenti
2884 1679 2942 1732 et
2971 1671 3227 1751 amplius
3266 1673 3406 1732 anni
3436 1663 3716 1735 dicuntur

305 1757 606 1838 simulque
638 1758 844 1836 legatis
876 1761 1218 1839 apostolicze
1243 1760 1403 1823 sedis
1434 1769 1492 1821 et
1532 1759 1827 1840 episcopis
1864 1759 2028 1843 150_
2061 1753 2300 1817 evoluti.
2335 1755 2405 1816 Et
2436 1758 2733 1836 quomodo
2757 1757 2818 1820 in
2847 1758 3085 1821 Nicaena
3114 1769 3171 1822 et
3191 1761 3438 1841 reliquis
3459 1771 3717 1843 quatuor

304 1846 735 1922 residentibus,
771 1849 871 1928 qui
903 1837 1112 1910 omnes
1137 1849 1376 1930 quidem
1410 1837 1684 1910 haresim
1719 1837 1971 1912 damna-
1994 1837 2034 1886 Β
2057 1844 2300 1924 Synodis
2331 1846 2766 1908 nniversalihus
2796 1849 2960 1910 nulla
3016 1850 3237 1910 mentio
3268 1837 3434 1912 fit—de
3465 1837 3581 1912 tam
3613 1870 3716 1915 ne-

309 1943 544 1999 verunt.
581 1935 748 1998 Tunc
776 1937 1075 2016 piissimus
1133 1939 1412 2020 princeps
1435 1939 1852 2002 Constantinus
1878 1938 1969 2000 in-

308 2026 628 2103 terrogavit
641 2045 744 2087 eos
757 2026 1010 2106 qualiter
1025 2027 1289 2092 Romana
1305 2027 1574 2090 Ecclesia
1591 2027 1663 2091 de
1677 2029 1970 2090 sacriﬁcio

314 2113 588 2191 corporis
621 2123 678 2176 et
709 2115 1016 2193 sanguinis
1064 2116 1302 2179 Domini
1349 2117 1536 2179 nostri
1582 2116 1722 2178 Jesu
1751 2115 1980 2180 Christi.

308 2203 585 2265 ordinem
608 2204 862 2267 teneret?
880 2206 967 2268 Illi
982 2209 1439 2287 responderunt;
1469 2206 1760 2269 «Incalice
1776 2209 1970 2272 Domi-

311 2292 380 2353 ni
399 2311 520 2354 non
543 2293 724 2357 debet
741 2295 929 2357 solum
954 2296 1121 2358 offeri
1140 2297 1368 2374 vinum,
1397 2298 1501 2360 sed
1521 2315 1668 2378 aqua
1702 2299 1969 2363 mistum.

311 2383 464 2445 Nam
494 2383 542 2443 si
562 2384 753 2445 solum
774 2385 974 2446 vinum
999 2387 1512 2466 offertur,sanguis
1534 2386 1750 2449 Christi
1766 2388 1977 2467 incipit

317 2490 453 2534 esse
476 2472 605 2534 sine
629 2475 824 2535 nobis.
849 2474 989 2536 Etsi
1019 2494 1169 2556 aqua
1191 2495 1336 2555 pura
1360 2478 1621 2539 offertur.
1655 2478 1780 2539 sola
1806 2477 1975 2558 plebs

310 2558 682 2642 incipitesse
710 2563 838 2624 sine
862 2563 1122 2626 Christo.
1167 2564 1412 2636 Quando
1437 2573 1756 2645 utrumque
1787 2565 1983 2628 admi-

2057 1934 2311 1996 cessaris
2331 1935 2512 1996 rebus
2532 1937 2558 1994 ?
2577 1936 2857 2017 Nunquid
2880 1957 3068 2019 usque
3092 1938 3161 2000 ad
3176 1947 3399 2002 sextam
3432 1943 3719 2021 synodum

2055 2023 2246 2086 Graeci
2271 2032 2328 2084 et
2354 2025 2845 2088 Latinirationem
2869 2029 3064 2089 missze
3084 2047 3151 2090 ac
3156 2029 3522 2109 jejuniorum
3543 2032 3720 2110 igno-

2053 2123 2357 2202 raverunt,
2395 2124 2454 2176 et
2485 2135 2592 2195 per
2621 2125 2936 2178 sexcentos
2954 2125 3012 2179 et
3041 2118 3296 2198 amplius
3325 2137 3514 2182 annos
3534 2140 3568 2182 a
3594 2139 3722 2202 pas-

2055 2201 2224 2264 sione
2253 2203 2473 2265 Christi
2502 2206 2561 2266 in
2595 2206 2814 2268 talibus
2837 2214 3159 2270 errarunt?
3180 2210 3274 2270 An
3303 2208 3500 2271 forsan
3529 2201 3722 2274 Graeci

2055 2293 2180 2354 haec
2212 2301 2522 2370 noverunt,
2579 2303 2637 2356 et
2677 2294 2928 2357 Romani
2987 2297 3466 2376 ignoraverunt!
3504 2299 3620 2362 Sed
3654 2320 3725 2362 ex

2053 2380 2389 2444 Missalihus
2405 2382 2806 2446 Romanorum
2829 2385 3018 2460 libris,
3042 2386 3114 2446 ab
3137 2389 3297 2447 omni
3315 2387 3589 2449 Ecclesia
3611 2387 3722 2452 Oc.

2064 2471 2344 2535 cidentali
2375 2474 2634 2555 antiquis
2681 2476 2959 2556 receptis,
3009 2475 3316 2538 evidenter
3346 2478 3725 2556 cognoscitur

2066 2581 2241 2642 quam
2264 2564 2553 2626 rationem
2577 2565 2798 2645 jejunii
2825 2573 2882 2626 et
2922 2565 3120 2626 missa),
3139 2565 3586 2628 habuerintsub
3619 2586 3724 2629 re-

322 2659 552 2724 scetur,
587 2651 645 2713 id
675 2660 784 2725 est,
816 2653 1015 2714 vinum
1070 2662 1128 2715 et
1168 2672 1344 2735 aqua,
1379 2662 1517 2715 tunc
1549 2663 1984 2717 sacramentum
2065 2653 2515 2716 verendissimis
2535 2655 2933 2734 pontiﬁcibus,
2955 2653 3238 2717 Silvestre
3254 2656 3732 2719 scilicetauctore

316 2740 629 2820 spirituale
657 2741 987 2821 perficitur.
1024 2741 1256 2806 Oblatio
1301 2763 1441 2805 vero
1501 2763 1630 2825 quae
1661 2744 1723 2805 in
1753 2744 1986 2806 sacriﬁ-
2069 2740 2324 2804 Nicaenae
2349 2744 2578 2822 synodi,
2614 2744 2850 2806 Gelasio
2899 2745 3250 2807 damnatore
3305 2745 3488 2808 vestri
3545 2745 3728 2818 Acaii,

317 2829 478 2891 cium
513 2830 714 2891 altaris
765 2831 1038 2907 offertur,
1091 2833 1318 2895 nullam
1376 2833 1859 2896 commistionem
1890 2841 1990 2896 aut
2070 2831 2743 2912 maximequeGregorio
2763 2833 3732 2916 dialogo,compatreimperatoris

318 2919 766 2999 corruptionem
801 2921 1080 2982 fermenti
1111 2921 1290 2984 debet
1353 2921 1601 2994 habere,
1635 2923 1789 2986 sicut
1819 2923 1991 2987 beata
2071 2920 2355 2983 Mauritii.
2381 2920 2447 2982 In
2468 2923 2641 3002 cujus
2666 2923 2840 2986 libris
2861 2923 3546 2988 Missaliliusomnisdies
3568 2924 3730 2997 Qua-

321 3008 486 3087 virgo
510 3008 694 3071 Maria
705 3009 934 3091 absque
947 3011 1112 3072 omni
1133 3013 1520 3093 corruptione
1536 3013 1832 3076 Christum
1854 3033 1992 3076 con-
2073 3010 2613 3089 dragesimmhabet
2627 3013 2902 3093 specialis
2918 3013 3113 3076 missae
3126 3015 3458 3094 plenarium
3473 3015 3731 3076 officium

327 3102 488 3184 cepit
515 3111 572 3165 et
621 3106 875 3187 peperit.
904 3107 1056 3168 Hinc
1085 3106 1144 3166 in
1161 3106 1431 3170 Ecclesia
1461 3126 1590 3168 mos
1642 3105 1898 3168 obtinuit
1927 3112 2049 3169 utC
2077 3107 2156 3175 et,
2185 3108 2430 3181 excepta
2455 3101 2787 3184 Dominica,
2812 3104 3016 3167 nullus
3030 3103 3160 3166 dies
3180 3105 3308 3184 ejus
3329 3104 3504 3165 solvit
3526 3123 3732 3166 susce-

319 3193 680 3256 sacriﬁcium
704 3196 910 3258 altaris
929 3195 1122 3258 nonin
1147 3195 1340 3258 serico
1363 3204 1464 3258 aut
1480 3197 1540 3257 in
1561 3215 1758 3278 panno
1778 3197 1986 3272 tincto,

322 3282 429 3344 sed
451 3282 513 3344 in
537 3283 678 3346 limo
703 3295 943 3348 terreno
973 3284 1328 3358 celebretur,
1347 3288 1498 3348 sicut
1513 3305 1732 3367 corpus
1753 3286 1990 3355 Domini

321 3371 529 3434 fuitin
559 3373 815 3437 sindone
871 3375 1092 3437 munda
1148 3375 1470 3456 sepultum.
1526 3377 1623 3439 Sic
1681 3384 1739 3438 et
1767 3375 1986 3437 oblatio

323 3463 552 3524 munda
581 3463 759 3526 debet
787 3483 921 3527 esse
944 3483 978 3527 a
1006 3464 1322 3540 fermento,
1343 3467 1506 3545 juxta
1532 3465 1688 3546 quod
1717 3464 1780 3526 in
1803 3466 1988 3545 gestis

321 3552 772 3634 pontiﬁcalibus
793 3573 827 3615 a
848 3554 1018 3616 beato
1041 3553 1326 3616 Silvestro
1351 3555 1606 3634 legimus
1629 3572 1764 3616 esse
1797 3561 1988 3615 statu-

325 3649 478 3705 tum.
510 3665 532 3700 «
571 3642 738 3705 Tunc
762 3643 983 3724 placuit
1014 3642 1283 3725 piissimo
1313 3643 1571 3725 principi
1601 3643 1641 3706 C
1669 3643 1988 3705 instantino

323 3733 456 3794 haec
487 3732 723 3793 traditio
755 3734 1099 3814 apostolicae
1147 3731 1328 3796 sedis.
1391 3732 1544 3794 Ecce
1593 3732 1764 3794 istius
1801 3742 1858 3794 et
1889 3751 1990 3794 sex

326 3829 679 3886 caeterarum
709 3823 1071 3904 synodorum
1095 3821 1373 3884 omnibus
1402 3821 1622 3884 sanctis
1649 3822 1913 3902 patribus
1939 3838 1998 3892 et

329 3911 676 3974 orthodoxis
705 3912 1106 3994 imperatoris,
1169 3930 1277 3992 per
1335 3912 1535 3973 omnia
1593 3911 1820 3993 placuit
1847 3911 2032 3981 ﬁdes,

332 4008 394 4064 et
413 3999 651 4062 traditio
673 4002 1014 4082 apostolicae
1037 4001 1220 4064 sedis.
1249 4000 1319 4062 Et
1335 4007 1394 4062 tu
1417 4001 1514 4081 qui
1540 4019 1626 4074 es,
1662 4001 1757 4062 cui
1778 4001 1992 4082 displi-

332 4097 432 4154 cet
458 4089 483 4152 ?
509 4089 626 4153 Sed
646 4091 915 4153 volumus
944 4091 1143 4154 dicas:
1176 4090 1507 4152 Videturne
1529 4089 1636 4151 tibi
1666 4109 1992 4169 congruum

329 4189 397 4242 ut
415 4181 578 4241 omni
603 4187 807 4262 quarta
830 4188 887 4242 et
907 4189 1071 4242 sexta
1094 4180 1241 4242 feria
1255 4180 1496 4260 jejunes
1529 4187 1773 4261 propter
1803 4179 1994 4240 tradi-

331 4270 558 4334 tionem
585 4276 644 4332 et
665 4270 996 4350 passionem
1020 4269 1260 4345 Christi,
1288 4279 1344 4330 et
1360 4280 1605 4350 prapter
1628 4271 1992 4348 sepulturam

332 4359 502 4423 nullo
525 4358 808 4436 Sabbato,
836 4358 951 4421 nisi
968 4378 1088 4420 uno
1112 4358 1303 4421 ‘?Cum
1332 4376 1472 4438 ergo
1504 4357 1666 4419 omni
1687 4357 1997 4419 Dominica

334 4448 606 4513 celebres
628 4449 1163 4523 resurrectionem,
1187 4447 1472 4528 omnique
1504 4455 1711 4528 quarta
1740 4455 1801 4510 et
1832 4455 1997 4509 sexta

333 4538 489 4602 feria
510 4539 750 4620 jejunes
783 4545 1025 4619 propter
1053 4537 1434 4599 traditionem
1494 4545 1552 4598 et
1581 4555 1858 4614 crucem;
1889 4555 1997 4599 cur

339 4647 463 4690 non
493 4637 551 4690 et
579 4627 742 4690 omni
767 4628 1021 4692 Sabbato
1054 4634 1301 4709 propter
1329 4625 1721 4707 sepulturam,
1757 4646 1892 4688 cum
1922 4627 1998 4688 de

339 4717 705 4781 celebrando
740 4717 1001 4781 Sabbato
1031 4718 1252 4780 nullam
1285 4719 1577 4779 rationem
1611 4724 1839 4790 teneas,
1882 4715 2000 4777 nisi

339 4827 519 4890 quam
551 4807 762 4883 Judzei,
797 4807 1046 4870 scillicet
1075 4807 1212 4888 quia
1241 4806 1303 4867 in
1362 4825 1432 4868 eo
1478 4805 1770 4887 requievit
1797 4804 2002 4868 Deus?

340 4898 454 4971 Qui
475 4897 678 4977 utique
703 4897 976 4974 fatigatus
999 4914 1118 4958 non
1144 4905 1252 4971 est,
1283 4893 1461 4956 verbo
1487 4913 1698 4957 creans
1715 4893 2003 4975 quidquid

337 4987 544 5062 voluit,
575 4985 680 5047 sed
709 4985 771 5046 in
802 4986 913 5046 hoc
968 4992 1228 5046 nostram
1284 4983 1554 5064 requiem
1591 4983 2002 5064 praetiguravit.

342 5075 517 5150 Quod
547 5075 596 5136 si
617 5095 734 5136 uno
763 5073 1019 5137 Sabbato
1045 5074 1107 5135 in
1139 5082 1258 5135 toto
1290 5092 1444 5134 anno
1463 5073 1859 5152 jejunandum
1891 5081 2004 5150 est,

343 5171 591 5247 propter
615 5163 978 5245 sepulturam
1035 5161 1282 5242 Christi,
1346 5179 1485 5240 ergo
1544 5168 1603 5222 et
1657 5179 1775 5222 una
1804 5168 2010 5242 quarta

339 5254 490 5318 feria
526 5261 767 5334 prepter
797 5251 1208 5329 traditionem,
1243 5258 1301 5312 et
1328 5269 1448 5312 una
1491 5259 1655 5313 sexta
1692 5250 1842 5312 feria
1865 5269 2010 5332 pro-

343 5351 478 5427 pter
500 5343 865 5424 passionem,
914 5343 979 5403 in
1037 5349 1166 5405 toto
1214 5359 1370 5402 anno
1441 5346 1529 5402 est
1577 5339 2002 5420 jejunandum.

343 5432 476 5498 Una
532 5452 770 5515 quoque
826 5431 1138 5494 Dominica
1195 5437 1440 5513 pr0pter
1495 5429 2002 5493 resurrectionem

348 5523 734 5589 celebranda.

2072 3191 2596 3272 ptum,jejunium,
2611 3211 2788 3273 quam
2805 3193 3182 3255 traditionem
3204 3197 3250 3255 si
3269 3201 3561 3256 tentasset
3579 3212 3732 3275 papa

2070 3280 2298 3358 Agatho
2323 3280 2699 3361 aliquatenus
2743 3283 3366 3360 removereRomanis,
3394 3301 3511 3344 non
3525 3283 3735 3345 audire

2071 3377 2166 3431 tur
2183 3369 2255 3431 ab
2279 3370 2387 3432 eis.
2405 3370 2570 3445 Quia,
2583 3371 2863 3452 licetipse
2877 3391 3124 3452 magnus
3137 3372 3453 3448 exstiterit,
3473 3372 3733 3454 praefatis

2073 3468 2272 3521 tamen
2304 3459 2721 3522 decessoribus
2740 3461 2865 3523 suis
2887 3461 3041 3524 sicut
3063 3470 3352 3543 tempore,
3378 3463 3458 3523 ita
3480 3461 3736 3524 scientia

2075 3557 2133 3611 et
2155 3550 2503 3612 auctoritate
2524 3551 2719 3615 minor
2739 3551 2867 3613 fuit.
2885 3550 3284 3624 Quamobrem
3307 3560 3610 3634 caputquo
3631 3571 3730 3613 as-

2075 3639 2272 3702 seritis
2287 3659 2422 3702 eum
2452 3641 2860 3721 promulgasse
2883 3651 2946 3702 ut
2969 3643 3015 3702 si
3035 3641 3168 3723 quis
3181 3641 3431 3704 clericus
3437 3642 3739 3723 jejunaret

2078 3727 2396 3792 Sabbatum
2411 3739 2626 3809 praeter
2640 3750 2845 3804 unum,
2874 3732 3300 3813 deponeretur,
3326 3732 3514 3811 magis
3536 3731 3742 3793 dicen-

2078 3816 2218 3878 dum
2244 3827 2304 3879 et
2322 3820 2762 3882 Nazarenorum
2791 3838 2922 3882 esse
2943 3839 3116 3902 quam
3142 3821 3569 3902 apostolorum,
3587 3823 3742 3883 Chev

2077 3907 2219 3968 riuti
2243 3917 2301 3970 et
2325 3907 2609 3970 Habionis
2639 3928 2812 3990 quam
2865 3918 3043 3972 sextae
3065 3909 3273 3990 synodi
3295 3917 3354 3972 et
3403 3929 3569 3992 papze
3587 3911 3741 3989 Aga-

2079 3997 2300 4059 thonis.
2326 3998 2434 4061 Cui
2452 4018 2595 4061 sane
2620 4000 2877 4080 capitulo
2901 4001 3152 4078 epistola
3177 4000 3338 4064 Pauli
3367 4010 3575 4082 aperte
3597 4020 3741 4064 con-

2079 4087 2341 4162 tradicit,
2367 4087 2468 4149 ubi
2491 4088 2599 4151 ait:
2639 4111 2660 4145 α
2683 4088 2871 4151 Nemo
2893 4109 2995 4151 vos
3009 4089 3312 4169 judicetin
3326 4089 3459 4152 cibo
3483 4099 3580 4152 aut
3598 4099 3741 4171 potu

2079 4186 2180 4241 aut
2200 4178 2261 4240 in
2284 4187 2450 4260 parte
2472 4178 2592 4240 diei
2619 4179 2778 4249 festi,
2804 4186 2864 4242 et
2885 4180 3216 4242 neomeniae
3238 4187 3296 4241 et
3321 4177 3738 4256 Sabbatorum,

2078 4288 2209 4350 quae
2230 4275 2367 4330 sunt
2382 4267 2594 4329 umbra
2613 4269 2965 4333 futurorum.
2991 4293 3014 4326 ι
3042 4268 3212 4332 Unde
3229 4268 3479 4330 Romani
3495 4269 3739 4349 proprio

2079 4359 2306 4421 auctori
2335 4357 2698 4437 et,magistro
2721 4359 2989 4437 gentium
3012 4358 3072 4421 in
3101 4358 3218 4422 ﬁde
3241 4365 3300 4420 et
3319 4358 3559 4419 veritate
3589 4357 3739 4418 obe-

2078 4448 2314 4510 dientes
2338 4447 2490 4508 nulli
2511 4446 2766 4508 Sabbato
2789 4447 3003 4508 festum
3026 4447 3117 4509 vel
3146 4446 3329 4508 otium
3362 4445 3738 4527 dependunt,

2080 4537 2232 4599 sicut
2263 4553 2376 4597 nec
2405 4535 2743 4611 neomenia,
2779 4535 2916 4617 quia
2934 4535 3196 4616 profecto
3219 4533 3465 4598 Judaica
3496 4541 3653 4610 sunt,
3686 4543 3746 4596 et

2082 4625 2284 4707 utique
2311 4624 2525 4686 umbra
2554 4625 2910 4687 futurorum.

2118 4714 2269 4778 XXI.
2287 4713 2472 4776 Porro
2490 4713 3063 4794 undeacceperimus
3080 4714 3243 4776 omni
3268 4713 3364 4776 die
3371 4714 3742 4794 jejuniorum

2083 4807 2405 4888 perfectam
2441 4803 2683 4866 missam
2716 4803 2938 4879 facere,
2973 4823 3151 4885 supra
3181 4811 3520 4866 curavimus
3549 4810 3746 4864 osten-

2088 4896 2232 4958 dere
2260 4917 2273 4953 :
2309 4914 2418 4957 nec
2439 4893 2720 4956 timemus
2741 4902 2917 4975 caput
2939 4894 3094 4975 quod
3123 4892 3319 4955 dicitis
3340 4892 3744 4974 apostolorum

2088 4985 2163 5046 de
2187 4984 2279 5046 his
2302 4984 2402 5066 qui
2427 5002 2544 5045 non
2561 4982 3518 5062 jejunaverintQuadragesimam,
3537 4991 3748 5064 quarta

2090 5092 2326 5154 quoque
2357 5083 2415 5136 et
2443 5078 2609 5134 sexta
2634 5072 2802 5148 feria,
2836 5092 2974 5154 qua,
3000 5080 3246 5154 excepta
3275 5073 3620 5152 gravissima
3650 5071 3744 5132 in-

2092 5161 2652 5240 ﬁrmitate,sollicite
2679 5162 2878 5224 cuncti
2895 5162 3242 5242 jejunamus
3263 5162 3476 5224 diebus
3493 5159 3754 5233 Quadra-

2092 5253 2357 5334 gesimae,
2386 5252 2537 5313 adeo
2561 5260 2627 5312 ut
2647 5251 2952 5315 interdum
2976 5253 3278 5314 decennes
3301 5270 3522 5332 pueros
3555 5249 3754 5312 nobis-

2094 5361 2229 5404 cum
2258 5341 2542 5404 faciamus
2561 5341 2865 5422 jejunare,
2919 5360 3032 5403 nec
3057 5341 3341 5403 solvimus
3363 5358 3471 5423 per
3495 5339 3753 5404 Sabbata

2089 5431 2669 5514 quadragesimalem
2713 5429 3162 5507 abstinentiam,
3219 5449 3398 5511 quam
3463 5428 3754 5492 Dominus

2092 5534 2299 5586 noster
2321 5542 2440 5585 non
2488 5522 2663 5584 solvit
2689 5523 2752 5583 in
2775 5521 3160 5603 quadraginta
3175 5520 3376 5601 jejuni
3396 5521 3488 5582 sui
3509 5517 3748 5582 diebus.

432 5613 556 5677 XX.
612 5612 742 5675 Non
787 5617 985 5674 autem
1044 5611 1264 5674 mirum
1326 5611 1377 5672 si
1428 5609 1720 5690 Agathoni
1752 5629 1917 5693 papae
1955 5623 2014 5676 et
2091 5612 2215 5677 Nec
2239 5612 2801 5676 solveremusetiam
2821 5612 2882 5674 in
2903 5612 3004 5674 die
3027 5610 3338 5676 Dominica
3356 5612 3749 5692 quemadmo-

350 5703 574 5771 sanctis
602 5699 872 5764 Patribus
902 5709 1081 5764 sextae
1100 5699 1309 5782 synodi
1349 5707 1544 5765 vestra
1565 5700 1872 5781 imputatis
1899 5701 2011 5766 de-

2096 5704 2238 5768 dum
2261 5719 2372 5768 nec
2397 5702 2550 5785 ipse,
2585 5720 2705 5784 pm
2744 5701 2961 5783 gaudio
3009 5700 3469 5764 resurrectionis
3491 5699 3618 5780 ejus
3640 5697 3756 5762 hoc
