4144 6388
441 302 585 369 1031

1510 304 1917 370 HUMBERTI
1959 306 2020 368 S.
2067 304 2143 366 Β.
2191 304 2258 366 Ε.
2306 306 2773 371 CARDINALIS

3604 314 3611 319 ’
3695 301 3848 371 1032

432 428 594 503 inter
613 439 859 507 dixisset
873 440 947 504 ab
996 440 1167 504 initio
1219 439 1487 504 omnium
1521 440 1947 503 catholicorum
1969 442 2087 504 Pa-
2108 449 2152 497 Α
2174 436 2363 501 dium.
2387 438 2508 503 Nec
2532 439 2929 503 dubitandum
2945 441 3007 503 in
3032 442 3557 524 quantulacunque
3571 442 3853 523 portione

433 535 590 591 trum
604 531 928 612 sententia,
958 531 1136 594 etiam
1151 549 1286 595 cum
1309 531 1714 596 anathemate.
1738 528 1898 602 Quos
1913 529 2103 592 secuti

433 619 622 680 sancti
648 622 854 683 Patres
878 619 1249 701 Gangrensis
1263 619 1824 683 conciliidixerunt:
1844 642 1867 677 α
1886 617 1949 682 Si
1968 619 2101 700 quis

434 726 554 769 non
582 709 921 789 dijudicans
943 710 1100 773 diem
1146 708 1541 787 Dominicam,
1581 708 2099 790 jejunaverittan-

432 816 610 878 quam
635 798 698 860 in
723 800 858 881 ejus
888 806 1256 881 contemptu,
1281 800 1595 861 anathema
1618 799 1713 862 sit.
1745 824 1771 855 »
1796 797 1910 861 Ubi
1940 806 2100 860 certe

434 886 587 949 sicut
611 889 700 950 eis
751 896 1110 953 attestantur
1155 906 1365 951 omnes
1411 886 1738 950 authentici
1786 887 1927 949 libri
1955 906 2097 959 non,

447 977 862 1041 contradicunt
875 978 1108 1059 jejunio
1140 976 1404 1052 Sahbati,
1445 977 1549 1038 sed
1599 976 1925 1039 Dominicze
1954 976 2096 1038 diei.

517 1065 699 1130 XXII.
733 1066 874 1144 Sed,
912 1088 944 1130 ο
999 1068 1226 1150 perﬁde
1286 1065 1760 1143 Stercorianista,
1798 1066 1900 1148 qui
1929 1074 2102 1147 putas

435 1157 598 1219 ﬁdeli
630 1157 1084 1237 participatione
1115 1156 1382 1237 corporis
1415 1165 1471 1217 et
1529 1156 1835 1236 sanguinis
1862 1155 2101 1218 Domini

443 1249 975 1332 quadragesimalia
993 1257 1169 1332 atque
1186 1248 2101 1330 ecclesiasticadissolvijejunia,

2186 527 2313 606 ejus
2364 529 2513 590 ﬁdes
2571 530 2932 593 manducare
2992 531 3112 593 sibi
3169 540 3351 594 totam
3409 533 3611 614 vitam,
3673 532 3731 593 id
3768 537 3864 592 est

2185 615 2509 694 Christum,
2531 620 2805 682 inﬁdeles
2831 630 3024 683 autem
3045 631 3322 705 mortem,
3345 622 3404 684 id
3422 631 3532 703 est,
3554 621 3852 702 judicium

2183 724 2379 787 suum,
2400 717 2601 788 utpote
2627 710 2727 791 qui
2748 709 2838 772 rei
2864 711 3013 771 ﬁunt
3034 712 3303 792 corporis
3325 721 3382 773 et
3405 711 3711 791 sanguinis
3730 710 3852 772 Do-

2184 795 2349 856 mini.
2384 796 2614 859 Deinde
2665 798 2931 879 quotidie
2976 800 3099 862 sive
3132 799 3322 882 tertia,
3357 800 3482 862 sive
3512 818 3690 876 nona,
3726 799 3852 863 sive

2185 904 2534 966 quacunque
2567 888 2715 949 hora
2757 889 2857 951 ﬁat
2876 908 2909 950 a
2933 888 3107 950 nobis
3123 889 3326 966 missa,
3346 908 3462 951 non
3481 889 3547 950 ﬁt
3569 889 3680 950 nisi
3706 908 3848 971 per-

2185 974 2354 1036 fer-ta.
2383 980 2510 1040 Nec
2538 987 2878 1040 reservatur
2899 998 2969 1041 ex
2991 978 3289 1041 oblatione
3307 980 3439 1059 ejus
3463 998 3596 1060 pars
3617 979 3838 1059 aliqua,

2185 1075 2247 1123 ut
2274 1083 2380 1144 per
2399 1064 2527 1128 dies
2548 1068 2809 1148 quinque
2830 1076 3035 1145 agatur
3059 1068 3236 1131 missa
3280 1068 3648 1148 imperfecta.
3695 1066 3847 1139 Quia

2184 1171 2296 1214 nec
2318 1155 2509 1216 sancti
2532 1157 2784 1236 apostoli
2805 1158 3086 1237 leguntur
3099 1158 3421 1239 quidquam
3453 1157 3635 1219 exilio
3656 1159 3846 1238 primo

2192 1244 2461 1323 corporis
2483 1254 2540 1306 et
2557 1245 3082 1325 sanguinisChristi
3105 1247 3384 1327 mysterio
3407 1246 3516 1308 sub
3540 1248 3668 1328 ipsa
3682 1265 3847 1309 ccena

444 1329 689 1402 omnino
711 1338 973 1401 credens
991 1329 1292 1401 ccelestem
1308 1357 1507 1400 escam
1520 1339 1678 1401 velut
1696 1329 1992 1401 terrenam
2006 1357 2110 1419 per
2189 1329 2503 1394 distributo
2521 1352 2887 1405 reservasse.
2916 1356 3025 1397 nec
3046 1344 3209 1398 actus
3235 1356 3443 1398 eorum
3467 1337 3731 1398 indicant
3749 1355 3850 1398 eos

446 1428 767 1510 aqualiculi
789 1428 1036 1491 fetidam
1062 1438 1119 1492 et
1134 1428 1437 1491 sordidam
1457 1428 1820 1508 egestionem
1835 1428 1897 1489 in
1913 1447 2109 1490 seces-

429 1537 559 1581 sum
585 1518 830 1600 dimitti,
872 1520 1049 1600 plane
1074 1517 1264 1580 sentis
1310 1537 1439 1579 cum
1488 1517 1651 1579 Ario.
1687 1516 1799 1591 Qui
1831 1537 1965 1579 cum
1996 1535 2102 1599 pro

428 1607 560 1669 aliis
580 1607 953 1687 blaSphemis
977 1607 1036 1668 in
1056 1606 1271 1669 Filium
1299 1606 1433 1680 Dei,
1462 1614 1585 1667 tum
1634 1606 1809 1668 etiam
1837 1625 1944 1686 pro
1966 1606 2098 1677 ista,

426 1695 655 1761 foveam
685 1696 968 1776 delapsus
990 1695 1050 1757 in
1073 1703 1283 1769 atram,
1344 1694 1673 1758 visceribus
1704 1693 1851 1757 fusis
1881 1714 2099 1757 vacuus

426 1803 662 1867 quoque
692 1793 910 1847 ventre
942 1785 1247 1846 ramansit.
1301 1783 1374 1845 Et
1427 1783 1533 1846 ubi
1579 1792 1669 1846 est
1697 1782 1965 1847 Salvator
1994 1785 2098 1864 qui

427 1874 575 1936 dans
594 1872 915 1954 discipulis
945 1892 1159 1954 panem
1178 1892 1211 1935 a
1234 1892 1300 1935 se
1339 1872 1720 1935 benedictum
1742 1881 1800 1935 et
1848 1874 2095 1936 fractum

426 1963 612 2025 dixit:
682 1963 1017 2041 «Accipite
1078 1971 1136 2024 et
1197 1962 1519 2039 comedite,
1582 1963 1696 2025 hoc
1742 1970 1834 2026 est
1880 1982 2097 2045 corpus

428 2071 624 2114 meum
654 2051 679 2114 ?
709 2077 734 2107 »
761 2050 999 2132 (Matth.
1029 2069 1193 2123 XXVI,
1222 2052 1352 2133 26.)
1406 2050 1470 2113 In
1494 2071 1609 2134 quo
1635 2051 1776 2133 quid
1812 2053 2088 2115 traderet.

2189 1420 2505 1502 aliquando
2524 1424 2638 1486 tale
2651 1425 2793 1506 quid
2814 1426 3007 1504 egisse
3029 1435 3125 1487 aut
3142 1426 3520 1507 praecepisse.
3546 1426 3850 1501 Quinimo,

2191 1508 2343 1572 sicut
2366 1512 2553 1574 Lucas
2575 1523 2774 1575 narrat
2797 1533 2809 1578 :
2836 1539 2862 1571 «
2887 1514 3064 1576 Erant
3080 1515 3288 1576 ﬁdeles
3307 1522 3764 1595 perseverantes
3790 1514 3854 1575 in

2186 1598 2450 1661 doctrina
2471 1604 2873 1682 apostolorum
2901 1611 2957 1665 et
2983 1605 3520 1668 communicatione
3544 1604 3854 1674 fractionis

2185 1689 2355 1766 panis
2381 1693 2533 1765 (Act.
2561 1709 2622 1764 Il,
2648 1693 2769 1769 42).
2803 1718 2825 1749 »
2857 1692 2999 1767 Quae
3018 1694 3478 1757 communicatio
3509 1695 3766 1775 qualiter
3789 1702 3850 1756 et

2181 1778 2621 1858 quibusdiebus
2640 1784 2830 1857 ﬁeret,
2857 1793 3184 1865 postpauca
3205 1784 3840 1858 demonstrat,dicens:

2185 1890 2207 1925 α
2237 1865 2514 1939 Quotidie
2539 1880 2987 1950 perseverantes
3017 1872 3383 1935 unanimiter
3413 1873 3474 1935 in
3507 1874 3755 1953 templo,
3785 1880 3845 1934 et

2178 1958 2684 2037 frangentescirca
2699 1962 2907 2023 domos
2924 1981 3135 2043 panem
3152 1962 3644 2042 sumebant(Ibid.
3657 1962 3768 2043 ,46)
3785 2013 3797 2024 .
3812 1987 3837 2015 ι)

2177 2043 2330 2107 Ecce
2348 2066 2519 2109 verax
2541 2049 2902 2126 evangelista
2926 2059 3175 2112 testatur
3195 2051 3306 2112 sub
3327 2051 3614 2130 apostolis
3637 2050 3851 2111 ﬁdeles

430 2142 574 2205 alibi
599 2141 744 2203 dicit
777 2162 790 2201 :
828 2167 849 2197 (ι
884 2142 1056 2203 Panis
1080 2161 1257 2224 quem
1283 2158 1391 2221 ego
1414 2142 1661 2224 dedero,
1685 2161 1819 2204 caro
1852 2162 1985 2205 mea
2014 2158 2103 2212 est
2184 2136 2455 2216 quotidie
2478 2156 2680 2199 orasse
2703 2147 2762 2199 et
2780 2158 2997 2219 panem
3020 2139 3292 2220 fregisse,
3316 2141 3523 2214 Etvos,
3549 2140 3649 2221 qui
3673 2139 3842 2216 estis,

426 2250 534 2312 pro
568 2230 775 2292 mundi
792 2230 906 2292 vita
943 2230 1129 2303 (Joan
1184 2251 1262 2306 γι,
1326 2231 1467 2309 5‘2);
1500 2257 1519 2291 ι
1585 2240 1689 2310 et;
1727 2254 1750 2287 «
1788 2233 1937 2295 Caro
1970 2251 2099 2295 mea

424 2339 565 2384 vere
600 2330 689 2384 est
742 2320 936 2396 cibus,
996 2329 1053 2382 et
1110 2321 1350 2401 sanguis
1410 2340 1578 2382 meus
1634 2339 1770 2383 vere
1805 2330 1895 2384 est
1926 2329 2097 2402 potus

424 2415 622 2485 (Joan.
643 2428 725 2486 v1,
750 2411 879 2493 56).
916 2436 937 2470 ο
968 2410 1281 2484 Quomodo
1309 2429 1486 2473 verus
1507 2409 1707 2483 ‘?Quia
1735 2433 1757 2467 α
1789 2410 1889 2492 qui
1919 2430 2090 2473 man-

423 2501 600 2564 ducat
618 2518 862 2563 carnem
884 2520 1102 2576 meam,
1126 2510 1185 2563 et
1203 2500 1714 2579 bibitsanguinem
1742 2520 1966 2583 meum,
1992 2501 2091 2564 ha-

434 2589 536 2652 bet
560 2590 733 2652 vitam
756 2601 1037 2652 aeternam
1063 2589 1269 2669 (Joan,
1293 2607 1377 2660 x1.
1406 2592 1534 2672 55).
1577 2615 1596 2646 ι
1627 2588 1699 2652 Et
1714 2609 1846 2671 quae
1869 2599 1959 2654 est
1980 2592 2095 2654 vita

422 2684 687 2742 aeterna?
709 2679 937 2759 Nempe
960 2678 1231 2742 Christus
1279 2680 1477 2759 Jesus,
1531 2678 1684 2741 sicut
1741 2679 1871 2760 ipse
1901 2680 2043 2742 dicit
2074 2704 2087 2745 :

427 2794 455 2826 α
480 2768 600 2848 Ego
619 2788 750 2831 sum
777 2771 893 2844 via,
919 2769 1136 2830 veritas
1159 2775 1219 2830 et
1240 2768 1355 2829 vita
1386 2767 1597 2848 (Joun.
1628 2786 1751 2841 XIV,
1789 2770 1875 2850 6).
1917 2794 1944 2825 »
1982 2768 2092 2843 Qui

422 2877 567 2937 ergo
582 2878 794 2940 panem
807 2858 915 2922 Dei
932 2857 1268 2933 manducat,
1292 2876 1537 2920 carnem
1552 2858 1658 2923 Dei
1686 2858 1906 2921 Christi
1926 2879 2094 2922 man-

420 2947 619 3010 ducat.
643 2946 757 3020 Qui
777 2954 975 3009 autem
998 2964 1239 3008 carnem
1264 2948 1395 3027 ejus
1419 2951 1765 3030 manducat,
1788 2949 2087 3011 Christum

2183 2224 2283 2304 qui
2314 2224 2772 2289 dicitis-duobus
2796 2236 3020 2288 tantum
3049 2227 3260 2289 diebus
3293 2226 3681 2290 hebdomadis
3708 2230 3849 2289 mis-

2179 2331 2302 2374 sam
2331 2317 2658 2395 perfectam
2684 2317 2814 2378 ﬁeri
2838 2318 3083 2394 debere,
3118 2316 3365 2398 reliqu‘s
3389 2335 3526 2378 vero
3573 2318 3845 2399 quinque

2177 2405 2618 2484 imperfectam?
2641 2405 2866 2487 Nempe
2888 2407 2987 2468 hic
3006 2408 3067 2469 in
3094 2407 3265 2487 panis
3288 2407 3577 2469 fractione
3603 2419 3658 2468 et
3684 2427 3850 2469 com-

2177 2493 2602 2566 municatione,
2638 2514 2754 2556 non
2789 2497 2903 2557 nisi
2935 2497 3257 2577 perfectam
3316 2496 3612 2558 actionem
3644 2498 3843 2560 missas

2176 2581 2466 2643 debemus
2491 2583 2794 2664 accipere,
2817 2585 3318 2665 quemadmodum
3333 2586 3597 2666 etipsum
3630 2589 3834 2649 Domi-

2176 2672 3300 2756 numlegimus,nonimperfectam,sed
3317 2677 3635 2756 perfectam
3673 2698 3836 2740 com-

2175 2762 2671 2823 memorationem
2694 2762 2818 2824 suis
2842 2764 3151 2845 discipulis
3179 2765 3521 2839 tradidisse,
3541 2765 3601 2827 in
3632 2786 3781 2848 pane
3804 2788 3839 2830 a

2176 2868 2240 2911 se
2260 2850 2574 2913 benedicto
2599 2861 2656 2913 et
2677 2872 2810 2913 mox
2833 2852 3017 2916 fracto
3067 2868 3127 2914 et
3150 2855 3488 2918 distributo.
3516 2854 3646 2917 Non
3674 2861 3835 2919 enim

2176 2938 2480 3001 benedixit
2504 2949 2726 3003 tantum
2752 2950 2807 3003 et
2829 2944 3081 3005 servavit
3106 2944 3497 3022 frangendum
3523 2946 3583 3007 in
3616 2947 3836 3009 crasti-

420 3037 738 3100 manducat
761 3057 776 3111 ;
803 3036 903 3118 qui
935 3034 1231 3098 Christum
1263 3038 1603 3112 manducat,
1667 3039 1873 3117 procul
1906 3038 2145 3102 dubioc
2172 3047 2333 3100 uum,
2366 3048 2475 3091 nec
2497 3031 2670 3109 fregit
2694 3038 2918 3094 tantum
2945 3034 3416 3114 etreposuit,sed
3444 3034 3695 3097 fractum
3718 3048 3839 3099 sta-

418 3126 598 3189 vitam
623 3134 904 3189 aeternam
932 3126 1272 3188 manducat.
1297 3126 1474 3206 Ergo,
1499 3146 1532 3189 o
1559 3126 1806 3208 pestifer
1823 3127 1960 3190 leno
1987 3148 2091 3192 an-

417 3217 569 3299 tiqui
592 3217 913 3298 serpentis,
938 3216 1040 3297 qui
1062 3215 1301 3278 conaris
1323 3215 1542 3278 astutia
1572 3224 1672 3278 tua
1701 3235 2094 3297 corrumpere

421 3326 638 3371 sensus
661 3306 881 3371 Christi
901 3324 1306 3387 sponsee,quaa
1329 3305 1733 3383 estEcclesia,
1757 3315 1825 3369 ut
1851 3307 2095 3371 excida-

413 3416 563 3475 tura
585 3395 875 3458 charitate
898 3396 1042 3458 tanti
1064 3403 1122 3457 et
1148 3394 1284 3458 talis
1314 3395 1570 3477 ‘sponsi,
1629 3395 1829 3458 credis
1861 3415 1970 3459 nos
2000 3399 2090 3461 vi-

414 3506 534 3557 tam
558 3486 1074 3568 incorruptibilem
1097 3484 1508 3561 comedentes,
1534 3504 1921 3567 corrumpere
1940 3487 2092 3551 inte-

415 3579 685 3659 gritatem
703 3576 1097 3658 jejuniorum,
1118 3576 1276 3637 velut
1298 3575 1497 3656 aliquo
1518 3575 1658 3638 cibo
1680 3577 2093 3658 corruptibili?

468 3665 678 3732 XXIII.
694 3669 1023 3731 Horremus
1036 3665 1281 3746 quidem
1297 3663 1525 3741 dicere,
1548 3664 1655 3727 sed
1670 3667 2092 3747 compellimur

412 3774 448 3818 a
466 3765 566 3818 tua
584 3755 917 3837 impudenti
937 3754 1344 3835 improbitate.
1368 3752 2089 3839 Conarilehristum,imo

411 3846 600 3927 ipsam
632 3846 809 3907 vitam
842 3861 946 3925 per
973 3842 1379 3922 digestionem
1404 3843 1559 3906 sicut
1585 3863 1822 3907 caenum
1857 3845 2083 3911 olidum

413 3934 730 3998 demittere
750 3932 1106 3994 inlatrinam
1125 3982 1132 3992 .
1153 3930 1226 3993 Et
1254 3931 1355 3996 ubi
1382 3940 1493 4007 est,
1519 3934 1679 4014 quod
1703 3934 1850 3996 dixit
1875 3957 1889 3999 :
1916 3961 1943 3992 «
1976 3935 2088 4010 Qui

414 4024 731 4086 manducat
751 4039 991 4084 carnem
1014 4039 1231 4099 meam,
1252 4030 1310 4085 et
1326 4022 1478 4084 bibit
1492 4024 1844 4102 sanguinem
1861 4043 2083 4109 meum,

2178 3119 2285 3189 tim
2316 3119 2640 3184 distribuit.
2673 3120 2845 3184 Unde
2903 3122 3111 3184 beatus
3160 3124 3503 3187 Alexander
3534 3134 3753 3208 martyr
3786 3136 3849 3190 et

2179 3227 2328 3290 papa
2351 3208 2400 3272 V
2422 3209 2494 3271 ab
2528 3211 2794 3291 apostolo
2817 3211 3014 3287 Petro,
3038 3213 3376 3294 passionem
3404 3215 3637 3277 Domini
3668 3217 3842 3278 inse-

2176 3318 2318 3360 rens
2339 3300 2553 3361 canoni
2578 3300 2793 3375 missas,
2818 3321 2934 3362 non
2954 3301 3033 3363 ait
3061 3321 3073 3364 :
3103 3302 3225 3364 Hoc
3244 3305 3721 3386 quotiescunque
3754 3307 3846 3369 fe-

2177 3388 2400 3462 ceritis,
2417 3390 2522 3451 sed
2541 3415 2565 3443 «
2582 3388 2717 3451 Haec
2734 3391 3206 3473 quotiescunque
3245 3393 3532 3469 feceritis,
3554 3395 3613 3455 id
3629 3395 3845 3459 estbe-

2173 3478 2852 3557 nedixeritis,fregeriiis
2868 3489 2925 3543 et
2944 3481 3463 3558 distribueritis,in
3478 3484 3595 3546 mei
3613 3504 3849 3549 memo-

2172 3567 2321 3627 riam
2344 3565 2599 3643 facietis,
2632 3592 2657 3622 »
2686 3567 2825 3648 quia
2843 3568 3152 3649 quodlibet
3174 3571 3387 3632 horum
3412 3571 3614 3642 trium,
3642 3575 3691 3634 si
3711 3573 3845 3636 sine

2171 3653 2418 3737 reliquis
2450 3656 2569 3731 ﬁat,
2601 3656 2835 3719 scilicet
2873 3658 3217 3721 benedictio
3250 3660 3381 3721 sine
3414 3661 3841 3725 distributione

2171 3754 2270 3807 aut
2296 3745 2509 3833 fractio
2541 3747 2671 3807 sine
2693 3745 3113 3810 benedictione
3136 3749 3656 3827 etdistrihutione,
3691 3771 3838 3833 per-

2171 3832 2385 3896 fectam
2418 3832 2634 3896 Christi
2668 3837 3017 3897 memoriam
3060 3856 3178 3898 non
3212 3847 3651 3918 representant,
3683 3832 3849 3903 Sicut

2169 3921 2508 3984 distributio
2530 3923 3840 4000 nullasinebenedictioneetfractione.Quod

2173 4021 2367 4073 autem
2392 4012 2660 4092 quotidie
2684 4020 2741 4073 et
2762 4023 3176 4096 quotacunque
3198 4016 3624 4092 horadiei,non
3639 4027 3840 4080 autem

411 4109 473 4171 in
499 4126 600 4174 me
620 4116 908 4183 manet,et
949 4127 1061 4188 ego
1101 4112 1159 4170 in
1177 4110 1320 4171 eo?»
1358 4101 1951 4192 (Joan.V1,57.)Sine
1967 4101 2086 4195 qua
2174 4101 2300 4164 sola
2318 4101 2489 4163 tertia
2511 4102 2836 4195 perfectam
2862 4104 3105 4195 missam
3138 4106 3389 4185 agimus,
3422 4107 3841 4169 auctoritatem

409 4199 738 4261 refectione
760 4198 901 4280 quia
920 4216 1039 4259 non
1061 4197 1320 4260 habetur
1340 4199 1480 4274 vita,
1508 4199 1638 4280 ipsa
1659 4190 1816 4277 Vita,
1845 4190 2087 4283 quae-est
2173 4197 2448 4283 Fooomus
2470 4209 2542 4283 315
2563 4190 2760 4283 verbis
2782 4193 2971 4283 IPSIUS
2986 4194 3651 4276 Domiﬂijmilabealum
3679 4200 3841 4260 Pall-

409 4288 706 4364 Christus,
729 4279 899 4370 quasi
923 4286 1183 4369 quodam
1203 4279 1601 4369 jurejurando
1622 4279 1986 4370 protestatur
2003 4292 2090 4355 ἀί,
2111 4364 2146 4370 _
2174 4280 2298 4341 lum
2321 4279 2579 4341 dicentis
2610 4301 2623 4338 :
2649 4299 2678 4339 α
2698 4279 3014 4344 Hocfacite
3028 4285 3499 4365 quotiescunque
3512 4285 3842 4361 sumitis,in

412 4396 584 4440 cens:
617 4364 875 4451 «Amen,
897 4364 1222 4439 amendico
1238 4364 1426 4454 vobis,
1451 4378 1566 4440 nisi
1583 4364 2089 4451 manducaveritis
2110 4364 2154 4413 D
2175 4387 2369 4430 meam
2393 4371 3023 4433 commemorationem
3054 4372 3121 4454 (Ῐ
3165 4375 3304 4438 Co"-
3346 4364 3419 4436 Χί
3453 4375 3574 4448 245)-
3606 4401 3628 4433 η
3664 4377 3841 4440 Unde

411 4465 1576 4549 carnemFiliihominis,ethiberitisejus
1592 4468 2093 4547 sanguinem,non
2177 4478 2311 4519 mox
2336 4458 2494 4549 idom
2518 4459 2835 4549 Αροειοιυε
2856 4470 3095 4524 secutus
3116 4464 3335 4544 adjooit
3359 4485 3371 4527 ε
3394 4488 3420 4521 α
3439 4463 3839 4538 Quotiescun-

409 4554 706 4619 habebitis
732 4555 908 4616 vitam
941 4555 1003 4616 in
1028 4555 1199 4617 vobis
1225 4555 1438 4635 (Ibid.,
1466 4547 1592 4638 54).
1618 4584 1643 4615 ››
1666 4558 1971 4639 Numquid
1993 4559 2093 4632 hic
2174 4567 2292 4629 que
2322 4547 2757 4639 manducabitis
2781 4569 2993 4630 panem
3021 4553 3179 4614 hunc
3203 4562 3261 4614 et
3307 4554 3553 4616 calicem
3588 4554 3833 4634 bibetis,

408 4642 1170 4708 dixit:Simanducaveris
1220 4662 1463 4708 carnem
1513 4665 1708 4709 meam
1736 4654 1794 4708 et
1815 4638 2093 4713 biberitis
2175 4646 2427 4701 mortem
2480 4638 2718 4700 Domini
2766 4641 3195 4705 annunliabilis
3258 4644 3467 4721 (Ῑὺὶάι,
3516 4645 3637 4719 96).
3670 4671 3697 4701 π
3762 4646 3839 4708 Et

414 4732 773 4813 sanguinem
793 4751 1021 4811 meum,
1052 4733 1391 4797 dissolvetis
1403 4736 1701 4816 jejunium
1725 4735 1842 4799 ?Et
1863 4736 2091 4800 utinam
2172 4727 2433 4809 quandiu
2458 4726 2482 4789 ?
2512 4730 2707 4791 Donec
2734 4732 2937 4793 veniat
2970 4732 3176 4814 (Ibid.)
3207 4755 3219 4792 :
3277 4733 3507 4796 scilicet
3557 4735 3838 4816 judicare

406 4823 524 4885 hoc
548 4823 674 4885 solo
696 4830 1226 4898 sacramento,non
1248 4824 1320 4885 ad
1336 4825 1630 4904 judicium
1662 4833 2084 4908 nostrum,om.
2170 4819 2331 4908 vivos
2362 4826 2419 4879 et
2475 4826 2762 4908 mortuos.
2822 4818 3084 4883 Putasne
3136 4822 3355 4888 alioubi
3411 4824 3663 4886 dixerit:
3702 4826 3837 4889 Hoc

404 4911 468 4973 ni
489 4912 635 4978 hora
653 4913 1044 4975 reﬁcerernur
1065 4913 1080 4973 ι
1104 4910 1223 4976 Sed
1247 4914 1387 4994 quia
1410 4933 1661 4993 corpore
1681 4907 2079 4999 corruptibili,
2163 4907 2335 4999 facile
2364 4908 2513 4999 hora
2542 4907 2718 4999 tertia
2752 4908 2827 4999 in,
2888 4929 3081 4972 meam
3143 4914 3771 4976 commemorationem
3797 4915 3833 4975 ‘?

410 5001 672 5064 etnimia
690 5002 930 5064 miseria
948 5002 1335 5066 conscientiae
1356 5013 1573 5068 nostrae
1621 4997 1874 5087 gravati,
1903 4997 2080 5069 etiam
2164 4998 2296 5060 N011
2330 4997 2553 5079 utique,
2577 4997 2682 5059 sed
2707 4997 2929 5060 nullam
2962 5001 3169 5062 horam
3219 5010 3319 5063 aut
3362 5009 3632 5084 tempora
3656 5004 3824 5066 exci-

403 5088 625 5153 bonum
641 5098 910 5153 nostrum
927 5091 1244 5172 nequimus
1256 5093 1574 5177 suﬂ‘erre,a
1586 5086 2081 5159 sanctisPatribus
2164 5087 2335 5168 Piens
2357 5086 2506 5149 ἀίκίῑ
2530 5105 2543 5149 ε
2568 5087 3070 5170 Quotiescunque
3098 5090 3222 5154 Nec
3245 5093 3374 5174 ipse
3421 5092 3639 5156 Paulus
3658 5095 3826 5175 jeju-

404 5187 586 5243 certaa
601 5180 677 5243 ad
703 5179 1159 5261 percipiendum
1180 5188 1405 5243 tantum
1433 5191 1873 5247 sacramentum
1916 5203 2072 5266 prae-
2160 5177 2468 5258 niaaliqua
2488 5184 2587 5239 aut
2609 5186 2831 5239 certam
2851 5180 3180 5260 quamlibet
3201 5182 3605 5245 evolutionem
3626 5203 3825 5248 anno-

402 5268 530 5331 ἥκω
552 5282 692 5332 sunt
713 5271 901 5358 horae.
930 5267 1097 5341 Quod
1126 5289 1201 5332 ne
1221 5270 1469 5334 vilescat
1509 5273 1872 5351 carnalibus,
1909 5280 1967 5336 et
2011 5274 2075 5337 in
2157 5290 2288 5335 rum
2316 5272 2630 5334 attendens
2667 5271 2747 5332 ait
2781 5292 2795 5335 :
2850 5271 3334 5356 Quotiescunque
3387 5295 3495 5358 per
3524 5285 3608 5339 tot
3631 5298 3826 5342 annos

403 5357 790 5440 percipiendo
806 5359 2080 5445 escamspiritussubmurmuretaliquiscar.
2159 5362 2307 5422 hora
2331 5380 2486 5423 nona
2520 5360 2957 5424 manducabitis
2989 5382 3201 5445 panem
3237 5357 3418 5429 hunc.
3479 5378 3541 5428 et
3570 5369 3821 5431 calicem

404 5445 499 5534 nis
520 5448 843 5528 appetitus,
869 5465 1003 5509 cum
1027 5466 1259 5512 summa
1285 5452 1564 5530 parcitate
1596 5461 2029 5534 przegustamus
2055 5475 2071 5533 ;
2163 5449 2401 5527 bibetis,
2455 5463 2710 5513 mortem
2765 5450 3004 5514 Domini
3049 5456 3482 5518 annuntiabitis
3513 5480 3528 5530 ;
3581 5458 3687 5520 sed
3718 5457 3822 5520 in-

404 5531 609 5622 videre
637 5535 1049 5598 tantummodo
1070 5537 1382 5618 cupientes
1412 5531 1812 5621 quam—suavis
1844 5550 1934 5604 est
1961 5531 2074 5606 Do-
2155 5539 2542 5604 diﬁ‘erenter:
2580 5540 3058 5622 Quotiescunque
3088 5565 3104 5622 ;
3133 5553 3192 5606 et
3214 5547 3416 5609 Donec
3444 5550 3669 5611 veniat.

403 5621 625 5699 minus,
647 5623 819 5702 cujus
833 5623 1004 5705 panis
1026 5644 1150 5689 non
1164 5627 1314 5704 vult,
1334 5630 1509 5692 sicuti
1532 5649 1643 5693 nec
1665 5649 1885 5695 manna
1906 5632 2073 5694 fasti-
2234 5628 2437 5694 XXIV.
2463 5628 2583 5693 Nec
2615 5630 2917 5694 nescimus
2942 5621 3180 5697 sanctos
3223 5637 3431 5700 Patres
3451 5637 3570 5699 diei
3602 5636 3814 5701 Domi-

3472 6378 3508 6384 —
3593 6377 3618 6382 —
3715 6377 3718 6380 ~
3805 6377 3814 6380 -
3892 6377 3924 6384 κ-
4003 6380 4034 6388 ς.
4102 6384 4136 6388 Ἰ
