4144 6374
256 285 429 352 .1033
1619 287 1927 354 CONTRA
1978 287 2351 353 NICETAM.
3525 298 3678 365 1034

265 420 940 502 nicmetprmcipuarum
963 421 1408 484 solemnitatum
1433 423 1928 486 missashorater-
1946 429 1988 477 Α
2011 438 2188 484 unam
2212 421 2578 486 oblationem
2612 425 2902 488 videmini
2940 425 3034 489 bis
3071 427 3391 493 oﬂ‘erre.Et
3425 449 3530 494 cor
3557 451 3678 497 non

263 513 345 572 tia
367 510 703 600 celebrasse
726 510 1210 600 solitos_,propter
1221 509 1476 592 Spiritus
1488 512 1676 575 sancti
1689 511 1929 574 effusio-
2009 510 2343 573 attendistis
2369 513 2432 575 in
2455 514 2708 592 epistola
2733 535 2898 598 papae
2920 515 3266 599 Clementis,
3286 521 3457 600 cujus
3480 523 3672 585 tradi-

266 618 404 661 nem
435 599 580 662 hora
613 600 788 662 tertia
816 597 1259 691 inﬁdiscipulos,
1289 603 1492 691 ethoc
1513 601 1923 691 mandassead
2009 599 2220 677 tiones,
2246 610 2311 663 ut
2345 603 2585 683 putatis,
2623 612 2829 668 contra
2869 623 2978 669 nos
3024 597 3373 690 defenditis,
3402 611 3559 691 quod
3591 611 3676 674 ibi

264 697 532 778 posteros
554 695 846 770 quatenus
877 687 980 750 illa
1036 687 1212 751 unius
1246 690 1400 752 actio
1454 691 1652 752 missae
1680 690 1922 770 gemino
2007 691 2411 771 promulgasse
2435 695 2714 773 putatur?
2737 720 2763 751 α
2793 697 2988 771 Certe,
3016 696 3230 778 inquit,
3258 687 3502 762 tanta—in
3525 701 3669 765 alta-

265 777 576 858 privilegio
633 779 1025 858 insigniretur
1078 800 1091 843 :
1149 781 1592 844 resurrectione
1645 779 1923 842 videlicet
2002 779 2092 840 rio
2125 780 2466 844 holocausta
2491 784 2766 861 offerant,
2791 793 3013 867 quanta
3033 777 3539 867 po’pulosufﬁcere
3562 791 3670 854 de-

262 868 821 931 Christietadventu
848 868 1356 951 Paracleti,utque
1380 879 1626 952 propter
1639 869 1918 950 gaudium
2004 867 2377 942 beant.Quod
2403 872 2452 933 si
2474 875 2966 948 remanserint,in
2993 875 3317 939 crastinum
3342 897 3462 941 non
3476 898 3671 942 reser-

263 956 398 1019 festi
427 956 797 1038 temporibus
823 957 1232 1020 relaxarentur
1259 959 1492 1022 cunctis
1506 959 1673 1021 frena
1676 958 1916 1039 jejunii.
2003 960 2348 1040 ventur,sed
2374 980 2507 1023 eum
2537 962 2754 1025 timore
2773 973 2832 1026 et
2856 972 3114 1027 tremore
3139 965 3497 1030 clericorum
3522 987 3669 1032 cau-

265 1049 692 1110 Verumtamen
705 1047 820 1109 alia
834 1064 1011 1110 causa
1025 1048 1453 1110 estDominicaa
1473 1049 1691 1129 diei,ac
1707 1049 1919 1110 solem-
2003 1046 2117 1138 tela
2129 1059 2188 1109 et
2209 1048 2520 1138 diligentia
2544 1062 3031 1116 consumantur.)
3053 1054 3145 1117 Ad
3172 1055 3297 1118 haec
3322 1057 3478 1138 quod
3496 1074 3664 1122 asse-

265 1145 478 1216 tatum,
497 1136 611 1198 alia
621 1137 992 1217 jejuniorum
1019 1159 1033 1216 ;
1059 1138 1108 1199 si
1135 1156 1274 1216 ergo
1309 1139 1457 1201 hora
1496 1158 1654 1201 nona
1683 1146 1782 1200 aut
1811 1157 1916 1200 ve-
2000 1135 2105 1213 ris,
2123 1155 2218 1198 vos
2239 1136 2312 1198 ab
2337 1138 2464 1220 ipsa
2487 1149 2690 1204 sancta
2715 1143 3148 1206 communione
3175 1135 3376 1207 statim
3405 1146 3480 1208 ad
3504 1166 3667 1209 com-

260 1225 529 1307 spertina
555 1224 768 1289 diebus
791 1227 1189 1308 jejuniorum,
1218 1229 1480 1308 perfecta
1498 1229 1688 1308 agitur
1714 1228 1912 1302 missa,
2002 1226 2391 1288 munescibos
2409 1230 2816 1305 transire,non
2832 1232 2920 1295 sic
2937 1232 3372 1296 sensisseidem
3387 1235 3666 1299 Clemens

263 1316 425 1404 nulla
455 1317 660 1396 procul
687 1315 869 1378 dubio
897 1317 1036 1379 inde
1066 1317 1440 1380 contrahitur
1474 1337 1653 1394 noxa,
1690 1318 1828 1398 quia
1858 1331 1918 1379 et
1999 1315 2304 1378 invenitur
2328 1317 2388 1379 in
2413 1319 2649 1398 praefata
2674 1321 3162 1402 epistola,ubide
3180 1322 3274 1385 his
3295 1324 3398 1404 qui
3418 1324 3665 1389 residua

259 1403 622 1466 Dominusin
636 1424 805 1468 caena
816 1406 888 1468 ad
909 1424 1227 1488 vesperum
1250 1407 1500 1488 primam
1517 1415 1576 1470 et
1598 1408 1915 1490 perfectam
2000 1407 2273 1496 sacrificii
2299 1411 2786 1489 consumpserint
2814 1411 3072 1492 subjecit
3095 1429 3109 1474 :
3137 1436 3164 1469 α
3191 1403 3547 1496 Quiautem,
3571 1414 3664 1476 in-

259 1494 836 1558 administrationem
859 1498 1002 1559 tanti
1024 1497 1381 1560 sacramenti
1409 1496 1722 1578 discipulis
1743 1497 1916 1560 insti-
2000 1494 2395 1574 quit,residua
2415 1499 2684 1578 corporis
2697 1499 2935 1562 Domini
2949 1520 3080 1582 quae
3097 1501 3158 1563 in
3173 1502 3436 1566 sacrario
3451 1494 3662 1567 relicta

261 1583 395 1665 tuit,
434 1590 494 1646 et
522 1584 670 1646 hora
694 1603 854 1646 nona
874 1585 1150 1666 spiritum
1176 1587 1419 1648 tradens
1442 1587 1803 1649 sacrificium
1820 1605 1916 1648 ve-
1999 1591 2139 1646 sunt
2161 1595 2671 1667 consumunt,non
2694 1590 2894 1651 statim
2909 1591 2984 1653 ad
2998 1609 3349 1654 communes
3361 1593 3660 1674 accipien-

258 1672 593 1768 sper-tinum
606 1674 888 1754 expansis
909 1674 1186 1736 manibus
1207 1677 1268 1736 in
1292 1694 1496 1758 cruce,
1523 1685 1582 1739 et
1612 1676 1916 1758 prmmissa
1939 1719 1976 1768 Β
2000 1676 2143 1735 dum
2185 1674 2352 1736 cibos
2383 1677 2762 1753 conveniant,
2815 1699 2892 1741 ne
2926 1688 3133 1762 putent
3163 1691 3371 1745 sancta
3399 1672 3661 1762 portioni

261 1760 532 1851 oratione
553 1762 626 1823 ad
647 1764 881 1851 Patrem
903 1765 1358 1826 consummavit.
1380 1764 1914 1847 Proptereaquam-
1939 1760 1974 1768 ”
1999 1781 2133 1826 esse
2154 1765 2628 1828 commiscendos
2659 1767 2825 1830 cibos
2846 1760 2943 1850 qui
2968 1789 3076 1850 per
3087 1760 3660 1851 aqualiculiegestus

260 1851 349 1912 vis
377 1850 524 1912 hora
545 1849 722 1914 tertia
741 1863 800 1913 et
824 1870 980 1915 nona
993 1861 1241 1934 propter
1259 1854 1631 1934 supradictas
1652 1855 1916 1918 rationes

259 1939 381 2001 sint
409 1940 672 2022 aptiores
695 1940 1012 2004 missarum
1043 1944 1288 2025 actioni,
1315 1944 1791 2027 quotiescunque
1823 1953 1914 2007 ta-

259 2047 400 2091 men
432 2030 598 2092 horis
627 2030 758 2093 aliis
775 2031 925 2094 tiunt
943 2032 1334 2112 occupatione
1348 2033 1712 2112 itineris,aut
1731 2038 1916 2112 gratia

259 2119 586 2200 cujuslibet
615 2121 1163 2202 necessariwreiﬁn
1179 2124 1528 2185 memoriam
1549 2124 1698 2187 fiunt
1719 2123 1917 2187 Chris-

261 2209 330 2284 ti;
353 2227 463 2270 nec
489 2209 740 2271 violatur
773 2209 910 2275 inde
939 2210 1250 2288 integritas
1265 2211 1685 2292 jejunii.Quod
1715 2213 1917 2294 utique

260 2297 466 2360 beatus
485 2297 889 2380 Telesphorus
904 2319 1052 2381 papa
1069 2319 1102 2362 a
1119 2300 1298 2364 Petro
1317 2302 1605 2382 septimus
1623 2304 1912 2378 sentiens,

260 2389 437 2451 etiam
460 2398 633 2454 nocte
650 2388 981 2452 Nativitatis
1003 2388 1240 2452 Domini
1263 2391 1473 2454 missas
1493 2392 1785 2455 celebrari
1818 2392 1916 2454 in-

261 2477 468 2553 stituit,
504 2497 616 2540 nec
639 2479 820 2540 ullam
844 2479 1272 2542 resolutionem
1299 2481 1516 2562 jejunii
1551 2489 1688 2544 ante
1713 2483 1916 2544 horam

264 2568 500 2629 tertiam
536 2575 591 2629 et
619 2567 896 2630 diurnam
950 2569 1192 2631 missam
1251 2570 1392 2632 inde
1431 2571 1582 2648 ﬁeri,
1619 2572 1772 2634 sicut
1815 2591 1919 2634 vos

262 2676 543 2738 perverse
574 2659 814 2739 putatis,
850 2658 1068 2720 timuit.
1103 2659 1300 2723 Dicite
1321 2668 1542 2736 autem,
1568 2660 1620 2724 si
1647 2662 1913 2743 potestis,

260 2765 368 2808 cur
383 2745 707 2809 Sabbatum
729 2753 788 2808 et
808 2755 1036 2809 ceterae
1062 2755 1223 2809 extra
1240 2748 1609 2812 Dominicam
1630 2749 1792 2813 feriae
1815 2752 1918 2813 ho-

1998 1856 2058 1916 in
2078 1872 2382 1917 secessum
2414 1855 2765 1920 funduntur.
2803 1856 2866 1920 Si
2894 1859 3072 1939 igitur
3120 1877 3294 1922 mane
3349 1859 3664 1924 Dominica

1999 1943 2195 2024 portio
2215 1945 2277 2006 in
2299 1945 2560 2007 sacrario
2588 1945 2820 2024 edatur,
2836 1965 3024 2029 usque
3055 1948 3116 2008 in
3131 1955 3358 2011 sextam
3375 1948 3660 2028 jejunent

2003 2033 2258 2095 ministri
2291 2035 2394 2114 qui
2427 2035 2552 2097 haec
2584 2038 3090 2117 consumpserint.
3125 2037 3196 2098 Et
3247 2039 3294 2102 si
3346 2037 3522 2099 tertia
3551 2043 3656 2101 aut

1999 2130 2228 2204 quarta,
2255 2124 2534 2204 jejunent
2582 2144 2772 2207 usque
2828 2127 2890 2188 in
2941 2144 3281 2209 vesperum.
3327 2125 3393 2188 In
3441 2126 3660 2208 quibus

2001 2229 2142 2276 sane
2169 2212 2570 2294 verbisliquet
2592 2215 2748 2296 quod
2772 2235 2891 2277 non
2915 2216 3108 2278 solum
3145 2217 3292 2278 hora
3319 2215 3514 2292 tertia,
3550 2216 3661 2279 sed

2002 2301 2182 2363 etiam
2215 2320 2392 2364 mane
2420 2303 2566 2364 hora
2584 2311 2796 2384 quarta
2819 2305 3030 2366 missas
3053 2305 3185 2367 fieri
3201 2306 3660 2386 licet,quodque

2003 2409 2070 2452 ex
2093 2391 2388 2453 sacrificio
2394 2393 2690 2472 jejunium
2707 2412 2825 2454 non
2843 2394 3265 2474 solvitur,dum
3279 2394 3404 2457 illic
3415 2394 3654 2471 dicitur,

2004 2482 2176 2562 utqui
2190 2499 2434 2543 consum
2445 2481 2872 2563 pserintusque
2885 2483 2958 2545 ad
2971 2493 3196 2546 sextam
3212 2483 3304 2545 vel
3322 2501 3656 2565 vesperam:

1998 2569 2218 2652 alioqui
2257 2571 2555 2651 quomodo
2590 2571 3023 2654 jejunabant,si
3072 2590 3142 2634 ex
3176 2571 3471 2635 sacrificio
3491 2573 3658 2652 jeju-

1999 2659 2162 2720 nium
2182 2659 2513 2722 solverunt?
2546 2661 2777 2723 Deinde
2808 2662 3230 2724 abstinentiam
3255 2662 3656 2744 paucissimo-

1997 2767 2128 2810 rum
2145 2749 2317 2811 nobis
2333 2749 3293 2832 praedicantes,tacetisingluviem
3311 2751 3658 2828 multorum,

259 2855 327 2898 ra
351 2837 524 2898 tertia
549 2835 788 2898 missam
813 2835 1076 2899 debeant
1097 2837 1340 2915 habere,
1367 2858 1502 2900 cum
1535 2839 1596 2901 in
1628 2840 1714 2902 eis
1735 2841 1918 2922 Spiri-
2000 2838 2104 2919 qui
2125 2846 2444 2918 autparum
2465 2848 2564 2901 aut
2585 2838 3515 2922 nihilQuadragesimalisjejunii
3534 2840 3659 2904 Deo

262 2937 355 2989 tus
374 2935 584 2990 anctus
602 2927 1921 3011 nonlegaturdescendisseltaqueﬁos,sicut
2004 2928 2282 3003 offerunt,
2307 2928 2447 2990 dum
2477 2948 2512 2990 a
2539 2929 2732 3009 primo
2763 2949 2938 2994 mane
2963 2950 3153 3012 usque
3185 2949 3500 3012 vesperum
3530 2947 3662 2992 cra-

259 3035 443 3098 supra
457 3016 1019 3093 ostenditur,divina
1048 3018 1399 3080 auctoritate
1421 3019 1802 3096 subnixi,nec
1820 3022 1917 3101 je-
1939 3063 1977 3111 C
2005 3017 2195 3099 pulari
2224 3037 2343 3111 non
2375 3027 2649 3081 metuunt
2686 3038 2796 3111 nec
2846 3019 3449 3111 erubescunt.AAli_qui
3480 3018 3660 3082 etiam

250 3105 1918 3192 juniaresolvimusincelebrationemissaequotacunque
1944 3105 1976 3111 “
2002 3107 2074 3169 ad
2105 3107 2431 3169 Ecclesiam
2476 3108 2782 3186 legumina
2811 3117 2863 3171 et
2899 3108 3014 3172 alia
3044 3107 3291 3171 obsonia
3323 3108 3663 3171 deferentes

260 3197 410 3258 hora
430 3195 549 3258 diei
572 3196 671 3277 fit;
702 3213 814 3257 nec
848 3197 907 3258 in
941 3196 1140 3277 aliquo
1173 3197 1437 3260 natalitio
1454 3199 1918 3279 martyrum.sed
2002 3195 2150 3258 inibi
2183 3197 2648 3272 comedunt,nec
2680 3199 2927 3261 Paulum
2962 3199 3276 3261 attendunt
3301 3197 3603 3260 dicentem
3639 3215 3655 3261 :

261 3304 375 3348 nec
395 3285 454 3347 in
476 3285 950 3348 Annuntiatione
973 3285 1169 3348 Mariae
1185 3286 1525 3365 virginis.Et
1548 3287 1684 3350 ideo
1701 3289 1922 3352 nullius

263 3373 617 3438 universalis
637 3375 847 3456 synodi
879 3375 1265 3456 percellimur
1293 3377 1692 3441 anathemate.
1715 3381 1922 3442 Caeteri

260 3473 461 3527 autem
496 3464 764 3546 quamvis
794 3472 1131 3526 sanctorum
1166 3466 1405 3527 Patrum
1437 3475 1783 3544 conventus,
1804 3467 1923 3529 etsi

261 3561 589 3636 potuerunt
628 3554 704 3616 de
734 3552 983 3616 utilitate
1031 3561 1089 3615 et
1146 3555 1594 3617 conversatione
1619 3555 1922 3619 Ecclesia-

260 3662 397 3706 rum
420 3662 658 3706 suarum
693 3650 968 3717 tractare,
990 3644 1184 3706 nullas
1205 3652 1402 3707 tamen
1426 3645 1782 3708 traditiones
1800 3646 1925 3708 uni-

258 3733 769 3796 versaliEcclesiae
783 3735 1206 3816 pmﬁgere.De
1226 3753 1378 3814 papa
1396 3753 1636 3816 quoque
1652 3735 1920 3813 Agatho—

261 3842 342 3886 ne
370 3823 616 3885 omnino
646 3824 869 3886 scimus
890 3823 1029 3905 quia
1055 3843 1165 3886 nec
1187 3833 1365 3886 sextae
1385 3825 1610 3905 synodo
1632 3845 1736 3906 per
1759 3827 1921 3907 seip-

259 3931 396 3976 sum
419 3913 718 3994 praesedit,
740 3931 851 3975 nec
870 3913 1169 3994 aliquibus
1185 3913 1458 3993 capitulis
1476 3915 1603 3994 ejus
1624 3914 1897 3997 subscrip
1911 3951 1925 3962 -

260 4003 361 4078 sit,
386 4003 643 4084 nisiquae
662 4002 1032 4084 promulgata
1054 4003 1590 4066 fueruntadversus
1615 4006 1922 4068 Monothe—

259 4091 505 4155 litarum
518 4089 945 4155 haeresim.Vos
961 4091 1156 4154 videte
1167 4092 1328 4154 unde
1345 4092 1470 4155 haec
1489 4112 1621 4174 quae
1643 4096 1924 4175 proponi-

262 4182 337 4242 tis
357 4179 653 4262 habeatis,
674 4179 813 4262 quia
855 4177 1125 4243 Ecclesia
1148 4183 1422 4242 Romana
1454 4181 1593 4244 talia
1631 4182 1921 4245 hactenus

257 4268 711 4348 ignoravit.Nec
731 4268 901 4334 credi
925 4277 1119 4350 potest
1141 4278 1273 4352 post
1293 4278 1379 4332 tot
1397 4289 1587 4334 annos
1609 4272 1920 4336 Romano-

256 4377 391 4420 rum
417 4359 760 4441 pontiﬁcem
774 4357 998 4422 Graecis
1015 4360 1423 4439 promulgasse
1435 4360 1669 4442 aliquas
1690 4361 1766 4423 de
1783 4361 1926 4424 mis-

2011 3310 2033 3343 «
2061 3286 2172 3358 Qui
2199 3288 2411 3362 esurit,
2449 3285 2611 3348 domi
2645 3289 2965 3350 manducet
2991 3287 3048 3367 (1
3070 3290 3208 3352 Cor.
3233 3304 3314 3360 x1,
3339 3288 3467 3368 34);
3499 3310 3524 3346 η
3557 3295 3654 3350 et:

2012 3397 2038 3435 ‹
2066 3375 2345 3456 Nunquid
2379 3375 2588 3437 domos
2612 3396 2730 3438 non
2754 3376 2987 3438 habetis
2999 3377 3072 3438 ad
3091 3375 3574 3438 manducandum
3597 3382 3659 3438 et

2005 3464 2366 3527 bibendum?
2388 3473 2484 3525 aut
2511 3463 2834 3527 Ecclesiam
2866 3466 2972 3528 Dei
3002 3464 3406 3540 contemnitis,
3434 3473 3494 3526 et
3513 3483 3662 3526 con-

2006 3553 2251 3616 funditis
2264 3573 2365 3616 eos
2377 3554 2480 3634 qui
2502 3573 2620 3615 non
2639 3555 2924 3617 habent‘h
2945 3555 3131 3634 (Ibid.
3148 3555 3248 3636 2'2)
3263 3557 3362 3618 .At
3383 3572 3492 3616 nos
3508 3551 3664 3626 Qua-

2005 3643 2400 3723 dragesimam
2428 3645 2604 3705 unius
2636 3646 3006 3725 septimanae,
3031 3663 3204 3725 quam
3229 3643 3428 3705 dicitis
3472 3642 3666 3705 sancti

2005 3729 2893 3811 Theodori,nescientes,solam
2918 3732 3443 3812 Quadregesimam
3462 3731 3666 3793 Domi-

2005 3819 2068 3880 ni
2091 3819 2277 3881 nostri
2299 3819 2328 3882 ,Ι
2337 3838 2440 3881 esu
2458 3821 2676 3883 Christi
2701 3822 3090 3903 quadraginta
3117 3821 3331 3884 diebus
3345 3820 3667 3902 diligenter

2005 3908 2321 3971 observare
2346 3910 2788 3988 contendimus,
2816 3930 2991 3992 quam
3028 3920 3094 3973 ut
3132 3910 3368 3992 aliquis,
3413 3918 3665 3992 excepta

2003 3999 2164 4078 gravi
2185 3998 2552 4075 infirmitate,
2569 3999 2628 4061 in
2643 4001 2842 4082 aliquo
2863 4001 3150 4080 infringat
3170 4001 3424 4064 sufferre
3445 4002 3666 4082 nequi-

2009 4107 2164 4150 mus.
2197 4087 2317 4150 Nec
2349 4088 2490 4153 licet
2522 4089 2798 4170 cuiquam
2825 4091 2980 4172 apud
3010 4110 3138 4173 nos,
3167 4091 3323 4154 sicut
3346 4090 3506 4172 apud
3532 4109 3661 4168 vos,

2008 4186 2140 4258 post
2166 4197 2347 4240 unam
2396 4179 2792 4242 refectionem
2845 4180 3170 4262 quidquam
3223 4197 3536 4261 pomorum
3566 4187 3670 4243 aut

2009 4265 2330 4329 herbarum
2363 4267 2576 4330 diebus
2598 4269 2971 4349 jejuniorum
3005 4269 3341 4350 percipere.

2088 4355 2266 4420 XXV.
2292 4356 2444 4420 Hinc
2470 4360 2915 4439 perpendentes
2945 4378 2979 4420 a
3009 4368 3067 4421 te
3100 4366 3216 4420 tam
3242 4373 3524 4439 perverse
3553 4355 3668 4421 de-

258 4466 328 4510 sa
348 4447 1053 4512 observationes.Deinde
1073 4448 1251 4510 ritum
1284 4457 1495 4511 vestrae
1529 4450 1762 4513 discere
1803 4470 1920 4512 non
1944 4461 1987 4510 ι)
2008 4447 2172 4508 fendi
2202 4447 2497 4510 adulteria
2526 4449 2722 4527 potius
2752 4467 2931 4529 quam
2985 4447 3222 4529 nuptias
3265 4446 3669 4522 sacerdotum,

258 4538 714 4620 curamus,quia
737 4537 1043 4600 minimam
1068 4537 1358 4600 cautelam
1386 4546 1444 4599 et
1467 4539 1787 4600 maximam
1809 4558 1922 4601 ne-

257 4627 607 4709 gligentiam
623 4627 888 4690 eiinesse
911 4627 1502 4706 cognoscimus,dum
1529 4636 1799 4690 sanctum
1826 4646 1926 4709 pa-

259 4735 400 4779 nem
431 4718 774 4799 frangentes
799 4724 856 4780 et
881 4725 1208 4793 sumentes,
1243 4716 1384 4778 hinc
1409 4717 1549 4778 inde
1575 4717 1925 4781 decidentes

261 4806 450 4870 micas
480 4826 601 4870 non
630 4807 874 4870 curatis.
909 4805 1076 4878 Quod
1127 4806 1306 4869 etiam
1343 4807 1496 4868 solet
1546 4808 1915 4888 contingere,

259 4895 406 4959 dum
438 4897 671 4978 patinas
701 4903 934 4960 sanctas
955 4895 1112 4958 foliis
1138 4896 1471 4977 palmarum
1504 4904 1562 4959 et
1600 4915 1918 4978 porcorum

258 4986 407 5048 setis
429 4987 650 5050 fricatis
678 4985 1018 5048 inhoneste.
1039 4985 1209 5048 Multi
1229 5003 1466 5067 quoque
1511 4995 1768 5047 vestrum
1803 4993 1919 5048 tam

259 5077 638 5140 ireverenter
686 5093 903 5157 corpus
939 5073 1160 5138 Christi
1199 5083 1520 5155 reponunt,
1558 5084 1620 5136 ut
1679 5075 1920 5156 pyxides

259 5165 406 5228 inde
428 5165 758 5242 cumulent,
792 5172 942 5226 etne
963 5163 1201 5226 decidat
1230 5173 1328 5225 aut
1357 5165 1708 5244 superﬂuat,
1745 5183 1920 5227 manu

261 5257 583 5320 inculcant.
609 5255 910 5337 Reliquias
934 5273 1170 5336 quoque
1203 5255 1535 5330 oblationis,
1572 5254 1733 5316 velut
1763 5273 1922 5316 com-

195 5355 200 5360 '
261 5365 475 5410 munes
507 5363 1152 5428 panes,nonnunquam
1177 5362 1366 5425 usque
1394 5344 1466 5407 ad
1491 5343 1789 5406 fastidium
1814 5363 1920 5406 su-

263 5445 459 5501 munt.
484 5436 555 5499 Et
580 5437 632 5498 si
652 5454 895 5499 sumere
917 5454 1035 5498 non
1057 5434 1383 5511 sufficiunt,
1419 5433 1786 5514 subterrant,
1821 5441 1925 5496 aut

263 5531 324 5590 in
355 5524 1020 5609 puteumprojiciunLSi
1049 5532 1276 5599 autem,
1301 5531 1366 5586 ut
1384 5523 1782 5602 dicis,panem
1797 5523 1921 5603 jam

261 5617 504 5702 pridem
515 5615 779 5680 oblatum
796 5625 855 5679 et
875 5615 1306 5680 sanctificatum
1321 5612 1588 5676 exaltatis
1600 5613 1786 5676 altera
1798 5612 1921 5697 die,

587 5769 856 5834 PATIOL.
890 5768 1002 5832 Gn.
1049 5765 1233 5834 CXX.

2008 4535 2366 4597 arbitramur
2395 4535 2714 4612 abinferis
2746 4537 3068 4599 emersisse
3101 4536 3437 4616 principem
3484 4535 3668 4614 hujus

2011 4624 2257 4687 haeresis
2272 4625 2591 4687 nefandum
2617 4625 2929 4688 diaconum
2944 4624 3252 4688 Nicolaum
3265 4673 3279 4687 .
3295 4624 3381 4686 De
3398 4642 3514 4704 quo
3532 4623 3671 4705 Epi-

2009 4711 2264 4792 phanius
2287 4721 2483 4774 vester
2513 4713 2598 4775 sic
2630 4713 2900 4794 Scripsit:
2940 4738 2967 4770 α
2995 4713 3215 4786 Quarta
3244 4711 3670 4774 Nicolaitarum

2007 4821 2042 4864 a
2061 4801 2303 4865 Nicolao
2325 4803 2574 4865 haeresis
2597 4811 2686 4866 est
2707 4805 3175 4885 adinventa,uno
3203 4821 3273 4864 ex
3291 4808 3526 4882 septem
3548 4800 3668 4863 dia-

2001 4891 2254 4954 conibus
2271 4891 2344 4954 ab
2357 4893 2643 4974 apostolis
2655 4893 3080 4955 ordinato.lste
3097 4910 3232 4956 cum
3245 4891 3372 4954 zelo
3386 4890 3669 4972 pulcher-

2000 4983 2171 5044 rimae
2193 4983 2468 5063 conjugis
2488 4983 3084 5065 culparetur,docere
3105 4981 3288 5063 coepit
3303 4981 3663 5043 indifferen-

2005 5083 2093 5135 ter
2116 5072 2198 5133 uti
2223 5073 2600 5152 conjugibus,
2622 5092 2740 5135 non
2763 5072 2954 5132 solum
2981 5071 3190 5145 laicos,
3217 5069 3323 5131 sed
3360 5068 3538 5132 etiam
3564 5068 3670 5150 qui

2004 5161 2321 5223 sacerdotii
2340 5163 2727 5241 fungerentur
2748 5160 3096 5223 olﬁciollos
3108 5159 3408 5222 damnavit
3423 5165 3670 5222 sanctus

2005 5250 2368 5331 evangelista
2399 5260 2457 5312 et
2483 5251 2784 5332 apostolus
2815 5249 3098 5324 Joannes,
3134 5257 3192 5310 et
3216 5248 3397 5327 jussit
3426 5254 3493 5308 ut
3523 5247 3664 5328 qui-

2005 5359 2240 5421 cunque
2273 5359 2405 5401 cum
2439 5339 2525 5402 eis
2554 5340 2644 5401 vel
2679 5357 3021 5402 sermonem
3067 5335 3352 5417 colloquii
3383 5335 3666 5398 miscuis-

2005 5441 2161 5506 sent,
2188 5450 2259 5493 ex
2290 5433 2401 5494 hoc
2431 5432 2562 5513 ipso
2595 5430 3022 5492 communione
3053 5427 3390 5510 privandos.
3426 5429 3666 5488 Docens

2008 5519 2448 5584 rationabiliter
2479 5541 2513 5583 a
2545 5521 2754 5583 mundi
2779 5519 3014 5599 origine
3038 5519 3162 5581 Deo
3183 5516 3511 5578 castitatem
3538 5515 3668 5597 plu-

2007 5610 2226 5673 rimum
2242 5612 2560 5692 placuisse.
2575 5609 2744 5672 Tune
2759 5610 2938 5672 etiam
2951 5609 3013 5670 in
3028 5607 3227 5690 seipse
3244 5605 3546 5670 Christum
3560 5604 3672 5668 Dei

3274 5750 3350 5816 33
