4144 6400
514 274 688 341 ¹1035

1589 275 2001 339 HUMBERTI
2051 276 2110 338 S.
2159 273 2232 335 R.
2280 275 2348 336 Ε.
2397 273 2864 338 CARDINALIS

3773 271 3795 336 1
3808 272 3928 338 O36

525 409 741 472 Filium
763 408 1046 472 castitatis
1066 408 1314 490 gloriam
1339 406 1672 486 dedicasse,
1699 428 1860 483 cum,
1888 408 2179 488 virginem
2205 413 2239 458 Α
2265 402 2570 484 apostolos
2619 402 2873 482 legimus
2917 401 3135 483 egisse,
3185 401 3360 466 beato
3414 405 3598 468 Paulo
3628 401 3868 466 dicente
3904 424 3919 464 :

526 499 841 580 possidens
873 507 1122 561 matrem
1154 498 1319 579 virgo
1339 497 1913 576 mansurus,nullum
1928 495 2189 577 discipu-

527 587 720 651 lorum
739 607 980 650 suorum
997 588 1418 651 commistione
1429 588 1609 650 etiam
1626 586 1891 669 legitima
1903 584 2190 668 conjugii-

526 678 614 741 uti
640 678 938 760 permisit,
963 679 1209 741 dicens:
1243 702 1270 733 α
1298 676 1365 741 Si
1388 677 1522 758 quis
1538 677 1660 740 vult
1681 685 1812 758 post
1840 695 1936 740 me
1958 675 2183 751 venire,

527 767 778 847 abneget
808 769 1192 849 semetipsum
1223 792 1246 825 ι)
1269 766 1410 841 sibi,
1431 791 1454 822 «ί
1484 774 1542 828 et
1561 767 1727 830 tollat
1747 785 1988 829 crucem
2017 783 2184 827 suam

527 864 588 919 et
634 865 917 936 sequatur
971 875 1066 918 me
1122 856 1362 938 (Matth.
1411 873 1533 932 xvr,
1565 857 1694 937 24).
1729 881 1756 912 »
1792 854 1962 918 Unde
2019 854 2181 916 idem

526 944 815 1008 Dominus
842 946 1015 1009 Jesus
1053 946 1114 1007 in
1143 946 1497 1028 Apocalypsi
1531 944 1886 1027 praecipiens
1915 943 2182 1025 apostolo

526 1033 743 1096 Joanni
787 1035 1052 1098 scribere
1082 1035 1294 1115 angelo
1323 1034 1567 1115 Ephesi,
1605 1036 1762 1096 inter
1791 1035 1910 1096 alia
1939 1032 2132 1115 inquit
2165 1049 2178 1094 :

536 1144 560 1180 α
587 1122 714 1186 Hoc
743 1123 952 1198 babes,
979 1123 1118 1205 quia
1147 1124 1319 1185 odisti
1340 1125 1496 1186 facta
1514 1123 2109 1204 Nicolaitarum,qu:e
2128 1128 2186 1183 et

536 1234 560 1268 α
596 1231 704 1292 ego
739 1212 837 1274 odi
859 1214 1072 1293 (Apoc.
1097 1231 1160 1287 ιι,
1193 1213 1281 1293 6).
1316 1239 1344 1269 »
1380 1213 1534 1275 Hinc
1583 1213 1758 1275 etiam
1793 1212 2002 1292 angelo
2037 1211 2184 1272 Per-

527 1302 684 1380 gami
713 1300 857 1362 dicit
885 1324 896 1360 :
926 1327 952 1358 α
979 1301 1182 1364 Habeo
1204 1302 1520 1364 adversum
1551 1311 1605 1365 te
1632 1301 1985 1384 pauca,quia
2005 1300 2189 1362 habes

531 1413 556 1448 α
598 1390 740 1453 illuc
772 1397 1048 1454 tenentes
1065 1391 1397 1453 doctrinam
1413 1391 1673 1472 Baalam,
1693 1392 1793 1473 qui
1813 1390 2062 1453 docebat
2081 1391 2190 1453 Ba-

532 1503 556 1536 ι
593 1479 718 1542 alac
750 1480 986 1545 mittere
1016 1481 1364 1543 scandalum
1397 1500 1596 1545 coram
1628 1482 1770 1543 ﬁliis
1790 1480 2189 1561 Israel,edere

536 1589 561 1625 α
601 1576 660 1630 et
676 1569 958 1632 fornicari
987 1591 1001 1630 :
1037 1570 1118 1632 ita
1154 1569 1338 1632 babes
1371 1581 1428 1633 et
1447 1578 1514 1634 tu
1556 1579 1827 1634 tenentes
1857 1569 2186 1632 doctrinam

533 1677 562 1717 ‹
594 1656 1020 1720 Nicolaitarum
1051 1659 1267 1739 (Ibid.,
1296 1661 1394 1733 14,
1435 1660 1556 1742 15).
1593 1684 1615 1720 n

605 1745 815 1810 XXVI.
851 1726 1222 1810 Suﬂ‘ecerant
1247 1726 1490 1829 quidem
1511 1726 1670 1824 haec,
1707 1767 1740 1809 o
1764 1746 2054 1808 Nicolaita
2084 1743 2182 1806 Ni-
2209 1726 2246 1775 Β

531 1835 765 1911 ceta,ad
787 1837 1260 1899 convincendum
1279 1856 1543 1900 errorem
1556 1838 1682 1920 ,sed
1698 1837 1837 1918 quia
1855 1834 2183 1898 canonibus

531 1924 644 1988 sub
675 1924 919 1988 nomine
947 1927 1288 2006 apostoloru
1303 1945 1353 1987 In
1370 1927 1546 1989 editis
1567 1945 1674 1988 nos
1692 1944 1906 2005 urgere
1932 1923 2178 1986 videris:

528 2032 828 2095 exponere
857 2014 969 2078 tibi
993 2025 1092 2077 tua
1113 2016 1370 2098 capitula
1404 2014 1799 2092 decrevimus,
1824 2015 2090 2096 quamvis
2114 2032 2185 2075 ea

525 2103 686 2166 inter
701 2105 1034 2186 apocrypha
1062 2123 1251 2187 usque
1279 2125 1438 2168 nunc
1471 2124 1684 2186 magna
1715 2124 1785 2166 ex
1816 2112 1984 2183 parte
2007 2119 2177 2165 com-

527 2193 948 2273 putaverimus,
974 2201 1036 2255 ut
1056 2202 1262 2275 aperte
1278 2203 1669 2274 cognoscatur
1694 2213 1806 2256 nec
1822 2192 2179 2275 apocryphis

527 2300 639 2344 nec
650 2282 1010 2345 authenticis
1022 2284 1624 2365 vosvestrasineptias
1636 2301 1812 2366 posse
1825 2283 2176 2345 defendere.

525 2377 677 2434 Ante
707 2373 906 2434 omnia
929 2380 1126 2435 autem
1145 2373 1603 2455 comprobamus
1626 2381 1684 2435 te
1707 2391 1838 2436 esse
1866 2372 2179 2434 mentitum

523 2459 640 2541 ipsi
668 2461 920 2538 veritati,
946 2461 1007 2523 in
1032 2481 1102 2524 eo
1133 2463 1288 2543 quod
1322 2462 1526 2524 dixisti
1557 2471 1791 2524 nostros
1817 2460 1980 2542 prius
2011 2460 2176 2522 ordi-

523 2550 677 2625 nari,
707 2550 926 2613 deinde
956 2570 1170 2615 uxores
1193 2553 1417 2616 sortiri.
1449 2551 1596 2625 Quia
1625 2551 1780 2633 apud
1813 2567 1920 2614 nos
1951 2569 2064 2612 nec
2104 2550 2174 2612 ad

524 2638 985 2702 subdiaconatus
1035 2641 1282 2721 gradum
1327 2642 1640 2723 quisquam
1673 2639 2030 2719 admittitur,
2065 2639 2180 2700 nisi

525 2736 878 2809 perpetuam
905 2731 1332 2793 continentiam
1367 2730 1549 2793 etiam
1574 2750 1608 2792 a
1636 2729 1874 2810 propria
1921 2729 2181 2808 conjuge

526 2816 1038 2897 protiteatur.Nec
1060 2827 1195 2899 post
1224 2819 1471 2899 gradum
1501 2819 1774 2900 cuiquam
1807 2836 2051 2879 uxorem
2074 2818 2182 2880 du-

526 2924 666 2968 cere
711 2926 974 2986 unquam
1028 2910 1398 2972 conceditur.
1435 2907 1552 2971 Sed
1606 2917 1662 2970 tu
1715 2907 2041 2970 Ecclesiam
2076 2906 2180 2970 Dei

526 2994 730 3057 volens
762 2996 1002 3058 efﬁcere
1032 3015 1383 3078 synagogam
1433 2997 1663 3060 Satanae
1695 3003 1755 3061 et
1785 2996 2177 3079 prostibulum

2276 515 2305 549 α
2339 491 2620 572 Nunquid
2643 510 2763 555 non
2780 491 3076 555 habemus
3100 500 3475 573 potestatem,
3509 511 3773 555 sororem
3801 512 3928 555 mu-

2269 580 2480 644 lierem
2519 581 3040 657 circumducendi,
3092 581 3248 644 sicut
3303 582 3522 646 fratres
3580 582 3818 644 Domini
3867 593 3925 646 et

2270 669 2534 752 Cephas?
2555 691 2584 732 ›
2617 669 2680 751 (Ι
2694 670 2838 733 Cor.
2869 687 2954 748 Ix,
2981 672 3074 748 5.)
3103 669 3254 734 Vide
3285 671 3599 752 insipiens,
3634 673 3772 754 quia
3805 690 3928 733 non

2269 759 2456 822 dixit:
2482 759 2767 840 Nunquid
2801 780 2917 822 non
2949 759 3244 823 habemus
3273 770 3622 843 potestatem
3656 779 3925 823 sororem

2268 848 2581 911 mulierem
2613 849 3150 930 amplectendi,sed
3176 849 3931 925 circumducendi,scilicet

2266 946 2330 1000 ut
2359 938 2434 1000 de
2468 939 2750 1000 mercede
2780 937 3222 1019 praedicationis
3248 947 3686 1002 sustentaretur
3705 938 3778 1000 ab
3811 939 3925 1012 eis,

2268 1045 2378 1089 nec
2406 1034 2604 1090 tamen
2632 1028 2782 1090 foret
2813 1027 3098 1108 deinceps
3131 1027 3289 1090 inter
3311 1047 3414 1090 eos
3445 1029 3681 1091 carnale
3703 1029 3922 1108 conju-

2265 1117 2449 1195 gium.
2486 1121 2778 1179 Praeterea
2807 1135 2914 1178 cur
2941 1117 3157 1198 aliquis
3209 1117 3393 1180 laicus
3433 1127 3714 1180 uxoratus
3744 1117 3926 1180 dubi-

2274 1206 2419 1268 tabit
2469 1207 2541 1268 ad
2601 1207 3038 1268 ecclesiasticos
3070 1207 3291 1287 gradus
3318 1207 3668 1283 ascendere,
3702 1226 3833 1269 cum
3868 1207 3925 1268 ei

2273 1315 2410 1366 una,
2457 1297 2588 1357 sine
2619 1315 2735 1377 qua
2765 1315 2896 1358 esse
2927 1315 3044 1357 non
3079 1296 3277 1374 debet,
3312 1299 3496 1376 possit
3542 1297 3612 1359 ad
3656 1297 3923 1358 carnales

2270 1385 2579 1465 amplexus
2609 1383 2999 1448 sufﬁcere?Et
3022 1403 3207 1467 quare
3226 1395 3307 1468 tu,
3323 1389 3422 1468 qui
3447 1396 3750 1467 tantopere
3781 1386 3922 1449 Cle-

2273 1474 2491 1536 mentis
2541 1476 2797 1554 capitula
2841 1475 3151 1556 proponis,
3188 1475 3496 1556 epistolam
3545 1477 3676 1555 ejus
3706 1475 3780 1536 de
3810 1491 3929 1555 qua

2272 1563 2546 1641 superius
2565 1563 2972 1638 diximus,non
2994 1564 3380 1628 attendis‘?Ibi
3403 1566 3559 1628 enim
3582 1565 3663 1626 ita
3684 1564 3925 1627 dicitur:

2279 1680 2304 1708 α
2326 1653 2540 1716 Tribus
2563 1653 2843 1732 gradibus
2857 1653 3196 1714 divinorum
3221 1655 3536 1717 commissa
3551 1661 3925 1718 secretorum

2267 1751 2406 1805 sunt
2424 1751 2819 1816 sacramenta,
2845 1743 2905 1804 id
2927 1750 3037 1817 est,
3071 1743 3454 1824 presbyteris,
3490 1742 3846 1806 diaconibus
3865 1751 3926 1805 et

2264 1832 2877 1896 subdiaconibus.»Et
2895 1841 3029 1914 post
3050 1851 3166 1893 non
3182 1834 3375 1898 nulla:
3404 1859 3428 1890 ο
3457 1832 3923 1897 Ministrialtaris

2264 1922 2335 1984 ad
2358 1921 2668 1984 Dominica
2682 1922 2826 1984 tales
2841 1923 3136 2002 eligantur
3159 1923 3378 2000 ofﬁcia,
3408 1923 3660 2006 quiante
3682 1923 3894 1984 ordina

2267 2011 2489 2074 tionem
2516 2013 3372 2092 conjugesnoverunt,scilicet
3391 2013 3441 2074 si
3463 2031 3706 2094 semper
3720 2011 3918 2075 conti-

2265 2120 2407 2164 nere
2421 2101 2918 2174 voluerint.Quod
2935 2101 2985 2163 si
2998 2111 3128 2182 post
3144 2101 3581 2165 ordinationem
3605 2101 3922 2181 contigerit

2265 2191 2605 2253 ministrum
2623 2195 2876 2271 propriae
2890 2190 3173 2254 invadere
3192 2191 3389 2255 cubile
3401 2191 3600 2255 uxoris
3612 2191 3924 2255 secretarii

2265 2299 2384 2340 non
2432 2286 2585 2341 terat
2632 2279 2858 2356 limina,
2891 2298 3002 2342 nec
3051 2281 3329 2343 sacriﬁcii
3369 2281 3622 2361 portitor
3650 2281 3769 2355 ﬁat,
3806 2298 3922 2343 nec

2263 2369 2449 2431 altare
2475 2369 2806 2451 contingat,
2840 2388 2951 2432 nec
2977 2369 3049 2431 ab
3070 2369 3459 2433 offerentibus
3474 2370 3817 2433 holocausta
3829 2369 3922 2432 vel

2263 2457 2597 2519 oblationes
2657 2458 2963 2539 suscipiat,
3020 2475 3130 2522 nec
3181 2459 3254 2520 ad
3303 2458 3598 2520 Dominici
3651 2459 3924 2540 corporis

2264 2547 2598 2627 portionem
2616 2547 3121 2628 accedat.Aquam
3137 2549 3511 2610 sacerdotum
3533 2549 3786 2629 porrigat
3799 2566 3923 2609 ma-

2263 2634 2462 2716 nibus,
2486 2635 2638 2696 ostia
2658 2635 2992 2699 forinsecus
3031 2637 3284 2718 claudat;
3310 2638 3543 2700 minora
3564 2645 3787 2699 tantum
3808 2655 3919 2714 ge-

2264 2732 2354 2786 rat
2378 2724 2596 2799 ofﬁcia,
2627 2743 2873 2787 urceum
2901 2744 3044 2788 sane
3075 2726 3145 2788 ad
3179 2726 3364 2789 altare
3387 2746 3508 2788 non
3547 2735 3842 2806 suggerat.
3887 2751 3913 2785 ι

2346 2812 2607 2878 XXVIII.
2633 2814 2817 2876 Porro
2842 2816 3102 2894 synodus
3133 2814 3370 2878 Nicaeua
3399 2816 3642 2877 omnino
3665 2834 3921 2877 venera-

2263 2903 2399 2966 bilis
2425 2912 2481 2965 et
2510 2905 2871 2975 authentica,
2892 2905 2979 2966 sic
3007 2905 3084 2967 de
3115 2906 3237 2967 suis
3266 2907 3438 2980 actis,
3475 2905 3534 2967 id
3569 2912 3677 2981 est,
3705 2904 3920 2968 subin-

2262 2994 2552 3055 troductis
2581 2992 3206 3057 habet:«0mnimodis
3234 2993 3540 3056 interdicit
3570 3001 3770 3056 sancta
3813 3013 3918 3074 sy-

525 3083 763 3147 Balaam
794 3095 851 3148 et
872 3061 1133 3163 Jezabel,
1171 3061 1306 3148 cum
1335 3085 1578 3150 Nicolao
1608 3061 1805 3148 dicis
1852 3110 1874 3144 α
1924 3086 2176 3168 Episco-
2198 3061 2236 3110 δ
2262 3083 2545 3157 nodus,et
2570 3101 2765 3163 neque
2789 3083 3299 3165 episcopo,neque
3330 3082 3696 3165 presbytero,
3723 3061 3921 3164 neque

525 3193 663 3255 pum
684 3183 742 3236 et
762 3175 1171 3257 presbyterum
1188 3176 1570 3238 etdiaconum
1600 3175 2176 3256 dicimus,quiunam
2259 3173 2534 3251 diacono,
2567 3189 2763 3254 neque
2793 3173 2896 3234 ulli
2927 3173 3172 3234 omnino
3213 3172 3568 3234 clericorum
3629 3171 3922 3254 permittit

524 3263 706 3326 habet
735 3265 1577 3348 uxorem,ordinari,quamvis
1595 3265 2005 3328 vivanteorum
2027 3285 2176 3327 con-
2260 3261 2484 3323 habere
2516 3281 2719 3324 secum
2757 3261 3070 3324 mulierem
3103 3262 3592 3340 extraneam,nisi
3623 3263 3772 3324 forte
3794 3280 3922 3324 ma-

516 3353 992 3435 juges,quamvis
1015 3355 1336 3420 defunctae.
1371 3355 1494 3419 Nec
1523 3356 1662 3418 licet
1688 3375 1791 3418 eos
1813 3364 1945 3437 post
1965 3374 2176 3418 manus
2261 3360 2350 3413 ter
2367 3352 2713 3427 sit,sororve
2738 3359 2841 3414 aut
2864 3351 3147 3416 amita.Iu
3174 3352 3266 3414 his
3283 3370 3540 3433 namque
3566 3352 3839 3433 personis
3859 3361 3920 3414 et

522 3442 969 3522 impositionem
1025 3444 1311 3526 innuptos
1347 3464 1503 3523 esse,
1525 3445 1895 3525 necinsuper
1927 3443 1997 3506 ad
2032 3464 2178 3526 nup-

491 3576 496 3580 »
523 3529 636 3592 tias
668 3532 1296 3614 ire,autsinupserint,
1312 3534 1525 3596 alteras
1538 3533 1945 3616 amplecti,sed
1962 3534 2186 3596 sufﬁce-

519 3639 586 3682 re
608 3621 851 3702 eisquas
873 3624 1098 3685 habent
1120 3643 1255 3684 cum
1273 3624 1345 3685 ad
1363 3624 1799 3687 ordinationem
1823 3631 2176 3690 venerunt.»

520 3708 1018 3772 Oabominabilis
1066 3714 1305 3794 Cynice,
1359 3713 1656 3792 quomodo
1715 3732 1833 3775 non
1888 3712 2183 3774 erubuisti

519 3805 746 3861 tantum
770 3800 938 3861 nefas
961 3803 1269 3863 evomere?
1293 3806 1444 3881 Ergo
1474 3822 1592 3864 non
1615 3802 1756 3864 licet
1773 3803 2029 3883 aliquem
2050 3813 2184 3884 post

521 3904 731 3948 manus
757 3887 1202 3968 impositionem
1233 3890 1362 3951 sine
1394 3909 1576 3954 uxore
1630 3889 1812 3953 esse?
1861 3889 1920 3952 Si
1956 3897 2036 3952 ita
2067 3898 2178 3959 est.

521 3975 651 4056 ipse
681 3975 941 4041 Joannes
990 3979 1292 4059 apostolus
1342 3990 1398 4041 et
1446 3982 1660 4043 Paulus
1705 3988 1759 4042 et
1791 3980 2095 4042 Barnabas
2127 3995 2189 4049 et

520 4065 716 4126 omnis
745 4066 1055 4129 continens
1087 4067 1144 4128 in
1177 4068 1362 4147 gradu
1385 4069 1792 4132 ecclesiastico
1826 4070 1884 4130 in
1904 4070 2078 4150 culpa
2097 4078 2186 4133 est

2269 3441 2477 3502 horum
2503 3440 2800 3503 similibus
2822 3442 3016 3504 omnis
3029 3441 3293 3522 suspicio
3315 3441 3788 3514 declinatur.Qui
3805 3460 3917 3503 au-

2269 3541 2385 3593 tem
2416 3531 2774 3614 praeteragit,
2801 3531 3234 3614 periclitabitur
3260 3531 3335 3594 de
3365 3532 3576 3594 ordine
3606 3550 3738 3594 suo.
3765 3556 3790 3587 ιι

2348 3619 2548 3682 ΧΧΙΧ.
2589 3620 2805 3684 Beatus
2853 3640 3087 3703 quoque
3137 3640 3285 3703 papa
3330 3620 3714 3684 Innocentius
3746 3621 3922 3683 latius

2269 3709 2408 3770 hinc
2433 3709 2705 3773 scribens
2723 3710 3054 3792 Exsuperio
3085 3711 3365 3793 episcopo
3395 3710 3689 3773 Tolosano
3719 3709 3866 3772 dicit
3901 3728 3916 3774 ε

2267 3817 2296 3856 ‹
2321 3797 2687 3877 Proposuisti
2717 3797 2860 3878 quid
2891 3799 2964 3860 de
2996 3798 3090 3860 his
3119 3798 3420 3862 observari
3472 3799 3713 3874 debeat,
3763 3819 3918 3881 quos

2265 3885 2524 3950 diaconii
2547 3887 2900 3965 ministerio,
2934 3896 3034 3950 aut
3065 3888 3127 3950 in
3159 3889 3354 3951 ofﬁcio
3387 3889 3609 3971 positos
3649 3888 3918 3953 inconti-

2267 3985 2477 4038 nentes
2493 3995 2627 4040 esse
2642 3986 2739 4040 aut
2761 3978 2945 4041 fuisse
2961 3979 3226 4059 generati
3249 3979 3353 4040 ﬁlii
3373 3978 3806 4060 prodidere.De
3819 3979 3922 4042 his

2267 4074 2325 4128 et
2349 4066 2680 4130 divinarum
2697 4069 2893 4146 legum
2912 4067 3414 4151 estdisciplina,et
3442 4067 3630 4132 beatae
3647 4069 3928 4132 recorda-

521 4153 954 4234 proculdubio.
990 4156 1162 4219 Unde
1195 4175 1442 4221 necesse
1475 4171 1561 4222 est
1590 4168 1654 4220 ut
1683 4162 1919 4222 futurus
1952 4160 2180 4240 episco-

521 4262 654 4324 pus,
716 4246 1044 4325 presbyter,
1108 4245 1397 4309 diaconus
1457 4256 1515 4309 et
1565 4248 1948 4329 sudiaconus,
2013 4250 2176 4330 prius
2261 4253 2556 4320 mearunt,
2593 4255 2656 4310 ut
2682 4247 3124 4311 incontinentes
3154 4249 3213 4310 in
3247 4248 3462 4311 ofﬁciis
3493 4248 3708 4310 talibus
3739 4249 3924 4329 positi

520 4351 765 4396 uxorem
823 4334 1126 4412 sortiatur,
1166 4355 1298 4416 qua;
1357 4336 1472 4400 sibi
1526 4338 1806 4401 sufﬁcere
1850 4338 2063 4400 debeat
2105 4340 2175 4401 ad
2202 4333 2425 4394 Domni
2456 4335 2684 4397 honore
2711 4336 3116 4398 ecclesiastico
3149 4337 3672 4419 privarentur,nec
3693 4337 3923 4400 admit-

517 4423 788 4485 carnales
808 4424 1436 4507 amplexus‘lNunquid
1464 4426 1631 4489 laicis
1657 4446 1776 4487 non
1802 4427 2178 4492 sufﬁcituna?
2262 4429 2528 4485 terentur
2548 4425 2838 4489 accedere
2866 4426 2937 4487 ad
2966 4427 3365 4489 ministerium
3389 4431 3547 4508 quod
3572 4426 3700 4489 sola
3729 4427 3924 4489 couti-

518 4511 634 4574 nisi
656 4512 806 4576 forte
832 4513 1143 4596 discipulis
1165 4515 1412 4597 maligni
1443 4516 1788 4594 Muhamed,
1829 4517 1999 4596 cujus
2030 4517 2176 4578 fari-
2261 4511 2467 4572 nenlia
2493 4522 2726 4594 oportet
2747 4515 3008 4596 impleri.
3039 4541 3066 4573 )›
3097 4516 3265 4578 ldem
3295 4519 3368 4578 ad
3396 4516 3748 4579 Victricium
3781 4517 3921 4598 epi-

519 4610 783 4664 naetotus
807 4603 988 4666 es.Tu
1007 4623 1244 4686 quoque
1266 4606 1403 4686 quia
1425 4605 1735 4688 presbyter
1761 4625 1845 4682 es,
1873 4607 2002 4668 sine
2026 4627 2173 4669 uxo-
2260 4618 2509 4681 scopum
2539 4622 2553 4661 :
2597 4628 2624 4658 (ί
2661 4607 2955 4667 Praeterea
2984 4606 3145 4688 quod
3176 4606 3419 4685 dignum
3457 4615 3514 4669 et
3543 4605 3823 4688 pudicum
3858 4617 3924 4670 et

2269 4156 2574 4218 tionisviri
2605 4156 2803 4220 Siricii
2843 4159 3108 4240 episcopi
3147 4159 3372 4221 monita
3421 4158 3718 4221 evidentia
3744 4177 3922 4221 com-

518 4709 584 4753 re
616 4710 749 4754 esse
774 4712 893 4754 non
923 4693 1129 4770 debes,
1171 4695 1500 4758 secundum
1533 4695 1896 4762 assertiones
1925 4704 2075 4758 tuas.

598 4779 831 4847 XXVII.
867 4781 983 4844 Sed
1009 4783 1132 4863 jam
1159 4785 1463 4847 videamus
1485 4785 1745 4866 capitula
1776 4784 1989 4866 quibus
2005 4793 2172 4866 putas

519 4889 696 4950 posse
715 4871 955 4933 defendi
979 4873 1275 4936 adulteria
1295 4875 1698 4954 sacerdotum,
1727 4893 1844 4935 non
1869 4893 1976 4936 con
1979 4875 2167 4954 jugia.

522 4960 1156 5043 «Episc0pus,inquam
1169 4964 1499 5046 ,presbyter
1511 4972 1612 5026 aut
1629 4964 1913 5026 diaconus
1924 4982 2169 5026 uxorem

516 5065 685 5110 suam
734 5068 854 5111 non
897 5049 1140 5130 abjiciat
1189 5053 1433 5115 obtentu
1475 5053 1806 5132 religionis.
1862 5052 1922 5116 Si
1971 5062 2166 5115 autem

515 5134 826 5216 abjecerit,
861 5147 1290 5220 sequestretur,
1329 5159 1724 5224 perseverans
1749 5150 1952 5204 autem
1977 5143 2168 5224 depo-

514 5233 708 5289 natur.
733 5251 760 5282 n
789 5227 1047 5291 Omnino
1071 5231 1428 5294 conﬁtemur
1450 5251 1568 5294 non
1589 5231 1770 5294 licere
1794 5231 2164 5313 episcopum,

516 5315 947 5399 presbyterum,
984 5317 1294 5382 diaconem
1332 5321 1422 5383 vel
1458 5321 1886 5384 subdiaconem
1920 5339 2166 5382 uxorem

517 5405 816 5485 propriam
841 5425 1018 5469 causa
1039 5407 1348 5489 religionis
1369 5410 1631 5490 abjicere
1652 5430 1686 5472 a
1704 5428 1846 5473 cura
1885 5429 2010 5486 sua,
2045 5409 2165 5472 sci-

516 5490 656 5553 licet
690 5501 762 5582 iut
809 5495 862 5556 ei
912 5495 1131 5558 victum
1183 5507 1239 5560 et
1289 5499 1566 5562 vestitum
1590 5501 1920 5582 provideat,
1949 5519 2070 5562 non
2105 5509 2168 5563 ut

518 5593 651 5642 cum
684 5581 786 5643 illa
816 5601 887 5644 ex
921 5603 1087 5647 more
1118 5587 1432 5651 carnaliter
1450 5581 1672 5669 jaceat.
1717 5588 1815 5652 Sic
1847 5581 1913 5652 et
1932 5597 2164 5652 sanctos

2258 4689 2572 4753 honestum
2598 4701 2804 4756 tenere
2832 4694 3099 4758 Ecclesia
3120 4696 3466 4758 omnimodo
3499 4696 3701 4778 debet,
3735 4707 3917 4758 utsa-

2255 4779 2530 4844 cerdotes
2561 4788 2622 4846 et
2652 4783 2844 4846 levitm
2874 4805 3008 4848 cum
3043 4785 3328 4849 uxoribus
3358 4787 3481 4848 suis
3511 4805 3630 4849 non
3671 4795 3912 4862 coeant,

2252 4869 2390 4951 quia
2412 4871 2726 4936 ministerii
2751 4875 3080 4955 quotidiani
3119 4876 3576 4939 necessitatibus
3605 4895 3914 4957 occupan-

2251 4967 2363 5020 tur.
2390 4959 2682 5042 Scriptum
2699 4964 3234 5027 estenim:«Sancti
3251 4973 3464 5043 estote,
3491 4965 3768 5048 quoniam
3797 4984 3915 5045 ego

2257 5058 2530 5112 «sanctus
2563 5071 2719 5128 sum,
2753 5053 2902 5118 dicit
2940 5055 3229 5117 Dominus
3259 5059 3417 5120 Deus
3451 5063 3646 5119 vester
3677 5057 3910 5134 (Lavit.

2251 5140 2658 5217 x1,44).»Nam
2683 5142 2863 5224 pricis
2883 5145 3253 5224 temporibus
3283 5144 3359 5208 de
3381 5147 3601 5227 templo
3621 5146 3729 5209 Dei
3748 5165 3913 5210 anno

2253 5229 2397 5292 vicis
2417 5249 2539 5292 suae
2559 5251 2678 5294 non
2716 5232 3135 5311 discedebant,
3161 5235 3315 5298 sicut
3333 5236 3412 5299 de
3435 5231 3723 5299 Zacharia
3751 5236 3911 5316 legi-

2254 5337 2409 5401 mus,
2435 5338 2544 5382 nec
2570 5321 2808 5386 domum
2837 5341 3003 5384 suam
3031 5324 3276 5387 omnino
3317 5325 3658 5405 tangebant,
3690 5324 3912 5408 quibus

2251 5410 2454 5491 utique
2473 5419 2718 5493 propter
2737 5411 2962 5475 sobolis
2993 5415 3461 5496 successionem,
3480 5415 3722 5478 uxorius
3762 5433 3911 5478 usus

2249 5499 2440 5563 fuerat
2458 5500 2926 5584 relaxatus;quia
2946 5521 3012 5566 ex
3034 5504 3149 5567 alia
3171 5506 3327 5568 tribu
3343 5513 3401 5568 et
3425 5512 3668 5588 prepter
3691 5524 3910 5570 semen

2251 5591 2448 5654 Aaron
2461 5591 2532 5654 ad
2548 5591 2923 5655 sacerdotum
2946 5593 3145 5657 nullus
3165 5595 3356 5659 fuerat
3379 5595 3708 5679 permissus
3721 5614 3910 5660 acce-
