  <div class='ocr_page' id='page_1' title='image "/cluster/home/n/w/nwhite01/storage/ocr_20150623/120/coo.31924054870245/528.png"; bbox 0 0 4144 6374; ppageno 0'>
   <div class='ocr_carea' id='block_1_1' title="bbox 260 320 474 386">
    <p class='ocr_par' dir='ltr' id='par_1_1' title="bbox 260 320 474 386">
     <span class='ocr_line' id='line_1_1' title="bbox 260 320 474 386; baseline -0.014 -4"><span class='ocrx_word' id='word_1_1' title='bbox 260 328 265 334; x_wconf 91' lang='grc'><em>’</em></span> <span class='ocrx_word' id='word_1_2' title='bbox 318 320 474 386; x_wconf 73' lang='grc'><strong>103⁸1</strong></span> 
     </span>
    </p>
   </div>
   <div class='ocr_carea' id='block_1_2' title="bbox 1658 318 2377 382">
    <p class='ocr_par' dir='ltr' id='par_1_2' title="bbox 1658 318 2377 382">
     <span class='ocr_line' id='line_1_2' title="bbox 1658 318 2377 382; baseline -0.004 -3"><span class='ocrx_word' id='word_1_3' title='bbox 1658 319 1964 382; x_wconf 85' lang='lat' dir='ltr'><strong>CONTRA</strong></span> <span class='ocrx_word' id='word_1_4' title='bbox 2008 318 2377 381; x_wconf 85' lang='lat' dir='ltr'><strong>NICETAM.</strong></span> 
     </span>
    </p>
   </div>
   <div class='ocr_carea' id='block_1_3' title="bbox 3492 319 3706 385">
    <p class='ocr_par' dir='ltr' id='par_1_3' title="bbox 3492 319 3706 385">
     <span class='ocr_line' id='line_1_3' title="bbox 3492 319 3706 385; baseline -0.005 0"><span class='ocrx_word' id='word_1_5' title='bbox 3492 332 3495 345; x_wconf 47' lang='grc' dir='ltr'><em>δ</em></span> <span class='ocrx_word' id='word_1_6' title='bbox 3550 319 3706 385; x_wconf 81' lang='grc'><strong>1038</strong></span> 
     </span>
    </p>
   </div>
   <div class='ocr_carea' id='block_1_4' title="bbox 314 448 3707 535">
    <p class='ocr_par' dir='ltr' id='par_1_4' title="bbox 314 448 3707 535">
     <span class='ocr_line' id='line_1_4' title="bbox 314 448 3707 535; baseline 0 -19"><span class='ocrx_word' id='word_1_7' title='bbox 314 453 481 516; x_wconf 92' lang='lat' dir='ltr'><strong>dere.</strong></span> <span class='ocrx_word' id='word_1_8' title='bbox 517 452 747 527; x_wconf 86' lang='lat' dir='ltr'><strong>Quanto</strong></span> <span class='ocrx_word' id='word_1_9' title='bbox 784 454 975 535; x_wconf 89' lang='lat' dir='ltr'><strong>magis</strong></span> <span class='ocrx_word' id='word_1_10' title='bbox 1004 453 1064 515; x_wconf 90' lang='lat' dir='ltr'><strong>hi</strong></span> <span class='ocrx_word' id='word_1_11' title='bbox 1108 451 1454 516; x_wconf 77' lang='lat' dir='ltr'><strong>sacerdotes</strong></span> <span class='ocrx_word' id='word_1_12' title='bbox 1512 450 1601 512; x_wconf 86' lang='lat' dir='ltr'><strong>vel</strong></span> <span class='ocrx_word' id='word_1_13' title='bbox 1632 449 1823 513; x_wconf 82' lang='lat' dir='ltr'><strong>levitae</strong></span> <span class='ocrx_word' id='word_1_14' title='bbox 1853 470 1964 531; x_wconf 92' lang='lat' dir='ltr'><strong>pu-</strong></span> <span class='ocrx_word' id='word_1_15' title='bbox 1990 463 2031 508; x_wconf 77' lang='grc' dir='ltr'>Α</span> <span class='ocrx_word' id='word_1_16' title='bbox 2053 448 2476 514; x_wconf 84' lang='lat' dir='ltr'><strong>benedictione</strong></span> <span class='ocrx_word' id='word_1_17' title='bbox 2510 451 2864 515; x_wconf 85' lang='lat' dir='ltr'><strong>sacerdotali</strong></span> <span class='ocrx_word' id='word_1_18' title='bbox 2896 452 3222 533; x_wconf 78' lang='lat' dir='ltr'><strong>permittit:</strong></span> <span class='ocrx_word' id='word_1_19' title='bbox 3258 471 3378 515; x_wconf 93' lang='lat' dir='ltr'><strong>non</strong></span> <span class='ocrx_word' id='word_1_20' title='bbox 3409 460 3605 516; x_wconf 91' lang='lat' dir='ltr'><strong>autem</strong></span> <span class='ocrx_word' id='word_1_21' title='bbox 3622 454 3707 516; x_wconf 92' lang='lat' dir='ltr'><strong>vi-</strong></span> 
     </span>
    </p>
   </div>
   <div class='ocr_carea' id='block_1_5' title="bbox 316 539 1961 615">
    <p class='ocr_par' dir='ltr' id='par_1_5' title="bbox 316 539 1961 615">
     <span class='ocr_line' id='line_1_5' title="bbox 316 539 1961 615; baseline -0.003 -10"><span class='ocrx_word' id='word_1_22' title='bbox 316 543 578 606; x_wconf 84' lang='lat' dir='ltr'><strong>dicitiam</strong></span> <span class='ocrx_word' id='word_1_23' title='bbox 604 563 678 606; x_wconf 89' lang='lat' dir='ltr'><strong>ex</strong></span> <span class='ocrx_word' id='word_1_24' title='bbox 711 544 807 606; x_wconf 93' lang='lat' dir='ltr'><strong>die</strong></span> <span class='ocrx_word' id='word_1_25' title='bbox 835 543 1233 607; x_wconf 85' lang='lat' dir='ltr'><strong>ordinationis</strong></span> <span class='ocrx_word' id='word_1_26' title='bbox 1283 561 1404 603; x_wconf 69' lang='lat' dir='ltr'><strong>suae</strong></span> <span class='ocrx_word' id='word_1_27' title='bbox 1450 559 1688 603; x_wconf 91' lang='lat' dir='ltr'><strong>servare</strong></span> <span class='ocrx_word' id='word_1_28' title='bbox 1718 539 1961 615; x_wconf 86' lang='lat' dir='ltr'><strong>debent,</strong></span> 
     </span>
    </p>
   </div>
   <div class='ocr_carea' id='block_1_6' title="bbox 313 628 1967 715">
    <p class='ocr_par' dir='ltr' id='par_1_6' title="bbox 313 628 1967 715">
     <span class='ocr_line' id='line_1_6' title="bbox 313 628 1967 715; baseline -0.002 -21"><span class='ocrx_word' id='word_1_29' title='bbox 313 633 529 715; x_wconf 84' lang='lat' dir='ltr'><strong>quibus</strong></span> <span class='ocrx_word' id='word_1_30' title='bbox 546 632 940 695; x_wconf 84' lang='lat' dir='ltr'><strong>sacerdotium</strong></span> <span class='ocrx_word' id='word_1_31' title='bbox 955 634 1045 696; x_wconf 89' lang='lat' dir='ltr'><strong>vel</strong></span> <span class='ocrx_word' id='word_1_32' title='bbox 1061 632 1458 694; x_wconf 88' lang='lat' dir='ltr'><strong>ministerium</strong></span> <span class='ocrx_word' id='word_1_33' title='bbox 1472 630 1603 692; x_wconf 89' lang='lat' dir='ltr'><strong>sine</strong></span> <span class='ocrx_word' id='word_1_34' title='bbox 1628 628 1967 692; x_wconf 89' lang='lat' dir='ltr'><strong>successio—</strong></span> 
     </span>
    </p>
   </div>
   <div class='ocr_carea' id='block_1_7' title="bbox 314 717 1968 805">
    <p class='ocr_par' dir='ltr' id='par_1_7' title="bbox 314 717 1968 805">
     <span class='ocr_line' id='line_1_7' title="bbox 314 717 1968 805; baseline -0.003 -20"><span class='ocrx_word' id='word_1_35' title='bbox 314 742 391 785; x_wconf 88' lang='lat' dir='ltr'><strong>ne</strong></span> <span class='ocrx_word' id='word_1_36' title='bbox 420 731 529 804; x_wconf 88' lang='lat' dir='ltr'><strong>est,</strong></span> <span class='ocrx_word' id='word_1_37' title='bbox 560 743 671 786; x_wconf 92' lang='lat' dir='ltr'><strong>nec</strong></span> <span class='ocrx_word' id='word_1_38' title='bbox 692 722 954 805; x_wconf 84' lang='lat' dir='ltr'><strong>praeterit</strong></span> <span class='ocrx_word' id='word_1_39' title='bbox 975 723 1105 785; x_wconf 92' lang='lat' dir='ltr'><strong>dies</strong></span> <span class='ocrx_word' id='word_1_40' title='bbox 1126 741 1243 803; x_wconf 90' lang='lat' dir='ltr'><strong>qua</strong></span> <span class='ocrx_word' id='word_1_41' title='bbox 1258 721 1349 783; x_wconf 91' lang='lat' dir='ltr'><strong>vel</strong></span> <span class='ocrx_word' id='word_1_42' title='bbox 1370 719 1729 783; x_wconf 88' lang='lat' dir='ltr'><strong>asacriﬁciis</strong></span> <span class='ocrx_word' id='word_1_43' title='bbox 1752 717 1968 781; x_wconf 87' lang='lat' dir='ltr'><strong>divinis</strong></span> 
     </span>
    </p>
   </div>
   <div class='ocr_carea' id='block_1_8' title="bbox 312 807 1965 893">
    <p class='ocr_par' dir='ltr' id='par_1_8' title="bbox 312 807 1965 893">
     <span class='ocr_line' id='line_1_8' title="bbox 312 807 1965 893; baseline -0.004 -18"><span class='ocrx_word' id='word_1_44' title='bbox 312 822 415 877; x_wconf 88' lang='lat' dir='ltr'><strong>aut</strong></span> <span class='ocrx_word' id='word_1_45' title='bbox 445 813 818 893; x_wconf 88' lang='lat' dir='ltr'><strong>baptismatis</strong></span> <span class='ocrx_word' id='word_1_46' title='bbox 848 813 1047 876; x_wconf 93' lang='lat' dir='ltr'><strong>ofﬁcio</strong></span> <span class='ocrx_word' id='word_1_47' title='bbox 1078 820 1289 876; x_wconf 91' lang='lat' dir='ltr'><strong>vacent</strong></span> <span class='ocrx_word' id='word_1_48' title='bbox 1319 811 1345 873; x_wconf 65' lang='grc' dir='ltr'><strong>εν</strong></span> <span class='ocrx_word' id='word_1_49' title='bbox 1378 810 1525 874; x_wconf 89' lang='lat' dir='ltr'><strong>Nam</strong></span> <span class='ocrx_word' id='word_1_50' title='bbox 1558 810 1609 871; x_wconf 89' lang='lat' dir='ltr'><strong>si</strong></span> <span class='ocrx_word' id='word_1_51' title='bbox 1639 809 1861 872; x_wconf 85' lang='lat' dir='ltr'><strong>Paulus</strong></span> <span class='ocrx_word' id='word_1_52' title='bbox 1891 807 1965 870; x_wconf 90' lang='lat' dir='ltr'><strong>ad</strong></span> 
     </span>
    </p>
   </div>
   <div class='ocr_carea' id='block_1_9' title="bbox 317 898 1963 984">
    <p class='ocr_par' dir='ltr' id='par_1_9' title="bbox 317 898 1963 984">
     <span class='ocr_line' id='line_1_9' title="bbox 317 898 1963 984; baseline -0.005 -18"><span class='ocrx_word' id='word_1_53' title='bbox 317 902 656 966; x_wconf 89' lang='lat' dir='ltr'><strong>Corinthios</strong></span> <span class='ocrx_word' id='word_1_54' title='bbox 671 902 900 984; x_wconf 87' lang='lat' dir='ltr'><strong>scribit,</strong></span> <span class='ocrx_word' id='word_1_55' title='bbox 919 903 1126 967; x_wconf 90' lang='lat' dir='ltr'><strong>dicens</strong></span> <span class='ocrx_word' id='word_1_56' title='bbox 1148 925 1162 967; x_wconf 91' lang='lat'>:</span> <span class='ocrx_word' id='word_1_57' title='bbox 1201 926 1226 959; x_wconf 82' lang='grc' dir='ltr'><strong>ιι</strong></span> <span class='ocrx_word' id='word_1_58' title='bbox 1248 901 1559 963; x_wconf 90' lang='lat' dir='ltr'><strong>Abstinete</strong></span> <span class='ocrx_word' id='word_1_59' title='bbox 1580 918 1682 960; x_wconf 94' lang='lat' dir='ltr'><strong>vos</strong></span> <span class='ocrx_word' id='word_1_60' title='bbox 1702 898 1775 959; x_wconf 91' lang='lat' dir='ltr'><strong>ad</strong></span> <span class='ocrx_word' id='word_1_61' title='bbox 1805 906 1963 959; x_wconf 88' lang='lat' dir='ltr'><strong>tem-</strong></span> 
     </span>
    </p>
   </div>
   <div class='ocr_carea' id='block_1_10' title="bbox 320 986 1965 1073">
    <p class='ocr_par' dir='ltr' id='par_1_10' title="bbox 320 986 1965 1073">
     <span class='ocr_line' id='line_1_10' title="bbox 320 986 1965 1073; baseline -0.004 -21"><span class='ocrx_word' id='word_1_62' title='bbox 320 1011 350 1052; x_wconf 71' lang='grc' dir='ltr'><em>α</em></span> <span class='ocrx_word' id='word_1_63' title='bbox 384 1011 515 1073; x_wconf 91' lang='lat' dir='ltr'><strong>pus,</strong></span> <span class='ocrx_word' id='word_1_64' title='bbox 567 1001 633 1053; x_wconf 88' lang='lat' dir='ltr'><strong>ut</strong></span> <span class='ocrx_word' id='word_1_65' title='bbox 676 994 893 1054; x_wconf 90' lang='lat' dir='ltr'><strong>vacetis</strong></span> <span class='ocrx_word' id='word_1_66' title='bbox 924 991 1177 1054; x_wconf 84' lang='lat' dir='ltr'><strong>orationi</strong></span> <span class='ocrx_word' id='word_1_67' title='bbox 1209 991 1272 1071; x_wconf 90' lang='grc' dir='ltr'><strong>(Ι</strong></span> <span class='ocrx_word' id='word_1_68' title='bbox 1299 991 1435 1053; x_wconf 81' lang='lat' dir='ltr'><strong>Cor.</strong></span> <span class='ocrx_word' id='word_1_69' title='bbox 1465 1005 1568 1065; x_wconf 81' lang='lat' dir='ltr'><strong>v11,</strong></span> <span class='ocrx_word' id='word_1_70' title='bbox 1596 988 1656 1069; x_wconf 87' lang='lat'><strong>5)</strong></span> <span class='ocrx_word' id='word_1_71' title='bbox 1689 1008 1704 1063; x_wconf 89' lang='lat'><strong>;</strong></span> <span class='ocrx_word' id='word_1_72' title='bbox 1732 1012 1759 1043; x_wconf 74' lang='grc' dir='ltr'><strong>ι</strong></span> <span class='ocrx_word' id='word_1_73' title='bbox 1782 986 1965 1048; x_wconf 88' lang='lat' dir='ltr'><strong>ethoc</strong></span> 
     </span>
    </p>
   </div>
   <div class='ocr_carea' id='block_1_11' title="bbox 314 1076 1959 1163">
    <p class='ocr_par' dir='ltr' id='par_1_11' title="bbox 314 1076 1959 1163">
     <span class='ocr_line' id='line_1_11' title="bbox 314 1076 1959 1163; baseline -0.004 -22"><span class='ocrx_word' id='word_1_74' title='bbox 314 1081 518 1162; x_wconf 90' lang='lat' dir='ltr'><strong>utique</strong></span> <span class='ocrx_word' id='word_1_75' title='bbox 548 1080 718 1145; x_wconf 89' lang='lat' dir='ltr'><strong>laicis</strong></span> <span class='ocrx_word' id='word_1_76' title='bbox 770 1086 1053 1163; x_wconf 70' lang='lat' dir='ltr'><strong>praecepit</strong></span> <span class='ocrx_word' id='word_1_77' title='bbox 1086 1102 1101 1162; x_wconf 90' lang='lat'><strong>;</strong></span> <span class='ocrx_word' id='word_1_78' title='bbox 1137 1080 1322 1142; x_wconf 93' lang='lat' dir='ltr'><strong>multo</strong></span> <span class='ocrx_word' id='word_1_79' title='bbox 1382 1080 1569 1157; x_wconf 88' lang='lat' dir='ltr'><strong>magis</strong></span> <span class='ocrx_word' id='word_1_80' title='bbox 1598 1076 1959 1149; x_wconf 90' lang='lat' dir='ltr'><strong>sacerdotes,</strong></span> 
     </span>
    </p>
   </div>
   <div class='ocr_carea' id='block_1_12' title="bbox 314 1164 1963 1251">
    <p class='ocr_par' dir='ltr' id='par_1_12' title="bbox 314 1164 1963 1251">
     <span class='ocr_line' id='line_1_12' title="bbox 314 1164 1963 1251; baseline -0.004 -21"><span class='ocrx_word' id='word_1_81' title='bbox 314 1170 533 1251; x_wconf 91' lang='lat' dir='ltr'><strong>quibus</strong></span> <span class='ocrx_word' id='word_1_82' title='bbox 563 1179 621 1232; x_wconf 92' lang='lat' dir='ltr'><strong>et</strong></span> <span class='ocrx_word' id='word_1_83' title='bbox 646 1171 855 1233; x_wconf 90' lang='lat' dir='ltr'><strong>orandi</strong></span> <span class='ocrx_word' id='word_1_84' title='bbox 883 1180 943 1232; x_wconf 93' lang='lat' dir='ltr'><strong>et</strong></span> <span class='ocrx_word' id='word_1_85' title='bbox 973 1168 1349 1233; x_wconf 90' lang='lat' dir='ltr'><strong>sacriﬁcandi</strong></span> <span class='ocrx_word' id='word_1_86' title='bbox 1386 1168 1530 1248; x_wconf 85' lang='lat' dir='ltr'><strong>juge</strong></span> <span class='ocrx_word' id='word_1_87' title='bbox 1562 1164 1821 1227; x_wconf 79' lang='lat' dir='ltr'><strong>ofﬁcium</strong></span> <span class='ocrx_word' id='word_1_88' title='bbox 1853 1171 1963 1236; x_wconf 90' lang='lat' dir='ltr'><strong>est,</strong></span> 
     </span>
    </p>
   </div>
   <div class='ocr_carea' id='block_1_13' title="bbox 314 1253 1962 1340">
    <p class='ocr_par' dir='ltr' id='par_1_13' title="bbox 314 1253 1962 1340">
     <span class='ocr_line' id='line_1_13' title="bbox 314 1253 1962 1340; baseline -0.005 -20"><span class='ocrx_word' id='word_1_89' title='bbox 314 1277 555 1339; x_wconf 86' lang='lat' dir='ltr'><strong>semper</strong></span> <span class='ocrx_word' id='word_1_90' title='bbox 568 1259 957 1324; x_wconf 89' lang='lat' dir='ltr'><strong>debebuntab</strong></span> <span class='ocrx_word' id='word_1_91' title='bbox 971 1257 1315 1340; x_wconf 88' lang='lat' dir='ltr'><strong>bujusmodi</strong></span> <span class='ocrx_word' id='word_1_92' title='bbox 1330 1255 1630 1321; x_wconf 91' lang='lat' dir='ltr'><strong>consortio</strong></span> <span class='ocrx_word' id='word_1_93' title='bbox 1641 1253 1962 1316; x_wconf 87' lang='lat' dir='ltr'><strong>abstinere:</strong></span> 
     </span>
    </p>
   </div>
   <div class='ocr_carea' id='block_1_14' title="bbox 316 1341 1970 1429">
    <p class='ocr_par' dir='ltr' id='par_1_14' title="bbox 316 1341 1970 1429">
     <span class='ocr_line' id='line_1_14' title="bbox 316 1341 1970 1429; baseline -0.005 -20"><span class='ocrx_word' id='word_1_94' title='bbox 316 1348 421 1429; x_wconf 87' lang='lat' dir='ltr'><strong>qui</strong></span> <span class='ocrx_word' id='word_1_95' title='bbox 450 1349 499 1411; x_wconf 91' lang='lat' dir='ltr'><strong>si</strong></span> <span class='ocrx_word' id='word_1_96' title='bbox 530 1349 970 1412; x_wconf 88' lang='lat' dir='ltr'><strong>contaminatus</strong></span> <span class='ocrx_word' id='word_1_97' title='bbox 1000 1349 1178 1410; x_wconf 82' lang='lat' dir='ltr'><strong>fuerit</strong></span> <span class='ocrx_word' id='word_1_98' title='bbox 1229 1346 1454 1410; x_wconf 85' lang='lat' dir='ltr'><strong>carnali</strong></span> <span class='ocrx_word' id='word_1_99' title='bbox 1485 1341 1970 1424; x_wconf 85' lang='lat' dir='ltr'><strong>concupiscentia</strong></span> 
     </span>
    </p>
   </div>
   <div class='ocr_carea' id='block_1_15' title="bbox 2050 539 3705 623">
    <p class='ocr_par' dir='ltr' id='par_1_15' title="bbox 2050 539 3705 623">
     <span class='ocr_line' id='line_1_15' title="bbox 2050 539 3705 623; baseline 0.002 -22"><span class='ocrx_word' id='word_1_100' title='bbox 2050 539 2227 601; x_wconf 90' lang='lat' dir='ltr'><strong>duam</strong></span> <span class='ocrx_word' id='word_1_101' title='bbox 2260 548 2317 601; x_wconf 90' lang='lat' dir='ltr'><strong>et</strong></span> <span class='ocrx_word' id='word_1_102' title='bbox 2349 541 2719 622; x_wconf 85' lang='lat' dir='ltr'><strong>repudiatam</strong></span> <span class='ocrx_word' id='word_1_103' title='bbox 2742 541 3168 623; x_wconf 88' lang='lat' dir='ltr'><strong>;quiapropter</strong></span> <span class='ocrx_word' id='word_1_104' title='bbox 3196 543 3311 605; x_wconf 88' lang='lat' dir='ltr'><strong>hoc</strong></span> <span class='ocrx_word' id='word_1_105' title='bbox 3326 543 3518 605; x_wconf 88' lang='lat' dir='ltr'><strong>solum</strong></span> <span class='ocrx_word' id='word_1_106' title='bbox 3538 543 3705 605; x_wconf 89' lang='lat' dir='ltr'><strong>dein-</strong></span> 
     </span>
    </p>
   </div>
   <div class='ocr_carea' id='block_1_16' title="bbox 2049 630 3703 713">
    <p class='ocr_par' dir='ltr' id='par_1_16' title="bbox 2049 630 3703 713">
     <span class='ocr_line' id='line_1_16' title="bbox 2049 630 3703 713; baseline 0.003 -23"><span class='ocrx_word' id='word_1_107' title='bbox 2049 647 2190 709; x_wconf 92' lang='lat' dir='ltr'><strong>ceps</strong></span> <span class='ocrx_word' id='word_1_108' title='bbox 2222 648 2331 691; x_wconf 92' lang='lat' dir='ltr'><strong>nec</strong></span> <span class='ocrx_word' id='word_1_109' title='bbox 2361 630 2435 691; x_wconf 91' lang='lat' dir='ltr'><strong>ad</strong></span> <span class='ocrx_word' id='word_1_110' title='bbox 2466 630 2955 693; x_wconf 89' lang='lat' dir='ltr'><strong>subdiaconatum</strong></span> <span class='ocrx_word' id='word_1_111' title='bbox 2990 631 3234 711; x_wconf 88' lang='lat' dir='ltr'><strong>provehi</strong></span> <span class='ocrx_word' id='word_1_112' title='bbox 3261 639 3561 713; x_wconf 86' lang='lat' dir='ltr'><strong>poterunt,</strong></span> <span class='ocrx_word' id='word_1_113' title='bbox 3590 652 3703 696; x_wconf 92' lang='lat' dir='ltr'><strong>nec</strong></span> 
     </span>
    </p>
   </div>
   <div class='ocr_carea' id='block_1_17' title="bbox 2048 717 3705 802">
    <p class='ocr_par' dir='ltr' id='par_1_17' title="bbox 2048 717 3705 802">
     <span class='ocr_line' id='line_1_17' title="bbox 2048 717 3705 802; baseline 0.003 -24"><span class='ocrx_word' id='word_1_114' title='bbox 2048 717 2231 779; x_wconf 89' lang='lat' dir='ltr'><strong>laicus</strong></span> <span class='ocrx_word' id='word_1_115' title='bbox 2255 738 2374 780; x_wconf 92' lang='lat' dir='ltr'><strong>non</strong></span> <span class='ocrx_word' id='word_1_116' title='bbox 2409 719 2699 800; x_wconf 82' lang='lat' dir='ltr'><strong>virginem</strong></span> <span class='ocrx_word' id='word_1_117' title='bbox 2726 720 2971 782; x_wconf 90' lang='lat' dir='ltr'><strong>sortitus</strong></span> <span class='ocrx_word' id='word_1_118' title='bbox 3007 738 3274 795; x_wconf 83' lang='lat' dir='ltr'><strong>uxorem,</strong></span> <span class='ocrx_word' id='word_1_119' title='bbox 3303 730 3401 783; x_wconf 90' lang='lat' dir='ltr'><strong>aut</strong></span> <span class='ocrx_word' id='word_1_120' title='bbox 3430 721 3705 802; x_wconf 85' lang='lat' dir='ltr'><strong>bigamus</strong></span> 
     </span>
    </p>
   </div>
   <div class='ocr_carea' id='block_1_18' title="bbox 2048 806 3702 890">
    <p class='ocr_par' dir='ltr' id='par_1_18' title="bbox 2048 806 3702 890">
     <span class='ocr_line' id='line_1_18' title="bbox 2048 806 3702 890; baseline 0.004 -23"><span class='ocrx_word' id='word_1_121' title='bbox 2048 806 2121 867; x_wconf 90' lang='lat' dir='ltr'><strong>ad</strong></span> <span class='ocrx_word' id='word_1_122' title='bbox 2154 807 2525 870; x_wconf 86' lang='lat' dir='ltr'><strong>clericatum.</strong></span> <span class='ocrx_word' id='word_1_123' title='bbox 2562 808 2729 881; x_wconf 88' lang='lat' dir='ltr'><strong>Quod</strong></span> <span class='ocrx_word' id='word_1_124' title='bbox 2765 808 2816 871; x_wconf 91' lang='lat' dir='ltr'><strong>si</strong></span> <span class='ocrx_word' id='word_1_125' title='bbox 2848 810 2980 890; x_wconf 91' lang='lat' dir='ltr'><strong>quis</strong></span> <span class='ocrx_word' id='word_1_126' title='bbox 3014 809 3392 890; x_wconf 83' lang='lat' dir='ltr'><strong>praefatorum</strong></span> <span class='ocrx_word' id='word_1_127' title='bbox 3425 811 3702 873; x_wconf 92' lang='lat' dir='ltr'><strong>ordinum</strong></span> 
     </span>
    </p>
   </div>
   <div class='ocr_carea' id='block_1_19' title="bbox 2049 894 3703 981">
    <p class='ocr_par' dir='ltr' id='par_1_19' title="bbox 2049 894 3703 981">
     <span class='ocr_line' id='line_1_19' title="bbox 2049 894 3703 981; baseline 0.004 -25"><span class='ocrx_word' id='word_1_128' title='bbox 2049 894 2216 957; x_wconf 90' lang='lat' dir='ltr'><strong>desid</strong></span> <span class='ocrx_word' id='word_1_129' title='bbox 2226 897 2435 959; x_wconf 91' lang='lat' dir='ltr'><strong>eratad</strong></span> <span class='ocrx_word' id='word_1_130' title='bbox 2452 896 2943 961; x_wconf 90' lang='lat' dir='ltr'><strong>subdiaconatum</strong></span> <span class='ocrx_word' id='word_1_131' title='bbox 2956 898 3703 981; x_wconf 88' lang='lat' dir='ltr'><strong>ascendere,nequibithoc</strong></span> 
     </span>
    </p>
   </div>
   <div class='ocr_carea' id='block_1_20' title="bbox 2048 985 3707 1071">
    <p class='ocr_par' dir='ltr' id='par_1_20' title="bbox 2048 985 3707 1071">
     <span class='ocr_line' id='line_1_20' title="bbox 2048 985 3707 1071; baseline 0.004 -26"><span class='ocrx_word' id='word_1_132' title='bbox 2048 985 2178 1046; x_wconf 91' lang='lat' dir='ltr'><strong>sine</strong></span> <span class='ocrx_word' id='word_1_133' title='bbox 2200 1005 2498 1048; x_wconf 91' lang='lat' dir='ltr'><strong>consensu</strong></span> <span class='ocrx_word' id='word_1_134' title='bbox 2516 986 2717 1049; x_wconf 82' lang='lat' dir='ltr'><strong>uxoris</strong></span> <span class='ocrx_word' id='word_1_135' title='bbox 2739 1006 2879 1064; x_wconf 86' lang='lat' dir='ltr'><strong>suae,</strong></span> <span class='ocrx_word' id='word_1_136' title='bbox 2900 987 3047 1049; x_wconf 90' lang='lat' dir='ltr'><strong>utde</strong></span> <span class='ocrx_word' id='word_1_137' title='bbox 3065 988 3585 1071; x_wconf 90' lang='lat' dir='ltr'><strong>carnalideinceps</strong></span> <span class='ocrx_word' id='word_1_138' title='bbox 3606 990 3707 1053; x_wconf 85' lang='lat' dir='ltr'><strong>ﬁat</strong></span> 
     </span>
    </p>
   </div>
   <div class='ocr_carea' id='block_1_21' title="bbox 2047 1074 3704 1159">
    <p class='ocr_par' dir='ltr' id='par_1_21' title="bbox 2047 1074 3704 1159">
     <span class='ocr_line' id='line_1_21' title="bbox 2047 1074 3704 1159; baseline 0.004 -25"><span class='ocrx_word' id='word_1_139' title='bbox 2047 1074 2383 1155; x_wconf 88' lang='lat' dir='ltr'><strong>conjugium</strong></span> <span class='ocrx_word' id='word_1_140' title='bbox 2416 1077 2749 1156; x_wconf 89' lang='lat' dir='ltr'><strong>spirituale,</strong></span> <span class='ocrx_word' id='word_1_141' title='bbox 2786 1078 3029 1139; x_wconf 92' lang='lat' dir='ltr'><strong>nemine</strong></span> <span class='ocrx_word' id='word_1_142' title='bbox 3062 1096 3164 1139; x_wconf 93' lang='lat' dir='ltr'><strong>eos</strong></span> <span class='ocrx_word' id='word_1_143' title='bbox 3195 1078 3268 1139; x_wconf 89' lang='lat' dir='ltr'><strong>ad</strong></span> <span class='ocrx_word' id='word_1_144' title='bbox 3302 1079 3417 1141; x_wconf 92' lang='lat' dir='ltr'><strong>hoc</strong></span> <span class='ocrx_word' id='word_1_145' title='bbox 3449 1088 3704 1159; x_wconf 81' lang='lat' dir='ltr'><strong>cogente</strong></span> 
     </span>
    </p>
   </div>
   <div class='ocr_carea' id='block_1_22' title="bbox 2048 1163 3706 1246">
    <p class='ocr_par' dir='ltr' id='par_1_22' title="bbox 2048 1163 3706 1246">
     <span class='ocr_line' id='line_1_22' title="bbox 2048 1163 3706 1246; baseline 0.005 -23"><span class='ocrx_word' id='word_1_146' title='bbox 2048 1163 2169 1224; x_wconf 89' lang='lat' dir='ltr'><strong>Nec</strong></span> <span class='ocrx_word' id='word_1_147' title='bbox 2184 1164 2545 1244; x_wconf 90' lang='lat' dir='ltr'><strong>permittitur</strong></span> <span class='ocrx_word' id='word_1_148' title='bbox 2561 1175 2763 1245; x_wconf 88' lang='lat' dir='ltr'><strong>postea</strong></span> <span class='ocrx_word' id='word_1_149' title='bbox 2786 1185 2933 1227; x_wconf 86' lang='lat' dir='ltr'><strong>uxor</strong></span> <span class='ocrx_word' id='word_1_150' title='bbox 2950 1166 3123 1246; x_wconf 89' lang='lat' dir='ltr'><strong>jungi</strong></span> <span class='ocrx_word' id='word_1_151' title='bbox 3146 1167 3341 1229; x_wconf 91' lang='lat' dir='ltr'><strong>eidem</strong></span> <span class='ocrx_word' id='word_1_152' title='bbox 3362 1188 3467 1230; x_wconf 91' lang='lat' dir='ltr'><strong>suo</strong></span> <span class='ocrx_word' id='word_1_153' title='bbox 3493 1170 3706 1232; x_wconf 91' lang='lat' dir='ltr'><strong>marito</strong></span> 
     </span>
    </p>
   </div>
   <div class='ocr_carea' id='block_1_23' title="bbox 2049 1252 3706 1340">
    <p class='ocr_par' dir='ltr' id='par_1_23' title="bbox 2049 1252 3706 1340">
     <span class='ocr_line' id='line_1_23' title="bbox 2049 1252 3706 1340; baseline 0.005 -27"><span class='ocrx_word' id='word_1_154' title='bbox 2049 1252 2388 1334; x_wconf 87' lang='lat' dir='ltr'><strong>carnaliter,</strong></span> <span class='ocrx_word' id='word_1_155' title='bbox 2424 1274 2533 1316; x_wconf 92' lang='lat' dir='ltr'><strong>nec</strong></span> <span class='ocrx_word' id='word_1_156' title='bbox 2563 1256 2836 1337; x_wconf 88' lang='lat' dir='ltr'><strong>cuiquam</strong></span> <span class='ocrx_word' id='word_1_157' title='bbox 2902 1255 3129 1317; x_wconf 91' lang='lat' dir='ltr'><strong>nubere</strong></span> <span class='ocrx_word' id='word_1_158' title='bbox 3180 1257 3242 1318; x_wconf 91' lang='lat' dir='ltr'><strong>in</strong></span> <span class='ocrx_word' id='word_1_159' title='bbox 3299 1258 3417 1319; x_wconf 90' lang='lat' dir='ltr'><strong>vita</strong></span> <span class='ocrx_word' id='word_1_160' title='bbox 3447 1268 3548 1320; x_wconf 89' lang='lat' dir='ltr'><strong>aut</strong></span> <span class='ocrx_word' id='word_1_161' title='bbox 3577 1266 3706 1340; x_wconf 90' lang='lat' dir='ltr'><strong>post</strong></span> 
     </span>
    </p>
   </div>
   <div class='ocr_carea' id='block_1_24' title="bbox 2052 1342 3709 1425">
    <p class='ocr_par' dir='ltr' id='par_1_24' title="bbox 2052 1342 3709 1425">
     <span class='ocr_line' id='line_1_24' title="bbox 2052 1342 3709 1425; baseline 0.005 -24"><span class='ocrx_word' id='word_1_162' title='bbox 2052 1349 2303 1403; x_wconf 92' lang='lat' dir='ltr'><strong>mortem</strong></span> <span class='ocrx_word' id='word_1_163' title='bbox 2325 1342 2506 1419; x_wconf 90' lang='lat' dir='ltr'><strong>illius,</strong></span> <span class='ocrx_word' id='word_1_164' title='bbox 2522 1343 2744 1425; x_wconf 89' lang='lat' dir='ltr'><strong>alioqui</strong></span> <span class='ocrx_word' id='word_1_165' title='bbox 2761 1345 3313 1407; x_wconf 89' lang='lat' dir='ltr'><strong>anathematizanda</strong></span> <span class='ocrx_word' id='word_1_166' title='bbox 3330 1356 3451 1409; x_wconf 92' lang='lat' dir='ltr'><strong>est:</strong></span> <span class='ocrx_word' id='word_1_167' title='bbox 3481 1348 3709 1411; x_wconf 89' lang='lat' dir='ltr'><strong>sicutet</strong></span> 
     </span>
    </p>
   </div>
   <div class='ocr_carea' id='block_1_25' title="bbox 315 1429 3707 1521">
    <p class='ocr_par' dir='ltr' id='par_1_25' title="bbox 315 1429 3707 1521">
     <span class='ocr_line' id='line_1_25' title="bbox 315 1429 3707 1521; baseline 0.001 -22"><span class='ocrx_word' id='word_1_168' title='bbox 315 1439 585 1501; x_wconf 81' lang='lat' dir='ltr'><strong>exaudiri</strong></span> <span class='ocrx_word' id='word_1_169' title='bbox 616 1458 789 1521; x_wconf 93' lang='lat' dir='ltr'><strong>posse</strong></span> <span class='ocrx_word' id='word_1_170' title='bbox 812 1458 878 1501; x_wconf 92' lang='lat' dir='ltr'><strong>se</strong></span> <span class='ocrx_word' id='word_1_171' title='bbox 900 1438 1287 1501; x_wconf 85' lang='lat' dir='ltr'><strong>credit?cum</strong></span> <span class='ocrx_word' id='word_1_172' title='bbox 1311 1436 1534 1498; x_wconf 90' lang='lat' dir='ltr'><strong>dictum</strong></span> <span class='ocrx_word' id='word_1_173' title='bbox 1559 1434 1667 1495; x_wconf 76' lang='lat' dir='ltr'><strong>sit:</strong></span> <span class='ocrx_word' id='word_1_174' title='bbox 1702 1456 1725 1489; x_wconf 80' lang='grc' dir='ltr'>(ι</span> <span class='ocrx_word' id='word_1_175' title='bbox 1757 1429 1972 1521; x_wconf 79' lang='lat' dir='ltr'><strong>omnia</strong></span> <span class='ocrx_word' id='word_1_176' title='bbox 2052 1429 2338 1494; x_wconf 90' lang='lat' dir='ltr'><strong>diaconus</strong></span> <span class='ocrx_word' id='word_1_177' title='bbox 2372 1441 2427 1493; x_wconf 89' lang='lat' dir='ltr'><strong>et</strong></span> <span class='ocrx_word' id='word_1_178' title='bbox 2458 1432 2882 1511; x_wconf 90' lang='lat' dir='ltr'><strong>subdiaconus,</strong></span> <span class='ocrx_word' id='word_1_179' title='bbox 2922 1442 2979 1497; x_wconf 89' lang='lat' dir='ltr'><strong>et</strong></span> <span class='ocrx_word' id='word_1_180' title='bbox 3012 1434 3321 1517; x_wconf 74' lang='lat' dir='ltr'><strong>presbyter</strong></span> <span class='ocrx_word' id='word_1_181' title='bbox 3349 1447 3449 1498; x_wconf 86' lang='lat' dir='ltr'><strong>aut</strong></span> <span class='ocrx_word' id='word_1_182' title='bbox 3481 1437 3707 1519; x_wconf 86' lang='lat' dir='ltr'><strong>episco-</strong></span> 
     </span>
    </p>
   </div>
   <div class='ocr_carea' id='block_1_26' title="bbox 319 1519 1970 1609">
    <p class='ocr_par' dir='ltr' id='par_1_26' title="bbox 319 1519 1970 1609">
     <span class='ocr_line' id='line_1_26' title="bbox 319 1519 1970 1609; baseline -0.002 -26"><span class='ocrx_word' id='word_1_183' title='bbox 319 1552 347 1583; x_wconf 70' lang='grc' dir='ltr'><strong>ι</strong></span> <span class='ocrx_word' id='word_1_184' title='bbox 375 1529 601 1590; x_wconf 90' lang='lat' dir='ltr'><strong>munda</strong></span> <span class='ocrx_word' id='word_1_185' title='bbox 618 1519 863 1591; x_wconf 36' lang='lat' dir='ltr'><strong>&#39;mundis</strong></span> <span class='ocrx_word' id='word_1_186' title='bbox 887 1550 902 1609; x_wconf 89' lang='lat'><strong>;</strong></span> <span class='ocrx_word' id='word_1_187' title='bbox 924 1527 1318 1609; x_wconf 87' lang='lat' dir='ltr'><strong>coinquinatis</strong></span> <span class='ocrx_word' id='word_1_188' title='bbox 1340 1534 1538 1588; x_wconf 91' lang='lat' dir='ltr'><strong>autem</strong></span> <span class='ocrx_word' id='word_1_189' title='bbox 1553 1532 1611 1586; x_wconf 92' lang='lat' dir='ltr'><strong>et</strong></span> <span class='ocrx_word' id='word_1_190' title='bbox 1627 1519 1970 1593; x_wconf 90' lang='lat' dir='ltr'><strong>inﬁdelibus</strong></span> 
     </span>
    </p>
   </div>
   <div class='ocr_carea' id='block_1_27' title="bbox 317 1611 1970 1699">
    <p class='ocr_par' dir='ltr' id='par_1_27' title="bbox 317 1611 1970 1699">
     <span class='ocr_line' id='line_1_27' title="bbox 317 1611 1970 1699; baseline -0.004 -22"><span class='ocrx_word' id='word_1_191' title='bbox 317 1617 468 1679; x_wconf 90' lang='lat' dir='ltr'><strong>nihil</strong></span> <span class='ocrx_word' id='word_1_192' title='bbox 501 1620 786 1680; x_wconf 90' lang='lat' dir='ltr'><strong>mundum</strong></span> <span class='ocrx_word' id='word_1_193' title='bbox 812 1619 951 1699; x_wconf 84' lang='lat' dir='ltr'><strong>(Tit.</strong></span> <span class='ocrx_word' id='word_1_194' title='bbox 976 1636 1015 1693; x_wconf 91' lang='lat' dir='ltr'><strong>I,</strong></span> <span class='ocrx_word' id='word_1_195' title='bbox 1049 1618 1169 1697; x_wconf 86' lang='grc'>15).</span> <span class='ocrx_word' id='word_1_196' title='bbox 1201 1643 1224 1673; x_wconf 75' lang='grc' dir='ltr'><strong>ν</strong></span> <span class='ocrx_word' id='word_1_197' title='bbox 1254 1616 1369 1680; x_wconf 89' lang='lat' dir='ltr'><strong>Sed</strong></span> <span class='ocrx_word' id='word_1_198' title='bbox 1393 1616 1642 1677; x_wconf 91' lang='lat' dir='ltr'><strong>fortasse</strong></span> <span class='ocrx_word' id='word_1_199' title='bbox 1659 1611 1970 1699; x_wconf 81' lang='lat' dir='ltr'><strong>lioclicere</strong></span> 
     </span>
    </p>
   </div>
   <div class='ocr_carea' id='block_1_28' title="bbox 318 1707 1863 1800">
    <p class='ocr_par' dir='ltr' id='par_1_28' title="bbox 318 1707 1863 1800">
     <span class='ocr_line' id='line_1_28' title="bbox 318 1707 1863 1800; baseline -0.004 -33"><span class='ocrx_word' id='word_1_200' title='bbox 318 1708 529 1784; x_wconf 80' lang='lat' dir='ltr'><strong>credit,</strong></span> <span class='ocrx_word' id='word_1_201' title='bbox 562 1708 703 1789; x_wconf 87' lang='lat' dir='ltr'><strong>quia</strong></span> <span class='ocrx_word' id='word_1_202' title='bbox 760 1707 1048 1789; x_wconf 84' lang='lat' dir='ltr'><strong>scriptum</strong></span> <span class='ocrx_word' id='word_1_203' title='bbox 1107 1714 1243 1769; x_wconf 91' lang='lat' dir='ltr'><strong>est:</strong></span> <span class='ocrx_word' id='word_1_204' title='bbox 1314 1731 1340 1762; x_wconf 78' lang='grc' dir='ltr'><strong>α</strong></span> <span class='ocrx_word' id='word_1_205' title='bbox 1401 1707 1591 1767; x_wconf 90' lang='lat' dir='ltr'><strong>Unius</strong></span> <span class='ocrx_word' id='word_1_206' title='bbox 1646 1707 1863 1800; x_wconf 41' lang='lat' dir='ltr'><strong>uxoris.</strong></span> 
     </span>
    </p>
   </div>
   <div class='ocr_carea' id='block_1_29' title="bbox 311 1796 1964 1877">
    <p class='ocr_par' dir='ltr' id='par_1_29' title="bbox 311 1796 1964 1877">
     <span class='ocr_line' id='line_1_29' title="bbox 311 1796 1964 1877; baseline -0.005 -21"><span class='ocrx_word' id='word_1_207' title='bbox 311 1814 446 1857; x_wconf 87' lang='lat' dir='ltr'><strong>rum</strong></span> <span class='ocrx_word' id='word_1_208' title='bbox 484 1796 543 1877; x_wconf 88' lang='grc' dir='ltr'><strong>(Ι</strong></span> <span class='ocrx_word' id='word_1_209' title='bbox 572 1796 723 1860; x_wconf 89' lang='lat' dir='ltr'><strong>Tim.</strong></span> <span class='ocrx_word' id='word_1_210' title='bbox 763 1813 849 1877; x_wconf 82' lang='lat' dir='ltr'><strong>ut,</strong></span> <span class='ocrx_word' id='word_1_211' title='bbox 881 1801 960 1870; x_wconf 74' lang='lat'><strong>2).</strong></span> <span class='ocrx_word' id='word_1_212' title='bbox 1002 1821 1026 1851; x_wconf 76' lang='grc' dir='ltr'><strong>υ</strong></span> <span class='ocrx_word' id='word_1_213' title='bbox 1062 1797 1193 1858; x_wconf 84' lang='grc' dir='ltr'>Νοιι</span> <span class='ocrx_word' id='word_1_214' title='bbox 1226 1802 1467 1876; x_wconf 91' lang='lat' dir='ltr'><strong>pr0pter</strong></span> <span class='ocrx_word' id='word_1_215' title='bbox 1496 1796 1964 1873; x_wconf 88' lang='lat' dir='ltr'><strong>permanentiam</strong></span> 
     </span>
    </p>
   </div>
   <div class='ocr_carea' id='block_1_30' title="bbox 312 1880 1969 1967">
    <p class='ocr_par' dir='ltr' id='par_1_30' title="bbox 312 1880 1969 1967">
     <span class='ocr_line' id='line_1_30' title="bbox 312 1880 1969 1967; baseline -0.005 -22"><span class='ocrx_word' id='word_1_216' title='bbox 312 1885 375 1946; x_wconf 93' lang='lat' dir='ltr'><strong>in</strong></span> <span class='ocrx_word' id='word_1_217' title='bbox 400 1885 885 1967; x_wconf 89' lang='lat' dir='ltr'><strong>concupiscentia</strong></span> <span class='ocrx_word' id='word_1_218' title='bbox 909 1884 1235 1965; x_wconf 81' lang='lat' dir='ltr'><strong>generandi</strong></span> <span class='ocrx_word' id='word_1_219' title='bbox 1258 1885 1368 1945; x_wconf 88' lang='lat' dir='ltr'><strong>hoc</strong></span> <span class='ocrx_word' id='word_1_220' title='bbox 1391 1883 1556 1957; x_wconf 85' lang='lat' dir='ltr'><strong>dixit,</strong></span> <span class='ocrx_word' id='word_1_221' title='bbox 1588 1880 1693 1942; x_wconf 92' lang='lat' dir='ltr'><strong>sed</strong></span> <span class='ocrx_word' id='word_1_222' title='bbox 1726 1884 1969 1959; x_wconf 90' lang='lat' dir='ltr'><strong>propter</strong></span> 
     </span>
    </p>
   </div>
   <div class='ocr_carea' id='block_1_31' title="bbox 316 1972 1966 2054">
    <p class='ocr_par' dir='ltr' id='par_1_31' title="bbox 316 1972 1966 2054">
     <span class='ocr_line' id='line_1_31' title="bbox 316 1972 1966 2054; baseline -0.006 -18"><span class='ocrx_word' id='word_1_223' title='bbox 316 1974 745 2038; x_wconf 88' lang='lat' dir='ltr'><strong>continentiam</strong></span> <span class='ocrx_word' id='word_1_224' title='bbox 764 1975 1019 2036; x_wconf 90' lang='lat' dir='ltr'><strong>futuram</strong></span> <span class='ocrx_word' id='word_1_225' title='bbox 1031 1972 1257 2054; x_wconf 90' lang='lat' dir='ltr'><strong>.Neque</strong></span> <span class='ocrx_word' id='word_1_226' title='bbox 1272 1973 1430 2035; x_wconf 89' lang='lat' dir='ltr'><strong>enim</strong></span> <span class='ocrx_word' id='word_1_227' title='bbox 1443 1972 1966 2050; x_wconf 91' lang='lat' dir='ltr'><strong>integroscorpore</strong></span> 
     </span>
    </p>
   </div>
   <div class='ocr_carea' id='block_1_32' title="bbox 317 2063 1965 2146">
    <p class='ocr_par' dir='ltr' id='par_1_32' title="bbox 317 2063 1965 2146">
     <span class='ocr_line' id='line_1_32' title="bbox 317 2063 1965 2146; baseline -0.006 -21"><span class='ocrx_word' id='word_1_228' title='bbox 317 2083 439 2126; x_wconf 90' lang='lat' dir='ltr'><strong>non</strong></span> <span class='ocrx_word' id='word_1_229' title='bbox 470 2064 736 2141; x_wconf 88' lang='lat' dir='ltr'><strong>admisit,</strong></span> <span class='ocrx_word' id='word_1_230' title='bbox 772 2063 873 2146; x_wconf 89' lang='lat' dir='ltr'><strong>qui</strong></span> <span class='ocrx_word' id='word_1_231' title='bbox 901 2064 983 2125; x_wconf 90' lang='lat' dir='ltr'><strong>ait</strong></span> <span class='ocrx_word' id='word_1_232' title='bbox 1017 2081 1031 2125; x_wconf 88' lang='lat'>:</span> <span class='ocrx_word' id='word_1_233' title='bbox 1090 2063 1322 2126; x_wconf 90' lang='lat' dir='ltr'><strong>Vellem</strong></span> <span class='ocrx_word' id='word_1_234' title='bbox 1352 2069 1549 2124; x_wconf 90' lang='lat' dir='ltr'><strong>autem</strong></span> <span class='ocrx_word' id='word_1_235' title='bbox 1593 2075 1802 2121; x_wconf 89' lang='lat' dir='ltr'><strong>omnes</strong></span> <span class='ocrx_word' id='word_1_236' title='bbox 1817 2073 1965 2146; x_wconf 78' lang='lat' dir='ltr'><strong>esse</strong></span> 
     </span>
    </p>
   </div>
   <div class='ocr_carea' id='block_1_33' title="bbox 313 2144 1966 2233">
    <p class='ocr_par' dir='ltr' id='par_1_33' title="bbox 313 2144 1966 2233">
     <span class='ocr_line' id='line_1_33' title="bbox 313 2144 1966 2233; baseline -0.007 -19"><span class='ocrx_word' id='word_1_237' title='bbox 313 2153 466 2216; x_wconf 92' lang='lat' dir='ltr'><strong>sicut</strong></span> <span class='ocrx_word' id='word_1_238' title='bbox 495 2162 553 2215; x_wconf 95' lang='lat' dir='ltr'><strong>et</strong></span> <span class='ocrx_word' id='word_1_239' title='bbox 582 2173 689 2233; x_wconf 92' lang='lat' dir='ltr'><strong>ego</strong></span> <span class='ocrx_word' id='word_1_240' title='bbox 721 2144 946 2229; x_wconf 21' lang='lat' dir='ltr'><strong>(I‘Cor.</strong></span> <span class='ocrx_word' id='word_1_241' title='bbox 982 2170 1084 2229; x_wconf 82' lang='lat' dir='ltr'><strong>vn,</strong></span> <span class='ocrx_word' id='word_1_242' title='bbox 1117 2151 1204 2233; x_wconf 86' lang='lat'><strong>7).</strong></span> <span class='ocrx_word' id='word_1_243' title='bbox 1268 2152 1342 2214; x_wconf 87' lang='lat' dir='ltr'><strong>Et</strong></span> <span class='ocrx_word' id='word_1_244' title='bbox 1396 2149 1657 2232; x_wconf 87' lang='lat' dir='ltr'><strong>apertius</strong></span> <span class='ocrx_word' id='word_1_245' title='bbox 1700 2144 1966 2207; x_wconf 89' lang='lat' dir='ltr'><strong>declarat</strong></span> 
     </span>
    </p>
   </div>
   <div class='ocr_carea' id='block_1_34' title="bbox 313 2237 1963 2333">
    <p class='ocr_par' dir='ltr' id='par_1_34' title="bbox 313 2237 1963 2333">
     <span class='ocr_line' id='line_1_34' title="bbox 313 2237 1963 2333; baseline -0.005 -29"><span class='ocrx_word' id='word_1_246' title='bbox 313 2242 552 2305; x_wconf 90' lang='lat' dir='ltr'><strong>dicens:</strong></span> <span class='ocrx_word' id='word_1_247' title='bbox 578 2265 601 2300; x_wconf 78' lang='grc' dir='ltr'><strong>σ</strong></span> <span class='ocrx_word' id='word_1_248' title='bbox 628 2243 739 2316; x_wconf 88' lang='lat' dir='ltr'><strong>Qui</strong></span> <span class='ocrx_word' id='word_1_249' title='bbox 758 2250 955 2305; x_wconf 92' lang='lat' dir='ltr'><strong>autem</strong></span> <span class='ocrx_word' id='word_1_250' title='bbox 977 2242 1041 2304; x_wconf 90' lang='lat' dir='ltr'><strong>in</strong></span> <span class='ocrx_word' id='word_1_251' title='bbox 1062 2258 1240 2305; x_wconf 89' lang='lat' dir='ltr'><strong>carne</strong></span> <span class='ocrx_word' id='word_1_252' title='bbox 1265 2247 1427 2321; x_wconf 88' lang='lat' dir='ltr'><strong>sunt,</strong></span> <span class='ocrx_word' id='word_1_253' title='bbox 1449 2243 1569 2333; x_wconf 74' lang='lat' dir='ltr'><strong>Deo</strong></span> <span class='ocrx_word' id='word_1_254' title='bbox 1594 2237 1831 2319; x_wconf 90' lang='lat' dir='ltr'><strong>placere</strong></span> <span class='ocrx_word' id='word_1_255' title='bbox 1844 2252 1963 2333; x_wconf 81' lang='lat' dir='ltr'><strong>non</strong></span> 
     </span>
    </p>
   </div>
   <div class='ocr_carea' id='block_1_35' title="bbox 320 2324 1963 2413">
    <p class='ocr_par' dir='ltr' id='par_1_35' title="bbox 320 2324 1963 2413">
     <span class='ocr_line' id='line_1_35' title="bbox 320 2324 1963 2413; baseline -0.007 -18"><span class='ocrx_word' id='word_1_256' title='bbox 320 2358 347 2387; x_wconf 77' lang='grc' dir='ltr'><strong>α</strong></span> <span class='ocrx_word' id='word_1_257' title='bbox 376 2340 642 2413; x_wconf 88' lang='lat' dir='ltr'><strong>possunt.</strong></span> <span class='ocrx_word' id='word_1_258' title='bbox 659 2331 778 2395; x_wconf 87' lang='lat' dir='ltr'><strong>Vos</strong></span> <span class='ocrx_word' id='word_1_259' title='bbox 798 2341 993 2395; x_wconf 90' lang='lat' dir='ltr'><strong>autem</strong></span> <span class='ocrx_word' id='word_1_260' title='bbox 1011 2332 1135 2412; x_wconf 92' lang='lat' dir='ltr'><strong>jam</strong></span> <span class='ocrx_word' id='word_1_261' title='bbox 1152 2350 1269 2392; x_wconf 95' lang='lat' dir='ltr'><strong>non</strong></span> <span class='ocrx_word' id='word_1_262' title='bbox 1312 2329 1526 2391; x_wconf 88' lang='lat' dir='ltr'><strong>estisin</strong></span> <span class='ocrx_word' id='word_1_263' title='bbox 1550 2343 1750 2402; x_wconf 89' lang='lat' dir='ltr'><strong>carne,</strong></span> <span class='ocrx_word' id='word_1_264' title='bbox 1782 2324 1963 2386; x_wconf 92' lang='lat' dir='ltr'><strong>sedin</strong></span> 
     </span>
    </p>
   </div>
   <div class='ocr_carea' id='block_1_36' title="bbox 319 2415 1963 2503">
    <p class='ocr_par' dir='ltr' id='par_1_36' title="bbox 319 2415 1963 2503">
     <span class='ocr_line' id='line_1_36' title="bbox 319 2415 1963 2503; baseline -0.007 -19"><span class='ocrx_word' id='word_1_265' title='bbox 319 2447 347 2477; x_wconf 79' lang='grc' dir='ltr'><strong>α</strong></span> <span class='ocrx_word' id='word_1_266' title='bbox 369 2422 581 2503; x_wconf 84' lang='lat' dir='ltr'><strong>spiritu</strong></span> <span class='ocrx_word' id='word_1_267' title='bbox 607 2424 809 2500; x_wconf 86' lang='lat' dir='ltr'><strong>(Rom.</strong></span> <span class='ocrx_word' id='word_1_268' title='bbox 832 2438 959 2495; x_wconf 80' lang='lat' dir='ltr'><strong>VIII,</strong></span> <span class='ocrx_word' id='word_1_269' title='bbox 993 2422 1079 2503; x_wconf 82' lang='lat'><strong>8).</strong></span> <span class='ocrx_word' id='word_1_270' title='bbox 1114 2445 1140 2476; x_wconf 72' lang='grc' dir='ltr'>ι)</span> <span class='ocrx_word' id='word_1_271' title='bbox 1168 2420 1242 2482; x_wconf 89' lang='lat' dir='ltr'><strong>Et</strong></span> <span class='ocrx_word' id='word_1_272' title='bbox 1263 2418 1581 2481; x_wconf 92' lang='lat' dir='ltr'><strong>habentem</strong></span> <span class='ocrx_word' id='word_1_273' title='bbox 1606 2415 1818 2490; x_wconf 90' lang='lat' dir='ltr'><strong>ﬁlium,</strong></span> <span class='ocrx_word' id='word_1_274' title='bbox 1846 2430 1963 2474; x_wconf 91' lang='lat' dir='ltr'><strong>non</strong></span> 
     </span>
    </p>
   </div>
   <div class='ocr_carea' id='block_1_37' title="bbox 312 2510 963 2592">
    <p class='ocr_par' dir='ltr' id='par_1_37' title="bbox 312 2510 963 2592">
     <span class='ocr_line' id='line_1_37' title="bbox 312 2510 963 2592; baseline -0.008 -18"><span class='ocrx_word' id='word_1_275' title='bbox 312 2520 702 2592; x_wconf 85' lang='lat' dir='ltr'><strong>generantem</strong></span> <span class='ocrx_word' id='word_1_276' title='bbox 736 2510 905 2573; x_wconf 83' lang='lat' dir='ltr'><strong>dixit.</strong></span> <span class='ocrx_word' id='word_1_277' title='bbox 937 2537 963 2567; x_wconf 70' lang='grc' dir='ltr'><strong>ι</strong></span> 
     </span>
    </p>
   </div>
   <div class='ocr_carea' id='block_1_38' title="bbox 395 2628 1962 2717">
    <p class='ocr_par' dir='ltr' id='par_1_38' title="bbox 395 2628 1962 2717">
     <span class='ocr_line' id='line_1_38' title="bbox 395 2628 1962 2717; baseline -0.007 -18"><span class='ocrx_word' id='word_1_278' title='bbox 395 2637 577 2702; x_wconf 82' lang='grc' dir='ltr'><strong>ΧΧΧ.</strong></span> <span class='ocrx_word' id='word_1_279' title='bbox 612 2637 685 2700; x_wconf 92' lang='lat' dir='ltr'><strong>Et</strong></span> <span class='ocrx_word' id='word_1_280' title='bbox 712 2636 1068 2699; x_wconf 82' lang='lat' dir='ltr'><strong>venerabilis</strong></span> <span class='ocrx_word' id='word_1_281' title='bbox 1101 2652 1252 2717; x_wconf 88' lang='lat' dir='ltr'><strong>papa</strong></span> <span class='ocrx_word' id='word_1_282' title='bbox 1280 2632 1533 2695; x_wconf 91' lang='lat' dir='ltr'><strong>Siricius</strong></span> <span class='ocrx_word' id='word_1_283' title='bbox 1568 2653 1579 2692; x_wconf 92' lang='lat'>:</span> <span class='ocrx_word' id='word_1_284' title='bbox 1622 2655 1649 2685; x_wconf 78' lang='grc' dir='ltr'><strong><em>α</em></strong></span> <span class='ocrx_word' id='word_1_285' title='bbox 1683 2628 1962 2693; x_wconf 88' lang='lat' dir='ltr'><strong>Feminas</strong></span> 
     </span>
    </p>
   </div>
   <div class='ocr_carea' id='block_1_39' title="bbox 315 2718 1956 2807">
    <p class='ocr_par' dir='ltr' id='par_1_39' title="bbox 315 2718 1956 2807">
     <span class='ocr_line' id='line_1_39' title="bbox 315 2718 1956 2807; baseline -0.007 -16"><span class='ocrx_word' id='word_1_286' title='bbox 315 2748 436 2791; x_wconf 90' lang='lat' dir='ltr'><strong>non</strong></span> <span class='ocrx_word' id='word_1_287' title='bbox 469 2728 613 2789; x_wconf 89' lang='lat' dir='ltr'><strong>alias</strong></span> <span class='ocrx_word' id='word_1_288' title='bbox 645 2745 776 2789; x_wconf 92' lang='lat' dir='ltr'><strong>esse</strong></span> <span class='ocrx_word' id='word_1_289' title='bbox 832 2726 1096 2807; x_wconf 87' lang='lat' dir='ltr'><strong>patimur</strong></span> <span class='ocrx_word' id='word_1_290' title='bbox 1123 2723 1182 2784; x_wconf 93' lang='lat' dir='ltr'><strong>in</strong></span> <span class='ocrx_word' id='word_1_291' title='bbox 1242 2720 1521 2785; x_wconf 90' lang='lat' dir='ltr'><strong>domibus</strong></span> <span class='ocrx_word' id='word_1_292' title='bbox 1577 2718 1956 2796; x_wconf 89' lang='lat' dir='ltr'><strong>clericorum,</strong></span> 
     </span>
    </p>
   </div>
   <div class='ocr_carea' id='block_1_40' title="bbox 314 2807 1960 2897">
    <p class='ocr_par' dir='ltr' id='par_1_40' title="bbox 314 2807 1960 2897">
     <span class='ocr_line' id='line_1_40' title="bbox 314 2807 1960 2897; baseline -0.007 -18"><span class='ocrx_word' id='word_1_293' title='bbox 314 2818 430 2879; x_wconf 91' lang='lat' dir='ltr'><strong>nisi</strong></span> <span class='ocrx_word' id='word_1_294' title='bbox 447 2835 547 2880; x_wconf 89' lang='lat' dir='ltr'><strong>eas</strong></span> <span class='ocrx_word' id='word_1_295' title='bbox 569 2825 794 2878; x_wconf 88' lang='lat' dir='ltr'><strong>tantum</strong></span> <span class='ocrx_word' id='word_1_296' title='bbox 817 2833 963 2897; x_wconf 92' lang='lat' dir='ltr'><strong>quas</strong></span> <span class='ocrx_word' id='word_1_297' title='bbox 992 2821 1232 2896; x_wconf 88' lang='lat' dir='ltr'><strong>propter</strong></span> <span class='ocrx_word' id='word_1_298' title='bbox 1262 2813 1417 2875; x_wconf 91' lang='lat' dir='ltr'><strong>solas</strong></span> <span class='ocrx_word' id='word_1_299' title='bbox 1448 2807 1960 2874; x_wconf 88' lang='lat' dir='ltr'><strong>necessitudinum</strong></span> 
     </span>
    </p>
   </div>
   <div class='ocr_carea' id='block_1_41' title="bbox 312 2899 1959 2983">
    <p class='ocr_par' dir='ltr' id='par_1_41' title="bbox 312 2899 1959 2983">
     <span class='ocr_line' id='line_1_41' title="bbox 312 2899 1959 2983; baseline -0.007 -13"><span class='ocrx_word' id='word_1_300' title='bbox 312 2924 522 2971; x_wconf 87' lang='lat' dir='ltr'><strong>causas</strong></span> <span class='ocrx_word' id='word_1_301' title='bbox 550 2905 817 2968; x_wconf 89' lang='lat' dir='ltr'><strong>habitare</strong></span> <span class='ocrx_word' id='word_1_302' title='bbox 846 2923 979 2966; x_wconf 92' lang='lat' dir='ltr'><strong>cum</strong></span> <span class='ocrx_word' id='word_1_303' title='bbox 1007 2903 1221 2966; x_wconf 91' lang='lat' dir='ltr'><strong>iisdem</strong></span> <span class='ocrx_word' id='word_1_304' title='bbox 1254 2901 1512 2983; x_wconf 79' lang='lat' dir='ltr'><strong>synodus</strong></span> <span class='ocrx_word' id='word_1_305' title='bbox 1549 2899 1788 2963; x_wconf 69' lang='lat' dir='ltr'><strong>Niczena</strong></span> <span class='ocrx_word' id='word_1_306' title='bbox 1818 2916 1959 2980; x_wconf 89' lang='lat' dir='ltr'><strong>per-</strong></span> 
     </span>
    </p>
   </div>
   <div class='ocr_carea' id='block_1_42' title="bbox 312 2997 495 3062">
    <p class='ocr_par' dir='ltr' id='par_1_42' title="bbox 312 2997 495 3062">
     <span class='ocr_line' id='line_1_42' title="bbox 312 2997 495 3062; baseline 0.011 -2"><span class='ocrx_word' id='word_1_307' title='bbox 312 2997 495 3062; x_wconf 89' lang='lat' dir='ltr'><strong>misit.</strong></span> 
     </span>
    </p>
   </div>
   <div class='ocr_carea' id='block_1_43' title="bbox 2052 1521 3704 1605">
    <p class='ocr_par' dir='ltr' id='par_1_43' title="bbox 2052 1521 3704 1605">
     <span class='ocr_line' id='line_1_43' title="bbox 2052 1521 3704 1605; baseline 0.005 -24"><span class='ocrx_word' id='word_1_308' title='bbox 2052 1538 2162 1599; x_wconf 91' lang='lat' dir='ltr'><strong>pus</strong></span> <span class='ocrx_word' id='word_1_309' title='bbox 2191 1521 2583 1601; x_wconf 92' lang='lat' dir='ltr'><strong>deponendus</strong></span> <span class='ocrx_word' id='word_1_310' title='bbox 2642 1542 2807 1585; x_wconf 89' lang='lat' dir='ltr'><strong>suam</strong></span> <span class='ocrx_word' id='word_1_311' title='bbox 2871 1536 3172 1605; x_wconf 91' lang='lat' dir='ltr'><strong>repetens,</strong></span> <span class='ocrx_word' id='word_1_312' title='bbox 3234 1534 3332 1587; x_wconf 92' lang='lat' dir='ltr'><strong>aut</strong></span> <span class='ocrx_word' id='word_1_313' title='bbox 3364 1534 3704 1590; x_wconf 83' lang='lat' dir='ltr'><strong>extraneam</strong></span> 
     </span>
    </p>
   </div>
   <div class='ocr_carea' id='block_1_44' title="bbox 2051 1609 3700 1692">
    <p class='ocr_par' dir='ltr' id='par_1_44' title="bbox 2051 1609 3700 1692">
     <span class='ocr_line' id='line_1_44' title="bbox 2051 1609 3700 1692; baseline 0.007 -23"><span class='ocrx_word' id='word_1_314' title='bbox 2051 1609 2301 1684; x_wconf 92' lang='lat' dir='ltr'><strong>ducens,</strong></span> <span class='ocrx_word' id='word_1_315' title='bbox 2329 1611 2499 1690; x_wconf 84' lang='lat' dir='ltr'><strong>juxta</strong></span> <span class='ocrx_word' id='word_1_316' title='bbox 2532 1613 2686 1692; x_wconf 91' lang='lat' dir='ltr'><strong>quod</strong></span> <span class='ocrx_word' id='word_1_317' title='bbox 2727 1613 2786 1673; x_wconf 92' lang='lat' dir='ltr'><strong>in</strong></span> <span class='ocrx_word' id='word_1_318' title='bbox 2816 1612 3287 1676; x_wconf 73' lang='lat' dir='ltr'><strong>Neocaesariensi</strong></span> <span class='ocrx_word' id='word_1_319' title='bbox 3316 1616 3571 1679; x_wconf 91' lang='lat' dir='ltr'><strong>concilio</strong></span> <span class='ocrx_word' id='word_1_320' title='bbox 3601 1636 3700 1680; x_wconf 90' lang='lat' dir='ltr'><strong>or-</strong></span> 
     </span>
    </p>
   </div>
   <div class='ocr_carea' id='block_1_45' title="bbox 1314 1697 2838 1767">
    <p class='ocr_par' dir='ltr' id='par_1_45' title="bbox 1314 1697 2838 1767">
     <span class='ocr_line' id='line_1_45' title="bbox 1314 1697 2838 1767; baseline 0.001 -5"><span class='ocrx_word' id='word_1_321' title='bbox 1314 1731 1340 1762; x_wconf 78' lang='grc' dir='ltr'><strong>α</strong></span> <span class='ocrx_word' id='word_1_322' title='bbox 1401 1703 1591 1767; x_wconf 92' lang='lat' dir='ltr'><strong>Unius</strong></span> <span class='ocrx_word' id='word_1_323' title='bbox 1646 1701 1847 1763; x_wconf 90' lang='lat' dir='ltr'><strong>uxoris</strong></span> <span class='ocrx_word' id='word_1_324' title='bbox 1877 1698 1965 1760; x_wconf 91' lang='lat' dir='ltr'><strong>vi-</strong></span> <span class='ocrx_word' id='word_1_325' title='bbox 1995 1755 2026 1767; x_wconf 60' lang='grc' dir='ltr'>η</span> <span class='ocrx_word' id='word_1_326' title='bbox 2052 1697 2295 1761; x_wconf 83' lang='lat' dir='ltr'><strong>thodoxi</strong></span> <span class='ocrx_word' id='word_1_327' title='bbox 2326 1718 2579 1762; x_wconf 88' lang='lat' dir='ltr'><strong>sanxere</strong></span> <span class='ocrx_word' id='word_1_328' title='bbox 2614 1703 2838 1765; x_wconf 86' lang='lat' dir='ltr'><strong>Patres.</strong></span> 
     </span>
    </p>
   </div>
   <div class='ocr_carea' id='block_1_46' title="bbox 2132 1787 3704 1876">
    <p class='ocr_par' dir='ltr' id='par_1_46' title="bbox 2132 1787 3704 1876">
     <span class='ocr_line' id='line_1_46' title="bbox 2132 1787 3704 1876; baseline 0.006 -27"><span class='ocrx_word' id='word_1_329' title='bbox 2132 1787 2385 1853; x_wconf 83' lang='lat' dir='ltr'><strong>XXXIII.</strong></span> <span class='ocrx_word' id='word_1_330' title='bbox 2420 1789 2663 1852; x_wconf 90' lang='lat' dir='ltr'><strong>Talibus</strong></span> <span class='ocrx_word' id='word_1_331' title='bbox 2696 1810 2836 1869; x_wconf 86' lang='lat' dir='ltr'><strong>ergo</strong></span> <span class='ocrx_word' id='word_1_332' title='bbox 2871 1793 3287 1855; x_wconf 87' lang='lat' dir='ltr'><strong>traditionibus</strong></span> <span class='ocrx_word' id='word_1_333' title='bbox 3318 1814 3505 1876; x_wconf 89' lang='lat' dir='ltr'><strong>usque</strong></span> <span class='ocrx_word' id='word_1_334' title='bbox 3546 1816 3704 1859; x_wconf 90' lang='lat' dir='ltr'><strong>nunc</strong></span> 
     </span>
    </p>
   </div>
   <div class='ocr_carea' id='block_1_47' title="bbox 2047 1878 3706 1964">
    <p class='ocr_par' dir='ltr' id='par_1_47' title="bbox 2047 1878 3706 1964">
     <span class='ocr_line' id='line_1_47' title="bbox 2047 1878 3706 1964; baseline 0.005 -25"><span class='ocrx_word' id='word_1_335' title='bbox 2047 1887 2249 1940; x_wconf 88' lang='lat' dir='ltr'><strong>sancta</strong></span> <span class='ocrx_word' id='word_1_336' title='bbox 2279 1878 2546 1942; x_wconf 83' lang='lat' dir='ltr'><strong>Romana</strong></span> <span class='ocrx_word' id='word_1_337' title='bbox 2573 1882 2842 1943; x_wconf 87' lang='lat' dir='ltr'><strong>Ecclesia</strong></span> <span class='ocrx_word' id='word_1_338' title='bbox 2873 1892 2932 1945; x_wconf 86' lang='lat' dir='ltr'><strong>et</strong></span> <span class='ocrx_word' id='word_1_339' title='bbox 2985 1884 3307 1964; x_wconf 89' lang='lat' dir='ltr'><strong>apostolica</strong></span> <span class='ocrx_word' id='word_1_340' title='bbox 3336 1886 3513 1947; x_wconf 88' lang='lat' dir='ltr'><strong>sedes</strong></span> <span class='ocrx_word' id='word_1_341' title='bbox 3542 1889 3706 1949; x_wconf 90' lang='lat' dir='ltr'><strong>omni</strong></span> 
     </span>
    </p>
   </div>
   <div class='ocr_carea' id='block_1_48' title="bbox 2048 1969 3707 2054">
    <p class='ocr_par' dir='ltr' id='par_1_48' title="bbox 2048 1969 3707 2054">
     <span class='ocr_line' id='line_1_48' title="bbox 2048 1969 3707 2054; baseline 0.007 -26"><span class='ocrx_word' id='word_1_342' title='bbox 2048 1969 2269 2030; x_wconf 89' lang='lat' dir='ltr'><strong>mundo</strong></span> <span class='ocrx_word' id='word_1_343' title='bbox 2300 1970 2554 2050; x_wconf 87' lang='lat' dir='ltr'><strong>refulsit,</strong></span> <span class='ocrx_word' id='word_1_344' title='bbox 2591 1990 2702 2033; x_wconf 89' lang='lat' dir='ltr'><strong>nec</strong></span> <span class='ocrx_word' id='word_1_345' title='bbox 2732 1971 3056 2054; x_wconf 89' lang='lat' dir='ltr'><strong>aliquando</strong></span> <span class='ocrx_word' id='word_1_346' title='bbox 3089 1973 3353 2035; x_wconf 89' lang='lat' dir='ltr'><strong>Judaicis</strong></span> <span class='ocrx_word' id='word_1_347' title='bbox 3400 1974 3617 2038; x_wconf 90' lang='lat' dir='ltr'><strong>fabulis</strong></span> <span class='ocrx_word' id='word_1_348' title='bbox 3646 1986 3707 2040; x_wconf 90' lang='lat' dir='ltr'><strong>et</strong></span> 
     </span>
    </p>
   </div>
   <div class='ocr_carea' id='block_1_49' title="bbox 2046 2059 3704 2148">
    <p class='ocr_par' dir='ltr' id='par_1_49' title="bbox 2046 2059 3704 2148">
     <span class='ocr_line' id='line_1_49' title="bbox 2046 2059 3704 2148; baseline 0.008 -32"><span class='ocrx_word' id='word_1_349' title='bbox 2046 2059 2400 2148; x_wconf 82' lang='lat' dir='ltr'><strong>apocryphis</strong></span> <span class='ocrx_word' id='word_1_350' title='bbox 2424 2060 2737 2139; x_wconf 90' lang='lat' dir='ltr'><strong>scripturis</strong></span> <span class='ocrx_word' id='word_1_351' title='bbox 2750 2062 3071 2140; x_wconf 88' lang='lat' dir='ltr'><strong>acquievit,</strong></span> <span class='ocrx_word' id='word_1_352' title='bbox 3086 2065 3190 2126; x_wconf 92' lang='lat' dir='ltr'><strong>sed</strong></span> <span class='ocrx_word' id='word_1_353' title='bbox 3205 2082 3311 2144; x_wconf 92' lang='lat' dir='ltr'><strong>per</strong></span> <span class='ocrx_word' id='word_1_354' title='bbox 3324 2064 3549 2143; x_wconf 92' lang='lat' dir='ltr'><strong>primos</strong></span> <span class='ocrx_word' id='word_1_355' title='bbox 3567 2084 3704 2148; x_wconf 86' lang='lat' dir='ltr'><strong>apo-</strong></span> 
     </span>
    </p>
   </div>
   <div class='ocr_carea' id='block_1_50' title="bbox 2045 2147 3707 2233">
    <p class='ocr_par' dir='ltr' id='par_1_50' title="bbox 2045 2147 3707 2233">
     <span class='ocr_line' id='line_1_50' title="bbox 2045 2147 3707 2233; baseline 0.009 -27"><span class='ocrx_word' id='word_1_356' title='bbox 2045 2147 2333 2208; x_wconf 88' lang='lat' dir='ltr'><strong>stolorum</strong></span> <span class='ocrx_word' id='word_1_357' title='bbox 2352 2148 2413 2209; x_wconf 92' lang='lat' dir='ltr'><strong>in</strong></span> <span class='ocrx_word' id='word_1_358' title='bbox 2435 2150 2561 2229; x_wconf 91' lang='lat' dir='ltr'><strong>ipso</strong></span> <span class='ocrx_word' id='word_1_359' title='bbox 2586 2168 2817 2211; x_wconf 91' lang='lat' dir='ltr'><strong>summo</strong></span> <span class='ocrx_word' id='word_1_360' title='bbox 2842 2152 3112 2231; x_wconf 91' lang='lat' dir='ltr'><strong>angulari</strong></span> <span class='ocrx_word' id='word_1_361' title='bbox 3136 2153 3332 2233; x_wconf 90' lang='lat' dir='ltr'><strong>lapide</strong></span> <span class='ocrx_word' id='word_1_362' title='bbox 3355 2154 3591 2219; x_wconf 89' lang='lat' dir='ltr'><strong>Christo</strong></span> <span class='ocrx_word' id='word_1_363' title='bbox 3609 2147 3707 2220; x_wconf 78' lang='lat' dir='ltr'><strong>Je-</strong></span> 
     </span>
    </p>
   </div>
   <div class='ocr_carea' id='block_1_51' title="bbox 2046 2235 3707 2323">
    <p class='ocr_par' dir='ltr' id='par_1_51' title="bbox 2046 2235 3707 2323">
     <span class='ocr_line' id='line_1_51' title="bbox 2046 2235 3707 2323; baseline 0.007 -27"><span class='ocrx_word' id='word_1_364' title='bbox 2046 2253 2114 2296; x_wconf 93' lang='lat' dir='ltr'><strong>su</strong></span> <span class='ocrx_word' id='word_1_365' title='bbox 2132 2235 2395 2313; x_wconf 85' lang='lat' dir='ltr'><strong>fundata,</strong></span> <span class='ocrx_word' id='word_1_366' title='bbox 2416 2238 2594 2299; x_wconf 91' lang='lat' dir='ltr'><strong>nullis</strong></span> <span class='ocrx_word' id='word_1_367' title='bbox 2618 2239 2946 2302; x_wconf 78' lang='lat' dir='ltr'><strong>haeresibus</strong></span> <span class='ocrx_word' id='word_1_368' title='bbox 2970 2242 3170 2318; x_wconf 91' lang='lat' dir='ltr'><strong>cessit,</strong></span> <span class='ocrx_word' id='word_1_369' title='bbox 3198 2261 3310 2304; x_wconf 89' lang='lat' dir='ltr'><strong>nec</strong></span> <span class='ocrx_word' id='word_1_370' title='bbox 3338 2244 3644 2323; x_wconf 88' lang='lat' dir='ltr'><strong>prohibuit</strong></span> <span class='ocrx_word' id='word_1_371' title='bbox 3673 2266 3707 2309; x_wconf 88' lang='lat' dir='ltr'><strong>a</strong></span> 
     </span>
    </p>
   </div>
   <div class='ocr_carea' id='block_1_52' title="bbox 2046 2329 3703 2417">
    <p class='ocr_par' dir='ltr' id='par_1_52' title="bbox 2046 2329 3703 2417">
     <span class='ocr_line' id='line_1_52' title="bbox 2046 2329 3703 2417; baseline 0.007 -29"><span class='ocrx_word' id='word_1_372' title='bbox 2046 2329 2319 2407; x_wconf 86' lang='lat' dir='ltr'><strong>conjugio</strong></span> <span class='ocrx_word' id='word_1_373' title='bbox 2342 2329 2561 2393; x_wconf 90' lang='lat' dir='ltr'><strong>laicos:</strong></span> <span class='ocrx_word' id='word_1_374' title='bbox 2596 2331 2702 2393; x_wconf 92' lang='lat' dir='ltr'><strong>sed</strong></span> <span class='ocrx_word' id='word_1_375' title='bbox 2729 2332 2881 2395; x_wconf 90' lang='lat' dir='ltr'><strong>sacri</strong></span> <span class='ocrx_word' id='word_1_376' title='bbox 2905 2334 3109 2395; x_wconf 88' lang='lat' dir='ltr'><strong>altaris</strong></span> <span class='ocrx_word' id='word_1_377' title='bbox 3137 2335 3440 2397; x_wconf 90' lang='lat' dir='ltr'><strong>ministros</strong></span> <span class='ocrx_word' id='word_1_378' title='bbox 3464 2346 3523 2398; x_wconf 91' lang='lat' dir='ltr'><strong>et</strong></span> <span class='ocrx_word' id='word_1_379' title='bbox 3551 2354 3703 2417; x_wconf 90' lang='lat' dir='ltr'><strong>apo—</strong></span> 
     </span>
    </p>
   </div>
   <div class='ocr_carea' id='block_1_53' title="bbox 2045 2418 3486 2502">
    <p class='ocr_par' dir='ltr' id='par_1_53' title="bbox 2045 2418 3486 2502">
     <span class='ocr_line' id='line_1_53' title="bbox 2045 2418 3486 2502; baseline 0.007 -24"><span class='ocrx_word' id='word_1_380' title='bbox 2045 2418 2315 2481; x_wconf 91' lang='lat' dir='ltr'><strong>stolicam</strong></span> <span class='ocrx_word' id='word_1_381' title='bbox 2346 2420 2771 2500; x_wconf 88' lang='lat' dir='ltr'><strong>perfectionem</strong></span> <span class='ocrx_word' id='word_1_382' title='bbox 2807 2424 3106 2502; x_wconf 86' lang='lat' dir='ltr'><strong>professos</strong></span> <span class='ocrx_word' id='word_1_383' title='bbox 3139 2427 3486 2488; x_wconf 93' lang='lat' dir='ltr'><strong>monachos.</strong></span> 
     </span>
    </p>
   </div>
   <div class='ocr_carea' id='block_1_54' title="bbox 2128 2506 3706 2594">
    <p class='ocr_par' dir='ltr' id='par_1_54' title="bbox 2128 2506 3706 2594">
     <span class='ocr_line' id='line_1_54' title="bbox 2128 2506 3706 2594; baseline 0.006 -26"><span class='ocrx_word' id='word_1_384' title='bbox 2128 2506 2383 2571; x_wconf 85' lang='lat' dir='ltr'><strong>XXXIV.</strong></span> <span class='ocrx_word' id='word_1_385' title='bbox 2417 2508 2523 2570; x_wconf 89' lang='lat' dir='ltr'><strong>Illa</strong></span> <span class='ocrx_word' id='word_1_386' title='bbox 2553 2517 2746 2571; x_wconf 90' lang='lat' dir='ltr'><strong>tamen</strong></span> <span class='ocrx_word' id='word_1_387' title='bbox 2797 2512 3091 2587; x_wconf 86' lang='lat' dir='ltr'><strong>Ecclesia,</strong></span> <span class='ocrx_word' id='word_1_388' title='bbox 3151 2532 3327 2594; x_wconf 90' lang='lat' dir='ltr'><strong>quam</strong></span> <span class='ocrx_word' id='word_1_389' title='bbox 3358 2513 3536 2576; x_wconf 88' lang='lat' dir='ltr'><strong>Arius</strong></span> <span class='ocrx_word' id='word_1_390' title='bbox 3564 2535 3706 2578; x_wconf 86' lang='lat' dir='ltr'><strong>cor-</strong></span> 
     </span>
    </p>
   </div>
   <div class='ocr_carea' id='block_1_55' title="bbox 2042 2597 3700 2686">
    <p class='ocr_par' dir='ltr' id='par_1_55' title="bbox 2042 2597 3700 2686">
     <span class='ocr_line' id='line_1_55' title="bbox 2042 2597 3700 2686; baseline 0.007 -29"><span class='ocrx_word' id='word_1_391' title='bbox 2042 2597 2225 2677; x_wconf 89' lang='lat' dir='ltr'><strong>rupit,</strong></span> <span class='ocrx_word' id='word_1_392' title='bbox 2262 2599 2647 2661; x_wconf 85' lang='lat' dir='ltr'><strong>Macedonius</strong></span> <span class='ocrx_word' id='word_1_393' title='bbox 2679 2600 3003 2680; x_wconf 89' lang='lat' dir='ltr'><strong>prostituit,</strong></span> <span class='ocrx_word' id='word_1_394' title='bbox 3040 2621 3171 2683; x_wconf 67' lang='lat' dir='ltr'><strong>quae</strong></span> <span class='ocrx_word' id='word_1_395' title='bbox 3200 2603 3503 2683; x_wconf 90' lang='lat' dir='ltr'><strong>genimina</strong></span> <span class='ocrx_word' id='word_1_396' title='bbox 3530 2605 3700 2686; x_wconf 90' lang='lat' dir='ltr'><strong>vipe-</strong></span> 
     </span>
    </p>
   </div>
   <div class='ocr_carea' id='block_1_56' title="bbox 2043 2686 3701 2771">
    <p class='ocr_par' dir='ltr' id='par_1_56' title="bbox 2043 2686 3701 2771">
     <span class='ocr_line' id='line_1_56' title="bbox 2043 2686 3701 2771; baseline 0.007 -25"><span class='ocrx_word' id='word_1_397' title='bbox 2043 2704 2265 2767; x_wconf 90' lang='lat' dir='ltr'><strong>rarum,</strong></span> <span class='ocrx_word' id='word_1_398' title='bbox 2300 2687 2360 2747; x_wconf 92' lang='lat' dir='ltr'><strong>id</strong></span> <span class='ocrx_word' id='word_1_399' title='bbox 2394 2695 2506 2761; x_wconf 88' lang='lat' dir='ltr'><strong>est,</strong></span> <span class='ocrx_word' id='word_1_400' title='bbox 2533 2686 2871 2751; x_wconf 89' lang='lat' dir='ltr'><strong>Nestorium</strong></span> <span class='ocrx_word' id='word_1_401' title='bbox 2928 2690 3253 2771; x_wconf 82' lang='lat' dir='ltr'><strong>Eutychen,</strong></span> <span class='ocrx_word' id='word_1_402' title='bbox 3288 2692 3701 2757; x_wconf 84' lang='lat' dir='ltr'><strong>Monothelitas</strong></span> 
     </span>
    </p>
   </div>
   <div class='ocr_carea' id='block_1_57' title="bbox 2045 2777 3702 2865">
    <p class='ocr_par' dir='ltr' id='par_1_57' title="bbox 2045 2777 3702 2865">
     <span class='ocr_line' id='line_1_57' title="bbox 2045 2777 3702 2865; baseline 0.006 -28"><span class='ocrx_word' id='word_1_403' title='bbox 2045 2784 2102 2837; x_wconf 93' lang='lat' dir='ltr'><strong>et</strong></span> <span class='ocrx_word' id='word_1_404' title='bbox 2132 2777 2601 2858; x_wconf 88' lang='lat' dir='ltr'><strong>Theupaschitas</strong></span> <span class='ocrx_word' id='word_1_405' title='bbox 2632 2786 2689 2839; x_wconf 93' lang='lat' dir='ltr'><strong>et</strong></span> <span class='ocrx_word' id='word_1_406' title='bbox 2735 2780 2994 2860; x_wconf 89' lang='lat' dir='ltr'><strong>reliquas</strong></span> <span class='ocrx_word' id='word_1_407' title='bbox 3048 2781 3461 2845; x_wconf 81' lang='lat' dir='ltr'><strong>haereticorum</strong></span> <span class='ocrx_word' id='word_1_408' title='bbox 3503 2792 3702 2865; x_wconf 89' lang='lat' dir='ltr'><strong>pestes</strong></span> 
     </span>
    </p>
   </div>
   <div class='ocr_carea' id='block_1_58' title="bbox 2046 2866 3700 2953">
    <p class='ocr_par' dir='ltr' id='par_1_58' title="bbox 2046 2866 3700 2953">
     <span class='ocr_line' id='line_1_58' title="bbox 2046 2866 3700 2953; baseline 0.004 -25"><span class='ocrx_word' id='word_1_409' title='bbox 2046 2866 2299 2947; x_wconf 86' lang='lat' dir='ltr'><strong>peperit,</strong></span> <span class='ocrx_word' id='word_1_410' title='bbox 2335 2866 2528 2928; x_wconf 87' lang='lat' dir='ltr'><strong>adhuc</strong></span> <span class='ocrx_word' id='word_1_411' title='bbox 2548 2886 2582 2928; x_wconf 88' lang='lat' dir='ltr'><strong>a</strong></span> <span class='ocrx_word' id='word_1_412' title='bbox 2602 2866 2829 2930; x_wconf 90' lang='lat' dir='ltr'><strong>Nicolai</strong></span> <span class='ocrx_word' id='word_1_413' title='bbox 2857 2870 3271 2933; x_wconf 71' lang='lat' dir='ltr'><strong>haeresiarchae</strong></span> <span class='ocrx_word' id='word_1_414' title='bbox 3288 2871 3700 2953; x_wconf 83' lang='lat' dir='ltr'><strong>complexibus</strong></span> 
     </span>
    </p>
   </div>
   <div class='ocr_carea' id='block_1_59' title="bbox 2044 2956 3694 3038">
    <p class='ocr_par' dir='ltr' id='par_1_59' title="bbox 2044 2956 3694 3038">
     <span class='ocr_line' id='line_1_59' title="bbox 2044 2956 3694 3038; baseline 0.005 -22"><span class='ocrx_word' id='word_1_415' title='bbox 2044 2956 2308 3019; x_wconf 83' lang='lat' dir='ltr'><strong>abstrahi</strong></span> <span class='ocrx_word' id='word_1_416' title='bbox 2335 2976 2455 3018; x_wconf 90' lang='lat' dir='ltr'><strong>non</strong></span> <span class='ocrx_word' id='word_1_417' title='bbox 2486 2958 2699 3038; x_wconf 88' lang='lat' dir='ltr'><strong>potuit,</strong></span> <span class='ocrx_word' id='word_1_418' title='bbox 2734 2959 2881 3020; x_wconf 92' lang='lat' dir='ltr'><strong>adeo</strong></span> <span class='ocrx_word' id='word_1_419' title='bbox 2913 2968 2977 3021; x_wconf 92' lang='lat' dir='ltr'><strong>ut</strong></span> <span class='ocrx_word' id='word_1_420' title='bbox 3005 2960 3076 3021; x_wconf 92' lang='lat' dir='ltr'><strong>ad</strong></span> <span class='ocrx_word' id='word_1_421' title='bbox 3107 2961 3261 3024; x_wconf 90' lang='lat' dir='ltr'><strong>sacri</strong></span> <span class='ocrx_word' id='word_1_422' title='bbox 3279 2962 3480 3024; x_wconf 89' lang='lat' dir='ltr'><strong>altaris</strong></span> <span class='ocrx_word' id='word_1_423' title='bbox 3513 2963 3694 3025; x_wconf 92' lang='lat' dir='ltr'><strong>mini-</strong></span> 
     </span>
    </p>
   </div>
   <div class='ocr_carea' id='block_1_60' title="bbox 2043 3046 3694 3127">
    <p class='ocr_par' dir='ltr' id='par_1_60' title="bbox 2043 3046 3694 3127">
     <span class='ocr_line' id='line_1_60' title="bbox 2043 3046 3694 3127; baseline 0.007 -22"><span class='ocrx_word' id='word_1_424' title='bbox 2043 3046 2291 3107; x_wconf 88' lang='lat' dir='ltr'><strong>sterium</strong></span> <span class='ocrx_word' id='word_1_425' title='bbox 2325 3046 2687 3109; x_wconf 82' lang='lat' dir='ltr'><strong>ordinandas</strong></span> <span class='ocrx_word' id='word_1_426' title='bbox 2718 3047 3051 3127; x_wconf 83' lang='lat' dir='ltr'><strong>interroget</strong></span> <span class='ocrx_word' id='word_1_427' title='bbox 3080 3068 3153 3111; x_wconf 90' lang='lat' dir='ltr'><strong>an</strong></span> <span class='ocrx_word' id='word_1_428' title='bbox 3177 3049 3435 3112; x_wconf 91' lang='lat' dir='ltr'><strong>habeant</strong></span> <span class='ocrx_word' id='word_1_429' title='bbox 3456 3071 3694 3116; x_wconf 85' lang='lat' dir='ltr'><strong>uxores.</strong></span> 
     </span>
    </p>
   </div>
   <div class='ocr_carea' id='block_1_61' title="bbox 392 3134 3700 3233">
    <p class='ocr_par' dir='ltr' id='par_1_61' title="bbox 392 3134 3700 3233">
     <span class='ocr_line' id='line_1_61' title="bbox 392 3134 3700 3233; baseline -0.006 -14"><span class='ocrx_word' id='word_1_430' title='bbox 392 3155 590 3219; x_wconf 87' lang='lat' dir='ltr'><strong>XXXI.</strong></span> <span class='ocrx_word' id='word_1_431' title='bbox 616 3154 866 3219; x_wconf 87' lang='lat' dir='ltr'><strong>Sanctus</strong></span> <span class='ocrx_word' id='word_1_432' title='bbox 892 3153 1110 3217; x_wconf 90' lang='lat' dir='ltr'><strong>deinde</strong></span> <span class='ocrx_word' id='word_1_433' title='bbox 1143 3152 1258 3215; x_wconf 91' lang='lat' dir='ltr'><strong>Leo</strong></span> <span class='ocrx_word' id='word_1_434' title='bbox 1282 3169 1431 3233; x_wconf 89' lang='lat' dir='ltr'><strong>papa</strong></span> <span class='ocrx_word' id='word_1_435' title='bbox 1452 3148 1741 3212; x_wconf 87' lang='lat' dir='ltr'><strong>mirabilis</strong></span> <span class='ocrx_word' id='word_1_436' title='bbox 1756 3149 1962 3210; x_wconf 94' lang='lat' dir='ltr'><strong>doctor</strong></span> <span class='ocrx_word' id='word_1_437' title='bbox 1981 3158 2019 3209; x_wconf 90' lang='lat' dir='ltr'>C</span> <span class='ocrx_word' id='word_1_438' title='bbox 2045 3134 2154 3207; x_wconf 78' lang='grc' dir='ltr'><strong>Ουὶ</strong></span> <span class='ocrx_word' id='word_1_439' title='bbox 2188 3136 2629 3233; x_wconf 52' lang='grc' dir='ltr'><strong>ι’ςεροηίίεηῑθξ</strong></span> <span class='ocrx_word' id='word_1_440' title='bbox 2654 3156 2717 3233; x_wconf 66' lang='lat' dir='ltr'><strong>se</strong></span> <span class='ocrx_word' id='word_1_441' title='bbox 2735 3157 2850 3199; x_wconf 87' lang='lat' dir='ltr'><strong>non</strong></span> <span class='ocrx_word' id='word_1_442' title='bbox 2866 3137 3086 3233; x_wconf 69' lang='lat' dir='ltr'><strong>habere</strong></span> <span class='ocrx_word' id='word_1_443' title='bbox 3102 3140 3551 3233; x_wconf 82' lang='lat' dir='ltr'><strong>compelluntur</strong></span> <span class='ocrx_word' id='word_1_444' title='bbox 3569 3144 3700 3221; x_wconf 86' lang='lat' dir='ltr'><strong>pri-</strong></span> 
     </span>
    </p>
   </div>
   <div class='ocr_carea' id='block_1_62' title="bbox 312 3225 3696 3330">
    <p class='ocr_par' dir='ltr' id='par_1_62' title="bbox 312 3225 3696 3330">
     <span class='ocr_line' id='line_1_62' title="bbox 312 3225 3696 3330; baseline -0.005 -20"><span class='ocrx_word' id='word_1_445' title='bbox 312 3257 373 3311; x_wconf 90' lang='lat' dir='ltr'><strong>et</strong></span> <span class='ocrx_word' id='word_1_446' title='bbox 388 3225 1831 3324; x_wconf 76' lang='lat' dir='ltr'><strong>sanctaeChalcedonensissynodiauctor,omnem</strong></span> <span class='ocrx_word' id='word_1_447' title='bbox 1846 3255 1965 3330; x_wconf 88' lang='lat' dir='ltr'><strong>am-</strong></span> <span class='ocrx_word' id='word_1_448' title='bbox 2045 3243 2205 3330; x_wconf 52' lang='lat' dir='ltr'><strong>“tum</strong></span> <span class='ocrx_word' id='word_1_449' title='bbox 2230 3225 2562 3330; x_wconf 24' lang='lat' dir='ltr'><strong>duceretet</strong></span> <span class='ocrx_word' id='word_1_450' title='bbox 2583 3226 2669 3330; x_wconf 75' lang='lat' dir='ltr'><strong>sic</strong></span> <span class='ocrx_word' id='word_1_451' title='bbox 2690 3226 3091 3330; x_wconf 76' lang='lat' dir='ltr'><strong>impositionis</strong></span> <span class='ocrx_word' id='word_1_452' title='bbox 3123 3248 3361 3330; x_wconf 74' lang='lat' dir='ltr'><strong>manum</strong></span> <span class='ocrx_word' id='word_1_453' title='bbox 3374 3230 3649 3330; x_wconf 77' lang='lat' dir='ltr'><strong>accipere</strong></span> <span class='ocrx_word' id='word_1_454' title='bbox 3680 3252 3696 3293; x_wconf 88' lang='lat'>:</span> 
     </span>
    </p>
   </div>
   <div class='ocr_carea' id='block_1_63' title="bbox 315 3318 3698 3421">
    <p class='ocr_par' dir='ltr' id='par_1_63' title="bbox 315 3318 3698 3421">
     <span class='ocr_line' id='line_1_63' title="bbox 315 3318 3698 3421; baseline -0.007 -21"><span class='ocrx_word' id='word_1_455' title='bbox 315 3337 659 3418; x_wconf 90' lang='lat' dir='ltr'><strong>biguitatem</strong></span> <span class='ocrx_word' id='word_1_456' title='bbox 692 3336 867 3415; x_wconf 85' lang='lat' dir='ltr'><strong>hujus</strong></span> <span class='ocrx_word' id='word_1_457' title='bbox 883 3334 974 3396; x_wconf 92' lang='lat' dir='ltr'><strong>rei</strong></span> <span class='ocrx_word' id='word_1_458' title='bbox 1001 3318 1360 3396; x_wconf 81' lang='lat' dir='ltr'><strong>abscindens</strong></span> <span class='ocrx_word' id='word_1_459' title='bbox 1391 3330 1471 3392; x_wconf 87' lang='lat' dir='ltr'><strong>ait</strong></span> <span class='ocrx_word' id='word_1_460' title='bbox 1499 3350 1511 3386; x_wconf 90' lang='lat'><strong>:</strong></span> <span class='ocrx_word' id='word_1_461' title='bbox 1555 3349 1583 3389; x_wconf 82' lang='grc'><strong>‹</strong></span> <span class='ocrx_word' id='word_1_462' title='bbox 1616 3332 1737 3392; x_wconf 79' lang='lat' dir='ltr'><strong>Lex</strong></span> <span class='ocrx_word' id='word_1_463' title='bbox 1765 3326 1959 3421; x_wconf 80' lang='lat' dir='ltr'><strong>conti-</strong></span> <span class='ocrx_word' id='word_1_464' title='bbox 2043 3318 2267 3421; x_wconf 48' lang='lat' dir='ltr'><strong>{It‘ng‘ti</strong></span> <span class='ocrx_word' id='word_1_465' title='bbox 2290 3318 2521 3421; x_wconf 43' lang='lat' dir='ltr'><strong>‘mal‘itir</strong></span> <span class='ocrx_word' id='word_1_466' title='bbox 2546 3322 2615 3421; x_wconf 58' lang='grc' dir='ltr'><strong>ἐξὶ</strong></span> <span class='ocrx_word' id='word_1_467' title='bbox 2644 3318 2873 3421; x_wconf 56' lang='lat' dir='ltr'><strong>recenti</strong></span> <span class='ocrx_word' id='word_1_468' title='bbox 2905 3318 3426 3421; x_wconf 34' lang='lat' dir='ltr'><strong>carnis-voluptate</strong></span> <span class='ocrx_word' id='word_1_469' title='bbox 3458 3319 3561 3419; x_wconf 74' lang='lat' dir='ltr'><strong>toti</strong></span> <span class='ocrx_word' id='word_1_470' title='bbox 3592 3338 3698 3421; x_wconf 40' lang='lat' dir='ltr'><strong>re.-</strong></span> 
     </span>
    </p>
   </div>
   <div class='ocr_carea' id='block_1_64' title="bbox 312 3400 1964 3509">
    <p class='ocr_par' dir='ltr' id='par_1_64' title="bbox 312 3400 1962 3509">
     <span class='ocr_line' id='line_1_64' title="bbox 312 3400 1962 3509; baseline -0.008 -20"><span class='ocrx_word' id='word_1_471' title='bbox 312 3400 537 3490; x_wconf 61' lang='lat' dir='ltr'><strong>nehtiae</strong></span> <span class='ocrx_word' id='word_1_472' title='bbox 558 3400 791 3487; x_wconf 52' lang='lat' dir='ltr'><strong>eadem&#39;</strong></span> <span class='ocrx_word' id='word_1_473' title='bbox 810 3432 900 3486; x_wconf 91' lang='lat' dir='ltr'><strong>est</strong></span> <span class='ocrx_word' id='word_1_474' title='bbox 925 3423 1128 3485; x_wconf 81' lang='lat' dir='ltr'><strong>altaris</strong></span> <span class='ocrx_word' id='word_1_475' title='bbox 1160 3420 1470 3496; x_wconf 90' lang='lat' dir='ltr'><strong>ministris,</strong></span> <span class='ocrx_word' id='word_1_476' title='bbox 1506 3436 1636 3509; x_wconf 77' lang='lat' dir='ltr'><strong>quae</strong></span> <span class='ocrx_word' id='word_1_477' title='bbox 1667 3416 1962 3509; x_wconf 86' lang='lat' dir='ltr'><strong>episcopis</strong></span> 
     </span>
    </p>
   </div>
   <div class='ocr_carea' id='block_1_65' title="bbox 2052 3400 3700 3509">
    <p class='ocr_par' dir='ltr' id='par_1_65' title="bbox 2052 3400 3700 3487">
     <span class='ocr_line' id='line_1_65' title="bbox 2052 3400 3700 3487; baseline 0.005 -26"><span class='ocrx_word' id='word_1_478' title='bbox 2052 3400 2218 3462; x_wconf 81' lang='lat' dir='ltr'><strong>soluti</strong></span> <span class='ocrx_word' id='word_1_479' title='bbox 2252 3409 2308 3462; x_wconf 91' lang='lat' dir='ltr'><strong>et</strong></span> <span class='ocrx_word' id='word_1_480' title='bbox 2338 3402 2609 3483; x_wconf 87' lang='lat' dir='ltr'><strong>marcidi,</strong></span> <span class='ocrx_word' id='word_1_481' title='bbox 2646 3411 2703 3465; x_wconf 88' lang='lat' dir='ltr'><strong>et</strong></span> <span class='ocrx_word' id='word_1_482' title='bbox 2749 3404 2908 3465; x_wconf 91' lang='lat' dir='ltr'><strong>inter</strong></span> <span class='ocrx_word' id='word_1_483' title='bbox 2954 3414 3160 3468; x_wconf 88' lang='lat' dir='ltr'><strong>sancta</strong></span> <span class='ocrx_word' id='word_1_484' title='bbox 3216 3408 3510 3470; x_wconf 87' lang='lat' dir='ltr'><strong>sacriﬁcia</strong></span> <span class='ocrx_word' id='word_1_485' title='bbox 3539 3410 3700 3487; x_wconf 87' lang='lat' dir='ltr'><strong>cogi-</strong></span> 
     </span>
    </p>
   </div>
   <div class='ocr_carea' id='block_1_66' title="bbox 312 3492 3697 3599">
    <p class='ocr_par' dir='ltr' id='par_1_66' title="bbox 312 3492 3697 3599">
     <span class='ocr_line' id='line_1_66' title="bbox 312 3492 3697 3599; baseline -0.003 -19"><span class='ocrx_word' id='word_1_486' title='bbox 312 3526 490 3599; x_wconf 89' lang='lat' dir='ltr'><strong>atque</strong></span> <span class='ocrx_word' id='word_1_487' title='bbox 514 3513 899 3597; x_wconf 83' lang='lat' dir='ltr'><strong>presbyteris.</strong></span> <span class='ocrx_word' id='word_1_488' title='bbox 921 3511 1033 3586; x_wconf 88' lang='lat' dir='ltr'><strong>Qui</strong></span> <span class='ocrx_word' id='word_1_489' title='bbox 1058 3531 1194 3574; x_wconf 92' lang='lat' dir='ltr'><strong>cum</strong></span> <span class='ocrx_word' id='word_1_490' title='bbox 1219 3516 1419 3574; x_wconf 91' lang='lat' dir='ltr'><strong>essent</strong></span> <span class='ocrx_word' id='word_1_491' title='bbox 1446 3492 1603 3582; x_wconf 73' lang='lat' dir='ltr'><strong>laici,</strong></span> <span class='ocrx_word' id='word_1_492' title='bbox 1638 3492 1761 3569; x_wconf 77' lang='lat' dir='ltr'><strong>sive</strong></span> <span class='ocrx_word' id='word_1_493' title='bbox 1785 3492 1961 3569; x_wconf 71' lang='lat' dir='ltr'><strong>lecto-</strong></span> <span class='ocrx_word' id='word_1_494' title='bbox 2042 3493 2558 3599; x_wconf 43' lang='lat' dir='ltr'><strong>La‘mf’s‘ﬂuomf’d‘f</strong></span> <span class='ocrx_word' id='word_1_495' title='bbox 2593 3492 2863 3599; x_wconf 52' lang='grc' dir='ltr'><strong>Ριὶξοθῆηί</strong></span> <span class='ocrx_word' id='word_1_496' title='bbox 2893 3495 3697 3599; x_wconf 34' lang='grc' dir='ltr'><strong>,υΧοΓίδυδηίηξΨξιοξξίδῐυφ</strong></span> 
     </span>
    </p>
   </div>
   <div class='ocr_carea' id='block_1_67' title="bbox 310 3578 3699 3682">
    <p class='ocr_par' dir='ltr' id='par_1_67' title="bbox 310 3578 3699 3682">
     <span class='ocr_line' id='line_1_67' title="bbox 310 3578 3699 3682; baseline -0.001 -13"><span class='ocrx_word' id='word_1_497' title='bbox 310 3578 718 3682; x_wconf 63' lang='grc' dir='ltr'><strong>Γέέ,1ὶῖ;ἱιθ-θῖ</strong></span> <span class='ocrx_word' id='word_1_498' title='bbox 746 3578 967 3665; x_wconf 66' lang='lat' dir='ltr'><strong>uxores</strong></span> <span class='ocrx_word' id='word_1_499' title='bbox 985 3602 1207 3664; x_wconf 92' lang='lat' dir='ltr'><strong>ducere</strong></span> <span class='ocrx_word' id='word_1_500' title='bbox 1235 3608 1293 3662; x_wconf 90' lang='lat' dir='ltr'><strong>et</strong></span> <span class='ocrx_word' id='word_1_501' title='bbox 1323 3600 1477 3661; x_wconf 89' lang='lat' dir='ltr'><strong>ﬁlios</strong></span> <span class='ocrx_word' id='word_1_502' title='bbox 1509 3578 1821 3679; x_wconf 88' lang='lat' dir='ltr'><strong>procreare</strong></span> <span class='ocrx_word' id='word_1_503' title='bbox 1852 3616 1959 3677; x_wconf 91' lang='lat' dir='ltr'><strong>po-</strong></span> <span class='ocrx_word' id='word_1_504' title='bbox 2046 3578 2259 3682; x_wconf 62' lang='grc' dir='ltr'><strong>βῙἹΪίδιί</strong></span> <span class='ocrx_word' id='word_1_505' title='bbox 2294 3590 2795 3682; x_wconf 46' lang='grc' dir='ltr'><strong>εοΓΡυξέτδβίθηί</strong></span> <span class='ocrx_word' id='word_1_506' title='bbox 2852 3591 3029 3664; x_wconf 53' lang='lat' dir='ltr'><strong>atque</strong></span> <span class='ocrx_word' id='word_1_507' title='bbox 3052 3586 3279 3682; x_wconf 73' lang='grc' dir='ltr'><strong>Ρορυίο</strong></span> <span class='ocrx_word' id='word_1_508' title='bbox 3310 3585 3699 3682; x_wconf 64' lang='grc' dir='ltr'><strong>ἀξδιΐίδυδηῑν</strong></span> 
     </span>
    </p>
   </div>
   <div class='ocr_carea' id='block_1_68' title="bbox 310 3670 3699 3777">
    <p class='ocr_par' dir='ltr' id='par_1_68' title="bbox 310 3670 3699 3777">
     <span class='ocr_line' id='line_1_68' title="bbox 310 3670 3699 3777; baseline -0.005 -19"><span class='ocrx_word' id='word_1_509' title='bbox 310 3670 575 3760; x_wconf 78' lang='lat' dir='ltr'><strong>tuerunt.</strong></span> <span class='ocrx_word' id='word_1_510' title='bbox 607 3692 728 3755; x_wconf 91' lang='lat' dir='ltr'><strong>Sed</strong></span> <span class='ocrx_word' id='word_1_511' title='bbox 760 3710 895 3755; x_wconf 92' lang='lat' dir='ltr'><strong>cum</strong></span> <span class='ocrx_word' id='word_1_512' title='bbox 928 3691 1001 3753; x_wconf 90' lang='lat' dir='ltr'><strong>ad</strong></span> <span class='ocrx_word' id='word_1_513' title='bbox 1033 3690 1348 3772; x_wconf 83' lang='lat' dir='ltr'><strong>praedictos</strong></span> <span class='ocrx_word' id='word_1_514' title='bbox 1370 3670 1698 3769; x_wconf 77' lang='lat' dir='ltr'><strong>pervenere</strong></span> <span class='ocrx_word' id='word_1_515' title='bbox 1721 3670 1959 3771; x_wconf 81' lang='lat' dir='ltr'><strong>gradus,</strong></span> <span class='ocrx_word' id='word_1_516' title='bbox 2046 3670 2727 3777; x_wconf 38' lang='lat' dir='ltr'><strong>indequﬁﬂnfniﬁcalas</strong></span> <span class='ocrx_word' id='word_1_517' title='bbox 2759 3674 3478 3777; x_wconf 31' lang='lat' dir='ltr'><strong>mgnus-adtritptandtlm</strong></span> <span class='ocrx_word' id='word_1_518' title='bbox 3510 3695 3699 3777; x_wconf 70' lang='lat' dir='ltr'><strong>mem-</strong></span> 
     </span>
    </p>
   </div>
   <div class='ocr_carea' id='block_1_69' title="bbox 306 3757 1964 3867">
    <p class='ocr_par' dir='ltr' id='par_1_69' title="bbox 306 3757 1964 3865">
     <span class='ocr_line' id='line_1_69' title="bbox 306 3757 1964 3865; baseline -0.006 -17"><span class='ocrx_word' id='word_1_519' title='bbox 306 3757 624 3865; x_wconf 57' lang='lat' dir='ltr'><strong>cmperunt</strong></span> <span class='ocrx_word' id='word_1_520' title='bbox 648 3781 734 3844; x_wconf 88' lang='lat' dir='ltr'><strong>eis</strong></span> <span class='ocrx_word' id='word_1_521' title='bbox 764 3800 882 3842; x_wconf 90' lang='lat' dir='ltr'><strong>non</strong></span> <span class='ocrx_word' id='word_1_522' title='bbox 906 3757 1094 3843; x_wconf 70' lang='lat' dir='ltr'><strong>licere</strong></span> <span class='ocrx_word' id='word_1_523' title='bbox 1118 3797 1249 3860; x_wconf 75' lang='lat' dir='ltr'><strong>quae</strong></span> <span class='ocrx_word' id='word_1_524' title='bbox 1272 3757 1592 3840; x_wconf 73' lang='lat' dir='ltr'><strong>licderunt.</strong></span> <span class='ocrx_word' id='word_1_525' title='bbox 1620 3776 1788 3839; x_wconf 90' lang='lat' dir='ltr'><strong>Unde</strong></span> <span class='ocrx_word' id='word_1_526' title='bbox 1812 3757 1964 3838; x_wconf 78' lang='lat' dir='ltr'><strong>utde</strong></span> 
     </span>
    </p>
   </div>
   <div class='ocr_carea' id='block_1_70' title="bbox 2052 3757 3698 3867">
    <p class='ocr_par' dir='ltr' id='par_1_70' title="bbox 2052 3757 3698 3846">
     <span class='ocr_line' id='line_1_70' title="bbox 2052 3757 3698 3846; baseline 0.007 -28"><span class='ocrx_word' id='word_1_527' title='bbox 2052 3757 2154 3819; x_wconf 90' lang='lat' dir='ltr'><strong>bra</strong></span> <span class='ocrx_word' id='word_1_528' title='bbox 2183 3759 2503 3822; x_wconf 89' lang='lat' dir='ltr'><strong>muliebria</strong></span> <span class='ocrx_word' id='word_1_529' title='bbox 2534 3780 2689 3833; x_wconf 81' lang='lat' dir='ltr'><strong>mox</strong></span> <span class='ocrx_word' id='word_1_530' title='bbox 2728 3762 3011 3839; x_wconf 84' lang='lat' dir='ltr'><strong>referant,</strong></span> <span class='ocrx_word' id='word_1_531' title='bbox 3047 3772 3105 3825; x_wconf 89' lang='lat' dir='ltr'><strong>et</strong></span> <span class='ocrx_word' id='word_1_532' title='bbox 3133 3765 3209 3825; x_wconf 88' lang='lat' dir='ltr'><strong>sit</strong></span> <span class='ocrx_word' id='word_1_533' title='bbox 3238 3764 3390 3828; x_wconf 85' lang='lat' dir='ltr'><strong>sicut</strong></span> <span class='ocrx_word' id='word_1_534' title='bbox 3441 3766 3698 3846; x_wconf 91' lang='lat' dir='ltr'><strong>populus</strong></span> 
     </span>
    </p>
   </div>
   <div class='ocr_carea' id='block_1_71' title="bbox 305 3850 1964 3953">
    <p class='ocr_par' dir='ltr' id='par_1_71' title="bbox 305 3850 1961 3953">
     <span class='ocr_line' id='line_1_71' title="bbox 305 3850 1961 3953; baseline -0.007 -15"><span class='ocrx_word' id='word_1_535' title='bbox 305 3850 536 3938; x_wconf 64' lang='lat' dir='ltr'><strong>carnali</strong></span> <span class='ocrx_word' id='word_1_536' title='bbox 564 3873 664 3934; x_wconf 87' lang='lat' dir='ltr'><strong>ﬁat</strong></span> <span class='ocrx_word' id='word_1_537' title='bbox 692 3868 1001 3953; x_wconf 90' lang='lat' dir='ltr'><strong>spirituale</strong></span> <span class='ocrx_word' id='word_1_538' title='bbox 1033 3850 1400 3948; x_wconf 64' lang='lat' dir='ltr'><strong>con]ugium,</strong></span> <span class='ocrx_word' id='word_1_539' title='bbox 1451 3874 1687 3949; x_wconf 87' lang='lat' dir='ltr'><strong>oportet</strong></span> <span class='ocrx_word' id='word_1_540' title='bbox 1716 3883 1817 3927; x_wconf 91' lang='lat' dir='ltr'><strong>eos</strong></span> <span class='ocrx_word' id='word_1_541' title='bbox 1849 3883 1961 3927; x_wconf 90' lang='lat' dir='ltr'><strong>nec</strong></span> 
     </span>
    </p>
   </div>
   <div class='ocr_carea' id='block_1_72' title="bbox 2052 3850 3697 3953">
    <p class='ocr_par' dir='ltr' id='par_1_72' title="bbox 2052 3850 3697 3934">
     <span class='ocr_line' id='line_1_72' title="bbox 2052 3850 3697 3934; baseline 0.007 -25"><span class='ocrx_word' id='word_1_542' title='bbox 2052 3850 2132 3909; x_wconf 86' lang='lat' dir='ltr'><strong>sic</strong></span> <span class='ocrx_word' id='word_1_543' title='bbox 2163 3858 2221 3910; x_wconf 92' lang='lat' dir='ltr'><strong>et</strong></span> <span class='ocrx_word' id='word_1_544' title='bbox 2249 3850 2645 3929; x_wconf 44' lang='lat' dir='ltr'><strong>sacerdosﬁet</strong></span> <span class='ocrx_word' id='word_1_545' title='bbox 2675 3851 2915 3913; x_wconf 89' lang='lat' dir='ltr'><strong>tandem</strong></span> <span class='ocrx_word' id='word_1_546' title='bbox 2948 3853 3149 3934; x_wconf 90' lang='lat' dir='ltr'><strong>populi</strong></span> <span class='ocrx_word' id='word_1_547' title='bbox 3173 3854 3328 3917; x_wconf 88' lang='lat' dir='ltr'><strong>sicut</strong></span> <span class='ocrx_word' id='word_1_548' title='bbox 3356 3856 3697 3920; x_wconf 88' lang='lat' dir='ltr'><strong>sacerdotes</strong></span> 
     </span>
    </p>
   </div>
   <div class='ocr_carea' id='block_1_73' title="bbox 302 3938 3631 4047">
    <p class='ocr_par' dir='ltr' id='par_1_73' title="bbox 302 3938 3631 4047">
     <span class='ocr_line' id='line_1_73' title="bbox 302 3938 3631 4047; baseline 0.001 -20"><span class='ocrx_word' id='word_1_549' title='bbox 302 3964 611 4028; x_wconf 89' lang='lat' dir='ltr'><strong>dimittere</strong></span> <span class='ocrx_word' id='word_1_550' title='bbox 630 3938 871 4036; x_wconf 77' lang='lat' dir='ltr'><strong>uxores,</strong></span> <span class='ocrx_word' id='word_1_551' title='bbox 899 3968 958 4021; x_wconf 93' lang='lat' dir='ltr'><strong>et</strong></span> <span class='ocrx_word' id='word_1_552' title='bbox 978 3938 1294 4036; x_wconf 51' lang='lat' dir='ltr'><strong>quasi&#39;non</strong></span> <span class='ocrx_word' id='word_1_553' title='bbox 1314 3938 1571 4019; x_wconf 70' lang='lat' dir='ltr'><strong>habeant</strong></span> <span class='ocrx_word' id='word_1_554' title='bbox 1591 3954 1677 4017; x_wconf 93' lang='lat' dir='ltr'><strong>sic</strong></span> <span class='ocrx_word' id='word_1_555' title='bbox 1692 3954 1911 4017; x_wconf 92' lang='lat' dir='ltr'><strong>habere</strong></span> <span class='ocrx_word' id='word_1_556' title='bbox 1939 3972 1952 4017; x_wconf 89' lang='lat'><strong>:</strong></span> <span class='ocrx_word' id='word_1_557' title='bbox 2045 3938 2321 4047; x_wconf 35' lang='lat' dir='ltr'><strong>malim,</strong></span> <span class='ocrx_word' id='word_1_558' title='bbox 2355 4028 2427 4047; x_wconf 40' lang='grc' dir='ltr'><strong>,Α</strong></span> <span class='ocrx_word' id='word_1_559' title='bbox 2668 4037 2679 4047; x_wconf 89' lang='lat'>_</span> <span class='ocrx_word' id='word_1_560' title='bbox 2929 4033 2964 4047; x_wconf 22' lang='grc' dir='ltr'><strong>,Α</strong></span> <span class='ocrx_word' id='word_1_561' title='bbox 3044 4035 3054 4045; x_wconf 87' lang='lat'><em>_</em></span> <span class='ocrx_word' id='word_1_562' title='bbox 3262 4032 3277 4047; x_wconf 41' lang='grc' dir='ltr'><strong>ε</strong></span> <span class='ocrx_word' id='word_1_563' title='bbox 3308 4033 3319 4043; x_wconf 91' lang='lat'><strong>_</strong></span> <span class='ocrx_word' id='word_1_564' title='bbox 3465 4042 3475 4047; x_wconf 88' lang='lat'>_</span> <span class='ocrx_word' id='word_1_565' title='bbox 3594 4035 3631 4047; x_wconf 55' lang='grc' dir='ltr'>η</span> 
     </span>
    </p>
   </div>
   <div class='ocr_carea' id='block_1_74' title="bbox 304 4027 1964 4139">
    <p class='ocr_par' dir='ltr' id='par_1_74' title="bbox 304 4027 1959 4139">
     <span class='ocr_line' id='line_1_74' title="bbox 304 4027 1959 4139; baseline -0.007 -22"><span class='ocrx_word' id='word_1_566' title='bbox 304 4073 423 4136; x_wconf 89' lang='lat' dir='ltr'><strong>quo</strong></span> <span class='ocrx_word' id='word_1_567' title='bbox 462 4061 521 4115; x_wconf 91' lang='lat' dir='ltr'><strong>et</strong></span> <span class='ocrx_word' id='word_1_568' title='bbox 549 4051 711 4114; x_wconf 88' lang='lat' dir='ltr'><strong>salva</strong></span> <span class='ocrx_word' id='word_1_569' title='bbox 739 4049 817 4111; x_wconf 91' lang='lat' dir='ltr'><strong>sit</strong></span> <span class='ocrx_word' id='word_1_570' title='bbox 845 4027 1103 4139; x_wconf 61' lang='lat' dir='ltr'><strong>charitas</strong></span> <span class='ocrx_word' id='word_1_571' title='bbox 1132 4047 1591 4139; x_wconf 91' lang='lat' dir='ltr'><strong>connubiorum,</strong></span> <span class='ocrx_word' id='word_1_572' title='bbox 1635 4052 1694 4107; x_wconf 92' lang='lat' dir='ltr'><strong>et</strong></span> <span class='ocrx_word' id='word_1_573' title='bbox 1724 4053 1959 4139; x_wconf 79' lang='lat' dir='ltr'><strong>cessent</strong></span> 
     </span>
    </p>
   </div>
   <div class='ocr_carea' id='block_1_75' title="bbox 2052 4027 3699 4139">
    <p class='ocr_par' dir='ltr' id='par_1_75' title="bbox 2122 4027 3699 4139">
     <span class='ocr_line' id='line_1_75' title="bbox 2122 4027 3699 4139; baseline 0.008 -50"><span class='ocrx_word' id='word_1_574' title='bbox 2122 4027 2755 4139; x_wconf 50' lang='lat' dir='ltr'><strong>XXXV.&#39;.Quapropter</strong></span> <span class='ocrx_word' id='word_1_575' title='bbox 2784 4033 3008 4133; x_wconf 75' lang='lat' dir='ltr'><strong>parcite</strong></span> <span class='ocrx_word' id='word_1_576' title='bbox 3033 4035 3159 4113; x_wconf 89' lang='lat' dir='ltr'><strong>jam</strong></span> <span class='ocrx_word' id='word_1_577' title='bbox 3188 4032 3377 4135; x_wconf 82' lang='lat' dir='ltr'><strong>vobis,</strong></span> <span class='ocrx_word' id='word_1_578' title='bbox 3423 4035 3699 4139; x_wconf 46' lang='lat' dir='ltr'><strong>et‘nolite</strong></span> 
     </span>
    </p>
   </div>
   <div class='ocr_carea' id='block_1_76' title="bbox 303 4119 3697 4225">
    <p class='ocr_par' dir='ltr' id='par_1_76' title="bbox 303 4119 3697 4225">
     <span class='ocr_line' id='line_1_76' title="bbox 303 4119 3697 4225; baseline -0.005 -20"><span class='ocrx_word' id='word_1_579' title='bbox 303 4119 490 4224; x_wconf 69' lang='lat' dir='ltr'><strong>dpera</strong></span> <span class='ocrx_word' id='word_1_580' title='bbox 520 4143 880 4221; x_wconf 91' lang='lat' dir='ltr'><strong>nuptiarum.</strong></span> <span class='ocrx_word' id='word_1_581' title='bbox 906 4160 936 4199; x_wconf 82' lang='grc'>›</span> <span class='ocrx_word' id='word_1_582' title='bbox 959 4137 1112 4201; x_wconf 90' lang='lat' dir='ltr'><strong>Ecce</strong></span> <span class='ocrx_word' id='word_1_583' title='bbox 1135 4138 1234 4200; x_wconf 92' lang='lat' dir='ltr'><strong>isti</strong></span> <span class='ocrx_word' id='word_1_584' title='bbox 1255 4155 1389 4201; x_wconf 89' lang='lat' dir='ltr'><strong>cum</strong></span> <span class='ocrx_word' id='word_1_585' title='bbox 1416 4119 1588 4199; x_wconf 87' lang='lat' dir='ltr'><strong>Petro</strong></span> <span class='ocrx_word' id='word_1_586' title='bbox 1611 4146 1672 4198; x_wconf 84' lang='lat' dir='ltr'><strong>et</strong></span> <span class='ocrx_word' id='word_1_587' title='bbox 1703 4154 1810 4217; x_wconf 86' lang='lat' dir='ltr'><strong>per</strong></span> <span class='ocrx_word' id='word_1_588' title='bbox 1842 4138 1955 4196; x_wconf 76' lang='lat' dir='ltr'><strong>Pe-</strong></span> <span class='ocrx_word' id='word_1_589' title='bbox 2038 4119 2345 4220; x_wconf 76' lang='lat' dir='ltr'><strong>attendere</strong></span> <span class='ocrx_word' id='word_1_590' title='bbox 2361 4119 2679 4225; x_wconf 44' lang='lat' dir='ltr'><strong>‘spiritibu‘s</strong></span> <span class='ocrx_word' id='word_1_591' title='bbox 2703 4123 2926 4185; x_wconf 89' lang='lat' dir='ltr'><strong>erroris</strong></span> <span class='ocrx_word' id='word_1_592' title='bbox 2951 4123 3453 4225; x_wconf 64' lang='lat' dir='ltr'><strong>etdaemoniprum</strong></span> <span class='ocrx_word' id='word_1_593' title='bbox 3472 4125 3697 4188; x_wconf 91' lang='lat' dir='ltr'><strong>doctri-</strong></span> 
     </span>
    </p>
   </div>
   <div class='ocr_carea' id='block_1_77' title="bbox 304 4209 3684 4318">
    <p class='ocr_par' dir='ltr' id='par_1_77' title="bbox 304 4209 3684 4318">
     <span class='ocr_line' id='line_1_77' title="bbox 304 4209 3684 4318; baseline -0.005 -23"><span class='ocrx_word' id='word_1_594' title='bbox 304 4209 462 4295; x_wconf 63' lang='lat' dir='ltr'><strong>trum</strong></span> <span class='ocrx_word' id='word_1_595' title='bbox 496 4209 695 4294; x_wconf 48' lang='lat' dir='ltr'><strong>effe-oti</strong></span> <span class='ocrx_word' id='word_1_596' title='bbox 725 4226 1003 4307; x_wconf 84' lang='lat' dir='ltr'><strong>clavigeri</strong></span> <span class='ocrx_word' id='word_1_597' title='bbox 1032 4226 1205 4308; x_wconf 83' lang='lat' dir='ltr'><strong>regni</strong></span> <span class='ocrx_word' id='word_1_598' title='bbox 1234 4230 1542 4307; x_wconf 67' lang='lat' dir='ltr'><strong>caelorum,</strong></span> <span class='ocrx_word' id='word_1_599' title='bbox 1576 4228 1656 4288; x_wconf 90' lang='lat' dir='ltr'><strong>ita</strong></span> <span class='ocrx_word' id='word_1_600' title='bbox 1685 4209 1952 4286; x_wconf 75' lang='lat' dir='ltr'><strong>confrin-</strong></span> <span class='ocrx_word' id='word_1_601' title='bbox 2038 4209 2155 4318; x_wconf 58' lang='grc' dir='ltr'><strong>εἶξε,</strong></span> <span class='ocrx_word' id='word_1_602' title='bbox 2188 4209 2588 4318; x_wconf 31' lang='grc' dir='ltr'><strong>ὶξῑαηορῦίηδευη]</strong></span> <span class='ocrx_word' id='word_1_603' title='bbox 2624 4210 2869 4318; x_wconf 45' lang='lat' dir='ltr'><strong>de‘Vet‘fl</strong></span> <span class='ocrx_word' id='word_1_604' title='bbox 2899 4232 3066 4318; x_wconf 53' lang='lat' dir='ltr'><strong>pice,</strong></span> <span class='ocrx_word' id='word_1_605' title='bbox 3104 4233 3236 4295; x_wconf 61' lang='lat' dir='ltr'><strong>Quae</strong></span> <span class='ocrx_word' id='word_1_606' title='bbox 3265 4214 3539 4316; x_wconf 41' lang='lat' dir='ltr'><strong>(Phris&#39;tus</strong></span> <span class='ocrx_word' id='word_1_607' title='bbox 3570 4225 3684 4318; x_wconf 70' lang='lat' dir='ltr'><strong>est,</strong></span> 
     </span>
    </p>
   </div>
   <div class='ocr_carea' id='block_1_78' title="bbox 298 4299 3692 4401">
    <p class='ocr_par' dir='ltr' id='par_1_78' title="bbox 298 4299 3692 4401">
     <span class='ocr_line' id='line_1_78' title="bbox 298 4299 3692 4401; baseline -0.005 -18"><span class='ocrx_word' id='word_1_608' title='bbox 298 4328 447 4401; x_wconf 90' lang='lat' dir='ltr'><strong>gunt</strong></span> <span class='ocrx_word' id='word_1_609' title='bbox 473 4337 685 4382; x_wconf 89' lang='lat' dir='ltr'><strong>omnes</strong></span> <span class='ocrx_word' id='word_1_610' title='bbox 715 4299 1031 4380; x_wconf 70' lang='lat' dir='ltr'><strong>claviculas</strong></span> <span class='ocrx_word' id='word_1_611' title='bbox 1060 4299 1443 4379; x_wconf 73' lang='lat' dir='ltr'><strong>infernalium</strong></span> <span class='ocrx_word' id='word_1_612' title='bbox 1504 4299 1829 4396; x_wconf 82' lang='lat' dir='ltr'><strong>portarum,</strong></span> <span class='ocrx_word' id='word_1_613' title='bbox 1894 4323 1957 4377; x_wconf 94' lang='lat' dir='ltr'><strong>ut</strong></span> <span class='ocrx_word' id='word_1_614' title='bbox 2038 4299 2136 4401; x_wconf 59' lang='grc' dir='ltr'><strong>δίς</strong></span> <span class='ocrx_word' id='word_1_615' title='bbox 2167 4299 2313 4401; x_wconf 38' lang='grc' dir='ltr'>θῑιίῐι</span> <span class='ocrx_word' id='word_1_616' title='bbox 2346 4299 2545 4400; x_wconf 63' lang='grc' dir='ltr'><strong>ΐυῑυΐίξ</strong></span> <span class='ocrx_word' id='word_1_617' title='bbox 2576 4300 2902 4401; x_wconf 66' lang='lat' dir='ltr'><strong>gaudeatis.</strong></span> <span class='ocrx_word' id='word_1_618' title='bbox 2931 4302 3021 4365; x_wconf 89' lang='lat' dir='ltr'><strong>Tu</strong></span> <span class='ocrx_word' id='word_1_619' title='bbox 3041 4323 3186 4401; x_wconf 66' lang='lat' dir='ltr'><strong>vero</strong></span> <span class='ocrx_word' id='word_1_620' title='bbox 3215 4304 3692 4401; x_wconf 75' lang='lat' dir='ltr'><strong>miserrime_Ni-</strong></span> 
     </span>
    </p>
   </div>
   <div class='ocr_carea' id='block_1_79' title="bbox 298 4388 1964 4490">
    <p class='ocr_par' dir='ltr' id='par_1_79' title="bbox 298 4388 1820 4490">
     <span class='ocr_line' id='line_1_79' title="bbox 298 4388 1820 4490; baseline -0.005 -16"><span class='ocrx_word' id='word_1_621' title='bbox 298 4388 463 4474; x_wconf 64' lang='lat' dir='ltr'><strong>nulla</strong></span> <span class='ocrx_word' id='word_1_622' title='bbox 487 4411 614 4490; x_wconf 84' lang='lat' dir='ltr'><strong>jam</strong></span> <span class='ocrx_word' id='word_1_623' title='bbox 646 4407 906 4490; x_wconf 91' lang='lat' dir='ltr'><strong>supersit</strong></span> <span class='ocrx_word' id='word_1_624' title='bbox 937 4407 1182 4469; x_wconf 64' lang='lat' dir='ltr'><strong>haeresis</strong></span> <span class='ocrx_word' id='word_1_625' title='bbox 1212 4388 1661 4469; x_wconf 72' lang='lat' dir='ltr'><strong>Nicolaitarum.</strong></span> <span class='ocrx_word' id='word_1_626' title='bbox 1815 4388 1820 4390; x_wconf 19' lang='grc' dir='ltr'><em>ν</em></span> 
     </span>
    </p>
   </div>
   <div class='ocr_carea' id='block_1_80' title="bbox 2052 4388 3693 4490">
    <p class='ocr_par' dir='ltr' id='par_1_80' title="bbox 2052 4388 3693 4471">
     <span class='ocr_line' id='line_1_80' title="bbox 2052 4388 3693 4471; baseline 0.002 -21"><span class='ocrx_word' id='word_1_627' title='bbox 2052 4397 2188 4465; x_wconf 87' lang='lat' dir='ltr'><strong>:eta,</strong></span> <span class='ocrx_word' id='word_1_628' title='bbox 2224 4388 2416 4450; x_wconf 91' lang='lat' dir='ltr'><strong>donec</strong></span> <span class='ocrx_word' id='word_1_629' title='bbox 2429 4389 2771 4471; x_wconf 83' lang='lat' dir='ltr'><strong>resipiseas,</strong></span> <span class='ocrx_word' id='word_1_630' title='bbox 2797 4392 2879 4452; x_wconf 93' lang='lat' dir='ltr'><strong>sis</strong></span> <span class='ocrx_word' id='word_1_631' title='bbox 2900 4394 3236 4470; x_wconf 86' lang='lat' dir='ltr'><strong>anathema,</strong></span> <span class='ocrx_word' id='word_1_632' title='bbox 3253 4393 3326 4455; x_wconf 92' lang='lat' dir='ltr'><strong>ab</strong></span> <span class='ocrx_word' id='word_1_633' title='bbox 3340 4394 3693 4457; x_wconf 87' lang='lat' dir='ltr'><strong>omniChri-</strong></span> 
     </span>
    </p>
   </div>
   <div class='ocr_carea' id='block_1_81' title="bbox 2036 4477 3695 4564">
    <p class='ocr_par' dir='ltr' id='par_1_81' title="bbox 2036 4477 3695 4564">
     <span class='ocr_line' id='line_1_81' title="bbox 2036 4477 3695 4564; baseline 0.004 -26"><span class='ocrx_word' id='word_1_634' title='bbox 2036 4478 2111 4539; x_wconf 90' lang='lat' dir='ltr'><strong>sti</strong></span> <span class='ocrx_word' id='word_1_635' title='bbox 2140 4477 2431 4552; x_wconf 84' lang='lat' dir='ltr'><strong>Ecclesia,</strong></span> <span class='ocrx_word' id='word_1_636' title='bbox 2487 4497 2620 4539; x_wconf 92' lang='lat' dir='ltr'><strong>cum</strong></span> <span class='ocrx_word' id='word_1_637' title='bbox 2669 4480 2948 4542; x_wconf 90' lang='lat' dir='ltr'><strong>omnibus</strong></span> <span class='ocrx_word' id='word_1_638' title='bbox 2978 4482 3081 4562; x_wconf 91' lang='lat' dir='ltr'><strong>qui</strong></span> <span class='ocrx_word' id='word_1_639' title='bbox 3114 4482 3222 4543; x_wconf 92' lang='lat' dir='ltr'><strong>tibi</strong></span> <span class='ocrx_word' id='word_1_640' title='bbox 3251 4482 3605 4564; x_wconf 89' lang='lat' dir='ltr'><strong>aquiescunt</strong></span> <span class='ocrx_word' id='word_1_641' title='bbox 3633 4484 3695 4545; x_wconf 92' lang='lat' dir='ltr'><strong>in</strong></span> 
     </span>
    </p>
   </div>
   <div class='ocr_carea' id='block_1_82' title="bbox 379 4564 3692 4651">
    <p class='ocr_par' dir='ltr' id='par_1_82' title="bbox 379 4564 3692 4651">
     <span class='ocr_line' id='line_1_82' title="bbox 379 4564 3692 4651; baseline 0.001 -21"><span class='ocrx_word' id='word_1_642' title='bbox 379 4566 601 4630; x_wconf 86' lang='lat' dir='ltr'><strong>XXXII.</strong></span> <span class='ocrx_word' id='word_1_643' title='bbox 638 4565 754 4630; x_wconf 90' lang='lat' dir='ltr'><strong>Sed</strong></span> <span class='ocrx_word' id='word_1_644' title='bbox 786 4584 863 4628; x_wconf 92' lang='lat' dir='ltr'><strong>ne</strong></span> <span class='ocrx_word' id='word_1_645' title='bbox 893 4567 1032 4648; x_wconf 93' lang='lat' dir='ltr'><strong>quid</strong></span> <span class='ocrx_word' id='word_1_646' title='bbox 1065 4565 1261 4627; x_wconf 92' lang='lat' dir='ltr'><strong>minus</strong></span> <span class='ocrx_word' id='word_1_647' title='bbox 1288 4565 1503 4628; x_wconf 85' lang='lat' dir='ltr'><strong>factum</strong></span> <span class='ocrx_word' id='word_1_648' title='bbox 1535 4565 1722 4639; x_wconf 81' lang='lat' dir='ltr'><strong>dicas,</strong></span> <span class='ocrx_word' id='word_1_649' title='bbox 1760 4564 1950 4627; x_wconf 88' lang='lat' dir='ltr'><strong>seria-</strong></span> <span class='ocrx_word' id='word_1_650' title='bbox 2036 4574 2154 4629; x_wconf 88' lang='lat' dir='ltr'><strong>tam</strong></span> <span class='ocrx_word' id='word_1_651' title='bbox 2182 4585 2462 4648; x_wconf 90' lang='lat' dir='ltr'><strong>perversa</strong></span> <span class='ocrx_word' id='word_1_652' title='bbox 2484 4566 2780 4630; x_wconf 87' lang='lat' dir='ltr'><strong>doctrina.</strong></span> <span class='ocrx_word' id='word_1_653' title='bbox 2803 4568 2949 4632; x_wconf 90' lang='lat' dir='ltr'><strong>Nam</strong></span> <span class='ocrx_word' id='word_1_654' title='bbox 2968 4573 3176 4633; x_wconf 90' lang='lat' dir='ltr'><strong>volens</strong></span> <span class='ocrx_word' id='word_1_655' title='bbox 3198 4590 3330 4633; x_wconf 91' lang='lat' dir='ltr'><strong>esse</strong></span> <span class='ocrx_word' id='word_1_656' title='bbox 3352 4571 3503 4651; x_wconf 82' lang='lat' dir='ltr'><strong>legis</strong></span> <span class='ocrx_word' id='word_1_657' title='bbox 3534 4572 3692 4635; x_wconf 91' lang='lat' dir='ltr'><strong>divi-</strong></span> 
     </span>
    </p>
   </div>
   <div class='ocr_carea' id='block_1_83' title="bbox 296 4652 3695 4742">
    <p class='ocr_par' dir='ltr' id='par_1_83' title="bbox 296 4652 3695 4742">
     <span class='ocr_line' id='line_1_83' title="bbox 296 4652 3695 4742; baseline 0.001 -23"><span class='ocrx_word' id='word_1_658' title='bbox 296 4658 405 4719; x_wconf 89' lang='lat' dir='ltr'><strong>tim</strong></span> <span class='ocrx_word' id='word_1_659' title='bbox 429 4665 486 4719; x_wconf 90' lang='lat' dir='ltr'><strong>et</strong></span> <span class='ocrx_word' id='word_1_660' title='bbox 506 4664 715 4738; x_wconf 89' lang='lat' dir='ltr'><strong>aperte</strong></span> <span class='ocrx_word' id='word_1_661' title='bbox 738 4673 1195 4737; x_wconf 88' lang='lat' dir='ltr'><strong>prosequemur,</strong></span> <span class='ocrx_word' id='word_1_662' title='bbox 1220 4654 1364 4736; x_wconf 93' lang='lat' dir='ltr'><strong>quid</strong></span> <span class='ocrx_word' id='word_1_663' title='bbox 1390 4654 1658 4717; x_wconf 84' lang='lat' dir='ltr'><strong>Romana</strong></span> <span class='ocrx_word' id='word_1_664' title='bbox 1686 4652 1955 4716; x_wconf 88' lang='lat' dir='ltr'><strong>Ecclesia</strong></span> <span class='ocrx_word' id='word_1_665' title='bbox 2036 4675 2128 4719; x_wconf 76' lang='lat' dir='ltr'><strong>nze</strong></span> <span class='ocrx_word' id='word_1_666' title='bbox 2157 4658 2387 4730; x_wconf 91' lang='lat' dir='ltr'><strong>doctor,</strong></span> <span class='ocrx_word' id='word_1_667' title='bbox 2422 4674 2540 4718; x_wconf 93' lang='lat' dir='ltr'><strong>non</strong></span> <span class='ocrx_word' id='word_1_668' title='bbox 2572 4656 2858 4737; x_wconf 84' lang='lat' dir='ltr'><strong>intelligis</strong></span> <span class='ocrx_word' id='word_1_669' title='bbox 2891 4679 3024 4740; x_wconf 85' lang='lat' dir='ltr'><strong>quae</strong></span> <span class='ocrx_word' id='word_1_670' title='bbox 3073 4660 3357 4742; x_wconf 89' lang='lat' dir='ltr'><strong>loqueris,</strong></span> <span class='ocrx_word' id='word_1_671' title='bbox 3392 4679 3587 4742; x_wconf 88' lang='lat' dir='ltr'><strong>neque</strong></span> <span class='ocrx_word' id='word_1_672' title='bbox 3618 4662 3695 4724; x_wconf 93' lang='lat' dir='ltr'><strong>de</strong></span> 
     </span>
    </p>
   </div>
   <div class='ocr_carea' id='block_1_84' title="bbox 292 4742 3691 4837">
    <p class='ocr_par' dir='ltr' id='par_1_84' title="bbox 292 4742 3691 4837">
     <span class='ocr_line' id='line_1_84' title="bbox 292 4742 3691 4837; baseline 0.001 -29"><span class='ocrx_word' id='word_1_673' title='bbox 292 4747 358 4808; x_wconf 90' lang='lat' dir='ltr'><strong>in</strong></span> <span class='ocrx_word' id='word_1_674' title='bbox 382 4745 669 4826; x_wconf 83' lang='lat' dir='ltr'><strong>gradibus</strong></span> <span class='ocrx_word' id='word_1_675' title='bbox 690 4745 1048 4808; x_wconf 92' lang='lat' dir='ltr'><strong>clericorum</strong></span> <span class='ocrx_word' id='word_1_676' title='bbox 1070 4752 1224 4825; x_wconf 85' lang='lat' dir='ltr'><strong>agat.</strong></span> <span class='ocrx_word' id='word_1_677' title='bbox 1246 4742 1509 4807; x_wconf 90' lang='lat' dir='ltr'><strong>Clericos</strong></span> <span class='ocrx_word' id='word_1_678' title='bbox 1531 4751 1757 4837; x_wconf 83' lang='lat' dir='ltr'><strong>tantum</strong></span> <span class='ocrx_word' id='word_1_679' title='bbox 1782 4742 1956 4805; x_wconf 87' lang='lat' dir='ltr'><strong>ostia-</strong></span> <span class='ocrx_word' id='word_1_680' title='bbox 2036 4746 2253 4837; x_wconf 88' lang='lat' dir='ltr'><strong>quibus</strong></span> <span class='ocrx_word' id='word_1_681' title='bbox 2278 4746 2561 4837; x_wconf 86' lang='lat' dir='ltr'><strong>afﬁrmas,</strong></span> <span class='ocrx_word' id='word_1_682' title='bbox 2584 4748 2889 4837; x_wconf 19' lang='lat' dir='ltr'><strong>,etstultus</strong></span> <span class='ocrx_word' id='word_1_683' title='bbox 2922 4753 3070 4831; x_wconf 86' lang='lat' dir='ltr'><strong>ipse,</strong></span> <span class='ocrx_word' id='word_1_684' title='bbox 3104 4750 3431 4837; x_wconf 87' lang='lat' dir='ltr'><strong>sapientior</strong></span> <span class='ocrx_word' id='word_1_685' title='bbox 3465 4750 3568 4812; x_wconf 89' lang='lat' dir='ltr'><strong>tibi</strong></span> <span class='ocrx_word' id='word_1_686' title='bbox 3599 4750 3691 4812; x_wconf 88' lang='lat' dir='ltr'><strong>vi-</strong></span> 
     </span>
    </p>
   </div>
   <div class='ocr_carea' id='block_1_85' title="bbox 292 4834 3692 4919">
    <p class='ocr_par' dir='ltr' id='par_1_85' title="bbox 292 4834 3692 4919">
     <span class='ocr_line' id='line_1_85' title="bbox 292 4834 3692 4919; baseline 0.001 -21"><span class='ocrx_word' id='word_1_687' title='bbox 292 4837 440 4913; x_wconf 92' lang='lat' dir='ltr'><strong>rios,</strong></span> <span class='ocrx_word' id='word_1_688' title='bbox 487 4836 765 4917; x_wconf 90' lang='lat' dir='ltr'><strong>lectores,</strong></span> <span class='ocrx_word' id='word_1_689' title='bbox 792 4834 1134 4911; x_wconf 85' lang='lat' dir='ltr'><strong>exorcistas,</strong></span> <span class='ocrx_word' id='word_1_690' title='bbox 1162 4842 1220 4896; x_wconf 93' lang='lat' dir='ltr'><strong>et</strong></span> <span class='ocrx_word' id='word_1_691' title='bbox 1246 4834 1569 4915; x_wconf 81' lang='lat' dir='ltr'><strong>acolythos,</strong></span> <span class='ocrx_word' id='word_1_692' title='bbox 1602 4835 1653 4896; x_wconf 94' lang='lat' dir='ltr'><strong>si</strong></span> <span class='ocrx_word' id='word_1_693' title='bbox 1670 4841 1832 4895; x_wconf 81' lang='lat' dir='ltr'><strong>extra</strong></span> <span class='ocrx_word' id='word_1_694' title='bbox 1846 4852 1951 4894; x_wconf 92' lang='lat' dir='ltr'><strong>vo-</strong></span> <span class='ocrx_word' id='word_1_695' title='bbox 2036 4836 2197 4899; x_wconf 91' lang='lat' dir='ltr'><strong>deris</strong></span> <span class='ocrx_word' id='word_1_696' title='bbox 2228 4845 2459 4915; x_wconf 92' lang='lat' dir='ltr'><strong>septem</strong></span> <span class='ocrx_word' id='word_1_697' title='bbox 2488 4834 2629 4896; x_wconf 91' lang='lat' dir='ltr'><strong>viris</strong></span> <span class='ocrx_word' id='word_1_698' title='bbox 2659 4836 3045 4916; x_wconf 84' lang='lat' dir='ltr'><strong>loquentibus</strong></span> <span class='ocrx_word' id='word_1_699' title='bbox 3069 4834 3399 4919; x_wconf 86' lang='lat' dir='ltr'><strong>parabolas.</strong></span> <span class='ocrx_word' id='word_1_700' title='bbox 3435 4837 3555 4902; x_wconf 91' lang='lat' dir='ltr'><strong>Sed</strong></span> <span class='ocrx_word' id='word_1_701' title='bbox 3574 4840 3692 4901; x_wconf 87' lang='lat' dir='ltr'><strong>sal-</strong></span> 
     </span>
    </p>
   </div>
   <div class='ocr_carea' id='block_1_86' title="bbox 293 4923 3688 5011">
    <p class='ocr_par' dir='ltr' id='par_1_86' title="bbox 293 4923 3688 5011">
     <span class='ocr_line' id='line_1_86' title="bbox 293 4923 3688 5011; baseline 0.001 -23"><span class='ocrx_word' id='word_1_702' title='bbox 293 4934 421 4988; x_wconf 88' lang='lat' dir='ltr'><strong>tum</strong></span> <span class='ocrx_word' id='word_1_703' title='bbox 462 4933 520 4988; x_wconf 89' lang='lat' dir='ltr'><strong>et</strong></span> <span class='ocrx_word' id='word_1_704' title='bbox 549 4924 813 4987; x_wconf 89' lang='lat' dir='ltr'><strong>habitum</strong></span> <span class='ocrx_word' id='word_1_705' title='bbox 842 4925 1120 4987; x_wconf 91' lang='lat' dir='ltr'><strong>monachi</strong></span> <span class='ocrx_word' id='word_1_706' title='bbox 1151 4924 1536 4986; x_wconf 90' lang='lat' dir='ltr'><strong>inveniuntur</strong></span> <span class='ocrx_word' id='word_1_707' title='bbox 1558 4930 1616 4985; x_wconf 91' lang='lat' dir='ltr'><strong>et</strong></span> <span class='ocrx_word' id='word_1_708' title='bbox 1635 4923 1952 4985; x_wconf 90' lang='lat' dir='ltr'><strong>continen-</strong></span> <span class='ocrx_word' id='word_1_709' title='bbox 2038 4935 2154 4989; x_wconf 91' lang='lat' dir='ltr'><strong>tem</strong></span> <span class='ocrx_word' id='word_1_710' title='bbox 2174 4925 2496 5006; x_wconf 87' lang='lat' dir='ltr'><strong>aliquando</strong></span> <span class='ocrx_word' id='word_1_711' title='bbox 2522 4924 2686 4989; x_wconf 90' lang='lat' dir='ltr'><strong>disce</strong></span> <span class='ocrx_word' id='word_1_712' title='bbox 2708 4935 2927 5006; x_wconf 80' lang='lat' dir='ltr'><strong>tacere,</strong></span> <span class='ocrx_word' id='word_1_713' title='bbox 2950 4928 3048 5010; x_wconf 92' lang='lat' dir='ltr'><strong>qui</strong></span> <span class='ocrx_word' id='word_1_714' title='bbox 3072 4947 3375 5010; x_wconf 81' lang='lat' dir='ltr'><strong>nunquam</strong></span> <span class='ocrx_word' id='word_1_715' title='bbox 3399 4928 3561 5011; x_wconf 91' lang='lat' dir='ltr'><strong>loqui</strong></span> <span class='ocrx_word' id='word_1_716' title='bbox 3590 4929 3688 4991; x_wconf 88' lang='lat' dir='ltr'><strong>di-</strong></span> 
     </span>
    </p>
   </div>
   <div class='ocr_carea' id='block_1_87' title="bbox 290 5011 2260 5096">
    <p class='ocr_par' dir='ltr' id='par_1_87' title="bbox 290 5011 2260 5096">
     <span class='ocr_line' id='line_1_87' title="bbox 290 5011 2260 5096; baseline -0.002 -20"><span class='ocrx_word' id='word_1_717' title='bbox 290 5016 437 5077; x_wconf 89' lang='lat' dir='ltr'><strong>tiam</strong></span> <span class='ocrx_word' id='word_1_718' title='bbox 463 5014 731 5096; x_wconf 86' lang='lat' dir='ltr'><strong>proﬁteri</strong></span> <span class='ocrx_word' id='word_1_719' title='bbox 750 5014 982 5091; x_wconf 89' lang='lat' dir='ltr'><strong>nolunt,</strong></span> <span class='ocrx_word' id='word_1_720' title='bbox 998 5031 1246 5077; x_wconf 87' lang='lat' dir='ltr'><strong>uxorem</strong></span> <span class='ocrx_word' id='word_1_721' title='bbox 1262 5011 1549 5093; x_wconf 88' lang='lat' dir='ltr'><strong>virginem</strong></span> <span class='ocrx_word' id='word_1_722' title='bbox 1566 5012 1789 5075; x_wconf 88' lang='lat' dir='ltr'><strong>ducere</strong></span> <span class='ocrx_word' id='word_1_723' title='bbox 1819 5031 1953 5075; x_wconf 92' lang='lat' dir='ltr'><strong>cum</strong></span> <span class='ocrx_word' id='word_1_724' title='bbox 2037 5016 2260 5081; x_wconf 81' lang='lat' dir='ltr'><strong>dicisti,</strong></span> 
     </span>
    </p>
   </div>
   <div class='ocr_carea' id='block_1_88' title="bbox 766 5190 3216 5282">
    <p class='ocr_par' dir='ltr' id='par_1_88' title="bbox 766 5190 3216 5282">
     <span class='ocr_line' id='line_1_88' title="bbox 766 5190 3216 5282; baseline 0.001 -25"><span class='ocrx_word' id='word_1_725' title='bbox 766 5192 1043 5275; x_wconf 76' lang='lat' dir='ltr'><strong>Explicit</strong></span> <span class='ocrx_word' id='word_1_726' title='bbox 1070 5194 1377 5273; x_wconf 71' lang='lat' dir='ltr'><strong>responsio</strong></span> <span class='ocrx_word' id='word_1_727' title='bbox 1404 5194 1623 5272; x_wconf 77' lang='lat' dir='ltr'><strong>fratris</strong></span> <span class='ocrx_word' id='word_1_728' title='bbox 1649 5190 1974 5259; x_wconf 81' lang='lat' dir='ltr'><strong>Humberti</strong></span> <span class='ocrx_word' id='word_1_729' title='bbox 2001 5196 2261 5277; x_wconf 74' lang='lat' dir='ltr'><strong>episcopi</strong></span> <span class='ocrx_word' id='word_1_730' title='bbox 2290 5204 2502 5260; x_wconf 81' lang='lat' dir='ltr'><strong>contra</strong></span> <span class='ocrx_word' id='word_1_731' title='bbox 2532 5197 2761 5262; x_wconf 72' lang='lat' dir='ltr'><strong>Nic-etas</strong></span> <span class='ocrx_word' id='word_1_732' title='bbox 2792 5198 3216 5282; x_wconf 84' lang='lat' dir='ltr'><strong>blasphemias.</strong></span> 
     </span>
    </p>
   </div>
  </div>
