4144 6388
1733 311 2055 379 JOANNIS
2097 311 2660 376 EUCHAITENSIS

3743 296 3907 364 1040

1555 592 2054 692 ΝΙΟΕΤλΕ
2133 588 2854 689 PECTORATI

1347 801 1658 869 CARMEN
1701 799 2073 867 IAMBICUM
2114 799 2191 863 IN
2236 797 2645 865 SYMEONEM
2687 797 3096 865 JUNIOREM.

1862 963 2014 1027 Vide
2041 980 2221 1044 supra
2250 961 2366 1025 col.
2403 962 2543 1028 307.

511 1123 3837 1158 ________________________________

588 1245 739 1310 Vitae
767 1247 1086 1328 Symeonis
1113 1245 1393 1310 lunia-ris
1417 1248 1762 1329 fragmenta
1789 1250 2041 1315 edantur
2067 1250 2237 1330 infra
2266 1254 2334 1311 in
2363 1252 2523 1311 notis
2551 1248 2657 1310 Fr.
2692 1243 3032 1325 Combeﬁsii
3061 1244 3136 1305 ab
3159 1237 3470 1304 Mattuelis
3492 1237 3723 1300 Catenae
3749 1247 3900 1312 opus

497 1327 573 1396 de
599 1327 858 1392 essentia
887 1333 942 1392 et
967 1330 1322 1410 operatione
1349 1327 1584 1394 divino.

537 1502 3882 1552 ἡ

1926 1665 2084 1713 ANNO
2125 1667 2331 1717 DOMINI
2372 1666 2470 1712 ML.

1597 1848 1725 2048 J
1737 1841 2293 2048 OAN
2303 1849 2487 2047 N
2496 1842 2808 2050 ES

738 2199 2170 2349 EUGHAITARUM

2276 2189 3660 2351 METROPOLITA

1932 2658 2455 2775 NOTITLA

1191 2862 1443 2926 Auctore
1473 2861 1745 2928 Conrado
1777 2864 2068 2945 Janningo
2101 2863 2165 2932 S.
2199 2867 2254 2930 J.
2289 2867 2351 2928 in
2379 2867 2542 2930 Junii
2571 2860 2947 2931 Bollandiani
2976 2868 3135 2924 tomo
3166 2856 3213 2920 Ι.

590 3169 960 3250 Scripseram
982 3165 1353 3248 praemissum
1381 3165 1842 3252 Paragraphum,
1861 3178 2166 3236 auctorem
2186 3181 2228 3230 Α
2251 3173 2523 3236 venimus
2537 3173 2849 3254 cujusdam
2863 3167 3087 3232 codicis
3098 3161 3421 3238 chartacei,
3443 3177 3562 3222 non
3581 3154 3908 3220 admodum

511 3260 661 3326 Vita
688 3255 975 3322 Dorot'hei
1002 3254 1270 3320 Junioris
1293 3275 1363 3317 ex
1394 3258 1610 3320 Allatio
1641 3260 1957 3340 assignans
1984 3259 2169 3324 Joan-

510 3371 649 3416 nem
684 3348 1128 3429 metropolitam
1185 3346 1604 3410 Euchaitarum
1641 3371 1656 3430 ;
1717 3349 1779 3411 in
1810 3367 2171 3432 omnemque

508 3439 815 3504 versabam
835 3437 1101 3500 animum
1135 3444 1384 3516 partem,
1423 3455 1542 3518 quo
1571 3438 1792 3520 aliquid
1834 3439 1908 3500 de
1929 3449 2171 3502 auctore

511 3531 639 3606 illo,
675 3530 870 3610 deque
900 3534 1072 3589 atate
1129 3543 1249 3606 qua
1305 3525 1470 3602 vixit,
1534 3527 1809 3590 alicunde
1841 3547 1872 3590 e
1905 3529 2170 3591 tenebris

512 3638 788 3683 eruerem
827 3639 843 3693 ;
874 3614 1048 3678 facile
1077 3614 1298 3677 deinde
1328 3634 1399 3678 ex
1429 3617 1540 3678 hac
1571 3618 1909 3696 cognitione
1931 3627 2166 3681 atatem

515 3709 802 3776 Dorotbei
823 3705 1086 3771 Junioris
1104 3705 1480 3770 deﬁniturus.
1511 3709 1669 3770 Adeo
1691 3708 1874 3787 igitur
1891 3709 2168 3770 Allatium

513 3802 578 3863 in
607 3796 878 3862 Diatriba
937 3795 1013 3856 de
1067 3792 1416 3856 Simeonum
1477 3797 1764 3877 scriptis;
1823 3816 1890 3859 ac
1929 3798 2168 3878 reperio

516 3887 850 3953 identidem
885 3884 1147 3946 auctoris
1178 3902 1422 3966 nomen,
1457 3895 1513 3946 et
1544 3888 1830 3966 producta
1881 3888 2173 3969 principia

514 3979 740 4060 aliquot
769 3980 1296 4037 monumentorum
1329 3975 1459 4052 ejus
1487 3993 1503 4050 ;
1536 3976 1642 4036 sed
1677 3978 1750 4038 de
1795 3977 1910 4038 vita
1931 3985 2173 4039 etatate

514 4068 691 4133 nihil.
717 4065 887 4130 Adeo
906 4061 1245 4124 Simeonem
1283 4071 1554 4126 nostrum
1581 4064 2124 4144 Wangnerechium
2155 4087 2170 4144 ;

512 4157 575 4222 in
601 4151 1048 4234 Prolegomenis
1067 4150 1140 4212 ad
1158 4151 1440 4231 pietatem
1460 4151 1780 4215 Marianam
1800 4153 2168 4231 Gracorum;

513 4248 808 4328 videoque
839 4259 1007 4304 num.
1041 4240 1120 4302 25
1151 4248 1355 4302 notum
1390 4243 1442 4302 ei
1494 4241 1676 4305 fuisse
1724 4242 2013 4307 Joannem
2045 4245 2168 4307 Eu-

515 4339 772 4404 chaitam
795 4330 1344 4414 Hymnograpbum,
1369 4331 1473 4395 sed
1489 4332 1564 4393 de
1586 4341 1759 4396 atate
1779 4343 1878 4396 aut
1900 4334 2018 4396 vita
2039 4335 2168 4415 ejus

2226 3801 2474 3863 ctitatis
2503 3799 2682 3862 laude
2712 3796 3122 3861 condecorans
3155 3812 3168 3852 :

2252 3264 2511 3344 antiqua
2565 3242 2899 3343 scriptura,
2945 3257 3046 3339 qui
3078 3255 3245 3335 olim,
3279 3262 3343 3344 ut
3372 3249 3542 3344 multi
3570 3246 3692 3319 alii,
3815 3242 3904 3344 .V.

2253 3333 2591 3415 Sebastiani
2621 3333 3010 3430 l'engnagelii
3055 3333 3240 3408 fuisse
3283 3341 3535 3430 discitur
3591 3357 3663 3400 ex
3717 3333 3909 3416 ipsius

2251 3441 2492 3524 propria
2529 3425 2946 3522 inscriptione,
2980 3436 3362 3514 continetque
3388 3429 3574 3504 solius
3629 3425 3903 3524 Joannis,

2251 3513 2326 3593 de
2351 3513 2466 3612 quo
2489 3513 2742 3611 agimus,
2768 3513 3074 3591 Euchaita
3097 3513 3370 3606 poemata
3398 3520 3524 3582 fere
3555 3535 3735 3612 sacra
3760 3513 3902 3585 102,

2253 3623 2327 3685 de
2357 3605 2743 3684 variis'rebus
2799 3637 2972 3680 versu
3024 3605 3280 3677 iambico
3339 3619 3530 3692 pacta.
3586 3606 3653 3668 In
3709 3605 3906 3669 fronte

2252 3720 2447 3774 autem
2479 3710 2701 3774 codicis
2726 3711 2840 3771 iste
2871 3705 3072 3770 titulus
3103 3702 3340 3782 legitur,
3401 3707 3706 3761 auctorem
3759 3713 3908 3757 san-

3233 3800 3336 3850 Τοῦ
3387 3789 3440 3844 ἐν
3473 3788 3643 3866 ἁγίοις
3700 3788 3911 3864 Πατρὸς

2251 3894 2408 3967 ἡμῶν
2465 3889 2710 3947 Ἰωάννου
2794 3883 3187 3966 μητροπολίτου
3248 3881 3534 3960 Εὐχαὶτων
3587 3875 3906 3952 ὑπόμνημα.

2262 3962 2513 4044 α’δειιιείὶ
2531 3978 2720 4041 Patris
2742 3962 2916 4038 notri'
2936 3971 3185 4038 Joannis
3224 3966 3618 4048 metropolita
3647 3962 3910 4026 Euchai-

2257 4078 2470 4144 tarum,
2506 4073 2985 4130 monumentum.
3025 4087 3052 4118 κ
3106 4059 3255 4122 Tum
3287 4057 3464 4118 vitam
3498 4053 3767 4144 ejusdem
3802 4071 3914 4134 per

2256 4158 2681 4240 compendium
2733 4153 3033 4236 proponit,
3086 4151 3373 4240 hactenus
3416 4143 3640 4206 Latinis
3669 4145 3814 4220 (imo
3847 4148 3910 4203 et

2255 4237 2478 4312 Graecis
2507 4247 2632 4308 fere
2659 4243 2834 4326 ipsis)
2860 4251 2923 4304 ut
2949 4240 3204 4303 vidimus
3234 4237 3514 4316 ignotam.

2336 4329 2393 4396 Ὀ
2451 4338 2586 4414 βίος,
2651 4314 2823 4399 Οἶκος,
2862 4334 2928 4401 ἦν
2985 4332 3069 4388 ἐπὶ
3133 4336 3225 4385 τοῦ
3265 4314 3556 4404 -βασιλέως
3629 4314 3908 4399 Ῥωμαίων

514 4429 780 4492 nondum
809 4413 1138 4506 quidquam
1195 4417 1517 4512 invenisse,
1578 4423 1734 4504 quod
1789 4423 1931 4485 viris
1979 4413 2168 4486 doctis

2256 4429 2645 4512 Κωνστανῖςνου
2704 4435 2796 4484 τοῦ
2865 4421 3190 4501 Μονομᾶχου
3249 4419 3335 4473 καὶ
3393 4420 3544 4482 Ζωῆς
3601 4415 3700 4480 τῆς
3744 4413 3908 4490 βασι-

516 4521 778 4620 probare
799 4501 1062 4620 seposita
1088 4510 1438 4620 confideret.
1467 4501 1636 4574 Adeo
1650 4511 1911 4620 denique
1931 4515 2166 4576 Marac-

2526 4501 2554 4521 Ἰ

2256 4517 2463 4584 λίσσης.
2543 4525 2654 4583 Ετη
2725 4513 2779 4570 δὲ
2835 4513 2901 4569 τὰ
2953 4513 3057 4568 ἀπὸ
3127 4511 3247 4565 τότε
3320 4505 3568 4563 συντείνει
3649 4501 3910 4573 ἐξήκοντα

2297 4606 2305 4620 ι
2604 4608 2617 4620 ι
2800 4617 2809 4620 -
3192 4600 3202 4618 1
3268 4618 3277 4620 _
3367 4593 3410 4620 Ἀ
3433 4594 3484 4620 ηκὶ
3504 4615 3522 4620 Α
3597 4590 3647 4620 ἓὶ
3723 4592 3866 4620 _-._-’.

514 4599 675 4672 cium
706 4605 768 4668 in
799 4601 1170 4666 Bibliotheca
1211 4599 1473 4662 Mariana
1505 4621 1519 4681 ;
1575 4601 1681 4663 sed
1715 4601 1902 4662 nihilo
1934 4603 2170 4665 felicius

513 4704 869 4779 occupatum
926 4690 988 4751 in
1048 4687 1412 4779 inquirenda
1452 4690 1715 4779 :loannis
1773 4699 1946 4753 atate
1993 4710 2169 4773 quam

515 4777 854 4871 praemissos
905 4779 1078 4871 duos,
1112 4777 1415 4871 observo.
1451 4777 1793 4840 Debebatur
1822 4798 2038 4861 nempe
2069 4781 2173 4844 illa

511 4867 701 4957 gloria
720 4867 1128 4953 augustissimi
1181 4867 1431 4957 Caesaris
1476 4868 2166 4949 LeopoldiBiblotheca,

510 4956 578 5030 ut
607 4967 749 5030 inde
776 4963 840 5024 in
868 4961 1064 5022 lucem
1113 4956 1382 5038 prodiret
1435 4957 1720 5040 primum,
1781 4959 1938 5040 quod
1995 4959 2169 5022 inde-

510 5057 671 5120 fessa
701 5061 786 5116 tot
816 5048 1186 5115 eruditorum
1220 5045 1420 5109 studia
1459 5052 1518 5107 et
1562 5046 1792 5109 labores
1821 5047 1923 5110 diu
1954 5048 2169 5112 frustra

512 5145 941 5229 quasiverunt.

593 5235 740 5300 Cum
772 5230 957 5312 igitur
990 5244 1146 5290 anno
1185 5225 1340 5289 1688
1370 5223 1620 5288 Vienna
1649 5232 1910 5288 astatem
1945 5229 2164 5290 transi-

512 5347 817 5412 geremus,
852 5343 922 5387 ac
951 5339 1110 5404 sape
1159 5319 1584 5381 bibliothecam
1599 5370 1628 5412 ,_
1659 5339 1744 5412 ex
1783 5320 2167 5412 benignitate

514 5408 766 5484 Casaris
789 5419 1182 5497 promptaque
1204 5427 1384 5490 opera
1408 5408 1752 5488 pranobilis
1777 5409 2016 5473 Domini
2044 5415 2167 5476 Da-

514 5503 1000 5571 nielisdeNessel
1019 5497 1473 5563 Bibliothecarii
1514 5498 1716 5574 aulici,
1747 5517 1984 5582 semper
2000 5500 2172 5564 nobis

514 5603 839 5682 patentem,
900 5595 1438 5676 perscrutaremur,
1499 5587 1560 5649 in
1618 5588 1888 5652 notitiam
1932 5609 2170 5674 quoque

2251 4606 2480 4685 τέσσαρα
2530 4608 2658 4684 πρὸς
2721 4617 2836 4667 τοῖς
2909 4600 3303 4662 πεντακοσίοις,
3367 4593 3526 4673 Ἀνὴρ
3595 4590 3647 4648 δὲ
3721 4592 3909 4671 σοφώ-

2251 4717 2407 4758 τατος
2462 4696 2550 4751 καὶ
2618 4695 2915 4773 ἁγιώτατος
2993 4689 3067 4746 ὢν
3140 4686 3435 4766 συνέγραψε
3515 4680 3726 4746 πλείους
3799 4686 3911 4736 τῶν

2251 4783 2449 4864 λόγων,
2496 4785 2582 4840 καὶ
2615 4781 2896 4845 ἐπιστολὰς
2926 4781 3014 4837 καὶ
3041 4779 3256 4857 στίχους
3284 4770 3583 4849 ἷαμϐικοὺς,
3637 4771 3724 4826 καὶ
3768 4767 3910 4825 ἄλλα

2251 4873 2425 4932 πολλὰ
2453 4873 2613 4953 λόγου
2643 4874 2730 4930 καὶ
2760 4873 2985 4953 χάριτος
3016 4867 3156 4941 ἄξια,
3188 4866 3276 4922 καὶ
3303 4861 3534 4925 πολλοὺς
3563 4861 3666 4919 τῶν
3697 4860 3908 4939 ἀνθρώ-

2251 4989 2366 5022 πων
2400 4963 2722 5032 ἐξεπαίδευσε
2754 4951 2827 5021 ὧν
2878 4956 3298 5039 πεπληρωμένος
3343 4960 3441 5021 τῆς
3497 4959 3589 5011 τοῦ
3645 4951 3908 5030 παναγίου

2254 5057 2556 5132 Πνεύματος
2587 5055 2831 5135 χάριτος.
2901 5075 2927 5108 α
2986 5047 3145 5111 Vita.
3177 5044 3336 5135 νὶδὶι
3365 5045 3624 5107 Joannes
3652 5039 3760 5102 sub
3793 5041 3908 5101 im-

2252 5130 2525 5227 peratore
2553 5130 2954 5205 Romanorum
2985 5134 3369 5202 Constantino
3417 5130 3811 5227 Monomacho
3844 5137 3908 5192 et

2251 5218 2632 5313 imperatrice
2668 5231 2806 5295 Zoe.
2836 5227 3066 5292 Exinde
3103 5233 3300 5287 autem
3331 5221 3474 5286 anni
3502 5218 3910 5284 extenduntur

2253 5308 2558 5402 sexaginta
2587 5329 2841 5402 quatuor
2895 5334 3076 5398 supra
3132 5313 3493 5402 quingentos
3517 5308 3612 5388 (ad
3643 5317 3904 5389 tempus,

2254 5400 2423 5495 puto.
2457 5431 2572 5494 quo
2603 5400 2856 5491 scriptor
2885 5408 3000 5469 iste
3053 5403 3242 5495 vixit).
3307 5400 3598 5495 Quoniam
3631 5415 3772 5460 vero
3804 5415 3905 5459 sa-

2255 5487 2561 5584 pientia-et.
2581 5487 2891 5562 sanctitate
2909 5496 3043 5558 vita
3065 5495 3129 5556 in
3150 5492 3360 5576 primis
3390 5487 3733 5584 excelleret,
3757 5505 3905 5549 con-

2253 5577 2492 5675 scripsit
2523 5593 2723 5674 plures
2783 5587 3103 5660 orationes,
3164 5590 3224 5646 et
3278 5577 3583 5666 epistolas,
3613 5585 3673 5640 et
3699 5594 3910 5642 versus
