4144 6374
292 404 440 475 1041

1797 404 2143 470 ΝΟΤΙΤΙΑ.

3508 403 3676 470 1οη

279 538 592 620 iambicos,
644 539 881 620 aliaque
941 540 1168 615 multa,-
1209 537 1388 618 digna
1435 557 1569 620 qua
1623 534 2770 618 laudenturAdemOpusculacontinet,
2796 541 2936 616 puta
2964 533 3240 599 Canones
3271 536 3666 617 paracleticos

281 637 564 710 grataque
623 629 1003 692 habeantur:
1071 629 1289 690 multos
1366 628 1613 709 insuper
1666 627 1940 690 homines
2021 627 3516 709 quosCanticaconsolatoriainterpretarilicet«ad
3541 632 3658 694 Do-

286 719 386 800 pie
419 719 699 800 erudivit,
733 728 938 800 utpote
969 719 1234 801 repletus
1264 717 1450 796 gratia
1480 717 1737 798 Spiritus
1769 734 1939 778 sanc-

278 821 349 869 ιι.
392 832 414 865 ι)

366 895 636 978 Scriptor
657 896 950 977 pramissi
970 897 1198 960 codicis
1219 905 1457 959 notatur
1480 896 1662 958 fuisse
1694 895 1934 978 quidam

281 987 550 1050 Andreas
570 987 882 1048 Damarius
902 986 1307 1066 Epidauriota,
1325 986 1494 1067 cujus
1525 987 1793 1066 ejusdem
1823 1003 1933 1049 n0-

285 1095 422 1137 nten
453 1075 586 1137 aliis
616 1095 850 1156 quoque
882 1075 1191 1138 codicibus
1219 1075 1277 1137 in
1305 1075 1644 1138 biblotheca
1672 1075 1938 1138 Casarea

277 1165 632 1246 inscriptum
662 1166 899 1244 legitur,
929 1185 998 1227 ac
1011 1165 1336 1246 prasertim
1351 1164 1677 1226 centesimo
1691 1170 1935 1244 septua-

271 1254 504 1334 gesimo
565 1254 834 1316 secuntlo
891 1255 1051 1316 inter
1101 1254 1516 1333 theologicos;
1574 1253 1676 1315 ubi
1727 1254 1938 1315 leviter

275 1351 510 1405 mutato
541 1343 788 1406 nomine
839 1352 1080 1406 vocatur
1136 1342 1244 1405 sub
1301 1343 1482 1405 ﬁnem
1514 1341 1652 1404 libri
1684 1341 1930 1422 Ἀνδρέας

275 1435 558 1514 Τάρμαρος
590 1438 618 1491 ὁ
649 1432 1069 1514 Ἐπιδαυριώτης
1103 1453 1116 1494 :
1165 1441 1301 1495 atas
1330 1451 1564 1514 quoque
1621 1432 1752 1511 ejus
1808 1431 1929 1493 ibi-

275 1522 414 1583 dem
432 1521 754 1597 indicatur,
774 1541 882 1604 per
894 1522 1258 1604 descriptum
1272 1522 1490 1584 Christi
1503 1540 1723 1584 annum
1751 1522 1925 1586 1560.

275 1611 565 1672 Eamdem
597 1611 892 1673 Darmarii
939 1619 1174 1674 atatem
1205 1613 1518 1673 conﬁrmat
1547 1610 1834 1690 Gangius,
1867 1609 1928 1672 in

277 1700 512 1763 Prafat.
550 1700 622 1762 ad
656 1719 827 1762 suum
853 1700 1252 1776 Paschalium,
1280 1719 1412 1762 cum
1444 1700 1605 1764 illius
1634 1700 1932 1780 ecgrapho

277 1789 556 1854 collatum
587 1809 650 1853 n.
681 1789 780 1865 33,
814 1790 916 1852 ubi
946 1789 1174 1852 inducit
1204 1789 1470 1852 Isaacum
1500 1789 1927 1853 Casaubonum
1955 1828 1993 1877 Β

270 1887 671 1954 asserentem,
696 1880 852 1960 quod
877 1879 953 1942 ab
981 1879 1198 1942 eodem
1224 1881 1531 1943 Darmario
1560 1904 1584 1934 α
1610 1877 1934 1960 ΕῐηίιΑΓτὶέ

269 1985 487 2030 canum
528 1968 618 2031 De
649 1959 863 2032 bellico
893 1977 1224 2050 apparatu,
1263 1977 1320 2030 et
1335 1969 1756 2048 Fragmentum
1773 1959 1933 2031 Petri

267 2058 664 2121 Alexandrini
697 2057 770 2120 de
799 2057 1110 2121 Paschate.
1175 2083 1198 2116 ιο
1260 2059 1446 2122 Natus
1499 2057 1662 2120 enim
1695 2057 1932 2120 IsaacuS

267 2148 374 2210 ille
406 2148 513 2210 fuit
541 2167 701 2211 anno
733 2150 908 2225 1559,
946 2157 1006 2211 et
1025 2151 1150 2230 jam
1184 2157 1310 2211 erat
1333 2147 1931 2229 ajuventuteGracis

268 2237 626 2319 Latinisque
650 2237 867 2300 litteris
926 2237 1271 2300 excolendis
1327 2246 1504 2319 atque
1534 2238 1928 2301 eruderandis

265 2327 572 2389 veteribus
607 2328 1010 2389 monumentis
1039 2326 1326 2401 intentus,
1359 2327 1528 2390 facile
1560 2329 1749 2409 potuit
1776 2329 1925 2392 ado-

271 2417 510 2480 lescens
542 2417 672 2498 ipse
699 2417 1000 2480 seniorem
1052 2416 1427 2480 Darmarium
1485 2418 1832 2480 convenisse
1863 2419 1924 2479 in

272 2506 491 2570 Gallia.
518 2505 595 2569 Ut
619 2514 814 2568 autem
846 2506 1128 2586 pracitati
1155 2506 1378 2568 codicis
1408 2507 1663 2587 scriptor
1692 2507 1926 2568 exstite-

273 2596 354 2658 rit
390 2596 726 2658 Darmarius
757 2615 914 2658 anno
950 2596 1125 2677 1560,
1161 2603 1302 2658 tunc
1333 2597 1482 2658 forte
1529 2595 1725 2658 adhuc
1748 2596 1926 2675 juve-

274 2689 391 2763 nis,
425 2689 506 2751 ita
533 2689 768 2750 videtur
794 2697 1000 2750 auctor
1051 2688 1235 2751 fuisse
1280 2689 1547 2770 adjuncti
1577 2689 1928 2769 Compendii

269 2780 441 2850 Vita,
473 2787 530 2840 et
552 2777 792 2860 quidem
813 2777 1045 2860 primus
1067 2796 1420 2842 :recensens
1444 2778 1602 2840 enim
1626 2779 1686 2840 in
1706 2779 1809 2840 illo
1827 2797 1929 2840 an-

2021 717 2249 780 minum
2271 727 2330 780 et
2351 719 2541 782 Deum
2564 726 2831 781 nostrum
2856 718 3405 796 JesumChrismm;
3432 744 3457 777 ι)
3487 730 3665 782 sunt»

2019 826 2134 888 que
2158 807 2358 887 viginti
2382 817 2632 890 quatuor
2652 815 3002 882 numero,et
3038 806 3254 884 singuli
3293 827 3461 870 suam
3490 827 3666 871 acro-

2017 897 2330 959 stichidem
2363 898 2607 962 habent.
2664 897 2941 961 Continet
2993 895 3215 959 deinde
3263 897 3414 960 alios
3442 897 3671 961 similes

2019 1005 2276 1048 canones
2307 986 2457 1048 duos
2487 988 2558 1049 ad
2593 986 2873 1049 eumdem
2907 985 3228 1049 Dominum
3259 995 3528 1050 nostrum
3561 1010 3577 1066 ;
3611 995 3672 1050 et

2018 1076 2257 1138 tertium
2290 1075 2360 1137 ad
2412 1075 2688 1156 angelum
2739 1075 3049 1138 custodem
3085 1096 3099 1137 :
3155 1095 3409 1158 quorum
3440 1076 3672 1158 priores

2019 1165 2148 1227 sine
2181 1165 2481 1246 posterior
2512 1185 2645 1228 cum
2675 1165 3078 1228 acrostichide
3093 1174 3252 1229 sunt.
3279 1165 3670 1248 Subsequun-

2020 1261 2117 1316 tur
2138 1274 2273 1318 mox
2299 1280 2327 1312 α
2355 1255 2416 1317 in
2449 1255 2886 1318 sanctissimam
2916 1255 3230 1318 Dominam
3272 1265 3535 1318 nostram
3558 1257 3669 1320 Dei

2018 1341 2381 1406 Genitricem
2402 1362 2664 1408 canones
2685 1346 2785 1420 67,
2816 1353 2874 1408 et
2892 1343 2954 1406 in
2977 1343 3041 1408 S.
3077 1347 3366 1408 Joannem
3393 1348 3664 1410 Pracur—

2012 1450 2210 1495 sorem
2244 1451 2505 1498 canones
2558 1433 2869 1498 undecim.
2935 1459 2962 1490 υ
3025 1433 3295 1516 Denique
3327 1433 3516 1497 codex
3545 1435 3665 1500 309

2012 1522 2425 1603 complectitur
2446 1523 2672 1605 aliquot
2709 1523 2783 1586 ad
2794 1522 3093 1586 Christum
3107 1542 3394 1607 canones,
3409 1543 3666 1608 quorum

2012 1611 2206 1693 primo
2250 1613 2384 1674 talis
2443 1614 2765 1694 praligitur
2821 1613 3196 1692 acrostichis,
3259 1622 3472 1693 Πρῶτον
3520 1615 3665 1698 φέρω

2017 1701 2250 1778 μέλισμά
2278 1725 2384 1774 σοι,
2417 1711 2548 1761 Θεοῦ
2577 1703 2739 1784 Λόγε,
2771 1705 3011 1783 μοναχὸς
3044 1703 3317 1770 Ἰωάννης.

2097 1793 2296 1872 Atque
2318 1791 2380 1854 hi
2403 1791 2640 1854 codices
2665 1798 2918 1872 quatuor
2937 1809 3098 1854 nunc
3115 1799 3252 1854 sunt
3289 1791 3668 1857 bibliotheca

2023 1881 2326 1958 Caesarea,
2353 1900 2425 1944 eo
2447 1881 2592 1943 illati
2615 1900 2650 1942 a
2665 1880 2898 1944 duobus
2917 1881 3112 1943 studio
3137 1889 3196 1943 et
3219 1880 3491 1944 doctrina
3511 1902 3668 1964 pra-

2018 1969 2312 2032 stantibus
2341 1970 2506 2044 viris,
2531 1969 2770 2032 natione
2799 1969 3018 2050 Belgis,
3052 1970 3310 2050 Augerio
3333 1971 3666 2036 Busbeckio

2018 2069 2078 2121 et
2098 2059 2447 2123 Sebastiano
2469 2061 2895 2142 Tengnagelio.
2923 2061 2993 2123 Et
3016 2061 3493 2126 ducentesimum
3525 2065 3664 2147 qui-

2013 2149 2151 2211 dem
2210 2151 2596 2213 undecimum
2653 2170 2789 2213 cum
2849 2151 3121 2232 pluribus
3176 2152 3310 2214 aliis
3367 2171 3438 2216 eo
3469 2153 3669 2219 intulit

2011 2239 2444 2320 Tengnagelius
2483 2263 2499 2316 ;
2560 2239 2827 2320 reliquos
2878 2259 3017 2302 vero
3048 2247 3170 2303 tres
3204 2261 3339 2305 cum
3371 2243 3506 2306 aliis
3533 2246 3667 2325 plus

2010 2348 2188 2410 quam
2222 2329 2494 2392 ducentis
2524 2329 2724 2391 intulit
2754 2328 3147 2405 Busbeckius,
3209 2350 3244 2392 a
3302 2350 3368 2394 se
3399 2333 3666 2398 studiose

2011 2419 2378 2500 conquisitos
2405 2429 2464 2480 et
2523 2426 2898 2498 comparatos
2940 2418 3002 2478 in
3052 2417 3306 2496 Gracia,
3364 2439 3502 2484 cum
3555 2442 3662 2504 pro

2009 2509 2447 2588 Augustissimo
2505 2509 2738 2572 Caesare
2793 2507 3175 2570 Ferdinando
3219 2513 3247 2574 Ι
3299 2510 3661 2591 legationem

2010 2597 2206 2660 obiret
2252 2598 2790 2679 Constantinopoli.
2849 2595 2968 2661 Sed
3029 2616 3228 2678 opera
3279 2600 3537 2681 pretium
3566 2601 3661 2665 fe-

2010 2707 2170 2770 cero,
2207 2687 2258 2750 si
2311 2688 2404 2750 his
2462 2705 2796 2769 apposuero
2851 2705 3144 2749 canonum
3203 2686 3266 2749 in
3312 2689 3661 2772 Deiparam,

2011 2779 2084 2840 de
2107 2778 2322 2860 quibus
2342 2778 2550 2840 codice
2571 2779 2710 2854 299,
2735 2777 2970 2839 titulum
2991 2785 3200 2854 totum,
3230 2785 3295 2841 ut
3314 2777 3401 2840 ibi
3422 2779 3662 2860 legitur,

267 2868 1150 2951 nosquiinterConstantinum
1184 2869 1643 2932 Monomachum
1667 2881 1726 2929 et
1757 2887 1922 2930 suam
2007 2868 2078 2930 ad
2133 2869 2618 2948 cognoscendum
2673 2867 3018 2930 distinctius
3075 2874 3380 2931 auctorem
3439 2868 3661 2950 ipsum.

267 2967 501 3021 atatem
533 2959 1028 3034 intercesserunt,
1085 2957 1265 3020 debet
1317 2957 1446 3040 ipse
1502 2957 1924 3038 compendium

2011 2959 2236 3022 Κανόνες
2335 2959 2724 3038 παρακλητικοὶ
2807 2962 2905 3027 τῆς
2986 2958 3269 3038 ὑπεραγίας
3372 2961 3663 3028 Δεσποίνης

268 3048 416 3111 illud
455 3057 555 3110 aut
586 3048 814 3129 primus
845 3047 1156 3128 scripsisse
1186 3055 1287 3109 aut
1333 3047 1718 3110 contraxisse.
1753 3047 1924 3120 Quod

2011 3050 2160 3124 ἡμῶν
2217 3049 2497 3108 Θεοτόκου.
2546 3049 2759 3124 Ποίημα
2817 3047 3060 3106 Ἰωάννου
3125 3056 3390 3129 μοναχοῦ,
3441 3051 3502 3107 τὸ
3545 3050 3658 3108 ἐπί-

269 3147 468 3201 tamen
495 3156 811 3201 numerum
836 3156 1130 3200 annorum
1170 3137 1489 3218 aliquando
1505 3137 1794 3218 majorem
1813 3157 1921 3218 po-

2011 3137 2143 3204 κλην
2194 3137 2558 3218 Μαυρόποδος,
2604 3137 2697 3196 τοῦ
2739 3137 2792 3196 ἐν
2834 3137 3071 3217 ὑστέροις
3143 3138 3358 3218 χρόνοις
3428 3163 3657 3221 χρημα-

269 3237 373 3290 nat
401 3228 835 3300 intercessisse,
870 3246 1044 3308 quam
1077 3204 1320 3308 recepta
1341 3227 1516 3288 modo
1539 3204 1924 3304 clironologia

2011 3227 2247 3292 πείσαντος
2303 3227 2595 3308 ἀρχιερέως
2645 3229 2950 3307 Εὒχαὶτων,
3027 3230 3087 3284 οὗ
3141 3230 3204 3284 τὸ
3271 3204 3471 3304 rivom;-
3507 3229 3660 3287 ἐντέ-

269 3317 512 3400 patitur,
532 3316 748 3379 factum
773 3335 903 3378 esse
918 3325 1108 3397 potest
1125 3317 1361 3379 defectu
1374 3323 1667 3377 accurata
1705 3315 1928 3377 notitiae

265 3408 577 3488 temporis,
604 3425 718 3488 quo
741 3405 1512 3488 Monomachusimperavit.
1536 3404 1924 3469 Potestetiam

274 3496 406 3577 ipse
435 3497 728 3562 codicem.
760 3497 836 3558 de
866 3515 981 3577 quo
1027 3497 1126 3558 hic
1158 3495 1456 3577 pracipue
1485 3495 1740 3573 agimus,
1773 3495 1927 3556 scri-

269 3589 460 3665 psisse
489 3585 591 3649 diu
629 3593 759 3665 post
788 3585 984 3658 illum,
1017 3585 1114 3647 cui
1144 3603 1364 3646 annum
1410 3583 1556 3645 I560
1585 3584 1910 3648 annotavit.

265 3675 442 3738 Certe
459 3673 678 3756 aliquid
698 3682 797 3737 aut
819 3674 1028 3748 errori,
1072 3681 1172 3736 aut
1212 3673 1584 3754 ignorantia,
1623 3674 1914 3734 autémst-

263 3768 381 3823 κεία
408 3764 864 3827 concedendum
893 3773 984 3826 est
1031 3765 1082 3826 A
1120 3772 1307 3825 morte
1337 3762 1495 3824 enim
1545 3762 1914 3825 Constantini

262 3856 641 3919 Menemachi
666 3859 738 3918 ad
762 3874 950 3937 usque
971 3875 1196 3918 annum
1223 3854 1915 3919 1560deﬂuxeruntanui

259 3945 546 4007 duntaxat
574 3947 714 4020 506,
750 3953 1008 4026 ponente
1029 3945 1269 4007 interim
1292 3944 1530 4007 Andrea
1553 3962 1740 4006 annos
1772 3946 1908 4008 564.

260 4033 337 4097 Ut
360 4043 420 4096 ut
443 4045 531 4097 est
551 4035 626 4097 de
654 4053 834 4097 sensu
857 4035 1170 4115 scriptot-is
1201 4033 1487 4106 Andreae;
1523 4033 1585 4095 in
1613 4054 1684 4096 eo
1706 4033 1914 4096 saltem

262 4144 381 4185 non
410 4126 651 4197 erravit,
685 4125 840 4206 quod
872 4123 1165 4186 Joannem
1201 4123 1634 4203 metropolitam
1668 4123 1918 4185 Euchai-

261 4223 452 4276 tarum
487 4215 685 4296 (quem
717 4223 775 4276 et
802 4213 1226 4295 MaurOpodem
1274 4211 1562 4294 appellari
1601 4214 1776 4293 'lego)
1807 4212 1916 4275 sub

2009 3340 2195 3374 τακτχι
2226 3324 2293 3394 τῇ
2336 3314 2674 3397 ἀχροστιχίδι
2705 3317 2936 3385 ἑκάστης
2971 3316 3191 3384 ἐννάτης
3234 3317 3398 3392 ᾠδῆς.
3456 3338 3480 3374 ι
3537 3319 3657 3380 Ca-

2010 3424 2198 3467 nones
2226 3405 2507 3487 paracleti
2551 3403 2941 3467 sanctissima
2991 3405 3266 3469 Domina
3307 3413 3524 3469 nostra
3551 3406 3676 3471 Dei-

2011 3495 2351 3560 Genitricis.
2386 3495 2604 3557 Poema
2645 3494 2894 3559 Joannis
2927 3495 3226 3576 monachi,
3261 3505 3656 3576 cognomento

1996 3586 2379 3668 Mauropodis
2399 3604 2506 3649 seu
2528 3584 2575 3646 Ν
2583 3584 2886 3666 igripedis,
2914 3583 3014 3665 qui
3037 3583 3262 3646 ultimis
3283 3585 3657 3668 temporibus

1997 3677 2220 3739 exstitit
2249 3675 2735 3757 archiepiscopus
2753 3674 3176 3737 Euchaitarum
3205 3677 3415 3754 ;cujus
3447 3683 3506 3738 et
3535 3696 3650 3739 no-

1999 3784 2137 3827 men
2189 3764 2480 3827 insertum
2537 3771 2627 3826 est
2681 3761 3066 3826 acrostichidi
3121 3781 3296 3826 nona
3353 3765 3647 3848 cujusque

1998 3855 2148 3917 eda.
2190 3880 2218 3911 ι

2079 3943 2235 4006 Addi
2260 3943 2452 4005 citatis
2474 3941 2782 4006 Euchaita
2798 3942 3344 4025 scriptispossunt,
3383 3962 3514 4026 qua
3545 3964 3653 4008 no-

2000 4042 2080 4095 tat
2111 4034 2361 4096 Allatius
2387 4035 2445 4095 in
2476 4032 2744 4096 Diatriba
2793 4032 2870 4094 de
2913 4032 3323 4108 Simeonibus,
3360 4034 3651 4115 producto

1999 4127 2370 4206 singulorum
2433 4127 2723 4207 principio
2779 4125 3070 4207 tituloque
3101 4127 3356 4203 Graec;
3405 4144 3649 4208 nempe,

2007 4242 2028 4272 α
2059 4216 2374 4280 Orationes
2397 4215 2455 4276 in
2486 4217 2701 4278 festum
2741 4224 3087 4279 sanctorum
3112 4215 3475 4294 Angelorum
3514 4236 3530 4292 ;
3591 4216 3656 4279 in

265 4306 660 4366 Constantino
695 4305 1087 4364 Edonomacho
1129 4303 1345 4363 vixisse
1375 4311 1622 4365 asserat.
1657 4302 1718 4364 Id
1754 4302 1912 4364 enim
1998 4316 2260 4367 sanctam
2287 4304 2720 4366 Dormitionem
2750 4304 3140 4368 sanctissima
3159 4303 3596 4370 DeiGenitricis
3633 4327 3650 4381 ;

260 4412 328 4454 ex
355 4393 595 4474 scriptis
620 4393 810 4473 ipsius
836 4393 1014 4453 etiam
1035 4392 1281 4454 Joannis
1302 4392 1530 4452 eruitur
1553 4410 1568 4468 ;
1593 4399 1796 4472 utpote
1814 4392 1910 4473 qui
1996 4394 2057 4455 in
2081 4393 2428 4456 memoriam
2449 4393 2638 4456 sancti
2661 4394 3176 4473 megalomartyris
3209 4393 3550 4475 Theodori;
3587 4394 3651 4456 in

261 4481 448 4543 tribus
462 4481 836 4563 poematibus
849 4483 995 4561 suis,
1019 4481 1299 4542 videlicet
1318 4481 1418 4554 74,
1446 4482 1515 4545 87
1546 4481 1693 4542 et88
1717 4480 1774 4541 in
1809 4501 1910 4542 co-
1935 4483 1976 4532 Ι)
1998 4484 2347 4546 memoriam
2365 4482 3146 4563 sanctimartyrisTheodori
3163 4482 3404 4548 Tironis
3418 4483 3544 4545 sive
3576 4487 3649 4551 εἰς

259 4573 393 4633 ilice
419 4577 715 4648 Casareo,
736 4573 809 4631 de
836 4571 1224 4634 Constantino
1245 4579 1520 4652 tanquam
1545 4571 1913 4634 viventelau-
1993 4577 2082 4630 τόν
2115 4575 2383 4648 ἀνθισμόν·
2433 4573 2494 4633 in
2538 4575 2891 4634 memoriam
2921 4572 3109 4634 sancti
3143 4574 3416 4654 martyris
3445 4572 3650 4636 Theo-

256 4661 1044 4743 dabiliteragitaﬂirmatque
1068 4663 1199 4742 ejus
1221 4661 1543 4738 imaginem
1564 4662 1623 4722 in
1650 4663 1909 4724 Euchai-

259 4753 331 4814 tis
361 4753 660 4815 asservari

337 4841 641 4905 Hactenus
663 4843 737 4904 tle
760 4841 884 4902 viro
907 4841 1061 4923 ipso,
1088 4861 1291 4922 parum
1309 4841 1532 4903 Latinis
1553 4851 1690 4905 noto
1744 4843 1913 4905 Nunc

257 4933 334 4994 de
364 4932 603 5012 scriptis
633 4933 788 5012 eius,
822 4932 1018 4992 minus
1051 4931 1226 4993 etiam
1255 4937 1430 5006 rotis,
1454 4931 1679 5010 juverit
1711 4933 1911 4995 brevi--

258 5032 352 5085 ter
386 5031 662 5094 tractare,
697 5041 884 5102 eaque
904 5021 1198 5100 imprimis
1219 5019 1510 5094 indicare,
1538 5041 1668 5102 qua
1691 5022 1912 5084 biblio-

257 5114 432 5174 theca
456 5111 724 5175 Casarca
747 5111 1160 5172 subministrat
1185 5130 1328 5172 mss.
1367 5110 1565 5172 Exstat
1593 5111 1679 5172 ibi
1705 5113 1914 5175 codice

252 5203 373 5265 204
401 5202 560 5264 inter
597 5202 929 5280 theologos,
1001 5224 1022 5255 ιι
1088 5201 1332 5282 Joannis
1361 5202 1754 5282 Metropolila
1784 5207 1907 5267 Eu-

249 5293 580 5354 chaitarum
615 5277 924 5353 oratioiin'
953 5299 1072 5352 tres
1125 5277 1362 5354 san'ctos
1393 5277 1594 5352 Patres
1626 5292 1906 5354 Basilium

251 5383 552 5462 Magnum,
568 5381 919 5459 Gregorium
940 5379 1308 5459 Theologum
1329 5400 1432 5442 seu
1449 5381 1904 5454 Nazianzenum,

250 5480 309 5533 et
338 5473 624 5534 Joannem
655 5473 1179 5548 Chrtsostomum.
1220 5490 1248 5529 ι
1281 5470 1478 5533 Codex
1510 5471 1651 5552 2H,
1682 5490 1752 5533 ex
1787 5491 1902 5552 quo

1996 4663 2124 4724 dori
2150 4665 2270 4724 sive
2290 4672 2381 4721 τοῦ
2405 4670 2604 4734 ἰΙεζοῦ·
2660 4661 2719 4722 in
2765 4670 2886 4724 tres
2924 4669 3163 4723 sanctos
3200 4661 3496 4725 antistites
3530 4667 3646 4726 Ba-

1995 4749 2218 4822 silium,
2252 4750 2755 4829 Chrysostomum,
2789 4759 2848 4812 et
2873 4749 3231 4830 Gregorium
3269 4773 3283 4809 :
3346 4773 3370 4808 α
3405 4749 3555 4814 Item
3587 4753 3649 4814 in

1997 4841 2241 4902 eosdem
2275 4841 2462 4903 oratio
2492 4841 2626 4918 alia,
2673 4859 2922 4922 quarum
2954 4841 3119 4922 prior
3150 4839 3360 4903 eadem
3391 4850 3483 4906 est
3515 4860 3648 4904 cum

1995 4930 2170 4992 citata
2201 4950 2271 4992 ex
2325 4930 2686 4998 bibliotheca
2741 4929 3028 5004 Caesarea,
3089 4929 3392 5011 posterior
3444 4929 3518 4993 ab
3551 4930 3655 4994 illa

1995 5018 2250 5083 diversa.
2279 5020 2364 5082 Ad
2384 5021 2510 5082 hac
2547 5043 2568 5076 α
2600 5019 2914 5082 Orationes
2943 5020 3003 5080 in
3037 5020 3388 5082 memoriam
3420 5027 3644 5084 sancta

1997 5110 2269 5189 martyris
2290 5109 2560 5172 Eusebia
2582 5109 2738 5190 apud
2788 5108 3146 5186 Euchaitas;
3198 5108 3261 5170 in
3294 5110 3649 5173 memoriam

1996 5200 2194 5276 magni
2226 5199 2703 5281 Triumphatoris
2762 5206 2896 5281 post
2946 5199 3315 5261 celebratum
3347 5200 3657 5262 Paschatis

1994 5289 2288 5373 triduum;
2314 5292 2376 5352 in
2398 5291 2557 5352 diem
2581 5290 2890 5352 memoria
2929 5289 3128 5370 magni
3145 5288 3656 5372 Triumphatoris,

1991 5379 2174 5460 inque
2209 5399 2400 5460 nuper
2429 5381 2650 5442 factum
2673 5379 2829 5462 apud
2862 5378 3156 5442 Barbaros
3203 5379 3582 5441 miraculum.
3621 5405 3650 5436 ι

1991 5468 2263 5552 Denique
2293 5469 2450 5547 Vita,
2494 5489 2670 5551 quam
2708 5487 2806 5532 vos
2857 5468 3012 5531 infra
3038 5467 3421 5550 proferimus,
3463 5470 3655 5532 sancti

247 5561 677 5642 Compendium
739 5563 886 5621 Vita
936 5559 1061 5638 jam
1119 5559 1624 5642 deprompsimus,
1663 5561 1904 5622 exhibet
1989 5561 2180 5624 Patris
2201 5560 2386 5623 nostri
2409 5560 2974 5625 DorotheiJunioris
2997 5561 3124 5625 sive
3147 5562 3309 5619 τοῦὲν
3332 5569 3410 5636 τῷ
3453 5562 3650 5620 Χιλιω-

243 5658 516 5729 poemata
545 5650 662 5710 duo
695 5668 874 5730 supra
929 5656 1197 5720 centum,
1248 5647 1531 5729 pleraque
1561 5649 1901 5725 argumenti
1983 5653 2175 5727 κώμω.
2210 5651 2282 5712 Ει
2316 5653 2443 5713 hac
2499 5650 2746 5731 quidem
2807 5651 3034 5733 scripta
3091 5653 3248 5730 ejus,
3299 5651 3372 5715 ab
3430 5651 3646 5715 Allatio

240 5739 422 5814 sacri,
456 5758 627 5802 versu
659 5738 917 5801 iambico
947 5737 1326 5799 concinnata.
1362 5737 1561 5802 Codex
1583 5739 1703 5800 ‘299
1727 5739 1899 5819 ejus-
1988 5742 2267 5824 indicata,
2294 5741 2380 5804 uti
2405 5742 2740 5825 superiora,
2763 5743 2824 5806 in
2849 5739 3161 5806 codicibus
3181 5741 3471 5808 Casareis
3495 5761 3647 5806 con-
