4144 6396
435 392 586 459 1043
629 403 636 414 ⁸
1653 396 1976 460 JOANNIS
2019 397 2091 459 ΕΙ

2179 398 2583 464 HAITENSIS
3663 397 3822 464 1044

428 537 617 611 tenta,
639 537 960 593 annotasse
1002 530 1279 593 sufﬁciat.
1314 530 1642 594 Indicatum
1674 539 1872 594 tamen
1904 527 2139 611 cupi-A
2163 535 2362 608 ponto.
2423 529 2575 594 Hinc
2631 532 2918 615 colligere
2979 541 3092 611 est,
3177 533 3426 596 multum
3509 532 3822 595 aberrasse

427 639 562 684 mus
592 623 816 684 amanti
854 631 1200 686 sanctorum
1249 623 1453 704 gloria:
1481 624 1713 699 lectori,
1748 620 2076 686 desiderari
2162 619 2605 697 Ferrarium,in
2620 623 2784 686 Nova
2803 621 3219 703 Topographia
3240 623 3313 686 ad
3336 620 3819 704 Martyrologium

425 710 600 774 nobis
618 730 984 794 magnopere
1010 714 1348 795 praecitatas
1370 713 1672 776 orationes
1689 712 2080 795 metropolitae

427 801 503 866 de
534 799 592 864 S.
632 802 914 879 Eusebia,
950 811 1010 865 et
1037 803 1113 864 de
1145 811 1398 885 utroque
1429 803 1768 865 Theodoro.

509 890 588 952 At
617 909 756 953 vero
787 891 956 954 lubet
982 892 1300 957 Lambecio
1325 893 1825 972 grammaticalem
1847 910 2082 973 quoque

429 979 821 1061 quaestionem
835 981 1509 1058 movere,dicendumne
1525 981 1602 1044 sit
1617 983 2078 1050 Euchaitarum.

430 1087 504 1131 an
516 1069 1406 1151 Euchaitarumhensetqueex
1421 1070 2078 1150 Graecaterminatione,

429 1159 823 1240 posteriorem
845 1161 1131 1242 loquendi
1157 1161 1399 1223 modum
1416 1161 1600 1242 priori
1620 1160 2078 1242 praeferendum,

430 1245 545 1310 Sed
583 1266 691 1328 ego
724 1252 784 1310 in
819 1249 1146 1323 locutione,
1181 1251 1334 1332 apud
1393 1251 1632 1314 Latinos
1655 1251 1783 1332 jam
1817 1257 2080 1328 recepta,

430 1337 872 1400 nilmutandum
897 1339 1070 1417 duxi;
1096 1340 1636 1422 Euchaitarumque
1659 1341 1874 1422 potius,
1909 1359 2083 1421 quam

429 1424 852 1490 Euchaitarum
877 1429 1224 1511 episcopum
1250 1430 1550 1511 appellare
1574 1430 1752 1491 malui
1769 1433 2085 1504 Joannem;

431 1515 757 1579 accedente
789 1520 1118 1599 praesertim
1153 1519 1226 1581 ad
1288 1520 1628 1582 Latinorum
1681 1537 1876 1595 usum,
1912 1520 2086 1580 etiam

430 1604 773 1669 Graecorum
793 1608 1169 1685 auctoritate,
1197 1609 1359 1670 idem
1383 1628 1603 1671 nomen
1627 1627 1733 1690 per
1747 1608 2092 1670 declinatio-

431 1713 568 1757 nem
614 1714 781 1759 suam
813 1697 1142 1760 secundam
1207 1717 1366 1780 saepe
1423 1699 1707 1778 (quamvis
1737 1698 1955 1779 saepius
1986 1716 2092 1777 per

2165 708 2522 784 Romanum,
2558 712 2795 792 quando
2837 712 3184 774 Heracleam
3243 711 3549 775 Ponticam
3583 710 3821 774 descri-

2165 795 2336 872 bens,
2373 797 2577 861 urbem
2611 801 2666 861 ei
2698 803 3021 881 proximam
3080 803 3216 864 facit
3265 801 3634 864 Euchaitam.
3669 802 3823 864 Nam

2164 884 2452 950 Heraclea
2471 889 2532 950 in
2559 891 2862 970 provincia
2888 891 3251 966 Honoriade,
3274 901 3335 954 et
3355 891 3599 972 quidem
3625 909 3826 952 remo-

2165 973 2395 1038 tissima
2412 978 2542 1058 ejus
2568 987 2731 1058 parte
2754 980 2888 1055 sita,
2917 999 3033 1042 non
3083 989 3304 1044 tantum
3355 988 3474 1042 toto
3501 979 3824 1061 provincia:

2166 1083 2308 1139 sum,
2344 1086 2516 1147 quam
2547 1067 2663 1131 late
2694 1078 2875 1150 patet,
2930 1070 3158 1151 spatio;
3207 1070 3312 1133 sed
3347 1070 3524 1133 etiam
3558 1069 3819 1150 Paphla-

2167 1155 2379 1232 goniae,
2413 1158 2728 1237 quaeinter
2777 1159 3182 1222 Honoriadem
3233 1168 3292 1221 et
3339 1159 3813 1238 Helenopontum

2170 1245 2501 1325 interjacet,
2561 1247 3009 1324 disterminatur
3066 1250 3140 1311 ab
3185 1249 3510 1312 Euchaitis.
3572 1247 3813 1309 Veriora

2172 1333 2394 1396 habent
2422 1335 2568 1398 Acta
2606 1338 2867 1419 martyrii
2925 1339 2988 1404 S.
3045 1338 3347 1403 Theodori
3403 1338 3641 1401 Tironis
3671 1355 3815 1398 mss.

2173 1423 2395 1503 Latina,
2447 1445 2697 1506 quorum
2746 1429 3114 1508 exemplaria
3167 1437 3424 1510 quatuor
3480 1445 3664 1510 penes
3713 1443 3825 1487 nos

2173 1521 2327 1587 sunt,
2347 1533 2416 1576 ex
2433 1515 2609 1578 variis
2622 1516 3003 1580 bibliothecis
3017 1519 3396 1600 deprompta:
3424 1537 3606 1600 eaque
3621 1517 3826 1578 omnia

2173 1602 2536 1666 unanimiter
2591 1605 2777 1683 aiunt,
2833 1617 3160 1670 matronam
3210 1609 3471 1670 nobilem
3506 1605 3823 1669 Eusebiam

2174 1693 2548 1756 transtulisse
2566 1713 2785 1776 corpus
2807 1697 2993 1758 sancti
3034 1697 3304 1778 martyris
3342 1719 3363 1752 ι
3408 1697 3468 1758 in
3502 1697 3829 1777 possessio-

435 1784 696 1877 tertiam)
733 1785 1190 1877 inﬂectentium.
1228 1790 1392 1868 Lege
1421 1787 1579 1851 enim
1604 1788 1664 1850 in
1696 1788 1941 1852 Menaeis
1972 1789 2088 1849 im-
2115 1828 2154 1877 Β
2177 1799 2311 1877 ueni
2338 1799 2528 1877 suam,
2562 1803 2692 1865 qua:
2722 1786 2903 1848 distat
2923 1805 2955 1848 a
2994 1787 3501 1877 civitateAmasia
3529 1786 3622 1877 via
3650 1783 3830 1877 unius

433 1872 679 1954 pressis,
706 1875 778 1936 ad
801 1875 960 1939 diem
988 1878 1024 1942 8
1067 1877 1406 1953 Februarii,
1449 1879 1502 1934 ἐν
1532 1893 1651 1944 ταῖς
1684 1879 1987 1958 εὒχαῖταις,
2037 1887 2096 1939 et
2121 1870 2151 1877 ⁷
2183 1870 2324 1948 diei,
2345 1870 2406 1932 in
2430 1873 2624 1938 locum
2651 1877 2748 1956 qui
2768 1886 3010 1938 vocatur
3028 1876 3380 1939 Euchaita.)
3414 1873 3830 1938 JacetAmasia

433 1962 506 2025 ad
529 1962 752 2026 8Junii
799 1967 852 2023 ὲν
895 1970 1162 2048 Bolani-ca.
1200 1969 1343 2028 Item
1378 1968 1439 2029 in
1469 1965 1802 2047 Menologio
1837 1987 1948 2030 ms.
1986 1972 2097 2030 Ba-
2184 1960 2244 2020 in
2259 1969 2520 2026 extrema
2562 1965 2835 2028 orientali
2868 1974 3032 2047 parte
3063 1966 3460 2048 Helenoponti
3480 1966 3556 2028 ad
3581 1964 3823 2027 ﬂuviqu

434 2049 554 2113 silii
584 2051 989 2134 imperatoris,
1022 2069 1306 2119 narrante
1335 2056 1410 2118 ad
1467 2057 1626 2118 diem
1672 2057 1708 2118 8
1735 2056 1894 2120 Junii
1928 2057 2006 2119 de
2037 2056 2098 2121 S.
2186 2048 2326 2112 irim
2355 2074 2369 2133 ;
2406 2054 2547 2116 hinc
2575 2055 2758 2134 igitur
2785 2057 2856 2119 ad
2891 2057 3063 2118 aliam
3091 2057 3357 2138 quamvis
3389 2056 3616 2136 plagam
3648 2054 3830 2133 hujus

435 2138 778 2224 Theodoro,
802 2145 958 2225 quod
978 2145 1246 2227 reliquiae
1271 2148 1397 2226 ejus
1427 2146 1709 2227 depositae
1729 2154 1866 2208 sunt
1893 2148 1945 2205 ἐν
1979 2153 2084 2208 Εὐ-
2189 2139 2377 2220 ipsius
2422 2143 2737 2224 provinciae
2767 2146 2818 2206 si
2872 2146 3089 2208 itinere
3146 2145 3320 2206 unius
3349 2145 3469 2207 diei
3497 2143 3830 2207 subsistere

434 2233 576 2310 χα’ίᾳ
604 2231 829 2301 πλησίον
861 2236 1167 2317 Εὖχαϊτῶν.
1201 2236 1369 2298 Adde
1426 2235 1735 2313 Zonaram,
1771 2237 1832 2299 in
1863 2239 2087 2301 Joanne

2179 2231 2401 2302 vesperi
2433 2233 2684 2312 cegeris,
2722 2234 3080 2315 perrexeris,
3113 2235 3273 2296 inter
3303 2233 3647 2314 praedictum
3682 2229 3822 2294 [rim

435 2317 686 2383 Zimisce
715 2322 1102 2399 scribentem,
1136 2327 1269 2385 κατὰ
1325 2328 1423 2394 τὴν
1474 2328 1738 2406 Εὒχανίαν
1791 2327 1825 2394 ἢ
1878 2328 2084 2407 uexat-

2179 2324 2229 2378 et
2260 2317 2452 2382 Halim
2486 2323 2730 2398 ﬂuvios;
2756 2332 2931 2405 atque
2957 2325 3105 2387 adeo
3126 2323 3284 2385 inter
3302 2321 3543 2385 eosdem
3568 2319 3825 2385 Euchai-

433 2431 553 2473 ταν.
581 2409 887 2474 Cedrenus
909 2433 1144 2496 quoque
1165 2415 1226 2476 in
1259 2417 1470 2477 eodem
1503 2414 1775 2491 Zimisce,
1805 2417 2082 2478 eumdem
2169 2411 2287 2468 tam
2323 2429 2572 2492 quaeque
2603 2413 2863 2476 colloces
2895 2414 3120 2478 licebit.

436 2497 634 2561 locum
659 2503 954 2583 Εὒχανείκν
983 2505 1266 2586 appellat.
1287 2504 1503 2578 Quidni
1539 2505 1717 2585 igitur
1741 2505 1949 2568 eadem
1983 2525 2092 2568 vox
2258 2498 2583 2563 Clariorem
2639 2503 2803 2566 hisce
2879 2505 3119 2566 afferret
3204 2505 3379 2567 etiam
3441 2505 3634 2565 lucem
3695 2501 3827 2563 Vita

436 2591 682 2668 Εὒχαΐτα
721 2591 831 2653 sub
881 2612 997 2655 una
1046 2594 1468 2656 terminatione
1527 2595 1844 2674 singularis
1871 2595 2096 2674 pariter
2179 2589 2382 2654 Graeca
2413 2610 2502 2652 ms
2562 2591 2626 2656 S.
2663 2593 2958 2666 Barbarae,
3023 2613 3198 2676 quam
3251 2613 3443 2676 nuper
3500 2593 3764 2656 eruimus
3796 2613 3830 2654 e

436 2693 510 2738 ac
540 2676 786 2758 pluralis
818 2681 895 2745 sit
929 2683 1186 2758 numeri,
1239 2693 1299 2745 et
1352 2702 1460 2763 per
1492 2684 1741 2764 primam
1776 2683 1997 2764 pariter
2025 2703 2095 2747 ac
2180 2677 2542 2743 bibliotheca
2565 2684 2852 2757 Caesarea,
2894 2684 2942 2745 si
2979 2684 3220 2748 termini
3243 2683 3539 2746 distantia:
3570 2682 3833 2744 notiores

438 2766 762 2828 secundam
837 2769 1179 2832 Latinorum
1241 2772 1702 2834 declinationem
1768 2773 2095 2856 ﬂectatur;
2179 2768 2394 2834 forent.
2428 2770 2618 2834 Habet
2647 2771 2780 2834 Vita
2806 2773 2907 2835 illa
2936 2774 2998 2835 in
3030 2773 3322 2855 principio
3359 2796 3372 2832 :
3460 2782 3532 2831 Ην
3581 2773 3633 2830 δὲ
3677 2773 3730 2827 ἐν
3759 2780 3829 2847 τῇ,

439 2856 940 2942 quemadmodum
972 2861 1157 2921 scitur
1189 2860 1319 2922 fieri
1367 2861 1424 2921 in
1486 2860 1723 2922 urbium
1756 2861 2091 2923 nominibus

2181 2859 2335 2938 χώρᾳ
2359 2867 2426 2936 τῇ
2453 2861 2765 2939 ἀνατολικῇ,
2818 2871 2885 2940 τῇ
2926 2863 3226 2940 καλουμένῃ
3283 2857 3641 2942 Ἡλιουπόλει⁵
3700 2863 3834 2939 ἀνὴρ

435 2941 692 3033 Solyma
725 2945 1002 3026 Gangra,
1064 2949 1341 3030 aliisque.
1403 2949 1554 3022 Quid
1615 2950 1789 3011 etiam
1822 2949 2091 3031 prohibet

2179 2957 2444 3006 κατοικῶν
2516 2952 2569 3008 ἐν
2629 2955 2812 3033 χωρίῳ
2856 2952 3218 3032 ἐπιλεγομένῳ
3262 2953 3540 3019 Γελασέοις
3598 2957 3671 3017 ὡς
3728 2954 3835 3008 ἀπο

439 3030 642 3095 dicere
673 3053 877 3097 vocem
909 3038 1216 3100 Euchaita
1247 3057 1496 3100 numero
1529 3030 1840 3118 singulari,
1875 3039 2091 3116 gentile

2181 3037 2370 3112 μιλίων
2401 3030 2950 3122 δεκαδύωυεῦχκΐτων
3015 3030 3041 3098 ix
3076 3030 3215 3105 Erat
3257 3043 3316 3104 in
3348 3044 3596 3124 regione
3621 3040 3828 3104 orien-

436 3124 810 3216 essepopuli,
838 3125 1131 3189 civitatem
1147 3127 1844 3210 Euchaitamincolentis,
1873 3148 2087 3210 quem-
2108 3162 2146 3211 ε
2178 3125 2303 3204 tali,
2339 3147 2469 3209 quas
2497 3130 2829 3210 appellatur
2858 3131 3208 3212 Heliopolis,
3265 3132 3354 3194 vir
3384 3133 3623 3216 quidam
3658 3127 3828 3192 habi-

434 3210 755 3275 admodum
781 3233 815 3276 a
835 3216 1193 3295 civitatibus,
1215 3238 1342 3282 non
1362 3220 1682 3281 admodum
1711 3219 1782 3282 ab
1804 3219 2086 3281 Euchaita
2122 3210 2132 3211 ί
2173 3223 2300 3278 tans
2326 3220 2385 3280 in
2411 3219 2540 3281 loco
2564 3223 2983 3300 cognominan
3011 3210 3300 3300 Gelaseis,
3322 3248 3335 3283 t
3358 3210 3565 3288 ir'citer
3587 3240 3668 3288 xu
3689 3219 3829 3282 mil-

437 3303 706 3381 remotis,
728 3305 1104 3369 deducuntur
1120 3310 1361 3388 gentilia
1393 3310 1538 3383 haec,
1561 3310 1856 3392 Cypasita,
1883 3309 2082 3382 Zelita,
2171 3305 2358 3369 liariis
2381 3307 2594 3371 dissito
2616 3311 2688 3372 ab
2717 3309 3041 3375 Euchaitis.
3064 3312 3316 3375 {'Habet
3347 3314 3558 3377 iterum
3593 3315 3653 3376 in
3687 3314 3826 3386 line,

435 3392 632 3456 Berita
653 3414 668 3472 ;
687 3403 752 3456 ut
776 3395 924 3458 nihil
947 3398 1022 3460 de
1041 3400 1701 3472 remotioribusdicam,
1721 3400 2086 3480 Ascalonita,

435 3484 853 3563 Bethleemita,
867 3487 1115 3570 aliisque
1129 3490 1635 3570 sexcentiszhujus
1660 3498 1822 3551 certe
1844 3497 2092 3550 senten-

432 3571 722 3637 tiaafuitin
736 3578 1117 3640 mss.nostris
1149 3599 1477 3656 nonnemo,
1521 3579 1623 3661 qui
1659 3579 1867 3641 scrinit
1896 3580 1948 3635 ἐν
1980 3594 2095 3643 τοϊς

432 3666 751 3743 Εὐχαΐταις.
787 3665 904 3729 Sed
936 3667 1061 3730 haec
1093 3671 1498 3748 grammaticis
1523 3669 1937 3750 relinquenda.
1975 3668 2096 3731 Nos

431 3751 621 3834 ipsam
655 3755 866 3818 urbem
921 3757 1264 3822 Euchaitam
1323 3761 1574 3841 ejusque
1623 3759 1800 3822 situm
1840 3759 2092 3838 indage-

434 3860 586 3904 mus.

513 3933 1148 4016 AntiquumEuchaitis
1164 3940 1761 4021 fuisseepiscopatum
1777 3937 2094 4019 aliquando

435 4023 910 4088 credidiLabbeo
923 4035 1125 4090 nostro
1143 4037 1258 4090 tom
1272 4027 1864 4093 .llConciliorumcol
1879 4079 1888 4089 .
1902 4037 1931 4088 .‘5
1941 4028 2028 4102 5,u
2038 4027 2095 4088 bi

435 4111 593 4174 inter
613 4113 762 4176 alios
798 4115 1109 4197 episcopos
1143 4118 1204 4180 in
1235 4119 1578 4201 Egyptiaca
1609 4117 1860 4198 quadam
1895 4119 2098 4178 charta

436 4202 768 4285 descriptos
794 4205 967 4286 (quos
985 4207 1112 4288 ipse
1139 4216 1305 4290 putat
1345 4209 1597 4270 concilio
1636 4207 1873 4268 Nicaeno
1907 4207 2096 4269 inter-

437 4293 648 4370 fuisse)
673 4295 1019 4358 nominatur
1059 4298 1234 4360 etiam
1273 4299 1604 4379 Ἐπιφάνιος,
1631 4297 1836 4362 ἀνάξιος
1871 4299 2085 4354 ἐπίσκο-

436 4405 534 4447 πος
558 4389 656 4450 τῆς
691 4387 974 4464 Εὖχαῖτων
1019 4387 1252 4468 πόλεως,
1295 4395 1393 4456 τῆς
1441 4389 1770 4446 Ἐλελιώτων
1803 4387 2087 4467 ἐπαρχίας,

2175 3397 2278 3458 ubi
2307 3397 2382 3460 de
2408 3402 2714 3478 sepultura
2745 3399 2849 3466 SS.
2885 3400 3160 3464 Barbarae
3186 3403 3536 3480 etJulianaa,
3579 3422 3826 3486 quarum

2179 3506 2346 3548 sacra
2375 3506 2626 3568 corpora
2655 3488 3005 3553 Valentinus
3041 3517 3068 3548 α
3130 3493 3381 3556 sollicite
3413 3496 3698 3558 mandans
3726 3513 3829 3554 se-

2181 3577 2452 3656 pulturae,
2490 3577 2684 3658 posuit
2742 3580 2802 3641 in
2853 3580 3005 3656 loco,
3054 3583 3152 3660 qui
3211 3593 3449 3644 vocatur
3477 3581 3828 3664 Heliopolis,

2182 3683 2365 3746 prope
2387 3665 2642 3729 insulam
2669 3669 2725 3730 in
2751 3669 3016 3744 (ielaseis
3039 3689 3210 3752 pago,
3243 3671 3302 3733 in
3332 3672 3634 3734 domicilio
3657 3689 3832 3732 vene-

2181 3756 2390 3832 rando,
2426 3773 2507 3817 xu
2540 3757 2666 3818 fere
2711 3757 3066 3823 milliaribus
3096 3761 3168 3822 ab
3200 3760 3526 3825 Euchaitis.
3566 3786 3593 3818 υ
3629 3762 3834 3824 Graeca

2180 3853 2366 3907 sunt:
2441 3845 2812 3928 Οὖοιλεντϊνος⁷
2886 3850 3153 3926 ἐπιμελῶς
3224 3850 3481 3919 κηδεύσας
3562 3853 3626 3908 τὰ
3682 3853 3831 3926 τίμιι

2180 3934 2402 4010 λείψανα
2436 3937 2628 4016 αὐτῶν,
2662 3937 2882 3996 ἀπέθετο
2931 3941 2985 3996 ἐν
3041 3941 3190 4014 τόπῳ
3242 3941 3551 4017 καλουμένῷ
3613 3934 3831 3998 Ἡλιου-

2180 4023 2356 4104 πόλει³
2419 4025 2643 4093 πλησίον
2706 4029 2798 4095 τῆς
2855 4032 3019 4099 νήσου
3084 4031 3136 4085 ἐν
3190 4029 3459 4096 Γελασίοις
3505 4039 3579 4106 τῷ
3622 4034 3832 4112 χωρέ-μ,

2181 4114 2232 4169 ἐν
2268 4116 2517 4190 οἰκήματι
2574 4122 2771 4197 σεμνῷ,
2821 4121 2893 4182 ὡς
2939 4120 3043 4175 ἀπὸ
3102 4119 3289 4195 μιλίων
3332 4119 3563 4178 δεκαδύω
3622 4122 3835 4201 Εὒχαὶοα

2179 4227 2306 4265 των.
2342 4202 2643 4266 Habemus
2673 4205 2768 4266 hic
2799 4205 3168 4284 Euchaitam,
3204 4207 3490 4270 habemus
3521 4209 3831 4282 Gelaseus,

2181 4291 2470 4354 habemus
2500 4290 2858 4374 Heliopolim
2898 4319 2910 4356 :
2945 4297 3050 4358 sed
3083 4297 3348 4359 inceltus
3379 4299 3643 4360 omnium
3674 4299 3828 4360 situs

2180 4389 2244 4442 ut
2268 4381 2487 4441 nullius
2506 4399 2575 4442 ex
2599 4382 2849 4445 aliorum
2870 4386 3261 4448 determinari
3286 4390 3490 4468 possit.
3508 4389 3830 4451 Notissima

436 4475 613 4552 ὁρίσας
639 4473 914 4554 δπέγραψα
969 4498 991 4532 «
1039 4479 1432 4559 Epiphanius,
1478 4478 1756 4557 indignus
1779 4470 2422 4576 episcopuquuidem
2454 4469 2779 4552 Heliopolis
2836 4483 2892 4535 et
2953 4477 3214 4538 maxime
3270 4477 3458 4558 varia,
3505 4480 3606 4540 sed
3641 4478 3828 4546 nulla,

437 4560 602 4624 urbis
634 4562 1080 4647 Euchaitarum,
1108 4567 1426 4648 provinciae
1453 4565 1865 4629 Eleliotorum.
1905 4591 1931 4620 α
1965 4564 2088 4628 Ve-
2117 4559 2158 4576 ¹¹
2179 4579 2311 4641 quae
2332 4559 2602 4622 videatur
2629 4563 2742 4624 huc
2767 4583 2939 4642 posse
2960 4565 3180 4634 facere.
3228 4567 3517 4627 hactenus
3549 4567 3832 4629 innotuit.

437 4667 568 4711 rum
602 4670 737 4712 cum
769 4653 1013 4715 eosdem
1044 4675 1252 4718 omnes
1311 4657 1625 4738 episcopos
1669 4655 1881 4717 eodem
1916 4653 2092 4716 modo
2179 4649 2320 4721 Quae
2344 4650 2610 4730 proxima
2657 4653 2839 4732 possit
2870 4674 3022 4730 esse,
3061 4655 3379 4717 collocatur
3405 4656 3478 4718 ab
3504 4655 3727 4719 Ortelio
3761 4675 3830 4717 ex

439 4739 1125 4822 subscriptosinveuiam
1155 4754 1296 4808 tom.
1319 4745 1397 4809 VI
1420 4746 1650 4810 Conril.
1679 4745 1791 4807 col.
1829 4743 2001 4816 1002,
2038 4750 2098 4804 et
2184 4738 2487 4800 Michaelis
2517 4741 2692 4822 Glyca
2725 4743 2971 4824 Phrygia
3001 4763 3015 4820 ;
3077 4745 3182 4806 sed
3213 4746 3338 4807 hazc
3369 4745 3509 4812 (sive
3540 4745 3835 4808 minorem

436 4827 653 4891 iterum
686 4831 798 4893 col.
861 4833 1040 4911 1064,
1093 4854 1275 4914 cogor
1329 4836 1578 4898 credere
1636 4834 1900 4896 chartam
1935 4831 2093 4892 illam
2182 4827 2304 4889 sive
2333 4830 2616 4909 majorem
2669 4832 2984 4915 intelligas)
3020 4843 3302 4916 quantum
3337 4835 3514 4897 distat
3543 4836 3616 4898 ab
3649 4835 3833 4897 Helu-

438 4919 792 5000 IEgyptiam,
828 4929 1131 5004 utcunque
1159 4927 1402 5007 antiqua
1460 4926 1582 4986 visa
1638 4923 1736 5003 sit,
1786 4922 1855 4983 ad
1889 4921 2098 4982 conci-

439 5008 584 5070 lium
616 5011 733 5073 ΟΡ.
771 5011 848 5074 Μ.
886 5031 985 5076 an.
1048 5015 1166 5078 680
1227 5015 1563 5080 inchoatum
1600 5012 1922 5095 pertinere.
1961 5010 2104 5082 Qum

439 5098 620 5161 fuerit
649 5099 1039 5163 Eleliotorum
1073 5104 1398 5184 provincia,
1456 5105 1744 5166 hactenus
1776 5119 1894 5161 non
1933 5119 2099 5161 com-

441 5189 633 5269 perio.
655 5189 1353 5272 Quandocunqueautem
1383 5193 1619 5256 initium
1637 5210 1808 5254 suum
1825 5189 2102 5251 habuerit

441 5277 862 5341 Euchaitarum
891 5281 1289 5363 episcopatus,
1331 5284 1518 5362 magis
1541 5302 1609 5346 ex
1637 5291 1906 5362 tempore
1931 5279 2101 5340 istius

444 5369 684 5431 concilii
713 5370 1010 5446 inclaruit,
1045 5371 1236 5435 factus
1288 5378 1461 5436 etiam
1514 5369 2047 5451 archiepiscopalis
2083 5391 2095 5429 :

446 5475 580 5518 nam
612 5459 766 5540 apud
797 5460 1073 5522 Carolum
1107 5480 1141 5522 a
1168 5461 1230 5526 S.
1288 5464 1469 5527 Paulo
1529 5464 1587 5524 in
1620 5460 1852 5524 duabus
1886 5458 2102 5520 tabulis

448 5544 785 5608 notitiarum
857 5548 1236 5631 antiquarum
1303 5560 1728 5615 annumeratur
1787 5550 2099 5628 Λῦτοκεφά-

447 5633 582 5722 hanc,
619 5654 749 5716 quae
776 5637 869 5699 sui
885 5638 1039 5718 juris
1069 5649 1226 5719 sunt,
1255 5661 1322 5704 ac
1344 5644 1494 5705 nulli
1523 5639 1916 5722 metrOpolitw
1960 5637 2103 5699 sub-

453 5720 612 5798 (litae,
649 5731 708 5786 et
729 5724 1043 5807 utrobique
1064 5729 1386 5793 collocatur
1407 5732 1466 5794 in
1501 5720 1805 5813 provincia
1835 5727 2103 5789 Heleno-

2186 4927 2450 4998 noponto
2484 4928 2545 4982 et
2574 4920 2812 4983 Amasia
2845 4932 2856 4986 !

2265 5007 2485 5070 Tenuit
2515 5028 2690 5090 porro
2724 5014 3006 5076 Euchaita
3063 5034 3280 5078 nomen
3341 5035 3512 5078 suum
3546 5016 3617 5078 ad
3652 5035 3839 5096 usque

2184 5097 2502 5179 imperium
2535 5098 2777 5164 Joannis
2799 5104 3090 5182 Zimiscaa,
3120 5105 3219 5185 qui
3268 5125 3422 5167 anno
3455 5107 3573 5170 969
3605 5114 3841 5167 creatus

2185 5194 2276 5250 est
2304 5187 2647 5267 imperator.
2687 5193 3050 5273 Praecipuum
3097 5195 3334 5276 imperii
3368 5196 3495 5275 ejus
3526 5196 3708 5257 decus
3732 5195 3842 5256 fuit

2184 5277 2450 5353 viatoria,
2482 5298 2659 5359 quam
2680 5285 2996 5363 reportavit
3016 5285 3268 5347 aRussis
3291 5286 3388 5348 die
3429 5291 3490 5348 S.
3526 5287 3570 5348 Τ
3580 5288 3840 5348 lieodoro

2184 5367 2320 5428 duci
2347 5377 3329 5451 sacro,eodemsanctofavente,et
3371 5402 3395 5430 α
3427 5377 3602 5438 visoa
3641 5375 3844 5437 multis

2184 5457 2245 5518 in
2267 5475 2418 5538 equo
2442 5457 2737 5521 Romanos
2757 5462 3112 5534 defendere,
3159 5474 3216 5526 et
3266 5465 3658 5528 Barbarorum
3695 5467 3838 5546 pha-

2189 5549 2389 5626 langes
2420 5549 2802 5624 conturbare,
2842 5574 2870 5612 ›
2938 5561 3086 5616 teste
3148 5555 3390 5618 Zonara.
3435 5553 3839 5628 Quamobrem

2187 5639 2536 5716 imperator,
2574 5647 2636 5698 ut
2669 5641 2906 5722 martyri
2967 5662 3071 5724 pro
3134 5655 3343 5706 novata
3381 5663 3565 5725 opera
3596 5644 3842 5723 gratiam

2189 5727 2462 5807 referret,
2483 5727 2990 5807 elegantissimum
3009 5733 3063 5795 ei
3087 5734 3371 5815 templum
3389 5734 3706 5797 Euclianiaa
3719 5733 3842 5795 sive
