4144 6412
302 410 489 506 104δῖ
1828 444 1938 510 NO'

2050 445 2176 508 .‘IA.
3527 440 3686 508 1046

294 570 597 661 Euchaitaa
619 573 854 645 struxit.
872 574 1286 638 veterediruto
1307 577 1399 657 ;in
1415 595 1534 658 quo
1552 596 1767 660 corpus
1801 580 1955 661 ejus,
1978 605 2022 640 Α
2044 585 2254 641 norata
2293 578 2404 641 fuit
2435 596 2452 652 ;
2517 583 2577 640 et
2638 577 3059 641 miraculorum
3115 577 3177 640 in
3229 596 3293 641 se
3317 582 3696 659 patratorum

300 660 504 725 multis
533 663 962 726 certaminibus
993 665 1359 742 defunctum,
1413 666 1743 747 repositum
1777 660 1903 731 erat
1934 689 1950 750 ;
2037 669 2252 731 famam
2285 675 2399 731 tam
2434 667 2551 731 late
2582 666 2948 748 propagavit,
3006 676 3071 730 ut
3117 667 3248 748 ipsa
3277 684 3515 749 quoque
3544 664 3702 727 inter

300 759 363 812 et
389 750 624 826 urbem,
660 754 847 815 veteri
877 754 1122 817 nomine
1170 754 1414 831 abolito,
1448 755 1952 839 Theodoropolim
2039 757 2373 821 celebriora
2402 756 2658 819 evaserit
2682 757 2835 832 foca,
2867 755 2939 817 ad
2974 774 3105 839 quae
3148 754 3334 837 pietas
3362 754 3702 819 Christiana

301 841 647 922 appellavit.
679 866 703 899 ι)
729 843 1062 925 Appellatio
1091 852 1288 907 tamen
1309 845 1438 907 haec
1462 865 1580 907 non
1601 846 1681 910 ita
1697 846 1959 910 abolevit
2042 848 2481 930 peregrinatum
2514 846 2603 908 ire
2632 844 2884 908 solebat.
2918 845 2982 908 ld
3015 852 3289 908 testatum
3323 844 3463 907 facit
3489 862 3700 906 exem-

300 937 470 993 vetus
491 950 737 1008 nomen,
764 945 829 994 ut
851 952 967 995 non
985 933 1164 996 fuerit
1199 935 1376 996 etiam
1398 942 1601 1016 postea
1621 935 1684 998 in
1706 956 1817 998 usu
1840 937 1955 999 ali-
2044 937 2202 1018 plum
2225 935 2472 1001 Joannis
2484 935 2862 998 anachoreta;
2885 934 3381 1016 apudMoschum,
3413 933 3477 995 in
3506 932 3702 995 Prata

302 1039 419 1108 quo
446 1038 553 1100 per
602 1021 885 1083 saeculum
949 1022 1158 1085 saltem
1220 1022 1539 1105 integrum,
1586 1024 1660 1086 ad
1695 1035 1961 1107 tempora
2038 1026 2378 1108 spirituali,
2410 1045 2463 1088 c.
2499 1024 2636 1100 180,
2672 1029 3127 1087 enumerantem
3164 1023 3297 1087 loca
3312 1021 3598 1098 celebria,
3625 1021 3700 1083 ad

302 1106 580 1198 videlicet
608 1127 798 1191 usque
845 1112 1093 1172 Joannis
1148 1111 1556 1192 Mauropodis,
1608 1132 1786 1195 quem
1820 1106 1958 1194 pas-
2043 1106 2175 1198 quae
2194 1118 2309 1178 iste
2358 1106 2728 1177 ePalaestina
2757 1122 2846 1175 sat
2867 1113 3044 1192 longo
3074 1111 3295 1175 itinere
3329 1135 3350 1167 ι
3389 1108 3699 1194 pergebat.

304 1196 418 1258 sim
442 1199 821 1280 metropolim
836 1198 1263 1262 Euchaitarum
1306 1199 1556 1263 inscribi
1594 1220 1774 1283 supra
1801 1203 1957 1266 vidi-
2052 1196 2210 1266 nunc
2238 1203 2478 1286 quidem
2507 1202 2809 1284 Ephesum
2840 1201 2916 1263 ad
2948 1199 3005 1265 S.
3050 1202 3367 1276 Joannem,
3400 1217 3562 1261 nunc
3591 1217 3702 1260 au-

307 1304 465 1348 mus.
1866 1300 1875 1311 ⁴
2051 1303 2169 1355 tem
2198 1291 2549 1357 Euchaitam
2579 1291 2652 1354 ad
2684 1289 2747 1354 S.
2802 1290 3209 1365 Theodorum,
3265 1307 3428 1352 nunc
3456 1306 3596 1351 vero
3624 1287 3700 1350 ad

387 1374 591 1457 Neque
615 1395 753 1440 vero
774 1376 977 1440 civitas
998 1377 1302 1458 Euchaita,
1346 1380 1523 1443 modo
1562 1379 1705 1442 dicti
1736 1380 1955 1442 dunta-
2050 1385 2115 1446 S.
2136 1381 2417 1445 Theclam
2442 1381 2503 1442 in
2526 1379 2858 1444 Seleuciam
2880 1378 3143 1457 Isauria,
3169 1397 3329 1440 nunc
3352 1377 3427 1440 ad
3458 1376 3522 1440 ὃ.
3554 1378 3701 1440 Ser-

305 1472 403 1527 xat
432 1464 734 1530 Theodori
783 1467 960 1530 ducis
1012 1487 1081 1530 ac
1136 1469 1409 1550 martyris
1469 1467 1669 1551 (quem
1702 1470 1866 1550 prius
1894 1469 1955 1531 in
2050 1471 2212 1550 gium
2245 1473 2302 1534 in
2335 1468 2652 1551 Saraphas.
2697 1493 2719 1528 υ
2757 1468 3001 1530 Talibus
3043 1467 3223 1548 igitur
3250 1467 3533 1530 decorata
3559 1483 3703 1528 san-

303 1553 503 1617 lucem
529 1554 657 1636 ipsa
677 1556 1189 1634 dederat,deinde
1215 1565 1346 1639 post
1364 1558 1684 1638 gloriosam
1705 1567 1958 1621 mortem
2040 1562 2172 1637 ctis,
2224 1559 2442 1622 talibus
2499 1566 2706 1621 ornata
2763 1556 3020 1640 templis,
3085 1555 3299 1620 talibus
3328 1554 3705 1638 frequentata

304 1660 537 1734 sacrum
557 1646 1037 1728 corpusrecepit,
1062 1649 1405 1731 temploque
1425 1650 1555 1730 ejus
1577 1648 1806 1711 nomini
1820 1667 1959 1711 con-
2043 1646 2621 1734 peregrinationibus
2649 1646 2960 1725 Euchaita,
2989 1654 3182 1729 potest
3205 1645 3498 1709 meruisse
3521 1646 3583 1709 in
3608 1663 3705 1708 se-

302 1731 431 1796 dito
460 1732 681 1797 decore
710 1736 1075 1813 asservavit),
1108 1737 1214 1801 sed
1243 1737 1490 1802 alterius
1513 1757 1750 1820 quoque
1771 1737 1965 1801 Theo-
2043 1731 2178 1802 dem
2204 1736 2777 1819 archiepiscopalem
2802 1736 2972 1817 erigi,
2998 1735 3150 1799 etab
3182 1735 3448 1799 antistite
3475 1735 3701 1794 αὐτοκε-

298 1820 433 1884 dori
466 1822 697 1900 militis,
732 1825 900 1906 vulgo
930 1827 1170 1890 Turonis
1201 1826 1365 1905 dicti,
1402 1828 1576 1909 paulo
1608 1836 1749 1891 ante
1781 1827 1962 1890 istum
2044 1829 2197 1912 φάλῳ
2223 1826 2575 1908 gubernari.
3214 1842 3227 1865 ί

303 1912 587 1992 martyrio
611 1914 902 1992 coronati,
931 1915 1206 1996 reliquiis
1251 1916 1473 1998 pariter
1500 1924 1559 1980 et
1589 1918 1811 2000 templo
1844 1917 1957 1980 ho-
1984 1928 2022 1978 Β

1291 2183 1818 2281 NOTITIA
1895 2183 2047 2279 EX
2134 2180 2723 2278 FABRIGIO

1111 2354 1419 2435 (Biblioth.
1484 2358 1675 2422 Graec.
1738 2357 1837 2421 ed.
1898 2353 2132 2434 Harles,
2192 2361 2336 2419 tom.
2397 2350 2553 2429 VIII,
2604 2371 2664 2434 p.
2722 2348 2893 2430 626).

387 2586 590 2652 Poetis
617 2587 968 2652 Christianis
997 2588 1458 2670 elegantioribus
1488 2591 1666 2653 etiam
1714 2589 2129 2654 accensendns
2157 2589 2319 2652 venit
2347 2588 2608 2653 Joannes
2660 2585 2979 2664 Mauropus
3010 2582 3108 2661 (al
3141 2583 3492 2645 monachus.
3524 2588 3705 2663 atque

304 2677 446 2740 inde
468 2678 843 2758 metropolita
870 2677 1305 2763 Euchaitensis,
1339 2681 1464 2744 sive
1511 2680 1833 2744 Eucbaniae
1881 2687 2032 2763 (quae
2072 2680 2249 2743 etiam
2296 2675 2753 2757 Theodoripolis
2797 2694 2832 2736 a
2858 2671 3201 2763 Theodoro,
3236 2678 3491 2763 martyre
3518 2670 3700 2763 dicta,

305 2767 403 2831 cui
434 2767 718 2849 templum
747 2768 915 2833 Joan.
954 2769 1258 2846 Zimisces,
1292 2759 1508 2853 imper.
1543 2771 1835 2853 condidit,
1868 2759 2011 2834 urbs
2040 2769 2382 2852 Heloponti,
2445 2765 2767 2849 provinciae
2820 2764 2883 2824 in
2908 2761 3047 2824 Asia
3079 2759 3347 2853 Minori),
3381 2760 3483 2853 qui
3506 2761 3706 2853 scrip-

305 2859 459 2919 sisse
488 2876 553 2919 se
581 2865 833 2922 testatur
864 2859 1230 2941 temporibus
1253 2849 1624 2925 Constantini
1672 2860 2072 2938 Monomacbi,
2132 2849 2279 2922 zoes
2333 2849 2401 2921 ac
2456 2856 2810 2935 Theodorae,
2863 2853 2926 2916 h.
2975 2871 3029 2914 e.
3064 2849 3222 2941 circa
3249 2868 3347 2941 an.
3523 2850 3684 2913 1050

304 2945 499 3026 Rogat
528 2946 711 3022 enim,
746 2968 800 3030 p.
835 2948 937 3030 43,
973 2939 1292 3026 Christum,
1348 2959 1412 3013 ut
1456 2950 1957 3032 quemadmodum
2014 2950 2075 3012 in
2131 2949 2374 3012 fornace
2430 2944 2792 3030 Babylonica
2850 2943 2994 3006 olim
3026 2940 3220 3003 tribus
3247 2939 3588 3021 juvenibus,
3620 2942 3711 3006 sic

308 3037 488 3100 etiam
519 3035 584 3100 in
614 3037 867 3122 imperio
900 3038 1086 3103 tribus
1118 3040 1285 3104 hisce
1313 3041 1468 3104 adsit
1491 3059 1605 3123 ope
1634 3059 1762 3108 sua.

1405 3207 1567 3268 Οὗτος
1590 3205 1718 3285 ,γὰρ’
1753 3204 1931 3283 ὥσπερ
1958 3217 2076 3268 τοῖς
2107 3205 2245 3283 τρισὶ
2273 3203 2501 3264 νεανίαις

1409 3299 1581 3361 Συνῆν
1609 3293 1856 3373 τέταρτος
1898 3293 1952 3349 ὲν
1983 3292 2132 3370 μὲσω
2159 3291 2361 3374 φλογὸς
2390 3289 2579 3365 πάλαι,

1408 3383 1558 3442 Οὕτω
1580 3383 1740 3442 πάλιν
1773 3383 2020 3464 τέταρτος
2052 3383 2189 3440 ἔστω
2220 3378 2459 3460 κάνθάδε,

1412 3475 1710 3553 Δροσισμὸς
1737 3475 1867 3550 ὑμῖν
1896 3473 1950 3529 ἐν
1978 3472 2263 3550 βασιλείοις
2295 3469 2501 3546 μέσοις,

1410 3564 1512 3620 Τὸν
1537 3561 1690 3631 ἥλιόν
1720 3585 1778 3619 σε
1809 3568 1994 3643 πρῶτα
2026 3563 2220 3643 σώζον,
2250 3561 2341 3618 καὶ
2370 3558 2546 3634 νέμων

1412 3652 1561 3719 Ζωὴν
1585 3650 1803 3726 ἄλοπον,
1842 3653 2068 3732 εὐτυχῆ,
2099 3650 2409 3731 νικηφόρον,

1409 3740 1611 3819 Ιξαλοϊς
1646 3763 1704 3798 τε
1734 3755 1854 3806 τοῖς
1885 3742 2151 3819 σύμπασιν
2184 3736 2571 3814 εὖθηνουμέννη

1423 3813 1633 3891 ’ἒπειτα
1660 3833 1856 3900 ταύτην
1877 3813 1975 3900 τὴν
2000 3830 2230 3901 σελήνην
2260 3836 2354 3886 τοῦ
2394 3813 2614 3906 icimur;

1418 3922 1527 3989 Τὴν
1569 3920 1960 4002 κοσμολαμπῆ,
2006 3922 2093 3978 καὶ
2122 3918 2603 3999 διαπρεπεστάτην,

1415 4011 1523 4078 Τὴν
1553 4009 1701 4069 οὒδὲν
1730 4010 1863 4069 ἄλλο
1891 4010 2034 4079 πλὴν
2062 4011 2092 4067 ὃ
2121 4008 2378 4077 κέκληται
2410 4008 2573 4085 μόνον
2606 4025 2622 4041 °

1420 4100 1540 4168 Ζωὴ
1574 4102 1673 4181 γὰρ
1703 4101 1867 4166 ὅντως
1894 4102 1930 4170 ἡ
1961 4100 2084 4167 Ζωὴ
2112 4108 2205 4159 τοῦ
2235 4098 2321 4155 νῦν
2351 4099 2487 4176 βίου.

1416 4190 1607 4270 Τρίτην
1637 4188 1693 4247 δέ
1722 4214 1814 4266 μοι
1845 4191 2095 4248 σύνταττε
2124 4189 2209 4245 καὶ
2240 4189 2340 4256 τὴν
2370 4186 2613 4269 δευτέραν

1419 4282 1490 4377 ἐδ
1519 4278 1731 4361 φαιδρὸν
1762 4280 1951 4360 ἄστρον
1979 4290 2071 4339 τοῦ
2098 4274 2383 4335 πανολϐίου
2412 4278 2634 4360 στέφους

1441 4366 1486 4428 Η
1518 4384 1615 4438 τὴν
1646 4369 1850 4437 ἐκείνης
1890 4367 2217 4448 αὖταδὲλφην
2249 4366 2391 4433 ἀξίαν

1414 4442 1478 4517 ”ο
1509 4461 1706 4524 παντὸς
1737 4458 1898 4519 ἄλλου
1929 4442 2139 4536 μεῖζον⁷
2160 4459 2233 4521 εἷς
2264 4455 2517 4522 εὖδοξίαν,

320 4644 408 4707 Ad
443 4645 716 4708 eamdem
746 4644 900 4707 Zoen
932 4661 1001 4706 ac
1031 4641 1406 4705 Theodoram
1436 4639 1820 4704 referendum
1852 4657 1954 4702 car

2084 4660 2114 4715 ι,
2150 4658 2212 4721 p.
2248 4639 2358 4702 442
2395 4638 2483 4705 Ἐς
2515 4643 2608 4707 τὰς
2657 4645 2967 4719 Δεσποίνκς,
3000 4660 3116 4723 quo
3149 4657 3263 4702 nec
3292 4638 3720 4719 imperatorem

322 4733 630 4798 celebrare
661 4732 903 4797 omittit.

1448 4814 1550 4871 Τὸν
1595 4811 1782 4890 εὐγενῆ
1815 4811 1936 4892 μὲν,
1970 4811 2170 4889 εὐτυχῆ
2200 4809 2254 4867 δὲ
2277 4809 2566 4886 δεσπότην,

1449 4903 1549 4961 Τὺν
1579 4901 1780 4981 εὔτυχῆ
1812 4901 1933 4977 μὲν,
1967 4897 2156 4968 εὗσεϐἦ
2188 4898 2243 4957 δὲ
2271 4901 2360 4956 καὶ
2382 4898 2567 4974 πλέον,

1447 4997 1557 5073 Τῆς
1596 4996 1699 5070 γῆς
1728 4993 1790 5047 τὸ
1819 4989 2021 5066 θαῦμα,
2051 4992 2141 5048 τὸν
2174 4989 2341 5068 μέγαν
2392 4992 2751 5073 Μονομάχον,

1450 5067 1544 5160 10v
1581 5082 1616 5150 ἡ
1644 5081 1867 5160 πρόνοια
1895 5087 2170 5157 κοσμικῶν
2200 5067 2379 5137 κάκῶν
2412 5078 2557 5137 λύσιν

1230 5216 1251 5247 χ
1453 5152 1675 5237 νΕδειξεν
1703 5173 1866 5250 ἡμῖν,
1899 5172 1987 5227 καὶ
2018 5169 2197 5227 καλῶν
2229 5171 2444 5228 πάντων
2473 5172 2676 5250 βρύσιν.

412 5305 584 5370 Adde
606 5322 850 5368 carmen
877 5305 939 5367 in
972 5303 1342 5370 Constantini
1372 5301 1746 5367 Monomachi
1777 5299 2123 5382 imaginem,
2153 5301 2208 5358 ἐν
2239 5303 2532 5383 Εὖχαΐτοις
2562 5301 2717 5385 apud
2744 5302 3172 5366 Euchaitenses
3201 5299 3558 5373 dedicatam,
3591 5316 3727 5360 cum

329 5394 621 5479 particula
651 5393 846 5456 crncis
875 5394 1117 5468 Christi,
1152 5412 1281 5475 pag.
1314 5393 1417 5454 47.
1447 5391 1622 5454 Plura
1646 5391 1709 5454 in
1738 5389 2121 5454 Monomacbi
2149 5388 2408 5466 laudem,
2463 5410 2596 5472 pag.
2650 5392 2731 5454 23
2762 5406 2824 5456 et
2853 5394 2920 5457 5t
2956 5391 3037 5473 (ὁ)
3071 5399 3247 5479 atque
3275 5389 3339 5451 in
3369 5386 3727 5479 Theodoram

333 5502 469 5567 pag.
503 5483 578 5547 52
639 5480 755 5546 Sed
784 5481 1162 5562 imperatoris
1191 5480 1417 5545 obitum
1448 5481 1652 5559 deﬂet,
1683 5499 1743 5563 p.
1777 5480 1853 5544 54
1884 5496 2051 5562 seqq.
2085 5479 2296 5561 Neque
2324 5478 2414 5541 illi
2443 5488 2672 5544 tantum
2702 5490 2760 5547 et
2788 5480 2919 5544 Zoae
2945 5499 3015 5543 ac
3040 5481 3088 5544 Τ
3092 5478 3371 5544 heodoraa
3391 5478 3502 5541 fuit
3517 5495 3726 5560 super-

420 5617 503 5698 (α)
535 5620 843 5696 Μαυρόπους
895 5615 1054 5680 idem
1106 5624 1201 5698 est
1236 5634 1318 5698 ac
1370 5616 1733 5698 Μελᾳνόπους.
1760 5610 1985 5698 Confer

2121 5611 2243 5698 __(b)_
2271 5609 2567 5698 Nonnulla
2593 5633 2727 5698 cum
2747 5611 3201 5698 _Argoli_L_ati_na
3241 5609 3521 5674 versione
3548 5610 3733 5698 refert

334 5690 743 5779 Lambecium,
780 5700 999 5779 to_m.ﬁl,
1021 5715 1152 5779 pag.
1177 5696 1619 5779 249[pag.279,
1645 5693 1961 5759 ed.Kollar
2069 5690 3728 5779 Allatius,Delibt‘iseqclesiasttcisGraeciam,pag._97,

333 5777 493 5842 conf.
553 5777 628 5841 de
685 5796 756 5841 eo
815 5771 1037 5842 Oudinl
1095 5771 1347 5840 Comm."
1380 5771 1459 5841 Je
1508 5779 1819 5858 scriptor.,
1872 5781 1967 5858 etc

2096 5771 2384 5858 ibietiam
2437 5774 2640 5837 titulns
2691 5773 3000 5856 integrior,
3034 5776 3123 5839 Εἰς
3154 5777 3213 5833 τὸ
3239 5772 3435 5858 βιϐλίον
3464 5771 3573 5841 τῆς
3609 5774 3732 5832 δια-

332 5878 468 5942 pag.
499 5858 673 5942 ϐοᾷς
729 5857 1380 5942 φονονῌίδιε-ιίιιεν.
1440 5852 1648 5941 script:
1681 5857 1888 5922 ecclcs.
1918 5852 1968 5917 lI

2120 5856 2260 5942 οχίᾳς
2301 5865 2397 5942 ’τοῆ
2449 5852 2866 5942 τροπαιορὸροιῇ
2904 5852 3013 5937 pro
3068 5875 3185 5939 quo
3248 5857 3468 5920 Bustus
3508 5860 3756 5918 tantum-

334 5932 473 6022 pag.
508 5932 755 6023 l39,’ad
787 5932 1096 6006 “.1054.
1129 5938 1348 6018 Hann].
1562 5932 1579 5941 ’

1562 5932 1579 5941 ’
2082 5932 2270 5997 edidit
2297 5954 2315 5999 ζ
2343 5938 2430 6002 Εἰς
2459 5932 2548 5995 τὸν
2575 5932 2984 6020 τροπαιοφόρον,
