4144 6448
399 426 559 492 1047
1631 427 1956 491 JOANNIS
1999 429 2035 489 E

2196 423 2566 490 iAITENSIS
3653 414 3810 484 1048

403 565 548 634 stes,
581 559 685 622 sed
701 560 880 623 etiam
904 559 1098 622 Alexii
1123 559 1412 624 Comneni
1441 559 1991 641 attigitimperium,
2024 558 2320 639 siquidem
2341 560 2403 621 in
2424 557 2569 622 Jurc
2593 556 3133 639 Graeco-Romano,
3161 554 3352 633 Ιὶὺξιί,
3387 575 3446 636 p.
3479 556 3617 632 215,
3653 555 3812 616 inter

404 649 894 730 metropolitanos
923 652 1025 732 qui
1053 650 1326 725 Nicolao,
1363 650 1713 731 patriarchae
1743 651 1858 712 CP.
1896 668 2102 710 mense
2131 648 2306 712 Junio
2335 649 2548 712 indict.
2585 649 2660 710 15
2692 648 2832 727 (hoc
2863 655 2954 711 est
2983 647 3199 710 Christi
3250 646 3422 722 1092,
3470 643 3658 710 Alexii
3689 641 3811 704 Co-

403 740 610 801 mneni
633 740 762 820 (12)
796 740 1172 821 assederunt,
1207 747 1574 802 memoratur
1603 743 1630 796 ὁ
1667 743 1956 819 Sir/avarius
1989 739 2259 807 Ἰωάννης.

482 826 551 890 In
608 828 671 892 S.
731 829 1240 911 Theophylactum
1300 847 1556 909 quoque,
1620 827 1720 909 qui
1778 837 1835 889 et
1917 828 2046 908 ipse
2129 827 2322 890 Alexii
2404 827 2696 890 Comueni
2778 826 3023 906 contigit
3080 835 3370 907 tempora,
3432 822 3618 886 exstat
3673 821 3806 903 epi-

402 935 692 998 gramma,
726 939 785 1001 p.
822 920 926 982 47.

488 1008 778 1087 [Auctore
805 1011 987 1085 Cave,
1022 1008 1063 1072 1.
1097 1027 1152 1072 c.
1185 1007 1425 1088 scripsit
1451 1009 1540 1070 Jo.
1574 1007 1911 1087 Mauropus.
3021 1065 3027 1070 .

487 1096 852 1161 Orationem
872 1099 1367 1162 encomiastieam
1387 1098 1455 1160 in
1485 1105 1602 1160 tres
1624 1096 1740 1160 SS.
1766 1097 1998 1172 Patres,
2023 1095 2319 1159 Basiliam
2347 1099 2457 1170 M.,
2493 1095 2860 1175 Gregorium
2895 1093 3257 1174 Theologum
3312 1100 3370 1155 et
3391 1090 3573 1154 Joan.
3609 1091 3807 1169 Chry-

404 1194 757 1250 sostomum.
789 1186 857 1249 In
888 1187 1021 1250 cod.
1055 1186 1316 1248 Vindob.
1353 1189 1500 1249 Caes.
1533 1187 1675 1262 204,
1711 1205 1772 1247 u.
1810 1187 1865 1249 5.
1901 1184 1974 1248 V.
2009 1183 2289 1248 Lambec.
2320 1183 2654 1248 Comment.
2689 1183 2762 1265 V,
2800 1201 2936 1266 pag.
2984 1184 3053 1247 11
3115 1200 3282 1264 seqq.
3337 1179 3605 1243 Meminit
3634 1178 3804 1242 etiam

404 1275 538 1355 ejus
568 1283 722 1339 orat.
751 1275 871 1339 Leo
910 1275 1164 1338 Allatius
1193 1276 1256 1337 in
1286 1275 1472 1340 Diatr.
1505 1274 1579 1337 de
1610 1274 1956 1339 Simeonum
1987 1273 2248 1355 scriptis,
2285 1292 2415 1354 pag.
2458 1275 2594 1336 105.
2633 1272 2766 1335 Vill.
2804 1290 3040 1355 quoque
3068 1271 3247 1353 supra
3270 1269 3346 1332 de
3367 1269 3800 1350 Chrysostomo,

405 1373 463 1426 et
491 1364 646 1426 infra
671 1367 788 1429 vol.
815 1365 922 1441 IX,
963 1385 1019 1446 p.
1055 1364 1158 1428 62.

873 1367 922 1441 Ι,
963 1385 1019 1446 ρ.
1055 1364 1158 1428 62.
2505 1362 2509 1369 ’

488 1455 852 1519 Orationem
881 1460 952 1520 εἱς
996 1456 1096 1524 τὴν
1128 1458 1348 1532 μνήμην
1376 1467 1468 1515 τοῦ
1498 1457 1645 1534 ἁγίου
1673 1457 1932 1534 μάρτυρος
1965 1453 2252 1531 Θεοδώρου,
2311 1453 2428 1520 ἤτοι
2487 1462 2577 1512 τοῦ
2630 1460 2788 1525 πεζοῦ
2823 1469 2835 1482 ⁸
2885 1451 3096 1533 incipit
3152 1449 3282 1529 Παρ⁹
3339 1453 3476 1528 ἡμῖν
3519 1449 3564 1506 δ’
3608 1449 3693 1505 οὖν
3751 1449 3812 1504 οὗ

402 1546 600 1604 σπάνια
627 1546 695 1603 τὰ
723 1546 883 1620 καλὰ,
915 1549 977 1604 τὸ
1006 1553 1099 1603 τοῦ
1128 1546 1292 1625 λογοῦ
1327 1567 1340 1579 ⁸
1371 1563 1547 1626 quam
1579 1544 1893 1607 confundit
1923 1547 2038 1609 Nes

2172 1562 2234 1605 us
2262 1543 2324 1604 in
2358 1543 2481 1607 Cat.
2519 1542 2695 1607 codd.
2729 1543 2946 1606 Caesar.
2983 1550 3133 1623 part.
3167 1558 3210 1621 ι,
3274 1559 3404 1621 pag.
3469 1539 3611 1613 224,
3672 1554 3808 1599 cum

405 1652 632 1714 priore.

487 1725 765 1786 Canones
789 1725 1223 1804 paracleticos,
1257 1723 1380 1785 sive
1410 1722 1675 1785 carmina
1703 1721 2103 1785 consolatoria
2129 1721 2227 1802 24,
2263 1720 2335 1782 ad
2368 1721 2699 1796 Christum,
2731 1728 2952 1782 sotera.
2987 1723 3052 1784 lu
3085 1719 3220 1783 cod.
3245 1716 3502 1780 Vindob.
3539 1717 3813 1780 Caesareo

403 1812 591 1877 theol.
625 1813 729 1889 98,
761 1813 1093 1877 secundum
1122 1813 1359 1876 Nesseli
1387 1814 1510 1876 Cat.
1549 1832 1611 1876 n.
1651 1820 1704 1894 1,
1738 1813 1840 1873 1'ol.
1883 1814 1935 1876 1.
1971 1813 2166 1875 Unum
2199 1811 2476 1892 quodque
2506 1829 2748 1874 carmen
2782 1810 3149 1891 peculiarem
3180 1828 3347 1871 suam
3391 1807 3573 1869 habet
3603 1822 3811 1868 acros-

404 1900 718 1983 tichidem,
751 1920 883 1982 quae
911 1901 1121 1963 itidem
1153 1911 1215 1963 ut
1246 1902 1523 1983 quaelibet
1553 1902 1687 1978 ode,
1731 1920 1888 1966 nona
1935 1900 2178 1963 nomine
2212 1900 2460 1964 Joannis
2512 1899 2793 1980 insignita
2843 1908 2951 1964 est.
2984 1900 3121 1962 Haec
3152 1907 3210 1961 et
3242 1897 3556 1981 sequentia
3585 1894 3814 1958 cantica

397 1990 526 2054 sive
556 2009 823 2053 canones
854 1990 1198 2070 diligentius
1229 1992 1534 2074 fusiusque
1564 1989 2172 2071 recensuitLambec.
2208 1994 2435 2053 Comm.
2474 1992 2543 2065 V,
2582 2009 2640 2072 p.
2695 1989 2814 2054 560
2871 2007 3042 2070 seqq.
3090 1989 3166 2051 de
3223 1988 3356 2051 cod.
3415 1986 3530 2067 (uti
3591 2001 3818 2046 nume-.

400 2081 523 2158 rat)
548 2079 692 2142 219.

483 2167 640 2233 Ibid.
673 2167 778 2229 fol.
815 2166 914 2241 77,
944 2187 1079 2250 pag.
1109 2171 1170 2246 2,
1205 2170 1320 2232 alia
1348 2177 1486 2233 sunt
1515 2169 1638 2233 duo
1698 2171 1959 2234 Cantica
2016 2169 2118 2249 adj
2149 2168 2468 2244 Christum,
2532 2179 2751 2243 sotera,
2815 2166 2946 2230 sine
3004 2166 3402 2230 acrostichide
3459 2173 3517 2228 et
3566 2164 3813 2227 nomine

405 2257 690 2321 auctoris.

481 2345 570 2410 Ib.
593 2346 698 2408 fol.
723 2345 825 2422 33,
853 2365 987 2427 pag.
1016 2349 1071 2421 1,
1101 2348 1339 2412 Canon.
1369 2349 1493 2411 sive
1511 2350 1818 2414 Canticum
1843 2348 1916 2410 ad
1935 2358 2204 2413 sanctum
2225 2348 2502 2426 angelum
2527 2349 2857 2412 custodem.
2885 2385 2963 2394 -—
3001 2346 3130 2410 Fol.
3156 2345 3256 2420 88,
3284 2364 3411 2426 pag.
3453 2347 3506 2418 1,
3543 2344 3812 2407 Canones

397 2436 522 2498 sive
542 2436 772 2498 cantica
791 2437 890 2512 67,
912 2436 984 2499 ad
1008 2437 1254 2500 Mariam
1279 2437 1621 2520 Deiparam,
1650 2457 1901 2520 quorum
1942 2459 2123 2501 unum
2148 2440 2421 2521 quodque
2443 2441 2805 2521 peculiarem
2835 2458 3000 2502 suam
3028 2437 3206 2499 habet
3229 2433 3714 2515 acrostichidem,
3749 2444 3811 2499 et

398 2525 632 2601 itidem,
660 2535 724 2588 ut
741 2525 1172 2607 quaelibetode,
1199 2546 1357 2590 nona
1376 2529 1617 2593 nomine
1632 2528 1878 2592 Joannis
1900 2537 1989 2591 est
2008 2529 2309 2608 insignita.
2344 2565 2421 2576 —
2467 2530 2594 2593 Fol.
2629 2531 2769 2609 315,
2806 2551 2863 2612 p.
2903 2531 2961 2606 1,
2997 2529 3273 2590 (Iunones
3318 2525 3441 2588 sive
3473 2524 3702 2588 cantica
3737 2528 3800 2585 11

397 2615 472 2678 ad
505 2618 570 2681 S.
602 2615 897 2679 Joannem
932 2617 1281 2697 Baptistam,
1315 2618 1552 2700 eodem,
1577 2637 1696 2698 quo
1720 2619 1944 2699 priora,
1965 2620 2138 2682 modo
2157 2619 2416 2685 condita.
2451 2656 2530 2665 —
2553 2621 2796 2703 Aliquot
2826 2635 3091 2684 canones
3105 2612 3810 2699 paracleticisuntetiam

398 2706 463 2769 in
494 2706 628 2768 cod.
665 2705 880 2769 Caesar.
915 2705 1056 2782 309,
1092 2708 1194 2770 ﬁn.
1229 2706 1301 2768 V.
1336 2708 1618 2770 Lambec.
1652 2711 1726 2771 V.
1758 2728 1817 2789 p.
1853 2709 1993 2772 575.

480 2793 633 2857 Ibid.
669 2796 802 2857 cod.
843 2795 980 2875 103,
1015 2796 1396 2857 continentur
1427 2796 1696 2876 ejusdem
1730 2797 1848 2858 102
1874 2797 2378 2875 sacra_iambica,
2414 2799 2860 2880 praeﬁxaipsius
2875 2797 3166 2880 Epitome.
3195 2794 3467 2858 Curatius
3489 2791 3814 2870 descripsit

401 2883 690 2948 Lambec.
725 2885 886 2946 hunc
913 2884 1047 2945 cod.
1081 2903 1260 2964 quem
1290 2893 1563 2947 numerat
1593 2886 1732 2961 211,
1769 2885 1831 2946 in
1865 2888 2194 2948 Comment.
2229 2888 2344 2951 vol.
2379 2887 2453 2969 V,
2487 2905 2622 2969 pag.
2658 2890 2736 2953 66
2767 2907 2897 2970 sqq.
2927 2910 2941 2969 ;
3004 2895 3064 2949 et
3093 2885 3459 2965 singulorum
3488 2890 3808 2963 poematum

396 2973 824 3054 inscriptiones
853 2981 1030 3054 atque
1061 2973 1353 3054 principia
1382 2975 1600 3056 posuit,
1634 2974 1898 3056 itemque
1928 2976 2183 3038 correxit
2213 2977 2509 3059 Hippolyti
2540 2977 2818 3042 Maraceii
2855 2975 3164 3050 Lucensis,
3220 2973 3320 3056 qui
3346 2975 3404 3036 in
3432 2971 3812 3034 Bibliotheca

399 3063 690 3126 Mariana
720 3062 794 3123 de
821 3062 1067 3124 Joannis
1096 3063 1286 3125 Maur.
1321 3071 1512 3139 aetate,
1547 3072 1826 3144 tanquam
1858 3082 1924 3125 re
1954 3063 2178 3127 incerta
2209 3066 2349 3144 agit,
2383 3075 2440 3128 et
2469 3067 2616 3130 Sim.
2644 3068 3049 3146 Wagnereck,
3073 3063 3252 3146 quiin
3277 3065 3510 3126 Pietate
3526 3061 3812 3126 Mariana

409 3151 786 3226 Graecorum,
813 3161 966 3233 part.
1000 3169 1041 3232 ι,
1075 3152 1133 3214 in
1166 3150 1502 3231 Prolegom.
1537 3172 1596 3213 n.
1633 3152 1732 3228 23,
1768 3152 1976 3214 scribit
2017 3172 2081 3215 se
2130 3155 2395 3216 nondum
2430 3155 2752 3237 quidquam
2783 3156 2858 3218 de
2890 3165 3091 3217 nostro
3123 3152 3445 3226 invenisse,
3481 3150 3636 3231 quod
3669 3149 3812 3212 viris

398 3241 592 3304 doctis
621 3240 876 3320 probare
905 3259 969 3303 se
1000 3259 1175 3323 posse
1201 3241 1548 3304 confideret.
1581 3242 1712 3322 Ipse
1742 3250 1938 3304 tamen
1970 3243 2252 3307 Lambec.
2286 3244 2573 3324 ignoravit
2603 3245 2744 3307 edit.
2780 3245 2946 3308 Busti
2974 3245 3358 3316 Etonensem,
3384 3240 3650 3315 miratus,
3673 3257 3814 3321 poe-

402 3337 563 3394 mata
591 3347 760 3392 sacra
788 3337 1119 3392 memorata
1149 3349 1182 3392 a
1212 3328 1362 3392 Joan
1393 3331 1652 3393 Meursio
1679 3331 1875 3394 sexies
1906 3332 2078 3394 citari
2106 3332 2167 3394 in
2199 3333 2501 3397 Glossario
2552 3335 3074 3414 Graeco-Barbam,
3124 3341 3185 3394 et
3234 3330 3475 3413 quidem
3505 3329 3664 3391 velut
3685 3330 3808 3408 jam

399 3419 584 3482 edita.
619 3419 736 3482 Sed
766 3418 1066 3482 Kollarius
1095 3419 1215 3499 jam
1246 3419 1309 3480 in
1339 3429 1480 3482 nota
1507 3423 1582 3494 A,
1614 3421 1742 3482 loco
1776 3421 1968 3482 nostri
1995 3421 2254 3484 Fabricii
2285 3422 2486 3504 allato,
2518 3424 2772 3486 certiora
2803 3424 3027 3488 docuit.

477 3508 645 3572 Idem
671 3508 844 3572 Joan.
878 3512 1067 3572 Maur.
1103 3508 1345 3589 scripsit
1380 3507 1583 3571 Vitam
1619 3509 1684 3573 S.
1723 3509 2026 3585 Eusebia},
2058 3512 2212 3591 apud
2241 3512 2558 3574 Euchaitas
2589 3512 2651 3573 in
2701 3531 2914 3593 magna
2957 3509 3340 3575 veneratione
3370 3507 3586 3571 habitae
3620 3526 3635 3583 ;
3667 3509 3807 3570 item

401 3597 600 3662 Vitam
625 3600 693 3660 S.
719 3597 1006 3662 Dorothei
1030 3599 1298 3676 iunioris
1328 3603 1398 3660 in
1426 3597 1820 3675 Chiliocomo,
1847 3617 1916 3660 ex
1939 3599 2154 3679 quibus
2175 3601 2505 3680 fragmenta
2528 3603 2796 3684 quaedam
2826 3603 3050 3684 prolata
3077 3618 3207 3662 esse
3225 3619 3258 3661 a
3281 3596 3732 3670 LeoueAllatio,
3750 3596 3811 3657 in

393 3686 547 3751 libro
570 3689 664 3752 De
684 3706 988 3752 consensu
1000 3693 1316 3767 utriusque
1336 3687 1623 3752 Ecclesiae.
1648 3690 1713 3751 in
1735 3689 2014 3768 dogmate
2037 3690 2115 3752 de
2135 3693 2519 3771 purgatorio,
2540 3711 2598 3774 p.
2623 3693 2760 3769 754,
2787 3692 3012 3755 indicat
3032 3689 3206 3754 Cave.
3235 3688 3390 3752 Add.
3436 3687 3629 3768 ipsum
3663 3684 3806 3748 Fab.

394 3777 458 3840 in
489 3779 609 3841 fine
638 3777 925 3842 sectionis
953 3777 1028 3839 de
1049 3779 1197 3841 Juau
1252 3781 1444 3840 Maur.

481 3871 698 3932 Praeter
721 3875 1086 3931 memoratos
1108 3867 1284 3930 codd.
1311 3866 1652 3931 Vindobon.
1689 3875 1826 3932 sunt
1856 3869 1955 3931 alii
1988 3890 2249 3951 quoque,
2283 3873 2343 3933 in
2376 3873 2593 3954 quibus
2626 3880 2855 3935 exstant
2886 3874 3052 3936 Joan.
3087 3865 3461 3946 Mauropodis
3490 3863 3808 3945 Opuscula-

396 3957 716 4020 Florentiae
743 3958 806 4020 in
836 3957 983 4021 bibl.
1013 3956 1289 4020 Laurent.
1325 3957 1542 4021 Canon
1574 3959 1642 4020 in
1671 3961 1738 4022 S.
1774 3959 2059 4041 angelum
2089 3962 2422 4043 custodem,
2457 3963 2515 4024 in
2550 3964 2683 4025 cod.
2719 3964 2818 4042 17,
2853 3983 2915 4023 u.
2956 3963 3046 4035 12,
3083 3960 3228 4042 plut.
3261 3961 3334 4019 15
3368 3955 3644 4037 (Bandin.
3684 3955 3808 4017 Cat.

395 4047 573 4110 codd.
606 4047 707 4111 Gr.
741 4047 917 4109 Laur.
949 4045 996 4118 Ι,
1031 4065 1163 4127 pag.
1200 4049 1322 4120 40).
1359 4083 1437 4093 -
1466 4047 1819 4109 Encomium
1851 4049 1909 4109 in
1943 4047 2048 4112 SS.
2083 4049 2309 4123 Patres,
2338 4052 2494 4114 Basil
2545 4055 2624 4116 Μ.
2660 4053 2906 4132 Gregor'
2945 4051 3231 4128 Theolog.
3269 4061 3324 4111 et
3356 4047 3528 4112 Joan.
3561 4046 3813 4127 Chryso-

397 4145 681 4219 stomum,
713 4138 774 4199 iu
807 4136 940 4199 cod.
979 4137 1076 4211 17,
1114 4156 1174 4199 n.
1208 4137 1286 4201 29
1322 4135 1525 4211 (Band.
1561 4137 1600 4197 l.
1639 4156 1692 4198 c.
1731 4157 1862 4217 pag.
1901 4139 2066 4218 418).
2101 4141 2206 4203 Est
2239 4159 2475 4224 quoque
2527 4143 2674 4205 illud
2732 4141 3086 4206 Encomium
3120 4140 3178 4201 in
3210 4139 3386 4202 codd.
3427 4138 3696 4200 Vatican.
3745 4136 3806 4200 V.

397 4227 602 4292 Montf.
641 4227 800 4290 Bibl.
840 4225 977 4289 bibl.
1010 4244 1155 4288 mss.
1189 4225 1234 4300 Ι,
1268 4245 1400 4306 pag.
1436 4226 1510 4287 12
1541 4227 1610 4297 Ι),
1648 4233 1710 4288 et
1746 4229 1814 4290 13
1847 4228 1908 4292 C.
1944 4250 1958 4310 ;
1993 4265 2071 4274 —
2100 4230 2160 4291 iu
2191 4231 2325 4292 cod.
2354 4231 2592 4296 Mediol.
2619 4232 2825 4294 Ambr.
2853 4231 3000 4293 ibid.
3031 4230 3404 4312 pag.500A;
3441 4262 3518 4274 —
3545 4228 3606 4288 in
3632 4225 3805 4288 codd.

395 4319 588 4384 Paris.
613 4317 758 4380 bibl.
786 4315 950 4399 publ.
975 4316 1116 4391 559,
1146 4335 1206 4380 n.
1232 4316 1292 4397 9,
1329 4324 1387 4379 et
1420 4316 1597 4390 1557,
1621 4337 1682 4376 u.
1720 4322 1819 4389 24,
1859 4319 2109 4382 secuud.
2141 4322 2265 4383 Cat.
2297 4322 2474 4383 codd.
2509 4322 2694 4384 Paris.
2729 4323 2822 4384 vol
2857 4321 2945 4402 II;
2982 4357 3055 4366 —
3090 4320 3150 4380 in
3185 4319 3359 4381 codd.
3413 4315 3657 4379 Coislin.
3690 4314 3806 4378 304

398 4417 456 4473 et
484 4408 710 4484 307,in
734 4406 1008 4470 Homiliis
1029 4416 1088 4468 et
1108 4403 1254 4468 Vitis
1277 4405 1386 4471 SS.
1415 4413 1654 4487 martyr.
1678 4408 1807 4469 Jan.
1849 4409 1910 4471 V.
1941 4411 2259 4472 Montfauc.
2310 4411 2372 4472 in
2425 4412 2578 4474 Bibl.
2633 4412 2812 4476 Coisl.
2849 4430 2978 4493 pag.
3014 4412 3153 4484 418,
3191 4427 3364 4490 quem
3401 4407 3606 4487 miror,
3661 4423 3807 4466 nus-

393 4519 572 4583 quam
593 4499 755 4561 illius
776 4497 1138 4560 mentionem
1165 4496 1374 4559 factam
1395 4497 1734 4578 reperisse;
1757 4512 1810 4560 et
1840 4517 1969 4579 pag.
1997 4499 2138 4577 433,
2167 4499 2268 4562 ubi
2291 4509 2470 4581 errat,
2497 4503 2749 4565 Caveum
2777 4522 2894 4563 non
2924 4501 3268 4562 meminisse
3314 4497 3478 4559 illius
3509 4495 3806 4575 opusculi.

390 4625 470 4636 —
490 4587 732 4652 Taurini
753 4587 815 4649 in
838 4586 993 4649 Bibl.
1024 4589 1172 4665 Reg.
1199 4586 1375 4648 codd.
1396 4587 1496 4662 70,
1527 4587 1627 4649 fol.
1653 4588 1792 4658 329,
1821 4597 1880 4649 et
1907 4589 2039 4651 115.
2076 4589 2136 4651 in
2164 4589 2268 4653 SS.
2295 4593 2532 4653 Patrum
2551 4590 3246 4671 SermonibusViIisque,
3269 4587 3724 4649 meuseJanuar.
3747 4585 3800 4644 d.

389 4679 492 4743 30.
521 4680 583 4742 V.
604 4680 730 4742 Cat.
757 4677 932 4740 codd.
962 4675 1062 4740 Gr.
1091 4676 1333 4738 Taurin.
1363 4695 1494 4758 pag.
1525 4677 1634 4741 167
1666 4678 1904 4752 et‘2‘21).
1943 4713 2016 4725 ———
2043 4682 2191 4740 Tum
2217 4680 2277 4740 in
2312 4682 2446 4745 cod.
2475 4684 2756 4744 Laurent.
2817 4684 2906 4754 18,
2932 4701 2990 4744 n.
3030 4685 3090 4752 3,
3127 4681 3278 4761 plut.
3313 4679 3372 4752 9,
3405 4676 3576 4739 Joan.
3614 4679 3808 4738 Maur.

386 4769 695 4835 Invocatio
707 4775 761 4830 et
783 4768 1076 4845 confessio
1100 4768 1164 4827 in
1178 4766 1465 4847 angelum
1479 4767 1784 4829 custodem
1801 4768 1944 4829 vitae
1964 4770 2487 4845 nostrae,versibus
2507 4770 3005 4835 -156iambicis.——
3021 4771 3248 4834 Sermo
3267 4770 3332 4830 in
3361 4767 3810 4826 Dormitionem

387 4857 768 4940 Deiparas,in
782 4856 914 4921 cod.
933 4855 1030 4932 31,
1048 4875 1109 4916 n.
1135 4854 1203 4917 21
1220 4856 1390 4936 ,plut.
1421 4857 1522 4919 10.
1545 4891 1620 4901 —-
1636 4855 2124 4936 Etymologicum
2140 4861 2456 4923 metricum
2473 4864 2788 4923 nominum
2806 4863 2870 4923 in
2888 4861 2936 4923 S
2947 4911 2957 4923 .
2973 4859 3301 4938 Scriptura
3314 4855 3732 4926 celebriorum,
3749 4854 3810 4914 in

388 4949 524 5012 cod.
559 4947 658 5021 13,
696 4967 758 5008 n.
789 4947 893 5017 49,
929 4947 1079 5026 plut.
1109 4947 1209 5009 74.
1260 4945 1320 5009 ν.
1359 4946 1611 5009 Bandin.
1651 4948 1694 5027 l,
1735 4966 1861 5027 pag.
1899 4948 2019 5012 420
2050 4956 2106 5010 et
2139 4950 2278 5018 196.
2313 4969 2378 5012 ac
2414 4959 2556 5014 tom.
2609 4952 2706 5027 ΙΙΙ,
2761 4973 2817 5034 p.
2860 4970 2924 5016 ιιι
2956 4951 3056 5013 ubi
3088 4949 3339 5015 dubitat.
3377 4965 3515 5007 num
3550 4946 3648 5006 illa
3673 4963 3806 5007 car-

391 5037 553 5101 mina
584 5036 956 5118 etymologici
991 5036 1052 5097 in
1085 5035 1179 5098 ed.
1221 5035 1393 5098 Etou.
1429 5039 1831 5116 reperiantur.
1867 5036 1930 5098 In
1964 5039 2102 5102 eod.
2135 5040 2268 5101 cod.
2312 5043 2403 5104 13.
2440 5061 2499 5104 n.
2536 5044 2636 5117 50,
2673 5051 2762 5104 est
2784 5039 3806 5118 Initiumetymologiarumeorum.

385 5147 519 5210 qua:
543 5128 624 5191 ad
642 5127 942 5189 hominem
965 5126 1302 5204 pertinent,
1321 5125 1592 5187 versibus
1609 5125 1875 5202 iambic.,
1899 5147 2150 5208 quorum
2165 5139 2463 5193 auctorem
2481 5132 2760 5195 eumdem
2781 5136 3066 5196 Joannem
3101 5149 3230 5192 esse
3253 5127 3588 5208 suspicatur
3619 5126 3806 5189 Band.

392 5237 528 5301 pag.
550 5217 690 5281 112.
708 5251 788 5263 -—
802 5213 1072 5290 Taurini,
1096 5215 1156 5276 in
1170 5215 1322 5278 bibl.
1341 5219 1489 5293 Reg.
1510 5215 1643 5280 cod.
1668 5218 1806 5297 108,
1828 5219 2244 5298 llypomnema
2265 5227 2327 5282 in
2347 5220 2696 5284 Dominicas
2708 5215 3814 5295 solemnitalesiambicisaliisquever-

391 5307 560 5370 sibus
582 5305 887 5388 praemissa
911 5303 1162 5367 Joannis
1194 5308 1383 5368 Maur.
1414 5304 1763 5368 Vita.Plura
1777 5306 1909 5368 v.in
1925 5309 2046 5370 Cat.
2067 5308 2163 5369 cit.
2187 5329 2313 5389 pag.
2332 5312 2472 5374 244.
2499 5345 2573 5356 -
2599 5312 2787 5374 Paris.
2811 5311 2872 5372 iu
2896 5311 3040 5373 bibl.
3071 5308 3236 5391 publ.
3263 5307 3396 5369 cod.
3442 5307 3580 5379 817,
3627 5305 3808 5367 iambi

394 5394 457 5458 in
487 5396 945 5468 Thesdoretum,
975 5394 1156 5476 hujus
1191 5393 1635 5457 Commentario
1667 5396 1729 5456 in
1760 5413 1840 5458 xu
1875 5397 2146 5477 prophet.
2185 5399 2445 5462 minores
2477 5402 2701 5482 prmfixi
2732 5422 2753 5479 ;
2785 5402 2846 5462 in
2878 5401 3010 5463 cod.
3051 5403 3074 5463 1
3101 5400 3231 5472 182,
3268 5393 3811 5458 n.113.Juan.Eu-

394 5486 730 5549 chaitarum
753 5485 1149 5566 metropolitae
1171 5484 1458 5566 Epistola.
1483 5521 1561 5530 —
1586 5486 1884 5549 Mouachii
1911 5486 1971 5548 in
1993 5487 2140 5550 bibl.
2170 5490 2414 5552 elector.
2449 5491 2556 5552 cod
2588 5492 2725 5565 235,
2750 5494 2973 5553 Versus
3004 5489 3243 5552 iambici
3275 5488 3334 5548 in
3366 5486 3539 5548 Festa
3572 5485 3808 5549 Domini

395 5575 540 5638 etin
569 5576 688 5637 alia
717 5575 1210 5656 diversigeneris
1239 5584 1610 5655 argumenta.
1650 5576 1745 5657 (γ’.
1780 5577 1906 5640 Cat.
1941 5579 2116 5640 codd.
2180 5581 2280 5644 Gr.
2309 5581 2518 5644 Bavar.
2557 5602 2613 5662 p.
2676 5583 2805 5659 8'2.)
2865 5619 2943 5628 —
2997 5582 3082 5644 De
3139 5580 3311 5644 Joan.
3368 5577 3551 5639 Maur.
3585 5575 3810 5637 inedita

393 5663 650 5747 quadam
683 5663 988 5739 Oratione,
1025 5664 1083 5726 in
1118 5683 1233 5746 qua
1263 5664 1488 5726 dictum
1522 5665 1546 5726 Ι
1575 5664 1750 5731 Joan.
1783 5684 1843 5745 ν,
1875 5668 1908 5728 7
1948 5689 1960 5730 :
2023 5687 2029 5721 ι

2170 5673 2269 5727 ‘m‘t
2315 5688 2458 5751 τρεῖς
2493 5675 2577 5729 καὶ
2610 5675 2684 5743 ἓν,
2748 5673 2866 5752 agit
2919 5671 3132 5736 Franc.
3195 5675 3414 5734 Anton.
3471 5668 3714 5730 Knittel.
3749 5667 3806 5728 in

393 5753 994 5922 Nettweznalifritifken
1021 5753 1170 5817 uber
1192 5752 1464 5817 dember.
1500 5756 1762 5835 Spruch.
1804 5755 1966 5836 Drey
1998 5759 2162 5835 sind,
2195 5761 2296 5822 die
2324 5763 2406 5823 da
2436 5779 2663 5841 zeugen
2696 5764 2781 5826 im
2813 5761 3104 5842 Himmel,
3130 5769 3244 5824 etc.
3264 5759 3510 5822 Brunsv.
3546 5759 3720 5834 1785,
3743 5757 3804 5832 8,

393 5862 495 5909 sec
525 5885 541 5904 .
619 5891 634 5906 .
717 5856 831 5903 ARL
866 5882 883 5902 .

392 5849 541 5909 sect.
573 5849 883 5909 “Hum.
