4144 6374
288 435 315 500 1
327 435 447 503 053

1402 435 1591 501 VITA
1634 435 1694 498 S.
1741 431 2135 497 DOROTHEI
2175 435 2551 499 JUNIORIS.

3512 433 3663 500 1054

289 571 360 632 εὶς
431 570 530 638 τὴν
601 569 704 626 τῶν
777 569 1176 648 προγεγονότων
1271 567 1545 643 ὁμοίωσιν,
1619 565 1799 643 ὥσπερ
1871 563 1968 626 εἷς

2056 559 2172 623 lum
2203 562 2304 626 illa
2331 583 2463 646 quae
2493 584 2649 628 nunc
2680 574 2995 648 geruntur,
3028 567 3249 631 similia
3276 567 3350 631 iis
3377 587 3507 650 quae
3537 565 3679 629 olim

287 659 564 739 προγόνων
634 658 918 737 εὒγένειαν,
989 660 1048 715 τὸ
1142 657 1204 713 δα
1296 655 1450 721 κλέος
1553 655 1763 712 ἐκείνων
1822 652 1952 730 ὑπὲρ

292 749 467 806 πίστιν
537 745 714 811 ἄλλως
783 746 968 807 δοκοῦν
1052 745 1137 803 διὰ
1228 749 1290 802 τὸ
1362 743 1652 825 παράδοξον
1719 742 1779 799 ἐκ
1846 747 1952 797 τῶν

293 837 568 916 παρόντων
651 838 1000 912 πιστούμενος
1037 855 1051 870 ⁶
1112 838 1200 892 καὶ
1283 834 1425 913 παρά
1510 856 1568 890 τε
1623 839 1721 900 τῆς
1778 830 1954 906 ὅψεως

295 928 436 1007 παρά
478 949 536 984 τε
607 932 704 994 τῆς
757 927 924 993 ἀκοῆς
981 928 1042 983 τὸ
1097 927 1226 1004 πρὸς
1270 923 1462 1004 ἀρετὴν
1533 921 1731 1002 ἀνδρῶν
1803 919 1954 1000 γόνι-

297 1039 396 1093 μον
467 1018 555 1073 καὶ
638 1015 936 1097 πολυφόρον
1042 1015 1492 1096 μαρτυρούμενος,
1590 1016 1664 1070 ὧν
1744 1008 1954 1097 ἅπασαν

296 1105 478 1185 πλήρη
508 1107 608 1174 τὴν
640 1096 828 1166 ἑαυτοῦ
867 1106 1166 1186 περίχωρον
1225 1103 1342 1185 ἔχει
1378 1120 1390 1132 ·
1429 1101 1592 1161 ἄλλου
1644 1097 1762 1158 κατ’
1821 1096 1954 1155 ἄλλο

300 1196 458 1277 μέρος
516 1196 681 1262 αὐτῆς
764 1195 817 1253 ἐν
887 1195 1153 1276 διαφόροις
1227 1207 1435 1274 καιροῖς
1503 1194 1602 1260 τὴν
1645 1197 1736 1248 τοῦ
1788 1187 1954 1246 καλοῦ

299 1287 627 1365 κατόρθωσιν
681 1283 1096 1362 ἐπιδειξαμένου,
1155 1288 1243 1340 καὶ
1317 1283 1497 1360 μέντοι
1555 1283 1643 1339 καὶ
1685 1283 1746 1336 τὸ
1798 1285 1955 1354 σῶμα

301 1377 436 1452 μετὰ
464 1377 586 1439 τοὺς
642 1373 826 1442 ἄθλους
883 1375 1043 1434 αὐτοῦ
1099 1395 1200 1430 που
1254 1372 1638 1436 καταλιπόντος
1692 1369 1834 1447 παρὰ
1861 1369 1954 1424 τὸν

300 1465 464 1523 τόπον
523 1470 623 1532 τῆς
667 1465 924 1544 ἀγωνίας,
983 1477 1101 1528 τοῖς
1159 1463 1442 1544 περιοίκοις
1487 1461 1736 1542 ἐνέχυρον
1792 1458 1956 1538 ἄσφα-

303 1553 394 1621 λὲς
429 1555 731 1636 σωτηρίας,

381 1633 457 1721 β’.
520 1633 727 1703 Τούτων
791 1649 872 1709 εἷς
931 1645 1018 1701 καὶ
1079 1644 1369 1724 Δωρόθεος,
1411 1647 1438 1701 ὁ
1483 1643 1648 1721 μέγας
1679 1640 1733 1697 ἐν
1776 1640 1952 1706 ἇσκηο

304 1747 425 1796 ταῖς
463 1751 479 1768 ⁶
525 1733 665 1812 λέγω
720 1732 775 1790 δὲ
831 1735 922 1791 τὸν
982 1732 1095 1789 νέόν
1138 1734 1226 1790 καὶ
1284 1733 1398 1790 καθ’
1473 1734 1616 1809 ἡμᾶς
1649 1748 1664 1764 °
1725 1731 1844 1809 περὶ
1895 1729 1958 1785 0'5

2033 659 2402 730 gestasunta
2424 656 2824 734 generositate
2874 658 3163 738 majorum
3195 665 3556 738 nostrorum,
3593 655 3685 716 his

2033 739 2185 822 ipsis
2215 741 2392 804 ﬁdem
2445 753 2746 824 praestant,
2808 746 3024 808 futuris
3076 746 3294 828 alioqui
3327 753 3570 828 propter
3597 745 3688 806 ni-

2037 829 2216 892 miam
2235 849 2398 893 suam
2419 833 2944 898 admirabilitatem
2960 835 3440 911 incredibilibus;
3454 843 3512 897 et
3529 833 3686 896 visus

2035 919 2391 1002 auditusque
2424 922 2601 985 simul
2634 924 3037 987 testimonium
3069 924 3391 1004 perhibent
3419 923 3688 986 fecundae

2035 1007 2341 1072 hominum
2373 1010 2611 1073 illorum
2642 1013 2715 1074 ad
2748 1013 3243 1090 virtutemindoli,
3265 1012 3687 1096 quibusomnis

2035 1097 2152 1160 late
2179 1099 2342 1179 regio
2373 1099 2599 1162 circum
2652 1101 2916 1164 abundat
2949 1124 2965 1184 ;
3028 1103 3159 1165 aliis
3187 1111 3362 1184 atque
3391 1101 3545 1178 aliis,
3582 1121 3688 1184 per

2035 1187 2298 1251 diversas
2319 1190 2447 1271 ejus
2469 1199 2669 1270 partes
2695 1199 3077 1274 temporaque
3109 1194 3390 1275 praeclara
3402 1191 3683 1255 virtutum

2036 1279 2308 1361 exempla
2335 1280 2742 1361 praebentibus
2764 1304 2779 1364 ;
2799 1283 2940 1364 quin
2960 1283 3134 1344 etiam
3167 1302 3410 1364 corpus,
3435 1281 3685 1344 decursa

2037 1367 2164 1429 vitae
2195 1370 2483 1450 palaestra,
2519 1369 2775 1433 subinde
2805 1371 3282 1454 relinquentibus
3310 1373 3371 1434 in
3404 1372 3535 1433 loco
3559 1388 3686 1433 cer-

2036 1454 2275 1517 taminis
2303 1465 2585 1520 tesseram
2618 1459 2823 1521 salutis
2845 1460 3234 1524 indubitatam
3254 1461 3481 1524 circum
3513 1459 3682 1521 inco-

2035 1544 2300 1608 lentibus
2333 1566 2678 1612 mansurum
2692 1597 2707 1612 .

2118 1634 2177 1698 2.
2205 1633 2288 1696 Ex
2311 1637 2524 1699 horum
2547 1657 2796 1701 numero
2820 1639 2930 1701 fuit
2951 1639 3124 1702 etiam
3151 1641 3511 1716 Dorotheus,
3529 1660 3684 1724 prae-

2038 1723 2232 1786 clarus
2259 1724 2362 1789 ille
2390 1727 2450 1789 in
2483 1728 2685 1808 paucis
2715 1738 2943 1791 ascetes
2977 1754 2990 1790 :
3026 1729 3390 1792 Dorotbeum
3417 1723 3552 1794 dico
3579 1732 3654 1796 Ju

304 1823 469 1890 πολὺς
534 1811 715 1904 λόγος,
775 1827 863 1882 καὶ
922 1832 1128 1904 μακρᾶς
1201 1830 1506 1905 συγγραφῆς
1579 1825 1668 1880 καὶ
1726 1822 1956 1900 ἱστορίας

2056 1811 2296 1897 iiorem,
2321 1815 2424 1897 qui
2452 1825 2654 1879 nostra
2681 1824 2850 1880 astate
2878 1818 3080 1881 ﬂoruit
3111 1840 3127 1899 ;
3159 1821 3234 1882 de
3263 1839 3377 1901 quo
3408 1821 3691 1903 frequens

302 1913 551 1990 δεόμενος
586 1932 604 1952 ⁸
661 1916 798 1990 ἡμῖν
841 1911 885 1970 δ’
917 1914 1249 1996 ἀποχρήσειν
1293 1913 1352 1971 ἐκ
1394 1913 1611 1971 πολλῶν
1639 1910 1791 1990 ὀλίγα
1819 1909 1959 1966 δοκῶ

304 2027 400 2079 μοι
435 2007 452 2034 ‘
486 2004 600 2060 ἀντὶ
655 2003 870 2062 πολλῶν
899 2005 999 2082 γὰρ
1039 2011 1225 2065 ταυτα.
1258 2002 1357 2061 κᾶν
1401 2004 1460 2060 οὔ
1489 2000 1664 2060 πολλά
1697 2020 1710 2034 ⁸
1747 1999 1961 2078 ἐπείπερ

303 2095 461 2151 ἱκανὰ
516 2095 604 2150 καὶ
661 2095 792 2152 αὐτὰ
847 2093 908 2150 τό
958 2115 1016 2150 τε
1058 2092 1232 2174 ἄκρως
1282 2091 1572 2174 φιλόσοφον
1629 2100 1722 2150 τοῦ
1777 2087 1960 2168 ἀνδρὸς

307 2188 646 2264 παραστῆσαι
691 2187 779 2242 καὶ
830 2185 891 2240 τὸ
947 2185 1084 2242 πάνυ
1131 2182 1396 2264 φιλόθεον,
1457 2182 1534 2240 ’έτι
1589 2180 1643 2237 δὲ
1683 2181 1773 2238 καὶ
1829 2178 1960 2246 ὅσης

305 2271 582 2344 ἀπήλαυσε
622 2279 718 2341 τῆς
778 2274 997 2354 χάριτος
1053 2274 1143 2330 ἐπὶ
1182 2274 1411 2350 τούτοις,
1474 2273 1560 2328 καί
1604 2272 1722 2350 πρὶν
1778 2269 1960 2326 ἐντεῦ-

304 2367 390 2420 θεν
447 2364 841 2435 ἀπαναστῆναι,
929 2360 1203 2442 ἀρραϐῶνα
1285 2368 1383 2430 τῆς
1454 2365 1540 2418 νῦν
1610 2358 1958 2436 ἔκδεξαμένης

309 2453 464 2510 οὖτὸν
507 2455 597 2510 καὶ
625 2455 755 2534 πρὸς
799 2453 928 2510 Θεὸν
979 2452 1320 2517 οἶκειώσεως,
1382 2453 1542 2516 Οὗτος
1601 2457 1875 2529 τοιγαροῦν
1932 2449 1960 2504 ὁ

311 2550 558 2606 τοσοότος
605 2544 738 2624 ἐφύη
769 2543 864 2620 μέν
917 2547 1072 2600 ποθεν
1123 2540 1264 2599 ἔνθεν
1321 2541 1372 2608 ἐξ
1430 2541 1695 2617 ἐπισήμου
1752 2537 1960 2600 πόλεως

309 2633 564 2711 γείτονος,
629 2631 830 2709 μᾶλλον
887 2630 942 2688 δὲ
997 2631 1378 2711 μητροπόλεως
1446 2631 1620 2694 ἔθνους
1675 2631 1770 2686 οὒκ
1827 2625 1962 2683 ἅνω-

308 2725 496 2801 νύμου.
530 2727 936 2804 Τραπεζούντίος
980 2726 1079 2806 γάρ
1115 2741 1128 2754 ⁶
1175 2724 1328 2804 γένος
1383 2726 1471 2781 καὶ
1528 2724 1633 2780 τῶν
1691 2723 1746 2778 εὗ
1801 2743 1961 2800 γεγο-

310 2813 502 2895 νότων,
537 2817 625 2872 καὶ
673 2817 778 2872 τῶν
821 2815 876 2871 ἐν
929 2813 1070 2871 τέλει
1114 2816 1180 2871 τὰ
1237 2815 1420 2894 πρῶτα
1457 2830 1470 2844 ⁶
1520 2814 1573 2869 ἐν
1613 2813 1714 2892 γὰρ
1767 2833 1962 2890 πατρι-

307 2904 440 2967 κίοις
501 2902 710 2962 ἐτέλουν
781 2907 828 2961 οἱ
883 2905 1015 2984 πρὸς
1085 2906 1284 2984 πατρὸς
1341 2903 1564 2982 πατέρες
1622 2905 1763 2976 αὐτῷ
1799 2921 1812 2933 ·
1876 2901 1964 2956 καὶ

311 2993 514 3050 τούτων
571 2994 630 3052 οὔ
679 3007 798 3058 τοῖς
854 2992 906 3060 ἐξ
959 2991 1181 3050 ἰδιωτῶν
1241 2991 1358 3072 ἄρτι
1414 2996 1621 3073 πρῶτον
1693 2993 1766 3055 είς
1811 3000 1964 3049 τοῦτο

312 3082 696 3163 παραγγείλασι
767 3085 829 3141 τὸ
903 3083 1128 3159 ἀξίωμα,
1206 3081 1323 3138 ἀλλ’
1383 3085 1490 3155 οἷς,
1549 3085 1624 3144 ὡς
1696 3079 1756 3136 ἂν
1818 3079 1965 3136 εἴποι

315 3195 421 3247 τις,
476 3174 612 3230 κατὰ
663 3172 864 3253 κλῆρον
919 3173 984 3240 ἦν
1053 3174 1088 3240 ἡ
1135 3172 1368 3250 εὐγένεια

314 3260 392 3318 ἔτι
451 3264 539 3320 καὶ
615 3270 727 3344 νῦν,
809 3265 881 3326 ὡς
959 3262 1222 3338 ἐπίσημόν
1292 3284 1342 3318 τι
1410 3261 1591 3340 γένους
1651 3259 1968 3338 λαμπρότα-

316 3374 430 3433 τον,
490 3356 608 3409 οἷον
669 3343 1005 3430 Ἡρακλείδας
1072 3354 1218 3417 τινας
1277 3354 1364 3408 καὶ
1419 3348 1708 3412 Πελοπίδας
1766 3349 1968 3430 ἐπιφη-

317 3441 554 3516 μίζουσιν
565 3489 577 3503 .

398 3611 474 3699 γ’.
520 3618 617 3680 Ἐκ
673 3621 874 3678 τούτων
932 3621 1020 3678 οὖν
1089 3619 1358 3700 προελθὼν
1417 3621 1504 3676 καὶ
1573 3621 1638 3675 τὰ
1706 3625 1798 3676 τοῦ
1859 3619 1972 3695 βίου

315 3711 568 3790 προοιμία
623 3709 724 3767 ὐπὸ
780 3709 1114 3775 διδασκάλοις
1171 3711 1406 3786 κοσμίως
1462 3710 1550 3766 καὶ
1607 3707 1972 3786 παιδαγωγοῖς

313 3798 584 3870 διανύσας,
620 3801 694 3862 ὡς
727 3800 864 3864 εἰκὸς
908 3799 974 3868 ἦν
1004 3799 1176 3870 δήπου
1205 3801 1296 3856 τὸν
1340 3803 1529 3878 εὐγενῆ
1565 3814 1578 3827 °
1629 3796 1717 3853 ὅτε
1763 3803 1973 3876 πρῶτον

314 3886 481 3955 ἀνέϐη
536 3885 893 3962 δωδεκαέτης,
967 3887 1156 3956 ἡδίστη
1214 3888 1522 3946 καθίσταται
1593 3888 1800 3968 φροντὶς
1857 3899 1973 3951 τοῖς

316 3979 545 4058 πατράσι
616 3980 704 4035 καὶ
800 3977 988 4054 σκέψις
1076 3976 1161 4034 ἐπ’
1247 3980 1388 4053 αὐτῷ
1457 3979 1813 4057 παραχρῆμα,
1889 3977 1976 4032 καὶ

319 4066 486 4146 βουλὴ
577 4066 1053 4161 περισπούδαστος,
1139 4067 1314 4146 γάμου
1387 4066 1682 4134 καταδῆσαι
1756 4064 1976 4141 δεσμοῖς

319 4161 407 4214 τὸν
454 4157 744 4238 ἐλεύθερον.
803 4157 915 4215 ηΕτι
970 4159 1070 4237 γὰρ
1129 4157 1354 4234 ἠγνόουν
1411 4159 1458 4214 οἱ
1523 4157 1786 4236 ἂνθρωποι
1831 4159 1904 4222 ὡς
1949 4159 1976 4214 ὁ

313 4261 444 4311 παῖς
502 4247 684 4312 αὖτοῖς
714 4247 1082 4326 εὐγενέστερος
1125 4247 1226 4314 τὴν
1283 4247 1471 4326 ψυχὴν
1528 4247 1564 4314 ἢ
1609 4248 1670 4302 τὸ
1700 4250 1881 4323 σῶμα,
1917 4245 1975 4312 ὅς

316 4359 377 4415 γε
422 4337 510 4394 καὶ
566 4340 668 4416 πρὸ
710 4342 811 4404 τῆς
857 4342 1171 4414 σωματικῆς
1242 4335 1454 4405 ἡλικίας
1509 4335 1640 4416 ὑπὲρ
1713 4338 1772 4392 τὸ
1823 4343 1980 4413 σῶμα

318 4427 607 4507 φρονήσας,
669 4427 755 4484 καὶ
827 4428 968 4506 παρὰ
1021 4429 1120 4495 τὴν
1163 4426 1382 4506 πρώτην
1441 4426 1586 4490 εὖθὺς
1649 4425 1977 4506 εἰςύῦψηλό-

319 4517 445 4596 τέρα
487 4514 691 4592 βλέψας
735 4518 838 4573 τῶν
903 4522 1093 4572 κοινῶν
1163 4517 1251 4572 καὶ
1309 4515 1727 4596 νενομισμένων,
1787 4517 1980 4596 σαρκὸς

321 4606 422 4680 μὲν
465 4606 551 4662 καὶ
596 4605 826 4680 α’ἷματος
886 4603 1152 4685 ὑπεριδεῖν
1223 4603 1334 4662 δεῖν
1392 4606 1567 4678 ᾠήθη,
1628 4603 1751 4660 ὅλον
1794 4604 1848 4662 δὲ
1898 4607 1984 4662 καὶ

323 4701 480 4771 σῶμα
548 4696 638 4751 καὶ
707 4705 915 4771 πνεῦμα
992 4695 1215 4772 καθαρὸν
1274 4693 1504 4772 τηρῆσαι
1564 4700 1642 4767 τῷ
1699 4696 1983 4772 πνεύματι.

324 4785 500 4861 Ταύτῃ
559 4807 641 4842 τοι
714 4786 802 4841 καὶ
871 4781 1046 4846 ἄλλως
1103 4787 1208 4864 οὐχ
1265 4782 1409 4863 ἔχων
1464 4779 1523 4838 ἐκ
1564 4788 1662 4850 τῆς
1721 4783 1984 4862 κεφαλῆς,

325 4873 597 4949 ἐπιθυμίας
695 4875 895 4940 ταύτης
969 4885 1185 4953 τυχεῖν,
1259 4873 1349 4928 καὶ
1446 4877 1551 4927 τῶν
1621 4872 1982 4930 ἀντελκόντων

326 4964 538 5019 ἐκείνων
639 4961 899 5040 ἐμποδίων
1011 4960 1394 5043 περιγενέσθαι,
1524 4961 1709 5018 ἑαυτὸν
1808 4965 1983 5041 σοφῶς

325 5052 701 5126 ὺπεκκλέπτει,
761 5056 851 5110 καὶ
921 5054 1062 5133 ταχὺ
1119 5052 1285 5132 φυγὰς
1343 5054 1372 5107 ὁ
1435 5065 1704 5129 γενναῖος,
1751 5053 1984 5112 ἐντεῦθεν

417 5232 506 5313 (1)
533 5231 687 5312 Ergo
720 5231 1314 5313 Trapezunteinatus,
1363 5229 1585 5293 celebri
1624 5231 1862 5313 civitate
1922 5232 1995 5296 ad

331 5311 904 5394 PontumEuxinum,
925 5312 1183 5394 quaealio
1213 5331 1453 5394 quoque
1475 5311 1718 5394 nomine
1746 5311 2000 5377 Oezenis

342 5393 700 5474 appellatur.
738 5393 838 5454 Est
871 5390 1259 5474 etTrapezus
1312 5390 1422 5455 alia
1457 5392 1526 5454 ad
1562 5390 1755 5474 sinum
1789 5395 2004 5457 Arabi-

1920 1881 2017 1930 .JB

2002 4481 2046 4531 D

2041 1921 2262 1981 sermo,
2298 1905 2501 1968 multze
2529 1906 2877 1987 scriptionis
2905 1926 2974 1970 ac
3004 1908 3368 1971 narrationis
3399 1909 3639 1988 indigus
3675 1932 3687 1975 :

2041 1992 2146 2054 sed
2179 1993 2350 2056 nobis
2380 1995 2698 2059 suffectura
2723 2005 2860 2078 puto
2893 2015 2926 2059 e
2957 1997 3158 2060 multis
3187 2017 3376 2080 pauca
3410 2021 3426 2074 ;
3467 2019 3600 2062 cum
3634 2009 3696 2063 et

2043 2099 2231 2162 pauca
2259 2082 2360 2145 illa
2408 2085 2732 2148 multorum
2790 2086 2979 2149 instar
3004 2086 3282 2150 habitura
3312 2089 3454 2166 sint,
3488 2097 3694 2172 utpote

2042 2173 2490 2236 accommodata
2537 2175 2611 2236 ad
2660 2177 3212 2257 repraesentandum
3258 2196 3552 2242 summam
3583 2180 3694 2242 viri

2043 2261 2393 2343 sapientiam
2453 2282 2868 2347 summamque
2923 2265 3325 2347 religionem;
3388 2276 3447 2330 et
3502 2268 3564 2330 in
3621 2269 3697 2332 iis

2044 2358 2262 2433 quanta
2320 2362 2654 2435 praeventus
2703 2355 2780 2418 sit
2823 2354 3030 2434 gratia,
3096 2374 3393 2438 quamque
3445 2366 3689 2423 certam.

2047 2440 2386 2524 priusquam
2419 2443 2559 2506 hinc
2572 2444 2911 2523 emigraret,
2939 2445 3240 2524 acceperit
3259 2448 3495 2508 arrbam
3512 2447 3693 2524 illius,

2047 2549 2161 2612 qua
2180 2550 2338 2594 nunc
2362 2532 2597 2608 fruitur,
2620 2531 3035 2618 familiaritatis
3056 2532 3290 2596 divinae.
3336 2534 3495 2598 Talis
3514 2535 3696 2616 igitur

2045 2631 2360 2706 tantusque
2387 2625 2497 2707 vir,
2531 2644 2603 2688 ex
2631 2626 2730 2688 illa
2756 2625 2998 2707 regione
3025 2625 3342 2708 aliquando
3373 2627 3539 2690 duxit
3580 2629 3698 2691 ori-

2043 2713 2265 2794 ginem,
2291 2723 2492 2797 utpote
2518 2724 2689 2778 natus
2727 2716 2787 2777 in
2819 2715 3042 2778 celebri
3067 2716 3236 2798 urbe,
3265 2715 3449 2780 Ponto
3475 2717 3692 2800 vicina,

2045 2812 2144 2867 aut
2179 2803 2372 2886 potius
2421 2805 2483 2866 in
2543 2805 2855 2887 metropoli
2917 2805 3259 2868 clarissima;
3313 2805 3527 2886 gentis.
3561 2807 3701 2869 Erat

2045 2893 2205 2955 enim
2230 2911 2264 2956 a
2286 2893 2715 2976 Trapezuntius
2739 2894 2789 2976 (1
2801 2908 2814 2967 )
2848 2899 2864 2957 ε
2888 2914 3075 2975 genus
3099 2896 3343 2957 trahens
3381 2915 3414 2958 e
3443 2895 3694 2958 nobilis-

2048 2981 2215 3044 simis
2239 2985 2602 3064 parentibus,
2622 2984 2814 3066 iisque
2839 2987 2896 3046 in
2918 2985 3261 3065 magistratu
3280 2985 3651 3068 principibus
3677 3007 3693 3068 ;

2048 3073 2306 3153 majores
2325 3075 2545 3156 quippe
2575 3074 2704 3154 ejus
2729 3092 2799 3136 ex
2824 3081 2990 3155 parte
3017 3075 3198 3154 patris
3237 3076 3702 3138 numerabantur

1377 3220 1392 3252 ,
1432 3173 1521 3228 καὶ
1576 3173 1661 3233 οὓς
1717 3169 1966 3247 γενεσίως

2056 3161 2208 3252 inter
2240 3165 2540 3244 patricios,
2577 3184 2697 3226 non
2749 3164 2882 3226 illos
2939 3165 3038 3246 qui
3087 3183 3302 3226 recens
3359 3184 3391 3226 e
3423 3165 3595 3247 plebe
3626 3167 3699 3228 ad

2051 3251 2223 3315 istam
2249 3253 2594 3333 dignitatem
2641 3261 3058 3336 pervenerant,
3093 3261 3198 3316 sed
3233 3253 3448 3336 quibus
3478 3253 3702 3317 nobili-

2054 3348 2163 3424 tas,
2189 3351 2250 3404 ut
2269 3343 2490 3418 dicam,
2515 3343 2888 3406 baereditaria
2913 3354 3040 3405 erat
3069 3363 3084 3419 ;
3124 3342 3345 3424 quique
3362 3343 3706 3406 etiamnunc

2053 3429 2129 3492 ob
2158 3431 2388 3513 insigne
2420 3433 2706 3515 prosapiae
2736 3451 2858 3494 suae
2888 3432 3098 3514 decus,
3126 3432 3210 3494 uti
3211 3431 3703 3514 Heraclidaequi-

2054 3519 2190 3583 dam
2220 3530 2320 3584 aut
2348 3522 2649 3604 Pelopidae
2678 3520 2777 3601 (2),
2810 3521 3144 3584 laudantur.

2137 3621 2196 3674 5.
2215 3612 2456 3676 Talibus
2477 3613 2675 3694 itaque
2691 3618 3012 3692 prognatus
3024 3609 3706 3692 parentibus,exordium

2055 3700 2187 3764 vita;
2216 3703 2325 3765 sub
2357 3701 2672 3784 disciplina
2699 3700 3112 3782 magistrorum
3142 3719 3213 3762 ac
3254 3701 3706 3782 paedagogorum

2057 3793 2361 3874 praeclare,
2393 3800 2458 3854 ut
2486 3791 2747 3854 nobilem
2787 3797 2982 3871 pecet,
3017 3789 3270 3871 peregit.
3305 3789 3419 3852 Ubi
3451 3789 3708 3872 primum

2057 3883 2245 3962 attigit
2273 3901 2496 3944 annum
2525 3881 2717 3944 aetatis
2749 3879 3194 3956 duodecimum,
3253 3879 3448 3942 suavis
3484 3879 3709 3942 sollici-

2060 3971 2198 4033 tudo
2243 3971 2582 4049 parentibus
2635 3969 2846 4031 oborta
2904 3977 3016 4049 est,
3067 3968 3585 4032 considerantibus
3641 3988 3711 4031 ac

2059 4061 2324 4124 studiose
2353 4057 2822 4124 consultantibus
2869 4057 2946 4120 de
2995 4057 3117 4121 lilio
3171 4057 3234 4120 in
3265 4059 3712 4121 matrimonium

2059 4150 2431 4215 collocando.
2485 4147 2844 4230 lgnorabant
2887 4147 3052 4209 enim
3109 4157 3359 4214 eatenus
3415 4149 3716 4230 homines,

2064 4259 2310 4322 puerum
2344 4238 2734 4321 illumlanimi
2774 4237 2961 4317 magis
2989 4257 3163 4319 quam
3197 4238 3466 4319 corporis
3497 4237 3716 4301 nobili-

2061 4339 2180 4394 tate
2213 4336 2513 4412 praastare,
2549 4328 2651 4412 qui
2681 4334 2818 4389 ante
2847 4334 3077 4389 aetatem
3128 4329 3502 4408 corporalem
3536 4347 3720 4410 supra

2065 4440 2281 4502 corpus
2307 4421 2567 4501 sapiens,
2625 4436 2659 4479 a
2716 4417 2938 4478 teneris
2968 4416 3164 4478 statim
3197 4415 3372 4478 annis
3401 4416 3714 4480 oculorum

2065 4511 2252 4572 aciem
2282 4511 2344 4571 in
2377 4508 2747 4580 sublimiora,
2779 4523 2957 4586 quam
2991 4504 3305 4587 putabatur
3334 4515 3394 4568 et
3423 4505 3523 4566 alii
3583 4505 3719 4585 ple-

2067 4618 2317 4681 rumque
2334 4598 2548 4673 solent,
2574 4593 2830 4657 intendit
2856 4619 2869 4666 ;
2898 4613 3245 4675 persuasum
3273 4595 3520 4669 habens,
3552 4594 3720 4656 carui

2070 4698 2128 4752 et
2157 4687 2431 4768 sanguini
2458 4683 2880 4748 remittendum
2913 4685 3185 4745 nuntium
3219 4703 3376 4765 esse,
3415 4692 3723 4766 totumque

2071 4790 2352 4861 etcorpus
2369 4786 2426 4840 et
2445 4776 2712 4839 animum
2732 4773 2792 4834 in
2818 4775 3107 4836 munditia
3127 4774 3363 4856 spiritui
3391 4793 3718 4837 reservan-

2068 4872 2236 4934 dum.
2268 4868 2471 4951 Itaque
2501 4866 2852 4946 desperans,
2903 4864 3077 4927 aliter
3124 4873 3460 4946 compotem
3494 4883 3560 4926 se
3591 4865 3722 4928 fieri

2068 4957 2475 5024 ardentissimi
2494 4952 2781 5020 desiderii
2801 4953 2891 5015 sui
2914 4963 2971 5014 et
2993 4955 3295 5016 obstacula
3309 4954 3366 5016 id
3390 4953 3722 5036 impedien-

2069 5052 2149 5114 tia
2172 5067 2557 5134 perrumpere
2581 5062 2754 5128 posse
2781 5064 2798 5120 ;
2821 5042 2970 5104 clam
3002 5063 3135 5106 sese
3164 5043 3446 5106 subducit
3475 5051 3535 5106 et
3564 5045 3724 5106 cele—

2082 5227 2602 5294 celeberrimorum
2617 5223 3122 5303 virorumGeorgii
3133 5273 3147 5305 ,
3158 5221 3728 5304 vulgoTrapezuntii,

2083 5323 2142 5375 et
2171 5309 2491 5375 cardinalis
2521 5307 2915 5370 Bessarionis.

2167 5394 2250 5471 (2)
2283 5395 2424 5456 Duas
2453 5390 2545 5450 hae
2573 5387 2828 5471 familiae
2850 5385 3287 5471 celeberrimae
3334 5380 3736 5471 comebantur

331 5463 468 5536 cum
506 5491 520 5537 :
587 5482 646 5536 et
706 5476 877 5535 tertia
937 5473 997 5534 in
1049 5463 1324 5535 Arcadia.
1389 5474 1502 5536 Sed
1566 5473 1641 5535 de
1673 5475 1875 5554 priore
1906 5476 2005 5537 hic
2089 5463 2453 5554 ab‘Hercule
2483 5479 2541 5530 et
2568 5469 2786 5554 Pelope
2827 5469 3041 5554 d_uctae_,
3094 5467 3250 5528 inter
3279 5482 3425 5546 quas
3453 5464 3530 5554 de
3557 5463 3735 5554 Pelo-

331 5573 554 5638 sermo,
615 5555 788 5638 cujus
845 5554 1186 5638 antiquitati
1241 5544 1997 5638 grande_decu_s_addidit
2080 5553 2329 5638 ponensi
2364 5544 2950 5638 possessioneuadeo
3011 5548 3236 5638 famosa
3268 5544 3572 5638 contentio
3599 5544 3734 5638 fuit,

334 5624 649 5718 imperium
675 5624 1491 5718 Orientis,Constantinopoli
1525 5653 1606 5718 eo
1629 5634 1702 5718 ab
1729 5633 1992 5714 impera-
2082 5624 2144 5695 iit
2174 5624 2625 5718 Heraclidarum
2674 5631 2733 5690 in
2764 5629 2926 5718 illam
2965 5628 3204 5718 reditus
3233 5624 3530 5706 aliquibus
3557 5624 3734 5718 etiam

332 5705 1535 5795 toribusGrzecissatculoxmtranslatum,
1571 5713 1776 5795 ibique
1806 5705 1998 5778 annos
2082 5734 2186 5795 pro
2220 5714 2702 5794 epocha‘tuent.
2764 5709 2912 5772 Vide
2963 5707 3260 5772 Salianum
3318 5705 3372 5769 a.
3421 5723 3500 5768 in.
3553 5705 3736 5781 2950,

333 5796 458 5860 fere
488 5796 780 5859 ducentos
810 5804 1134 5859 retentum.
1171 5797 1303 5860 Fuit
1333 5797 1539 5860 eadem
1575 5797 1771 5859 natale
1802 5798 1994 5860 solum
2084 5815 2249 5858 num.
2284 5796 2343 5860 3.
