4144 6374
325 285 346 349 1
357 284 473 356 057

1452 296 1640 367 VITA
1686 302 1744 365 S.
1793 291 2185 363 DOROTHEI
2224 291 2580 365 JUNIORIS

3558 281 3716 362 1088

325 428 584 510 ἐχόμενα,
629 431 865 512 καθάπερ
924 431 1261 501 πολύπλοκος
1317 435 1465 516 σειρά
1533 458 1616 502 τις
1670 443 1870 517 χρυσῆ,
1916 438 1978 493 τὸ

2065 434 2342 516 quoniam
2394 435 2581 516 magis
2635 435 2906 500 minusve
2955 434 3210 517 insignis
3259 435 3514 498 evaserit
3539 445 3714 520 atque

324 535 593 599 γενναῖον,
643 524 703 579 τὸ
751 523 1042 604 πρόθυμον,
1089 547 1145 580 τε
1201 523 1603 605 λελογισμένον,
1649 529 1709 583 τὸ
1761 525 1975 607 περιδέ-

326 609 454 686 ξιον,
502 612 564 668 τὸ
613 615 802 669 θᾶττον
847 613 884 682 ἢ
941 613 1283 682 κελευσθῆναι
1342 617 1473 696 πρὸς
1515 618 1576 673 τὸ
1631 614 1976 692 κελευόμενον

324 702 655 782 ὕπακοεύειν,
687 704 748 760 τὸ
806 717 1048 780 κρεῖττον
1110 702 1318 768 ἐλπίδος
1362 703 1592 770 ἐξανύειν
1648 706 1710 762 τὸ
1769 704 1920 785 ἔργον
1957 720 1972 735 ⁶

327 789 413 847 ἐπὶ
455 797 610 864 πᾶσι,
657 793 718 848 τὸ
775 793 986 850 πάντων
1044 792 1381 870 ὑψηλότατόν
1442 817 1499 851 τε
1565 797 1652 852 καὶ
1701 794 1974 875 μέγιστον,

326 881 386 938 τὸ
431 879 598 957 μηδὲν
657 881 797 960 μέγα
851 885 1133 961 κατορθοῦν
1191 883 1418 966 οἴεσθαι,
1477 883 1573 940 κᾶν
1634 885 1700 940 τὰ
1768 884 1980 942 πάντων

326 969 514 1051 ἄριστα
581 970 944 1052 κατεπράξατο
979 993 993 1007 ·
1073 971 1210 1030 ἀλλᾶ
1280 976 1414 1054 πρὸς
1487 974 1584 1042 τὴν
1645 973 1982 1040 Λεσποτικὴν

327 1058 458 1140 ὁρᾷν
483 1059 730 1142 ἐντολὴν,
775 1063 863 1118 καὶ
895 1063 1029 1136 μετὰ
1076 1063 1176 1131 τὴν
1218 1069 1322 1121 τῶν
1378 1065 1592 1121 πάντων
1646 1061 1980 1140 ἐκπλήρωσιν

274 1211 278 1216 _
325 1147 552 1231 ἀχρεῖδν
595 1150 779 1206 ἑαυτὸν
823 1150 1013 1209 καλεῖν
1067 1149 1271 1232 δοῦλον,
1331 1155 1421 1211 καὶ
1476 1155 1576 1222 τῆς
1633 1157 1741 1210 τῶν
1769 1153 1977 1232 ὑπηρε-

325 1201 596 1316 τδύ-μένων
641 1240 808 1321 εύχῆς
839 1241 927 1297 καὶ
958 1240 1197 1321 εὐλογίας
1227 1201 1459 1309 ἆζάξιον,

2059 523 2644 605 apparuerit.0mnia
2672 526 2832 588 enim
2861 526 2990 606 ejus
3008 525 3290 587 virtutum
3314 525 3533 588 decora
3554 527 3716 590 inter

2059 631 2124 674 se
2154 613 2316 694 paria
2344 632 2412 676 ac
2444 614 2775 692 simillima,
2825 623 2884 677 et
2913 615 2985 677 ad
3017 615 3205 677 instar
3249 622 3474 677 catenae
3519 635 3716 680 aureas

2063 702 2382 764 multorum
2408 703 2764 765 annulorum
2790 722 3056 765 connexa
3075 712 3264 781 erant;
3293 721 3510 784 nempe
3531 705 3715 768 animi

2061 791 2191 870 ejus
2237 791 2580 870 magnitudo
2630 811 2697 854 ac
2748 794 3174 876 promptitudo,
3231 793 3569 872 prudentia,
3616 815 3716 860 sa-

2061 879 2654 961 pientia,obedientia
2687 883 3027 956 mandatum
3057 891 3437 965 praeverteris,
3462 901 3679 949 exsecu

2061 972 2145 1032 tio
2177 988 2423 1050 operum
2461 971 2780 1050 perfectior
2809 990 2982 1054 quam
3033 972 3263 1053 sperari
3300 986 3523 1055 posset;
3551 974 3716 1037 deni-

2062 1077 2177 1140 que
2202 1062 2363 1140 quod
2400 1059 2664 1122 omnium
2718 1062 3084 1144 przecipuum
3136 1071 3194 1125 et
3245 1061 3565 1124 maximum
3601 1077 3714 1147 est,

2063 1149 2153 1211 sui
2185 1149 2499 1213 aestimatio
2533 1169 2646 1231 qua
2677 1151 2825 1213 nihil
2853 1151 3174 1233 quidquam
3209 1151 3494 1231 praeclare
3524 1153 3656 1217 fieri
3684 1173 3719 1217 a

2062 1256 2126 1300 se
2151 1239 2657 1318 putabat,tametsi
2678 1241 3136 1322 praeclarissima
3156 1259 3407 1324 quaeque
3439 1260 3718 1324 operare-

324 1339 460 1411 tur;
491 1327 597 1390 sed
626 1327 1001 1390 Dominicum
1031 1329 1364 1412 respiciens
1397 1340 1782 1414 praeceptum,
1812 1349 1944 1396 cum
1997 1327 2198 1389 omnia
2250 1328 2623 1409 explevisset,
2656 1328 2931 1394 inutilem
2961 1348 3026 1393 se
3055 1330 3183 1412 ipse
3211 1329 3548 1413 appellabat
3577 1351 3713 1398 ser-

324 1435 460 1482 vum
477 1418 540 1503 3,
569 1425 626 1480 et
656 1417 778 1484 Deo
808 1418 1218 1482 famulantium
1252 1421 1556 1503 precibus,
1593 1430 1652 1484 et
1681 1419 2102 1486 benedictione
2129 1417 2461 1496 indignum.

404 1498 507 1584 ς’.
567 1510 717 1568 Οὕτω
757 1507 802 1566 δ’
833 1509 919 1567 ἐπὶ
974 1498 1475 1594 μήκιστον-χρόνον
1529 1528 1652 1578 ταῖς
1703 1513 1970 1574 τοιαύταις

2135 1507 2190 1568 6.
2213 1506 2357 1569 Cum
2391 1507 2606 1571 talibus
2628 1508 2971 1589 longissimo
3001 1518 3266 1592 tempore
3287 1511 3553 1577 dedisset
3571 1533 3717 1596 ope.

325 1599 595 1680 ἐργασίαις
659 1597 1054 1682 διαγενόμενος,
1113 1604 1200 1659 καὶ
1256 1602 1421 1670 δεξιὸς
1477 1606 1550 1668 ὡς
1609 1601 1770 1668 ἄλλος
1813 1601 1975 1666 οὐδεὶς

2065 1612 2184 1658 ram
2203 1597 2501 1659 exercitiis
2515 1598 2893 1660 ethominum
2911 1601 3024 1660 fam
3035 1599 3352 1662 ulaluitam
3373 1611 3714 1685 promptum

323 1691 392 1748 τὰ
458 1691 589 1767 πρὸς
658 1690 934 1769 θεραπείαν
1011 1691 1298 1771 ἀνθρώπων
1373 1695 1744 1775 μαρτυρηθεὶς,
1804 1693 1981 1749 ἐντεῦ-

322 1784 412 1836 θεν
455 1777 596 1845 ἄξιος
640 1778 870 1858 κρίνεται
910 1781 998 1836 καὶ
1067 1789 1197 1838 Θεοῦ
1254 1781 1604 1865 λειτουργίας,
1649 1786 1736 1841 καὶ
1792 1781 1978 1840 διακο-

325 1871 493 1940 νήσας
543 1867 722 1933 καλῶς
789 1869 877 1948 (τὸ
933 1871 1033 1950 γὰρ
1088 1871 1440 1930 ἆποστολικὸν
1483 1876 1654 1932 εἰπεῖν
1711 1870 1974 1952 εὔκαιρον)

323 1960 528 2036 βαθμὸν
618 1959 788 2033 ἑαυτῷ
872 1957 1036 2015 καλὸν
1127 1975 1510 2041 περιποιεῖται,
1598 1963 1652 2020 ἐν
1757 1959 1980 2040 καθέδρᾳ

321 2043 690 2128 πρεσϐυτέρων
745 2049 916 2106 αἰνεῖν
971 2051 1062 2105 τὸν
1149 2051 1336 2131 Κύριον
1425 2053 1642 2118 εἰκότως
1714 2049 1974 2117 ἀξιωθείς.

322 2140 430 2196 Τὸν
485 2135 537 2194 δὲ
595 2144 834 2196 τοιοῦτον
909 2139 1110 2216 βαθμὸν
1177 2139 1455 2210 ἐπιστεύθη
1541 2141 1637 2218 μὲν
1709 2141 1765 2198 εὗ
1835 2139 1978 2217 μάλα

319 2233 735 2305 κατακοσμῆσαι
807 2226 874 2283 δι’
948 2228 1114 2309 ἔργων
1169 2233 1275 2286 τῶν
1345 2231 1685 2299 καθηκόντων
1718 2247 1732 2262 '
1812 2251 1975 2287 κατε-

317 2317 568 2394 κόσμησε
612 2316 664 2373 ἔὲ
697 2316 901 2393 μᾶλλον
933 2318 968 2386 ἢ
1001 2319 1281 2387 ἐπιστεύθη
1320 2337 1331 2350 ⁸
1383 2319 1520 2378 οὕτω
1550 2322 1647 2396 μὲν
1678 2319 1976 2400 φιλοπόνως

317 2409 444 2487 περὶ
519 2407 618 2475 τὴν
691 2407 834 2485 ἱερὰν
903 2405 1228 2488 λειτουργίαν
1304 2411 1502 2476 ταύτην
1558 2409 1832 2486 διατεθεὶς,
1904 2411 1979 2472 ὡς

321 2497 414 2554 ἐπὶ
444 2495 588 2562 ὅλοις
643 2495 780 2553 ἔτεσι
837 2495 948 2554 δυσὶ
1003 2499 1092 2554 καὶ
1147 2498 1424 2575 ἐξήκοντα,
1473 2499 1526 2565 ἐξ
1555 2498 1679 2558 ὅτου
1721 2501 1813 2556 τὸν
1841 2520 1979 2579 πρε-

321 2583 576 2665 σόύτερον
606 2583 907 2660 ἀνεδέξατο,
940 2586 1096 2644 αύτὸν
1125 2588 1243 2644 καθ’
1301 2589 1533 2656 ἑκάστην
1585 2589 1651 2646 τὰ
1691 2592 1791 2658 τῆς
1851 2589 1978 2644 εύα-

322 2681 451 2754 γοῦς
497 2675 870 2753 μυσταγωγίας
913 2674 1183 2732 ἐπιτελεῖν
1241 2676 1420 2744 πάσης
1491 2675 1612 2733 ἄνευ
1665 2677 1979 2756 προφάσεως

321 2766 413 2821 καὶ
485 2764 640 2820 ὄκνου
708 2761 834 2844 δίχα
891 2764 1089 2828 παντός
1127 2783 1142 2800 ⁶
1233 2764 1371 2822 οὕτω
1427 2763 1480 2822 δὲ
1537 2765 1836 2846 φιλοσόφως
1894 2767 1982 2822 καὶ

320 2855 590 2933 καθαρῶς,
623 2853 698 2916 ὡς
757 2854 892 2928 μετὰ
932 2853 1034 2922 τὴν
1085 2853 1206 2910 νέαν
1260 2855 1430 2932 μονὴν
1483 2857 1626 2935 (περὶ
1664 2857 1730 2922 ἧς
1800 2856 1982 2922 αὐτίκα

321 2941 620 3023 λελέξεται)
699 2945 788 2999 καὶ
856 2945 956 3012 τὴν
1008 2945 1158 3024 ;πρὸς
1226 2945 1425 3012 ταύτην
1508 2942 1794 3020 μετάϐασιν
1853 2946 1983 3021 μήτ’

2059 1702 2125 1746 se
2147 1685 2431 1748 exhibere
2456 1686 2737 1767 probatus
2767 1697 2946 1768 esset,
2983 1697 3046 1750 ut
3075 1707 3252 1752 nemo
3283 1691 3471 1770 magis
3499 1691 3716 1772 dignus

2062 1791 2298 1855 quoque
2321 1773 2622 1854 judicatus
2651 1776 2873 1856 estqui
2921 1776 3121 1838 divino
3177 1777 3375 1841 missa:
3423 1779 3718 1843 sacrificio

2000 1843 2040 1892 Β
2062 1843 2502 1944 applicarelur;
2535 1872 2592 1927 et
2613 1843 2847 1945 egregie
2870 1864 3267 1927 ministerium
3301 1884 3476 1930 suum
3506 1868 3720 1931 obiens

2065 1952 2162 2032 (ad
2194 1971 2320 2014 rem
2352 1953 2573 2036 quippe
2602 1953 2740 2016 facit
2767 1954 3040 2036 Apostoli
3065 1956 3364 2018 sententia
3387 1957 3718 2039 5),gradum

2061 2040 2174 2103 sibi
2205 2041 2424 2104 bonum
2473 2043 2806 2124 acquisivit,
2851 2062 2923 2106 ex
2970 2045 3184 2108 merito
3236 2045 3474 2126 dignus,
3525 2047 3719 2130 quiin

2061 2131 2342 2194 cathedra
2361 2134 2665 2195 seniorum
2708 2133 2976 2197 laudaret
2997 2135 3338 2200 Dominum.
3372 2135 3718 2202 Istiusmodi

2062 2239 2238 2302 porro
2284 2221 2555 2300 gradum,
2609 2241 2715 2303 per
2747 2241 2989 2304 operam
3039 2223 3241 2287 eidem
3272 2226 3715 2304 convenientia,

2061 2310 2325 2373 creditus
2379 2311 2486 2373 fuit
2541 2330 2716 2392 quam
2765 2312 2990 2394 optime
3035 2332 3286 2392 ornare;
3320 2315 3428 2378 sed
3485 2317 3717 2380 ornavit

2062 2400 2260 2482 reipsa
2283 2399 2470 2481 magis
2499 2420 2672 2482 quam
2691 2401 2954 2464 creditus
2977 2401 3087 2464 fuit
3117 2423 3130 2466 :
3163 2421 3299 2465 nam
3332 2415 3715 2469 sacrosancto

2061 2489 2356 2552 sacrificio
2386 2489 2742 2572 Operabatur
2772 2499 2936 2554 tanta
2951 2492 3192 2574 quidem
3216 2511 3351 2555 cum
3371 2494 3714 2572 sedulitate,

2063 2588 2126 2641 ut
2156 2580 2295 2642 totis
2333 2580 2635 2660 sexaginta
2681 2580 2918 2644 duobus
2971 2581 3167 2662 annis,
3199 2601 3268 2644 ex
3325 2602 3442 2664 quo
3503 2584 3717 2647 ordine

2063 2670 2416 2732 sacerdotali
2446 2670 2710 2732 initiatus
2739 2669 2869 2745 fuit,
2895 2689 3126 2733 sacram
3165 2671 3419 2734 hostiam
3452 2671 3574 2734 Deo
3605 2673 3712 2735 ob-

2066 2758 2267 2821 tulerit
2305 2759 2592 2841 quotidie,
2644 2759 2806 2822 nulla
2865 2779 2931 2823 se
2985 2760 3265 2841 impediri
3311 2761 3383 2823 ab
3443 2760 3714 2826 instituto

2065 2865 2268 2928 causa,
2305 2847 2470 2910 nullo
2503 2855 2763 2929 torpore,
2795 2847 3220 2930 passus.Tanta
3248 2867 3386 2911 vero
3417 2867 3551 2914 cum
3577 2868 3718 2931 pru-

2067 2936 2268 2999 dentia
2322 2944 2381 3000 et
2432 2938 2731 3018 puritate;
2779 2944 2846 3002 ut
2901 2948 3036 3020 post
3081 2937 3440 3002 aedificatum
3498 2957 3715 3003 novum

323 3034 479 3098 ἐκτὸς
535 3039 643 3090 τῶν
686 3031 820 3112 ὅρων
879 3033 1044 3100 αὐτῆς
1095 3034 1162 3092 τὰ
1220 3040 1327 3091 τῶν
1371 3032 1546 3092 ποδῶν
1604 3032 1742 3114 ἴχνη
1785 3037 1979 3109 θεῖναι,

2067 3027 2521 3101 monasterium,
2555 3026 2632 3090 de
2678 3045 2794 3109 quo
2835 3046 2971 3090 mox
3016 3045 3216 3091 sermo
3247 3029 3384 3108 erit,
3416 3036 3475 3092 et
3501 3029 3716 3092 factam

323 3124 466 3199 μήτε
523 3124 730 3202 γυναικὶ
771 3124 832 3178 τὸ
889 3123 1138 3201 παράπαν
1182 3126 1252 3188 εἷς
1305 3123 1426 3200 ὄψιν
1468 3125 1756 3201 ὑπομεῖναι
1812 3145 1983 3204 παρα·

323 3211 568 3293 γενέσθαι
603 3228 617 3243 ⁶
666 3213 754 3269 καὶ
808 3218 914 3269 τῶν
971 3210 1168 3291 ἀνδρῶν
1219 3211 1295 3290 δὲ,
1331 3213 1510 3290 μόνοις
1542 3215 1614 3278 ὡς
1651 3211 1833 3281 ἥδιστα
1865 3237 1983 3270 συν-

326 3317 470 3359 εῖναι
512 3315 631 3366 τοῖς
691 3301 976 3382 φιλοθέοις,
1044 3305 1134 3360 καὶ
1191 3303 1291 3372 τὴν
1345 3303 1539 3383 ἀρετὴν
1609 3301 1796 3370 ἐπίσης
1841 3305 1982 3378 αὐτῷ

326 3391 549 3460 διηνεκῆ
642 3390 876 3467 μελέτην
967 3392 1378 3468 πεποιημένοις,
1460 3398 1566 3448 τῶν
1659 3389 1706 3448 δ’
1789 3391 1980 3472 ἑτέρως

327 3483 572 3564 ἐχόντων
612 3483 706 3546 τὰς
739 3481 950 3558 ὁμιλίας
996 3481 1372 3562 ἐκτρέπεσθαι⁶
1422 3482 1592 3558 ἑαυτῷ
1633 3479 1688 3536 δὲ
1747 3495 1981 3550 συνεῖναι

324 3577 416 3633 καὶ
459 3582 576 3650 Θεῷ
632 3576 699 3631 τὰ
755 3574 954 3650 πολλὰ,
1001 3575 1106 3655 οὐχ
1162 3574 1344 3641 ἁπλῶς
1384 3575 1479 3638 τὰς
1533 3574 1723 3654 εόχὰς,
1771 3572 1874 3630 οὔδ’
1907 3576 1982 3638 ὡς

328 3666 392 3722 ἄν
446 3687 526 3729 τις
583 3662 743 3730 ἄλλος
801 3665 1202 3747 ἀφοσιούμενος,
1278 3661 1399 3720 ἀλλ’
1473 3661 1687 3743 ὄμϐροις
1745 3663 1982 3728 ἀεννάοις

326 3754 562 3834 δακρύων
619 3751 973 3834 καταϐρέχων
1015 3755 1076 3810 τὸ
1135 3752 1342 3834 ἔδαφος,
1403 3761 1480 3828 τῷ
1538 3755 1660 3829 θείῳ
1716 3755 1836 3832 πυρὶ
1885 3759 1982 3820 τῆς

325 3845 637 3919 θαυμαστῆς
723 3842 1051 3909 κατανύξεως
1143 3841 1500 3922 εὖαγγελικῶς
1586 3843 1684 3911 τὴν
1769 3839 1983 3922 καρδίαν

327 3932 624 4010 καιομένην
669 3932 813 4014 ἔχων
871 3932 925 3989 ἐν
970 3934 1159 4010 ἐαυτῷ,
1221 3934 1310 3989 καὶ
1363 3934 1425 3990 τὸ
1464 3933 1771 4012 πρόσωπον,
1805 3931 1984 4012 ὥσπερ

327 4026 356 4081 ὁ
419 4023 663 4092 Θεόπτης
719 4025 780 4080 τὸ
850 4023 1132 4104 πρότερον,
1189 4021 1249 4078 ἐκ
1305 4027 1404 4090 τῆς
1477 4026 1642 4090 αὐτῆς
1687 4023 1853 4088 αἰτίας
1898 4023 1986 4081 καὶ

328 4117 482 4179 οὗτος
540 4111 920 4189 δεδολασμένον
977 4111 1178 4176 δεικνὺς
1235 4113 1325 4170 καὶ
1395 4119 1582 4191 μικροῦ
1637 4135 1687 4170 τι
1741 4125 1984 4193 κρεῖττον

329 4203 529 4280 ὁμοίως
616 4201 792 4279 ὅψεως
864 4202 1216 4282 ἀνθρωπίνης.
1301 4199 1480 4266 Οὕτως
1546 4199 1660 4278 ᾔδει
1740 4207 1900 4277 τιμᾷν
1957 4203 1985 4258 ὁ

327 4292 467 4371 ἱερὸς
538 4291 742 4355 ἐκεῖνος
809 4291 1121 4370 ἱερωσύνην,
1193 4289 1330 4348 οὕτω
1399 4287 1446 4346 δ’
1504 4290 1567 4346 αὖ
1642 4288 1801 4348 πάλιν
1859 4289 1986 4370 παρ’

2064 3133 2135 3176 eo
2195 3115 2770 3194 commigrationem,
2829 3135 3132 3198 nunquam
3190 3125 3356 3180 extra
3393 3126 3559 3200 septa
3590 3119 3718 3199 ejus

2065 3203 2279 3285 pedem
2335 3205 2635 3282 extulerit,
2694 3215 2796 3268 aut
2852 3206 3165 3268 mulierem
3233 3207 3477 3270 omnine
3535 3207 3717 3270 ullam

2063 3301 2448 3374 conspectum
2509 3313 2681 3357 suum
2749 3294 2954 3358 subire
3019 3294 3387 3359 sustinuerit.
3438 3295 3584 3360 Cum
3641 3296 3720 3358 iis

2066 3390 2294 3446 tantum
2328 3382 2468 3446 viris
2489 3383 2840 3448 suavissime
2871 3384 3349 3464 conversabatur,
3383 3385 3485 3466 qui
3513 3403 3720 3450 amore

2065 3472 2172 3533 Dei
2201 3473 2528 3552 flagrabant
2557 3481 2616 3536 et
2648 3483 2953 3556 perpetua,
2987 3474 3073 3538 uti
3101 3474 3259 3556 ipse,
3284 3475 3518 3539 virtutis
3539 3493 3716 3540 exer-

2065 3561 2205 3625 citia
2234 3562 2512 3644 obibant;
2549 3581 2754 3626 eorum
2779 3582 2940 3640 vero,
2974 3563 3076 3645 qui
3105 3564 3283 3626 aliter
3303 3565 3498 3627 affecti
3523 3571 3716 3641 erant,

2065 3651 2558 3714 consuetudinem
2615 3651 2976 3717 declinabat.
3038 3650 3255 3716 Secum
3313 3661 3373 3715 et
3418 3671 3554 3715 cum
3595 3655 3720 3717 Deo

2065 3741 2276 3820 agebat
2303 3741 2676 3822 plerumque,
2702 3761 2821 3804 non
2850 3742 2977 3804 sola
3001 3741 3139 3804 huic
3159 3760 3383 3824 praeces
3409 3761 3720 3824 suas,que-

2070 3829 2450 3892 n.admodum
2495 3831 2595 3892 alii
2637 3831 2850 3911 solent,
2902 3831 3296 3912 persolvens;
3329 3830 3435 3894 sed
3486 3831 3721 3895 interea

2067 3927 2352 4001 perpetuo
2399 3919 2578 3983 etiam
2632 3921 3022 4002 lacrymarum
3076 3920 3274 3983 imbre
3319 3920 3721 4001 pavimentum

2066 4009 2266 4089 rigans
2300 4033 2313 4069 :
2349 4009 2803 4072 circumferebat
2853 4010 3015 4072 enim
3065 4029 3193 4086 cor,
3219 4011 3392 4091 juxta
3448 4009 3720 4091 Evange-

2070 4097 2214 4161 lium
2245 4100 2296 4176 4,
2331 4098 2528 4162 divina
2549 4101 2697 4162 mire
2718 4099 3201 4181 compnnctionis
3231 4101 3470 4162 ﬂamma
3500 4100 3722 4163 ardens

2067 4188 2130 4249 in
2153 4189 2375 4269 seipse,
2409 4189 2738 4270 eademque
2768 4207 2840 4252 ex
2869 4207 3048 4252 causa
3078 4188 3430 4271 praeferebat
3480 4188 3716 4265 faciem,

2067 4286 2132 4341 ut
2161 4278 2302 4340 olim
2333 4278 2384 4340 is
2432 4279 2526 4359 (6)
2555 4279 2658 4360 qui
2686 4277 2872 4340 Deum
2923 4277 3170 4353 viderat,
3221 4277 3613 4357 glorificatam
3663 4283 3724 4340 et

330 4366 538 4448 ἐκείνης
597 4366 992 4456 ἀπιτιμᾶδθαι.
1049 4381 1110 4439 Τί
1151 4377 1206 4436 δὲ
1263 4383 1357 4439 οὐκ
1408 4377 1651 4456 ἔμελλεν,
1713 4384 1758 4454 ᾧ
1800 4366 1982 4437 τοσού-

2070 4367 2292 4450 aliquid
2317 4369 2582 4465 humana
2595 4367 2796 4449 specie
2827 4367 3018 4465 majus
3047 4366 3576 4465 eahibentemqlta
3605 4384 3721 4428 no-

335 4493 422 4529 rov
480 4469 774 4546 ἐξέλαμψεν
820 4471 848 4526 ὁ
892 4471 1005 4548 βίος
1048 4473 1077 4527 ὁ
1131 4469 1266 4545 μετὰ
1329 4474 1514 4549 ταῦτα,
1573 4470 1660 4526 καὶ
1717 4469 1982 4532 τοιαύταις

2068 4464 2492 4523 verotsanctus
2523 4456 2624 4518 ille
2653 4456 3052 4518 sacerdotium
3088 4456 3424 4549 honorare,
3453 4456 3534 4516 ita
3582 4473 3723 4549 rur-

327 4563 391 4618 τὸ
445 4564 591 4618 θεῖον
636 4542 961 4641 θεραπείαις
1027 4542 1388 4635 ἐξῳκειώσατο
1431 4542 1552 4632 (ἵνα
1610 4558 1689 4634 μὴ
1744 4559 1810 4615 τὰ
1868 4554 1982 4615 καθ’

2067 4566 2198 4610 sum
2239 4567 2275 4610 a
2308 4545 2642 4609 sacerdotio
2692 4544 3118 4610 honorabatur.
3144 4542 3296 4641 Quid
3329 4543 3490 4641 enim
3523 4542 3724 4641 minus

328 4651 526 4707 ἕκαστα
549 4656 655 4708 τῶν
685 4631 860 4706 ἄλλων
905 4649 1068 4706 ἐπιὼν
1097 4644 1392 4727 διατρίϐω),
1440 4647 1514 4710 ὡς
1567 4647 1655 4704 καὶ
1709 4647 1982 4723 θεαμάτων

2069 4636 2312 4700 evenire
2341 4636 2428 4698 illi
2449 4642 2703 4717 poterat,
2735 4634 2905 4714 cujus
2932 4634 3168 4716 reliqua
3193 4631 3407 4696 exinde
3435 4632 3559 4727 vita
3571 4632 3723 4696 adeo

329 4737 644 4819 ἀποῤῥήτων
702 4737 986 4806 ἀξιωθῆναι
1063 4739 1154 4794 τὸν
1216 4720 1424 4816 ’ἄνδρῂ
1511 4736 1599 4792 κ·ιὶ
1687 4720 1982 4816 μυστηρίων

2077 4726 2375 4808 excelluit,
2400 4727 2618 4806 talique
2648 4741 2777 4787 rem
2807 4722 3066 4786 divinam
3100 4724 3477 4823 pertractavit
3504 4720 3722 4824 obseri-

330 4811 581 4908 μεγάλων
623 4828 958 4904 ἀποκάλυψιν
1016 4825 1278 4900 δέξασθαι,
1337 4811 1420 4883 ev
1476 4828 1537 4882 τὸ
1595 4811 1747 4890 τέλος
1797 4811 1982 4906 diuiti».

2074 4817 2362 4893 vantia,ut
2390 4813 2659 4878 arcarnis
2677 4814 2852 4876 etiam
2869 4812 3198 4876 visionibus
3221 4813 3321 4908 (ne
3363 4811 3598 4892 singula

329 4918 606 4996 οἰκονομία
648 4920 736 4975 καὶ
779 4917 1016 4998 σωτηρία
1059 4913 1350 4996 παράδοξον
1417 4915 1516 4990 μὲν
1573 4915 1672 4984 τὴν
1742 4915 1982 4998 ἀφορμὴν

2076 4919 2241 4992 gesta
2261 4903 2887 4990 prosequar)dignatus
2907 4902 2982 4966 sit
3000 4910 3059 4966 et
3077 4901 3391 4984 grandium
3413 4903 3726 4984 mysterio-

412 5115 440 5159 ³
467 5118 613 5180 Luc.
647 5132 796 5194 xm,
827 5117 928 5182 10.
1009 5117 1043 5167 '5
1079 5113 1132 5178 ΙΙ
1159 5113 1317 5179 Tim.
1342 5131 1385 5193 ι,
1419 5112 1480 5180 3.
1565 5113 1596 5164 4
1622 5111 1768 5177 Luc.
1798 5129 1963 5190 xxxv,
1997 5111 2098 5178 39.

417 5322 500 5405 (4)
533 5325 647 5387 Pro
678 5319 1181 5410 hii-helegebatur
1207 5320 1270 5384 in
1297 5316 1592 5400 ecgrapho
1621 5323 1824 5380 nostro
1853 5315 1985 5385 ἀλη-
2096 5313 2228 5410 “(6)
2259 5311 2858 5410 ﬂempeMo‘y‘ses‘de
2886 5331 3003 5410 quo
3035 5311 3225 5410 Exodi
3248 5324 3448 5410 Χιςιιγ,
3463 5310 3726 5410 βδελξφ

331 5391 436 5473 6ὴὲ
466 5391 494 5482 ;’
518 5423 640 5467 non
669 5411 832 5466 recte
861 5391 977 5464 ho'c
1009 5402 1166 5466 loco.
1476 5391 1493 5400 ’
1602 5479 1614 5482 _
1792 5479 1801 5482 _
1951 5475 1965 5482 _

2067 5391 2218 5482 εἶδον
2245 5400 2291 5454 οἱ
2333 5391 2430 5454 υἷοῖ
2463 5391 2677 5478 ’ἰσραῆλ
2721 5397 2782 5452 τὸ
2825 5391 3108 5476 πρόσωπον
3139 5395 3430 5470 Μωυσέως,
3461 5393 3541 5452 ὅτι
3585 5391 3726 5454 δεδό-

415 5475 502 5567 (5)
535 5485 720 5567 ﬁmi,
751 5483 1082 5567 Alativa'tqs,
1117 5483 1340 5567 Ortus;
1383 5479 1673 5567 fortassis,
1706 5479 1844 5560 quia
1875 5475 1982 5540 sub

2071 5475 2285 5545 ξασται.

334 5563 506 5629 titulo
536 5564 756 5629 Natalis
785 5563 1081 5628 Dominici
1111 5563 1420 5628 dedicatus
1447 5564 1612 5627 locus
1642 5568 1791 5627 orat.
