4144 6378
520 259 674 325 1059
1511 211 1514 213 ⁵
1755 263 2075 336 JOANNIS
2114 262 2679 332 EUCHAITENSIS
3693 288 3700 294 '
3743 267 3885 334 1060

513 413 645 456 rum
680 396 1101 461 revelationem
1130 401 1456 482 acceperit;
1489 421 1735 481 queram
1760 404 1916 480 linis,
1937 406 2149 467 anima

2251 399 2484 458 λαϐοῦσα
2527 402 2616 458 καὶ
2644 401 2744 468 τὴν
2773 400 2974 482 ἀρχὴν,
3009 402 3080 465 εἷς
3131 399 3184 456 δέ
3216 415 3459 480 κρεῖττον
3486 402 3657 469 πάσης
3686 401 3884 468 ἱλπίδος

513 503 645 546 rum
665 485 916 548 directio
931 498 986 550 et
1012 489 1196 565 salus,
1217 510 1347 572 quae
1372 491 1643 555 mirabile
1670 493 1916 574 quidem
1937 494 2149 556 initiun

1223 510 1347 572 quae
1372 491 1643 555 mirabile
1670 493 1916 574 quidem
1937 494 2168 556 initium
2261 490 2602 566 ἀποτέλεσμα
2633 488 2859 561 λήξασα.

514 581 691 654 atque
723 579 1124 654 occasionem,
1159 582 1378 643 exitum.
1431 597 1569 644 vero
1622 600 1726 663 spe
1770 584 1930 645 omni
1962 584 2174 646 melio-

514 680 645 725 rem
681 664 890 727 sortita
921 675 1081 731 sunt.

2030 827 2269 894 CAPUT
2306 827 2378 891 ll.

1015 994 1303 1056 Emstases
1328 995 1582 1074 patitur,
1617 1003 1674 1056 et
1702 994 1996 1056 divinitus
2020 995 2222 1071 jussus
2250 991 2519 1053 exstruit
2547 997 2977 1054 monasterium
3009 1010 3082 1054 ac
3112 990 3418 1073 templum.

589 1165 646 1228 7.
695 1159 822 1233 Quo
866 1157 1044 1237 igitur
1073 1153 1248 1215 modo
1280 1173 1347 1216 ac
1375 1155 1546 1216 initio
1571 1154 1681 1217 ista
1714 1154 2011 1217 evenere?
2040 1150 2172 1218 Mit-

2332 1141 2404 1222 ζ’.
2465 1153 2550 1216 Τίς
2606 1152 2693 1208 οὖν
2738 1154 2766 1208 ὁ
2809 1153 3004 1232 τρόπος
3049 1156 3135 1208 καὶ
3193 1152 3394 1232 πόθεν;
3452 1151 3728 1209 Στέλλεταί
3765 1173 3879 1208 ποτε

510 1252 741 1314 tebatur
765 1245 1080 1330 aliquando
1101 1263 1134 1304 a
1153 1241 1326 1305 Patro
1356 1261 1475 1304 non
1496 1243 1790 1324 Spirituali
1811 1243 2143 1306 Dorotheus

2251 1242 2386 1298 κατά
2441 1263 2560 1299 τινα
2603 1243 2811 1330 χρείαν,
2871 1244 2972 1299 ὑπὸ
3043 1251 3134 1301 τοῦ
3188 1241 3422 1321 μεγάλου
3495 1243 3705 1330 Πατρδς
3743 1239 3815 1322 ἐφ’
3855 1243 3880 1296 ὃ

510 1340 733 1421 negotii
780 1327 1086 1420 quidpiam
1145 1341 1387 1395 curatus
1435 1352 1682 1411 :neque
1714 1334 1875 1398 enim
1924 1347 2146 1415 postea-

2249 1327 2358 1394 δεῖ.
2405 1335 2505 1391 Καὶ
2563 1334 2662 1412 γὰρ
2705 1329 2823 1391 οὐδὲ
2881 1333 3021 1408 μετὰ
3063 1334 3123 1388 τὸ
3165 1337 3268 1398 τῆς
3298 1332 3585 1411 ἱερωσύνης
3642 1329 3883 1408 αἰδέσιμον

505 1419 678 1512 quam
711 1429 783 1491 ad
801 1419 1218 1512 venerandum
1250 1421 1569 1484 sacerdotii
1612 1421 1883 1512 ordinem
1930 1431 2141 1512 evectu.

2248 1427 2339 1477 τοῦ
2397 1419 2726 1500 λειτουργεῖν
2798 1421 3008 1488 ἀπέστη
3078 1435 3197 1482 τοῖς
3278 1419 3530 1501 ἀδελφοῖς
3601 1419 3794 1498 μεγέθει
3834 1441 3884 1475 τε

503 1507 650 1591 erat,
676 1514 1059 1580 aministcriis
1099 1511 1345 1574 fratrum
1390 1529 1609 1590 magna
1649 1529 1784 1572 cum
1829 1511 2139 1573 humilitatt

2247 1511 2732 1589 ταπεινοφροσύνης
2833 1512 2921 1568 καὶ
3007 1511 3296 1589 προθυμίας
3386 1511 3556 1587 ἀκμῇ.
3632 1509 3770 1567 Ἐπεὶ
3836 1507 3883 1564 δὲ

505 1617 562 1670 et
589 1607 892 1670 alacritate
922 1600 1107 1666 animi
1134 1599 1432 1662 obeundis
1481 1598 1774 1661 cessabat.
1827 1599 1970 1663 Cum
2025 1619 2141 1662 veri

2246 1599 2363 1665 ἅλις
2397 1601 2554 1682 εἶχεν
2599 1604 2742 1677 αὑτῷ
2781 1603 2847 1662 τὰ
2895 1608 2994 1670 τῆς
3028 1603 3245 1680 ἀρίστης
3290 1603 3591 1680 ὑποταγῆς,
3645 1602 3728 1657 καὶ
3769 1597 3880 1674 ἔδει,

503 1695 728 1760 subditi
751 1702 950 1777 partes
973 1690 1256 1772 praeclare
1287 1707 1499 1751 omnes
1531 1688 2139 1770 explesset,oporteba

2249 1688 2502 1771 ἄρχεσθαι
2556 1693 2788 1767 μαθόντα
2840 1693 2930 1748 καὶ
2989 1695 3307 1772 πειθαρχεῖν
3361 1693 3435 1754 εἷς
3489 1697 3753 1770 τοσοῦτον,
3793 1687 3885 1756 ἤδη

498 1785 691 1860 illum,
721 1784 824 1866 qui
854 1781 986 1844 aliis
1010 1779 1260 1841 subesse
1291 1787 1347 1840 et
1389 1778 1640 1841 obedire
1672 1778 1733 1839 in
1775 1779 1952 1840 tantis
1982 1779 2130 1842 rebu

2251 1781 2333 1835 καὶ
2401 1780 2557 1837 αὑτὸν
2615 1779 2791 1837 ἄλλων
2852 1779 3021 1858 ἄρξαι,
3087 1783 3174 1836 καὶ
3236 1781 3404 1858 μέγαν
3461 1779 3669 1846 ἀληθῶς
3737 1778 3786 1834 ἐν
3826 1785 3887 1856 τῇ

501 1873 818 1949 didicerat,
867 1869 1109 1931 tandem
1159 1866 1296 1929 aliis
1345 1885 1582 1947 quoque
1612 1866 1806 1946 ipsum
1837 1866 2135 1948 imperare

2247 1867 2488 1944 βασιλείᾳ
2547 1868 2811 1938 κληθῆναι
2869 1877 2977 1927 τῶν
3049 1873 3305 1949 οὐρανῶν,
3364 1871 3444 1945 μὴ
3512 1871 3667 1944 μόνον
3735 1869 3883 1938 ποιή-

503 1969 564 2023 et
592 1979 728 2023 vere
761 1976 1038 2036 magnum
1086 1953 1282 2016 vocari
1330 1955 1392 2015 in
1434 1973 1617 2033 regno
1665 1955 1991 2031 ccelorum;
2024 1975 2139 2018 cun

2250 1980 2410 2015 σαντα
2465 1960 2565 2027 τὴν
2624 1962 2924 2040 ὑποταγὴν,
2997 1959 3134 2017 ἀλλὰ
3203 1961 3291 2016 καὶ
3361 1956 3633 2024 διδάξαντα
3689 1958 3886 2016 ἐνταῦθα

467 2086 472 2092 ~
501 2069 623 2111 non
658 2048 834 2111 modo
867 2049 1087 2109 faceret
1115 2043 1272 2126 quod
1299 2043 1526 2144 subditi
1550 2053 1663 2126 est,
1694 2045 1798 2145 sed
1833 2044 2010 2145 etiam
2045 2045 2103 2146 ἀς

2251 2049 2309 2103 τα
2353 2046 2594 2125 σύμϐολα
2636 2055 2736 2116 τῆς
2795 2051 2935 2113 θείας
2994 2049 3319 2122 ἐπισκοπῆς,
3379 2048 3654 2105 κάντεῦθεν
3719 2049 3752 2116 ἦ
3793 2051 3887 2126 χαί·

501 2145 689 2214 ceret,
737 2137 1172 2218 subjectionem
1224 2150 1355 2195 esse
1406 2132 1638 2212 signum
1682 2133 2034 2196 visitationis
2065 2134 2137 2196 die

2248 2158 2322 2216 ρις
2378 2137 2482 2207 ἤδη
2555 2141 2647 2196 τὸν
2709 2141 2904 2207 ἑαυτῆς
2963 2139 3313 2215 μνηστεύεται
3358 2133 3524 2202 ἄξιον.
3586 2138 3740 2216 Τρίτη
3805 2138 3884 2193 τὸν

499 2226 668 2298 vina},
705 2226 780 2288 ob
813 2242 990 2305 quam
1019 2231 1077 2286 et
1105 2223 1294 2303 gratia
1325 2221 1432 2284 Dei
1463 2223 1655 2303 ipsum
1703 2221 1818 2284 sibi
1853 2242 1959 2304 per
1988 2242 2135 2286 amo‘

2241 2228 2493 2309 γεννάδαν
2558 2229 2803 2288 ὁδεύοντα
2864 2237 2962 2300 τῆς
3025 2233 3226 2311 ἡμέρας
3283 2231 3393 2310 ὥρα
3452 2229 3877 2307 καααλαμϐένει·

498 2336 626 2380 rem
657 2313 1077 2397 desponderat.
1113 2317 1259 2377 Cum
1293 2330 1446 2402 ergo,
1481 2321 1886 2402 euntemiquo
1942 2313 2134 2375 missu:

2241 2322 2269 2374 ὁ
2300 2317 2355 2376 δὲ
2384 2321 2514 2400 πρός
2569 2344 2676 2378 τινα
2733 2322 2839 2378 τῶν
2883 2319 3143 2401 παροδίων
3201 2327 3364 2396 ναῶν,
3428 2325 3596 2402 εὐχῆς
3628 2318 3877 2396 εἰσέδραμε

498 2414 626 2468 erat
655 2405 960 2487 egregium
991 2403 1181 2463 virum
1216 2401 1392 2465 tertia
1415 2401 1699 2463 dieihora
1717 2401 2134 2483 deprehendis

2245 2411 2401 2490 χάριν
2457 2409 2634 2490 (τοῦτο
2699 2413 2799 2490 γὰρ
2876 2412 2942 2479 ἦν
3013 2411 3128 2476 ἔθος
3188 2413 3352 2487 αὑτῷ,
3414 2401 3500 2467 καὶ
3554 2411 3618 2466 τὰ
3684 2411 3881 2467 πάντων

498 2507 608 2574 set,
629 2495 927 2559 curriculo
959 2512 1023 2555 se
1054 2491 1306 2554 contulit
1335 2491 1547 2553 orandi
1595 2509 1774 2552 causa
1805 2491 1877 2553 ad
1911 2491 2134 2573 aliquor

2245 2498 2460 2580 ἤπειγεὲ
2488 2498 2902 2577 σπουδαιότατα(
2932 2523 2946 2538 ·
3010 2503 3037 2558 ὸ
3093 2501 3216 2564 ναός
3261 2497 3314 2555 δὲ
3365 2511 3566 2570 Λννης,
3609 2502 3680 2564 ὡς
3712 2498 3881 2579 λόγος,

500 2605 534 2648 e
564 2585 800 2666 templis
843 2585 951 2645 viae
996 2581 1224 2659 adsitis,
1261 2589 1434 2662 prout
1483 2581 1853 2645 consuetudo
1887 2581 1975 2642 illi
2007 2589 2134 2644 erat

2246 2594 2338 2656 τῆς
2371 2591 2523 2668 ἁγίας
2588 2593 2927 2670 προμήτορος
2985 2601 3079 2650 του
3133 2594 3386 2669 Σωτῆρος
3449 2592 3626 2666 ἡμῶν.
3689 2587 3882 2669 Παρελ-

503 2674 740 2738 tametsi
770 2672 1020 2752 negotiis
1046 2671 1302 2733 maxime
1333 2669 1612 2759 gravibus
1645 2679 1996 2749 urgeretur:
2022 2680 2138 2734 tem

2248 2679 2349 2736 θὼν
2403 2680 2576 2736 τοίνυν
2653 2680 2808 2756 εἴσω,
2841 2669 2846 2670 ν
2883 2681 2971 2737 καὶ
3056 2677 3174 2742 δοὺς
3256 2683 3335 2754 τῷ
3420 2679 3518 2755 μὲν
3581 2677 3749 2759 ἐδάφει
3827 2679 3884 2733 τὰ

502 2765 663 2846 plum
697 2773 893 2826 autem
936 2760 998 2825 S.
1033 2761 1220 2850 Annae
1267 2758 1608 2850 vocabatur,
1643 2760 1786 2850 aviae
1835 2759 2130 2850 servatori

2248 2767 2468 2848 γόνατα,
2500 2771 2630 2848 πρὸς
2662 2771 2878 2849 οὐρανὸν
2905 2768 2959 2826 δὲ
3002 2782 3194 2850 χεῖρας
3251 2771 3337 2825 καὶ
3380 2767 3596 2844 ἅμματα
3652 2770 3735 2824 καὶ
3776 2775 3879 2823 νοῦν

510 2853 721 2916 nostri.
747 2851 1062 2930 Ingressus
1087 2849 1288 2929 itaque
1314 2847 1470 2938 intro
1501 2847 1698 2928 posuit
1729 2848 1896 2938 humi
1926 2867 2118 2928 genua

2247 2847 2551 2934 ἅνυψώσας,
2586 2857 2640 2914 ἐν
2685 2847 2927 2916 ἐκστάσει
2986 2847 3201 2938 γέγονεν
3242 2857 3388 2938 ὅλος,
3440 2860 3528 2915 καὶ
3578 2858 3666 2914 σὺν
3718 2859 3883 2938 χρόνῳ

507 2951 570 3004 et
590 2941 886 3015 manibus,
913 2941 1122 3009 oculis.
1149 2936 1420 3028 mentein
1449 2938 1662 3028 coelum
1701 2936 1971 3028 sublatis,
2008 2947 2143 3003 tetu:

2247 2945 2405 3022 μόλις
2465 2947 2784 3026 ἐπανελθὼν,
2870 2936 3008 3028 τρὶς
3049 2936 3172 3015 tam
3253 2936 3600 3027 ἀνεφθέγξατο
3632 2963 3646 2977 ⁸
3722 2936 3877 3025 -Τριὰς

510 3033 574 3094 in
631 3028 1114 3122 ecstasiniobiiti
1165 3047 1243 3122 ac
1282 3027 1658 3122 tande:_n_vix
1691 3027 2146 3122 sibiuredditus‘

2257 3035 2270 3056 ιι
2323 3036 2335 3058 I
2472 3034 2522 3059 ’κν
2887 3027 2911 3060 ,⁷
3057 3039 3073 3056 κ
3201 3038 3227 3060 τ
3351 3035 3424 3057 9M
3544 3038 3569 3058 ,ι
3815 3035 3824 3054 ν

2246 3057 2392 3116 ογια,
2466 3035 2587 3104 οοξα
2656 3060 2762 3098 σοι.
2827 3048 2957 3097 Τοτε
3013 3061 3111 3114 μεν
3170 3061 3256 3094 ουν
3317 3053 3463 3094 ουοεν
3549 3059 3676 3101 ισως
3733 3035 3880 3094 πλεον

504 3121 748 3185 tertium
792 3118 1175 3208 exclamavit;
1207 3116 1421 3208 Sancta
1458 3115 1745 3208 Trinitas,
1791 3116 1898 3179 tibi
1947 3119 2136 3198 gloria

2244 3123 2673 3201 ἐπισημήναντος
2728 3134 2820 3185 τοῦ
2873 3126 3144 3208 ὀφθέντος,
3230 3125 3404 3190 ἄλλως
3464 3149 3524 3184 τε
3595 3131 3734 3202 αὑτῷ
3789 3126 3879 3194 τὴν

500 3209 573 3273 Et
601 3220 742 3273 tunc
773 3210 1015 3292 quidem
1050 3207 1199 3270 nihil
1231 3207 1382 3270 forte
1420 3205 1682 3286 amplius
1731 3206 2034 3272 indicante
2064 3210 2136 3272 vi-

2245 3214 2422 3294 φωνὴν
2480 3217 2675 3284 ταύτην
2732 3205 2976 3274 ἐπελθεῗν
3025 3205 3184 3292 ᾤετο,
3244 3217 3331 3272 καὶ
3376 3221 3508 3294 σιγῇ
3550 3215 3672 3295 παρ’
3724 3217 3881 3292 ἑαυτῷ

494 3300 706 3375 sione,
759 3297 1116 3362 existimavit
1172 3298 1302 3360 sine
1351 3314 1527 3358 causa
1576 3313 1780 3358 vocem
1832 3296 1994 3360 illam
2038 3299 2130 3362 sib

2245 3303 2472 3384 κατέσχε
2520 3307 2581 3362 τὸ
2650 3308 2846 3382 θαῦμα,
2906 3304 3318 3384 διαπορούμενος
3376 3305 3516 3387 ἅμα,
3591 3308 3676 3363 καὶ
3740 3327 3881 3384 περι-

492 3363 756 3472 elapsam
789 3408 963 3453 esse:
997 3405 1424 3470 presmensque
1471 3385 1712 3475 silentio
1763 3385 1826 3447 in
1874 3387 2010 3451 sinu
2040 3409 2128 3451 sm

2405 3363 2444 3384 Α
2749 3363 2760 3382 Ι
2831 3363 2846 3381 ⁷
3067 3363 3078 3384 Ι
3161 3363 3173 3382 ι
3304 3363 3316 3368 ⁷
3413 3363 3423 3381 Ι
3501 3363 3516 3387 1
3805 3363 3814 3384 Ι

2246 3398 2451 3449 σκοπῶν
2481 3396 2816 3475 πανταχόθεν
2874 3403 2965 3451 τοῦ
3023 3395 3310 3475 μυστηρίο)
3367 3395 3465 3462 τὴν
3532 3393 3770 3471 δύναμιν.
3817 3396 3882 3452 Οὐ

489 3479 862 3561 mysterium,
885 3477 1068 3540 animi
1097 3476 1275 3540 simul
1308 3474 1626 3557 pendebat,
1661 3474 1840 3564 simul
1863 3477 2125 3540 conside-

2241 3479 2364 3537 πολὺ
2393 3484 2454 3538 τὸ
2487 3484 2539 3540 έν
2585 3474 2756 3564 μέσῳ,
2786 3486 2873 3541 καὶ
2929 3483 3088 3541 πάλιν
3134 3474 3219 3541 ἐπί
3267 3505 3384 3541 τινα
3416 3483 3629 3548 σταλεὶς
3656 3484 3877 3564 λειτουρ-

469 3569 660 3631 rabat
689 3567 921 3643 sedulo,
955 3565 1098 3648 quid
1149 3563 1297 3627 illud
1345 3564 1461 3626 sibi
1501 3564 1680 3626 vellet
1739 3563 1862 3628 Nec
1893 3570 2105 3630 multm

2239 3569 2369 3646 γίαν,
2403 3563 2749 3652 τελειώτερον
2795 3574 2940 3638 εὑθὺς
2989 3575 3076 3630 καὶ
3136 3571 3460 3652 τρανώτερον
3498 3571 3792 3630 διδάσκεται
3822 3563 3875 3628 τὸ

485 3657 827 3719 intercessit
854 3655 1160 3736 temporis,
1195 3673 1331 3716 cum
1362 3653 1560 3716 denuo
1587 3653 1906 3717 ministerii
1937 3656 2121 3736 cujus

1391 3653 1560 3716 lenuo
1587 3653 1906 3717 ministerii
1937 3656 2142 3736 cujus-
2229 3656 2528 3736 ἀποῤῥητον
2564 3678 2576 3690 ·
2614 3659 2916 3721 διδάσκεται
2950 3659 3027 3726 δέ.

488 3746 649 3828 piam
685 3764 863 3807 causa
907 3745 1102 3825 aliquo
1149 3741 1388 3818 missus,
1437 3741 1767 3823 perfectius
1798 3742 2150 3826 planiusque

492 3835 835 3916 mysterium
866 3834 1110 3896 edoctus
1135 3840 1246 3908 est,
1281 3832 1442 3894 hunc
1473 3830 1535 3892 in
1573 3831 1844 3894 modum.

571 3927 628 3985 8.
668 3921 1019 3988 Incendenti
1048 3920 1198 3983 forte
1224 3921 1298 3982 ad
1324 3920 1537 4010 pedem
1560 3921 1818 4010 hujusce
1850 3923 2151 4006 collis,qui

2313 3916 2394 3994 η’.
2429 3929 2578 4008 Παρὰ
2636 3930 2747 3992 τοὺς
2805 3929 3069 4008 πρόποδας
3126 3930 3256 3987 ἰόντι
3315 3939 3405 3989 τοῦ
3462 3933 3654 4010 βουνοῦ
3711 3928 3874 4010 τοῦδε,

483 4014 597 4076 hoc
628 4015 756 4094 ejus
784 4029 1020 4075 sacrum
1053 4009 1476 4072 monasterium
1509 4009 1570 4070 in
1602 4009 1824 4073 vertice
1854 4030 1960 4074 suo
1981 4032 2119 4077 nunc

2241 4018 2294 4082 ὃς
2341 4018 2440 4086 τὴν
2497 4019 2637 4098 ἱερὰν
2699 4019 2896 4077 ἐκείνου
2980 4021 3175 4088 ταύτην
3261 4022 3430 4097 μονὴν
3500 4024 3632 4103 ὑπὲρ
3703 4023 3877 4080 ἑαυτοῦ

482 4101 979 4181 ostenat,objecta
1018 4107 1109 4162 est
1147 4097 1345 4192 divina
1387 4098 1656 4179 quaedam
1697 4098 1846 4161 visio
1871 4100 2118 4164 homini:

2233 4109 2326 4163 iuvi
2381 4097 2551 4187 φέρει,
2594 4108 2828 4188 θειοτέρα
2873 4132 2954 4174 τις
3012 4109 3134 4186 ὄψις
3193 4110 3335 4186 αὑτῷ
3379 4110 3431 4168 ἐν
3477 4097 3722 4192 μοναχοῦ
3751 4133 3869 4169 συν-

482 4193 543 4255 in
572 4190 775 4253 habitu
798 4187 1324 4260 monachi,canitie
1356 4188 1706 4262 venerandi,
1727 4207 1895 4251 sacro
1920 4191 2118 4254 vestiti

2236 4196 2417 4264 ﬁvmee
2447 4198 2695 4276 σχήματι
2729 4187 2880 4255 ’καὶ
2936 4202 2964 4255 ὁ
3018 4202 3260 4280 μοναχὸς
3305 4199 3518 4281 πολιὸς,
3566 4187 3872 4281 ἱεροπρεπὴς

479 4281 763 4344 decenter
780 4279 998 4354 ornati,
1013 4278 1280 4342 divinum
1299 4277 1607 4359 qutdpiam
1638 4277 1787 4369 facie
1809 4279 2115 4359 praeferen-

2233 4283 2317 4351 την
2384 4283 2606 4366 στολὴν,
2681 4286 2916 4356 θεοειδὴς
2991 4290 3092 4356 τὴν
3155 4277 3391 4369 μορφήν,
3465 4277 3632 4354 Οὗτος
3707 4277 3869 4347 τοίνυν

476 4371 586 4446 tis;
622 4369 725 4452 qui
751 4369 994 4431 nomine
1027 4386 1135 4431 suo
1166 4375 1434 4430 sanctum
1481 4367 1880 4462 compellans;
1911 4369 2105 4434 Viden

2231 4374 2304 4431 τὸν
2349 4372 2493 4429 ὅσιον
2551 4375 2802 4451 ὀνομαστὶ
2867 4379 3194 4456 προσειπὼν,
3273 4373 3452 4460 Ὀρᾷς,
3517 4380 3643 4462 ἔφη,
3690 4379 3867 4437 τέκνον

475 4459 690 4550 inquit,
717 4459 800 4521 fili
833 4457 1154 4550 Dorothée,
1176 4456 1247 4550 _id
1280 4456 1436 4538 quod
1489 4455 2017 4550 hic_superjacet?
2039 4461 2111 4550 isi-

2227 4463 2474 4542 Δωρόθεε,
2510 4466 2571 4520 τὸ
2602 4466 2976 4544 ὑπερκείμενον
3035 4478 3236 4550 τοῦτος
3281 4471 3370 4526 καὶ
3415 4470 3529 4545 ἅμα
3590 4471 3679 4527 τὸν
3710 4467 3863 4546 λόγον

476 4549 720 4640 mulque
766 4567 970 4640 manu
999 4546 1294 4640 fastigium
1339 4548 1710 4640 monstrabat
1750 4569 1763 4640 ξ
1810 4546 2004 4640 Istud,
2032 4549 2112 4611 in-

2229 4558 2282 4629 τῇ
2338 4554 2478 4633 χειρὶ
2521 4553 2825 4634 παρεδείκνυ
2860 4573 2873 4587 ⁸
2939 4567 3126 4632 Τοῦτο,
3185 4546 3366 4640 εἶπεν³
3411 4558 3477 4625 ἦν
3538 4557 3626 4615 ὅτε
3661 4557 3865 4615 πολλῶν

472 4637 707 4718 quiens,
741 4637 883 4699 olim
936 4634 1496 4728 domicilium_fuit,
1528 4651 1562 4698 a
1592 4636 1798 4699 multis
1833 4639 2108 4728 praeclari

2229 4641 2464 4719 ιεγείλων
2495 4641 2692 4723 ἀνδρῶν
2746 4648 3157 4727 κατοικητήριον
3199 4647 3266 4716 ἦν
3325 4634 3464 4727 ἱερὸν
3508 4647 3641 4728 ἔχον
3697 4647 3865 4726 ἅγιον,

466 4726 610 4818 viris
638 4727 1058 4818 inhabitatum
1088 4776 1104 4803 ,
1163 4724 1382 4818 templo
1434 4733 1730 4818 ornat-um
1776 4727 2102 4818 venerabili

2231 4736 2282 4807 τῇ
2337 4730 2615 4803 ἐπικλήσει
2676 4735 2978 4813 τιμώμενον
3033 4741 3132 4804 τῆς
3188 4738 3438 4817 ὑπερθέου
3511 4734 3753 4818 Τρισίδος,
3811 4737 3867 4790 τὸ

468 4815 854 4879 ἀίνὶηίεεὶηιτο
883 4815 1134 4906 Triados
1171 4814 1571 4906 appellatione
1618 4815 1928 4906 insignito,
1963 4819 2100 4899 cuju

2221 4827 2304 4878 νῦν
2333 4820 2387 4876 έν
2417 4820 2664 4902 ἐρειπίοις
2695 4825 2857 4900 μόνον
2889 4827 3158 4906 ὁρώμενον
3194 4845 3208 4861 ·
3255 4825 3384 4906 ὅπερ
3421 4827 3562 4893 αὖθις
3619 4825 3818 4892 ἀναστῆ
3847 4839 3857 4852 ·

465 4925 627 4997 nunc
663 4913 888 4968 tantum
915 4905 1225 4987 parietinae
1251 4904 1524 4997 visuntur
1563 4905 1938 4997 superstites.
1982 4905 2101 4997 Illul

2224 4932 2300 4968 ναι
2343 4909 2426 4968 δεῖ
2467 4913 2610 4992 παρά
2657 4935 2750 4973 σου
2798 4914 3381 4997 μεγαλοπρεπέστερον,
3437 4920 3524 4975 καὶ
3569 4919 3659 4973 τὸν
3702 4915 3860 4972 τόπον

461 4995 660 5076 ipsum
693 5003 871 5077 perte
893 5013 1131 5057 rursum
1155 4993 1404 5086 excitari
1433 4993 1611 5056 debet
1633 4995 2097 5086 magniﬁcentius

2221 5001 2506 5070 οἰκισθῆναι
2564 4993 2986 5086 φιλοτιμότερον,
3050 4993 3135 5063 έπὶ
3192 4993 3326 5084 τιμῇ
3411 5013 3511 5074 τῆς
3596 5003 3810 5086 Τριαδος
3845 5021 3857 5034 ·

464 5091 523 5172 et
542 5083 866 5148 inhabitari
881 5083 1278 5166 splendidius,
1308 5082 1380 5146 ad
1414 5084 1708 5146 honorem
1741 5084 2100 5150 sanctissima

2227 5097 2369 5148 τοῦτο
2413 5091 2512 5171 γὰρ
2557 5094 2719 5161 αὑτῆς
2764 5082 2884 5151 ἐστι⁷
2915 5082 3148 5172 θέλημα,
3198 5082 3270 5152 Σὺ
3304 5082 3369 5152 δὲ
3423 5095 3543 5153 ἀλλ’
3603 5082 3748 5158 ὅπως
3777 5115 3863 5170 μοι

462 5171 788 5250 Trinitatis,
848 5177 1020 5255 cujus
1069 5173 1149 5237 ita
1191 5180 1305 5235 stat
1357 5172 1678 5262 voluntas.
1708 5172 1799 5236 Tu
1846 5192 1986 5237 vero
2034 5174 2098 5237 fat

2231 5181 2402 5239 τούτων
2460 5181 2512 5237 ἐν
2585 5203 2756 5261 καιρῳ
2799 5171 3216 5261 μνημονεύσεις,
3275 5188 3364 5242 καὶ
3437 5183 3607 5262 μηδὲν
3661 5182 3867 5260 σκηψά-

462 5262 678 5352 horum
705 5263 1054 5327 memineris
1081 5282 1188 5352 suo
1221 5270 1519 5343 tempore,
1556 5270 1616 5326 et
1635 5261 1767 5325 sine
1799 5264 2098 5326 cunctatio

2223 5291 2366 5334 ιενος
2422 5271 2763 5336 ὑπακούσεις,
2826 5272 3007 5332 Τᾶἱλλα
3080 5271 3134 5330 δὲ
3193 5273 3402 5340 εὔελπις
3441 5261 3553 5334 ίὲσο
3592 5291 3605 5306 ’
3654 5280 3723 5352 τῇ
3764 5273 3859 5352 γὰρ

460 5351 727 5447 obedias.
760 5356 1052 5418 Caeterum
1082 5351 1238 5415 bono
1271 5355 1470 5414 animo
1501 5362 1562 5413 et
1601 5371 1709 5447 spe
1741 5355 1864 5416 sis:
1903 5361 2096 5418 sancta

2225 5358 2384 5437 Γριάδι
2443 5361 2612 5417 πάντα
2670 5361 2919 5439 μελήσει.
2990 5355 3048 5422 Ὀ
3125 5365 3222 5441 μὲν
3299 5365 3387 5423 οὖν
3449 5367 3652 5447 φανεὶς,
3720 5351 3861 5419 ταῦτ’

459 5441 618 5503 enim
667 5439 872 5531 Triadi
921 5441 1124 5505 omnia
1180 5459 1338 5531 cura;
1389 5449 1592 5507 erunt.
1623 5439 1731 5504 His
1782 5442 1986 5520 dictis,
2022 5464 2095 5526 qu

2224 5450 2391 5530 ιίπὼν,
2453 5449 2504 5517 ἐξ
2561 5451 2844 5531 ὀφθαλμῶν
2909 5455 3054 5518 εὐθὺς
3111 5455 3176 5523 ἧν
3213 5473 3225 5486 ·
3300 5457 3392 5511 τὸν
3462 5439 3638 5512 ἰδόντα
3681 5451 3734 5509 δὲ
3778 5451 3860 5507 καὶ

460 5529 780 5609 apparebat
806 5550 878 5596 ex
907 5532 1098 5625 oculis
1128 5530 1328 5625 statim
1351 5531 1633 5594 evanuit:
1671 5532 1801 5625 ipse
1835 5550 1975 5625 vero
2016 5553 2096 5617 qu

2224 5529 2502 5599 ἑκούσαντα
2579 5529 2741 5620 ιρόϐος
2818 5542 2929 5618 ἅμα
3001 5544 3236 5624 κατέσχε
3305 5546 3393 5602 καὶ
3492 5544 3635 5625 χαρὰ
3707 5542 3860 5618 λόγου

457 5629 854 5698 apparentem
865 5620 1591 5703 viderat,loquentemque
1603 5621 2093 5703 audierat,timor¢

2223 5631 2450 5710 ιρείττων
2488 5646 2500 5659 '
2563 5637 2639 5705 τῷ
2702 5631 2800 5706 μὲν
2861 5631 3137 5713 παραδόξῳ
3171 5620 3275 5702 ’τῆς
3319 5620 3859 5711 ὅψεως-ἐκπεπληγ-

540 5744 575 5798 ³
598 5747 754 5813 Pal.
786 5762 869 5831 iv,
896 5750 996 5813 10.
