4144 6384
348 267 498 337 1061

1457 275 1644 344 VITA
1690 279 1750 342 S.
1798 280 2195 343 DOROTHEI
2235 274 2610 345 JUNIORIS.

3584 285 3747 352 4062

352 409 534 487 μένον,
586 409 765 491 ὥσπερ
825 413 992 493 εἰκὸς,
1049 414 1138 469 καὶ
1205 410 1418 493 θορύὸου
1487 415 1584 482 τὴν
1655 415 1839 494 ψυχὴν
1899 435 2000 471 πε-

2093 411 2319 492 pariter
2343 419 2402 474 et
2432 413 2651 491 gaudio
2688 431 2868 497 supra
2901 433 3076 497 quam
3113 415 3232 479 dici
3261 417 3452 498 possit
3476 437 3735 502 compe-

350 499 682 580 πλησμένον,
715 502 973 582 χαίροντα
1016 500 1062 557 δ’
1110 501 1254 578 ὅμως
1323 510 1392 580 τῇ
1449 511 1541 561 106
1596 505 1715 583 πρὶν
1759 502 2001 582 ἆποῤῥή-

349 611 440 644 του
484 587 713 657 δηλώσει
777 593 865 648 καὶ
909 593 1189 672 σαφηνείᾳ,
1251 595 1338 650 καὶ
1381 592 1461 650 ὅτι
1506 594 1584 669 μὴ
1629 594 1804 664 μάτην
1862 593 2004 667 αὗτῴ

346 680 484 734 κατᾶ
537 679 638 747 τὴν
693 683 914 760 θεωρίαν
998 681 1202 749 ἐκείνην
1287 684 1322 751 ἡ
1394 685 1551 762 Τριὰς
1628 682 1728 760 ὅλῃ
1788 682 2006 761 γλώσσῃ

347 768 409 823 τὸ
451 769 622 847 τρίτον
679 768 1008 850 ἐξεφωνήθη,
1062 771 1223 828 Οὕπω
1267 770 1312 827 δ’
1374 773 1463 830 οὖν
1522 774 1650 853 εἶχε
1694 770 1921 829 συνιδεῖν
1950 793 2004 834 τι

347 857 512 936 πέρας
579 866 672 915 106
740 861 1056 938 πράγματος
1092 881 1105 896 ⁸
1191 861 1311 918 ἀλλ’
1369 863 1434 931 ἧν
1489 865 1524 931 ἡ
1579 868 1677 931 τῆς
1743 862 2001 942 προτέρας

347 945 517 1021 λύσις,
565 950 639 1012 ὡς
683 947 844 1022 ἔοικε,
907 947 1149 1030 δευτέρας
1183 951 1404 1032 ἀπορίας
1451 950 1594 1032 ἀρχή
1634 971 1646 986 ·
1694 958 1846 1008 τοῦτο
1904 950 2003 1026 μὲν

345 1038 444 1103 τὴν
514 1037 656 1102 τάξιν
730 1037 1061 1120 θυμουμένῳ,
1148 1041 1234 1097 καὶ
1303 1043 1376 1105 ὡς
1459 1046 1553 1101 οὒκ
1636 1039 1748 1106 ἐξὸν
1833 1039 1995 1114 αὒτῷ,

342 1126 442 1182 ὑπὸ
525 1126 748 1199 ἐντολήν
829 1150 886 1184 τε
975 1127 1050 1185 ἔτι
1120 1130 1350 1207 κειμένῳ
1433 1133 1520 1187 καὶ
1585 1131 1686 1198 την
1755 1129 2000 1196 ὑπακοὴν

346 1213 628 1292 διανύοντι,
675 1218 816 1297 μέγα
880 1240 938 1275 τε
1007 1235 1185 1278 ποιεῖν
1241 1221 1277 1290 ἣ
1320 1224 1508 1302 μικρὸν
1554 1222 1696 1301 παρὰ
1751 1221 1850 1288 τὴν
1907 1225 2000 1276 106

345 1302 566 1382 ἄγοντος
594 1307 844 1384 βούλησιν
880 1325 894 1339 '
938 1315 1094 1366 τοῦτο
1150 1307 1205 1365 δὲ
1233 1312 1320 1366 καὶ
1346 1312 1407 1366 τὸ
1438 1309 1572 1367 ἴδιον
1618 1310 1808 1390 μέτρον
1840 1308 1998 1364 εὒσυ-

345 1395 507 1459 νέτως
539 1403 842 1474 σκοποῦντι,
875 1399 962 1454 καὶ
991 1400 1129 1473 μήτε
1146 1400 1275 1480 πρὸς
1292 1400 1649 1475 ποιμαντικὴν
1669 1399 1993 1474 ἐπιστήμην,

347 1486 484 1560 μήτε
514 1488 647 1565 πρὸς
696 1485 935 1554 δαπάνην
977 1488 1013 1557 ἢ
1059 1489 1314 1569 μέριμναν
1370 1487 1523 1570 ἔργου
1570 1488 1882 1557 τηλικούτου
1911 1489 1999 1544 καὶ

347 1575 658 1655 πράγματος
690 1579 882 1642 ἱκανῶς
915 1578 1094 1659 ἔσχεν,
1131 1578 1268 1644 ὅλως
1307 1578 1638 1660 λογιζομένῳ
1672 1596 1686 1610 ’
1736 1577 1911 1642 ἄλλως
1941 1599 1997 1633 τε

2087 503 2309 564 hensus
2362 503 2468 563 fuit
2529 503 2744 566 timore
2789 505 3032 586 quidem
3078 508 3385 586 perculsus
3444 528 3514 572 ac
3543 519 3744 572 mento

2086 591 2383 668 turbatus,
2419 611 2490 654 ex
2523 592 2761 655 insolita
2791 601 2856 654 ut
2887 613 2994 675 par
3020 604 3109 656 est
3132 595 3570 673 visione;simul
3605 619 3744 663 vero

2087 680 2394 743 delibutus
2424 683 2663 759 gaudio,
2699 682 2836 764 quia
2867 683 3231 746 declaratum
3275 705 3434 750 nunc
3466 696 3523 749 et
3551 690 3742 770 expli-

2088 778 2280 832 catum
2303 770 2728 854 videbat,quod
2761 771 2928 854 prius
2950 773 3006 834 ei
3031 774 3332 838 acciderat
3358 779 3698 858 mysterium
3721 797 3737 856 ;

2085 859 2440 940 dicebatque
2470 879 2588 921 non
2621 862 2836 922 frustra
2869 861 3012 944 sibi,
3045 863 3106 924 in
3138 863 3324 944 priori
3355 865 3458 929 illa
3486 867 3738 942 visione.

2087 948 2322 1010 tertium
2356 958 2476 1012 toto
2507 951 2638 1012 nisu
2670 949 3051 1013 inclamatam
3083 954 3516 1018 sanctissimam
3549 955 3745 1019 Trini-

2087 1039 2344 1100 tatem.N
2362 1039 2572 1100 indum
2608 1054 2810 1102 tamen
2837 1040 2928 1102 rei
2958 1051 3233 1102 eventum
3266 1061 3484 1125 capere
3513 1054 3744 1126 poterat

2083 1127 2560 1218 0_mni_mode;sed
2595 1129 2804 1210 primae
2824 1129 3213 1192 dubitationis
3236 1132 3547 1216 solutio,ut
3567 1137 3742 1218 solet,

2081 1215 2324 1278 alterius
2357 1217 2714 1298 principium
2739 1218 3090 1299 fuit,partim
3123 1221 3460 1284 adversanti
3484 1215 3740 1297 manda;

2084 1313 2229 1382 tum,
2253 1307 2664 1388 opinantique,
2686 1307 2800 1368 sibi
2834 1307 2944 1370 sub
2979 1309 3226 1372 alterius
3252 1314 3566 1395 praeceptis
3592 1334 3738 1378 con-

2083 1395 2308 1486 stituto,
2343 1405 2400 1458 et
2421 1395 2528 1458 sub
2553 1396 2897 1458 obedientia
2946 1399 3185 1476 viventi,
3233 1400 3381 1463 nihil
3415 1403 3738 1486 quidquam

2082 1485 2266 1547 licere
2326 1494 2543 1566 praeter
2601 1486 2994 1550 moderatoris
3053 1491 3142 1550 sui
3194 1485 3739 1570 voluntatem,sive

2081 1592 2355 1654 magnum
2390 1576 2532 1638 illud
2558 1578 2636 1638 sit
2676 1575 2802 1640 sive
2837 1596 3046 1658 pavum
3076 1596 3091 1655 ;
3134 1580 3344 1660 partim
3378 1582 3555 1645 etiam
3585 1604 3736 1648 con-

345 1665 434 1720 καὶ
463 1665 620 1730 πόθος
651 1667 805 1723 αὐτὸν
835 1666 1082 1749 ἅῤῥητος,
1129 1673 1247 1733 οἷος
1275 1676 1382 1726 τῶν
1423 1669 1665 1750 ἀφύκτων
1710 1669 1992 1748 σειρήνων,

2085 1663 2364 1726 sideranti
2391 1666 2702 1759 modulum
2742 1685 2940 1743 suum,
2971 1673 3150 1759 atque
3179 1671 3424 1734 omnino
3455 1673 3738 1754 cogitanti

344 1759 438 1809 106
466 1751 778 1812 διδασκάλου
805 1771 1056 1838 κατεῖχε,
1104 1759 1191 1815 καὶ
1238 1759 1408 1815 πάντα
1454 1757 1658 1835 μᾶλλον
1707 1762 1896 1815 παθεῖν
1956 1756 1992 1825 ἢ

2085 1771 2201 1815 non
2234 1764 2552 1836 suppetere
2596 1755 2710 1818 sibi
2759 1764 2859 1817 aut
2906 1758 3219 1820 scientiam
3252 1751 3733 1840 pastoralem‘ad

344 1846 678 1916 ζημιωθῆναι
708 1852 894 1903 τοῦτον
923 1847 1202 1922 ὑπέμενεν.

2085 1844 2552 1935 regendum,aut
2576 1852 2847 1927 sumptus
2879 1855 2940 1908 et
2970 1848 3403 1935 providentiam
3453 1852 3526 1913 ad
3561 1857 3743 1935 perii-

348 1928 629 1992 ciendum
663 1939 889 1996 tantum
923 1953 1070 2016 opus
1103 1953 1116 1998 :
1154 1936 1480 2017 praesertim
1511 1953 1646 1999 cum
1677 1933 2016 1997 incredibili
2064 1931 2391 2014 desiderio,
2425 1935 2582 1997 velut
2631 1935 3060 1998 inevitabilium
3105 1934 3404 2016 Sirenum,
3439 1928 3743 2008 teneretur

347 2018 614 2109 magistri
643 2021 756 2100 sui,
790 2023 1021 2105 quidvis
1051 2025 1251 2107 potius
1281 2025 1586 2088 subiturus
1614 2043 1782 2107 qaam
1815 2023 1890 2086 ab
1918 2023 2105 2105 ipsius
2135 2025 2433 2085 consortio
2465 2042 2838 2087 recessurus.
3194 2101 3198 2109 ι

427 2104 497 2176 θ’.
536 2105 592 2173 Ὀ
638 2115 734 2193 μὲν
763 2104 853 2174 06v
883 2117 936 2174 ὲν
966 2104 1170 2183 τούτοις
1211 2120 1278 2188 ἧν
1319 2122 1406 2177 καὶ
1447 2104 1653 2182 τούτοις
1711 2104 1995 2198 λογισμοῖς

2163 2117 2223 2180 9.
2240 2115 2485 2178 Talibus
2499 2117 2600 2179 ille
2618 2117 2960 2198 agitabatur
2973 2104 3519 2203 cogitationibus,et
3538 2142 3739 2188 secum

344 2204 733 2283 προσεπάλαιεν
769 2228 780 2240 ·
828 2212 918 2268 οὐκ
964 2210 1029 2277 ἧν
1059 2208 1114 2266 δὲ
1143 2206 1244 2290 ἄρα
1284 2220 1446 2270 ταῦτα
1474 2209 1656 2267 λαθεῖν
1714 2211 1806 2267 τὸν
1864 2207 1995 2285 βλέ-

2085 2203 2208 2297 ipse
2240 2205 2587 2297 luctabatur
2612 2229 2624 2270 :
2652 2207 2810 2288 quod
2834 2207 3018 2270 latere
3036 2227 3154 2270 non
3180 2212 3370 2289 potuit
3392 2211 3736 2297 videntem;

343 2315 536 2375 ποντα,
597 2293 743 2360 ὅστις
815 2297 908 2354 οὒκ
977 2297 1160 2373 ἄλλος,
1231 2298 1350 2356 ἀλλ’
1396 2301 1551 2365 αὐτὸς
1594 2306 1661 2367 ἦν
1704 2298 1932 2368 ἐκεῖνος,
1967 2300 1994 2354 6

2085 2293 2296 2375 ipsum,
2327 2295 2592 2377 inquam,
2620 2297 2872 2377 hujusce
2895 2298 3136 2360 miriﬁci
3155 2297 3342 2362 Patris
3373 2293 3733 2366 directorem

343 2390 438 2440 106
515 2387 789 2443 θεσπεσίου
844 2385 993 2448 τοῦδε
1043 2392 1244 2470 Πατρὸς
1327 2391 1642 2469 καθηγητὴς
1711 2391 1800 2446 καὶ
1855 2385 1996 2444 διδά-

2085 2401 2145 2446 ac
2177 2385 2522 2464 magistrum
2555 2407 2569 2468 ;
2603 2387 2701 2448 cui
2745 2395 2804 2448 et
2849 2405 3027 2463 nunc,
3071 2388 3155 2449 uti
3198 2407 3456 2470 semper,
3491 2395 3735 2456 tametsi

343 2472 563 2550 σκαλος,
624 2479 670 2550 ᾧ
711 2477 798 2533 καὶ
854 2485 943 2535 νῦν
985 2481 1058 2542 ὡς
1115 2479 1194 2536 ἀεὶ
1249 2481 1422 2536 πάντα
1477 2481 1718 2560 γνώρμα
1785 2478 1981 2550 τίθησι,

2085 2471 2253 2560 longe
2283 2474 2688 2551 absenti,nota
2708 2486 2839 2538 erat
2866 2477 3268 2555 omnia,solito
3299 2481 3566 2542 revelare
3596 2500 3733 2560 pro-

345 2564 515 2619 καίτοι
560 2586 620 2643 γε
673 2568 878 2646 μακρὰν
947 2566 1234 2648 ἀφεστῶτι,
1305 2571 1332 2625 6
1390 2553 1772 2652 ᾇνακαλύπτων
1828 2565 1987 2645 βαθέα

2085 2553 2276 2640 ῗυηᾶε,
2324 2584 2390 2626 ac
2448 2567 2734 2644 detegere
2783 2565 3038 2628 occulta.
3070 2553 3415 2630 'Reversum
3448 2553 3670 2652 quippe
3697 2592 3732 2635 a

345 2652 434 2706 καὶ
519 2652 836 2732 ἀπογυμνῶν
933 2647 1290 2737 κεκρυμμένα,
1394 2647 1824 2737 ’Υποστρέψαντα
1893 2656 1992 2734 γὰρ

2085 2661 2315 2734 peracto
2348 2653 2678 2716 ministerio
2698 2653 3394 2736 Sanctum,postmoram
3426 2647 3728 2739 eiig-u'am,

345 2741 480 2815 μετᾶ
539 2745 635 2810 τὴν
692 2749 792 2811 τῆς
864 2742 1124 2810 διακονίας
1184 2745 1542 2826 ἐκπλήρωσιν,
1613 2747 1800 2826 μικρὸν
1870 2745 1994 2802 ἐπι⁹

2085 2743 2417 2805 advocatad
2445 2751 2718 2824 se,atque
2736 2745 2854 2807 ait:
2905 2743 3057 2816 Quid
3082 2744 3508 2824 tergiversaris,
3541 2749 3622 2810 tili
3648 2751 3729 2812 mi

347 2831 523 2910 σχὼν,
569 2832 950 2906 μετακαλεῖται
979 2837 1072 2891 τὸν
1115 2834 1284 2912 ὅσιον,
1328 2837 1416 2892 καὶ
1445 2837 1524 2910 Τί,
1571 2837 1724 2916 φησὶ,
1757 2833 1993 2912 μέλλεις.

2085 2830 2407 2896 Dorothee?
2429 2830 2730 2914 Numquid
2775 2831 2990 2894 oblivio
3035 2843 3094 2895 te
3125 2832 3285 2915 cepit
3313 2834 3497 2910 illius,
3540 2838 3640 2918 qui
3673 2846 3731 2900 te

347 2919 394 2974 ὦ
453 2921 686 3000 Δωρόθεε
732 2923 939 2999 τέκνον,
995 2924 1032 2992 ἧ
1090 2926 1220 3000 μήτι
1277 2947 1378 2982 που
1435 2927 1560 3004 σύγε
1617 2924 1786 2995 λήθην
1839 2922 1998 3003 ἔσχες

2085 2921 2364 2984 divinitus
2396 2921 2651 2998 monuit,
2686 2931 2746 2984 et
2767 2922 3184 2984 mandatorum
3215 2941 3346 3004 qum
3375 2925 3584 2989 dedit?
3609 2925 3728 2993 dic.

347 3018 441 3068 106
523 3015 956 3090 χρηματίσαντος
1036 3015 1124 3071 καὶ
1205 3017 1279 3072 ὧν
1355 3015 1561 3078 ἐκεῖνος
1641 3013 1993 3093 ἐπέσκηψεν;

2085 3011 2229 3075 Cum
2259 3029 2398 3074 vero
2429 3012 2650 3093 ipsum,
2675 3011 2981 3094 inopinato
3020 3030 3302 3076 sermone
3333 3013 3630 3078 turbatum
3659 3034 3730 3080 ac

350 3103 512 3178 Εἷπε,
571 3106 660 3161 καὶ
735 3103 1152 3187 διαταραχθέντα
1223 3109 1310 3165 τὸν
1375 3107 1522 3165 ὅσιον
1590 3107 1793 3188 ἀθρόως
1874 3105 1998 3163 ἰδὼν

2085 3101 2261 3164 veluti
2303 3102 2560 3164 tonituro
2608 3101 2865 3182 quodam
2946 3101 3340 3184 stupefactum
3399 3113 3724 3183 cerneret;

349 3193 482 3270 ,πρὸς
540 3194 603 3250 16
665 3205 759 3255 106
826 3194 989 3275 λόγου
1045 3195 1358 3277 παράδοξον,
1429 3198 1518 3254 καὶ
1579 3197 1822 3278 καθάπερ
1889 3196 1994 3255 ὖπό

2085 3191 2370 3254 recreavit
2418 3176 2690 3253 nonnihil
2740 3191 2941 3254 animo
2989 3176 3369 3255 deﬁcientem
3402 3202 3461 3256 et
3489 3176 3727 3272 placide

397 3257 407 3270 .
470 3257 477 3258 κ
905 3257 917 3275 .
1123 3257 1134 3277 .
1259 3257 1272 3264 -
1342 3257 1358 3272 ι
1794 3257 1804 3278 .

351 3301 492 3345 τινος
533 3283 755 3362 βροντῆς
818 3283 1303 3368 ἐκτεθαμϐημένον,
1374 3282 1705 3360 ἀνελάμϐανέ
1761 3307 1819 3342 τε
1865 3285 1998 3342 κατὰ

2085 3280 2403 3368 revocavit,
2424 3299 2494 3343 ac
2515 3279 2754 3343 tandem
2785 3279 3059 3343 manibus
3075 3281 3440 3361 prehensum
3469 3257 3728 3346 reduxit.

349 3372 538 3451 μικρὸν
571 3419 589 3449 ,
709 3375 798 3430 καὶ
900 3375 1206 3434 ἐνεκαλεῖτο
1290 3367 1407 3433 σὺν
1518 3376 1756 3451 εὐμενείᾳ
1789 3425 1805 3457 ,
1917 3377 2000 3432 καῖ

2085 3367 2218 3450 Ipse
2247 3388 2385 3432 vero
2419 3379 2540 3432 tum
2571 3388 2678 3432 sua
2727 3377 2851 3435 tum
2904 3378 3135 3450 patrum
3188 3389 3432 3435 suorum
3491 3373 3735 3453 vestigia

355 3459 508 3526 τέλος
551 3463 646 3526 τὰς
680 3478 874 3544 χεῖρας
933 3464 1124 3530 ἐπιθεὶς
1169 3465 1528 3546 ἐπανήγαγεν,
1592 3458 1648 3524 Ὀ
1693 3463 1771 3542 δὲ,
1818 3467 2002 3524 ἑαυτοῦ

347 3572 405 3606 τε
434 3551 546 3627 ἅμα
601 3555 690 3610 καὶ
731 3556 836 3611 τῶν
898 3561 1168 3635 πατρικῶν
1218 3558 1384 3636 ἰχνῶν
1442 3557 1696 3635 γεγονὼς,
1746 3554 1994 3630 ἱκέτευεν,

349 3638 639 3716 ἠντιϐόλει,
706 3643 1070 3722 κατελιπάρει,
1145 3644 1431 3726 φιλήμασι,
1493 3645 1728 3726 δάκρυσι,
1801 3646 2001 3725 χειρῶν

351 3728 676 3808 ἐμπλοκαῖς,
749 3737 870 3798 τοὺς
941 3736 1136 3814 ὡραίου
1217 3734 1442 3798 ἐκείνονς
1525 3734 1689 3798 πόδας
1773 3735 2006 3814 ἐξεθερά-

349 3841 497 3882 πευε.
574 3822 635 3879 Τί
675 3823 775 3903 γὰρ
830 3828 924 3883 οὐκ
966 3822 1114 3904 ’ἐλεγε
1149 3845 1164 3902 ;
1237 3826 1286 3880 τί
1350 3822 1404 3880 δὲ
1453 3824 1549 3883 οὐκ
1589 3825 1753 3881 ἐποίει
1792 3833 1896 3882 τῶν
1925 3827 2009 3896 εἷς

350 3910 538 3966 οἶκτον
614 3915 807 3970 ἱκανῶν
889 3909 1207 3972 ἐπισπᾶσθαι
1278 3916 1464 3995 ψυχὴν
1549 3915 2000 3996 φιλοικτίρμονα;

346 3997 416 4056 δι’
471 4002 548 4058 ὧν
589 4003 836 4061 ἁπάντων
881 4007 936 4064 ἓν
990 4005 1145 4063 10610
1208 4019 1504 4085 παρῃτεῖτο
1554 4007 1642 4064 καὶ
1673 4007 1856 4084 μόνον,
1902 4007 2000 4075 τὴν

347 4091 441 4148 ἀπ’
506 4091 704 4150 ἐκείνου
746 4092 1039 4177 διάστασιν,
1089 4098 1366 4177 χωρισμὸν
1435 4103 1567 4154 Θεοῦ
1622 4096 1858 4176 ἄντικρυς
1915 4099 2001 4154 καὶ

345 4183 540 4258 ζημίαν
596 4187 802 4265 ψυχῆς,
864 4187 926 4242 τὸ
995 4193 1215 4266 πρᾶγμα
1282 4185 1460 4243 καλῶν
1529 4189 1617 4244 καὶ
1687 4185 1997 4251 κατωδύνως

346 4269 495 4350 ἄγειν
537 4274 668 4352 πρὸς
724 4281 904 4348 10610,
948 4277 1036 4332 καὶ
1079 4274 1196 4334 λίαν
1237 4276 1517 4356 ἆφορήτως
1582 4275 1993 4353 διατεινόμενος.

347 4358 498 4416 Ἀλλ’
554 4363 584 4418 6
626 4362 794 4442 μέγας
848 4364 991 4428 αὖθις
1035 4370 1378 4446 παρηγορῶν,
1444 4366 1538 4423 οὒκ
1592 4365 1756 4443 ἔστιν,
1815 4367 1994 4438 εἶπεν,

345 4451 392 4506 ῶ
489 4451 690 4528 τέκνον,
783 4454 876 4511 οὐκ
968 4453 1108 4513 ἔστιν
1191 4452 1366 4521 ἄλλως

1463 4456 1700 4535 γενέσθαι
1730 4475 1746 4492 ⁰
1818 4457 1994 4535 *οἶσθα

347 4539 448 4620 γὰρ
490 4539 570 4596 ὅτι
623 4516 793 4619 θεῖον,
841 4545 934 4600 οὒκ
985 4543 1322 4623 ἐνθρώπινον,
1353 4516 1441 4600 ⁷’τὸ
1477 4516 1770 4623 έπίταγμα.
1817 4529 1881 4602 Ἃ
1940 4516 2059 4601 δὲΒ

347 4631 376 4685 6
421 4631 551 4694 Θεὸς
599 4631 628 4688 6
681 4630 834 4712 ἅγιος
889 4630 1250 4710 βεϐούλευται,
1305 4633 1382 4697 τίς
1455 4631 1782 4691 διασκεδάσει
1829 4653 1846 4715 ;
1907 4636 1996 4692 καὶ

345 4720 446 4787 τὴν
488 4733 653 4801 χεῖρα
708 4725 868 4780 αὐτοῦ
934 4723 1035 4790 τὴν
1089 4721 1306 4799 ὑψηλὴν
1359 4724 1436 4789 τίς
1506 4723 1876 4803 ἀποστρέψει;
1925 4724 1998 4782 06

343 4809 498 4886 θέμις
573 4810 662 4868 οὖν
746 4811 986 4870 ἀπειθεῖν
1067 4825 1191 4878 ταῖς
1268 4810 1554 4891 θειοτέραις
1625 4811 1944 4888 οἰκονομίαις
1979 4831 1992 4845 ·

347 4905 504 4956 τοῦτο
561 4901 667 4982 γὰρ,
703 4901 763 4958 οὗ
792 4901 954 4977 μόνον
1010 4902 1335 4982 ἀσύμφορον,
1380 4899 1516 4958 ἀλλὰ
1570 4908 1646 4976 τῷ
1714 4902 1871 4958 παντὶ
1911 4903 2002 4958 καὶ

346 4987 623 5052 ἀδύνατον.
658 4981 830 5067 Ἠμᾶς
859 4989 904 5048 δ’
935 4990 998 5048 ἂν
1026 4992 1062 5070 ᾖ
1091 4981 1328 5067 θέλημα,
1355 4989 1582 5048 κωλύσει
1612 4991 1822 5054 πάντως
1853 4987 1997 5047 οὐδὲν

346 5077 752 5136 ἐπισκέπτεσθαί
781 5102 840 5136 σε
866 5081 955 5138 καὶ
997 5079 1182 5155 πάλιν,
1239 5079 1337 5136 κᾶν
1384 5079 1438 5136 ἐν
1466 5079 1719 5160 ἐσχάτοις
1749 5084 1851 5158 γῆς
1879 5077 1998 5134 δια-

343 5164 550 5248 τρίϐῃς,
597 5170 685 5226 καὶ
726 5170 792 5226 τὰ
833 5171 1032 5242 συνήθη
1062 5166 1447 5250 γνωμοδοτεῖρ,
1477 5171 1566 5226 καὶ
1592 5169 1918 5249 καταρτίζειν
1942 5168 1997 5225 ἐν

344 5272 466 5322 τοῖς
509 5266 601 5317 106
642 5261 941 5338 πνεύματος
952 5309 964 5322 .

367 5486 370 5490 .
428 5429 490 5503 ι’.
529 5421 683 5522 ’ὅπερ
726 5441 814 5499 οὗν
845 5443 920 5507 ὡς
965 5441 1294 5523 ὲπήγγελτο,
1324 5442 1412 5499 καὶ
1460 5444 1628 5498 ποιῶν
1671 5438 1768 5496 οὒκ
1809 5437 1998 5519 ἔληγεν

343 5528 561 5607 ὕστερον
605 5533 632 5588 6
688 5530 924 5608 ἀψευδὴς
980 5534 1219 5613 θεράπων
1279 5532 1376 5600 τῆς
1429 5530 1678 5598 ἀληθείας
1711 5545 1724 5559 ⁸
1779 5529 1902 5586 τότε
1953 5526 1996 5585 δ’

343 5618 531 5689 ἄπειδὴ
586 5621 786 5680 τούτων
841 5625 1034 5694 ἥκουσι
1105 5619 1229 5702 παρ’
1300 5618 1483 5680 ἔλπίδα
1526 5621 1611 5677 καὶ
1669 5619 1910 5700 γνώμην,
1971 5622 1999 5676 6

2085 3465 2400 3546 relegens,
2454 3461 2861 3545 supplicabat,
2916 3462 3291 3544 precabatur,
3355 3463 3732 3541 obsecrabat,

2085 3555 2296 3625 oculis,
2330 3553 2626 3634 lacrymis,
2660 3553 2938 3634 amplexu
2968 3570 3248 3615 manuum
3273 3553 3568 3616 formosos
3596 3574 3729 3617 mo-

2085 3643 2376 3708 deratoris
2427 3642 2520 3704 sui
2565 3641 2750 3724 pedes
2781 3641 3198 3704 venerabatur.
3232 3641 3386 3716 Quid
3417 3642 3578 3705 enim
3611 3663 3732 3708 non

2085 3731 2366 3797 dicebat?
2395 3731 2535 3814 quid
2567 3750 2685 3793 non
2714 3729 2923 3811 agebat
2963 3731 3200 3794 illorum
3248 3750 3380 3813 quae
3432 3741 3568 3795 nata
3593 3745 3734 3797 sunt

2087 3823 2342 3887 animam
2375 3820 2827 3884 misericordem
2871 3837 3111 3884 movere
3149 3821 3222 3884 ad
3253 3822 3732 3886 commiseratio-

2090 3919 2260 3978 nem?
2278 3912 2338 3975 id
2371 3929 2551 3973 unum
2584 3919 2643 3973 et
2671 3911 2862 3973 solum
2896 3910 3248 3992 deprecans,
3280 3930 3358 3975 ne
3388 3930 3422 3974 a
3451 3914 3734 3992 magistro

2088 4023 2194 4066 suo
2227 4009 2644 4085 separaretur;
2684 4000 2841 4082 quod
2892 4000 3067 4080 plane
3107 4003 3544 4082 separatiouem
3576 4003 3668 4066 sui
3698 4022 3735 4067 a

2086 4093 2207 4158 Deo
2263 4100 2438 4174 atque
2488 4091 2778 4171 jacturam
2831 4089 3048 4152 animae
3090 4109 3212 4153 sua;
3261 4090 3619 4174 appellabat,
3674 4101 3735 4156 et

2081 4182 2390 4264 aegerrime
2407 4179 2716 4243 ferendum
2740 4178 2860 4240 imo
2873 4178 3251 4243 intolerabile
3269 4179 3382 4242 sibi
3399 4181 3728 4244 asserebat.

2080 4273 2195 4337 Sed
2227 4271 2550 4354 praeclarus
2584 4268 2926 4331 moderator
2954 4288 3162 4332 rursus
3191 4288 3328 4332 eum
3362 4269 3676 4332 consolans
3711 4291 3729 4332 :

2079 4359 2207 4424 Non
2234 4367 2449 4442 potest.
2481 4357 2697 4440 inquit,
2732 4357 2935 4438 ﬁlimi,
2968 4376 3088 4419 non
3116 4364 3312 4438 potest
3340 4357 3515 4420 aliter
3542 4358 3674 4421 ﬁeri
3711 4381 3726 4419 :

2080 4450 2236 4511 nosti
2260 4465 2538 4527 namque.
2575 4464 2609 4507 a
2643 4445 2790 4521 Deo,
2825 4464 2945 4507 non
2976 4447 3050 4508 ab
3098 4445 3344 4508 homine
3398 4446 3730 4528 perfectum

2076 4539 2269 4601 isthoc
2305 4537 2669 4599 mandatum.
2703 4532 2847 4607 Quae
2894 4543 3092 4597 autem
3135 4539 3317 4612 Deus,
3351 4536 3452 4616 qui
3492 4544 3733 4598 sanctus

2079 4637 2189 4709 est,
2221 4626 2446 4698 statuit,
2469 4625 2600 4707 quis
2627 4623 3004 4705 dissipabit?
3033 4633 3093 4686 et
3123 4642 3364 4686 manum
3396 4625 3552 4706 ejus,
3599 4644 3731 4707 qua;

2080 4717 2314 4780 excelsa
2342 4723 2458 4791 est,
2489 4712 2621 4796 quis
2667 4712 2928 4776 avertit?
2955 4711 3084 4776 Non
3129 4713 3314 4792 igitur
3360 4732 3595 4796 aequum
3639 4723 3730 4779 est

2080 4807 2305 4870 divinae
2328 4801 2704 4886 dispositioni
2735 4821 2854 4864 non
2885 4820 3119 4883 parere:
3137 4804 3196 4866 id
3219 4803 3382 4865 enim
3408 4823 3525 4866 non
3552 4804 3729 4867 modo

2079 4897 2289 4960 inutile
2319 4897 2492 4978 foret,
2525 4893 2630 4955 sed
2658 4893 2835 4955 etiam
2890 4894 3135 4956 omnino
3183 4895 3312 4958 ﬁeri
3345 4895 3570 4976 nequit.
3607 4895 3731 4958 Nos

2083 5005 2284 5070 porro,
2317 4985 2392 5047 sit
2420 4985 2500 5046 ita
2530 4983 2641 5044 tibi
2670 4983 2928 5046 lubitum
2977 4983 3176 5062 fuerit,
3210 4984 3358 5047 nihil
3405 4985 3731 5067 quidquam

2080 5076 2388 5159 impediet,
2424 5094 2458 5138 a
2486 5072 2826 5135 visitatione
2876 5072 2984 5155 tui,
3037 5073 3276 5137 tametsi
3325 5073 3386 5136 in
3445 5074 3732 5137 extremis

2080 5173 2374 5230 terrarum
2434 5161 2623 5246 plagis
2668 5163 3015 5246 morareris,
3046 5163 3364 5226 consilium
3412 5162 3520 5225 tibi
3559 5181 3728 5228 more

2080 5265 2283 5320 nostro
2313 5255 2577 5335 daturos,
2610 5260 2670 5316 et
2697 5252 2760 5314 in
2787 5253 2971 5316 rebus
3011 5252 3425 5336 spiritualibus
3457 5252 3727 5317 directu-

2081 5366 2203 5410 I‘OS.

2164 5437 2406 5501 10.11ch
2419 5435 2520 5498 ubi
2537 5432 2731 5497 edicta
2751 5430 2938 5510 luere,
2957 5449 3084 5495 rem
3102 5432 3460 5514 propositam
3485 5433 3734 5513 exsequi

2083 5527 2372 5591 nonultra
2388 5523 2619 5591 distulit
2647 5521 2844 5585 fidelis
2862 5521 3136 5585 minister
3162 5521 3452 5602 veritatis;
3473 5523 3580 5586 sed
3607 5521 3732 5586 illis

2086 5625 2300 5700 prater
2323 5635 2491 5702 spem
2523 5622 2583 5678 et
2601 5614 2960 5677 sententiam
2983 5609 3227 5691 auditis,
3250 5609 3412 5676 illico
3439 5611 3554 5676 sibi
3584 5628 3729 5697 per-
