4144 6374
448 276 607 348 1063

1685 282 2012 350 JOANNIS
2052 275 2613 347 EUCHAITENSIS

3690 281 3843 347 1604

444 418 684 482 suaderi
714 418 850 482 sivit
876 437 1052 482 verus
1081 416 1438 483 obedientias
1466 420 1818 498 ﬁlius;nihil
1849 437 2081 483 excusa-

2173 414 2341 494 ταχὺς
2385 415 2486 482 τὴν
2559 415 2845 473 εὒπείθειαν
2891 412 3096 479 ἐκεῖνος
3168 416 3257 471 καὶ
3315 415 3732 495 ἀπροφάσιστος,
3779 419 3843 474 τὸ

444 507 623 571 tionis
651 509 928 586 all'erens,
947 508 1096 571 nihil
1125 509 1186 570 in
1219 510 1580 573 contrarium
1608 509 2093 586 adducens,nihil

445 597 844 676 dissentiens;
877 598 982 661 sed
1017 598 1243 680 absque
1287 601 1452 663 omni
1493 600 1772 664 violentia
1814 619 1879 663 se
1904 607 2086 662 totum

444 690 647 768 gratiae
701 690 1036 767 commisit;
1085 699 1144 754 et
1201 711 1498 774 propensa
1553 693 1877 767 voluntate,
1931 691 2087 773 quod

443 781 896 844 convenientius
941 789 1092 856 erat,
1153 779 1400 862 eligens,
1455 782 1600 844 abiit
1648 781 1956 855 continuo,
1990 789 2090 843 aut

447 872 645 952 potius
701 869 870 944 adiit,
918 878 981 931 ut
1019 870 1223 949 jussus
1272 870 1481 946 fuerat,
1532 871 1604 932 ad
1655 871 2025 950 designatum
2057 889 2092 932 a

442 959 671 1022 visione
702 959 920 1021 locum.
944 958 1116 1020 Illum
1147 959 1382 1022 scilicet
1429 961 1647 1031 locum,
1683 959 1784 1042 qui
1815 978 1848 1022 e
1877 959 2092 1022 vicinia

443 1049 561 1112 late
587 1049 964 1131 conspicuus,
1000 1067 1132 1110 cum
1160 1050 1324 1130 prius
1349 1049 1754 1112 inhabitabilis
1786 1057 2089 1131 esset,tam

447 1157 831 1201 numerosum
893 1156 1050 1199 nunc
1090 1156 1328 1218 gregem
1383 1140 1830 1211 monachorum,
1880 1145 1938 1200 in
1986 1157 2091 1220 spe

445 1227 834 1301 habitantem,
859 1225 942 1288 uti
994 1226 1282 1308 scriptum
1326 1236 1416 1290 est
1449 1227 1501 1303 6,
1537 1228 1716 1291 habet
1760 1236 1934 1309 atque
1965 1229 2089 1305 alit,

443 1316 576 1379 cibo
607 1325 730 1377 tum
762 1314 1078 1396 corporali,
1133 1323 1255 1378 tum
1305 1317 1489 1379 multo
1535 1317 1722 1396 magis
1772 1316 2087 1397 spirituali,

442 1405 613 1486 cujus
662 1404 1018 1485 praecipuam
1072 1404 1158 1466 illi
1207 1405 1496 1467 rationem
1552 1405 1798 1479 ducunt,
1835 1413 1894 1467 et
1923 1405 2091 1486 cujus

441 1513 618 1556 causa
639 1494 965 1556 certamina
979 1493 1315 1572 spiritualia
1336 1502 1393 1556 et
1415 1494 1716 1556 salutifera
1737 1495 2086 1575 suscipiunt.

438 1585 526 1647 Ad
555 1584 788 1646 huncce
807 1584 1001 1645 locum
1025 1583 1357 1646 Dorotheus
1387 1603 1421 1645 a
1450 1584 1572 1647 Deo
1599 1593 1657 1646 et
1679 1603 1896 1664 magno
1917 1583 2091 1647 Patre

2177 501 2273 570 τῆς
2316 503 2558 572 ῦπακοῆς
2601 502 2765 568 ὄντως
2835 503 3042 584 τέκνον,
3089 505 3182 562 οῦκ
3253 504 3556 561 ἀντιτείνων
3618 504 3692 573 ἦν
3738 503 3841 580 ἔτι,

2176 592 2270 648 οῦκ
2296 593 2550 668 ἀπειθῶν,
2584 598 2643 654 οὗ
2672 591 3145 674 προσϐιαζόμενος,
3193 592 3314 650 ἀλλ’
3372 591 3498 651 ὅλον
3543 595 3729 652 ἑαυτὸν
3770 603 3840 673 τῇ

2174 682 2354 761 χάριτι
2422 681 2706 762 παραδοὺς,
2780 683 2867 738 καὶ
2936 683 3034 749 τῆς
3105 693 3199 741 τοῦ
3237 685 3531 762 κρείττονος
3576 681 3834 761 εωοκίας,

2172 770 2380 826 ἄπεισιν
2442 773 2611 847 εὐθὺς,
2683 774 2756 836 ὡς
2813 771 3193 852 προστέτακτο,
3253 774 3397 851 παρὰ
3467 775 3560 829 τὸν
3629 771 3839 831 ὑποδει-

2174 859 2369 939 χθέντα
2411 861 2574 918 τόπον
2630 863 2731 918 ὑπὸ
2774 865 2872 930 τῆς
2926 861 3124 937 ὄψεως,
3155 861 3390 937 ’μᾶλλον
3438 860 3492 917 δὲ
3535 863 3835 938 πρόσεισιν⁹

2173 950 2326 1012 οὗτος
2383 950 2481 1028 γὰρ
2539 949 2745 1013 ἐκεῖνος
2805 952 2834 1005 6
2891 949 3080 1030 τόπος,
3152 953 3303 1013 οὗτος
3375 952 3404 1005 6
3455 949 3514 1006 ἐκ
3582 951 3835 1028 γειτόνων

2173 1038 2463 1117 ὁρώμενος,
2513 1043 2600 1096 καὶ
2661 1041 2921 1107 τοσαύτην
2975 1039 3175 1120 ἀγέλην
3248 1047 3336 1097 νῦν
3395 1047 3696 1120 μοναστὼν,
3743 1041 3834 1099 ἐπ’

2180 1125 2348 1183 ἐλπίδι
2418 1136 2791 1210 κατοικοῦσαν,
2875 1131 2949 1194 ὼς
3032 1129 3351 1208 γέγραπται,
3440 1128 3502 1184 ἐκ
3567 1137 3662 1187 τοῦ
3718 1133 3835 1208 πρὶν

2177 1216 2430 1287 ἀοικήτου
2475 1219 2645 1298 φέρων
2703 1220 2792 1275 καὶ
2848 1217 3052 1298 τρέφων
3103 1225 3171 1296 τῇ
3216 1224 3500 1296 σωματικῇ
3541 1241 3597 1274 τε
3641 1226 3830 1299 τροφῇ,

2175 1308 2261 1361 καὶ
2307 1305 2492 1382 πολλῷ
2534 1330 2595 1386 γε
2644 1306 2846 1384 μᾶλλον
2889 1314 2958 1384 τῇ
3003 1312 3238 1388 ψυχικῇ,
3305 1309 3364 1374 ἧς
3410 1311 3590 1373 αὐτοῖς
3660 1311 3686 1363 6
3727 1315 3832 1371 πᾶς

2173 1395 2353 1472 λόγος.
2416 1398 2503 1452 καὶ
2572 1398 2702 1476 ὑπὲρ
2756 1398 2824 1463 ἧς
2896 1399 2943 1452 οἱ
2995 1397 3197 1475 ἀγῶνες
3255 1400 3302 1452 οἱ
3358 1399 3710 1472 πνευματικοὶ
3750 1399 3836 1453 καὶ

2173 1487 2448 1564 σωτήριοι.
2485 1488 2618 1564 Πρὸς
2663 1496 2844 1546 τοῦτον
2889 1485 3098 1550 ἐκεῖνος
3129 1488 3229 1543 ὑπὸ
3274 1493 3405 1543 Θεοῦ
3461 1509 3518 1542 τε
3576 1489 3831 1568 πεμφθεὶς

2171 1576 2258 1630 καὶ
2327 1581 2420 1632 τοῦ
2481 1574 2716 1653 μεγάλου
2801 1578 3005 1655 Πατρὸς
3101 1576 3300 1633 ἐκείνου
3385 1578 3470 1632 καὶ
3526 1574 3832 1657 παιδευτοῦ,

439 1693 547 1736 suo
579 1682 754 1755 atque
800 1673 1140 1737 institutore
1166 1674 1414 1748 missus,
1445 1675 1578 1737 sine
1601 1661 2081 1754 tergiversatione

2173 1661 2407 1739 μηδεμιᾷ
2462 1664 2717 1739 μελλήσει
2775 1667 2837 1720 τὸ
2907 1671 3127 1745 πρᾶγμα
3199 1665 3334 1741 μηδέ
3391 1663 3665 1744 δισταγμῷ
3720 1689 3827 1722 τινι

435 1763 583 1845 ulla,
617 1751 748 1825 sine
798 1763 918 1824 ulla
965 1762 1348 1842 ambiguitate
1393 1783 1544 1845 opus
1599 1751 1914 1844 aggressus
1956 1773 2081 1840 est;

2170 1751 2311 1828 δοὺς,
2401 1752 2553 1832 ἔργου
2627 1754 2838 1834 εἴχετο,
2912 1756 3000 1811 καὶ
3069 1755 3251 1820 πόνοις
3332 1755 3524 1818 πόνους
3597 1755 3831 1824 συνῆπτε

437 1861 495 1915 et
524 1840 760 1916 labores
784 1851 1092 1915 laboribus
1108 1840 1475 1934 sudoresque
1506 1840 1821 1915 sudoribus
1836 1853 2081 1930 addidit,

2168 1845 2256 1898 καὶ
2325 1840 2532 1922 ἱδρῶσιν
2618 1841 2862 1923 ἱδρῶτας,
2946 1844 3289 1925 ἐκκαθαίρων,
3352 1843 3608 1923 ἐκφορῶν,
3683 1848 3830 1921 ὁμα-

437 1941 564 2004 suis
596 1941 869 2004 manibus
922 1941 1118 2004 locum
1170 1930 1574 2023 repurgando,
1624 1942 2081 2024 complanando,

2169 1930 2323 2002 λίζων
2356 1945 2475 1996 ταῖς
2533 1932 2718 1990 ἑαυτοῦ
2761 1935 2944 2013 χερσὶν
2987 1935 3016 1988 6
3071 1947 3313 2012 γενναῖος
3349 1949 3361 1964 ⁸
3413 1936 3605 2009 μεστὸς
3647 1935 3749 2012 γὰρ
3797 1935 3825 1990 6

439 2029 616 2093 noxia
646 2029 949 2092 ell‘erendo
974 2049 988 2092 :
1018 2019 1388 2112 eratquippe
1410 2031 1730 2094 admodum
1764 2019 2080 2115 silvestris,

2166 2023 2330 2084 τόπος
2425 2019 2557 2088 ὕλης
2656 2022 2865 2102 ἀγρίας,
2954 2025 3149 2098 μεστὸς
3249 2023 3658 2098 συμπτωμάτων
3742 2025 3832 2080 καὶ

433 2129 493 2184 et
521 2119 712 2182 ruinis
753 2107 1198 2201 ruderibusque
1235 2107 1430 2184 omnis
1486 2121 1725 2201 generis
1781 2107 2080 2204 oppletus:

2166 2107 2505 2167 παντοδαποῦ
2560 2118 2806 2191 φορυτοῦ.
2871 2113 3016 2191 Παρὰ
3097 2114 3198 2180 τὴν
3281 2111 3499 2190 πρώτην
3571 2112 3666 2188 μὲν
3740 2110 3831 2168 οὗν

431 2208 625 2283 Quare
654 2208 830 2271 initio
860 2207 1100 2290 quidem
1133 2217 1329 2271 actum
1382 2229 1583 2290 agere,
1617 2220 1796 2291 atque
1822 2201 1884 2272 id
1927 2212 2080 2293 quod

2166 2201 2397 2271 ἀνήτυτά
2454 2223 2511 2257 τε
2571 2204 2792 2278 κάμνειν
2845 2204 2997 2278 ἐῴκει
3064 2205 3152 2260 καὶ
3225 2201 3496 2267 ἀδυνάτοις
3548 2202 3830 2283 προδήλως

431 2297 563 2363 ﬁeri
594 2317 713 2360 non
737 2305 932 2377 potest
960 2298 1280 2360 videbamr
1309 2299 1462 2362 velle
1494 2290 1742 2362 moliri:
1777 2319 1910 2361 cum
1931 2290 2081 2362 exae-

2167 2290 2490 2373 ἐπιχειρεῖν,
2523 2292 2809 2369 οἰκοδομὴν
2869 2292 3154 2361 ἐκκλησίας
3209 2295 3297 2349 καὶ
3349 2298 3520 2370 μονῆς
3580 2295 3831 2350 σύστασιν

430 2388 677 2450 dificare
723 2388 1040 2450 ecclesiam
1082 2396 1140 2451 et
1166 2391 1594 2452 monasterium
1641 2397 1992 2453 construere
2023 2393 2081 2453 in

2169 2381 2223 2437 ἐν
2272 2383 2458 2461 ἐρήμῳ
2517 2388 2586 2461 γῇ
2643 2385 2730 2437 καὶ
2788 2381 2970 2456 ἀϐάτῳ
3026 2382 3396 2458 διανοούμενος
3477 2385 3826 2453 καταστήσα-

431 2487 591 2541 terra
609 2477 848 2539 deserta
870 2485 928 2539 et
955 2477 1114 2539 invia
1135 2477 1364 2540 induxit
1384 2479 1442 2540 in
1466 2478 1822 2555 animum;et
1838 2479 2078 2560 quidem

2166 2475 2279 2527 σθαι
2317 2489 2330 2501 ⁸
2404 2473 2492 2531 καὶ
2556 2494 2718 2543 τας-τα
2777 2471 2919 2537 ξένος
3001 2472 3054 2528 ἐν
3130 2471 3318 2548 ξένοις,
3398 2471 3586 2547 πένης,
3649 2471 3823 2550 ἅοικο,

431 2566 780 2649 peregrinus
835 2567 993 2629 inter
1048 2567 1418 2648 peregrinos.
1483 2585 1742 2649 pauper,
1801 2558 2074 2646 extorris,

2166 2559 2453 2638 ἄγνωστος,
2527 2558 2725 2640 ἕρημος
2796 2561 3010 2628 ἁπάσης
3063 2561 3308 2638 βοηθείας
3360 2563 3450 2618 καὶ
3523 2564 3827 2642 συγκροτή-

427 2658 688 2737 ignotus,
715 2656 880 2718 omni
901 2656 1118 2719 auxilio
1147 2657 1517 2739 consilioque
1543 2657 1822 2738 privatus.
1849 2657 2081 2723 Etenim

2169 2671 2303 2714 σεως
2340 2667 2353 2680 ⁸
2419 2649 2602 2717 ἐπειδὴ
2657 2652 2742 2706 καὶ
2803 2651 3131 2728 μονώτατος,
3192 2650 3274 2708 ὅτι
3333 2653 3412 2724 μὴ
3472 2652 3545 2708 ἐνὶ
3593 2659 3830 2731 συνεργῷ

429 2747 676 2809 omnino
730 2745 936 2820 solus,
992 2745 1330 2826 adjutorem
1390 2766 1508 2808 non
1563 2746 1820 2809 habebat
1869 2759 2081 2828 praeter

2170 2739 2428 2814 Βασιλείῳ
2477 2747 2554 2816 τῷ
2625 2739 2774 2815 καλῷ
2817 2742 3095 2820 χρώμενος
3131 2758 3143 2772 ⁶
3203 2742 3286 2821 ὃν,
3345 2748 3437 2798 τοῦ
3495 2741 3613 2797 κατ’
3669 2744 3830 2798 αὐτὸν

433 2853 619 2897 unum
659 2834 971 2910 Basilium,
1019 2835 1214 2897 virum
1268 2835 1516 2910 bonum,
1552 2855 1729 2917 quem
1765 2855 1834 2898 ex
1857 2840 2081 2901 circum

2167 2829 2292 2885 ὄντα
2376 2829 2594 2905 κύκλου,
2682 2828 3010 2906 συνέκδημον
3091 2829 3294 2910 εἰλήφει
3383 2831 3470 2887 καὶ
3549 2829 3825 2903 σύναλθον,

433 2942 500 2987 se
515 2922 1050 2987 stantibussocium
1064 2913 1597 3004 preregrinationis
1611 2927 2081 2992 etcertaminum

2166 2917 2308 2996 παρὰ
2349 2927 2441 2976 τοῦ
2495 2920 2699 2998 Πατρὸς
2731 2919 3086 2994 αἰτησάμενος
3122 2933 3137 2948 ⁸
3201 2915 3317 2994 μεθ’
3377 2920 3437 2973 οὗ
3493 2923 3669 2974 πονῶν
3699 2913 3822 2974 κατ’

435 3013 690 3095 petierat
711 3021 886 3093 atque
917 3011 1260 3077 obtinuerat
1288 3033 1322 3076 a
1353 3015 1660 3076 communi
1693 3017 1868 3078 Patre
1903 3039 1918 3078 :
1947 3037 2080 3079 cum

2166 3007 2336 3086 ἀρχὰς
2395 3009 2481 3063 καὶ
2536 3010 2668 3087 πρὸς
2722 3007 3038 3074 τηλικοῦτον
3095 3005 3252 3064 ἆθλον
3323 3005 3821 3087 παραλαλλόμενος,

428 3102 585 3184 quod
619 3111 678 3165 et
707 3101 943 3164 initium
977 3101 1200 3165 laboris
1229 3102 1476 3178 faciens,
1494 3115 1556 3165 et
1576 3111 1734 3166 tanta
1758 3108 2081 3169 certamina

2167 3100 2262 3156 οὐκ
2290 3097 2364 3160 εἷς
2417 3095 2569 3161 τέλος
2617 3095 2836 3174 ἔμελλεν
2882 3095 2980 3176 ἄρα
3040 3098 3183 3176 παρὰ
3239 3101 3336 3164 τῆς
3392 3097 3533 3160 θείας
3583 3095 3823 3175 ἐγκατα-

424 3192 808 3274 aggrediens,
847 3211 967 3254 non
1014 3192 1075 3254 in
1124 3193 1304 3256 ﬁnem
1358 3193 1865 3275 derelinquendus
1895 3204 2081 3258 erata

2166 3185 2436 3267 λειφθῆναι
2520 3189 2792 3266 προνοίας,
2880 3184 3046 3246 Ἀλλὰ
3085 3233 3087 3235 .
3129 3209 3194 3242 τα
3202 3189 3270 3266 λὺ
3346 3187 3410 3242 τὰ
3489 3192 3581 3243 τοῦ
3636 3185 3816 3264 πράγ-

426 3273 815 3346 Providentia
843 3281 1066 3344 divina.
1114 3280 1423 3364 Siquidem
1467 3273 1690 3346 circum
1745 3283 2081 3348 habitantes

2166 3298 2332 3351 ματος
2403 3279 2450 3332 οἱ
2518 3277 2774 3356 περίοικοι
2833 3275 3252 3356 συναισθόμενοι,
3294 3276 3383 3331 καὶ
3436 3275 3515 3352 μὴ
3571 3273 3635 3332 ἂν
3676 3274 3816 3332 ἀθεεὶ

429 3371 656 3453 populi,
691 3371 753 3434 id
783 3371 944 3453 quod
973 3390 1072 3434 res
1094 3381 1221 3434 erat
1255 3392 1389 3435 mox
1419 3371 1989 3457 animadvertentes,
2024 3385 2083 3438 et

426 3480 546 3523 non
577 3461 694 3523 nisi
723 3469 954 3524 motore
983 3460 1108 3524 Deo
1140 3461 1277 3524 talia
1310 3462 1441 3524 ﬁeri
1461 3463 1616 3544 apud
1637 3481 1768 3525 sese
1781 3463 2083 3545 sapienter

425 3558 779 3627 statuentes;
821 3549 984 3612 omni
1031 3551 1225 3615 studio
1255 3559 1314 3613 et
1342 3559 1559 3614 conatu
1605 3571 1848 3615 manum
1879 3561 1939 3616 et
1966 3554 2080 3636 ipsi

422 3640 816 3703 admoverunt
843 3640 1048 3723 Operi;
1085 3642 1359 3722 pecunia,
1395 3641 1640 3718 viribus,
1669 3642 1923 3724 aliisque
1949 3661 2072 3705 mo-

424 3729 519 3791 dis
549 3729 827 3794 alacriter
869 3730 1248 3794 conferentes
1270 3749 1444 3811 opem
1478 3739 1536 3793 et
1566 3749 1809 3812 operam
1848 3750 2016 3794 suam
2055 3755 2068 3792 :

2162 3375 2326 3426 ταῦτα
2390 3367 2620 3444 γίνεσθαι
2677 3367 2734 3423 εὖ
2801 3364 2945 3442 μάλα
3015 3367 3191 3446 σοφῶς
3250 3363 3375 3444 παρ’
3430 3367 3642 3429 ἑαυτοῖς
3697 3364 3822 3445 κρί-

2164 3477 2369 3530 ναντες,
2427 3453 2528 3532 ὅλῃ
2577 3457 2666 3512 καὶ
2731 3453 2934 3532 σπουδῇ
3015 3457 3104 3511 καὶ
3182 3456 3324 3534 χειρὶ
3402 3455 3820 3535 συνεφάπτονται

2160 3549 2266 3602 τῶν
2311 3543 2478 3624 ἔργων
2509 3546 2691 3609 αὐτοῖς
2749 3545 2992 3625 χρήμασί
3035 3565 3091 3600 τε
3153 3547 3242 3600 καὶ
3294 3545 3506 3601 σώμασι
3562 3546 3651 3600 καὶ
3680 3550 3812 3600 πᾶσι

2159 3637 2374 3715 τρόποις
2433 3635 2670 3711 ἐκθύμως
2740 3637 2805 3690 τὰ
2862 3639 2960 3702 της
3025 3633 3291 3713 συνεργίας
3346 3633 3758 3710 ἐπιδεικνύμενοι
3803 3654 3815 3669 ·

2157 3725 2208 3790 ἐξ
2267 3727 2340 3781 ὧν
2418 3724 2535 3804 (ἵνα
2591 3722 2793 3780 συνὲλω
2840 3723 2901 3779 τὸ
2943 3721 3072 3803 πᾶν)
3133 3723 3194 3779 τό
3236 3745 3295 3778 τε
3351 3723 3490 3802 ἱερὸν
3532 3721 3587 3778 ἐν
3629 3721 3823 3803 ὀλίγῳ,

423 3819 583 3882 unde
611 3827 672 3882 et
690 3818 977 3901 templum
1001 3827 1084 3882 tut
1121 3819 1380 3881 breviter
1428 3819 1648 3900 dicam)
1683 3821 1892 3901 exiguo
1915 3829 2072 3884 tem-

2166 3815 2243 3871 καὶ
2297 3816 2332 3882 ἡ
2381 3815 2518 3891 μονὴ
2552 3814 2669 3890 μετ’
2700 3812 2901 3892 ὀλίγον,
2953 3814 3026 3878 εἷς
3087 3813 3114 3868 ὃ
3169 3820 3258 3870 νῦν
3288 3815 3511 3892 ὁρῶνται
3544 3835 3822 3893 συναπαρ-

423 3926 590 3990 pore,
621 3916 682 3971 et
712 3909 886 3990 paulo
909 3917 1041 3989 post
1070 3908 1496 3971 monasterium
1528 3927 1766 3990 quoque
1796 3909 1868 3971 ad
1909 3910 2071 3972 illam

2166 3906 2379 3975 τίζονται
2438 3907 2631 3984 σχῆμα
2665 3919 2680 3935 ⁸
2741 3901 2945 3970 δηλαδὴ
3003 3904 3094 3959 καὶ
3153 3912 3244 3961 τοῦ
3300 3903 3495 3983 χρόνου
3552 3903 3821 3983 βραχεῖάν

421 3998 676 4060 formam
728 3997 984 4060 adducta
1035 4005 1196 4073 sunt,
1248 4016 1366 4079 qua
1420 4017 1581 4060 nunc
1646 4007 2001 4080 spectantur
2055 4022 2068 4064 :

2166 4016 2270 4051 τινα
2301 3995 2632 4073 προσθήκην,
2667 3991 2780 4048 ἐπεὶ
2811 3994 2898 4049 καὶ
2955 3993 3160 4073 βραχὺς
3220 4005 3338 4056 τοῖς
3398 3991 3824 4071 ἐξειργασμένοις

422 4104 761 4169 quanquam
820 4086 1000 4149 etiam
1046 4093 1304 4168 tempus,
1349 4087 1489 4149 licet
1536 4086 1740 4171 breve,
1801 4089 2070 4169 exiguam

2166 4085 2274 4140 τότε
2309 4082 2793 4160 συνεισενέγκαντος
2806 4130 2818 4141 .

420 4177 678 4257 aliquam
710 4175 1118 4239 accessionem
1149 4177 1224 4240 iis
1254 4195 1388 4258 quae
1418 4184 1544 4239 tum
1597 4177 1749 4240 facta
1797 4186 1935 4241 sunt
1957 4179 2069 4242 ad—

422 4266 584 4330 iecit.

411 4285 537 4462 iecll
541 4285 824 4462 1ίλΑιιιιιο
852 4355 978 4462 hac
1001 4353 1242 4456 quidem
1268 4372 1446 4417 causa
1474 4362 1531 4419 et
1548 4354 1700 4457 ratio
1720 4362 2018 4462 suscepta;
2040 4375 2073 4418 a

2245 4340 2341 4411 ια’.
2376 4350 2518 4418 Αὕτη
2563 4352 2662 4427 μὲν
2717 4352 2752 4420 ἡ
2798 4351 2959 4431 αἰτία,
3000 4352 3088 4407 καὶ
3121 4351 3271 4415 οὗτος
3303 4354 3330 4409 ὁ
3373 4350 3533 4430 λόγος
3593 4356 3693 4419 τῆς
3738 4353 3814 4416 εἷς

2210 4441 2221 4462 1
2260 4439 2282 4462 θ
2403 4443 2414 4457 \
2557 4441 2569 4462 1
2779 4447 2802 4457 ~
2847 4441 2860 4462 ι
2908 4438 2932 4462 15
2967 4443 2980 4462 \
3084 4441 3097 4462 9
3141 4439 3164 4462 (ι
3255 4443 3265 4460 ο
3361 4459 3375 4462 -
3499 4447 3524 4458 -ο
3640 4440 3683 4462 tu
3806 4443 3814 4460 ι

419 4446 722 4510 Dorotlieo
771 4444 831 4506 in
879 4445 1074 4507 locum
1129 4444 1310 4506 istum
1374 4443 1922 4525 peregrinationis:
1964 4445 2079 4508 hoc

2166 4439 2309 4497 τόνδε
2367 4443 2458 4498 τὸν
2509 4441 2671 4497 τόπον
2715 4447 2808 4498 τοῦ
2837 4438 3021 4519 ἀνδρὸς
3079 4439 3329 4518 ἐνδημίας
3359 4459 3377 4478 ο
3436 4447 3592 4499 τοῦτο
3635 4440 3690 4498 δὲ
3733 4443 3824 4499 καὶ

418 4553 569 4616 opus
598 4534 810 4615 ipsius,
842 4533 940 4596 hic
971 4533 1202 4596 vivendi
1241 4533 1668 4616 laborandique
1691 4533 1915 4596 ibidem
1940 4553 2073 4597 mo-

2166 4531 2221 4586 τὸ
2291 4529 2468 4610 ἔργον,
2540 4531 2627 4586 καὶ
2684 4532 2832 4594 οῦτος
2892 4532 2919 4586 6
2989 4530 3183 4608 τρόπος
3237 4537 3338 4598 τῆς
3383 4532 3602 4589 ἐνταῦθα
3631 4553 3824 4610 παροι-

416 4625 531 4688 dus
563 4643 578 4688 :
611 4624 732 4687 imo
760 4641 898 4686 vero
929 4623 1076 4686 illud
1104 4643 1223 4686 non
1247 4642 1398 4705 opus
1419 4623 1631 4704 ipsius,
1660 4623 1765 4685 sed
1792 4622 2077 4704 quodam-

2166 4618 2273 4684 κίας
2312 4623 2470 4678 αὐτοῦ
2505 4621 2595 4675 καὶ
2636 4620 2953 4699 φιλοπονίας
2986 4637 3001 4655 ο
3051 4619 3254 4696 μᾶλλον
3315 4619 3370 4677 δὲ
3427 4623 3488 4677 τὸ
3558 4617 3713 4699 ἔργον
3760 4622 3822 4678 οὗ

419 4713 596 4776 modo
626 4713 860 4776 occasio
913 4731 982 4776 ac
1029 4713 1485 4775 fundamentum
1539 4711 1812 4775 melioris
1842 4712 2071 4796 operis,

2166 4717 2334 4782 τοῦτο,
2366 4705 2484 4764 ἀλλ’
2543 4710 2661 4766 οἷόν
2703 4731 2782 4774 τις
2837 4709 3052 4788 ἀφορμή
3113 4711 3203 4766 καὶ
3247 4708 3520 4778 καταϐολὴ
3553 4732 3645 4766 του
3673 4709 3822 4778 ἀλη-

417 4803 558 4886 quia
588 4803 788 4866 omnia
807 4803 933 4865 haec
958 4802 1252 4884 dirigebat
1283 4803 1779 4883 conferebatque;
1813 4802 1887 4864 ad
1918 4795 2069 4883 ope-4

2166 4801 2272 4860 ὶοῦς
2304 4795 2478 4876 ἔργου,
2525 4801 2656 4877 πρὸς
2707 4799 2735 4854 ὃ
2791 4805 2956 4854 ταῦτα
3012 4799 3186 4856 πάντα
3241 4800 3491 4857 συντείνει
3562 4801 3648 4856 καὶ
3720 4800 3822 4878 φέ-

2152 4911 2254 4970 ρει,
2317 4890 2417 4958 τὴν
2479 4889 2723 4970 ἐργασίαν
2785 4889 2928 4968 λέγω
2985 4897 3076 4947 τοῦ
3133 4890 3352 4972 ἀγαθοῦ,
3411 4894 3500 4948 καὶ
3568 4892 3667 4959 τὴν
3718 4889 3821 4959 τῆς

2157 4977 2448 5058 ἀγγελικῆς
2504 4979 2773 5046 πολιτεὶας
2847 4977 3072 5048 ἄσκησιν
3157 4982 3246 5038 καὶ
3329 4983 3678 5061 κατόρθωσιν,
3750 4983 3822 5047 ἧς

2157 5068 2365 5134 ἐκεῖνος
2439 5068 2684 5150 κατῆρξε,
2757 5071 2846 5127 καὶ
2929 5071 2994 5137 ἣν
3055 5082 3172 5132 τοῖς
3245 5069 3450 5128 ἐκεῖνον
3508 5069 3764 5127 κατέλιπε
3801 5089 3819 5109 ο

2156 5159 2250 5224 τὰς
2334 5168 2550 5239 πρώτας
2634 5161 2733 5238 μὲν
2835 5159 3108 5224 ὑποθέσεις
3184 5161 3328 5240 παρὰ
3412 5167 3506 5218 τοῦ
3585 5157 3821 5240 μεγάλου

2157 5251 2384 5330 Πατρὸς,
2447 5252 2639 5308 ὡσανεί
2717 5273 2834 5308 τινα
2914 5264 3189 5331 στοιχεῖα,
3275 5250 3618 5331 παρειληφὼς
3687 5252 3821 5330 πρὸς

2155 5342 2244 5396 τὸν
2301 5341 2394 5408 τῆς
2447 5338 2712 5420 ἀκριϐείας
2783 5346 2967 5397 τοῦτον
3026 5339 3248 5420 κανόνα,
3323 5343 3399 5394 ὧν
3451 5341 3573 5403 τοὺς
3628 5340 3822 5404 τύπους

2154 5430 2446 5512 ἐγγράφους
2503 5432 2564 5488 ἐκ
2606 5437 2712 5487 τῶν
2769 5431 3034 5510 Ἀρσενίου
3089 5435 3182 5486 τοῦ
3236 5431 3372 5487 πάνυ
3413 5427 3811 5509 διαταγμάτων,

413 4894 732 4968 rationem,
769 4892 928 4969 dico,
947 4891 1269 4969 virtutis,et
1287 4891 1570 4972 angelicae
1600 4891 2070 4955 conversationis

414 4981 762 5048 exercitium
779 4989 957 5063 atque
977 4981 1308 5044 institutum
1322 5031 1337 5058 ,
1360 4982 1516 5062 quod
1535 4980 1666 5062 ipse
1681 4979 1980 5042 inchoavit
2008 5000 2077 5044 ac

413 5072 672 5154 posteris
715 5070 940 5132 ibidem
984 5072 1112 5134 suis
1161 5069 1426 5151 reliquit.
1475 5071 1551 5133 Et
1602 5068 1797 5151 prima
1825 5069 2072 5151 quidem

416 5161 731 5244 principia,
767 5178 898 5241 quae
921 5178 1026 5241 pro
1047 5159 1272 5241 Regula
1291 5159 1415 5222 suis
1435 5177 1570 5222 esse
1587 5157 2072 5240 volebat,magno

417 5252 591 5314 Patre
623 5269 730 5312 suo
751 5248 932 5312 veluti
954 5249 1256 5313 elementa
1284 5248 1555 5330 quaedam
1585 5253 1886 5311 mutuatus
1915 5247 2068 5322 fuit;

415 5357 738 5422 eorumque
767 5338 1040 5416 formam,
1075 5357 1147 5401 ex
1177 5337 1437 5400 celebris
1465 5336 1628 5399 illius
1657 5337 1874 5400 Arseui
1916 5355 2071 5419 pne-

415 5430 604 5509 ceptis
628 5429 1012 5511 descriptam,
1048 5428 1134 5491 uti
1164 5427 1320 5492 alter
1362 5427 1590 5509 Moyses
1637 5434 1905 5490 exaratas
1963 5428 2073 5491 Dei

426 5619 442 5627 ’
477 5606 529 5657 λθ
551 5607 712 5672 Psal.
745 5622 831 5690 ιν,
863 5608 961 5672 ιο.
