4144 6376
307 357 462 422 1065

1441 363 1630 427 νΙΤΑ
1673 361 1734 424 S.
1781 355 2170 420 DOROTHEI
2207 355 2582 421 JUNIORIS.

3562 346 3720 423 1066

297 491 481 571 ὥσπερ
540 489 700 554 ἄλλος
793 495 994 560 Μωσῆς
1066 495 1456 575 θεοχαράκτους
1513 494 1719 558 πλάκας
1752 489 1952 556 ἐδέξατο

2041 481 2224 575 digito
2248 485 2499 575 tabulas,
2527 485 2782 569 excepit.
2827 485 2968 548 Erat
3009 494 3210 550 autem
3240 488 3529 554 Arsenius
3569 491 3686 553 iste

303 579 392 660 (ἧν
433 579 488 636 δὲ
561 587 712 644 οῦτος
799 577 1064 660 Ἀρσένιος
1132 586 1159 639 ὁ
1231 585 1328 651 τὴν
1400 585 1591 665 ἀρετὴν
1647 580 1962 663 περιϐόητος

298 666 505 730 ἐκεῖνος
557 667 611 724 ἐν
670 682 992 744 μονασταῖς,
1027 670 1084 732 ὃς
1144 672 1232 727 καὶ
1273 677 1374 740 τῆς
1430 677 1636 754 χρυσῆς
1691 668 1962 745 καλουμέ-

296 778 394 822 νης
426 755 652 837 Πέτρας,
699 757 759 814 οῦ
809 755 854 812 δ’
911 757 1086 826 ἐκείνη
1139 757 1194 815 δὲ
1251 760 1452 840 πόῤῥω,
1524 760 1712 842 ὂίριστα
1751 761 1963 817 πάντων

295 843 436 924 ἦρχε
463 845 551 900 καὶ
581 844 948 925 ἀφηγήσατο),
1011 849 1100 903 καὶ
1151 848 1307 913 αῦτὸς
1380 849 1434 906 δὲ
1478 849 1654 907 πολλὰ
1680 846 1960 928 προσεξευ-

297 935 404 1012 ρῶν
477 931 710 1009 οἴκοθεν,
784 935 872 991 καὶ
942 942 1020 1010 τῷ
1089 935 1412 1012 πολυπλόκῳ
1481 940 1649 1014 τούτῳ
1719 937 1960 1018 στεφάνῳ

293 1023 392 1090 τῆς
465 1023 780 1090 ’ἀσκητικῆς
876 1026 1186 1104 εὐπρεπείας
1281 1027 1736 1106 συγκαταπλέξας,
1848 1027 1961 1102 ἅμα

296 1110 394 1186 μὲν
420 1113 492 1174 εἰς
549 1110 776 1174 κάλλους
845 1113 1168 1192 περιουσίαν,
1222 1115 1335 1191 ἅμα
1405 1114 1458 1172 δὲ
1529 1118 1618 1174 καὶ
1673 1117 1804 1196 πρὸς
1836 1115 1958 1190 μεί-

293 1206 445 1270 ζονος
509 1199 768 1280 ὠφελείας
821 1202 1086 1266 ὑπόθεσιν,
1146 1205 1207 1262 Τί
1263 1206 1362 1284 γὰρ
1419 1206 1524 1262 τῶν
1567 1205 1748 1262 καλῶν
1834 1209 1958 1283 παρ’

295 1291 480 1354 αὐτοῖς
530 1289 588 1345 οῦ
633 1288 1050 1372 φιλοσοφεῖται,
1125 1295 1184 1349 οῦ
1213 1295 1590 1375 μαγρυθυμίας
1650 1297 1743 1352 οῦκ
1798 1293 1957 1350 ἐπιεί-

293 1398 412 1434 κεια
448 1398 464 1458 ;
496 1379 619 1458 οὐχὶ
679 1385 787 1436 τῶν
833 1380 1106 1459 παρόντων
1165 1383 1422 1462 ὑπεροψία
1456 1403 1474 1465 ;
1530 1384 1654 1464 οὐχὶ
1681 1389 1788 1440 τῶν
1819 1381 1954 1459 μελ-

295 1465 494 1525 λόντων
527 1467 822 1550 ἐπιθυμίας
870 1471 930 1526 οῦ
986 1470 1267 1552 πραότης,
1339 1477 1398 1532 οὒ
1467 1475 1807 1554 καθαρότης,
1853 1475 1956 1552 οὐχ

293 1559 328 1625 ἡ
375 1558 510 1613 κατὰ
541 1564 747 1634 πνεῦμα
796 1561 1088 1640 πτωχεία,
1139 1562 1243 1642 οὐχ
1299 1560 1396 1618 ὅσα
1440 1563 1546 1620 τῶν
1589 1561 1954 1642 μακαριζομέ-

295 1668 400 1702 νων
452 1645 485 1714 ﬁ
531 1649 619 1702 καὶ
674 1645 850 1712 ἄλλως
894 1649 1331 1732 ἐπαινουμένων,
1379 1641 1442 1708 Ἠ
1512 1653 1739 1720 ἀκτησία
1795 1650 1872 1727 δὲ,
1919 1653 1954 1719 ἡ

295 1733 340 1790 δ’
414 1735 670 1814 εῦτέλεια,
745 1739 804 1794 τὸ
847 1735 892 1793 δ’
965 1739 1214 1818 ἐγκρατὲς
1282 1743 1400 1822 περὶ
1467 1743 1662 1817 πάντα,
1709 1744 1770 1798 τὸ
1823 1742 1954 1819 πρὸς

295 1825 586 1904 ἀγρυπνίαν
620 1825 929 1906 φιλόπονον,
963 1829 1024 1884 τὸ
1093 1831 1209 1909 περὶ
1238 1832 1298 1886 τὸ
1368 1830 1590 1907 ψάλλειν
1645 1832 1949 1910 ἀκόρεστον,

293 1914 329 1980 ἡ
382 1913 436 1968 ἐν
479 1928 811 1995 προσευχαῖς
868 1917 1090 1992 εὐτονία,
1154 1920 1189 1987 ἡ
1258 1919 1364 1976 τῶν
1425 1922 1575 1978 θείων
1635 1919 1857 1996 μελέτη,
1893 1921 1955 1975 τὸ

295 2001 591 2083 φιλόξενον,
640 2007 700 2060 τὸ
728 2004 1100 2086 φιλόπτωχον,
1130 2005 1254 2065 ὅσον
1285 2009 1344 2066 ἐκ
1369 2016 1475 2066 τῶν
1517 2012 1792 2089 παρόντων
1826 2031 1842 2092 ς

378 2263 474 2352 ιβ’,
548 2277 620 2333 Τὸ
678 2273 844 2351 μηδὲν
887 2275 1070 2343 ἁπλῶς
1140 2283 1248 2334 τῶν
1300 2287 1643 2361 σωματικῶν,
1716 2281 1853 2356 μόνα
1899 2277 1953 2336 δὲ

292 2364 362 2419 τὰ
422 2371 514 2421 τοῦ
567 2365 864 2440 πνεύματος
920 2373 1103 2438 ζητεῖν
1174 2390 1232 2424 τε
1301 2371 1388 2426 καὶ
1469 2369 1948 2449 πραγματεύεσθαι,

296 2451 380 2508 ὅτι
413 2455 488 2520 μὴ
547 2459 692 2509 πᾶσα
747 2454 982 2535 ἀνάγκη,
1053 2457 1142 2512 καὶ
1196 2459 1272 2513 ὧν
1314 2460 1480 2539 χωρὶς
1539 2457 1808 2538 δηλονότι,
1864 2460 1954 2515 τὸν

292 2543 425 2621 πρὸς
455 2544 516 2597 τὸ
564 2549 720 2618 σῶμα
762 2541 954 2620 δεσμὸν
998 2551 1065 2621 τῇ
1115 2551 1268 2626 ψυχῇ
1339 2546 1600 2623 διαμένειν
1630 2546 1767 2611 ὅλως
1804 2548 1955 2623 ἀμή-

294 2653 490 2712 χανον,
524 2633 612 2688 καὶ
657 2643 809 2692 τοῦτο
864 2631 918 2689 δὲ
975 2640 1081 2691 τῶν
1126 2635 1304 2693 ἄλλων
1358 2642 1461 2718 οὐχ
1517 2640 1679 2706 ἧττον
1710 2659 1949 2714 πνευμα-

292 2721 442 2777 τικόν
471 2743 527 2777 τε
599 2723 686 2778 καὶ
727 2722 1103 2800 ἀποστολικὸν,
1180 2736 1258 2801 μὴ
1305 2728 1578 2807 φορτικούς
1608 2749 1745 2784 τισιν
1788 2731 1951 2807 εἶναι,

292 2811 362 2866 τά
418 2811 548 2890 πρὸς
624 2813 810 2890 χρείαν
898 2813 1194 2895 αἰτοῦντας,
1267 2814 1392 2892 μηδ’
1453 2816 1690 2894 ἐγκοπὴν
1759 2814 1954 2872 διδόναι

291 2900 412 2956 τινα
440 2906 508 2977 τῇ
567 2908 660 2956 τοῦ
730 2901 930 2980 ἀγαθοῦ
986 2907 1306 2982 κατορθώσει
1350 2905 1410 2962 ἐκ
1456 2915 1550 2964 τοῦ
1620 2906 1738 2984 περὶ
1787 2913 1955 2962 ταῦτα

292 2996 625 3068 καταναρκᾷν
669 2988 807 3048 ἔστιν
863 2994 937 3046 ῶν

291 3079 502 3160 χερσὶν,
580 3077 668 3134 ὅτε
723 3077 828 3155 δεῖ,
889 3082 976 3138 καὶ
1072 3083 1290 3159 βοηθεῖν
1388 3085 1631 3164 ἑαυτοῖς,
1666 3083 1734 3140 δι’
1823 3085 1951 3140 ἑαυ-

292 3167 388 3224 τοῦ
443 3169 514 3233 εἰς
572 3169 638 3224 τὰ
721 3169 992 3248 ἀναγκαῖα
1061 3187 1075 3201 ⁸
1147 3178 1246 3240 τῆς
1303 3171 1487 3240 ἔξωθεν
1549 3172 1604 3229 δὲ
1663 3179 1950 3254 περιφορᾶς

293 3259 514 3333 ταύτης,
589 3257 654 3326 ἣν
716 3257 906 3316 πολλοὶ
960 3262 1067 3317 τῶν
1121 3262 1498 3344 ἁπλουστέρων
1556 3261 1950 3331 ἐπιτηδεύουσιν

295 3349 370 3410 εἰς
442 3347 721 3427 ἐρανισμὸν
790 3355 894 3406 τῶν
966 3353 1100 3408 κατὰ
1142 3353 1326 3432 χρείαν
1384 3366 1500 3417 τοῖς
1580 3352 1948 3428 ἀσκουμένοις,

293 3437 441 3516 παρά
483 3444 588 3494 τῶν
646 3438 875 3515 ἑτοίμων
933 3439 1288 3516 μεταδιδόναι,
1388 3441 1648 3521 φείδεσθαι
1719 3465 1777 3498 τε
1833 3441 1950 3498 κατ’

295 3525 422 3583 ὅλου
503 3528 701 3584 καὶτὸ
743 3528 954 3602 σύμπαν
1051 3529 1366 3612 ἀπέχεσθαι,
1459 3529 1534 3588 ἵν’
1617 3531 1955 3611 ἀπροσκόπον

297 3615 481 3680 αὐτοῖς
533 3617 867 3696 πανταχόθεν
925 3624 1031 3683 τῶς
1067 3617 1398 3688 δικαιοσύνης
1459 3621 1606 3696 μένοι
1661 3623 1720 3676 τὸ
1778 3619 1953 3700 ἔργον,

293 3706 384 3760 καὶ
414 3703 641 3779 μηδενὸς
705 3712 810 3762 τῶν
865 3707 1075 3765 πάντων
1120 3707 1410 3778 συνείδησις
1463 3709 1547 3767 ἐπὶ
1603 3733 1704 3767 τινι
1773 3709 1952 3780 πλήτ-

294 3816 443 3851 τοιτο
468 3801 572 3851 τῶν
627 3792 715 3851 ὑπ’
759 3799 932 3853 αὐτῶν
1001 3800 1377 3876 πραττομένων
1427 3817 1440 3832 ⁸
1477 3798 1680 3876 μᾶλλον
1736 3800 1832 3875 μὲν
1865 3799 1953 3856 οῦν

294 3882 347 3938 εἶ
380 3905 459 3947 τις
525 3883 761 3960 δύναμις,
797 3883 982 3949 αὖτοὺς
1054 3894 1158 3944 τῶν
1218 3887 1358 3945 ἰδίων
1429 3890 1604 3946 πόνων
1676 3901 1952 3950 κοινωνεῖν

293 3972 494 4051 ἑτέροις
537 3973 818 4052 προθύμως
853 3990 868 4003 ⁵
908 3973 1001 4031 ’ίνα
1029 3977 1305 4035 κάντεῦθεν
1376 3984 1412 4046 ἦ
1447 3986 1632 4054 μεῖζον
1689 3979 1750 4034 τὸ
1778 3981 1952 4052 θαῦμα

291 4067 395 4130 τῆς
449 4063 640 4138 ἆρετῆς
671 4063 826 4142 [μετὰ
879 4069 976 4131 τῆς
1033 4067 1319 4148 φιλοσόφου
1386 4069 1570 4132 πενίας
1619 4066 1950 4135 πλουτοόσης

293 4153 383 4208 καὶ
428 4153 524 4222 τήν
579 4151 857 4226 μετάδοσιν
891 4170 908 4188 ·
955 4153 1068 4210 ἐπεὶ
1119 4157 1205 4212 καὶ
1263 4155 1468 4221 Παῦλος
1524 4158 1618 4220 τὰς
1669 4171 1863 4237 χεῖρας
1894 4158 1954 4214 οὒ

293 4253 416 4304 ταῖς
449 4241 634 4297 ἑαυτοῦ
687 4242 892 4321 χρείαις
942 4243 1124 4320 μόνον,
1176 4241 1313 4302 ἀλλὰ
1368 4247 1456 4303 καὶ
1521 4259 1640 4309 τοῖς
1699 4245 1810 4302 οὖσι
1833 4242 1950 4321 μετ’

293 4331 448 4387 αὐτοῦ
516 4327 778 4394 διακόνοις
869 4333 1240 4411 ἁνακηρύττει.
1329 4338 1465 4414 Πρὸς
1534 4335 1563 4391 ὃ
1617 4333 1952 4414 παράδειγμα

2045 573 2412 636 clarissimus
2423 575 3394 660 virtuteintermonachos,quique
3409 580 3696 656 Auream,

2045 665 2467 752 utappellant,
2500 664 2767 746 Petram,
2793 683 2913 726 non
2944 666 3150 746 procul
3197 667 3340 730 inde
3379 678 3699 752 remotam,

2044 751 2272 832 primus
2303 753 2576 816 omnium
2599 752 2903 816 inchoavit
2924 754 3218 836 rexitque.
3259 755 3393 838 Ipse
3412 776 3552 820 vero
3575 757 3700 821 Do-

2041 843 2288 903 rotheus
2309 843 2497 904 multa
2519 841 2638 902 illis
2665 860 2774 922 per
2798 861 2864 906 se
2887 842 3128 905 inventa
3147 844 3464 924 adjiciens,
3489 846 3699 909 eadem

2042 947 2165 990 suae
2213 929 2580 991 multimodis
2631 931 2817 1011 plexae
2873 931 3119 994 ascetici
3177 933 3411 997 decoris
3466 952 3704 997 coronae

2039 1017 2314 1101 intexuit,
2355 1028 2479 1080 tum
2513 1019 2585 1081 ad
2632 1020 2966 1100 augendam
3001 1023 3186 1101 magis
3239 1023 3700 1104 pulcritudinem

2042 1107 2198 1188 ejus,
2231 1117 2354 1169 tum
2393 1109 2466 1170 ad
2503 1111 2848 1190 ponendum
2885 1111 3129 1190 majoris
3165 1112 3437 1176 utilitatis
3483 1114 3700 1177 funda-

2041 1207 2332 1262 mentum.
2359 1196 2526 1271 Quod
2573 1200 2733 1261 enim
2760 1200 3042 1261 virtutum
3075 1219 3266 1279 genus
3296 1201 3370 1264 ab
3402 1203 3551 1284 ipsis
3579 1221 3702 1265 non

2038 1287 2471 1350 exercebatur?
2504 1287 2596 1350 An
2634 1288 3106 1366 longaminitas?
3145 1308 3220 1352 an
3262 1290 3597 1356 modestia?
3625 1311 3703 1355 an

2038 1375 2433 1457 despicientia
2453 1395 2658 1440 rerum
2690 1377 3098 1459 praesentium,
3144 1387 3246 1441 aut
3270 1398 3437 1442 amor
3467 1382 3700 1444 futura-

2037 1473 2216 1529 rum?
2261 1485 2336 1528 an
2390 1467 2831 1528 mansuetudo?
2876 1485 2953 1528 an
2996 1469 3271 1548 puritas?
3324 1487 3400 1531 an
3454 1469 3702 1551 spiritus

2039 1554 2397 1635 paupertas?
2414 1573 2488 1616 an
2501 1555 2727 1636 aliquid
2747 1555 2989 1617 demum
3015 1557 3283 1618 omnium
3305 1575 3438 1639 quae
3458 1557 3699 1623 beatum

2037 1644 2294 1706 reddere
2340 1653 2594 1722 possunt
2640 1644 2947 1707 hominem
2991 1653 3096 1708 aut
3151 1646 3328 1708 aliter
3377 1647 3702 1710 laudabilia

1979 1721 2230 1794 Bsunt?
2273 1721 2458 1795 Porro
2509 1741 2860 1815 paupertas,
2911 1733 3247 1815 frugalitas,
3300 1737 3362 1796 in
3414 1736 3701 1800 omnibus

2037 1822 2456 1901 temperantia,
2500 1821 2789 1901 vigilandi
2837 1823 3123 1904 studium,
3177 1823 3475 1904 psallendi
3520 1825 3702 1888 ardor

2037 1909 2418 1986 insatiabilis,
2439 1911 2652 1973 orandi
2669 1910 2949 1987 intentio,
2978 1929 3180 1972 rerum
3207 1912 3557 1974 divinarum
3581 1933 3706 1977 Ine-

2035 1999 2411 2080 ditatio,erga
2430 1999 2783 2082 peregrinos
2795 2001 2964 2081 juxta
2987 2017 3054 2062 ac
3079 2000 3400 2063 mendicos
3420 2001 3701 2082 charitas,

2035 2097 2214 2169 quota
2243 2107 2378 2170 pars
2409 2100 2551 2152 sunt
2579 2090 2822 2152 illorum
2855 2107 2985 2172 qua:
3015 2089 3076 2151 in
3099 2098 3381 2172 promptu
3413 2100 3503 2154 est
3530 2111 3702 2155 enar-

2038 2196 2173 2240 rare
2197 2182 2224 2238 ?

2118 2269 2214 2331 12.
2244 2266 2607 2348 Illorumzest
2637 2266 2787 2329 nihil
2819 2267 3064 2329 omnino
3086 2286 3288 2330 rerum
3314 2287 3446 2350 qua:
3469 2269 3546 2332 ad
3568 2289 3701 2333 cor-

2036 2376 2170 2438 pus,
2195 2356 2386 2418 solum
2407 2375 2548 2418 vero
2570 2374 2702 2437 quae
2721 2355 2794 2418 ad
2812 2357 3077 2419 animum
3104 2365 3394 2438 spectant,
3421 2377 3695 2439 quaerere

2039 2455 2097 2508 et
2134 2445 2372 2523 sectari,
2413 2445 2534 2507 nisi
2583 2463 2819 2506 summa
2861 2447 3191 2508 necessitas
3219 2456 3428 2526 urgeat
3453 2467 3524 2510 ac
3555 2449 3695 2512 talia

2038 2554 2108 2598 ea
2164 2536 2307 2610 sint,
2361 2535 2492 2597 sine
2551 2535 2769 2618 quibus
2821 2535 3102 2598 sustineri
3143 2536 3260 2598 vita
3300 2537 3463 2600 nullo
3513 2537 3692 2601 modo

2038 2633 2248 2706 potest.
2282 2625 2525 2686 Illorum
2565 2632 2656 2686 est
2679 2623 2823 2686 illud
2857 2643 3117 2706 quoque,
3142 2645 3262 2687 non
3286 2625 3484 2688 minus
3513 2646 3689 2708 quam

2035 2716 2151 2778 alia
2165 2714 2475 2796 spirituale
2493 2719 2552 2776 et
2565 2713 2977 2795 apostolicum,
2991 2715 3148 2794 quod
3163 2733 3296 2776 cum
3315 2717 3695 2780 necessitatis

2037 2823 2214 2867 causa
2249 2813 2454 2885 petunt
2499 2804 2828 2884 quidpiam,
2876 2804 3101 2866 nemini
3129 2805 3369 2867 onerosi
3399 2806 3542 2882 sint,
3578 2826 3691 2869 nec

2037 2905 2236 2958 tamen
2258 2894 2628 2956 obstaculum
2663 2894 2948 2974 praeclaro
2988 2895 3220 2956 virtutis
3263 2897 3546 2958 exercitio
3579 2916 3694 2978 po-

998 3011 1014 3030 ·
1071 2992 1207 3051 ἀλλά
1249 3008 1370 3058 ταῖς
1426 2992 1576 3059 ἰδίαις
1649 2983 1952 3074 ἐργάζεσθαι

2038 2992 2180 3047 nant
2202 3003 2307 3066 per
2326 2983 2665 3046 istiusmodi
2690 3001 2893 3045 rerum
2907 2983 3309 3065 corporalium
3328 2985 3690 3068 neglectum;

2034 3075 2140 3137 sed
2164 3073 2417 3156 propriis
2442 3079 2766 3154 operantur
2800 3073 3104 3149 manibus,
3139 3073 3374 3154 quando
3401 3093 3555 3156 opus
3575 3085 3688 3154 est,

2037 3173 2095 3227 et
2116 3165 2323 3244 juvant
2365 3181 2430 3225 se
2482 3181 2590 3244 per
2639 3162 2868 3244 seipsos
2917 3163 2979 3224 in
3031 3163 3156 3226 suis
3186 3164 3688 3244 necessitatibus;

2035 3253 2194 3314 illam
2210 3261 2408 3315 autem
2421 3252 2780 3314 exteriorum
2797 3251 3173 3330 negotiorum
3193 3271 3420 3326 curam,
3439 3253 3501 3315 in
3514 3273 3691 3336 quam

2035 3343 2470 3424 simpliciorum
2521 3340 2690 3402 multl
2745 3349 2862 3401 tam
2921 3341 3174 3403 sollicite
3221 3341 3577 3405 incumbunt
3613 3344 3688 3405 ad

2036 3432 2400 3511 corroganda
2448 3429 2915 3492 exercitantibus
2960 3431 3323 3511 necessaria,
3363 3432 3690 3495 transferre

2035 3522 2108 3583 ad
2140 3522 2314 3583 facile
2347 3520 2962 3601 parabilia.satagunt;
2998 3528 3098 3582 aut
3124 3520 3322 3600 potius
3343 3539 3412 3582 ea
3437 3522 3684 3585 omnino

2036 3611 2358 3691 abstinent,
2393 3619 2456 3670 ut
2482 3608 2700 3689 ubique
2725 3609 2974 3689 justitiae
3017 3627 3202 3690 opera
3243 3627 3524 3673 exercere
3554 3612 3687 3675 sine

2039 3701 2370 3764 offensione
2384 3700 2728 3761 etscandalo
2743 3699 2999 3780 possint,
3019 3699 3357 3781 nulliusque
3377 3701 3688 3764 conscien-

2035 3791 2115 3852 tia
2135 3791 2195 3851 in
2217 3791 2416 3870 aliquo
2443 3807 2692 3870 operum
2718 3807 2963 3850 suorum
2985 3797 3233 3868 angatur
3267 3806 3281 3850 :
3321 3790 3481 3869 quod
3512 3788 3563 3852 si
3591 3790 3684 3853 fa-

2034 3880 2225 3942 cultas
2254 3887 2556 3960 suppetat,
2605 3877 2719 3959 ipsi
2769 3878 3035 3940 laborum
3087 3897 3333 3940 suorum
3365 3879 3688 3962 participes

2033 3970 2181 4031 alios
2207 3969 2429 4031 faciunt
2454 3969 2749 4048 alacriter,
2781 3976 2844 4028 ut
2871 3967 2963 4029 vel
2995 3967 3136 4030 hinc
3167 3968 3582 4031 admirabilior
3611 3970 3690 4033 sit

2031 4059 2120 4120 vis
2148 4058 2400 4131 virtutis,
2434 4076 2566 4139 quae
2617 4064 2676 4118 et
2716 4057 3189 4138 philosophicam
3245 4065 3508 4120 sectatur
3535 4078 3685 4141 pau-

2035 4157 2346 4230 pertatem,
2385 4157 2446 4210 et
2491 4146 2775 4228 opulenta
2827 4165 3006 4208 manu
3053 4146 3117 4208 in
3146 4146 3295 4208 alios
3330 4147 3683 4227 distribuit;

2035 4257 2170 4300 cum
2201 4237 2379 4300 etiam
2413 4238 2627 4298 Paulus
2652 4234 3003 4317 praedicem,
3031 4251 3241 4297 manus
3264 4253 3403 4299 suas
3419 4255 3540 4298 non
3562 4237 3687 4323 suis

2035 4326 2234 4407 modo,
2259 4327 2364 4388 sed
2383 4325 2682 4387 sociorum
2715 4342 2951 4405 quoque
2982 4343 3224 4386 suorum
3247 4325 3456 4388 usibus
3476 4345 3688 4389 neces-

289 4417 504 4496 βλέπων
560 4421 588 4475 ὀ
641 4419 995 4485 ἀποστολικὸς
1071 4423 1276 4488 ἐκεῖνος
1359 4413 1516 4506 ἀνὴρ,
1590 4425 1650 4483 οῦ
1698 4413 1842 4482 πολὺ
1896 4423 1950 4480 δὲ

2037 4416 2191 4480 saria
2207 4415 2715 4478 subministrasse.
2730 4413 2899 4486 Quod
2919 4414 3257 4494 exemplum
3281 4414 3396 4475 sibi
3418 4420 3686 4496 proposi-

292 4507 426 4574 ἴσως
458 4511 630 4566 εἰπεῖν
660 4508 740 4565 ὅτι
796 4511 884 4566 καὶ
937 4505 1260 4594 ἀπόστολος,
1322 4505 1508 4570 ἑαυτόν
1551 4536 1609 4570 τε
1639 4515 1768 4594 πρὸς
1797 4520 1951 4571 τοῦτο

291 4597 549 4655 κάλλιστα
617 4597 795 4676 4ἤσκει,
852 4601 941 4656 καὶ
1008 4602 1128 4664 τοὺς
1185 4603 1371 4659 ἑαυτοῦ
1428 4601 1776 4669 ἐξεπαίδευσε.
1853 4604 1952 4662 Καὶ

291 4697 379 4746 νῦν
423 4686 564 4744 ἔστιν
619 4685 748 4745 ἰδεῖν
803 4690 936 4764 μετά
992 4697 1100 4747 τῶν
1162 4689 1336 4748 ἄλλων
1405 4692 1584 4750 καλῶν
1655 4695 1742 4749 καὶ
1795 4703 1951 4753 τοῦτο

288 4775 413 4857 παρ’
470 4780 654 4841 αὐτοῖς
711 4775 1157 4856 σπουδαζόμενον,
1216 4781 1312 4848 τὴν
1381 4785 1485 4839 τῶν
1530 4788 1726 4863 χειρῶν
1796 4781 1952 4862 ἐργα-

288 4867 426 4944 σίαν,
484 4866 609 4926 ὅσον
666 4868 827 4944 μόνον
880 4869 1080 4937 ταύτην
1134 4871 1233 4946 μὲν
1303 4872 1446 4929 εἶναι
1519 4874 1779 4952 πάρεργον
1812 4892 1827 4907 ο
1886 4874 1948 4929 τὸ

287 4954 332 5012 δ’
393 4956 586 5025 ἀληθὲς
698 4957 849 5038 ἔργον
935 4957 1111 5038 ἕτερον
1191 4961 1290 5028 τὴν
1389 4961 1473 5018 διὰ
1569 4963 1746 5029 πάσης
1806 4959 1945 5026 ἰδέας

287 5045 612 5127 λειτουργίαν
660 5058 754 5106 τοῦ
794 5049 931 5104 Θείου
959 5051 1044 5103 καὶ
1099 5050 1400 5131 θεραπείαν,
1461 5050 1556 5108 οὒκ
1626 5049 1732 5108 οἷδ’
1764 5051 1816 5106 εἴ
1847 5073 1946 5107 που

287 5135 468 5195 ἄλλοθι
526 5136 754 5214 μᾶλλον,
811 5137 849 5206 ἢ
907 5137 1124 5195 ἐνταῦθα
1201 5141 1621 5221 κατορθουμένην
1686 5158 1699 5172 ·
1760 5143 1832 5204 ὡς
1883 5141 1942 5196 ἃν

286 5227 472 5291 αῦτοϊς
543 5226 720 5307 ἂρτιον
776 5229 864 5284 καὶ
927 5229 1260 5308 πανταχόθεν
1340 5229 1541 5311 πλῆρες
1597 5231 1686 5287 καὶ
1741 5228 1942 5286 τελειον

284 5318 347 5372 τὸ
378 5316 572 5395 ἀγᾶθὸν
601 5318 658 5394 ἦ,
711 5317 772 5374 ἐκ
839 5339 897 5374 τε
968 5322 1073 5372 τῶν
1144 5321 1466 5395 σωματικῶν
1517 5324 1735 5396 ἱκανῶς,
1799 5318 1860 5375 ἔκ
1887 5341 1944 5375 τε

283 5411 393 5462 τῶν
485 5411 855 5483 πνευματικῶν
947 5404 1208 5482 δαψιλῶς,
1296 5411 1368 5474 εἰς
1465 5411 1556 5467 τὸν
1611 5409 1946 5488 ἀπαρτισμὸν

285 5496 782 5578 συμπληρούμενον.

366 5720 397 5769 δ
425 5720 560 5785 Act.
590 5738 694 5798 xx,
718 5723 817 5785 24.

610 5843 874 5908 PATBOL.
911 5846 1024 5909 Gn.
1071 5845 1254 5916 CXX.

2034 4515 2159 4567 tum
2192 4505 2417 4566 habens
2448 4504 2536 4564 vir
2555 4505 2667 4564 iste
2698 4503 3078 4584 apostolicus,
3103 4505 3224 4564 imo
3259 4511 3318 4564 et
3347 4506 3682 4584 apostolum

2033 4596 2261 4672 dixero,
2295 4596 2356 4656 in
2385 4594 2502 4654 illis
2531 4610 2596 4654 se
2626 4593 2907 4672 praeclare
2937 4593 3280 4666 exercebat,
3313 4602 3372 4654 et
3409 4595 3679 4655 instrue-

2032 4685 2324 4766 batj'suos.
2365 4683 2495 4746 Jam
2525 4700 2663 4742 vero
2695 4681 3194 4743 considerandum
3223 4680 3396 4744 nobis
3425 4692 3514 4745 est
3545 4703 3681 4746 cum

2032 4775 2398 4854 aliisjeorum
2424 4770 2608 4851 gestis
2635 4770 2779 4831 illud
2813 4789 3048 4852 quoque
3078 4771 3140 4831 in
3164 4771 3323 4851 quod
3354 4772 3563 4834 sedulo
3581 4774 3682 4836 in-

2035 4865 2340 4936 cumbant,
2391 4860 2666 4924 videlicet
2710 4861 2976 4941 operatio
3032 4861 3344 4936 manualis,
3388 4871 3681 4942 quatenus

2029 4955 2222 5017 solum
2271 4959 2429 5015 esset
2474 4948 2781 5030 occupatio
2813 4949 3199 5027 secundaria;
3231 4969 3368 5011 cum
3403 4952 3688 5032 primaria

2029 5044 2091 5106 in
2119 5063 2188 5106 eo
2212 5048 2570 5114 versaretur,
2626 5038 2785 5120 quod
2833 5038 3029 5100 omnis
3071 5038 3313 5118 generis
3363 5042 3590 5104 cultum
3625 5052 3686 5104 et

2028 5133 2322 5197 sacrificia
2351 5131 2601 5193 offerant
2627 5128 2772 5209 Deo,
2820 5146 2932 5190 nec
2980 5129 3132 5211 scio,
3161 5146 3236 5190 an
3270 5129 3418 5191 nulli
3450 5131 3678 5211 uspiam

2029 5223 2244 5304 majori
2289 5239 2424 5283 cum
2476 5219 2858 5281 accuratione
2899 5237 3076 5299 quam
3114 5219 3204 5281 illi
3253 5219 3350 5282 hic
3386 5237 3400 5282 :
3433 5221 3582 5282 adeo
3613 5228 3680 5283 ut

2024 5313 2322 5391 integrum
2347 5317 2404 5372 et
2430 5308 2593 5370 omni
2628 5326 2696 5369 ex
2728 5316 2894 5388 parte
2915 5309 3278 5389 completum
3296 5316 3471 5389 atque
3487 5310 3681 5389 perfe-

2024 5411 2180 5464 ctum
2216 5399 2560 5481 possideant
2605 5397 2850 5474 bonum,
2901 5397 3097 5478 quoad
3143 5415 3360 5478 corpus
3404 5397 3674 5478 quidem,

2023 5492 2431 5564 sufﬁcienter;
2463 5487 2658 5570 quoad
2709 5487 2968 5549 animam
2997 5504 3164 5564 vero,
3206 5485 3588 5550 abundanter
3614 5497 3676 5552 et

2023 5602 2158 5646 cum
2192 5579 2636 5642 absolutissima
2667 5575 3058 5660 perfectione.

3277 5833 3354 5902 34
