4144 6374
351 356 504 424 1069
1467 361 1656 427 VITA
1697 360 1759 422 S.
1807 356 2201 422 DOROTHEI
2242 356 2616 425 JUNIORIS.
3597 363 3753 427 1070

347 495 436 550 καὶ
509 494 620 551 ἰδοὺ
680 497 746 552 τὰ
801 502 1012 577 σῶστρα
1070 499 1158 556 καὶ
1220 497 1543 580 χαριστήριά
1597 518 1681 554 σοι
1745 501 1822 570 τῷ
1904 494 2001 551 σώ-

2103 493 2538 576 inexplicabili,
2572 497 2632 560 in
2664 497 2890 561 siccum
2916 499 3143 579 ejectus
3165 499 3273 577 fui;
3291 508 3350 562 et
3363 500 3490 563 haec
3507 509 3752 563 servatae

347 604 522 658 σαντι,
574 585 767 664 Πάτερ,
803 584 1090 644 ἀποδώσων
1161 588 1385 663 πάαειμι
1457 593 1564 646 νῦν.
1624 583 2001 664 Παρεσημάνθτ

2101 583 2305 647 salutis
2330 588 2570 666 prazmia
2594 594 2769 668 atque
2789 588 3168 667 gratitudinis
3193 589 3348 653 dona
3370 609 3528 652 nunc
3542 591 3750 652 adsum

346 669 410 739 δὴ
443 682 536 733 τοῦ
582 676 977 751 συμπτώματος
1023 679 1050 733 6
1107 678 1289 757 καιρὸς
1361 679 1493 757 πρὸς
1565 676 1658 731 τὸν
1716 676 1814 742 τῆς
1843 675 2001 754 προρ-

2095 673 2442 736 redditurus
2472 675 2604 756 tibi,
2640 677 2925 738 servatori
2974 697 3129 752 meo,
3187 681 3384 745 Pater.
3437 684 3576 743 Post
3623 680 3749 741 haec

343 761 574 839 ρήσεως,
611 766 698 822 καὶ
750 769 778 823 6
827 767 984 830 αὒτὸς
1041 769 1261 847 εὕρεθεὶς
1306 771 1384 842 τῷ
1439 767 1722 824 πεπονθότι
1775 765 2001 828 καὶτοῖς

2094 761 2472 825 observatum
2499 773 2589 826 est
2611 773 2867 846 tempus,
2895 786 3012 847 quo
3036 787 3206 830 casus
3229 769 3339 832 iste
3365 777 3423 832 et
3445 767 3750 850 praedictio

341 855 700 930 προακούσασι
745 861 845 924 την
865 855 996 924 ἴσην
1026 856 1282 924 ἔκπληξιν
1331 857 1575 918 ἐνεποίει,
1639 861 1879 913 Τοιοῦτοι
1911 854 2008 928 μὲν

347 939 402 996 ἔν
427 948 533 1000 τῶν
563 951 655 1000 τοῦ
687 945 922 1024 μεγάλου
947 947 1251 1022 θαυμάτων,
1300 945 1415 1025 εἴγε
1441 947 1528 1002 καὶ
1557 944 1610 1001 ἓν
1644 961 1662 979 ⁸
1697 941 1885 1010 ἐπεεδὴ
1922 944 2011 998 καὶ

350 1032 654 1110 πρόγνωσιν
684 1033 823 1114 ἔχει,
856 1037 944 1092 καὶ
972 1035 1372 1116 προαγόρευσιν,
1407 1038 1494 1092 καὶ
1522 1035 1620 1101 τὴν
1665 1034 1793 1111 πρὸς
1850 1030 2008 1087 ἀνέλ-

347 1142 538 1178 πιστον
581 1125 846 1203 σωτηρίαν
901 1125 1190 1204 ἀνθρώπων
1259 1125 1388 1205 ὑπὲρ
1443 1123 1714 1202 ἄνθρωπον
1762 1120 2006 1200 λόναμιν,

344 1208 522 1289 ἕτερον
543 1209 621 1288 δὲ,
658 1211 859 1288 μᾶλλον
904 1213 958 1269 δὲ
1003 1213 1152 1294 ἕτερα
1185 1234 1196 1247 ·
1235 1212 1320 1270 δεῖ
1388 1213 1487 1293 γὰρ
1543 1210 1646 1279 ἤδη
1707 1208 2007 1284 συντέμνειν

348 1301 435 1355 καὶ
463 1301 537 1363 ὡς
570 1301 623 1357 ἕν
653 1300 956 1381 διηγεῖσθαι
1025 1305 1091 1360 τὰ
1145 1302 1317 1360 πολλὰ
1376 1325 1433 1359 τε
1497 1303 1586 1358 καὶ
1627 1297 2000 1379 παραπλήσια,

344 1387 442 1444 κᾶν
473 1389 527 1444 ἐν
556 1387 822 1472 διαφόροις
853 1390 1074 1450 ἕκαστον
1103 1393 1272 1449 αὐτῶν
1301 1391 1518 1471 γέγονεν
1545 1402 1778 1468 καιροῖς.

2091 851 2244 913 facta
2274 860 2444 928 sunt;
2478 854 2758 935 idemque
2813 857 3057 918 omnino
3108 857 3316 933 fuisse,
3377 865 3750 937 compertum

2093 948 2182 1029 est
2226 959 2238 1002 :
2293 942 2451 1022 quod
2502 943 2780 1004 omnibus
2841 945 3062 1024 pariter
3109 955 3166 1007 et
3223 948 3324 1027 qui
3378 946 3752 1029 periclitatus

2090 1028 2299 1104 fuerat,
2329 1039 2387 1091 et
2408 1031 2508 1111 qui
2551 1032 2884 1112 periculum
2929 1028 3750 1115 przenoverant,7admiratio-

2091 1137 2230 1180 nem
2255 1120 2461 1184 movit.
2483 1120 2552 1182 Et
2575 1122 2689 1183 tale
2713 1123 2954 1202 quidem
2980 1140 3163 1186 unum
3189 1123 3297 1186 fuit
3327 1125 3752 1187 miraculorum

2095 1209 2248 1287 ejus,
2283 1209 2333 1270 si
2358 1218 2552 1271 tamen
2576 1230 2759 1271 unum
2792 1233 2805 1274 :
2840 1213 3064 1293 quippe
3093 1213 3254 1295 quod
3307 1222 3366 1276 et
3417 1213 3749 1295 praenotio-

2089 1316 2252 1374 nem,
2297 1307 2355 1359 et
2405 1300 2798 1381 prophetiam,
2856 1311 2914 1364 et
2983 1302 3263 1365 virtutem
3323 1302 3752 1384 complectitur

2086 1386 2346 1447 humana
2378 1388 2688 1467 majorem,
2722 1391 2794 1450 ad
2849 1392 3219 1452 reddendam
3266 1393 3618 1454 hominibus
3647 1392 3748 1452 in-

346 1486 642 1556 speratam
675 1481 948 1542 salutem.
983 1479 1162 1542 Aliud
1193 1499 1394 1562 porro,
1425 1486 1524 1540 aut
1555 1477 1753 1559 potius
1803 1475 1920 1538 alia
1947 1481 2107 1551 sunt,
2154 1493 2285 1555 quae
2338 1494 2494 1537 nunc
2537 1479 2889 1541 contrahere
2936 1489 3188 1560 oportet,
3246 1501 3354 1562 per
3382 1482 3750 1560 modumque

343 1566 520 1652 unius
550 1568 722 1649 plura
745 1577 802 1631 et
832 1569 1185 1652 multiplicia
1218 1587 1518 1642 enarrare,
1554 1565 1946 1638 tametsifalio
1979 1573 2164 1645 atque.
2182 1565 2300 1626 alio
2336 1573 2604 1646 tempore
2630 1568 2788 1648 quod
2822 1568 2966 1630 libet
3008 1588 3212 1632 eorum
3245 1571 3580 1650 contigerit.

422 1649 509 1719 ιε’.
544 1658 785 1742 Ἀδελφοὶ
839 1668 939 1727 τῆς
995 1649 1134 1741 ἱερᾶς
1205 1661 1402 1739 ἀγέλης
1498 1659 1704 1725 ἐκείνης
1765 1658 2062 1736 ἀποφοι-Β

339 1751 537 1813 τῶντες
568 1748 732 1806 ἐνίοτε
790 1749 908 1808 κατ’
964 1750 1260 1822 ἱδιάζουσάν
1329 1771 1444 1806 τινα
1500 1747 1709 1828 χρείαν,
1769 1744 2000 1825 ὀκνηρό-

341 1861 488 1918 τερον
519 1840 680 1920 εῖχον
710 1841 840 1919 πρὸς
869 1841 967 1908 τὴν
1000 1838 1252 1896 ἐπάνοδον
1289 1855 1301 1870 ⁸
1378 1838 1490 1894 ἐπεὶ
1547 1837 1635 1892 καὶ
1659 1839 1686 1892 6
1745 1836 1841 1911 μὲν
1871 1855 2000 1891 ποι-

341 1929 448 2006 μὴν
477 1929 736 1994 πολλάκις
791 1930 1130 2005 ἀνεκαλεῖτο,
1179 1931 1266 1986 καὶ
1320 1925 1696 2004 διαμέλλοντας
1754 1924 1998 2002 ἤπειγεν,

342 2023 435 2078 οὐκ
493 2021 748 2099 εὐπρεπὲς
829 2022 891 2076 τὸ
974 2026 1196 2098 πρᾶγμα
1283 2016 1485 2097 καλῶν,
1569 2013 1685 2071 οὐδὲ
1739 2014 2000 2094 συμφέρον

342 2123 459 2174 τοῖς
491 2108 658 2173 οὕτως
685 2111 815 2190 ὑπὲρ
867 2113 930 2166 τὸ
987 2107 1102 2166 δέον
1157 2113 1585 2165 λειποτακτοῦσιν
1620 2123 1633 2136 ·
1682 2107 1730 2160 οἱ
1784 2101 1837 2158 δὲ
1866 2124 2001 2182 προ-

341 2199 528 2278 φάσεις
590 2197 780 2255 ἄλλοτε
851 2198 1014 2263 ἄλλας
1087 2197 1140 2255 ἐν
1200 2197 1476 2276 ἀπαρτίαις
1532 2193 1996 2274 προφασιζόμενοι,

339 2289 439 2357 τὴν
500 2287 834 2370 ὑποστροφὴν
930 2285 1282 2344 ἀνεϐάλλοντο
1342 2305 1355 2320 ·
1445 2289 1540 2343 οὐκ
1587 2283 1642 2340 ἐν
1692 2281 2000 2361 παροιμίαις

341 2377 417 2434 ἔτι
447 2379 475 2434 6
506 2376 674 2447 ὅσιος,
704 2376 841 2434 ἆλλὰ
893 2374 1173 2455 διαρρήδην
1232 2379 1414 2437 αὐτοῖς
1459 2374 1558 2440 τὴν
1614 2370 1862 2438 τελευτὴν
1907 2377 1998 2426 τοῦ

338 2468 452 2544 βίου
513 2469 928 2548 προύσήμαινεν,
994 2468 1036 2522 εἰ
1108 2466 1185 2541 μὴ
1239 2468 1423 2521 θᾶττον
1479 2465 1552 2526 ὡς
1611 2461 1798 2542 ἔχουσι
1865 2459 1996 2539 πρὸς

339 2557 432 2624 ἔθη
461 2558 528 2614 τὰ
583 2559 781 2614 ἑαυτῶν
841 2555 1201 2615 ἐπανέλθοιεν.
1261 2557 1370 2612 Οὔκ
1458 2552 1640 2631 ἕποιγε
1697 2548 1992 2630 προλέγων,

341 2645 462 2703 ἀλλ’
520 2647 692 2704 ἔπειθε
748 2645 950 2710 δεικνὺς
1033 2646 1132 2712 τὴς
1214 2643 1526 2722 προρρήσεις
1586 2637 1998 2702 ἆποϐαινούσας.

339 2737 482 2797 Πάνυ
529 2737 628 2816 γὰρ
685 2737 858 2816 βραχὺ
951 2736 1015 2790 τὸ
1078 2733 1333 2812 ἐντεῦθεν,
1404 2733 1492 2789 καὶ
1585 2731 1659 2793 ὡς
1749 2731 1777 2785 6
1834 2726 2001 2806 μέγας

338 2825 570 2900 ἠπείλει,
630 2825 940 2904 οἰκτρότατα
1015 2822 1365 2904 κατέστρεφεν
1421 2821 1642 2884 ἕκαστος
1702 2823 1800 2886 τῆς
1850 2818 2000 2873 ἀπει-

2176 1655 2264 1716 15.
2300 1654 2554 1734 Accidit,
2593 1656 2806 1719 fratres
2836 1659 3122 1738 quosdam
3157 1661 3312 1722 sacri
3340 1661 3512 1722 istius
3533 1669 3742 1738 coetus,

2086 1742 2406 1824 aliquando
2438 1737 2606 1806 abire
2656 1737 3123 1826 aliquoiprivatae
3180 1749 3550 1811 necessitatis
3576 1768 3741 1829 ergo,

2086 1843 2146 1893 et
2176 1851 2372 1894 moras
2428 1833 2621 1914 quoad
2678 1834 2934 1896 reditum
2990 1836 3373 1918 interponere
3415 1837 3740 1919 longiores.

2085 1920 2242 1994 Quos
2301 1941 2433 1983 cum
2487 1925 2842 2004 przepositus
2929 1944 3132 1987 eorum
3190 1928 3527 1988 Dorothens
3587 1947 3746 2008 saepe

2082 2019 2489 2072 revocassetet
2508 2020 2857 2074 cunctantes
2877 2014 3281 2080 ursissetrem
3297 2015 3425 2076 ﬁeri
3444 2015 3748 2095 indignam
3809 2050 3812 2052 τ

2083 2099 2389 2161 dictitabat
2420 2109 2477 2161 et
2509 2120 2713 2181 parum
2747 2104 3070 2182 proficuam
3117 2104 3211 2176 iis,
3237 2104 3340 2185 qui
3391 2105 3542 2166 ultra
3574 2106 3752 2168 deco-

2082 2207 2213 2249 rum
2239 2190 2324 2251 sic
2347 2191 2731 2252 morabantur
2759 2211 2774 2254 :
2799 2191 2914 2271 ipsi
2945 2211 3084 2253 vero
3137 2193 3543 2256 obtendebant
3603 2195 3750 2258 alias

2083 2297 2151 2338 ex
2183 2279 2314 2339 aliis
2344 2279 2757 2341 excusationes
2814 2280 2876 2341 in
2911 2281 3190 2361 peccatis,
3251 2283 3507 2343 reditum.
3567 2303 3744 2346 suum

2081 2366 2445 2429 differentes.
2481 2369 2645 2430 Tunc
2679 2389 2797 2430 non
2845 2371 3098 2450 amplius
3156 2371 3214 2431 in
3285 2371 3604 2453 parabolis,
3640 2373 3746 2434 sed

2082 2457 2270 2536 palam
2303 2455 2448 2538 ipsis
2463 2467 2716 2520 mortem
2739 2459 3746 2540 prtesignificavitmisi,quantocius

2085 2553 2345 2624 possent,
2380 2546 2453 2607 ad
2514 2546 2832 2626 pristinum
2886 2548 3117 2609 vivendi
3178 2549 3419 2610 modum
3453 2548 3743 2612 redirent.

2087 2632 2202 2696 Sed
2233 2634 2380 2695 nihil
2409 2635 3750 2718 persuasitobstinatisprtedicendo,persuasit

2085 2731 2280 2785 autem
2305 2742 2435 2804 qua:
2456 2725 2802 2805 praedixerat
2825 2726 3158 2804 probando.
3177 2726 3468 2789 Perbreve
3487 2743 3746 2807 namque

2086 2819 2322 2891 tempus
2351 2813 2492 2874 inde
2522 2813 2771 2890 effluxit,
2806 2833 2940 2876 cum
2975 2815 3214 2892 singuli,
3249 2823 3313 2876 ut
3337 2815 3594 2876 minatus
3643 2815 3747 2876 ille

302 2917 479 2979 ,θείας
538 2902 806 2995 ἐπίχειρα,
852 2916 942 2970 τὸν
987 2911 1086 2980 ἔξω
1155 2913 1252 2981 τῆς
1286 2902 1476 2979 Ἰαῦλῆς
1535 2911 1722 2989 Κύριου
1751 2908 1998 2987 εὑρίσκων

2089 2902 2277 2964 fuerat
2344 2903 2744 2964 miserabilem
2807 2903 3175 2965 infidelitatis
3230 2923 3352 2966 suae
3407 2905 3748 2966 auferentes

341 3003 689 3064 ἐπονείδιστον
719 3005 964 3064 θάνατον.
1025 3011 1269 3068 Τοιοῦτος
1328 3003 1424 3078 μὲν
1484 3007 1572 3058 οὖν
1615 3003 1642 3056 ὁ
1672 2998 1883 3075 βλέπων
1917 3013 1930 3026 '
1968 2998 1996 3052 6

339 3094 555 3160 δυνατὸς
585 3092 661 3176 δέ,
693 3093 942 3162 πηλίκος.
992 3095 1115 3172 Περὶ
1145 3114 1289 3156 τινας
1348 3093 1507 3171 εἶχον
1573 3092 1620 3146 οἱ
1669 3094 1770 3155 τῆς
1825 3091 1995 3162 μονῆς

342 3185 631 3266 ἀναγκαίας
661 3182 940 3260 οἰκοδομάς
1019 3203 1032 3217 ⁸
1095 3181 1236 3246 λίθος
1294 3181 1379 3238 οὖν
1451 3181 1552 3236 ὑπὸ
1596 3178 1996 3258 μηχανήματος

341 3265 650 3352 κινοῡμένος
721 3272 1096 3353 παμμεγέθης,
1161 3273 1274 3328 ἐπεὶ
1311 3273 1372 3327 τὸ
1425 3269 1733 3348 μηχάνημα
1787 3273 1864 3340 τῷ
1893 3265 1994 3341 βεί⁶

342 3387 418 3447 ρει
479 3365 776 3445 συνέτριψε,
839 3361 956 3440 μετ’
1042 3361 1208 3427 ὀξείας
1301 3361 1468 3438 ῥύμης
1527 3355 1768 3447 ,ἐφέρετο
1831 3353 1999 3447 λυθεὶς

342 3440 480 3512 κατᾶ
544 3440 642 3512 του
705 3459 960 3532 πρανοῦς,
1032 3453 1121 3508 καὶ
1202 3450 1331 3528 ὑπὲρ
1387 3445 1626 3528 κεφαλῆς
1675 3443 1798 3501 ὅσον
1854 3440 2000 3499 οὸπω

342 3558 461 3608 τοῖς
517 3529 814 3618 οἰκοδόμοις
896 3539 1118 3617 ’έμελλεν
1195 3539 1560 3615 ἐμπεσεῖσθαι.
1624 3533 1885 3611 Μέγιστος
1945 3529 1999 3586 δὲ

342 3631 503 3714 φόϐος
561 3631 746 3689 αὐτίκα
820 3632 951 3710 πρὸς
1026 3631 1088 3685 τὸ
1145 3627 1334 3707 δεινὸν,
1396 3627 1484 3683 καὶ
1571 3622 1776 3702 κραυγὴ
1859 3621 2001 3699 παρὰ

341 3708 512 3779 πάντα
543 3724 634 3776 σὺν
688 3708 899 3796 ἆπορίῲ
963 3715 1112 3775 Ἀλλ’
1171 3719 1198 3774 6
1243 3716 1425 3794 Πατὴρ
1468 3720 1649 3793 παρῶν
1708 3715 1802 3769 οὒκ
1851 3708 1997 3778 ἡπό-

339 3834 440 3894 ρει,
473 3824 657 3892 χεῖρες
741 3810 840 3888 γὰρ
898 3807 1042 3872 εὒθὺς
1128 3806 1214 3862 ἐπὶ
1252 3807 1400 3894 ,Θεὸν
1472 3803 1724 3894 ἐκτενεῖς,
1813 3812 1997 3894 χεῖρες

338 3889 583 3982 καθαραί
609 3922 665 3957 τε
722 3900 810 3956 καὶ
869 3896 1039 3976 ἅγιαι,
1097 3899 1184 3953 καὶ
1243 3893 1452 3976 δάκρυσι
1525 3893 1816 3971 σύγκρατος
1881 3889 1996 3946 ὁσία

339 3980 502 4073 εὐχὴ,
557 3988 832 4057 ἐπίκλησιν
888 3986 1088 4068 ἔχουσα
1155 3987 1252 4054 τῆς
1310 3987 1462 4062 ἁγίας
1521 3980 1760 4073 Τριάδος,
1823 3981 1909 4073 καὶ
1938 3980 2000 4034 τὸ

339 4068 504 4140 κακὸν
539 4079 607 4161 (ὣ
658 4088 750 4138 τοῦ
819 4075 1132 4152 θαύματοςί
1209 4074 1254 4132 ὢ
1307 4080 1406 4141 τῆς
1477 4073 1650 4129 πάντα
1709 4068 1998 4142 δυνάμένης

342 4158 579 4251 εὔχερῶς
647 4165 886 4246 ἆρετῆςί
937 4164 956 4245 )
1017 4163 1152 4231 ἄστη
1249 4185 1306 4219 τε
1328 4243 1340 4251 _
1363 4160 1714 4251 παραχρῆμα,
1777 4159 1866 4214 καὶ
1903 4158 1997 4251 τον

2083 2994 2445 3065 mercedem,
2483 2992 2939 3071 ignominiosam
2980 3003 3146 3055 extra
3203 2994 3444 3055 domum
3504 2992 3748 3054 Domini

2081 3082 2691 3162 oppetieremortem,
2721 3081 2794 3142 Et
2818 3083 2949 3144 talis
2971 3083 3214 3163 quidem
3235 3083 3344 3144 fuit
3367 3083 3470 3144 ille
3495 3102 3567 3144 ex
3589 3084 3745 3144 dono

2081 3171 2408 3252 prophetiae
2437 3189 2452 3246 ;
2478 3190 2546 3231 ex
2571 3171 2756 3248 gratia
2779 3189 2920 3233 vero
2945 3172 3394 3248 miraculorum,
3449 3179 3703 3254 quantus
3725 3179 3739 3234 l

2081 3260 2541 3341 Occupabantur
2591 3261 2862 3321 monachi
2917 3261 3075 3322 circa
3123 3261 3441 3323 aedificium
3499 3260 3742 3342 aliquod

2083 3350 2194 3411 sibi
2227 3350 2655 3422 necessarium,
2691 3368 2824 3411 cum
2859 3351 3208 3430 prmgrande
3258 3369 3465 3411 saxum
3499 3349 3737 3412 machi-

2082 3460 2244 3517 nam,
2279 3459 2410 3522 quae
2438 3439 2770 3515 tollebatur,
2808 3441 3072 3520 pondere
3102 3460 3208 3502 suo
3242 3442 3426 3521 rupit,
3456 3448 3514 3502 et
3533 3458 3744 3521 magno

2083 3530 2308 3611 impetu
2364 3531 2482 3592 ruit
2540 3530 2599 3590 in
2662 3548 2948 3610 przeccps,
3014 3530 3469 3609 impingendum
3528 3530 3653 3592 fere
3681 3531 3745 3592 in

2083 3622 2271 3701 capita
2300 3618 2742 3681 zedificantium.
2786 3619 3055 3693 .Pervasit
3111 3619 3272 3680 illico
3303 3623 3559 3696 animos,
3595 3639 3746 3681 con-

2082 3718 2285 3791 specto
2306 3708 2580 3789 praesenti
2605 3709 2891 3787 periculo,
2916 3708 3133 3787 ingens
3157 3717 3350 3770 terror
3376 3717 3465 3784 ;et
3490 3709 3749 3772 horren-

2082 3799 2220 3860 dum
2246 3817 2379 3861 cum
2404 3798 2819 3878 desperatione
2864 3798 3234 3858 sustulerunt
3256 3798 3578 3859 clamorem
3609 3817 3747 3860 om-

2081 3906 2212 3963 nes,
2245 3895 2460 3968 praeter
2490 3888 2874 3960 Dorotheum,
2911 3886 3015 3967 qui
3047 3905 3308 3968 praesens
3364 3886 3569 3949 aderat
3598 3887 3748 3950 nihil

2083 3979 2431 4060 desperans.
2467 3978 2706 4041 Etenim
2760 3997 2971 4038 manus
3023 3979 3096 4039 ad
3153 3978 3342 4040 Deum
3405 3997 3439 4040 e
3494 3978 3744 4056 vestigio

2081 4068 2307 4139 levatm,
2347 4087 2556 4129 manus
2589 4087 2751 4148 purae
2805 4076 2865 4128 et
2925 4075 3167 4143 sanctae,
3223 4067 3581 4147 fervensque
3611 4087 3748 4129 cum

2081 4157 2353 4238 lacrymis
2383 4158 2569 4218 oratio
2601 4157 2712 4218 sub
2755 4156 3133 4218 invocatione
3181 4164 3400 4218 sanctae
3431 4155 3749 4220 Trinitatis

339 4238 610 4326 στῖὶῖσάντα
639 4238 841 4337 τρανῶς
914 4238 1252 4330 διεσήμανεν,
1328 4243 1388 4310 ιΟ
1443 4238 1548 4330 γὰρ
1614 4249 1778 4318 λίθος,
1826 4248 1995 4303 καθά-

2089 4248 2145 4326 {o
2176 4246 2526 4337 miraculum
2561 4247 2576 4306 !
2607 4265 2640 4306 o
2673 4253 3098 4337 praepotentem
3129 4244 3361 4306 virtutis
3390 4244 3507 4337 vim
3535 4245 3572 4316 ll
3621 4253 3748 4306 ste-

338 4369 438 4429 περ
495 4345 798 4414 εὐλαϐηθεὶς
889 4346 981 4401 τὸν
1066 4343 1392 4422 ἀνείργοντα,
1493 4342 1565 4404 εἷς
1647 4338 1877 4394 τοῦπίσω
1944 4357 2000 4390 τε

343 4427 690 4518 ἀνεκρούσθη,
734 4437 822 4492 καὶ
877 4439 977 4502 τῆς
1049 4439 1212 4514 φορᾶς
1283 4429 1616 4506 παυσάμενος
1669 4427 1820 4499 ἔστη,
1846 4447 1999 4518 μαρ-

342 4513 510 4608 τυρῶν
575 4513 730 4584 εἰσέτι
788 4525 877 4582 καὶ
930 4530 1017 4580 νύν
1066 4513 1173 4590 τὴν
1231 4519 1772 4598 θαδματουργήσασαν
1841 4513 1999 4571 δύνα-

345 4606 438 4695 μιν
471 4639 483 4652 ·
520 4617 632 4674 ἐπεὶ
673 4614 892 4697 φοϐερὸς
959 4612 1069 4669 ἐστι
1125 4613 1213 4668 καὶ
1269 4609 1345 4666 ἔτι
1374 4621 1492 4672 τοῖς
1548 4610 1736 4697 ὁρῶσιν
1781 4606 1883 4684 οὐχ
1910 4606 2006 4697 ἦτε

344 4729 436 4765 τον
505 4705 558 4764 ἐν
629 4695 893 4786 ὀλισθηρῷ
961 4704 1049 4761 καὶ
1117 4701 1458 4776 ἀποκμήμνῳ
1513 4695 1892 4786 παντάπασιν,Δ
1947 4696 2006 4752 οὗ

347 4800 554 4855 κεῖσθαι
583 4795 774 4870 δοκῶν,
821 4782 942 4852 ἄλλ’
972 4797 1090 4850 οἷον
1123 4791 1532 4866 ἁπαιωρεϊσθαι,
1564 4787 1652 4842 καὶ
1680 4796 1798 4847 τοϊς
1830 4782 2004 4838 κάτων

347 4885 637 4960 ϐαδίζουσιν
708 4884 924 4966 ὕπερθεν
995 4880 1374 4962 ἐπικρέμασθαι
1444 4875 1676 4952 καθάπερ
1732 4871 1891 4935 ἄλλος
1925 4893 2004 4935 τις

347 4978 564 5054 μυθικὸς
592 4977 678 5034 καί
720 4972 1059 5038 Ταντάλειος,

434 5237 556 5323 ις’,
597 5229 752 5314 οὅσης
785 5243 840 5301 δὲ
870 5255 1127 5324 μετεῖχεν
1172 5243 1312 5314 αὖτῷ
1366 5237 1454 5292 καὶ
1509 5234 1638 5324 αὔτα
1680 5233 1745 5324 τᾶι
1772 5231 2009 5324 πάρεργα

351 5320 486 5395 τῶν-
527 5342 728 5419 χειρῶν
798 5320 1092 5414 εὖλογίαςξ
1179 5325 1524 5404 Ἀμπελῶνος
1594 5323 1659 5390 ἧν
1730 5320 2008 5396 ἐπιμέλεια

2084 4344 2283 4398 terunt
2315 4335 2374 4396 in
2409 4349 2712 4398 momento
2744 4335 3100 4415 periculum,
3133 4342 3192 4395 et
3232 4333 3497 4395 sistentis
3527 4339 3745 4413 poten-

2084 4428 2223 4488 tiam
2279 4425 2647 4487 manifestam
2705 4424 3120 4486 reddiderunt.
3218 4423 3431 4485 Savum
3493 4423 3736 4504 quippe,

2082 4514 2260 4576 veluti
2292 4515 2599 4576 declinans
2628 4532 2864 4594 operas,
2927 4522 3086 4575 retro
3145 4522 3341 4574 actum
3402 4521 3513 4589 est,
3547 4512 3749 4591 ibique

2087 4621 2362 4685 represso
2396 4604 2620 4684 impetu
2651 4603 2854 4679 stetit;
2882 4601 2942 4662 in
2971 4602 3130 4663 hunc
3155 4619 3344 4682 usque
3389 4600 3548 4663 diem
3578 4600 3746 4660 testi-

2087 4696 2272 4756 ﬁcans
2302 4691 2697 4773 operatricem
2753 4691 2814 4752 in
2870 4691 2996 4751 viro
3059 4701 3262 4752 sancto
3321 4690 3747 4751 miraculorum

2085 4784 2406 4845 virtutem:
2462 4780 2942 4862 quandoquidem
3005 4779 3182 4841 etiam
3241 4798 3400 4840 nunc
3459 4779 3752 4841 horribile

2085 4871 2458 4935 intuentibus
2490 4869 2890 4951 spectaculum
2926 4867 3208 4950 praebeat,
3239 4887 3375 4930 cum
3418 4867 3482 4930 in
3514 4868 3749 4930 lubrico

2090 4970 2146 5025 et
2180 4959 2468 5042 praecipiti
2483 4959 2611 5021 loco
2634 4976 2754 5020 non
2795 4959 3024 5038 jacere,
3045 4957 3152 5020 sed
3180 4956 3358 5019 veluti
3388 4975 3749 5037 suspensum

2087 5050 2407 5112 imminere
2438 5047 2861 5125 subeuntibus,
2892 5047 3079 5108 instar
3145 5046 3397 5109 fabulosi
3429 5066 3498 5109 ac
3527 5045 3748 5109 Tanta-

2089 5140 2170 5202 lei
2199 5141 2290 5218 (8)
2319 5137 2468 5212 saxi,
2501 5137 2792 5202 videatur.

2172 5231 2271 5291 16.
2333 5227 2628 5300 Quantam
2681 5245 2822 5288 vero
2882 5225 3116 5287 laudem
3179 5224 3396 5287 Sancto
3428 5225 3752 5287 attulerunt

2093 5338 2275 5403 opera
2323 5336 2604 5379 manuum
2664 5317 2794 5396 ejus
2877 5313 3045 5396 quasi
3103 5314 3488 5376 accessoria?
3547 5313 3752 5377 Vineae

441 5557 525 5639 (8)
549 5555 892 5621 Memoriale
917 5554 1032 5616 hoc
1060 5549 1332 5639 sphalma
1359 5555 1450 5611 est
1483 5563 1498 5610 :
1534 5543 1854 5626 Sisyphum
1895 5543 2121 5607 faciunt
2151 5551 2363 5626 poetae,
2399 5559 2517 5604 non
2563 5541 2898 5617 Tantalum,
2947 5537 3187 5604 volvere
3233 5543 3293 5597 et
3335 5533 3640 5598 revolvere
3685 5531 3750 5596 in

353 5632 616 5702 montem
647 5655 858 5703 saxum
889 5632 1129 5716 semper
1157 5632 1492 5713 lapsuram.
