4144 6380
488 376 634 442 1071
708 356 721 367 ’
1707 378 2031 445 JOANNIS
2071 374 2641 444 EUCHAITENSIS
3731 368 3900 436 4072

484 512 753 577 colendae
781 532 923 578 cura
936 515 1293 597 quibusdam
1317 512 1628 577 monachis
1652 512 1971 576 commissa
1992 519 2117 573 erat

2204 527 2342 577 ,τοῖς
2388 514 2459 579 είς
2488 520 2642 571 τοῦτο
2697 512 3041 593 τεταγμένοις
3097 513 3204 568 τῶν
3260 515 3517 590 μοναχῶν
3565 509 3675 564 ’καὶ
3718 508 3766 563 οἱ
3794 505 3898 582 μὲν

478 609 782 667 strenuam
816 605 872 667 ei
919 624 1161 687 operam
1202 602 1731 686 impendentibus:
1791 601 2007 683 quibus
2036 600 2118 662 illc

2221 608 2519 686 εἰργάζοντο
2587 605 2911 688 φιλοπόνως,
2986 608 3015 662 ὁ
3111 603 3155 661 δ’
3236 607 3420 668 αὐτοῖς
3511 602 3746 683 ἐφεστὼς
3799 597 3898 657 καὶ

480 693 792 773 praefectus
824 702 881 756 et
905 714 1107 757 comes
1124 695 1440 774 accedens,
1477 711 1659 773 grana
1699 691 1925 773 aliquot
1970 692 2118 769 legu-

2220 696 2587 775 παρεπόμενος
2671 695 2835 775 ἅμα»
2934 695 3161 758 κόκκους
3272 692 3575 759 λεληθότως
3654 689 3894 769 ὀσπρίων

483 782 713 844 minum
747 784 897 846 clam
942 791 1121 847 terrae
1176 783 1494 860 mandavit,
1549 799 1618 844 ac
1648 780 1865 843 leniter
1890 779 2118 861 pedibu:

2224 786 2448 866 ἐῤῥίπτει
2504 788 2641 845 κατὰ
2709 792 2806 854 τῆς
2898 791 3025 865 γῆς,
3101 798 3219 848 τοῖς
3277 785 3429 842 ποσὶν
3483 782 3658 863 ἠρέμα
3711 801 3890 837 κατα-

477 879 716 951 aggesta
735 872 917 936 humo
941 872 1221 936 contexit.
1245 871 1307 935 Id
1335 889 1513 953 porro
1558 870 1716 952 quod
1772 870 1861 933 sic
1890 869 2118 931 semina

2224 877 2501 955 χωννύων.
2562 879 2633 936 Τὸ
2689 873 3017 944 καταϐληθὲν
3075 877 3173 953 μὲν
3241 874 3329 931 οὖν
3386 870 3492 931 οὐδ’
3565 874 3638 936 εἷς
3667 869 3890 928 δέκατον

486 967 611 1022 tum
643 969 791 1039 erat,
825 963 1119 1026 decimam
1151 969 1380 1043 partem
1411 960 1704 1022 medimni
1747 978 1869 1021 non
1924 958 2118 1047 imple

2227 965 2481 1030 ἐξικνεῖτο
2550 967 2707 1047 μέρος
2771 964 3043 1046 μεδίμνου,
3100 967 3162 1022 τὸ
3231 962 3277 1020 δ’
3322 960 3575 1021 ἀποδοθέν
3604 961 3659 1019 ἐν
3715 964 3888 1039 καιρῷ

480 1048 616 1111 bat:
649 1050 710 1113 id
732 1070 872 1114 vero
892 1052 1049 1137 quod
1076 1070 1181 1112 suo
1202 1058 1469 1129 tempore
1487 1048 1599 1110 fuit
1626 1047 1926 1110 redditum
1957 1046 2112 1127 (Deu

2232 1053 2360 1137 (τίς,
2403 1056 2499 1113 Θεὲ
2527 1046 2633 1113 τῶν
2663 1054 2901 1136 δικαίων,
2960 1054 3184 1135 γαλήσει
3243 1055 3337 1118 τὰς
3386 1050 3688 1114 δυναστείας
3718 1047 3881 1129 σου;)

490 1140 671 1221 bone,
726 1140 859 1222 quis
894 1142 1192 1221 justorum
1244 1146 1479 1199 tuorum
1539 1137 1863 1216 potentiam
1896 1137 2118 1217 eloqua-

2225 1146 2297 1211 εἷς
2327 1144 2481 1210 ὅλους
2534 1146 2814 1225 τριάκοντα
2872 1143 3150 1221 μεδίμνους
3206 1148 3583 1201 συνεποσοῦτΟ.
3655 1145 3882 1198 Τοιαῦτα

474 1229 641 1310 fur!)
673 1230 965 1313 censitum
992 1228 1174 1291 estad
1223 1228 1560 1291 medimnos
1589 1228 1832 1287 omnino
1877 1226 2116 1305 triginta

2222 1232 2396 1291 πολλὰ
2424 1237 2527 1291 τῶν
2597 1241 2691 1292 τοῦ
2736 1231 2920 1314 ἀνδρὸς
2976 1234 3259 1312 τεραστίων
3309 1232 3445 1288 κατὰ
3473 1228 3677 1310 σχολὴν
3707 1225 3769 1283 ἄν
3795 1248 3880 1289 τις

473 1318 939 1383 Istiusmodiviri
964 1317 1228 1402 prodigia
1251 1326 1452 1399 posset
1474 1316 1608 1397 quis
1650 1334 1756 1397 per
1808 1316 1997 1377 otium
2026 1334 2118 1377 an-

2222 1321 2340 1404 ἔχοι
2440 1321 2747 1404 φιλαλήθως
2847 1323 3282 1403 ἆπαριθμεῒσθαι,
3387 1321 3482 1377 οὐκ
3577 1316 3630 1384 ἐξ
3707 1316 3878 1383 ἀκοῆς

471 1428 792 1473 numerare
821 1408 1014 1490 plura,
1048 1425 1236 1486 eaque
1289 1405 1646 1480 verissima;
1679 1423 1801 1466 non
1832 1424 1901 1467 ex
1931 1404 2118 1466 auditi

2219 1412 2515 1493 ἀναλέγων,
2587 1411 2707 1469 ἀλλ’
2767 1414 2953 1477 αὐτοὺς
3023 1413 3247 1476 ἐκείνους
3299 1411 3419 1474 τοὺς
3457 1408 3653 1465 ἕκαστα
3681 1406 3880 1464 τούτων

470 1502 720 1564 collecta
748 1499 1038 1574 referens,
1075 1496 1184 1558 sed
1212 1494 1349 1556 illos
1379 1494 1543 1576 ipsos
1572 1496 1675 1575 qui
1730 1493 1960 1573 singula
1992 1511 2118 1582 pro-

2217 1500 2336 1578 ὄψει
2394 1499 2823 1582 παραλαϐόντας,
2923 1504 2995 1565 εἷς
3105 1497 3489 1580 ἀκριϐεστάτην
3599 1494 3882 1575 βεϐαίωσιν

469 1590 617 1673 priis
647 1588 834 1656 oculis
863 1592 1246 1668 usurparunt,
1273 1583 1337 1645 in
1363 1582 1680 1644 maximam
1726 1581 2118 1644 conﬁrmatio‘

2214 1581 2480 1672 παράγων
2572 1598 2680 1649 τῶν
2768 1590 3068 1671 λεγομένων
3116 1607 3129 1621 ·
3203 1586 3486 1668 ἐπειδήπερ
3568 1589 3658 1645 καὶ
3712 1585 3879 1666 μέχρι

472 1672 611 1743 nem
645 1680 943 1741 dictorum
976 1693 1219 1737 suorum
1249 1673 1554 1735 adducens
1583 1693 1597 1735 :
1650 1672 2118 1752 quandoquidem

2214 1680 2474 1758 βασιλέων
2506 1683 2677 1739 αὐτῶν
2712 1683 2747 1750 ἡ
2807 1683 2925 1761 περὶ
2981 1681 3179 1737 τούτων
3234 1678 3423 1760 ἔφθασε
3492 1679 3676 1757 φήμη,
3732 1675 3878 1750 λαμ-

470 1771 545 1832 ad
576 1771 738 1850 ipsos
767 1784 1004 1850 quoque
1018 1781 1189 1845 reges
1218 1764 1510 1825 factorum
1543 1762 1674 1841 ejus
1705 1761 1910 1823 fanum
1941 1779 2118 1842 pene-

2215 1772 2508 1851 πρυνούσης
2577 1772 2669 1828 τὸν
2738 1770 2966 1851 ἐργάτην
3037 1770 3134 1838 τῆς
3233 1769 3449 1848 ἀρετῆς,
3523 1768 3635 1847 καὶ,
3694 1765 3878 1846 ὥσπερ

466 1856 1042 1935 traverit,celebrem
1058 1852 1350 1916 reddente
1362 1859 1735 1933 operatorem
1757 1851 1972 1912 virtute
1998 1868 2118 1927 sua,

2213 1851 2373 1936 νόμος
2404 1863 2557 1937 αὐτῇ,
2591 1859 2678 1918 ἐπὶ
2706 1860 2845 1939 μέγα
2927 1858 3081 1927 δόξης
3141 1858 3385 1938 αἱρούσης
3419 1871 3433 1885 ⁶
3484 1859 3569 1920 οῖς
3613 1856 3878 1923 τοσαύτην

468 1968 599 2031 qua;
618 1949 812 2030 ipsum
845 1954 907 2007 ut
929 1945 1105 2019 solet,
1159 1941 1236 2003 ad
1294 1958 1572 2031 magnam
1624 1940 1877 2031 gloriam
1909 1940 2118 2004 evexit,

2214 1948 2341 2006 αἱδὼ
2369 1952 2457 2007 καὶ
2517 1951 2679 2027 τιμὴν
2755 1951 2874 2030 περὶ
2942 1950 3035 2006 τὸν
3091 1948 3244 2027 ἇὶγιον
3300 1947 3632 2021 ἐνεποίησεν,
3704 1947 3778 2010 ὡς
3809 1947 3877 2003 τὰ

466 2028 753 2101 Sanctum
787 2036 946 2097 enim
971 2033 1090 2095 illis
1123 2040 1241 2093 tam
1269 2028 1671 2120 venerabilem
1700 2029 1866 2120 fecit,
1912 2038 1977 2091 ut
2007 2036 2118 2093 tum

2214 2038 2350 2099 ἄλλα
2401 2040 2671 2120 κρείττονα
2723 2028 2933 2103 τούτοις
2991 2037 3029 2107 ἢ
3096 2033 3217 2093 κατ’
3249 2036 3545 2116 ;ἄνθρωπον
3607 2039 3873 2112 νομισθῆ-

470 2128 667 2211 quoad
699 2126 813 2189 alia
834 2142 1012 2206 supra
1025 2120 1331 2211 hominem
1356 2118 1577 2211 aliquid
1599 2118 1729 2211 ipsi
1744 2118 2143 2211 tribuendum-

466 2208 748 2301 putarent
780 2237 796 2292 ;
828 2224 953 2277 tum
986 2230 1129 2274 vero
1161 2208 1527 2301 divinoejus
1568 2208 1762 2301 operi
1790 2211 1996 2289 (novo,
2028 2208 2126 2270 in-

474 2297 676 2390 quam,
708 2305 921 2367 buicce
941 2321 1009 2365 ac
1064 2298 1398 2390 venerabili
1442 2297 1848 2390 monasterio),
1901 2299 2126 2378 regiam

464 2387 633 2461 suam
662 2387 1128 2458 sollicitudinem
1159 2387 1585 2471 impenderint,
1618 2407 1751 2469 quas
1781 2396 1841 2451 et
1858 2404 2133 2450 necessa-

468 2487 562 2550 ria
580 2487 653 2549 ad
683 2491 954 2566 sumptus
985 2479 1291 2542 faciendos
1342 2476 1758 2559 suppeditavit,
1784 2486 1841 2540 et
1861 2496 2034 2559 opem
2056 2476 2129 2539 ad

480 2574 786 2637 molestias
816 2569 1111 2653 quaslibet
1131 2567 1407 2630 ferendas
1436 2567 1650 2646 attulit,
1687 2567 2010 2647 molestias,
2032 2566 2132 2628 in-

473 2682 651 2746 quam
707 2661 1080 2746 extrinsecus
1136 2656 1573 2746 advenientes;
1621 2655 1838 2736 quibus
1894 2655 2035 2717 olim
2076 2661 2134 2717 et

471 2744 650 2815 modo
682 2749 937 2812 maxime
969 2745 1286 2808 turbantur
1312 2744 1535 2824 omnia,
1572 2753 1631 2806 et
1676 2762 1928 2826 quorum
1958 2761 2135 2806 causa

462 2843 590 2904 vita
610 2844 871 2904 humana
891 2836 1185 2897 violenter
1205 2833 1623 2897 labefactatur.
1650 2833 1848 2915 Atque
1863 2834 1947 2894 ita
1967 2840 2134 2895 recte

470 2931 760 2993 factorum
784 2926 899 2990 viri
924 2925 1117 2987 sancti
1153 2921 1341 3003 gloria
1390 2922 1453 2983 in
1509 2940 1805 2984 summam
1836 2921 2133 3002 magnitu-

2215 2151 2297 2185 ναι
2328 2130 2417 2186 τὸν
2450 2126 2631 2211 ἄνδρα,
2674 2131 2764 2186 καὶ
2831 2130 2893 2186 τὸ
2945 2130 3087 2185 θεῖον
3155 2125 3304 2205 ἔργον
3364 2127 3521 2184 αὐτοῦ
3580 2123 3664 2204 (τὸ
3691 2125 3875 2181 καινὸν

2209 2225 2363 2275 τοῦτο
2434 2217 2577 2297 λέγω
2658 2221 2747 2275 καὶ
2823 2219 3016 2275 σεπτὸν
3112 2214 3533 2297 φροντιστήριον)
3591 2212 3875 2291 βασιλικῆς

2212 2309 2458 2389 προνοίας
2489 2322 2677 2389 τυχεῖν
2708 2310 2839 2389 πρὸς
2892 2329 2948 2364 τε
3002 2306 3103 2374 τὴν
3172 2302 3408 2372 δαπάνην
3466 2303 3872 2385 συναιρομένης,

2212 2400 2304 2454 καὶ
2354 2398 2660 2478 ἀποτροπὴν
2719 2402 2860 2473 αὐτῷ
2942 2393 3300 2475 βραϐευούσης
3390 2394 3579 2473 βάρους
3647 2394 3870 2469 παντὸς,

2212 2483 2415 2553 δηλαδή
2444 2487 2549 2543 τῶν
2580 2484 2763 2551 ’έξωθεν
2792 2485 2990 2543 τούτων
3026 2503 3041 2518 θ
3074 2485 3161 2546 οἷς
3229 2482 3310 2538 ἀεὶ
3378 2483 3465 2538 καὶ
3508 2488 3596 2538 νῦν
3640 2480 3874 2558 μάλιστα

2211 2577 2279 2631 τὰ
2346 2576 2518 2632 πάντα
2588 2574 2849 2648 δοκεῖται,
2908 2574 2997 2629 καὶ
3051 2569 3118 2628 δι’
3174 2574 3248 2627 ὧν
3304 2572 3339 2639 ἡ
3396 2571 3694 2651 ἀνθρωπίνη
3754 2572 3870 2643 ζωὴ

2214 2665 2354 2745 παρὰ
2387 2669 2485 2729 τῆς
2530 2664 2776 2744 ἐπηρείας
2829 2663 3157 2740 λυμαίνεται.
3220 2662 3307 2724 Είς
3338 2660 3583 2718 τοσοῦτον
3614 2660 3869 2741 μεγέθους

2213 2752 2347 2834 ἤρθη
2374 2756 2462 2811 καὶ
2491 2756 2756 2829 θαύματος
2796 2755 2832 2822 ἡ
2862 2750 3117 2832 δόξαότῶν
3173 2756 3264 2807 τοῦ
3322 2748 3559 2828 μέγαλου
3586 2754 3865 2831 κατορθω-

2216 2844 2420 2920 μάτων,
2451 2844 2539 2900 καὶ
2581 2841 2745 2906 οὕτως
2778 2845 2806 2899 ὁ
2859 2843 2969 2919 βίος
3028 2845 3172 2915 αὐτῷ
3214 2840 3288 2903 εἷς
3332 2845 3505 2896 πᾶσαν
3535 2862 3725 2919 μικρου
3766 2840 3868 2908 τὴν

2214 2932 2528 3010 οἰκουμένην
2557 2930 2849 3010 ἐξέλαμψεν
2860 2982 2872 2996 ,

469 3020 675 3083 dinem
697 3025 873 3099 atque
923 3012 1377 3077 admirationem
1436 3011 1717 3087 excrevit,
1773 3019 1833 3075 et
1857 3013 1975 3074 vita
2004 3011 2192 3091 ejusc

467 3127 577 3191 per
604 3116 790 3170 totum
825 3124 979 3187 pene
1008 3110 1302 3165 terrarum
1331 3099 1538 3165 orbem
1568 3101 1871 3191 inclaruit,

549 3200 652 3260 l7.
683 3197 837 3260 Mors
866 3211 1008 3256 vero
1040 3191 1311 3271 ejusdem
1336 3191 1469 3270 (cur
1515 3190 1675 3252 enim
1717 3190 1954 3271 longius
1981 3209 2120 3253 ora-

467 3289 695 3351 tionem
754 3279 1215 3367 protendimus?
1272 3297 1448 3361 quam
1534 3278 1824 3341 mirabilis
1883 3288 1941 3342 et
1989 3280 2121 3362 ipsa

466 3376 597 3459 fuit,
631 3392 927 3457 quamque
957 3377 1361 3435 consentanea
1390 3368 1494 3432 tali
1522 3368 1654 3432 vitae
1681 3370 1695 3430 !
1732 3369 2120 3459 operantibus

460 3466 563 3529 hic
586 3458 830 3547 quoque
859 3464 922 3524 in
950 3460 1151 3523 anima
1200 3460 1351 3538 ejus,
1415 3459 1618 3538 gratiae
1676 3458 1872 3540 plena,
1906 3458 2121 3521 divinis

467 3556 666 3620 donis.
697 3552 973 3616 Nondum
1005 3549 1328 3633 quidquam
1384 3547 1804 3611 invaletudinis
1859 3547 2124 3625 tcntabat

464 3662 722 3726 corpus;
756 3641 1021 3705 nondum
1068 3639 1383 3719 vestigium
1437 3638 1740 3718 languoris
1795 3636 2121 3718 apparebat

460 3737 650 3799 ullum
681 3755 695 3795 :
730 3732 968 3815 quando
996 3730 1086 3791 vir
1106 3738 1345 3791 sanctus
1375 3730 1721 3812 propediem
1752 3728 1867 3790 sibi
1894 3729 2116 3791 instare

461 3833 717 3887 mortem
749 3820 1053 3904 praedixit:
1087 3819 1396 3899 oravitque
1426 3838 1629 3881 earum
1661 3819 1911 3899 insuper
1948 3836 2115 3881 suam

461 3913 825 3983 recularum,
858 3928 991 3991 quae
1031 3908 1095 3970 in
1114 3908 1475 3971 monasterio
1521 3918 1708 3978 erant,
1739 3919 1969 3988 partem
2001 3907 2117 3969 sibi

464 4000 619 4077 dari,
657 4007 725 4061 ut
776 3998 1077 4077 viaticum,
1129 3996 1455 4077 inquiebat,
1515 3997 1768 4058 habeam
1829 4015 1944 4076 quo
1973 3996 2116 4057 illuc

458 4089 872 4167 commigrem.
898 4088 1044 4150 Cum
1067 4104 1205 4147 vero
1228 4085 1390 4164 illiin
1414 4094 1761 4166 paupertate
1780 4103 1888 4146 sua
1906 4084 2117 4147 divites

458 4179 763 4254 monachi,
794 4179 955 4239 illico
989 4175 1050 4236 in
1109 4174 1352 4237 mediun
1408 4174 1800 4237 contulissent
1846 4173 2115 4235 certatim

460 4287 660 4332 omnia
678 4267 782 4349 (ita
806 4266 1026 4348 quippe
1042 4282 1077 4326 a
1094 4262 1373 4342 magistro
1396 4282 1503 4325 suo
1552 4263 1781 4344 pridem
1806 4261 2117 4337 exercitati

2288 3189 2389 3276 ig"
2430 3204 2559 3266 Οῒος
2600 3199 2656 3257 δὲ
2685 3201 2774 3258 καὶ
2819 3202 2848 3256 ὁ
2903 3199 3124 3263 θάνατος
3161 3196 3174 3261 !
3246 3198 3322 3278 (τί
3404 3198 3506 3277 γὰρ
3562 3198 3625 3256 ἃν
3683 3219 3865 3279 παρα-

2200 3293 2459 3368 τείνοιμεν
2502 3289 2588 3347 ἐπὶ
2614 3288 2777 3347 πλέον
2804 3290 2895 3346 τὸν
2950 3287 3108 3367 λόγον
3142 3287 3192 3368 ς)
3220 3290 3294 3354 ὡς
3323 3288 3623 3364 θαυμαστὸς
3652 3295 3728 3364 τῷ
3750 3288 3861 3345 ὄντι

2200 3382 2472 3456 κάκεῖνος,
2532 3381 2620 3441 καὶ
2700 3379 2948 3446 τοιαύτης
3017 3383 3158 3449 ζωῆς
3235 3380 3308 3443 ὡς
3380 3376 3592 3445 ἀληθῶς
3680 3375 3853 3455 ἄξιος,

2200 3471 2412 3551 ἐνεργὸν
2470 3471 2730 3528 κάνταῦοα
2797 3471 2858 3526 τὸ
2961 3470 3203 3550 χάρισμα
3286 3473 3357 3545 τῇ
3442 3468 3855 3549 κεχαριτωμένη

2202 3566 2404 3642 ψυχῇς
2451 3562 2631 3631 Μῆπω
2684 3570 2806 3638 γοῦν
2849 3561 2990 3624 τινὸς
3050 3556 3335 3636 ἀνωμάλου
3384 3558 3447 3614 τὸ
3503 3564 3658 3633 σῶμα
3716 3580 3862 3639 παρ-

2202 3649 2572 3731 ενοχλοῦντος,
2649 3646 2775 3726 μηδ’
2872 3647 3061 3729 ἴχνους
3137 3645 3399 3723 μαλακίας
3473 3645 3857 3725 ὑποφανέντος,

2202 3743 2357 3804 αὐτὸς
2411 3738 2535 3797 ὅσον
2590 3738 2738 3796 οῧπω
2791 3740 2890 3806 τὴν
2934 3736 3186 3805 τελευτὴν
3242 3738 3385 3811 αὐτῷ
3440 3737 3699 3815 προεῖπεν
3754 3736 3854 3816 ἐγ-

2197 3832 2356 3909 γίζειν
2394 3851 2408 3866 ο
2474 3827 2616 3898 ἠξίον
2686 3826 2752 3895 δὴ
2820 3829 2909 3884 καὶ
2982 3828 3137 3890 αύτὸς
3188 3827 3251 3883 τὸ
3308 3822 3592 3883 ἐπιϐάλλον
3662 3825 3849 3906 μέρος,

2197 3916 2351 3997 εἴπερ
2408 3941 2458 3975 τι
2526 3923 2635 3973 τῶν
2688 3922 2756 3993 τῇ
2809 3920 2949 3993 μονῇ
2989 3916 3318 3994 προσόντων,
3385 3912 3708 3989 μεταλαϐεῖν
3776 3915 3853 3972 ἵν’

2198 4004 2429 4087 ἐφόδιον,
2502 4007 2686 4087 φησὶν,
2718 4005 2906 4087 ’ἔχοιμι
2990 4007 3123 4086 πρὸς
3190 4005 3291 4072 τὴν
3390 4003 3507 4062 ἐκεῖ
3562 4007 3857 4081 μετοικίαν,

2197 4096 2348 4175 Ταχὺ
2377 4093 2431 4150 δὲ
2499 4101 2605 4151 τῶν
2675 4096 2921 4166 πενήτων
2970 4095 3185 4151 ἐκείνων
3240 4092 3506 4151 πλουσίων
3562 4095 3635 4157 είς
3693 4093 3857 4170 μέσον

2196 4187 2261 4241 τὰ
2316 4184 2488 4241 πάντα
2541 4186 2821 4264 προθύμως
2893 4184 3312 4263 συνενεγκάντων
3383 4182 3546 4264 (οὕτω
3596 4184 3697 4264 γὰρ
3725 4185 3858 4264 πρὸς

2200 4274 2484 4331 εὐπείθειαν
2536 4273 2670 4341 ἦσαν
2722 4271 2812 4331 ὑπ’
2894 4272 3092 4331 ἐκείνου
3148 4272 3313 4330 πάλαι
3383 4273 3855 4352 γεγυμνασμένοι),

458 4343 699 4421 erantin
711 4343 1089 4431 obedientia),
1142 4352 1453 4444 dimidiam
1474 4351 1714 4444 illorum
1737 4360 1963 4444 partem
1980 4371 2117 4413 con-

2204 4361 2404 4430 διεδόθη
2462 4365 2598 4420 κατὰ
2640 4362 2872 4431 σπουδὴν
2928 4377 3049 4427 τοῖς
3104 4343 3409 4443 περιοίκοις·
3436 4343 3526 4421 τὰ.
3558 4343 3691 4444 πρδς
3719 4343 3853 4441 ἡμίξ

457 4447 653 4517 restim
676 4443 1147 4509 distribuendam
1173 4443 1331 4504 inter
1379 4442 1611 4505 accolas
1659 4443 2120 4505 curavitzerant

457 4544 679 4612 autem,
705 4535 793 4597 uti
819 4533 1090 4609 decebat,
1148 4532 1455 4594 villissima
1509 4538 1569 4592 et
1621 4530 1844 4592 nullius
1872 4531 2116 4593 omnino

458 4625 635 4709 pretii
670 4631 1010 4704 tegumenta
1041 4630 1100 4683 et
1135 4622 1373 4684 vascula
1424 4639 1614 4703 eaque
1662 4619 1739 4709 ad
1786 4619 2117 4702 suscipien-

458 4708 603 4779 dum
633 4732 703 4776 ac
737 4712 1117 4775 serviendum
1148 4710 1487 4792 hospitibus
1519 4708 1834 4772 destinata.
1867 4710 1958 4772 Ad
1990 4712 2116 4773 haec

454 4822 661 4867 rerum
718 4802 1010 4877 omnium,
1090 4818 1222 4881 qua:
1285 4800 1360 4863 ad
1436 4799 1885 4863 sustentandam
1935 4799 2116 4862 vitam

453 4893 783 4956 reconditae
840 4889 1249 4971 servabantur,
1313 4889 1640 4972 participes
1692 4886 1866 4952 reddi
1896 4908 1968 4951 ex
2002 4889 2117 4950 mi-

452 4981 787 5046 sericordia
840 4996 1135 5062 pauperes
1189 4979 1395 5058 voluit,
1447 4979 1795 5061 priusquam
1845 4996 2118 5043 morere-

449 5079 567 5138 tur.

529 5160 632 5223 18.
656 5159 806 5224 Tres
828 5157 1047 5222 exinde
1068 5158 1197 5221 dies
1214 5158 1594 5235 efﬂuxerunt,
1618 5175 1753 5218 cum
1778 5155 1950 5220 solito
1973 5177 2105 5222 ma-

446 5251 638 5313 turius
658 5267 935 5329 surgens,
959 5248 1350 5310 domunculas
1373 5248 1620 5309 fratrum
1644 5246 1948 5323 circuivit;
1968 5267 2101 5311 cum

443 5340 811 5421 singulisque
835 5337 1088 5401 seorsim
1111 5355 1314 5417 agens,
1341 5336 1497 5419 etﬁad
1556 5337 1740 5418 pedes
1760 5355 1968 5399 eorum
1996 5357 2100 5401 ac-

446 5428 675 5510 cidens,
708 5436 987 5508 tanquam
1016 5426 1368 5489 humilitatis
1396 5444 1535 5489 vere
1592 5443 1731 5488 suos
1788 5427 2098 5490 exaltantis

445 5521 637 5594 typus,
672 5516 970 5579 orationes
998 5515 1186 5596 ipsius
1216 5525 1275 5578 et
1294 5516 1530 5578 veniam
1562 5515 1917 5578 delictorum
1952 5536 2100 5579 suo-

442 5618 576 5662 rum
609 5604 943 5684 postulavit.
1007 5603 1242 5669 Interea
1294 5604 1597 5681 fratribus,
1657 5623 1792 5667 cum
1837 5606 2102 5670 demisaa

443 5692 779 5779 reverentia
794 5699 853 5755 et
870 5691 1184 5771 religione,
1212 5695 1449 5756 Patrem
1500 5711 1675 5756 suum
1700 5693 2100 5761 circumstan-

2199 4472 2344 4509 σειαν
2393 4467 2406 4482 ’
2451 4450 2795 4509 εὔτελέστατα
2823 4450 2871 4508 δ’
2911 4452 3071 4533 ἦσαν,
3142 4456 3235 4510 οἷα
3303 4455 3468 4530 εἰκὸς,
3528 4455 3616 4510 καὶ
3664 4453 3857 4534 φαυλό-

2197 4563 2330 4598 τατα
2401 4542 2576 4609 πάντη
2686 4542 3037 4618 σκεπάσματα
3119 4542 3208 4598 καὶ
3290 4543 3562 4623 σκευάρια,
3626 4544 3852 4601 κάκεῖνα

2196 4633 2328 4711 πρὸς
2381 4628 2656 4712 ὑποδοχὴν
2726 4630 2817 4688 καὶ
2915 4631 3191 4714 θεραπείαν
3246 4630 3405 4697 ξένων
3457 4632 3798 4714 ἀφωρισμένα
3833 4650 3848 4665 ⁸

2198 4719 2274 4777 ἔτι
2315 4718 2485 4777 δὲκαὶ
2512 4718 2612 4777 ὅσα
2659 4725 2767 4777 τῶν
2823 4713 3124 4800 ἀναγκαίων
3180 4722 3253 4786 εἰς
3304 4713 3612 4803 ἀποτροφὴν
3667 4726 3852 4787 αὐτοῖς

2198 4809 2571 4890 προαπέκειτο,
2603 4810 2693 4867 καὶ
2734 4812 2762 4867 ὁ
2818 4809 3165 4891 φιλόπτωχος
3224 4809 3396 4889 ὅμως,
3455 4810 3571 4872 οὐδὲ
3652 4812 3854 4870 τούτων

2200 4898 2405 4967 ἀπῆλθε
2433 4899 2564 4979 πρὸς
2593 4897 2740 4955 ἔλεον
2768 4897 3151 4968 ἀκοινώνητος,

2271 5156 2371 5235 ιη’.
2427 5176 2584 5246 Τρεῖς
2633 5166 2862 5224 ἐντεῦθεν
2916 5166 3137 5249 ἡμέραι,
3193 5169 3283 5226 καὶ
3326 5167 3557 5235 ἀναστὰς
3608 5170 3846 5250 πρωϊαί-

2186 5278 2359 5337 τερον,
2389 5256 2508 5321 τοὺς
2567 5256 2827 5319 οἶκίσκους
2883 5257 3089 5336 περιῄει
3142 5264 3249 5315 τῶν
3304 5256 3567 5341 ἀδελφῶν,
3626 5261 3760 5335 ὁμου
3785 5280 3846 5317 τε

2184 5349 2274 5403 καὶ
2330 5344 2449 5402 κατ’
2504 5343 2636 5401 ἰδίαν
2691 5345 3033 5425 ἐντυγχάνων
3117 5349 3323 5425 αὺτοῖς,
3381 5349 3469 5405 καὶ
3552 5349 3695 5428 παρὰ
3721 5349 3845 5414 τοὺς

2178 5433 2342 5499 πόδας
2405 5434 2616 5508 ἑκάστῳ
2670 5431 3200 5515 προκυλινδούμενος,
3260 5439 3289 5494 ὁ
3343 5437 3505 5502 τύπος
3534 5442 3634 5505 τῆς
3678 5436 3844 5501 ὅντως

2180 5528 2438 5601 ὑψοποιοῦ
2510 5524 2909 5599 ταπεινώσεως,
3008 5525 3179 5606 εὐχὴν
3270 5526 3413 5606 παρὰ
3462 5527 3675 5584 πάντων
3755 5529 3846 5585 καὶ

2184 5614 2504 5693 συγγνώμην
2569 5612 2684 5681 ἧτει
2769 5620 2877 5670 τῶν
2974 5613 3363 5694 ἐπταισμένων.
3456 5622 3573 5675 Τῶν
3643 5614 3699 5673 δὲ
3756 5616 3847 5675 σὺν

2185 5701 2325 5759 αἰδοῖ
2395 5709 2465 5779 τῇ
2540 5703 2908 5781 προσκυνούσῃ
3007 5707 3097 5762 καὶ
3184 5704 3398 5778 εὒλαϐίᾳ
3491 5708 3583 5765 τὸν
3642 5707 3849 5787 Πατέρα
