4144 6388
327 366 484 433 1073

1382 396 1387 401 π
1442 369 1630 435 VITA
1673 370 1739 433 S.
1785 366 2178 432 DOROTHEI
2219 366 2596 431 JUNIORIS.

3573 359 3722 431 1074

315 502 697 582 περιεπόντων,
778 504 1088 581 ἀσπασμοῖς
1173 525 1231 561 τε
1288 504 1374 560 καὶ
1442 500 1654 581 δάκρυσι
1702 517 1825 568 ταῖς
1896 503 1963 566 εἰς

2054 498 2234 575 tibus,
2261 499 2577 581 ipsumque
2601 497 3020 580 amplexando,
3056 495 3466 579 lacrymando,
3501 495 3574 558 ad
3604 502 3726 557 ter-

316 586 505 669 ἔδαφος
580 586 1058 671 ἆντικατακλίσεσιή
1091 592 1153 648 τὸ
1223 592 1361 654 εἰκὸς
1445 588 1872 671 ἐκπληρούντων,
1942 591 1978 658 ἡ

319 658 622 759 μεσημϐρία
683 679 972 760 παρῆλθεν,
1031 658 1187 738 ἸΕνθα
1228 677 1294 748 δὴ
1354 679 1585 756 μάλιστα
1622 658 1798 745 ’πολὺς
1839 658 1919 744 τις
1951 681 1978 736 6

317 766 664 848 φιλόστοργος
753 769 842 843 ἦν,
955 772 1150 849 τροφῆς
1244 783 1542 849 μετασχεῖν
1653 766 1977 848 παρακαλῶν

316 856 560 938 ἕκαστον,
620 858 711 915 καὶ
763 854 907 926 ἄξιον
983 859 1063 935 μὴ
1106 858 1425 935 συγκάμνειν
1482 856 1565 915 ἐπὶ
1620 857 1781 915 πλέον
1809 858 1974 938 αὖτῷ,

314 947 401 1019 ὡς,
439 946 613 1006 οὐκέτι
666 948 785 1027 περὶ
841 950 908 1004 τὰ
963 949 1115 1005 κοινὰ
1169 948 1483 1023 πονουμένῳ
1551 949 1689 1005 κατὰ
1740 948 1802 1004 τὸ
1833 946 1968 1021 ἔθος,

312 1034 451 1092 ἀλλὰ
480 1042 567 1093 νῦν
597 1058 658 1114 γε
705 1037 822 1116 περὶ
878 1039 940 1095 τὸ
1000 1035 1139 1095 ἴδιον
1222 1038 1522 1117 ἀναγκαίως
1566 1035 1968 1118 ἀσχολουμένῳ,

310 1127 399 1182 καὶ
467 1126 544 1200 μὴ
615 1124 859 1206 διοχλεῖν
943 1125 1251 1203 βουλομένῳ
1296 1127 1415 1191 τοὺς
1472 1126 1689 1190 οἰκείους
1767 1129 1839 1190 εἷς
1908 1128 1973 1183 τὰ

309 1216 505 1276 οἰκεῖα.
566 1218 627 1273 Οἱ
668 1216 765 1291 μὲν
823 1215 912 1274 οὖν
983 1215 1227 1296 ἐντεῖχον
1297 1214 1667 1297 δυσφοροῦντες
1722 1215 1967 1283 ἐπιπολὺ,

338 1306 356 1359 ἱ
411 1302 459 1359 δ’
529 1303 554 1359 ἐ
599 1302 610 1319 ’
926 1304 981 1362 λ’
1143 1304 1237 1362 ἐϐ
1341 1306 1351 1328 ’
1411 1304 1420 1319 ’
1630 1305 1641 1325 ¹
1858 1307 1870 1326 ’

308 1326 338 1361 ο
558 1325 791 1361 νεκειντο
885 1328 924 1362 π
962 1328 1046 1362 εον
1170 1328 1202 1361 κ
1241 1312 1527 1382 ιαζομενοι,
1616 1305 1716 1371 ἕως
1800 1328 1970 1363 παντα

307 1400 546 1450 ποιοῦντι
633 1394 819 1471 μικρόν
919 1417 971 1451 τι
1055 1396 1571 1475 παραχωρήσαντες,
1647 1392 1970 1474 σύνέδραμον

306 1483 453 1548 αὖθις
479 1484 615 1559 μετὰ
664 1482 895 1553 σπουδῆς
963 1490 1300 1565 παραχρῆμα
1335 1504 1349 1518 ·
1411 1486 1499 1541 καὶ
1580 1482 1968 1547 καταλαϐόντες

305 1573 397 1629 τὸν
452 1571 605 1650 ἅγιον
688 1571 1051 1651 ἐκτενέστερον
1134 1574 1592 1655 προσευχόμενον,
1652 1573 1969 1653 διατραπέν-

305 1683 392 1727 τες
417 1661 722 1729 ὑπέστησαν
758 1681 771 1697 ·
805 1661 963 1743 ἄχρις
1028 1661 1150 1720 ὅτου
1204 1664 1358 1738 ποτὲ,
1410 1668 1508 1731 τῆς
1565 1665 1733 1743 εὐχῆς
1764 1664 1970 1727 ἐκεῖνος

2058 604 2186 648 ram
2217 605 2407 668 usque
2437 606 2570 650 sese
2625 586 3000 663 inclinando,
3049 586 3207 666 quod
3238 585 3330 647 sui
3360 593 3487 647 erat
3515 583 3719 665 ofﬁcii,

2060 676 2467 757 implentibus.
2504 677 2823 739 transierat
2881 674 3184 737 meridies.
3245 676 3432 752 Tunc,
3467 674 3554 735 uti
3583 692 3723 735 suos

2060 783 2236 846 quam
2266 766 2371 844 qui
2401 766 2659 829 maxime
2691 765 2947 839 amabat,
2981 765 3244 844 singulos
3272 763 3438 826 abire
3483 762 3720 826 cibum-

2060 872 2174 932 que
2207 872 2447 916 sumere
2476 856 2658 935 jussit
2683 876 2699 930 ;
2724 854 2874 917 nihil
2895 852 3010 916 sibi
3032 870 3210 934 porro
3234 852 3307 914 ab
3329 851 3475 933 ipsis
3510 850 3721 913 ofﬁciis

2058 940 2527 1023 impendendum
2552 944 2832 1007 dictitans
2858 950 3102 1024 ;utpote
3123 941 3317 1023 quide
3347 940 3530 1002 rebus
3560 959 3721 1003 com-

2060 1031 2384 1105 munitatis,
2418 1042 2484 1096 ut
2511 1033 2763 1108 solebat,
2815 1032 2964 1094 nihil
3014 1031 3269 1112 amplius
3300 1030 3613 1104 sollicitus,
3644 1028 3718 1092 ad

2057 1119 2343 1201 privatam
2369 1129 2591 1183 tantum
2645 1122 3061 1186 necessitatem
3119 1118 3506 1194 intendebat;
3541 1137 3717 1180 suos-

2055 1227 2172 1289 que
2203 1212 2359 1271 circa
2380 1228 2444 1272 se
2467 1212 2670 1273 vexari
2694 1211 2954 1273 nolebat'
2981 1209 3053 1271 Et
3071 1210 3173 1271 alii
3196 1209 3436 1290 quidem
3462 1208 3714 1269 multum

2053 1305 2258 1360 contra
2314 1299 2678 1377 nitebantur,
2739 1299 2839 1362 alii
2897 1318 3037 1361 vero
3090 1299 3442 1379 ampliorem
3504 1296 3561 1358 ei
3596 1297 3713 1360 vim

2051 1386 2364 1463 faciebant,
2399 1389 2594 1452 donec
2625 1389 2876 1451 multum
2943 1388 3234 1469 satagenti
3265 1386 3535 1449 nonnihil
3563 1405 3711 1448 con-

2055 1486 2365 1539 cesserunt
2392 1499 2406 1539 :
2435 1479 2539 1540 sed
2572 1499 2707 1541 mox
2763 1478 3058 1542 curriculo
3116 1478 3189 1540 ad
3220 1478 3415 1560 ipsum
3444 1484 3715 1539 reverte-

2054 1563 2309 1642 bantur;
2368 1567 2863 1648 invenientesque
2922 1568 3213 1630 intensius
3257 1574 3540 1628 .orantem
3572 1584 3711 1627 cum

2051 1656 2414 1717 verecundia
2432 1656 2847 1733 substiterunt,
2884 1656 3075 1719 donec
3104 1656 3273 1718 ﬁnita
3294 1655 3561 1719 oratione
3583 1654 3708 1716 fra-

302 1750 666 1831 παυσάμενος,
740 1742 891 1816 τοὺς
936 1752 1034 1827 μὲν
1114 1751 1365 1832 ἐπέτρεπε
1433 1742 1679 1831 ψάλλειν,
1737 1752 1891 1817 αὐτὸς
1921 1742 1963 1807 δ’

2053 1753 2176 1841 tres
2202 1744 2276 1805 ad
2305 1745 2633 1841 psalledum
2687 1746 2955 1841 hortatus
3007 1753 3136 1827 est;
3199 1753 3259 1807 et
3314 1744 3619 1841 reclinans
3647 1761 3713 1805 se

302 1837 619 1910 ἀνακλιθεὶς,
651 1829 767 1904 πῶς
828 1841 889 1897 ἃν
947 1840 1094 1898 ε’ἷποι
1141 1829 1252 1905 τις-
1290 1840 1464 1920 ἡμέρα
1507 1841 1595 1897 καὶ
1651 1829 1960 1920 προσηνῶς,

2050 1829 2198 1913 ipse,
2229 1834 2450 1914 quiete,
2484 1843 2549 1896 ut
2577 1837 2663 1896 sic
2690 1835 2911 1908 dicam,
2971 1842 3151 1916 utque
3182 1852 3368 1916 prono
3397 1834 3459 1896 in
3489 1841 3710 1895 terram

300 1930 389 1985 καὶ
416 1928 537 1992 τοὺς
589 1926 755 1992 πόδας
815 1927 1025 2010 ἐξάρας,
1079 1928 1133 1984 ἐν
1203 1931 1385 2009 εἰρήνῃ
1454 1929 1588 1985 κατὰ
1629 1930 1691 1984 τὸ
1719 1950 1961 2008 γεγραμ-

301 2017 462 2094 μένον
536 2016 800 2095 ἐκοιμήθη
880 2020 967 2075 καὶ
1065 2019 1305 2077 ὕπνωσεν
1395 2017 1556 2076 ὕπνον
1641 2014 1828 2092 ὅντως,
1903 2020 1963 2075 οὐ

296 2108 544 2181 θάνατον,
591 2104 752 2163 ὕπνον
809 2108 901 2164 τὸν
969 2107 1238 2185 πρέποντα
1284 2105 1502 2172 δικαίοις
1557 2109 1630 2171 ὡς
1684 2105 1893 2174 ἀληθῶς
1944 2127 1957 2141 ·

297 2199 387 2253 καὶ
430 2194 724 2275 προσετέθη
753 2197 925 2272 τούτῳ
983 2203 1062 2271 τῷ
1131 2197 1312 2276 τρόπῳ
1365 2198 1496 2276 πρὸς
1567 2197 1688 2258 τοὺς
1729 2195 1960 2275 πατέρας

300 2288 460 2346 αὐτοῦ
488 2288 516 2343 6
589 2285 844 2367 ἡμέτερος
899 2289 1048 2350 οὗτος
1104 2285 1157 2341 ἐν
1212 2285 1384 2364 ἁγίοις
1450 2286 1659 2362 Πατὴρ,
1718 2287 1807 2341 καὶ
1855 2286 1961 2348 υἱὸς

298 2381 401 2444 τῆς
443 2382 535 2433 τοῦ
585 2384 723 2436 Θεοῦ
769 2374 1063 2452 βασιλείας,
1118 2376 1249 2455 πρὸς
1302 2375 1370 2442 ἣν
1425 2373 1589 2438 οὕτως
1647 2372 1800 2438 ἱλεως
1847 2372 1959 2441 ἐξε-

297 2462 561 2540 δήμὴσεν,
610 2463 695 2521 ἐπὶ
736 2466 797 2521 τὸ
825 2461 1075 2544 βραϐεῖον
1104 2469 1210 2527 τῶς
1266 2462 1375 2520 ἅνω
1431 2462 1673 2533 κλήσεως
1701 2463 1955 2536 σπεύσας,

296 2555 386 2611 καὶ
414 2555 544 2633 πρὸς
570 2555 671 2623 τὴν
700 2554 902 2611 ἐκεῖθεν
932 2554 1222 2614 ἀνάπαυσιν
1277 2554 1550 2633 ὑπερφυῶς
1623 2550 1865 2628 μεταϐὰς
1899 2552 1961 2609 ἐκ

298 2648 406 2706 τῶς
463 2642 681 2701 ἐνταῦθα
734 2644 1086 2706 κακοπαθείας
1120 2658 1134 2672 ⁹
1209 2644 1284 2706 ὡς
1328 2646 1432 2723 οὐχ
1484 2644 1646 2709 ἧττον
1712 2642 1852 2699 εἶναι
1895 2643 1957 2698 τὸ

301 2731 456 2796 τέλος
501 2735 641 2807 αὖτῷ
668 2733 704 2798 ἣ
747 2734 839 2788 τὸν
862 2732 974 2809 βίον
1007 2729 1443 2807 ἆξιοθαύμαστον.

375 2810 473 2883 ιϐ’.
548 2821 778 2889 Τοιαύτη
846 2821 943 2897 μὲν
1023 2821 1277 2901 Δωροθέῳ
1351 2823 1386 2889 ἡ
1441 2820 1566 2897 ἐπὶξ
1599 2825 1698 2899 γῆς
1732 2818 1953 2900 επαροι-

2045 1938 2295 2000 corpore
2328 1923 2629 2005 pedesque
2650 1925 3002 2006 extendens,
3034 1924 3096 1985 in
3121 1941 3291 2005 pace,
3315 1922 3404 1984 uti
3421 1922 3709 2003 scriptum

2046 2018 2134 2069 est
2163 2010 2213 2085 7,
2249 2012 2546 2093 requievit
2575 2014 2635 2075 in
2659 2014 2957 2089 dormivit,
2984 2032 3282 2076 summum
3305 2012 3502 2094 potius
3532 2031 3710 2093 quam

2043 2097 2105 2159 in
2135 2106 2390 2161 mortem
2427 2119 2440 2164 :
2471 2120 2751 2165 sumnum
2786 2121 3028 2185 nempe,
3075 2103 3270 2184 qualis
3293 2105 3461 2183 juxto
3491 2101 3706 2179 decet;

2043 2195 2219 2268 atque
2243 2188 2326 2249 ita
2354 2191 2662 2270 appositus
2693 2201 2783 2253 est
2813 2192 3079 2272 patribus
3109 2191 3235 2253 suis
3264 2198 3504 2253 sanctus
3532 2190 3705 2254 hicce

2044 2277 2222 2338 Pater
2252 2286 2475 2350 noster,
2514 2282 2684 2359 regni
2714 2282 3001 2343 caelorum
3033 2281 3215 2357 ﬁlius,
3250 2300 3367 2361 quo
3398 2288 3517 2341 tam
3547 2281 3705 2343 hila-

2041 2363 2194 2451 riter
2222 2367 2334 2428 iter
2351 2370 2635 2450 suscepit,
2658 2369 2728 2431 ad
2749 2370 3057 2451 praemium
3083 2388 3356 2451 supernae
3374 2369 3706 2432 vocationis

2043 2450 2351 2529 festinans,
2378 2463 2436 2518 et
2464 2458 2536 2518 ad
2566 2450 2832 2539 requiem
2867 2450 3167 2520 cmlestem
3225 2460 3403 2519 modo
3432 2464 3703 2522 extraor-

2041 2542 2271 2606 dinario
2332 2546 2760 2625 transiensex
2819 2547 2984 2609 hisce
3042 2546 3448 2624 miseriis;ut
3503 2545 3703 2609 obitus

2041 2632 2172 2711 ejus
2227 2653 2348 2696 non
2404 2635 2622 2698 minori
2679 2636 3075 2699 admiratione
3130 2635 3347 2714 dignus
3402 2634 3480 2698 sit
3521 2654 3701 2717 quam

2039 2721 2182 2784 vita.

2119 2813 2212 2876 19.
2246 2812 2407 2875 Talis
2429 2813 2607 2893 igitur
2662 2813 2946 2877 Dorothei
2994 2814 3058 2876 in
3080 2814 3257 2876 terris
3276 2813 3516 2876 vivendi
3544 2813 3697 2877 ratio

294 2910 406 2988 κία,
454 2907 622 2974 οὕτως
671 2912 724 2965 αἱ
779 2908 990 2988 πράξεις
1047 2899 1136 2966 καὶ
1192 2911 1259 2967 τὰ
1328 2908 1454 2991 ἔργα
1510 2909 1753 2989 θεοφιλῆ.
1816 2899 1952 2965 οὕτω

2050 2899 2162 2976 'uit,
2195 2902 2342 2964 ralia
2377 2913 2609 2984 tamque
2637 2903 2838 2965 divina
2860 2922 3066 2985 opera,
3102 2911 3218 2966 tam
3243 2902 3483 2984 copiosa
3511 2921 3546 2965 a
3567 2903 3692 2966 Deo

286 2995 488 3073 δαψιλῆ
557 2999 623 3053 τὰ
723 2998 1030 3078 χαρίσματα
1062 3016 1077 3031 ⁸
1163 2999 1381 3067 τοιαύτη
1448 2996 1503 3054 δὲ
1559 2997 1719 3055 πάλιν
1784 2998 1870 3053 καὶ
1913 2999 1947 3064 ἡ

2050 2991 2244 3053 :ollata
2272 2993 2429 3054 dona
2453 3011 2467 3055 :
2504 2993 2635 3054 talis
2664 2993 2946 3056 similiter
2965 2993 3076 3055 viri
3097 2993 3402 3068 transitus,
3451 2993 3695 3056 omnino

288 3087 520 3144 ἐντεῦθεν
578 3086 921 3167 μετάστασις,
1006 3087 1254 3153 ἐπιεικῶς
1311 3086 1426 3153 ἀξία
1495 3090 1584 3144 καὶ
1647 3086 1939 3167 πρέπουσα,

2050 3081 2516 3144 πεεεὶειτίεέἰιηυε
2549 3091 2611 3145 et
2639 3085 2913 3157 decorus,
2941 3102 3009 3144 ac
3039 3083 3223 3147 veluti
3252 3082 3493 3145 coronis
3521 3102 3689 3164 quae-

287 3178 378 3233 καὶ
408 3180 524 3234 οἷον
566 3176 786 3256 κορωνίς
858 3198 938 3240 τις
996 3182 1174 3257 χρυσῆ
1222 3199 1291 3254 τῃ
1348 3183 1439 3234 τοῦ
1492 3175 1677 3257 ἀνδρὸς
1706 3174 1946 3247 πολιτείᾳ

2050 3172 2162 3234 lam
2193 3190 2395 3253 aurea,
2431 3172 3013 3235 taliconversationis
3033 3174 3187 3253 ejus,
3218 3181 3280 3233 ut
3303 3190 3411 3253 par
3430 3179 3541 3247 est,
3568 3174 3693 3233 im-

289 3267 431 3326 κατέι
472 3264 632 3344 λόγον
680 3265 984 3323 ἐπιτεθεῖσα
1017 3284 1032 3301 ⁶
1065 3269 1126 3322 οὗ
1180 3279 1300 3332 ταῖς
1330 3268 1461 3346 πρὸς
1503 3268 1565 3323 τὸ
1624 3273 1783 3322 Θεῖον
1810 3286 1944 3342 πρε-

2050 3259 2267 3322 )osita:
2317 3263 2491 3341 cujus
2550 3261 3083 3324 intercessionibus
3137 3262 3292 3343 apud
3348 3262 3557 3332 Deum,
3592 3261 3691 3324 cui

289 3352 511 3437 σϐέίαις,
561 3359 607 3430 ᾧ
659 3354 838 3418 καλῶς
895 3355 1266 3436 εὖηρέστησεν,
1326 3359 1626 3435 εὒαρεστεῖν
1680 3355 1947 3435 εὐχόμεθα

2055 3368 2158 3430 pse
2229 3349 2547 3412 admodum
2606 3351 2853 3432 placuit,
2907 3369 3016 3413 nos
3074 3370 3312 3432 quoque
3369 3349 3692 3431 placituros

289 3446 377 3501 καὶ
408 3445 553 3502 αὐτοὶ
606 3445 806 3524 κατάγε
849 3443 1071 3524 Ιῡδηλαδὴ
1101 3447 1162 3502 τὸ
1217 3443 1498 3525 ἡμέτερον,
1558 3446 1647 3501 καὶ
1701 3444 1801 3511 τὴν
1829 3445 1945 3500 καθ’

2050 3447 2399 3519 exoptamus,
2434 3448 2719 3521 quantum
2744 3459 2960 3521 nempe
3031 3459 3140 3521 per
3166 3450 3387 3501 statum
3415 3440 3689 3520 viresque

287 3534 433 3608 ἡμᾶς
462 3532 634 3612 λέγων
679 3531 896 3610 δύναμιν
942 3552 960 3570 ο
990 3534 1103 3590 ἐπεὶ
1150 3535 1236 3590 καὶ
1278 3546 1396 3598 τοῖς
1457 3532 1761 3614 ἐλαχίστοις
1805 3530 1949 3589 οἶδεν

2050 3536 2262 3590 lostras
2294 3527 2497 3592 licebit
2532 3550 2546 3606 ;
2580 3548 2715 3591 cum
2740 3530 2919 3591 etiam
2951 3530 3197 3591 niminis
3226 3527 3488 3609 gaudere
3524 3547 3683 3609 prae-

291 3623 328 3689 ἡ
385 3622 651 3697 ἀγαθότης
722 3623 927 3703 χαίρειν
1000 3625 1101 3680 ὑπὸ
1171 3622 1583 3705 φιλανθρωπίας,
1642 3624 1730 3679 καὶ
1786 3635 1950 3703 χεῖρα

2050 3618 2464 3703 ιυωειιιίιειειῐι
2479 3637 2583 3680 sua
2598 3619 3070 3681 noveritbonitas
3085 3620 3236 3699 ejus,
3253 3617 3683 3697 etadjutricem

286 3710 545 3792 παρέχειν
576 3714 706 3792 πρὸς
762 3713 828 3768 τὰ
883 3734 1106 3793 κρειττω
1174 3727 1298 3777 ταῖς
1357 3713 1664 3793 προθυμίαις
1700 3727 1714 3742 ⁸
1788 3711 1947 3767 δυνα-

2050 3707 2281 3769 tendere
2306 3726 2547 3770 manum
2579 3709 2653 3769 iis
2684 3709 2785 3788 qui
2813 3707 3099 3789 consequi
3128 3708 3402 3769 virtutem
3434 3706 3681 3769 deside-

285 3802 377 3865 τὸς
408 3797 463 3856 δὲ
520 3803 548 3858 6
591 3800 765 3879 ἅγιος,
826 3803 888 3859 τὸ
943 3801 1125 3860 λειπὸν
1192 3801 1534 3882 ἀποπληροῦν
1582 3821 1597 3835 '
1672 3800 1783 3859 ἐπεὶ
1810 3800 1946 3857 κάν-

2050 3802 2159 3856 'ant
2214 3799 2417 3859 Potest
2437 3805 2634 3861 autem
2660 3796 3089 3877 Sanctusquod
3139 3797 3309 3859 deest
3354 3795 3681 3876 supplere:

284 3894 447 3948 ταῦθα
503 3892 813 3971 χρηστότης
879 3892 1045 3973 αύτῷ,
1105 3898 1209 3949 τῶν
1264 3893 1473 3971 ἀγαθῶν
1525 3893 1587 3947 τὸ
1634 3889 1941 3970 κεφάλαιον,

2050 3884 2511 3966 luandoquidem
2571 3886 2781 3948 eadem
2819 3885 3198 3966 benignitas,
3233 3904 3367 3967 quae
3395 3885 3494 3948 hic
3522 3884 3683 3946 inter

281 3982 502 4041 κάκεῖσε
563 3990 653 4040 νῦν
703 3979 865 4037 πάλιν
935 3983 1056 4060 (οὒκ
1112 3979 1461 4061 ἀπιστοῦμεν)
1522 3982 1595 4045 ὡς
1654 3979 1943 4058 παραμένει

2050 3974 2269 4036 νὶτιυιες
2300 3976 2425 4051 ejus
2475 3975 2698 4055 primas
2756 3975 2967 4049 tenuit,
3024 3993 3185 4037 nunc
3239 3974 3362 4036 illic
3420 3991 3682 4055 quoque,

284 4069 422 4146 μέτὰ
486 4092 627 4136 τινος
683 4070 741 4127 εὖ
793 4068 918 4127 οἶδα
950 4058 954 4060 Ἴ
987 4072 1295 4150 προσθήκης
1340 4058 1449 4129 οὒκ.
1501 4071 1774 4149 ἆγεκινοῦς,
1834 4067 1944 4142 ὅσῳ

2050 4062 2272 4124 lubium
2322 4073 2683 4144 perseveret,
2745 4083 2877 4126 cum
2942 4083 3063 4126 non
3122 4064 3336 4144 exiguo
3366 4063 3459 4124 sui
3488 4062 3686 4125 incre.

282 4162 373 4217 καὶ
429 4159 652 4236 μέλιστα
679 4166 748 4238 τῇ
802 4160 907 4218 τῶν
964 4159 1142 4217 καλῶν
1209 4167 1363 4238 πηγῇ
1419 4162 1527 4217 νυνὶ
1584 4158 1938 4231 πεπλησίακε,

2050 4160 2259 4229 nente;
2285 4152 2656 4234 praeserti'um
2679 4172 2812 4215 cum
2836 4154 3111 4235 proprius
3131 4172 3291 4214 nunc
3313 4151 3466 4214 absit
3485 4151 3558 4213 ab
3578 4152 3682 4215 illo

282 4250 409 4330 παρ’
436 4252 473 4318 ἧ
504 4251 565 4306 τὸ
621 4251 860 4330 χρηστὸν
944 4250 1269 4329 ἀρυσάμενος
1323 4248 1586 4312 πλουσίως
1654 4250 1742 4304 καὶ
1781 4245 1943 4323 δαψι-

2050 4260 2319 4303 ιοῐιοτιιιῐι
2349 4243 2617 4304 omnium
2645 4242 2832 4317 fonte,
2867 4262 2938 4304 ex
2996 4261 3111 4323 quo
3143 4242 3367 4304 aﬁ‘atim
3398 4240 3683 4304 bonitatis

284 4338 416 4417 λῶς,
450 4338 508 4396 εὗ
560 4361 618 4395 τε
672 4338 1000 4398 δεδούλευκεν
1044 4337 1147 4405 ἤδη
1217 4336 1441 4403 πολλοῖς
1491 4340 1578 4395 καὶ
1625 4337 1940 4411 πεποίηκεν,

2050 4339 2087 4392 ιι
2113 4331 2352 4413 copiose
2380 4333 2684 4407 hauriens,
2720 4332 2959 4394 servivit
2979 4333 3105 4413 jam
3137 4331 3370 4412 pridem
3392 4349 3460 4392 ac
3480 4331 3674 4392 bene-

285 4426 426 4485 ἔνθεν
481 4431 553 4494 εἷς
575 4435 822 4486 τοσοῦτον
884 4430 972 4484 καὶ
1029 4425 1382 4499 δεδικαίωται,
1440 4429 1528 4485 καὶ
1594 4424 1669 4483 ἔτι
1739 4425 1942 4502 μᾶλλον

2050 4422 2165 4485 'ecit
2202 4422 2400 4484 multis
2428 4423 2578 4503 ipse,
2633 4429 2979 4502 tantumque
3031 4419 3440 4483 sanctimonia;
3464 4437 3681 4480 conse-

281 4519 521 4591 ποιήσει,
582 4519 670 4574 καὶ
736 4519 798 4574 τὸ
872 4515 1159 4597 φιλάγαθον
1215 4513 1519 4581 ἐπιδείξεται
1574 4517 1691 4595 περὶ
1738 4516 1938 4578 πάντας

2050 4519 2194 4571 :utus
2224 4518 2313 4572 est
2344 4535 2360 4585 ;
2395 4494 2573 4572 nunc
2601 4520 2795 4573 autem
2856 4494 3167 4572 liberalius
3225 4506 3583 4583 benefaciet,
3620 4516 3685 4571 et

281 4609 426 4682 ἡμᾶς
498 4608 619 4670 τοὺς
677 4606 1014 4686 περιλοίπευς
1086 4604 1161 4662 ἔτι
1246 4608 1334 4661 καὶ
1412 4610 1636 4684 ζῶντας,
1722 4606 1809 4661 καὶ
1864 4611 1940 4679 τῷ

2050 4599 2479 4661 beneﬁcentiam
2495 4618 2661 4662 suam
2677 4600 2981 4661 exseretin
2999 4617 3105 4660 nos
3119 4616 3347 4673 omnes,
3365 4598 3465 4677 qui
3486 4597 3679 4686 adhuc

282 4697 434 4771 τόπῳ
494 4697 663 4770 τούτῳ
718 4685 815 4764 τῆς
915 4696 1145 4772 βασάνου
1254 4694 1388 4759 τέως
1472 4690 1884 4773 ἐνδιατρίϐοντας
1919 4711 1939 4729 ο

2057 4689 2375 4771 uperstites
2403 4707 2610 4752 sumus
2634 4689 2696 4749 in
2724 4690 2834 4750 hac
2863 4689 2979 4750 vita
3019 4695 3080 4749 et
3139 4687 3197 4748 in
3229 4688 3415 4748 hacce
3446 4685 3677 4749 exerci-

284 4784 386 4848 ἕως
455 4786 544 4842 καὶ
613 4788 759 4862 ἡμᾶς
806 4789 833 4843 6
910 4785 1106 4841 ἐκείνου
1191 4781 1581 4859 μισθαποδότης
1663 4784 1794 4861 πρὸς
1840 4782 1941 4849 τὴν

2050 4779 2261 4840 ationis
2292 4779 2562 4859 palaestra
2589 4795 2894 4839 versamur
2925 4794 2939 4839 :
2975 4776 3169 4838 donec
3222 4776 3348 4849 ille,
3384 4775 3485 4855 qui
3518 4775 3684 4838 Patri

1166 4869 1258 4938 εἴη
1343 4870 1397 4927 δὲ
1441 4872 1609 4928 εἰπεῖν
1666 4873 1755 4927 καὶ
1810 4871 1941 4927 ἀνά-

2050 4877 2226 4930 tostro
2256 4874 2670 4929 rennmeratus
2697 4873 2805 4941 est,
2842 4884 2950 4927 nos
2997 4884 3233 4946 quoque
3261 4864 3335 4925 ad
3361 4881 3680 4944 supernam

2022 4957 2317 5039 requiem,
2348 4964 2449 5019 aut
2479 4955 2671 5037 potius
2701 4954 2977 5028 dixerim,
3015 4973 3223 5017 omnes
3255 4952 3546 5016 molestia:
3572 4970 3678 5014 va-

2022 5046 2299 5108 cuitatem
2358 5054 2610 5122 evocet;
2671 5062 2850 5127 quem
2903 5047 3080 5107 decet
3135 5043 3344 5124 gloria,
3402 5044 3592 5106 honos
3621 5050 3682 5107 et

2020 5136 2285 5201 adoratio
2340 5143 2574 5213 cuncta,
2630 5152 2790 5198 nunc
2848 5144 2906 5196 et
2960 5151 3200 5215 semper
3254 5140 3311 5197 et
3364 5132 3426 5195 in
3459 5132 3676 5196 saecula

2020 5226 2395 5290 saeculorum.
2432 5227 2650 5289 Amen.

284 4873 400 4930 ἐκεῖ
454 4873 667 4931 καλέσει
723 4874 1077 4952 κατάπαυσιν,

283 4985 500 5044 παυσιν,
531 4967 578 5039 ᾧ
605 4962 795 5043 πρέπει
851 4970 996 5020 πᾶσα
1064 4959 1185 5027 δόξα
1240 4961 1372 5037 τιμὴ
1429 4961 1515 5015 καὶ
1555 4960 1933 5038 προσκύνησις,

280 5060 370 5110 νῦν
427 5055 517 5110 καὶ
580 5054 682 5128 ἀεὶ,
742 5055 829 5109 καὶ
920 5053 994 5115 εἰς
1090 5051 1210 5113 τοὺς
1300 5051 1492 5112 αἰῶνας
1549 5050 1653 5104 τῶν
1708 5048 1932 5108 αἰώνων.

281 5143 482 5218 Ἀμήν.

362 5411 392 5460 7
422 5408 580 5475 Psal.
613 5427 696 5489 tv,
727 5411 789 5475 9.

360 5581 440 5664 (9)
485 5582 681 5662 Πόσος,
713 5589 1004 5664 quantus,
1036 5596 1218 5662 quam
1256 5580 1532 5658 multus;
1568 5576 1712 5641 hinc
1756 5577 1963 5642 DBCdUJ

2050 5574 2189 5640 alibi
2234 5573 2490 5637 necdum
2521 5574 2913 5654 συμποσέομαι,
2948 5569 3118 5654 quasi
3144 5568 3334 5634 simul
3360 5576 3662 5651 supputor
