4144 6388
345 357 502 422 1077

453 493 514 551 Εἰ
553 490 600 548 δ’
629 493 716 550 οὗν
759 495 822 550 τὸ
851 492 1012 575 δῶρον
1038 492 1205 560 δεξιᾶς
1235 499 1336 561 σῆς
1356 493 1530 570 ἀξίου,

629 603 688 638 τε
717 584 916 650 σαυτὴν
937 583 1094 663 εύπρε
1123 585 1238 646 πῶς
1269 583 1438 656 τούτῳ
1461 581 1617 663 στέφε
1666 601 1682 619 ⁶

463 652 523 727 ’Ἠ
569 670 786 747 μᾶλλων
811 671 1123 752 εὐπρέπειαν
1153 672 1289 739 αὐτὴ
1318 679 1394 746 τῷ
1424 671 1598 751 στέφει

457 761 845 839 Προσψαύσεως
876 767 977 830 σῆς
1006 760 1297 838 ἀξιουμένῳ
1324 757 1484 822 δίδου.

462 842 635 932 ΣΗμᾶς
663 850 718 909 δὲ
748 853 868 916 τοὺς
899 851 1077 932 λόγοις
1110 874 1168 908 σε
1197 857 1461 928 τιμῶντας
1488 852 1672 926 μόνοις

463 922 666 1021 σΕργοις
699 942 761 998 σὺ
789 922 1002 1006 πάντως
1030 922 1374 1017 ἀντιτίμησον
1403 922 1586 999 πλέον.

459 1030 610 1104 Οἴκῳ
637 1053 694 1088 τε
724 1033 802 1107 τῷ
831 1038 909 1107 σῷ
937 1037 1301 1112 γειτονούντας
1331 1028 1531 1093 ἐνθάδε,

463 1120 561 1199 imi
587 1125 684 1188 τῆς
716 1120 832 1178 ἐκεῖ
859 1128 952 1178 σοῦ
982 1127 1174 1197 στῇσον
1206 1120 1358 1199 ἐγγὺς
1390 1119 1578 1189 οἰκίας,

459 1194 556 1292 ΪΗν
581 1210 910 1292 ἀμφέπουσιν
940 1213 986 1268 οἱ
1019 1194 1175 1292 χοροὶ
1354 1208 1621 1288 ἀγγέλων,

456 1282 478 1301 ﬂ
519 1305 592 1355 Πν
637 1307 982 1380 προσκυνοῦσι
1009 1306 1152 1356 πᾶσα
1182 1298 1340 1364 τάξις
1357 1299 1464 1355 τῶν
1492 1297 1624 1356 ἅνω.

455 1388 663 1456 Ταύτην
693 1387 922 1466 ἀμοιϐὴν
950 1396 1044 1446 τοῖι⁹
1084 1389 1245 1446 πόθου
1276 1389 1364 1444 καὶ
1393 1387 1485 1444 τοῦ
1513 1385 1674 1466 λόγου

460 1475 724 1554 Δάϐοιμεν
754 1477 815 1535 ἐκ
845 1485 960 1552 σοῦ,
994 1479 1166 1536 καὶτὸ
1194 1482 1296 1545 τῆς
1329 1475 1483 1544 δόξης
1514 1477 1704 1557 στέφος
1736 1496 1754 1516 ο

457 1567 566 1624 Κᾶν
611 1574 775 1624 ταῦτα
806 1574 990 1644 μεῖζον
1019 1567 1056 1636 ἢ
1099 1565 1216 1624 καθ’
1248 1569 1391 1643 ἡμᾶς
1408 1565 1654 1626 ἐλπίσαι.

417 1645 504 1715 Α’.
564 1653 684 1715 Ἐπὶ
739 1656 840 1725 τὴν
923 1657 1143 1735 Μητέρα
1250 1656 1342 1712 τοῦ
1399 1657 1572 1733 Λόγου
1627 1654 1806 1731 μετὰ1
1904 1658 1992 1712 τὸν

1272 363 1522 428 SERMO
1565 365 1649 430 IN
1693 365 1796 428 SS.
1842 361 2199 425 DEIPAR/E
2241 362 2810 429 DORMITIONEM.

3583 356 3736 426 1078

2006 504 2050 554 Α
2151 495 2302 578 Ergo
2338 504 2435 559 tua
2464 497 2708 577 dignare
2737 499 2959 561 donum
2981 498 3245 575 dextera,

2155 585 2442 668 Sertoque
2473 595 2530 649 te
2560 588 2843 650 decenter
2872 590 3004 669 ipsa
3033 589 3250 668 cingito
3283 610 3299 665 ;

2154 675 2309 748 Quin
2339 680 2593 751 muneri,
2628 678 2830 757 Virgo,
2862 697 3078 740 novum
3113 677 3310 759 praebe
3332 676 3515 739 decus

2154 768 2306 828 Dum
2330 765 2625 828 destinata
2655 775 2712 828 te
2742 784 2964 831 corona
2994 767 3280 846 protegis.

2154 855 2391 934 Nosque
2421 874 2528 916 ore
2559 863 2810 930 tantum,
2846 855 3010 932 Diva,
3044 856 3392 936 plaudentes
3420 852 3529 916 tibi

2157 942 2244 1004 Tu
2269 962 2334 1004 re
2362 944 2621 1005 vicissim
2648 945 2737 1006 fac
2767 946 3030 1006 honores
3058 945 3314 1024 amplius
3344 964 3360 1019 ;

2155 1032 2226 1093 Et
2254 1051 2400 1113 quos
2435 1043 2546 1094 tum
2574 1035 2702 1096 sedi
2732 1034 2828 1094 hic
2861 1033 3046 1095 habes
3077 1033 3461 1109 domesticos,

2157 1121 2228 1184 Et
2256 1122 2424 1183 alteri
2456 1141 2691 1184 sursum
2727 1123 3092 1203 propinquos
3123 1124 3366 1198 advoca,

2155 1207 2339 1282 Quam
2373 1211 2600 1271 ccelites
2631 1213 2856 1271 circum
2889 1213 3238 1289 angelorum
3269 1218 3425 1273 stant
3454 1213 3645 1289 chori,

2156 1297 2340 1370 Quam
2374 1308 2585 1360 cuncta
2617 1300 2884 1360 certatim
2917 1301 3062 1361 colit
3093 1300 3291 1360 divum
3326 1301 3569 1362 cohors.

2154 1387 2276 1449 Hac
2306 1406 2414 1449 nos
2443 1388 2686 1463 amoris,
2717 1388 2933 1451 debitae
2959 1389 3070 1450 hac
3101 1389 3292 1451 laudis
3318 1389 3450 1452 vice

2155 1478 2272 1539 Per
2302 1485 2360 1538 te
2391 1478 2656 1538 fruamur
2678 1497 2811 1539 cum
2846 1496 3081 1539 coronae
3108 1478 3318 1555 gloria,

2156 1565 2376 1647 Majora
2408 1586 2742 1647 quanquam
2777 1569 2898 1629 haec
2929 1577 3070 1629 sunt
3097 1568 3226 1648 spei
3257 1568 3501 1630 ﬁducia.

2159 1659 2216 1719 1.
2234 1656 2325 1718 Ad
2341 1665 2592 1718 matrem
2620 1655 2800 1717 Verbi
2826 1657 3360 1737 oratio,postquam
3375 1676 3510 1718 cum
3535 1655 3735 1719 Verbo

338 1743 530 1823 Λόγον,
567 1748 594 1802 ὁ
664 1743 849 1824 λόγος.
930 1747 1028 1803 Τὸν
1071 1746 1170 1825 γὰρ
1227 1743 1460 1839 βασιλέα
1499 1744 1864 1839 προπέμψας,
1924 1751 1989 1822 τῇ

2081 1753 2302 1806 versata
2332 1753 2442 1822 est,
2477 1763 2542 1806 se
2585 1746 2892 1806 convertit.
2954 1749 3272 1826 Postquam
3316 1747 3478 1806 enim
3511 1747 3738 1824 Regem

337 1832 572 1890 Βασιλίδι
629 1840 993 1913 προσυπαντᾷ,
1051 1834 1157 1891 ἀπὸ
1226 1831 1379 1901 δόξης
1437 1830 1585 1899 δόξαν
1618 1831 1871 1909 ἀμείϐων,
1904 1837 1992 1891 καὶ

337 1921 664 1998 μεταϐαίνων
735 1926 807 1988 εἷς
865 1923 1084 2000 δύναμιν
1138 1923 1198 1980 ἐκ
1270 1922 1562 1998 δυνάμεως.
1651 1923 1830 1987 Οὕτως
1900 1924 1991 1980 ἐν·

333 2019 499 2094 τρυφᾷ
527 2018 596 2090 τῇ
659 2016 763 2069 τῶν
823 2012 1001 2072 καλῶν
1054 2013 1289 2092 εὐπορίᾳ,
1349 2013 1437 2068 καὶ
1505 2022 1767 2072 τοσοῦτων
1816 2015 1992 2094 χαίρει

338 2100 772 2182 φιλοτιμούμενος
804 2109 873 2180 τῇ
902 2104 1173 2182 περιουσίᾳ
1201 2108 1304 2158 τῶν
1348 2100 1667 2164 ὑποθέσεων,

414 2195 636 2271 Χριστὸς
696 2193 792 2268 μὲν
847 2195 1007 2271 ἡμῖν,
1052 2193 1087 2261 ἡ
1145 2191 1355 2248 πάντων
1406 2192 1562 2270 ἑορτῆ
1632 2199 1736 2249 τῶν
1789 2193 1993 2255 αἰώνων

333 2278 364 2328 3
389 2281 550 2360 ἑορτὴ
578 2279 605 2323 3
663 2283 792 2362 χθὲς
821 2282 888 2350 ἧν
945 2279 1064 2338 ἀλλ’
1097 2281 1280 2361 ἑορτὴ,
1353 2282 1652 2362 φωτισμὸς,
1719 2283 1807 2338 καὶ
1837 2283 1991 2360 πηγὴ

334 2371 509 2449 φωτὸς
539 2367 733 2444 ἀϊδίου,
766 2373 854 2427 καὶ
907 2371 1168 2451 αὐτόφως.
1234 2370 1332 2426 Διὰ
1383 2379 1538 2428 τοῦτο
1604 2371 1691 2426 καὶ
1719 2376 1830 2450 φῶς
1855 2371 1988 2427 ἀνα-

334 2455 662 2535 ϐαλλάμενος
691 2461 765 2524 ὡς
835 2461 1066 2538 ἱμάτιον,
1124 2460 1222 2527 τὴν
1280 2460 1421 2534 αὒτῷ
1489 2461 1624 2515 κατὰ
1659 2459 1810 2539 φύσιν
1854 2460 1987 2515 ἀνα-

334 2545 522 2624 ϐολὴν,
553 2551 640 2605 καὶ
683 2556 761 2623 τῷ
811 2555 1080 2629 προσῶπῳ
1133 2547 1352 2624 λάμψας
1409 2551 1482 2612 ὡς
1553 2546 1724 2628 ἥλιος,
1759 2546 1810 2614 ἐξ
1841 2547 1990 2628 ὅρους

335 2637 485 2716 ἁγίου
527 2651 650 2701 ταῖς
717 2639 1015 2718 ἀστραπαῖς
1074 2638 1215 2713 ἡμᾶς
1285 2634 1462 2711 ἔϐαλε,
1521 2639 1608 2694 καὶ
1649 2638 1746 2704 τὴν
1772 2638 1891 2694 θέαν
1934 2638 1992 2695 οὒ

334 2726 582 2806 φέροντας
613 2726 849 2801 παρῆλθε
900 2727 1042 2806 ταχὺ
1074 2742 1088 2757 ⁶
1153 2725 1356 2802 μᾶλλον
1406 2726 1460 2782 δὲ
1517 2724 1630 2802 μεθ’
1661 2728 1817 2802 ἡμῶν
1848 2727 1988 2784 ἐστιν

333 2816 412 2872 ἀεὶ
441 2818 578 2872 κατὰ
605 2816 706 2884 τήν
775 2817 1091 2896 ὑπόσχεσιν,
1165 2818 1254 2873 καὶ
1281 2815 1480 2892 λάμπει
1536 2829 1654 2880 τοῖς
1711 2815 1872 2882 ἀξίοις
1902 2820 1990 2872 καὶ

333 2912 442 2980 νῦν,
489 2904 624 2962 ἀλλὰ
652 2907 781 2985 πρὸς
814 2905 981 2978 ἀξίαν,
1013 2907 1100 2961 καὶ
1133 2906 1508 2985 μετριώτερον.

2076 1835 2351 1896 comitata
2390 1844 2502 1908 est,
2539 1835 2780 1913 Reginae
2809 1854 3151 1897 occurrens.
3205 1836 3452 1914 gloriam
3485 1837 3740 1896 alternat

2075 1924 2283 2002 gloria,
2321 1931 2378 1984 et
2409 1923 2482 1983 de
2513 1923 2726 1985 virtute
2758 1928 2968 1985 transit
3023 1925 3084 1984 in
3131 1923 3437 1985 virtutem.
3474 1923 3640 1984 Adeo
3672 1923 3736 1985 in

2076 2015 2368 2075 bonorum
2401 2013 2714 2074 deliciatur
2743 2015 2935 2093 copia,
2975 2020 3034 2074 et
3066 2013 3140 2074 de
3175 2013 3498 2075 thematum
3549 2009 3734 2074 uber-

2077 2111 2192 2163 tate
2223 2102 2370 2163 adeo
2401 2101 2516 2162 sibi
2550 2103 2789 2181 placens
2823 2103 3173 2164 eollzetatur.

2156 2193 2232 2254 Et
2260 2191 2574 2270 superiore
2597 2191 2838 2271 quidem
2857 2193 3004 2253 festo
3036 2189 3527 2266 (2)celebrandus
3563 2191 3740 2255 nobis

2079 2281 2520 2362 proponebatur
2547 2280 2840 2348 Christus,
2901 2280 3000 2360 qui
3053 2283 3409 2340 saeculorum
3469 2281 3739 2342 omnium

2074 2373 2286 2432 festum
2319 2378 2428 2451 est,
2465 2369 2568 2430 sed
2603 2369 2814 2430 festum
2848 2369 2949 2450 qui
3009 2376 3066 2429 et
3095 2367 3448 2429 illuminatio
3482 2367 3579 2442 sit,
3614 2368 3736 2431 imo

2072 2461 2203 2522 fons
2233 2459 2384 2520 lucis
2413 2467 2673 2532 aeterna,
2707 2467 2881 2538 atque
2910 2459 3039 2538 ipsa
3064 2476 3244 2538 perse
3264 2458 3385 2518 lux.
3411 2459 3740 2536 Propterea

2076 2559 2132 2611 et
2152 2551 2408 2612 amictus
2439 2549 2673 2623 lumine
2700 2549 2861 2610 sicut
2889 2551 3250 2609 vestimento
3281 2564 3327 2620 ι,
3380 2546 3736 2609 vestimento

2074 2642 2340 2719 inquam,
2375 2638 2535 2718 quod
2568 2637 2695 2716 ipse
2726 2655 2796 2698 ex
2827 2645 3034 2698 natura
3066 2655 3170 2698 sua
3228 2635 3440 2711 induit,
3478 2643 3537 2696 et
3567 2636 3730 2714 facie

2071 2728 2468 2809 resplendens
2495 2728 2652 2788 sicut
2705 2726 2872 2805 301b,
2930 2725 3200 2804 fulgetris
3260 2725 3384 2784 suis
3444 2743 3476 2786 ε
3531 2731 3738 2787 sancto

2071 2825 2272 2882 monte
2301 2828 2323 2856 ⁸
2350 2836 2458 2877 nos
2489 2815 2822 2896 ejaculavit.
2855 2834 2923 2875 ac
2949 2815 3062 2876 cito
3095 2832 3213 2874 non
3244 2813 3504 2874 ferentes
3529 2814 3737 2894 splen-

2071 2908 2274 2970 dorem
2307 2906 2498 2967 vultus
2530 2905 2659 2984 ejus
2707 2903 3048 2982 pertransiit
3076 2913 3126 2977 d,
3157 2921 3285 2964 sem
3321 2902 3530 2962 melius
3561 2902 3735 2964 dixe~

331 2992 470 3067 rim,
505 3011 744 3074 semper
772 2993 1082 3056 nobiscum
1116 3005 1206 3055 est
1227 2993 1552 3056 secundum
1587 2993 2045 3074 promissionem
2091 3015 2284 3077 suam,
2319 3002 2376 3057 et
2403 3013 2560 3055 nunc
2590 3013 2828 3075 quoque
2856 3011 3087 3067 eorum,
3125 2991 3226 3072 qui
3247 2991 3413 3070 digni
3442 2991 3582 3068 sint,
3613 3009 3686 3071 pr

339 3083 630 3185 cujusque
660 3092 859 3144 tamen
891 3083 1120 3185 meritis
1151 3092 1208 3146 et
1239 3101 1355 3164 qua
1382 3082 1523 3145 ferri
1559 3083 1745 3185 possit
1774 3083 2027 3159 ratione,
2063 3086 2247 3148 oculis
2277 3084 2652 3165 resplendet.
2782 3173 2816 3185 Η
3021 3172 3034 3185 _
3186 3169 3200 3182 .
3339 3170 3353 3185 ι
3531 3168 3544 3185 1
3589 3169 3603 3185 ¹
3664 3113 3668 3120 ‘

413 3163 493 3230 B'.
533 3163 593 3230 Ἠ
624 3175 855 3251 σήμερον
904 3171 957 3229 δὲ
1024 3175 1122 3240 τὴν
1178 3163 1404 3251 Χριστοῦ
1475 3173 1688 3252 Μητέρα
1746 3187 1979 3229 ποιεῖται

2145 3175 2217 3237 Η.
2253 3163 2555 3235 Hodierna
2589 3191 2726 3233 vero
2760 3173 2888 3234 (lies
2949 3169 3202 3233 solemni
3262 3170 3426 3231 cultu
3455 3168 3728 3231 celebrat

331 3263 641 3342 μυστήριον,
713 3262 774 3318 ἐκ.
832 3260 1068 3340 μεγάλου
1120 3283 1179 3318 τε
1251 3261 1412 3339 μέγα,
1469 3262 1559 3317 καὶ
1628 3260 1872 3340 λαμπρὸν
1929 3262 1988 3319 ἐκ

331 3352 596 3432 λαμπροῦ,
696 3353 784 3409 καὶ
892 3353 1174 3431 προφθάνει
1283 3348 1607 3431 φαιδρότητα
1703 3349 1986 3430 φαιδρότης

335 3441 641 3518 δημοτελὴς
686 3444 774 3499 καὶ
818 3443 1044 3519 μεγίστη
1074 3443 1365 3520 πανήγυρις
1437 3439 1762 3507 τηλικαύτην
1812 3463 1984 3498 κατα-

333 3528 616 3606 λαμϐάνει,
693 3531 843 3589 Οὕτω
908 3530 1079 3586 πάντα
1156 3530 1350 3608 τρόπον
1433 3530 1568 3603 ἡμῖν
1627 3530 1984 3607 ἀγαθυνούσης

334 3625 434 3687 τῆς
489 3621 842 3700 ἆγαθότητος,
904 3621 993 3677 καὶ
1049 3619 1207 3700 χάριν
1281 3616 1518 3686 διδούσης
1602 3619 1739 3677 κατὰ
1803 3621 1985 3698 καιρὸν

333 3709 448 3766 ἀντὶ
500 3711 743 3790 χάριτος.
832 3707 961 3766 Οἵδε
1045 3711 1145 3787 γὰρ
1228 3711 1262 3775 ἡ
1301 3709 1488 3787 .σοφία
1570 3711 1991 3786 παραμυθεῖσθαι

333 3804 508 3880 σοφῶς
541 3802 600 3856 τὸ
630 3805 729 3868 τῆς
799 3798 1131 3877 ἀνθρωπίνης
1189 3797 1454 3860 ἀσθενείας
1512 3797 1764 3875 ἁψίκορον
1791 3797 1846 3872 4,
1890 3796 1987 3866 ἵν’,

333 3889 513 3966 ὥσπερ
540 3889 813 3946 κακόσιτοι
841 3889 895 3964 5,
969 3888 1046 3962 τῷ
1100 3885 1389 3945 πολυτελεῖ
1467 3887 1554 3942 καὶ
1626 3886 1850 3962 ποικίλῳ
1890 3890 1996 3943 τῶν

331 3978 694 4057 προκειμένων
753 3978 1098 4052 ἀνακτώμεθα
1151 3978 1250 4044 τὴν
1319 3973 1482 4055 ὄρεξιν
1553 3976 1875 4051 κάμνουσαν,
1909 3979 1995 4032 καὶ

330 4083 452 4132 ταῖς
576 4070 883 4148 προθυμίαις
982 4067 1329 4145 ἀκμάζοντες,
1430 4065 1612 4129 ὁσάκις
1642 4063 1674 4113 6
1727 4065 1788 4120 ἃν
1860 4063 1988 4139 δέοι,

284 4152 293 4158 ’
330 4162 463 4236 πρὸς
508 4160 606 4226 τὴν
634 4159 740 4216 τῶν
771 4157 1053 4237 χρησίμων
1082 4157 1401 4230 ἀπαντῶμέν
1444 4153 1760 4216 ἀπόλαυσιν,

2071 3262 2390 3326 Genitricis
2421 3261 2642 3324 Ghristi
2676 3261 3043 3342 mysterium,
3069 3278 3348 3337 magnum
3370 3259 3576 3338 utique
3597 3265 3728 3337 post

2073 3371 2348 3432 magnum
2379 3370 2449 3412 ac
2478 3350 2858 3430 splendidum
2891 3358 3020 3430 post
3043 3348 3450 3428 splendidum,
3485 3355 3544 3406 et
3576 3345 3733 3407 lati-

2070 3442 2542 3502 tiacommunem
2559 3439 3096 3500 omniumlaetitiam
3123 3445 3486 3515 praeeuntem
3521 3434 3734 3512 habet,

2068 3550 2138 3591 ac
2169 3530 2420 3591 maxima
2449 3529 2794 3589 solemnitas
2827 3527 3144 3588 maximam
3190 3523 3408 3604 excipit
3441 3524 3734 3585 solemni-

2074 3628 2273 3688 tatem.
2332 3619 2430 3682 Sic
2485 3636 2701 3698 nempe
2761 3617 2952 3678 modis
3010 3614 3289 3675 omnibus
3347 3612 3740 3692 bonitasipsa

2076 3709 2386 3770 beneficiis
2411 3725 2520 3768 nos
2549 3706 2833 3780 cumulat,
2888 3715 2946 3767 et
2995 3704 3244 3782 gratiam
3270 3702 3476 3779 gratiae
3501 3721 3729 3781 oppor-

2080 3807 2218 3859 tune
2247 3797 2537 3876 adjungit.
2572 3794 2742 3856 Novit
2771 3795 2931 3856 enim
2967 3794 3209 3875 (divina)
3238 3791 3538 3870 Sapientia
3567 3791 3741 3851 inﬁr-

2080 3886 2302 3948 mitatis
2334 3887 2612 3946 humanm
2640 3884 3006 3946 desiderium
3033 3883 3104 3945 ad
3139 3881 3439 3943 fastidium
3472 3881 3731 3960 proclive

2079 3976 2321 4056 provide
2353 3976 2601 4036 reticere
2633 3993 2649 4046 ;
2687 3980 2893 4036 utnon
2947 3991 3119 4035 secus
3169 3990 3238 4032 ac
3297 3970 3399 4050 qui
3429 3971 3738 4031 stomacho

2078 4063 2368 4138 laborant,
2430 4063 2735 4144 exquisitis
2819 4063 3113 4145 variisque
3174 4060 3365 4140 epulis
3423 4059 3742 4140 propositis

2078 4154 2493 4230 elanguentem
2518 4171 2724 4212 rursus
2757 4153 3082 4214 excitemus
3112 4147 3534 4231 appetentiam,
3572 4148 3740 4210 desi-

334 4247 622 4329 derioque
652 4246 882 4309 alacres
911 4244 1126 4319 effecti,
1159 4243 1232 4305 ad
1263 4262 1334 4305 ea
1360 4261 1490 4324 quae
1519 4243 1690 4304 nobis
1719 4243 2004 4323 prodesse
2036 4251 2275 4324 queant,
2307 4242 2693 4321 degustanda,
2751 4243 2984 4322 quoties
3034 4243 3445 4321 opportunitas
3473 4255 3536 4298 se
3567 4237 3742 4298 nobis

334 4339 563 4412 oti‘erat,
598 4354 1007 4398 occurramus.

416 4417 498 4488 Γ’.
563 4425 729 4484 Ἀλλὰ
801 4447 868 4500 με
923 4425 1235 4505 θερμότερον
1291 4425 1428 4480 κινεῖ
1497 4425 1563 4480 τὰ
1615 4423 1849 4501 παρόντα
1908 4426 1989 4480 καὶ

2158 4421 2257 4484 Ill.
2290 4423 2509 4483 Verum
2541 4442 2672 4505 qua:
2697 4441 2854 4484 nunc
2883 4430 3198 4501 geruntur;
3230 4414 3738 4505 vehementiorem

336 4516 511 4597 φέρειν
541 4515 768 4595 μετρίως
799 4515 893 4572 οὒκ
923 4514 1039 4594 ἔχω
1066 4516 1164 4581 τὴν
1223 4511 1460 4588 ἡδονὴν,,
1493 4513 1581 4568 καὶ
1634 4518 1782 4582 ζητῶ
1811 4513 1989 4591 φωνὴν

2081 4511 2136 4572 in
2168 4531 2261 4572 me
2283 4504 2566 4572 affectum
2591 4513 2947 4585 accendunt,
2975 4527 3086 4570 nec
3113 4505 3285 4568 facile
3311 4504 3737 4597 exuberantem

335 4607 485 4674 ἀξιαν
552 4612 642 4662 τοῦ
712 4605 1000 4680 θαύματος.
1072 4604 1345 4677 Βοήσομαι
1420 4603 1588 4657 τοίνυν
1643 4599 1886 4679 λαμπρόν
1943 4624 1989 4657 τι

2081 4601 2203 4661 fere
2228 4600 2658 4678 jucunditatem
2692 4618 2956 4680 possum,
2977 4607 3036 4658 et
3067 4594 3272 4669 verba,
3301 4611 3431 4673 quae
3453 4591 3738 4653 miraculo

334 4699 424 4754 καὶ
453 4695 756 4775 διαπρύσιον
786 4693 837 4766 7,
911 4696 996 4750 καὶ
1025 4697 1122 4760 τῆς
1204 4691 1406 4770 ἡμέρας
1459 4691 1557 4757 τὴν
1601 4689 1758 4769 χάριν
1804 4690 1989 4765 ὑψηλῳ

2081 4689 2504 4767 respondeant,
2542 4707 2638 4748 me
2659 4688 2963 4775 deﬁciunt.
2992 4683 3308 4775 Quidpiam
3329 4681 3512 4775 igitur
3541 4681 3742 4775 spl_e_n-_-

335 4787 543 4868 κηρύξω
565 4767 598 4835 έ
627 4786 948 4865 κηρύγματι.
1315 4767 1323 4770 ﬁ
1605 4767 1640 4769 Π

2081 4778 2282 4868 itidum
2317 4786 2502 4868 atque
2528 4777 2881 4868 praeclarum
2929 4773 3287 4868 inclamabo,
3323 4778 3382 4832 et
3409 4769 3588 4849 hujus
3618 4767 3740 4831 diei

2074 4866 2321 4945 gratiam
2351 4866 2593 4928 sublimi
2628 4865 2925 4946 praeconio
2959 4864 3226 4926 efferam.

968 5077 995 5119 ιι
1023 5050 1231 5114 Matth.
1265 5065 1411 5114 xvu.
1445 5054 1505 5112 2.
1593 5052 1616 5084 °
1643 5047 1695 5111 II
1720 5047 1880 5110 Petr.
1917 5063 1957 5122 ι,
1998 5046 2098 5108 t8.
2183 5052 2208 5094 d
2240 5041 2424 5106 Exod.
2462 5059 2673 5119 xxxm,
2707 5025 2806 5105 22.

1748 5179 1943 5244 Variae
1996 5177 2309 5240 lectiones.

422 5321 444 5365 ¹
477 5318 760 5383 Mendose
790 5316 946 5399 apud
977 5315 1319 5399 Fabricium
1346 5313 1674 5399 (Biblioth.
1697 5311 1912 5399 βίας.
1937 5315 1989 5399 t.

2083 5357 2094 5381 ,
2130 5325 2190 5386 p.
2398 5306 2533 5362 κατὰ
2548 5308 2648 5399 τὸν
2669 5306 2848 5399 λόγον.
2934 5303 2971 5355 Ἆ
2994 5305 3172 5399 baut.
3197 5309 3440 5399 αἰωνίων.
3473 5383 3489 5399 1
3530 5305 3736 5399 ξεοά.

341 5401 474 5464 Vat.
507 5400 694 5463 addit.
730 5383 848 5461 καιίῖ
869 5399 901 5448 4
925 5397 1070 5462 Cod.
1104 5406 1299 5479 uterq.
1334 5383 1611 5476 a‘qitxopov.
1696 5394 1730 5444 5
1756 5390 1904 5455 Cod.
1937 5389 1989 5450 L;

2081 5383 2462 5451 ’ξκακώσιτομ
2547 5383 2580 5434 6
2609 5383 2759 5450 Cod.
2792 5387 2966 5451 Laur.
3001 5388 3222 5453 ὡσάκις.
3309 5387 3339 5435 7
3369 5383 3516 5449 Cod.
3549 5388 3734 5450 Laur.

343 5481 670 5562 διαπύρσιον.
755 5480 787 5529 8
815 5482 992 5542 Laur.
1029 5477 1286 5556 κηρύξωνί.

417 5067 442 5099 ι
471 5052 630 5117 Psal.
664 5069 785 5130 cui,
822 5056 880 5114 2.

1939 5547 2128 5611 Notte.

426 5683 528 5828 (2)f
553 5681 784 5745 Iudicat
811 5688 1019 5746 auctor
1048 5679 1316 5745 solemne
1364 5673 1927 5757 Transfigurationis
1953 5664 2282 5733 Dominicm
2303 5647 2557 5746 festum,
2596 5670 2754 5749 quod
2797 5669 2998 5752 paucis
3046 5675 3182 5733 ante
3214 5667 3426 5732 dicbus
3455 5666 3732 5732 celebra-

426 5783 466 5828 η
524 5770 716 5828 uerat.

342 5775 466 5830 tum
498 5770 716 5828 fuerat.
