4144 6378
423 350 582 418 1079

1670 339 1995 405 JOANNIS
2040 333 2608 402 EUGHAITENSIS

3698 337 3857 403 1080

502 480 834 545 Genitricis
855 477 963 541 Dei
992 475 1286 540 hodierna
1320 472 1420 536 die
1470 469 1822 535 celebradus
1855 469 2090 534 Dormi-

2268 470 2479 549 Μητρὸς
2538 475 2669 526 Θεοῦ
2724 470 2974 545 κοίμησιν
3026 471 3346 548 ἑορτάζομεν
3402 471 3655 553 ἐήμερον,
3724 481 3854 542 Μη-

425 570 673 652 tionem,
696 567 1022 633 Genitricis
1044 565 1151 629 Dei
1167 562 1634 646 depositionem,
1654 559 1978 652 Genitricis
1997 556 2109 627 Dei

423 648 965 733 resurrectionem,
997 653 1411 718 ascensionem
1468 652 1553 730 (3)
1581 669 1598 728 ;
1631 648 2055 712 exaltationem
2085 670 2101 725 ;

428 768 501 813 ac
532 746 823 811 miraculo
854 744 1110 822 accedit,
1145 742 1301 826 quod
1336 748 1398 805 et
1446 739 1597 802 Filia
1631 738 1709 801 sit
1732 757 1866 820 quae
1891 738 2100 815 Mater,

428 846 489 902 et
518 838 676 920 quod
708 837 961 918 insuper
989 852 1230 916 sponsa,
1259 831 1350 895 ac”
1374 848 1581 893 rursus
1623 830 1782 920 quod
1812 827 1994 909 Virgo
2026 828 2104 889 sit

430 919 561 1010 quae
584 926 816 1010 Sponsa
845 933 961 1008 est,
993 934 1173 1006 atque
1196 940 1305 1005 per
1332 919 1810 1010 omnia-Regina,
1844 926 1905 981 et
1960 926 2102 1010 ante

433 1008 912 1092 omnia'Ancilla,
948 1013 1405 1094 divinorumque
1461 1009 1883 1072 charismatum
1942 1008 2104 1070 varia

430 1125 501 1171 ac
530 1105 987 1185 praeclarissima
1016 1101 1324 1186 plenitudo
1361 1101 1462 1181 (4).

510 1198 616 1261 1V.
648 1195 841 1277 Hujus
867 1212 1031 1257 nunc
1057 1192 1177 1254 vita
1190 1192 1264 1254 ab
1294 1192 1405 1254 hac
1433 1198 1592 1252 terra
1619 1206 1856 1252 sursum
1888 1188 2100 1251 evehi-

435 1294 532 1349 tur
558 1306 575 1364 ;
601 1304 671 1349 ac
701 1284 918 1348 coelum
975 1300 1178 1345 versus
1234 1299 1306 1343 ea
1338 1279 1626 1355 attolitur,
1679 1296 1813 1360 quae
1867 1285 1957 1340 est
1985 1295 2099 1340 caa-

2190 559 2314 637 τρὸς
2388 564 2520 616 Θεοῦ
2588 558 2941 638 κατάπαυσιν,
3020 567 3233 638 Μητρος
3318 566 3449 617 Θεοῦ
3503 562 3852 641 μετάστασιν,

2188 644 2466 725 ἀνάϐασιν,
2531 646 2748 726 ἔπαρσιν
2783 666 2798 681 ⁸
2873 650 2962 704 καὶ
3031 650 3309 727 προσθήκη
3384 658 3480 709 τοῦ
3558 653 3848 727 θαύματος,

2188 734 2269 792 ὅτι
2299 739 2385 793 καὶ
2426 723 2657 816 θυγατηρ
2726 739 2760 805 ἡ
2818 740 3034 818 Μήτηρ,
3075 723 3202 794 ’ἔστι
3233 735 3278 794 δ’
3348 737 3429 797 ὅτι
3499 723 3595 796 καὶ.
3627 723 3844 823 Ιέύμφη,

2186 826 2275 881 καὶ
2306 826 2564 905 Παρθένος
2614 828 2756 890 αὖθις
2799 828 2833 895 ἡ
2894 829 3112 907 Νύμφη,
3170 830 3259 885 καὶ
3314 826 3399 886 διὰ
3466 829 3639 891 πάντα
3680 833 3847 888 Βασί-

2186 912 2365 985 λισσα,
2394 916 2481 971 καὶ
2540 912 2701 982 δούλη
2753 917 2858 995 πρὸ
2914 917 3149 989 πάντων,
3204 919 3292 974 καὶ
3359 922 3467 974 τῶν
3496 921 3849 999 χαρισμάτων

2185 1005 2246 1059 τὸ
2276 1004 2479 1072 πλῆθος
2511 1002 2750 1059 ποικίλην
2779 1005 2867 1060 καὶ
2908 1003 3274 1081 πολυώνυμον,

2271 1173 2354 1241 Δ’.
2402 1183 2608 1246 Ταύτης
2640 1184 2846 1263 αἴρεται
2878 1193 2965 1242 νῦν
3019 1184 3126 1240 ἀπὸ
3172 1188 3270 1253 τῆς
3314 1190 3415 1264 γῆς
3469 1188 3505 1254 ἡ
3561 1190 3668 1258 ζωή
3704 1204 3716 1217 ·
3750 1137 3840 1244 καἰ

2184 1273 2314 1350 πρὸς
2374 1271 2622 1351 οὖρανοὺς
2679 1273 2964 1348 ἀνυψοῦται
3056 1278 3163 1330 τῶν
3228 1275 3458 1353 οὐρανῶν
3528 1279 3588 1331 τὸ
3629 1278 3835 1351 μυστή-

431 1360 569 1437 Ιιιιιι
610 1372 977 1455 mysterium,
1064 1378 1275 1453 stupor
1355 1368 1727 1449 angelorum,
1788 1365 2090 1428 hominum

2186 1383 2318 1439 ριον,
2379 1366 2485 1417 τῶν
2545 1360 2788 1440 ἀγγέλων
2857 1362 2916 1417 τὸ
2998 1366 3193 1443 θαῦμα,
3251 1369 3358 1420 τῶν
3424 1364 3707 1445 ἀνθρώπων
3777 1367 3840 1421 τὸ

430 1454 736 1540 fortitudo,
774 1462 1015 1544 generis
1042 1462 1140 1526 sui
1168 1459 1469 1531 nobilitas,
1521 1456 2090 1520 Christianorumii-

2186 1454 2400 1533 κράτος,
2460 1455 2495 1521 ἡ
2554 1464 2644 1513 τοῦ
2686 1456 2867 1533 γένους
2921 1454 3177 1536 εὐγένεια,
3253 1458 3289 1526 ἡ
3343 1464 3668 1536 Χριστιανῶν
3699 1457 3842 1536 παῤ-

430 1552 631 1630 dncia,
669 1541 893 1615 bonum
923 1549 1136 1634 quovis
1168 1549 1327 1611 bono
1380 1544 2090 1634 incomparabiliterﬁma-

2186 1541 2360 1618 ῥησία,
2407 1544 2469 1597 τὸ
2511 1543 2708 1606 πάντος
2768 1541 2932 1600 καλοῦ
2965 1552 3147 1619 μεῖζον
3188 1543 3221 1594 9
3262 1545 3589 1625 ἀσυγκρίτως
3621 1545 3784 1603 καλόν
3823 1574 3838 1589 ο

423 1645 531 1727 jus
563 1641 694 1725 (5);
726 1650 788 1706 et
819 1632 1130 1704 mor—talem
1179 1640 1340 1702 hunc
1398 1636 1688 1727 mundum
1724 1632 2090 1727 mortalibus

2186 1636 2267 1691 καὶ
2309 1637 2401 1692 τὸν
2470 1638 2660 1704 θνητὸν
2702 1643 2886 1694 τοῦτον
2938 1639 3138 1713 κόσμον
3204 1652 3322 1703 τοῖς
3377 1643 3596 1707 θνητοῖς
3666 1663 3842 1698 κατα-

429 1722 761 1835 dimittens,
784 1730 913 1814 ipsa
942 1729 1017 1794 ad
1050 1747 1181 1793 eam
1212 1746 1390 1810 quam
1423 1725 1651 1806 genuit,
1681 1723 1862 1787 vitam
1893 1731 2090 1786 trans-

2186 1722 2412 1801 λειψασα
2457 1724 2531 1801 ¹0,
2568 1728 2701 1794 αὐτὴ
2750 1728 2882 1806 πρὸς
2925 1726 2988 1793 ἢν
3022 1727 3165 1784 ἔτεκε
3207 1729 3349 1801 ζωὴν
3414 1744 3731 1810 μεταχωρεῖ
3762 1729 3838 1789 ίί.

434 1823 671 1904 migrat.

514 1903 655 1975 Haec
684 1910 770 1993 (6)
804 1927 946 1974 vero
978 1916 1229 1972 matrem
1264 1920 1325 1971 et
1352 1907 1488 1971 data
1507 1906 1752 1969 dextera
1767 1903 2099 1967 liberaliter

432 2001 670 2077 salutat,
692 1985 769 2063 et
796 1998 1049 2063 comiter
1075 1998 1469 2080 amplexatur.
1528 1995 1585 2059 Is
1615 1998 1834 2077 itaque,
1866 1993 1966 2075 qui
1995 1993 2090 2055 in-

2186 1992 2472 2074 ιριλοτίμως
2543 1994 2855 2065 ἀσπάζεται.
2917 1985 2973 2051 Ὀ
3043 2001 3249 2074 κρατῶν
3306 2004 3430 2076 γοῦν
3499 1985 3737 2077 ἆῤῥήτως
3767 2005 3839 2077 τῇ

432 2088 758 2152 eﬂ'abiliter
788 2107 996 2151 auram
1028 2105 1268 2151 omnem
1298 2105 1480 2150 manu
1522 2084 1805 2161 continet,
1839 2084 1911 2145 ad
1944 2083 2090 2144 hanc

2186 2085 2324 2163 χειρὶ
2380 2084 2549 2151 πνοὴν
2630 2084 2839 2139 ἅπασαν
2898 2083 2982 2141 ἐπὶ
3039 2087 3237 2153 ταύτην
3291 2087 3527 2143 κάτεισιν
3583 2086 3638 2131 19
3664 2088 3835 2163 αὖθις,

426 2196 639 2241 rursus
671 2177 1007 2251 nescendit,
1041 2197 1163 2240 uon
1196 2184 1263 2240 ut
1286 2176 1349 2239 in
1381 2195 1476 2253 ea,
1496 2176 1653 2238 sicut
1678 2177 1864 2257 prius,
1888 2172 2090 2236 sedem

2186 2175 2278 2229 οὐκ
2305 2172 2618 2247 ἐνοικτςσων,
2649 2175 2721 2236 ὡς
2768 2174 2907 2251 πρὶν,
2983 2172 3101 2230 ἀλλ’
3158 2177 3231 2238 ὡς
3302 2176 3495 2251 εἰπεῖν,
3541 2176 3835 2258 ὲξοικίσων,

426 2267 667 2349 deﬁgat,
700 2267 827 2345 sed,
864 2287 1051 2351 prope
1075 2267 1353 2344 dixerim,
1386 2274 1451 2329 ut
1506 2285 1541 2329 a
1593 2284 1699 2329 sua
1755 2264 1920 2326 illam
1951 2262 2090 2325 sede

2186 2262 2384 2338 μᾶλλον
2415 2261 2468 2318 δὲ
2497 2264 2833 2336 κατοικίσων,
2904 2266 2964 2318 οὗ
3018 2262 3470 2345 πρεπωδέστερον,
3530 2269 3616 2324 καὶ
3661 2269 3834 2344 μετά-

2268 1895 2328 1961 Ἡ
2359 1901 2414 1961 δὲ
2486 1906 2586 1973 τὴν
2670 1903 2874 1984 μητέρα
2919 1907 3019 1988 ,καὶ
3075 1905 3329 1973 δεξιοῦται
3409 1905 3692 1988 λαμπρῶς,
3749 1920 3841 1974 καὶ

428 2356 664 2435 educat,
689 2375 795 2420 seu
822 2355 1017 2437 potius
1042 2364 1107 2419 ut
1135 2375 1266 2419 eam
1297 2356 1370 2419 ad
1417 2355 1622 2419 sedem
1655 2352 1929 2430 deducat,
1964 2368 2094 2432 quae

426 2448 850 2527 congruentior
870 2445 971 2523 sit,
1002 2453 1059 2509 et
1104 2464 1288 2528 penes
1344 2445 1731 2526 semetipsum
1755 2442 1896 2505 hinc
1927 2441 2089 2503 illam

426 2536 795 2611 transferrat,
832 2554 965 2618 qua
994 2554 1131 2598 eum
1174 2534 1542 2598 exinanitum
1572 2530 1968 2595 immaculatis
1997 2529 2088 2590 vi-

426 2625 683 2689 sceribis
709 2625 980 2706 gestavit.
1009 2625 1075 2688 Id
1105 2625 1232 2688 irco
1264 2632 1324 2688 et
1362 2642 1626 2707 praesens
1653 2623 1795 2703 ipse.
1815 2620 2006 2695 adest,
2028 2626 2088 2681 et

422 2733 629 2779 secum
659 2716 1007 2795 angelorum
1033 2733 1105 2777 ac
1156 2715 1428 2778 celestim
1483 2713 1699 2776 civium
1758 2709 2087 2773 exercitum

426 2809 603 2872 simul
632 2808 921 2873 adducit:
976 2807 1195 2889 quibus
1227 2809 1477 2889 stipatus
1534 2804 1798 2869 ascendit
1854 2820 2086 2889 rursus,

427 2915 595 2961 suam
624 2915 830 2960 secum
879 2888 1234 2977 genitricem
1292 2888 1594 2976 attollens,
1647 2902 1709 2957 et
1763 2893 1976 2972 ingens
2003 2888 2090 2952 illi

2176 2350 2275 2418 ξων
2348 2353 2579 2411 ἐντεῦθεν
2650 2355 2781 2432 πρὸς
2853 2354 3036 2411 ἑαυτὸν
3088 2354 3196 2422 vim
3277 2354 3332 2410 ἐν
3399 2355 3729 2438 σπλάγινοις
3760 2358 3832 2413 ἆ-
3911 2394 3917 2401 ο

2175 2442 2426 2522 χράντοις
2515 2443 2806 2499 κενωθέντα
2902 2443 3263 2518 βαστάσασαν.
3369 2446 3466 2501 Διά
3534 2453 3688 2503 τοῦτο
3743 2448 3833 2503 καὶ

2171 2533 2392 2611 πάρεστι
2427 2548 2439 2562 ‘
2473 2534 2561 2588 καὶ
2607 2533 2827 2611 στρατὶν
2898 2530 3180 2608 ἆγγελικὸν
3249 2533 3336 2589 καὶ
3394 2534 3630 2613 οὐράνιον
3660 2536 3833 2611 ἑαυτῷ

2169 2620 2228 2670 ‘3
2265 2620 2614 2698 συνεπάγεται
2649 2638 2665 2656 ⁸
2691 2621 2803 2697 μεθ’
2835 2622 2909 2676 ὧν
2943 2619 3000 2668 14
3056 2619 3215 2678 πάλιν
3286 2618 3453 2680 ἄνεισι
3482 2623 3560 2704 ¹5,
3593 2623 3690 2692 τὴν
3732 2646 3831 2681 τε-

2169 2718 2361 2768 κοῦσαν
2433 2709 2665 2788 ἀνάγων,
2727 2712 2812 2767 καὶ
2905 2709 3148 2789 μεγάλην
3231 2711 3532 2769 ἀντάκτισιν
3598 2713 3833 2793 μεγάλου

2171 2797 2519 2856 καταϐάλλων
2547 2798 2599 2841 Ῑθ
2622 2797 2846 2879 δανείου,
2889 2798 3294 2878 παλιγγενεσίαν
3347 2802 3462 2859 ἀντὶ
3503 2805 3825 2882 γεννήσεως,

2173 2890 2260 2946 καὶ
2288 2890 2403 2944 ἀντὶ
2434 2890 2748 2969 σαρκώσεως
2779 2889 2990 2952 θέωσιν,

424 2985 613 3049 faenus
643 3004 750 3068 pro
779 2976 1010 3067 ingenti
1040 3004 1221 3050 usura
1250 2986 1616 3068 persolvens,
1649 3000 1755 3066 pro
1786 2978 2171 3063 generatione
2200 2976 2738 3057 regenerationem.
2774 2985 2831 3039 et
2862 2994 2966 3058 pro
3014 2977 3279 3042 humana
3333 2996 3514 3043 carne
3560 2980 3828 3044 deifica-

427 3076 678 3140 tionom.

506 3165 581 3228 V.
614 3163 754 3228 Haec
782 3164 1173 3230 solemnitatis
1228 3167 1408 3248 hujus
1439 3171 1657 3227 nostrae
1684 3180 1919 3226 summa
1944 3170 2034 3225 est
2065 3182 2081 3223 :

2251 3150 2333 3220 E'.
2367 3166 2531 3219 Τοῦτο
2560 3160 2697 3235 ἡμῖν
2724 3157 2821 3227 τῆς
2869 3157 3056 3235 ἑορτῆς
3108 3159 3169 3214 τὸ
3225 3157 3509 3239 κεφάλαιον
3538 3176 3553 3191 ·
3601 3159 3732 3228 αὕτη
3775 3156 3831 3201 Π

425 3256 555 3319 haec
586 3255 899 3337 praesentis
931 3256 1264 3320 festivitatis
1287 3264 1537 3321 tessera.
1565 3254 1707 3329 Quis
1727 3255 1806 3318 ad
1829 3252 1942 3316 ista
1967 3271 2087 3315 non

425 3346 678 3425 latetur,
717 3352 778 3410 et
811 3345 1014 3409 anima
1068 3346 1294 3413 sensim
1350 3365 1472 3409 non
1526 3345 1849 3416 attollatur,
1909 3353 2088 3425 atque

423 3435 557 3517 ipso
586 3452 837 3517 corpore
866 3434 1012 3498 levis
1033 3453 1154 3499 non
1184 3436 1550 3516 sublevetur,
1601 3442 1880 3515 totusque
1900 3432 1963 3495 in
1985 3452 2086 3494 su-

426 3523 613 3587 blime
643 3524 917 3588 feratur?
946 3525 1272 3605 Cujusnam
1305 3525 1495 3588 oculis
1520 3523 1817 3606 ejusmodi
1848 3530 2088 3603 specta-

425 3613 625 3677 culum
649 3613 1092 3693 observeretur,
1126 3622 1184 3678 et
1212 3633 1333 3678 non
1361 3632 1598 3677 sursum
1650 3613 2000 3687 attrahatur,
2034 3623 2094 3676 et

424 3710 769 3767 contemnat
785 3704 1063 3786 reiinqua
1090 3705 1316 3786 omnia,
1337 3711 1513 3786 atque
1532 3704 1607 3766 ad
1625 3704 1740 3765 hoc
1762 3720 1943 3764 unum
1971 3720 2091 3763 non

424 3793 693 3874 rapiatur
713 3792 747 3854 ?
777 3791 1059 3867 Quasnam
1116 3794 1350 3856 suavior
1395 3791 1711 3856 oblectatio
1742 3790 1774 3853 ‘I
1805 3790 2090 3865 Quaenam

429 3883 692 3965 potiores
711 3882 945 3946 deliciae
968 3882 1151 3956 ?Qua3
1168 3882 1284 3945 alia
1307 3883 1576 3965 voluptas
1599 3900 1721 3962 prae
1749 3880 2093 3960 hujusmodi

426 3969 726 4035 hilaritate
749 3972 1076 4052 jucundior
1103 3972 1135 4033 ?
1160 3971 1275 4035 Ubi
1322 3980 1379 4034 et
1407 3989 1671 4054 praesens
1700 3970 1868 4034 adest
1899 3969 2086 4043 Deus,

427 4067 490 4125 et
521 4059 700 4123 simul
728 4067 880 4123 astat
904 4061 1253 4141 angelorum
1311 4063 1553 4143 chorus,
1619 4068 1678 4123 et
1706 4078 1874 4122 sacro
1907 4058 2087 4120 mini-

426 4150 612 4213 sterio
644 4150 967 4230 funguntur
992 4150 1269 4231 apostoli,
1301 4158 1359 4212 et
1388 4148 1716 4212 honoribus
1755 4147 2091 4211 cumulatur

426 4238 539 4303 Dei
566 4240 777 4315 Mater,
801 4238 865 4303 in
896 4240 1066 4320 cujus
1093 4239 1342 4319 gratiam
1372 4239 1499 4301 haec
1552 4238 1774 4313 omnia,
1811 4244 1874 4300 et
1920 4236 2091 4316 cujus

429 4328 854 4412 splendoribus
881 4328 1199 4412 splendido
1231 4328 1442 4411 plausu
1469 4326 1885 4408 gratulantur?

2167 3251 2263 3319 τῆς
2308 3249 2573 3331 ἡμέραςὴ
2631 3246 2871 3323 δύναμις.
2948 3248 3037 3310 Τίς
3106 3248 3166 3305 οὗ
3235 3248 3410 3328 χαίρει
3467 3251 3596 3329 πρὸς
3640 3260 3824 3326 ταῦτα,

2168 3342 2256 3397 καὶ
2284 3341 2382 3407 τὴν
2426 3338 2611 3419 ψυχὴν
2641 3336 2814 3415 ἠρέμα
2867 3342 3169 3414 πτεροῦται,
3240 3339 3328 3393 καὶ
3397 3339 3460 3394 τὸ
3514 3339 3670 3415 σῶμα
3699 3360 3829 3396 κου-

2169 3432 2392 3510 φίζεται,
2476 3429 2564 3485 καὶ
2651 3424 2772 3491 ὅλος
2869 3427 2942 3489 εἰς
3033 3424 3165 3500 ὕψος
3265 3427 3683 3507 μετεωρίζεταις
3742 3428 3830 3493 Τίς

2170 3519 2426 3581 τοιούτοις
2496 3516 2751 3591 θεάμασιν
2834 3514 3093 3595 ἐντυχὼν,
3179 3516 3273 3572 οῦκ
3363 3515 3651 3597 ἐπαίρεται,
3741 3520 3831 3575 καὶ

2172 3620 2479 3688 περιφρονεῖ
2508 3604 2675 3662 τᾶλλα
2707 3606 2902 3685 πάντα,
2951 3606 3037 3660 καὶ
3080 3604 3211 3683 πρὸς
3265 3603 3319 3662 ἓν
3376 3616 3531 3665 τοῦτο
3562 3606 3774 3687 φέρεται
3809 3624 3824 3669 :

2174 3706 2263 3762 Τίς
2320 3695 2481 3764 ἡδίων
2538 3692 2870 3772 ἀπόλαυσιςς
2969 3697 3055 3755 Τίς
3146 3692 3377 3767 ἀμείνων
3445 3698 3664 3777 τρυφή;
3742 3698 3829 3762 Τίς

2174 3784 2323 3864 ἑτέρα
2349 3783 2557 3864 κτέρψις
2628 3795 2945 3862 χαριεστερα
3015 3784 3113 3849 τῆς
3170 3777 3224 3822 ¹8
3276 3780 3487 3839 τοιᾶσδε
3528 3782 3824 3864 φαιδρότη-

2172 3858 2303 3954 τοςς
2347 3858 2447 3930 Ἦν
2488 3858 2741 3935 νΘεόςΠτε
2797 3870 2999 3948 παρὼν,
3045 3870 3133 3926 καὶ
3175 3871 3340 3950 χορὸς
3400 3858 3665 3950 ἀγγέλων.
3697 3895 3827 3929 συν-

2173 3965 2269 4036 ὼν,
2336 3964 2423 4019 καὶ
2465 3959 2885 4039 λειτουργοῦντες
2930 3956 3239 4031 ἀπόστολοι,
3313 3961 3401 4019 καὶ
3473 3962 3666 4042 Μήτηρ
3696 3970 3828 4019 Θεοῦ

2170 4051 2475 4129 τιμωμένη,
2509 4048 2575 4107 δι’
2618 4051 2683 4118 ἢν
2740 4057 2905 4105 ταῦτα
2973 4050 3169 4128 πάντα,
3226 4051 3313 4106 καὶ
3356 4050 3536 4129 περὶῆ
3579 4049 3825 4132 λαμπρὰν

2172 4140 2428 4220 λαμπρῶς
2459 4146 2828 4220 συγκροτοῦσιν
2852 4157 2869 4219 ς

1863 4430 2059 4497 Variae
2088 4430 2399 4493 lectiones.

508 4536 543 4588 9
571 4536 716 4604 Cod.
748 4538 926 4603 Laur.
959 4548 1185 4617 μετζων,
1228 4537 1332 4602 ubi
1361 4539 1490 4621 ipse
1518 4546 1799 4603 accentus
1847 4536 2266 4602 circumﬂexus
2297 4535 2554 4599 ostendit
2602 4534 2883 4597 mendum
2936 4535 3180 4598 alterius
3226 4532 3493 4616 syllabae.

509 4637 608 4683 ur.
639 4620 1023 4684 καταλήψασα.
1137 4620 1190 4671 Η
1224 4621 1358 4682 Vat.
1399 4619 1648 4684 έκδημετ,
1764 4619 1825 4669 12
1852 4619 1995 4684 Cod.
2030 4616 2206 4679 Laur.
2252 4620 2480 4677 κάτισιν.
2597 4617 2654 4666 ίδ
2682 4615 2824 4680 Cod.
2860 4616 2992 4681 Vat.
3023 4618 3077 4673 ἐν
3108 4620 3272 4684 αὐτῷ.
3382 4615 3493 4679 “C

1898 4633 1995 4681 οα.
2031 4633 2206 4679 Laur.
2252 4633 2480 4677 κατισιν.

426 4618 608 4683 Laur.
639 4620 1023 4691 καταλήψασα.

428 4699 509 4761 8v.
597 4699 652 4744 ιδ
679 4699 826 4765 Cod.

1137 4620 1190 4671 ίί
1224 4621 1358 4682 Vat.
1386 4619 1648 4696 ἓκδημετ,

914 4697 1192 4780 ειῐ.,ἅεισι.
1278 4699 1333 4744 ¹⁶
1360 4698 1508 4765 Cod.
1545 4701 1722 4764 Laur.
1754 4698 2112 4774 κᾳταϐάλλον.

2602 4534 2883 4597 mendum
2936 4535 3180 4598 alterius
3226 4534 3493 4616 syllabae.
3584 4534 3641 4585 10
3671 4534 3819 4598 Cod.

2597 4617 2654 4666 43
2682 4615 2824 4680 Cod.
2860 4616 2992 4681 Vat.
3023 4618 3077 4673 ἐν
3108 4620 3272 4689 αὐτῷ.
3382 4615 3438 4659 ¹4
3466 4615 3609 4679 Cod.
3646 4617 3820 4679 Laur.

2199 4695 2250 4741 ¹⁷
2282 4698 2458 4760 Laur.
2496 4699 2652 4767 αὕτη.
2738 4696 2792 4739 18
2820 4699 2925 4766 Τῆς
2957 4697 3126 4759 abest
3152 4715 3187 4760 a
3216 4696 3363 4760 Cod.
3391 4695 3575 4761 Vatic.

2015 4807 2206 4869 Notae.

622 4912 791 4996 Licet
858 4914 1195 4996 communis
1251 4912 1461 4996 tltulus
1515 4916 1645 4996 ejus
1702 4912 2482 4996 solemnitatistlenitudo
2512 4913 2769 4990 abesset,
2831 4915 2881 4977 si
2926 4914 3278 4996 charissima
3331 4915 3477 4978 illud
3511 4922 3823 4996 tantopere

512 4914 592 5055 (32
622 4914 791 4977 Licet
858 4914 1218 5010 communis.
1251 4914 1461 4978 tltulus
1515 4916 1645 5008 ejus
1702 4914 2092 5005 solemnitatis

424 5014 544 5077 apu
602 4991 840 5077 Graecos
854 5003 931 5077 sit
951 4994 1255 5077 Dormitw
1269 4994 1391 5077 SS.
1411 4997 1722 5077 Deiparae,
1744 5005 1808 5077 et
1827 4995 1990 5057 homi
2000 4994 2092 5057 liae

427 5073 542 5140 hac
557 5073 874 5137 occasione
894 5074 1115 5139 habitae
1134 5075 1385 5138 inscribi
1406 5073 1826 5139 consueverint
1846 5081 1915 5138 in
1934 5093 2086 5138 san-

426 5156 707 5236 ctissima
729 5155 1027 5236 Deipara
1045 5155 1496 5236 Domitianam
1519 5174 1588 5219 ex
1609 5158 1722 5220 hoc
1740 5164 1939 5219 tamen
1955 5158 2085 5220 loeo

430 5234 747 5319 manifeste
758 5234 963 5319 liquet.
974 5235 1186 5319 eadem
1200 5235 1889 5319 festivitatecelebratam
1901 5237 2085 5319 fuisse

2175 4995 2596 5077 exoptandum,
2630 5014 2759 5077 quo,
2793 5014 2828 5057 a
2880 4996 3038 5077 funda
3089 4995 3310 5060 diaboli
3368 4995 3702 5077 captivitate
3732 5002 3823 5058 est

2171 5087 2547 5155 praeservata,
2584 5074 2698 5155 ipsi
2728 5074 3038 5141 defuisset.

2227 5153 2337 5295 _
2356 5153 2499 5246 .Hpc
2520 5153 2664 5218 sane
2681 5157 2754 5218 de
2771 5155 2948 5219 bonis
2965 5159 3179 5221 creatis
3204 5157 3657 5238 intelligendum
3705 5164 3818 5219 est.

2227 5256 2235 5293 ι
2285 5254 2405 5295 εειε
2432 5247 2650 5295 tamen.
2685 5255 2859 5295 uuam
2888 5240 3004 5295 alte
3022 5240 3095 5295 (le
3117 5238 3361 5295 Vimine
3380 5243 3581 5295 Patres
3606 5256 3818 5295 sense-

2173 5234 2405 5321 Yidesis
2426 5234 2859 5321 :tanien,_quam
2888 5240 3004 5301 alte
3022 5240 3095 5302 de
3117 5238 3361 5321 Virgine
3380 5234 3581 5321 Patres
3606 5256 3819 5321 sense-

425 5334 549 5409 non
563 5313 1022 5409 Pormiti‘onem
1042 5317 1243 5391 modo,
1266 5317 1373 5409 sed
1387 5315 1564 5380 etiam
1587 5318 1857 5409 ejusdem
1886 5317 2083 5409 Virgi-
2163 5313 2323 5409 rint,‘
2335 5324 2397 5408 et
2422 5316 2486 5409 in
2506 5313 2782 5409 eamdem
2834 5321 3211 5409 transferant,
3227 5313 3374 5409 ἠυδε
3428 5320 3491 5382 in
3539 5320 3669 5409 solo
3681 5318 3819 5409 Rea

427 5396 524 5459 nis
549 5396 1106 5494 ﬁesurrec‘tionem,
1121 5397 1525 5494 _corporisque
1571 5396 1748 5462 simul
1779 5418 1915 5463 cum
1945 5399 2079 5464 ani-
2166 5396 2570 5494 praedicantur
2599 5418 2615 5474 ;
2647 5409 2707 5494 _et
2736 5398 2914 5494 simul
2945 5420 3118 5494 quam
3152 5396 3327 5494 longe
3350 5401 3476 5466 haec
3498 5400 3662 5494 notio
3681 5398 3823 5494 Vir-

430 5493 529 5562 ma
548 5474 790 5562 i‘nAcaelo
820 5474 1330 5562 Assumptionein.

2165 5477 2422 5565 ginisAab
2445 5497 2530 5565 eo_
2547 5480 2701 5542 malo
2727 5479 2926 5565 distet,
2959 5477 3117 5565 ἐλυοά
3142 5500 3178 5543 a
3224 5477 3418 5563 prima
3445 5482 3673 5563 origine
3699 5482 3817 5545 mi-

513 5556 592 5643 (4_)
616 5554 905 5643 Observa,
925 5554 1148 5642 quaiso,
1173 5559 1468 5643 quomodo
1491 5577 1611 5643 non
1633 5560 1809 5624 modo
1829 5558 2083 5642 Deipara
2165 5554 2412 5643 seri_fil_i_i
2444 5558 2590 5622 Adae
2614 5554 2991 5643 contrahunt:

426 5635 616 5731 gratia
641 5636 823 5719 plena
836 5635 1106 5731 dicatur,
1129 5635 1235 5703 sed
1256 5639 1569 5731 plenitudo
1580 5660 1835 5731 .quoque.
1844 5635 2076 5731 choris-

426 5660 616 5731 graua
641 5660 823 5719 plena
849 5660 1106 5717 dicatur,
1129 5660 1235 5703 seu
1256 5660 1569 5724 ριεηιιιιαο
1584 5660 1821 5783 Ἱιιοιιιιε
1844 5660 2076 5705 cnarzs-

426 5719 1065 5814 utatumappelleturj
1097 5739 1228 5814 quo.
1271 5739 1416 5784 sane
1468 5720 1594 5782 nibi
1642 5721 2079 5814 signiﬁcantius

427 5796 550 5863 dici
578 5796 877 5884 pote'stad
899 5796 1393 5884 perfectissimam
1412 5796 1730 5868 munerum
1752 5801 1868 5884 ipsi
1889 5801 2077 5884 colla-

430 5877 627 5944 ιοηῶ
657 5877 918 5962 copiam'
946 5879 1419 5963 exprimendam.
1448 5888 1524 5948 At
1571 5899 1715 5945 vero
1767 5877 1943 5962 plane
1970 5880 2081 5944 ista

2244 5639 2489 5754 {6’33}???
2512 5658 2689 5754 1°15?
2695 5641 2853 5754 ‘31."
2856 5646 3170 5754 71.933}?
3190 5643 3451 5754 λνέῗέυῗ
3466 5642 3812 5754 ίίῗῗίθδὲτέἔὲ

2344 5723 2480 5779 ὒταν
2535 5724 2563 5777 ὁ
2596 5725 2815 5801 Χριστὸς
2865 5723 3164 5807 φανερωθῇ,
3190 5726 3224 5794 ἡ
3268 5726 3381 5796 ζωὴ
3423 5726 3604 5801 ἡμων,
3664 5723 3818 5788 Cum

2158 5719 2264 5861 ἓξ
2306 5719 2480 5814 ,ὐταν
2535 5724 2563 5777 ὁ
2596 5719 2818 5820 Χριστὸς
2865 5719 3164 5807 φανερωθῇ,
3190 5726 3224 5794 ἡ

2215 5800 2447 5865 Ιιτιειαε
2475 5809 2842 5882 apparuerat
2872 5806 3003 5868 vita
3029 5811 3265 5868 nostra.
