4144 6374
458 326 612 394 1083
1701 331 2026 395 JOANNIS
2069 330 2120 395 E

2221 333 2635 396 HAITENSIS
3697 332 3851 398 1084

453 469 676 526 terram
702 462 989 541 redoleat,
1016 465 1126 540 illi,
1153 483 1285 546 quae
1307 465 1473 528 caelis
1499 475 1588 528 est
1609 464 1956 537 sublimior;
1983 484 2117 527 om-

2216 464 2586 546 ιεγαλοπρεπῆ
2613 463 2691 548 ³⁸,
2749 467 2837 524 καὶ
2891 465 3167 548 φιλότιμα,
3226 469 3313 525 καὶ
3343 466 3634 546 τηλικαύτῃ
3658 474 3853 546 πομπῇ

453 553 552 616 nia
581 572 828 635 prorsus
858 553 1074 618 eximia
1098 555 1241 632 sint,
1265 555 1468 618 omnia
1489 553 1913 618 muniﬁcentiae
1935 554 2111 616 deco-

2216 557 2279 612 ιαὶ
2323 557 2613 636 πανηγύρει
2642 558 3002 636 προσήκοντα,

451 641 654 725 risque
685 643 886 725 plena,
919 653 979 706 et
1009 663 1241 727 pompae
1269 652 1386 706 tam
1430 652 1717 724 augustae,
1751 652 1926 726 atque
1956 663 2108 708 con-

451 740 667 797 ventus
695 733 1059 797 solemnitati
1089 753 1373 815 congrua.

532 822 726 904 Atque
746 841 856 903 ego
887 823 1155 906 quidem,
1181 843 1312 906 quae
1332 823 1403 886 ad
1435 823 1757 887 abeuntem
1792 823 2106 888 Dominam

2275 823 2419 903 Ἐγὼ
2447 825 2544 900 μὲν
2573 823 2755 898 ἐπάσω
2783 832 2852 904 τῇ
2888 829 3151 904 Δεσποίνῃ
3191 826 3257 885 τὰ
3299 829 3712 907 προπεμπτήρια
3741 824 3796 870 ³9
3827 843 3842 858 ⁸

455 910 865 976 deducendam
883 920 1176 995 spectant,
1203 912 1529 976 decantabo
1551 933 1567 990 ;
1594 933 1693 976 vos
1704 921 1901 976 autem
1923 912 2022 975 alii
2040 932 2112 975 ex

2216 927 2350 990 ιμεϊς
2401 912 2456 970 δὲ
2512 913 2731 972 ἄλλοθεν
2771 913 2930 980 ἄλλος
2973 914 3274 980 ἀκολούθως
3331 915 3714 997 ἐπευφημεῖτε,
3759 917 3848 973 καὶ

459 1010 625 1083 parte
653 1011 879 1064 vosmet
941 1003 1353 1066 consociantes
1411 1003 1598 1066 fausta
1648 1003 1996 1080 acclamate,
2054 1011 2114 1064 et

2216 1005 2257 1059 :6
2327 1004 2460 1082 πρὸς
2511 1002 2726 1080 δύναμιν
2782 1004 3004 1070 ἕκαστος
3057 1001 3183 1085 παρ’
3229 1005 3416 1064 ἑαυτοῦ
3473 1005 3844 1086 συνεισφέρων,

459 1091 616 1172 quod
648 1090 898 1174 quisque
928 1092 1141 1172 possit,
1177 1106 1462 1173 quantum
1515 1093 1577 1155 in
1635 1111 1702 1156 se
1759 1101 1870 1174 est,
1933 1092 2111 1155 simul

2216 1093 2295 1161 ;ὴν
2338 1093 2485 1149 ὁσίαν
2542 1095 2720 1158 αἰσίως
2781 1099 2878 1162 τῆς
2937 1094 3121 1174 ἑορτῆς
3178 1095 3548 1174 συμπληροῠτέ
3605 1117 3716 1171 μοι.
3778 1095 3849 1151 Οὐ

465 1201 674 1246 omnes
703 1184 1043 1262 offerentes,
1074 1184 1367 1248 solemnia
1396 1203 1630 1249 mecum
1655 1185 1984 1268 parentalia
2013 1185 2118 1247 de-

2216 1196 2389 1264 χεῖρον
2442 1183 2646 1260 μέντοι,
2706 1186 2796 1241 τὸν
2854 1183 3014 1264 λόγον
3070 1184 3320 1264 ἀνωτέρω
3375 1197 3726 1264 προαγαγεῖν,
3771 1180 3845 1238 ’ἔν’

465 1280 672 1335 center
701 1273 1040 1354 persolvite.
1101 1274 1526 1338 Verumtamen
1587 1295 1707 1337 non
1759 1274 1868 1338 abs
1909 1294 1976 1337 re
2009 1275 2120 1337 erit

2216 1272 2308 1329 ἰιπὸ
2351 1279 2442 1330 τοῦ
2482 1274 2641 1332 τόκου
2697 1280 2788 1331 τοῦ
2829 1276 2968 1333 θείου
3021 1275 3236 1349 τιμήσω
3291 1273 3392 1341 τὴν
3436 1273 3715 1349 Θεοτόκον,
3757 1272 3842 1328 καὶ

463 1363 758 1424 sermonis
780 1363 1088 1426 exordium
1115 1365 1286 1446 paulo
1310 1363 2124 1447 altiuspetiisse,utjDeiparae

461 1451 668 1514 laudes
697 1471 730 1514 e
756 1451 958 1515 divino
983 1461 1151 1535 partu
1182 1455 1499 1532 deducam,
1519 1463 1577 1516 et
1607 1455 1860 1535 egregiae
1887 1462 2119 1536 pertra-

462 1541 708 1604 ctationi
735 1543 1041 1623 egregium
1067 1544 1304 1606 initium
1335 1543 1577 1606 faciam.

543 1629 698 1694 VIII.
729 1630 885 1708 Fuit,
924 1633 1155 1714 quando
1191 1634 1448 1696 mundus
1476 1633 1710 1696 alienus
1745 1640 1803 1694 et
1834 1632 2120 1695 inimicus

2201 1359 2372 1429 καλὴν
2403 1361 2582 1443 ἀρχὴν
2609 1364 2788 1420 ὑποθῶ
2813 1361 2964 1438 καλῷ
3005 1363 3303 1442 πράγματι,

2283 1619 2370 1688 Η’.
2418 1616 2516 1688 ηΗν
2559 1632 2647 1689 ὅτε
2696 1632 2899 1708 κόσμος
2956 1633 3088 1711 πρὸς
3135 1631 3335 1708 κόσμον
3377 1628 3666 1710 ἀλλοτρίως
3726 1627 3856 1706 εἶχε

462 1728 588 1782 erat
636 1721 882 1794 mundo,
935 1721 1211 1785 videlicet
1270 1723 1647 1804 aspectabilis
1681 1723 1778 1784 hic
1810 1720 2114 1796 invisibili,

2216 1721 2289 1776 ιαὶ
2344 1718 2637 1795 πολεμίως,
2684 1723 2713 1777 6
2772 1722 3038 1801 ὁρώμενος
3085 1722 3236 1785 οὗτος
3287 1721 3416 1799 πρὸς
3472 1721 3563 1775 τὸν
3605 1719 3849 1798 ἀόρατον,

462 1809 867 1891 corruptibilis
897 1809 1265 1892 incorrupto,
1307 1811 1581 1874 dilabens
1633 1812 1885 1878 ﬁrmiter
1916 1809 2115 1873 consi-

463 1899 662 1972 stenti,
699 1912 759 1960 et
788 1908 1082 1963 creaturae
1103 1910 1311 1963 contra
1340 1901 1534 1982 ipsum
1569 1903 1912 1965 Creatorem
1945 1918 2117 1962 suum

464 1988 646 2068 impie
675 1987 934 2051 rebelles
963 1999 1154 2052 erant.
1187 1989 1257 2052 Et
1285 1991 1438 2052 alter
1456 1991 1701 2072 quidem
1737 1990 2119 2054 Conditorem

462 2077 794 2159 proprium,
826 2092 891 2139 ut
922 2097 1027 2160 par
1052 2088 1162 2154 est,
1215 2080 1626 2154 reverebatur,
1662 2081 1836 2161 eique
1867 2079 2118 2160 gloriam

461 2165 753 2228 reddebat
771 2175 827 2229 et
852 2169 1136 2230 honorem
1171 2187 1187 2245 ;
1217 2170 1367 2232 alter
1388 2189 1524 2232 vero
1545 2170 1729 2233 animi
1752 2170 2026 2232 socordia
2047 2168 2120 2230 ab

461 2274 532 2318 eo
562 2257 663 2338 qui
697 2265 807 2333 est,
856 2257 1184 2328 declinans.
1248 2259 1541 2323 abductus
1597 2269 1687 2322 cst
1745 2281 1814 2322 ea
1843 2279 1975 2341 qua;
2003 2279 2127 2321 non

460 2355 595 2407 sunt
623 2367 638 2422 ;
697 2355 756 2409 et
809 2355 1087 2429 tanquam
1121 2349 1428 2412 beneﬁcos
1461 2351 1640 2412 stulte
1671 2350 1992 2431 amplexus
2023 2357 2118 2410 est

457 2433 755 2508 inimicos,
784 2437 1289 2517 etpersegnitiem
1313 2439 1505 2500 errori
1527 2459 1634 2501 seu
1659 2437 1891 2500 veritati
1919 2437 2130 2498 adhae-

459 2523 555 2585 sit.
585 2523 736 2586 Hinc
764 2525 962 2589 nobile
990 2527 1100 2588 hoc
1125 2527 1393 2608 Deiopus
1418 2529 1744 2590 exitialium
1779 2527 2124 2588 daemonum

457 2612 524 2674 ﬁt
554 2613 876 2677 ludibrium
913 2637 930 2691 ;
987 2626 1042 2678 et
1074 2616 1133 2678 in
1165 2618 1590 2679 contumeliam
1627 2617 1930 2697 archetypi
1967 2634 2114 2696 pro-

460 2703 728 2765 culcatur
751 2706 909 2786 quod
931 2705 1001 2768 ad
1029 2706 1298 2785 ejusdem
1315 2707 1632 2786 imaginem
1657 2706 1877 2769 factum
1901 2704 2120 2767 fuerat;

461 2799 520 2854 et
543 2802 932 2874 comparatus
951 2804 1034 2857 est
1042 2802 1348 2872 jumentis
1362 2815 1407 2879 ο,
1430 2797 1529 2877 qui
1555 2795 1743 2877 paulo
1768 2796 1970 2857 minus
1990 2787 2126 2856 erat

459 2879 538 2943 ab
567 2882 803 2964 angelis
831 2881 866 2945 τ.

541 2970 640 3033 IX.
676 2970 906 3034 Exinde
936 2991 1074 3035 vero
1105 2973 1290 3048 illius,
1318 2974 1420 3056 qui
1452 2975 1640 3037 nescit
1669 2973 1853 3047 afﬁci,
1885 2971 2118 3033 viscera

2201 1812 2230 1866 6
2260 1813 2357 1878 τῆς
2404 1813 2592 1891 φθορᾶς
2642 1813 2770 1891 πρὸς
2815 1813 2906 1867 τὸν
2951 1809 3209 1891 ἄφθαρτον
3236 1806 3313 1885 ³ο,
3361 1813 3388 1866 6
3431 1809 3603 1865 ἀπιὼν
3631 1804 3679 1849 ³⁸
3729 1807 3855 1884 πρὸς

2200 1901 2291 1956 τὸν
2321 1899 2571 1976 μένοντα,
2625 1903 2712 1958 καὶ
2765 1902 2832 1958 τά
2861 1899 2915 1943 ³9
2957 1911 3050 1960 τοῦ
3105 1902 3262 1957 αὐτοῦ
3323 1900 3540 1957 Κτίστου
3597 1898 3856 1972 κτίσματα

2201 1992 2380 2053 κακῶς
2438 1989 2758 2062 ἐστασίαζεν,
2836 1981 2894 2048 Ὀ
2944 1991 3041 2067 μὲν
3111 1991 3200 2045 τὸν
3257 1991 3478 2062 οἰκεῖον,
3553 1988 3626 2050 ὡς
3684 1985 3856 2063 θέμις,

2203 2081 2436 2148 ποιητὴν
2493 2095 2738 2160 περιεῖπε
2763 2077 2840 2153 33,
2926 2080 3153 2153 κάκείνῳ
3235 2079 3333 2146 τὴν
3402 2076 3552 2144 δόξαν
3609 2072 3856 2133 ἀπεδίδου

2204 2170 2292 2224 καὶ
2321 2169 2417 2235 τὴν
2448 2171 2610 2245 τιμήν
2641 2186 2655 2201 ⁶
2716 2172 2744 2226 6
2801 2168 2856 2226 δὲ
2895 2169 3116 2247 ῥᾳθυμίᾳ
3171 2174 3265 2224 τοῦ
3321 2165 3469 2231 ὄντος
3527 2163 3857 2244 διαμαρτὼν,

2209 2256 2494 2339 ἀπηνέχθη
2560 2260 2691 2336 πρὸς
2759 2259 2824 2317 τά
2880 2260 2959 2334 μὴ
3029 2255 3156 2314 ὄντα
3189 2275 3206 2293 ⁶
3292 2257 3381 2313 καὶ
3461 2253 3582 2318 τοὺς
3640 2252 3862 2333 ἐχθροὺς

2210 2347 2483 2425 εὐεργέταδ
2537 2347 2775 2417 ἀνοήτως
2832 2345 3084 2426 ὑπέλαϐε,
3167 2347 3256 2402 καὶ
3337 2346 3411 2409 ὡς
3495 2342 3717 2415 ἀληθείᾳ
3795 2346 3861 2417 τῇ

2209 2434 2385 2513 πλάνῃ
2416 2435 2482 2492 δι’
2512 2434 2820 2517 ἀπροσεξίαν
2849 2435 3338 2503 κατηκολούθησεν.
3397 2431 3665 2491 Ἐντεῦθεν
3709 2440 3859 2490 τοῦτο

2209 2527 2270 2581 τὸ
2320 2525 2457 2605 μέγα
2505 2533 2597 2582 τοῦ
2647 2533 2780 2582 Θεοῦ
2829 2525 3037 2602 ποίημα
3082 2523 3328 2604 ὀλεθρίων
3370 2519 3634 2599 δαιμόνων
3663 2521 3861 2600 γίνεται

2210 2616 2451 2693 παίγνιον
2487 2635 2500 2649 ·
2561 2616 2649 2672 καὶ
2699 2617 2759 2672 τὸ
2788 2612 2907 2672 κατ’
2937 2615 3114 2672 εἰκόνα
3142 2627 3394 2671 πατεϊται
3436 2614 3568 2691 πρὸς
3602 2608 3748 2690 ὕϐριν
3777 2615 3862 2665 τοῦ

2208 2703 2510 2784 ἀρχετύπου
2541 2720 2555 2734 ⁸
2591 2707 2678 2761 καὶ
2708 2729 2736 2763 ο
2765 2705 2940 2784 βραχὺ
2971 2701 3096 2782 παρ’
3127 2701 3383 2782 ἀγγέλους
3414 2697 3852 2781 παρασυνεςλήθη

2206 2807 2324 2858 τοϊς
2355 2795 2627 2865 κτήνεσιν,

2285 2963 2367 3036 ϐ’,
2414 2971 2680 3032 Ἐντευθεν
2723 2973 2788 3032 τὰ
2846 2971 3133 3054 σπλάγχνα
3189 2971 3390 3051 πάσχει
3443 2975 3537 3026 τοῦ
3576 2967 3807 3031 ἀπαθοῦς
3841 2982 3854 2996 ’

461 3059 799 3122 afﬁciuntur
835 3083 849 3133 ;
891 3063 1138 3125 affectus
1169 3055 1366 3125 autem
1400 3063 1703 3126 miseratio
1734 3061 1845 3124 fuit
1876 3061 1936 3122 iu
1970 3080 2118 3142 opus

2216 3064 2289 3120 ιαὶ
2340 3065 2401 3120 τὸ
2459 3065 2646 3140 πάθος,
2708 3064 2894 3126 οἶκτος
2954 3065 3072 3142 περὶ
3126 3063 3189 3120 τὸ
3245 3061 3489 3135 πλάσμα,
3536 3059 3624 3115 καὶ
3681 3055 3860 3139 φιλαν-

461 3168 657 3230 suum,
677 3150 1455 3233 etclemens—crgabomines
1478 3153 1753 3215 charilas.
1790 3150 1944 3214 Hinc
1969 3169 2112 3214 con-

2216 3156 2402 3232 lpumlz
2473 3155 2590 3232 περὶ
2673 3153 2762 3209 τὸν
2836 3151 3134 3231 ἄνθρωπον,
3210 3148 3477 3208 Ἐντεῦθεν
3555 3149 3590 3216 ἡ
3661 3147 3862 3227 ἀρχαία

459 3241 672 3301 silium
691 3239 833 3301 illud
860 3246 1182 3321 antiquum
1197 3251 1528 3307 acverum‘
1547 3253 1606 3305 et
1631 3252 1858 3305 certum
1885 3241 2118 3302 ferendi

461 3328 663 3390 auxilii
697 3337 932 3410 tempus
953 3331 1369 3394 deﬁniebatur.
1400 3331 1537 3413 Ipsa
1559 3341 1758 3395 autem
1785 3329 2120 3412 opitulmdi

461 3418 610 3480 ratio
623 3439 797 3501 quam
823 3420 997 3498 longe
1022 3431 1245 3484 natura;
1267 3424 1418 3484 ﬁnes
1437 3422 1884 3504 praetervolans,
1907 3439 2082 3503 quam
2098 3453 2118 3464 -

463 3527 579 3589 que
608 3508 957 3571 admiranda
987 3511 1087 3573 illa
1119 3513 1227 3574 fuit
1256 3513 1269 3573 !

548 3601 860 3679 Postquam
892 3600 1006 3662 alia
1032 3601 1397 3664 adminicula
1427 3601 1630 3663 omnia
1663 3599 1808 3662 nihil
1837 3598 2122 3680 profece-

462 3698 616 3764 rant,
635 3689 684 3750 is
703 3689 848 3771 ipse,
870 3696 980 3771 qui
998 3697 1206 3754 omnia
1225 3700 1431 3772 portat
1457 3692 1640 3754 verbo
1663 3691 1910 3754 virtutis
1934 3687 2121 3763 sua“,

464 3786 768 3847 certamen
801 3781 915 3842 hoc
945 3782 1144 3862 subit;
1180 3792 1235 3843 et
1267 3782 1370 3863 qui
1395 3783 1552 3845 Deus
1578 3792 1668 3844 est
1697 3779 2031 3855 hominum,
2060 3780 2126 3842 ﬁt

465 3869 644 3930 homo
686 3878 929 3949 propter
959 3871 1232 3933 homines
1269 3891 1284 3948 ;
1315 3880 1376 3933 et
1405 3872 1506 3952 qui
1539 3871 1758 3934 exaltat
1788 3869 2062 3932 homines
2084 3899 2120 3942 ι,

469 3958 542 4019 ad
579 3958 863 4019 humilem
899 3958 1308 4022 conditionem
1340 3979 1404 4023 se
1437 3961 1694 4022 demittit
1730 3979 1747 4037 ;
1804 3968 1861 4020 et
1907 3958 2122 4019 luctam

469 4054 677 4108 contra
698 4047 1106 4109 adversariim
1133 4069 1248 4110 non
1273 4068 1448 4111 secus
1469 4069 1535 4110 ac
1561 4067 1715 4110 unus
1739 4067 1770 4108 c
1799 4046 1990 4118 nobis,
2026 4046 2126 4127 qui

468 4135 1016 4216 prosternebamur.
1053 4137 1320 4218 suscipit.
1373 4137 1525 4210 Quid
1576 4137 1760 4212 enim,
1797 4136 1846 4197 si
1879 4136 1966 4197 vel
2000 4140 2126 4196 solo

470 4235 616 4288 nutu
645 4245 678 4288 e
740 4227 916 4300 cmlo,
948 4234 1074 4288 tuto
1107 4228 1233 4307 ipse
1267 4227 1325 4289 in
1357 4227 1596 4289 sublimi
1655 4245 1761 4287 sua
1792 4227 2127 4288 consistens

2200 3240 2366 3319 βουλὴ
2444 3244 2530 3299 καὶ
2621 3241 2870 3314 ἀληθινὴ,
2971 3241 3059 3297 καὶ
3114 3241 3334 3317 βοηθεῖν
3406 3235 3574 3294 ἐδόκει
3646 3235 3853 3314 καιρός.

2204 3333 2302 3390 Καὶ
2346 3332 2438 3399 τῆς
2494 3333 2739 3409 βοηθείας
2794 3333 2823 3388 6
2869 3331 3088 3412 τρόπος,
3144 3332 3218 3393 ὡς
3289 3327 3556 3407 ὁπερφυὴς
3613 3326 3704 3382 καὶ
3750 3347 3860 3381 πα-

2209 3419 2444 3502 ράδοξος.

2290 3604 2436 3659 Μετά
2493 3611 2666 3662 πᾶσαν
2721 3602 2889 3672 ἄλλην
2949 3601 3210 3684 μηχανὴν
3265 3599 3708 3684 ἀπρακτήσασαν,
3768 3599 3865 3654 αὖ·

2208 3691 2324 3765 τὸς,
2393 3694 2421 3748 ὃ
2476 3693 2648 3774 φέρων
2705 3695 2770 3752 τά
2813 3696 2986 3752 πάντα
3152 3692 3353 3770 ῥήματι
3412 3693 3511 3754 τῆς
3571 3683 3864 3764 δυνάμεως,

2208 3781 2297 3837 τὸν
2360 3782 2545 3860 ἀγῶνα
2599 3791 2782 3842 τοῦτον
2853 3784 3194 3864 ὑπέρχεται·
3267 3779 3354 3836 καὶ
3410 3780 3438 3834 6
3468 3774 3523 3819 3‘
3578 3775 3709 3840 Θεὸς
3767 3779 3869 3830 τῶν

2210 3869 2498 3950 ἀνθρώπων
2551 3871 2636 3930 διὰ
2697 3877 2819 3940 τοὺς
2891 3874 3195 3955 ἀνθρώπους
3265 3869 3591 3946 ἐνανθρωπετ
3627 3884 3639 3897 ⁸
3701 3865 3788 3922 καὶ
3843 3866 3870 3919 6

2211 3966 2488 4025 ταπεινοὺς
2545 3961 2718 4040 ὔψῶν,
2778 3970 3113 4040 ταπεινοῖιτχι
3151 3981 3164 3995 ⁸
3240 3961 3329 4016 καὶ
3403 3958 3504 4025 τὴν
3575 3956 3710 4035 πρὸς
3781 3955 3866 4010 τὸν

2211 4048 2496 4108 ἀντίπαλον
2538 4054 2716 4121 πάλην
2761 4055 2821 4112 ὲκ
2892 4061 2985 4111 τοῦ
3005 4037 3154 4109 ιἴσου
3211 4062 3328 4112 τοῖς
3385 4047 3660 4104 πίπτουσιν
3737 4046 3868 4119 ἡμῖν

2210 4137 2553 4220 ὑποδέχεται.
2589 4147 2648 4202 Τί
2677 4146 2800 4225 γὰρ,
2864 4146 2907 4200 εἰ
2951 4145 3037 4199 καὶ
3094 4142 3310 4216 νεύματι
3364 4136 3513 4212 μόνῳ
3554 4135 3645 4225 τὸγ
3679 4133 3866 4214 ἐχθρὸν

2212 4227 2263 4294 ἐξ
2319 4229 2480 4306 ὕψους
2537 4223 2828 4315 ἀνάλωσεν,
2894 4234 2948 4290 ἐν
3003 4229 3235 4311 ἀσφαλεῖ
3290 4226 3555 4288 καθεστὼς
3613 4223 3703 4280 ἐπὶ
3773 4225 3865 4289 τῆς

469 4315 634 4390 sele,
670 4335 736 4378 ac
767 4316 995 4377 nullum
1045 4317 1105 4378 in
1139 4319 1419 4380 conflictu
1457 4316 1713 4378 laborem
1747 4329 1847 4376 aut
1883 4314 2120 4396 pericu-

2216 4319 2402 4386 οἰκείας
2472 4327 2770 4402 περιωπῆς,
2814 4311 2936 4379 ⁷ἰιιαὶ
3007 4319 3208 4398 μηδένα
3285 4317 3447 4374 πόνον
3528 4314 3563 4382 ἢ
3635 4311 3866 4372 κίνδυνον

466 4408 587 4470 lum
620 4408 946 4482 sustinens,
979 4409 1287 4473 inimicum
1325 4409 1686 4491 perdidisset
1720 4409 1746 4468 ?
1795 4409 1944 4481 Quid
1978 4428 2120 4470 vero

469 4517 744 4578 magnum
777 4497 1056 4579 (fuisset),
1095 4499 1401 4579 fugitivum
1453 4499 1644 4572 illum,
1681 4499 2019 4580 improbum
2057 4508 2115 4559 et

467 4587 786 4666 ingratum,
819 4606 853 4648 a
873 4587 993 4650 Deo
1018 4589 1233 4666 subjici
1250 4589 1859 4668 scelestissimumque
1881 4604 2117 4650 servum

467 4695 501 4739 a
521 4675 643 4738 Deo
668 4686 906 4758 potente
928 4678 1187 4740 vinctum
1218 4679 1482 4741 abduci?
1533 4679 1592 4742 ld
1625 4681 1926 4740 enimvero
1949 4677 2122 4738 facile

469 4767 662 4848 potius
695 4767 925 4841 fuisset,
958 4787 1134 4848 quam
1193 4764 1595 4830 admiratione
1623 4767 1892 4846 dignum,
1925 4785 1992 4826 ac
2023 4784 2122 4826 res

467 4857 722 4919 feliciter
740 4864 905 4937 gesta
928 4857 1144 4920 divinae
1164 4859 1350 4939 magis
1378 4857 1734 4935 fortitudini,
1757 4875 1930 4937 quam
1968 4856 2124 4936 ejus-

467 4948 605 5008 dt-m
639 4964 778 5025 erga
809 4946 1085 5009 homines
1116 4947 1388 5010 charitati
1416 4945 1770 5008 ascribenda
1803 4952 1985 5007 esset.

548 5038 772 5098 Verum
801 5035 902 5096 ille
925 5035 1174 5114 gloriam
1209 5056 1400 5100 meam
1464 5055 1585 5098 suae
1613 5035 1801 5116 ipsius
1833 5034 2120 5115 quodam-

469 5125 645 5188 modo
675 5124 944 5204 dignitati
993 5135 1363 5207 anteponens
1432 5126 1489 5208 (ο
1553 5123 1982 5186 misericordiae
2016 5123 2120 5187 Dei

547 5332 572 5366 .
598 5294 754 5360 Psal.
788 5311 994 5372 XLVIII,
1044 5298 1134 5360 t3.

2205 4411 2323 4486 περὶ
2367 4411 2465 4478 τὴν
2511 4400 2825 4488 συμπλοκὴν
2882 4413 3164 4486 ὑποστάς,
3223 4409 3283 4467 Τί
3359 4403 3413 4461 δὲ
3472 4404 3634 4482 μέγα,
3667 4400 3865 4483 δραπέ-

2202 4520 2324 4573 την,
2374 4504 2607 4582 πονηρὸν
2649 4505 2737 4560 καὶ
2801 4503 3111 4582 ἀγνώμονα,
3170 4501 3270 4556 ὑπὸ
3321 4502 3453 4553 Θεοῦ
3515 4497 3863 4575 χειρωθῆναι,

2203 4589 2290 4644 καὶ
2320 4581 2619 4671 ἀναχθῆναι
2643 4589 2696 4634 ³⁵
2726 4581 2975 4650 κάκιστον
3005 4588 3188 4647 δοῦλον
3233 4587 3374 4666 παρὰ
3408 4585 3674 4641 Δεσπότου
3707 4581 3865 4640 δυνα-

2202 4687 2294 4736 τοῦ
2321 4670 2532 4756 δέσμιον
2568 4702 2584 4762 ς
2619 4689 2784 4741 Τοῦτο
2816 4681 2912 4758 μὲν
2958 4680 3045 4737 οὖν
3075 4676 3249 4758 ῥᾴδιον
3281 4673 3507 4751 μᾶλλον,
3555 4673 3591 4741 ἢ
3639 4670 3869 4752 παρέδο-

2203 4764 2286 4833 ξον
2333 4769 2424 4850 ἦν,
2467 4774 2555 4828 καὶ
2610 4777 2706 4840 τῆς
2760 4773 2898 4836 θείας
2957 4769 3120 4827 πλέον
3163 4768 3346 4848 ἰσχύος
3391 4766 3426 4834 ἢ
3474 4762 3863 4845 φιλανθρωπίας

2204 4860 2523 4940 κατόρθωμα
2552 4858 2628 4920 ³6.

2289 5030 2346 5097 Ὀ
2406 5038 2460 5096 δὲ
2517 5042 2613 5110 τῆς
2662 5040 2790 5107 ἰδίας
2848 5040 3026 5120 ὥσπερ
3083 5037 3226 5106 ἀξίας
3288 5037 3386 5104 τὴν
3461 5033 3598 5110 ἐμὴν
3658 5032 3861 5112 προθεὶς

2205 5125 2432 5194 εδδοξίαν
2467 5149 2481 5164 ⁶
2527 5130 2572 5188 ὢ
2600 5132 2756 5208 βάθος
2809 5127 3204 5209 εὐσπλαγχνίας
3262 5133 3420 5202 Θεοῦ,
3453 5123 3498 5181 ὢ
3558 5121 3868 5204 χρηστότη-

1225 5296 1246 5339 ί
1270 5295 1400 5361 Psal
1458 5313 1584 5377 vui,
1619 5295 1679 5360 6.
1767 5310 1795 5353 ις
1824 5292 1931 5356 Isa.
1968 5309 2110 5370 xxv,
2144 5295 2173 5357 1
2209 5313 2333 5360 sec.
2367 5297 2546 5364 LXX.
2631 5302 2658 5345 ll
2688 5298 2872 5363 Hebr.
2908 5315 2948 5374 i,
2981 5298 3042 5362 3.
3127 5289 3313 5360 ‘Luc.
3346 5311 3392 5378 ι,
3425 5292 3526 5358 52.

1908 5453 2100 5519 Variae
2130 5455 2442 5522 lectioues.

552 5595 616 5646 98
646 5594 791 5658 COd.
829 5596 1001 5659 Laur.
1037 5598 1460 5677 μεγαλοπρεπεῖ.

471 5675 646 5737 Laur.
681 5679 709 5732 6
739 5679 960 5736 ὁποιὼν.
1044 5677 1104 5726 ³³
1132 5675 1294 5738 Cod;
1316 5679 1484 5736 Laur.
1523 5679 1609 5739 τό.

1593 5594 1657 5644 29
1688 5592 1805 5675 Coti
1843 5593 2017 5675 Laur.
2053 5596 2410 5675 προμπτέρια,

1695 5674 1748 5716 ³³
1779 5675 1897 5736 Cod
1928 5674 2083 5755 Laur
2133 5674 2430 5755 περιετπτε.

2559 5597 2624 5649 ³ο
2651 5597 2796 5661 Cod.
2833 5596 3008 5660 Laur.
3043 5599 3186 5679 πρὸς⁸
3205 5593 3512 5674 ἀφθαρσίαν.
3638 5586 3693 5632 3°
3721 5584 3862 5679 Cod.

2515 5681 2580 5730 ³4
2606 5679 2671 5741 In
2701 5679 2838 5742 covl.
2874 5680 3045 5740 Laur.
3083 5676 3293 5738 eadem
3327 5690 3536 5735 manus
3567 5689 3600 5737 e
3629 5676 3865 5748 regione

466 5753 530 5817 in
559 5753 804 5818 rubrica
831 5755 1087 5835 subjecit
1132 5774 1146 5817 :
1183 5759 1268 5820 Τίς
1301 5760 1329 5812 6
1373 5756 1530 5834 λόγος
1553 5758 1646 5824 τῆς
1676 5756 1818 5816 θείας
1851 5753 2120 5832 σαρκώσεις

2280 5757 2344 5807 33
2374 5760 2552 5823 Laur.
2586 5762 2922 5841 ἀπαχθῆναι,
3008 5758 3074 5809 33
3116 5759 3292 5822 Laur.
3327 5755 3684 5834 κατώρθωμα.
