4144 6400
325 364 477 431 1085
1249 370 1502 434 SERMO
1543 371 1628 436 IN
1665 370 1768 435 SS.
1815 362 1961 428 DEI}

2088 365 2197 427 ὶᾸῖ
2219 367 2782 434 DORMITIONEM.
3563 364 3724 433 1086

313 503 403 567 τὸς
460 502 738 582 πέλαγοςι
801 505 898 581 ἐμὲ
969 514 1257 587 μορφοῦται
1330 507 1422 563 τὸν
1493 507 1714 589 χοῖκὸν,
1773 506 1866 564 ’ίνα
1908 498 1949 556 τί

2083 495 2328 581 ὠγεειιηι
2359 505 2374 560 ι
2404 501 2453 565 O
2477 500 3026 584 pelagusbonitatis
3049 503 3116 585 !),
3141 509 3443 567 terrenam
3467 501 3719 565 formam

313 593 440 671 ἐμὸν
504 593 719 660 ἀσθενὲς
787 599 886 663 τῆς
961 597 1148 652 ἑαυτοῦ
1223 595 1512 676 πληρώσας
1570 596 1842 673 δυνάμεως
1903 594 1949 652 δι

2084 606 2251 652 neam
2274 589 2469 652 induit
2494 611 2510 666 ;
2535 604 2601 653 ut
2626 591 3036 654 inﬁrmitatem
3062 609 3254 657 meam
3277 611 3384 655 sua
3402 591 3593 674 ipsius
3605 590 3720 652 vir-

313 685 468 742 a'5106
492 679 546 725 ³⁷
575 682 865 743 καταϐάλοι
896 687 985 742 τὸν
1016 686 1260 766 ἰσχυρὸν,
1290 687 1378 743 καὶ
1432 693 1502 764 τῇ
1549 686 1646 754 τὴν
1687 687 1850 754 ἧτταν
1894 688 1949 743 εἰς

2085 686 2176 740 ute
2207 680 2518 761 supplens,
2551 681 2686 763 ipse
2737 700 2845 764 per
2887 700 2951 744 se
2985 689 3322 764 prosternat
3349 681 3563 744 fortem
3582 713 3628 766 ι,
3662 688 3721 743 et

304 773 455 854 φύσιν
476 767 530 814 ³8
556 770 608 838 ἐξ
637 772 779 840 ἔθους
808 772 1066 852 δεξαμένη
1092 779 1160 852 τῇ
1184 777 1335 854 σαρκὶ
1364 773 1627 856 παραδοὺς
1657 775 1940 834 ἀνέλτιστοη

2089 769 2219 831 arni
2243 790 2379 852 quae
2404 789 2582 853 prava
2601 771 3065 852 agendiratione
3091 771 3318 834 cladem
3340 790 3514 854 passa
3529 772 3725 833 fuerat

305 864 455 930 νίκην
482 862 697 932 ποιήσοι
727 861 782 907 39
808 865 870 920 τὸ
897 865 1151 942 τρόπαιον
1194 864 1391 933 ταύτης
1436 863 1641 942 μᾶλλον
1685 865 1720 933 ἢ
1753 867 1941 924 ἑαυτοῦ

2083 877 2115 920 n
2144 868 2384 936 natura,
2415 861 2781 941 insperatam
2807 860 3080 923 tribuens
3093 861 3424 937 victoriam,
3453 860 3593 923 huic
3619 879 3719 941 po-

307 951 394 1008 καὶ
437 949 602 1014 οῧτως
632 951 842 1032 ἀφελὼν
882 953 944 1010 τὸ
1005 954 1348 1034 μεσότοιχον,
1406 953 1496 1010 καὶ
1540 956 1880 1034 καταργήσας
1911 956 1943 1012 ἐι

2081 947 2166 1011 ius
2197 969 2376 1029 quam
2415 950 2526 1012 sibi
2563 958 2852 1032 tropaeum
2885 958 3172 1014 statueret
3207 971 3224 1028 ;
3275 959 3453 1033 atque
3491 949 3574 1012 ita
3607 949 3717 1011 de-

309 1040 482 1117 ἑκείνῃ
513 1040 612 1107 τὴν
655 1039 870 1121 ἔχθραν,
905 1043 1128 1118 συνάψοι
1157 1043 1223 1098 τὰ
1252 1040 1533 1124 διεστῶτα,
1565 1044 1653 1100 καὶ
1683 1045 1811 1124 πρὸς
1840 1045 1945 1120 μίαε

2083 1055 2210 1098 ium
2242 1037 2670 1102 intermedium
2696 1039 2916 1102 tollens
2940 1041 3231 1120 parietem
3260 1041 3309 1115 ι,
3335 1041 3395 1101 in
3427 1059 3498 1102 ea
3538 1056 3719 1102 carne

306 1130 556 1214 ὁμόνοιαν
587 1130 810 1209 ἁρμόσοι
839 1133 901 1187 τὸ
931 1136 1059 1192 πᾶν.
1109 1134 1269 1196 Οὗτος
1291 1135 1319 1188 ὁ
1348 1130 1510 1209 λόγος
1539 1136 1638 1200 τῆς
1671 1140 1762 1190 106
1792 1133 1942 1212 Λόγοι

2081 1127 2426 1191 nimicitiam
2455 1129 2795 1203 destruens,
2829 1128 3037 1191 dissita
3072 1129 3135 1191 in
3165 1149 3350 1192 unum
3381 1130 3717 1209 conjunge-

304 1220 618 1299 παχύτητος
653 1235 668 1250 ⁶
714 1226 870 1278 τοῦτο
912 1224 1010 1289 τῆς
1040 1219 1280 1299 μεγάλης
1311 1220 1581 1286 κενώςεως
1614 1232 1706 1283 τοῦ
1738 1231 1868 1280 Θεοῦ
1900 1227 1940 1280 τί

2079 1227 2161 1287 et,
2198 1225 2257 1279 et
2285 1221 2487 1280 omnia
2517 1217 2589 1279 ad
2623 1216 2948 1298 perfectam
2979 1219 3358 1282 concordiam
3393 1235 3712 1299 compone-

307 1309 627 1390 μυστήριον.
2043 1314 2158 1367 ret.
2195 1310 2340 1370 Haec
2359 1305 2510 1368 ratio
2535 1306 2785 1381 exstitit,
2813 1324 2921 1368 cur
2943 1307 3208 1370 Verbum
3234 1307 3502 1371 materize
3547 1323 3715 1369 cras-

2045 1395 2242 1466 Sitiem
2266 1396 2552 1459 indueret
2584 1413 2604 1471 ;
2638 1396 2753 1458 hoc
2783 1415 3064 1475 magnum
3096 1405 3186 1458 est
3217 1397 3324 1462 Dei
3343 1415 3476 1461 sese
3501 1397 3574 1459 ad
3601 1397 3719 1458 ima

2050 1485 2446 1548 exinanientis
2481 1485 2862 1566 mysterium.

390 1568 453 1640 ι’,
514 1574 665 1636 Ἐπεὶ
708 1576 764 1636 δὲ
822 1585 891 1656 τῇ
933 1579 1046 1652 θείᾳ
1088 1581 1350 1660 σαρκώσει
1417 1581 1556 1646 θείας
1611 1579 1713 1639 ἔδει
1770 1583 1968 1662 γεννή-

2132 1575 2204 1638 Χ.
2234 1575 2419 1638 Porro
2454 1593 2593 1636 cum
2623 1574 2701 1636 ad
2733 1574 2996 1637 divinam
3049 1575 3204 1638 hanc
3233 1575 3711 1640 incarnationem

304 1689 440 1731 σεως
521 1669 609 1724 καὶ
678 1669 895 1746 τοιαύτῃ
963 1671 1209 1748 γεννήσει
1245 1667 1300 1712 ⁸ο
1378 1672 1628 1740 τοιαύτης
1699 1673 1900 1753 μητρός

2069 1665 2256 1728 iivina
2289 1681 2439 1746 opus
2470 1671 2630 1728 esset
2656 1663 3065 1742 generatione,
3102 1673 3163 1730 et
3191 1665 3263 1728 ad
3291 1674 3408 1729 tam
3442 1666 3705 1728 divinam

303 1755 524 1814 ἐνταῦθα
578 1758 642 1813 τὸ
696 1756 836 1838 μέγα
890 1768 983 1817 τοῦ
1064 1756 1180 1815 καθ’
1253 1760 1402 1836 ἡμᾶς
1483 1759 1703 1821 τοῦδε⁴¹
1791 1763 1939 1841 γένου

2073 1754 2504 1838 generationem
2537 1754 2714 1816 etiam
2747 1754 3043 1833 condigna
3073 1769 3264 1818 mater
3278 1757 3709 1838 requi-reretur;

301 1844 470 1925 δῶρον
498 1843 552 1888 δ’
620 1831 710 1903 καί
765 1831 1181 1928 καρποφόρημα,
1242 1831 1475 1918 ἠ-κοινή
1525 1831 1816 1932 φιλοτιμία.
1872 1859 1937 1922 τῆ

2073 1831 2200 1909 Ξοοο
2228 1863 2508 1924 magnum
2541 1842 2686 1904 illud
2703 1831 3344 1928 donum,eximiusque
3365 1831 3709 1908 l'ructusbué

300 1936 532 2016 φύσεως,
583 1937 646 1992 τὸ
695 1935 748 1993 έν
797 1936 1090 2016 ἀνθρώποις
1133 1937 1416 2018 ἐξαίρετον,
1448 1940 1558 1996 τῶν
1590 1940 1646 1996 ἐν
1677 1939 1866 2017 κόσμῳ
1908 1967 1936 2000 τ

2081 1953 2219 1996 usce
2248 1933 2439 1996 nostri
2484 1933 2726 2013 generis
2754 1933 2877 2013 (8),
2935 1935 3271 1996 communis
3325 1935 3438 1998 ista
3486 1942 3713 1996 natura

299 2023 612 2097 κάλλιστον,
657 2026 692 2092 ἡ
741 2032 1034 2092 τηνικαῦτα
1060 2023 1115 2067 ‘3
1171 2027 1268 2103 μὲν
1327 2029 1461 2108 κόρη
1523 2030 1725 2108 καθαρὰ
1755 2032 1844 2087 καὶ
1868 2031 1931 2086 ἂν

2075 2024 2349 2102 gloriatio,
2383 2021 2687 2100 singulare
2717 2021 2831 2083 hoc
2860 2022 2919 2082 in
2965 2023 3310 2085 hominibus
3345 2031 3711 2105 portentum,

302 2111 530 2194 έπαφος,
566 2115 702 2188 μετὰ
729 2121 896 2171 ταῦτα
925 2111 980 2170 δὲ
1036 2116 1125 2172 καὶ
1184 2117 1318 2194 γυνὴ
1361 2118 1710 2197 καθαρωτέρα
1754 2117 1938 2195 πολλῴ

2074 2113 2345 2189 ιωιιὶιιηι,
2371 2129 2502 2193 quae
2527 2110 2590 2172 in
2615 2110 2835 2171 mundo
2865 2119 3023 2188 sunt,
3051 2112 3552 2193 pulcherrimum,
3575 2131 3710 2194 quae

297 2203 389 2258 καὶ
419 2203 520 2270 τὴν
569 2203 778 2282 ἁγνείαν
835 2211 912 2280 τῷ
955 2205 1098 2280 τόκῳ
1155 2205 1270 2283 μεθ’
1328 2206 1625 2288 ὑπερϐολῆς
1669 2208 1933 2286 ἁγιάσασα

2070 2221 2191 2264 .unc
2248 2201 2493 2282 quidem
2523 2199 2689 2288 virgo
2717 2206 2842 2260 erat
2876 2218 3022 2280 pura
3072 2209 3130 2262 et
3179 2201 3432 2274 illibata,
3488 2199 3706 2262 deinde

302 2297 377 2351 Οὐ
419 2293 557 2353 κατὰ
589 2293 825 2373 μητέρας
858 2295 958 2374 γὰρ
1008 2297 1190 2371 μήτηρ
1245 2298 1278 2364 ἡ
1342 2287 1437 2354 106
1491 2299 1696 2377 Πατρὸς
1754 2298 1937 2356 πάντω

2064 2310 2188 2354 vero
2241 2298 2300 2354 et
2329 2289 2546 2350 mulier
2574 2287 2759 2349 multo
2787 2288 3012 2368 purior,
3068 2289 3288 2371 quippe
3317 2309 3450 2372 quae
3480 2289 3700 2372 purita-

300 2383 532 2462 μήτηρ·
627 2381 744 2440 οὐδὲ
833 2385 969 2440 κατὰ
1049 2385 1332 2464 παρθένους
1418 2386 1676 2465 Παρθένος
1757 2389 1792 2456 ἡ
1874 2389 1936 2445 τὸ

2063 2401 2168 2446 :em
2202 2399 2368 2443 suam
2401 2397 2509 2460 per
2535 2377 2732 2459 ipsum
2765 2385 2995 2458 partum
3032 2379 3288 2460 puritate
3317 2381 3699 2459 incompara-

299 2473 566 2552 ἁγιασμὸν
622 2485 874 2530 τετοκυῖα
907 2489 920 2504 ⁹
983 2472 1102 2530 ἀλλ’
1161 2475 1354 2554 ἀμιγὲς
1412 2476 1507 2552 μέν
1562 2473 1668 2534 οὐδ’
1733 2475 1908 2557 ἕτερον

2063 2471 2248 2534 )iliter
2277 2467 2648 2550 splendidori
2681 2465 3004 2528 exornavit.
3041 2468 3248 2549 Neque
3281 2469 3440 2531 enim
3474 2487 3699 2531 secun-

297 2557 511 2640 ἀκριϐὲς
565 2559 618 2617 δὲ
671 2563 942 2643 ἑκάτερον,
1003 2563 1208 2640 μᾶλλον
1264 2563 1318 2620 δὲ
1360 2567 1448 2622 καὶ
1491 2566 1763 2645 ἀμφότερα
1821 2566 1933 2626 πολε

2061 2565 2185 2625 ium
2215 2558 2627 2632 communium.
2653 2564 2905 2618 matrum
2922 2557 3213 2620 rationem
3241 2567 3432 2621 mater
3452 2558 3697 2634 illafuit,

296 2648 416 2706 καθ’
459 2652 732 2731 ὑπεροχήν
758 2649 836 2712 ‘9.
884 2653 1140 2734 Παρθένος
1209 2654 1327 2730 μὲν,
1377 2653 1496 2712 ἀλλ’
1550 2657 1644 2712 οὐκ
1694 2653 1929 2735 ἄκαρπος

2066 2670 2173 2734 [uae
2202 2648 2468 2711 omnium
2520 2645 2730 2737 Patris
2757 2645 2940 2737 Mater
2997 2647 3275 2737 exstitit;
3340 2667 3537 2729 neque
3565 2646 3702 2709 aliis

295 2738 414 2800 οὐδὲ
460 2755 583 2805 ταῖς
612 2737 669 2783 ⁴θ
718 2743 950 2820 μητράσι
1006 2741 1244 2811 δοθείσης
1275 2741 1330 2787 ‘6
1386 2744 1627 2824 εὖλογίας
1686 2733 1899 2816 ἐπιδεής

2059 2733 2369 2822 iirginibus
2397 2737 2612 2799 similis
2671 2735 2775 2796 illa
2831 2733 3011 2814 Virgo
3067 2735 3202 2810 fuit,
3260 2756 3394 2819 quae
3419 2737 3695 2798 virtutem

292 2853 355 2888 10
403 2827 472 2887 δι’
516 2831 593 2887 ἐτι
650 2832 975 2912 καινότερον,
1035 2831 1117 2888 ὅτι
1177 2833 1274 2891 οὔκ
1329 2833 1491 2893 ἄλλον
1519 2833 1572 2876 υ
1612 2836 1774 2909 ἡμῖν,
1834 2835 1928 2892 ἀλλ

2072 2828 2558 2895 anctiﬁcatricem
2589 2825 2837 2905 genuit;
2900 2825 3004 2888 sed
3068 2835 3126 2888 et
3173 2828 3386 2890 horum
3421 2834 3705 2890 neutrum

295 2919 454 2978 αὒτὸν
485 2925 668 2978 τοῦτον
724 2922 914 2996 τίκτει,
973 2923 1065 2978 τὸν
1121 2936 1243 2986 ταῖς
1299 2928 1599 2988 τικτούσαις
1644 2925 1704 2982 τὸ
1761 2925 1931 2982 τίκτει

2067 2922 2169 2983 .ine
2183 2915 2426 2979 alterius
2442 2912 2914 2996 participatione,
2940 2915 3060 2976 imo
3075 2917 3342 2998 perfecte
3355 2925 3703 2996 utrumque,

291 3006 381 3067 ἐπ’
438 3007 695 3087 εὐλογίαις
743 3008 1095 3091 δωρούμενον.
1153 3013 1369 3092 Πρῶτος
1421 3014 1520 3093 γὰρ
1577 3015 1760 3094 αὖτὸς,
1821 3036 1927 3090 μετι

2063 3009 2185 3092 [uin
2218 3007 2392 3070 etiam
2429 3012 2752 3094 utrumque
2781 3002 3269 3094 eminentissima
3300 3006 3531 3068 ratione
3562 3003 3699 3094 fuit.

292 3103 395 3166 τῆς
425 3103 518 3154 τοῦ
560 3099 766 3179 χαίρειν
824 3101 1171 3180 προσρήσεως
1206 3091 1326 3170 τὴν
1382 3091 1535 3179 ἁγίαν
1592 3091 1788 3180 μέτραν
1843 3104 1928 3159 εἶσι

2065 3091 2110 3161 Ξῖ
2142 3115 2284 3160 sane
2311 3095 2493 3175 Virgo
2525 3092 2657 3166 fuit,
2693 3091 2794 3153 sed
2834 3112 2950 3154 non
2983 3094 3328 3164 infecunda.
3365 3113 3558 3176 neque
3590 3093 3701 3154 be-

290 3185 405 3261 δὺς,
440 3189 526 3244 καὶ
556 3185 715 3251 λύσας
747 3189 972 3264 ἑτοίμως
1001 3196 1070 3265 τῇ
1129 3192 1260 3270 πρὸς
1316 3191 1415 3258 τὴν
1445 3189 1499 3232 *8
1545 3190 1751 3270 μητέρα
1809 3200 1926 3272 χαρέ

2069 3186 2403 3253 ιθιὶίοιὶοιιίε
2425 3183 2587 3245 illius
2611 3200 2845 3262 expers,
2872 3202 3005 3263 quae
3034 3185 3320 3246 matribus
3339 3181 3705 3272 impertitur;

291 3277 394 3343 τὴν
425 3277 498 3341 εἷς
542 3277 662 3342 τοὺς
718 3279 1010 3357 προγόνους
1057 3269 1210 3358 ἆραν,
1263 3301 1286 3334 ιι
1351 3278 1718 3357 εὖλογημένην
1745 3269 1859 3336 ‘96
1896 3303 1925 3336 1

2079 3291 2095 3341 t
2127 3277 2284 3359 quod
2317 3275 2405 3336 vel
2440 3271 2625 3352 magis
2656 3279 2744 3332 est
2775 3271 3136 3351 inauditum,
3165 3294 3280 3336 non
3315 3274 3498 3336 alium
3531 3269 3709 3333 nobis

292 3367 599 3444 προσειπὼν
630 3373 698 3444 τῇ
727 3376 819 3426 τοῦ
861 3367 1088 3447 ἀγγέλου
1118 3375 1295 3449 φωνῇ.
1354 3369 1444 3426 καὶ
1500 3389 1528 3426 (
1577 3371 1919 3450 κεχαριτωμέ

2065 3372 2215 3440 iarit,
2241 3366 2346 3428 sed
2370 3364 2538 3426 illum
2575 3361 2884 3435 eumdem,
2911 3362 3012 3442 qui
3040 3364 3412 3442 parientibus
3435 3361 3701 3441 largitur,

293 3479 391 3523 νην
427 3480 453 3511 n
487 3455 712 3523 καλέσας
741 3459 840 3526 τὴν
888 3461 976 3514 καὶ
1033 3460 1479 3540 προϋπάρχουσαν
1510 3457 1563 3500 ⁵ο
1628 3469 1813 3533 11611,
1869 3483 1929 3516 x1

2067 3467 2102 3519 ιι
2134 3476 2268 3519 cum
2305 3451 2729 3516 benedictione
2781 3451 3034 3530 pariant.
3095 3453 3329 3514 Primus
3360 3454 3517 3515 enim
3551 3451 3703 3540 ipse,

293 3547 630 3625 παραχρῆμα
705 3544 865 3603 πλέον
939 3539 1287 3628 δπάρξουσαν,
1373 3547 1466 3604 ἀπ’
1540 3549 1699 3614 αὐτῆς
1772 3549 1929 3605 ari-cia:

2064 3567 2174 3608 :um
2211 3553 2340 3628 post
2369 3541 2787 3606 salutationem
2823 3541 3023 3620 gaudii
3071 3552 3343 3604 sanctum
3374 3543 3569 3604 sinum
3604 3539 3700 3601 in-

292 3635 385 3690 καὶ
426 3633 493 3691 δι’
555 3637 719 3704 αὐτῆς
775 3635 1054 3716 ὁλοκλήρῳ
1079 3636 1127 3680 δί
1189 3660 1265 3713 τῳ
1334 3637 1497 3716 γένει,
1555 3639 1656 3704 τὴν
1711 3636 1928 3716 εὔλογίαη

2074 3655 2274 3697 ressus
2308 3642 2488 3706 esset,
2517 3649 2743 3711 perque
2769 3629 3056 3707 gaudium
3082 3632 3254 3695 Matri
3275 3631 3704 3694 denuntiatum

293 3719 533 3786 διέδωκε,
594 3726 786 3804 Μήτηρ
857 3726 976 3800 μὲν,
1032 3725 1152 3783 ἀλλ’
1231 3728 1508 3802 ἀκήματος
1563 3728 1653 3782 καὶ
1708 3733 1929 3804 γαμικῶ

2065 3724 2304 3786 »ιύιίιιιιε
2336 3721 2816 3785 maledictionem
2853 3722 3383 3802 protoparentibus
3415 3724 3701 3787 inﬂictam

293 3816 476 3888 νόμων
532 3815 806 3895 κρείττων,
872 3817 960 3871 καὶ
1039 3819 1142 3873 τῶν
1229 3815 1529 3894 ἀναγκαίων
1587 3829 1711 3877 ταῖς
1767 3812 1921 3871 ἄλλαι

2079 3813 2428 3886 issolvissct,
2458 3830 2526 3873 ac
2557 3829 2666 3891 per
2714 3809 2916 3889 angeli
2979 3830 3184 3874 vocem
3215 3813 3510 3876 allocutus
3541 3823 3705 3877 esset

291 3904 371 3965 εἰς
430 3903 705 3984 κυοφορίαν
769 3903 1036 3966 ἐπέκεινα,
1101 3907 1199 3964 Καὶ
1254 3909 1552 3980 θιυμαστοϊ
1607 3905 1703 3972 τὴν
1766 3915 1927 3964 texe-6

2069 3902 2438 3972 'cnedictam,
2463 3899 2647 3972 illam,
2669 3917 2922 3980 eamque
2939 3902 3147 3981 gratia
3163 3901 3426 3984 plenam,
3448 3904 3705 3985 compel-

290 4013 392 4049 σαν
421 3994 448 4049 ὁ
478 3994 752 4070 γαννηθεὶς
784 3999 852 4070 τῇ
879 4000 1039 4070 καινῇ
1073 3995 1208 4070 μίξει
1240 3995 1404 4072 ταύτῃ
1434 4000 1542 4050 τῶν
1574 3993 1845 4074 ἐναντίων,
1869 4015 1926 4049 κα

2065 4000 2238 4062 asset,
2271 4010 2406 4071 quae
2435 3998 2490 4050 et
2524 3991 2686 4068 prius
2707 3991 2831 4067 jam
2868 3998 2992 4050 erat
3023 3991 3316 4071 ejusmodi
3348 3993 3442 4074 (9)
3475 4003 3532 4054 et
3567 4012 3701 4056 mox

291 4095 552 4161 μαρτυρεῖ
593 4090 671 4158 τῷ
713 4083 955 4163 τεχθέντι
1011 4086 1071 4141 τὸ
1117 4086 1234 4164 περὶ
1289 4085 1385 4149 τὰς
1414 4084 1592 4161 φύσεις
1626 4080 1839 4140 διπλοῦν
1886 4081 1927 4138 δι

2070 4079 2294 4142 leniori
2324 4079 2497 4160 copia
2560 4079 2620 4140 id
2681 4079 2873 4159 ipsum
2928 4079 3122 4142 futura
3152 4089 3301 4154 erat,
3336 4083 3536 4144 statim
3576 4092 3706 4162 post

289 4172 486 4238 ἑαυτῆς
516 4173 551 4240 ἡ
583 4173 903 4250 γεννήσασα.

2063 4188 2223 4249 psam
2253 4177 2311 4230 et
2342 4187 2448 4250 per
2478 4171 2664 4250 ipsam
2686 4169 2958 4230 universo
2982 4170 3188 4248 generi
3211 4170 3697 4234 benedictionem

285 4257 516 4322 eﬂ‘udit.
549 4259 731 4322 Porro
764 4268 823 4322 et
872 4268 1061 4322 mater
1094 4261 1226 4338 fuit,
1280 4261 1385 4324 sed
1436 4260 1678 4335 intacta,
1715 4267 1773 4322 et
1827 4259 2165 4324 nuilatenus
2210 4260 2574 4341 nuptialibus
2626 4259 2854 4338 legibus
2904 4260 3180 4323 obnoxia.
3217 4261 3376 4322 etab
3413 4263 3702 4325 aerumnis

285 4348 502 4420 libera,
531 4349 749 4432 quibus
779 4349 1011 4413 ratione
1043 4359 1242 4432 partus
1274 4349 1521 4432 reliquae
1551 4349 1971 4431 subjiciuntur.
2007 4349 2276 4431 Cumque
2311 4368 2456 4411 nova
2493 4351 2603 4412 hac
2637 4349 2885 4411 invicem
2917 4351 3030 4412 sibi
3063 4349 3504 4414 abversantium
3543 4371 3699 4414 con-

285 4438 598 4516 iunctione
629 4439 960 4502 mirabilem
995 4448 1231 4522 praestat
1260 4441 1494 4522 genitus
1526 4441 1890 4522 gignentem,
1929 4448 2049 4502 tum
2081 4441 2331 4520 gignens
2380 4441 2579 4521 genito
2633 4439 3038 4500 testimonium
3091 4440 3167 4500 de
3215 4439 3440 4520 duplici
3497 4450 3705 4503 natura

294 4545 403 4610 per
430 4547 496 4592 se
524 4529 743 4591 reddit.

369 4648 387 4703 ι
417 4633 624 4697 Matth.
659 4651 768 4710 xu,
803 4633 902 4699 29.
991 4637 1017 4679 ι
1046 4637 1268 4718 Ephes.
1306 4651 1371 4717 ιι,
1419 4637 1514 4711 14,
1550 4635 1650 4698 l5.

1735 4741 1925 4808 Variae
1967 4745 2286 4809 lectiones.

371 4851 433 4902 57
461 4848 740 4931 Lau_t,§_:'
771 4851 948 4911 αὺτοῦ.
1074 4851 1138 4901 ’58
1181 4850 1355 4913 Laur.
1388 4850 1575 4913 abest.
1605 4852 1677 4915 εἷς
1710 4852 1886 4931 φύσιν.

2064 4857 2075 4904 l
2109 4856 2282 4918 Laur.
2317 4855 2554 4922 ποιήσει.
2669 4852 2732 4902 4ο
2761 4850 2936 4912 Laur.
2977 4849 3166 4931 omilt.
3203 4853 3289 4906 καὶ
3321 4851 3537 4917 τοιαύτη
3573 4875 3700 4929 γεν-

293 4934 464 5002 νήσει.
563 4929 614 4972 Μ
659 4929 794 4994 Vat.
826 4931 1017 4992 omitt.
1051 4931 1222 4994 τοῦδε.
1338 4932 1402 4982 4³
1434 4936 1604 4992 Laur.
1646 4929 1865 4990 ἐνταῦθκ
1893 4956 1929 4990 τι

2062 4933 2129 4992 ιϐ’
2160 4937 2305 5010 ἡμᾶς
2336 4931 2484 4990 τοῦδε
2505 4932 2684 5010 γένους
2717 4933 2855 5011 μέγα
2881 4954 2935 4994 κ.
2970 4953 2999 4986 1
3050 4930 3103 4988 λ.
3218 4931 3281 4980 4³
3314 4932 3490 4992 Laur.
3528 4953 3698 4988 τοινι-

289 5035 477 5094 καυτα.
563 5011 627 5062 44
655 5013 825 5094 Laur.
852 5016 1255 5094 _x100115pox1$v.
1360 5013 1425 5064 4⁵
1454 5011 1589 5074 Vat.
1625 5017 1744 5079 τῆς.
1859 5013 1923 5064 46

2060 5035 2124 5076 η’.
2159 5012 2412 5085 δοθᾶτης.
2479 5013 2562 5094 747
2594 5013 2766 5075 Laur.
2807 5012 2952 5070 ἕλον.
3043 5012 3105 5060 4⁸
3139 5013 3314 5073 Laur.
3355 5018 3423 5089 τῇ
3467 5012 3696 5091 μητέρα.

290 5092 354 5145 49
384 5095 562 5157 Laur.
597 5091 952 5171 εὐλογημένη.
1039 5093 1104 5144 50
1127 5091 1302 5156 Laur.
1336 5097 1438 5174 πρὸ
1466 5096 1555 5151 καὶ
1584 5093 1926 5173 ὑπάρχοῦσαν

1336 5097 1438 5174 πρὸ
1466 5096 1555 5151 καὶ
1584 5093 1950 5173 ὑπάρχοῦσαν.
2039 5096 2085 5139 ⁵¹
2122 5095 2296 5156 Laur.
2335 5093 2618 5174 ὁλοχλήρφ
2648 5101 2724 5168 τῷ
2755 5095 2946 5172 γαῖνει.

1916 5196 2106 5261 Noun.

377 5310 462 5392 (8)
498 5312 625 5374 Duo
658 5306 746 5370 sic
775 5305 1088 5392 habemus2
1123 5325 1255 5390 quae
1282 5309 1357 5372 ad
1389 5305 1954 5392 primam_Deiparaa
2034 5305 2428 5392 cherrimum.

294 5385 583 5472 originem
615 5395 828 5472 sponte
855 5406 962 5451 sua
991 5385 1331 5452 referuntur
1354 5411 1371 5471 ;
1391 5385 1546 5472 tunc
1577 5387 1738 5472 enim
1777 5385 1953 5452 nobis
2121 5389 2205 5468 (9)
2238 5389 2390 5472 Ergo
2420 5387 2596 5472 var-ia
2629 5385 2743 5448 illa
2772 5405 2844 5448 ac
2862 5385 3342 5472 praeclarissimo
3363 5386 3703 5472 charisma.

294 5465 415 5535 hoc
440 5465 667 5534 donum
695 5468 975 5551 collatum
1011 5477 1144 5551 gest,
1207 5489 1276 5551 ac
1337 5465 1462 5551 pari
1496 5470 1671 5532 modo
1705 5476 1954 5531 eatenus
2037 5465 2176 5551 tum
2197 5469 2545 5551 plenitudo,
2569 5475 2754 5551 prout
2783 5465 2990 5528 auctor
3017 5465 3697 5551 superiusloquebatur,

296 5519 486 5614 solum
518 5548 758 5631 generis
788 5549 976 5612 nostri
1009 5519 1236 5612 laudari
1269 5519 1953 5630 po'iestfructus,quate-
2039 5519 2233 5631 Mari;
2249 5549 2473 5631 exstitit
2493 5519 2688 5631 eli'am
2715 5557 3031 5631 antequam
3065 5519 3124 5631 ei
3157 5519 3427 5631 nuntium
3457 5547 3532 5609 de
3559 5519 3711 5608 Veri”

297 5652 406 5696 nus
457 5626 649 5714 prima
677 5629 837 5714 i_il_i_us
863 5631 1025 5709 origo
1057 5626 1376 5714 spectatur.
1441 5632 1624 5712 Atqui
1681 5626 1948 5714 ex'tunc,
2037 5628 2112 5690 bo
2152 5629 2277 5714 _Dei
2334 5626 3122 5714 concipiendoab’angelo
3180 5626 3574 5714 deferretur;
3631 5647 3701 5689 ac

299 5715 378 5796 uti
407 5705 930 5796 patet,_exhibegir
956 5705 1277 5796 non-modo
1299 5723 1361 5775 ut
1403 5705 1710 5796 quidpiam
1743 5710 1949 5773 excel-
2034 5710 2286 5796 proinde
2320 5730 2388 5772 eo
2439 5705 2680 5771 nomine
2733 5708 2958 5796 donata
2999 5705 3087 5768 est
3141 5705 3318 5796 etiam
3355 5718 3600 5796 propter
3633 5726 3702 5770 ea

298 5788 804 5877 lenstac’donum
836 5790 961 5877 Deo
1018 5793 1290 5872 dignum,
1350 5788 1456 5856 sed
1516 5788 1949 5877 u'tportentzim
2031 5788 2412 5873 charismaia,
2461 5809 2568 5871 per
2614 5807 2748 5873 quae
2793 5790 2868 5851 ad
2921 5788 3108 5853 Deum
3163 5788 3529 5868 gignendum
3565 5797 3702 5872 apta

299 5875 616 5955 quoddam,
669 5880 728 5934 et
779 5873 1071 5948 omnium,
1105 5881 1395 5957 quotquot
1422 5885 1582 5954 sunt,
1609 5872 1758 5959 quid
1809 5872 1946 5954 pul-
2032 5882 2326 5937 evaserat.
