4144 6376
1652 339 1975 407 JOANNIS
2015 338 2581 404 EUCHAITENSIS
3648 319 3811 400 1088

488 466 588 531 XI.
618 466 686 529 Et
709 485 854 531 sane
874 468 925 531 is
947 470 1170 534 deinde
1193 472 1485 548 nascitur,
1508 473 1608 554 qui
1631 471 1844 535 eratab
1861 471 2053 534 initio:

2223 460 2333 530 Μ’.
2368 457 2430 530 "0
2479 471 2577 547 μὲν
2626 470 2726 550 γὰρ
2765 469 2832 538 ἧν
2875 469 2966 527 ἀπ’
3026 470 3204 550 ἀρχῆς
3233 465 3309 544 ⁵³,
3372 468 3498 525 εἶτα
3556 469 3743 548 γέγονε
3781 487 3801 506 ⁸

412 563 470 618 et
500 557 640 619 dum
677 556 823 620 illud
856 560 1128 637 assumit,
1163 561 1322 644 quod
1382 582 1504 625 non
1562 572 1709 638 erat,
1760 563 1936 624 etiam
1975 561 2061 636 id,

2153 564 2234 619 καὶ
2262 558 2598 642 προσλαϐὼν,
2656 562 2687 618 ὃ
2732 564 2829 620 οὒκ
2874 559 2965 633 ἦν,
3024 560 3114 616 καὶ
3168 556 3300 637 ὅπερ
3366 557 3457 639 ἦν,
3501 571 3754 639 συντηρετ
3785 575 3802 592 ⁶

410 647 568 727 quod
604 655 751 722 erat,
788 658 1110 713 conservat
1144 674 1160 729 ;
1194 659 1253 714 et
1282 670 1487 716 rursus
1516 662 1715 715 manet
1743 652 1934 715 nihilo
1963 671 2065 714 se—

2153 653 2235 709 καὶ
2266 650 2412 726 μένει
2441 650 2601 709 πάλιν
2657 655 2760 731 οὐχ
2815 650 2976 717 ἦττον
3007 647 3081 707 ὢν
3139 649 3268 714 Θεὸς
3321 649 3659 728 προαιώνιος,
3718 653 3809 708 καὶ

413 736 541 798 cius
564 738 725 801 Deus
767 746 904 801 ante
948 740 1165 803 saecula
1210 742 1521 817 exsistens,
1555 743 1657 823 qui
1686 749 1743 804 et
1770 743 1949 805 homo
1982 750 2069 805 est

2153 743 2179 798 6
2223 741 2526 805 νεόκτιστος
2583 738 2855 818 ἅνθρωπος
2892 758 2903 772 ·
2965 737 3106 800 ὅλως
3148 743 3305 795 τοῦτο
3348 736 3595 809 κάκεῖνο,
3654 738 3807 819 φύσει

413 332 567 403 1087

410 843 624 891 recens
654 828 952 904 conditus,
991 838 1148 893 totus
1177 832 1292 894 hoc
1323 841 1382 893 et
1411 831 1579 908 illud,
1612 832 1673 894 in
1701 840 1954 914 utroque
1983 841 2072 895 at-

412 935 530 998 que
562 936 924 999 unoquoque
954 938 1161 982 eorum
1191 929 1398 983 natura
1428 921 1727 1002 perfectus
1756 942 1772 997 ;
1803 925 1861 983 in
1892 941 2070 983 unam

412 1006 656 1086 quidem
681 1007 1045 1089 hypostasim
1072 1010 1201 1071 sine
1224 1010 1571 1072 confusione
1592 1011 1793 1073 unitus
1818 1012 2072 1087 ;distin-

417 1102 543 1157 ctas
576 1102 772 1158 tamen
802 1097 1135 1161 voluntates
1179 1094 1426 1181 habens,
1461 1109 1519 1162 et
1552 1110 1894 1162 naturarum
1928 1120 2070 1183 pro-

418 1185 722 1265 prietates.
758 1184 875 1248 Par
902 1195 1027 1249 erat
1059 1188 1243 1269 enim,
1279 1197 1343 1251 ut
1372 1188 1473 1270 qui
1503 1188 1661 1251 Deus
1691 1197 1781 1252 est
1820 1190 2071 1252 mirabi-

411 1272 559 1335 lium
594 1274 772 1336 etiam
802 1294 934 1356 quae
982 1295 1087 1338 sua
1144 1276 1332 1357 ipsius
1390 1286 1551 1353 sunt,
1608 1278 1769 1340 omni
1801 1298 1869 1340 ex
1903 1287 2071 1361 parte

414 1362 711 1426 mirabilia
739 1364 996 1427 faceret'
1023 1383 1041 1440 ;
1073 1366 1224 1427 adeo
1254 1375 1320 1427 ut
1350 1385 1469 1428 non
1498 1367 1673 1431 modo
1707 1369 1795 1429 vel
1829 1367 1890 1429 in
1921 1387 2069 1429 con-

419 1451 623 1513 cordia
653 1453 1111 1516 concinnitatem
1172 1456 1583 1537 ostenderent,
1624 1456 1715 1518 vel
1749 1457 2068 1518 novitatem

409 1560 518 1603 sua
546 1542 812 1623 ipsorum
845 1544 1189 1608 diversitate
1240 1545 1617 1625 praeferrent,
1654 1564 1857 1607 verum
1889 1546 2066 1608 etiam

409 1639 470 1693 ut
491 1632 641 1694 mira
666 1633 920 1715 quadam
948 1635 1176 1697 ratione
1198 1635 1313 1697 sibi
1337 1634 1590 1696 invicem
1613 1637 1882 1717 opposita
1896 1644 2068 1717 atque

406 1721 785 1785 adversantia
817 1733 1199 1806 apparerent.

2153 828 2272 887 κατ’
2343 827 2526 911 ἄμφω,
2585 826 2703 886 καθ’
2764 827 3011 908 ἑκάτερον
3064 825 3263 890 τέλειος
3300 844 3313 858 ·
3374 826 3650 903 ἡνωμένος
3710 827 3808 902 μὲν

2156 918 2469 999 ἀσυγχύτως
2498 915 2551 960 ⁵³
2592 919 2665 980 εἰς
2683 917 2981 978 ,ὑπόστασιν
3014 916 3139 991 μίαν
3172 930 3186 945 ⁸
3240 912 3560 993 διῃρημένος
3590 912 3645 970 δὲ
3686 927 3807 979 τοϊς

2154 1007 2417 1085 θελήμασι
2484 1009 2573 1064 καὶ
2627 1020 2751 1070 ταῖς
2819 1011 2927 1063 τῶν
3001 1005 3206 1085 φύσεων
3264 1001 3545 1070 ἰδιότησιν.
3603 1000 3809 1084 Ἐρχῆν

2156 1098 2256 1177 γὰρ
2318 1098 2496 1171 αὐτὸν,
2557 1102 2664 1153 τῶν
2739 1095 3044 1170 θαυμασίων
3128 1091 3252 1151 ὄντα
3324 1094 3476 1166 Θεὸν,
3533 1094 3808 1169 θαυμαστὰ

2154 1193 2435 1267 πανταχοῦ
2459 1186 2526 1244 τά
2554 1187 2739 1243 ἑαυτοῦ
2784 1197 2963 1241 ποιεῖν
3021 1182 3311 1263 πράγματα
3344 1198 3358 1212 ·
3418 1182 3506 1238 καὶ
3562 1181 3637 1257 μὴ
3694 1182 3800 1258 μό-

2153 1300 2239 1334 νον
2280 1275 2461 1342 ἀπλῶς
2509 1276 2546 1344 ἢ
2596 1282 2667 1352 τῇ
2717 1274 2993 1354 συμφωνίᾳ
3043 1271 3311 1329 δεικνύντα
3354 1272 3417 1327 τὸ
3472 1270 3797 1351 ἐναρμόνιον,

2151 1365 2188 1435 ἢ
2219 1373 2297 1441 τῷ
2351 1364 2585 1448 διαφόρῳ
2638 1366 2773 1445 πρὸς
2833 1365 2896 1420 τὸ
2969 1363 3151 1443 καινὸν
3209 1358 3559 1426 ἐξαλάττοντα
3592 1377 3607 1391 ⁸
3668 1359 3806 1418 ἀλλά

2150 1458 2238 1512 καὶ
2323 1456 2455 1535 πρὸς
2549 1454 2709 1512 ἑαυτά
2780 1452 3105 1532 ξενοτρόπως
3179 1450 3421 1507 ἀντίθετα
3506 1452 3593 1507 καὶ
3660 1450 3807 1507 ἀντί-

2150 1567 2371 1627 στροφα.

486 1810 715 1875 Idcirco
740 1821 797 1875 et
818 1805 1179 1880 nativitatem
1204 1816 1509 1896 duplicem
1533 1815 1733 1892 habet,
1757 1816 1936 1879 habet
1958 1816 2063 1878 du-

2153 1848 2155 1852 τ
2228 1815 2327 1872 Διά
2353 1823 2509 1873 τοῦτο
2554 1811 2769 1879 διπλοῦς
2822 1813 2911 1869 καὶ
2966 1810 3067 1877 τὴν
3121 1808 3391 1887 γέννησιν,
3449 1805 3664 1872 διπλοῦς
3722 1811 3813 1866 καὶ

410 1900 626 1981 plicem
659 1910 714 1963 et
747 1911 1018 1965 naturam
1054 1922 1073 1967 .'
1108 1914 1164 1967 et
1195 1905 1255 1966 in
1300 1905 1592 1968 ambobus
1614 1924 1801 1967 unum
1823 1907 2064 1987 quidem

411 1997 522 2067 est,
557 1992 713 2071 quod
747 1993 950 2055 mundi
985 1994 1165 2075 hujus
1224 1996 1497 2057 ordinem
1527 2014 1594 2057 ac
1626 2005 1859 2077 tempus
1888 2015 2066 2059 omne

411 2081 648 2143 excedit
684 2102 700 2158 ;
731 2081 889 2145 aliud
944 2102 1105 2165 vero,
1168 2085 1323 2166 quod
1388 2085 1708 2146 mundanis
1737 2084 1969 2165 legibus
1999 2105 2068 2149 ac

412 2171 673 2248 tempori
702 2181 789 2234 est
810 2171 1155 2237 obnoxium.
1186 2176 1312 2237 Hoc
1334 2174 1636 2237 enimvero
1682 2176 1821 2237 inde
1852 2194 2067 2238 conse-

410 2259 630 2339 quitur,
657 2271 719 2322 ut
739 2270 1030 2342 quatenus
1051 2271 1144 2326 est
1162 2263 1234 2325 ab
1258 2273 1504 2337 aeterno,
1537 2277 1785 2326 matrem
1814 2284 1931 2325 non
1963 2266 2068 2326 ha-

410 2348 546 2410 beat
579 2372 595 2417 ;
659 2370 791 2431 quae
838 2354 996 2415 enim
1049 2352 1133 2413 ibi
1164 2364 1355 2415 mater
1384 2353 1467 2415 illi
1502 2362 1681 2434 esset,
1719 2354 1822 2435 qni
1847 2355 2064 2417 saecula

411 2437 676 2501 condidit
703 2438 735 2500 ?
785 2442 925 2504 Sine
959 2451 1123 2524 patre
1154 2462 1292 2504 vero
1321 2442 1420 2523 sit,
1449 2451 1741 2525 quatenus
1767 2452 1940 2505 natus
1971 2451 2064 2507 est

409 2527 469 2590 in
503 2541 818 2611 tempore;
854 2550 987 2593 nam
1021 2531 1320 2612 quomodo
1345 2532 1646 2593 terrestris
1676 2542 1733 2594 et
1763 2533 1840 2594 sit
1870 2541 2057 2613 pater,

411 2617 512 2700 qui
541 2619 704 2682 hunc
736 2624 929 2682 solum
961 2621 1139 2683 habet
1168 2622 1229 2683 in
1282 2622 1452 2684 caelis
1478 2621 1510 2683 ?
1557 2621 1709 2694 Quin
1745 2630 1943 2686 autem
1973 2622 2065 2684 vir

412 2709 949 2772 intemerataeillius
966 2719 1141 2792 atque
1159 2710 1855 2793 immaculatissimaa,qui
1870 2712 1940 2773 ad
1965 2712 2063 2772 in-

409 2797 705 2860 effabilem
731 2800 891 2861 illam
915 2801 1359 2880 generationem
1380 2799 1683 2881 quidpiam
1716 2820 1785 2862 ex
1818 2820 1882 2863 se
1913 2821 2064 2863 con-

2147 1904 2245 1971 τὴν
2289 1904 2440 1985 φύσιν
2475 1919 2489 1933 ⁶
2564 1905 2624 1959 τὸ
2669 1902 2767 1979 μὲν
2802 1890 3036 1982 ⁸ἐιμιφεϊν
3079 1898 3434 1977 ὑπερκόσμιον
3493 1897 3582 1953 καὶ
3638 1895 3812 1975 ὒπέρ-

2149 2016 2365 2074 χρονον,
2412 1994 2474 2049 τὸ
2504 1991 2557 2048 δὲ
2614 1993 2750 2051 κατά
2799 1991 3000 2066 κόσμον
3056 1989 3147 2045 καὶ
3203 1988 3320 2066 περὶ
3377 1985 3595 2066 χρόνον.
3655 1992 3812 2043 τοῦτο

2150 2084 2247 2160 μὲν
2289 2085 2352 2140 τὸ
2394 2083 2701 2161 ἀκόλουθον,
2748 2081 2975 2159 ἀμήτωρ
3032 2080 3094 2135 τὸ
3141 2075 3306 2137 πάλαι
3343 2091 3357 2105 ⁶
3416 2076 3492 2141 τίς
3536 2075 3636 2153 γὰρ
3689 2075 3807 2150 μή-

2149 2198 2249 2254 τηρ
2281 2175 2395 2232 ἐκεῖ
2423 2180 2516 2233 τοῦ
2545 2176 2664 2238 τοὺς
2708 2175 2901 2237 αἰῶνας
2932 2172 3310 2252 γεννήσαντος,
3341 2167 3560 2247 ἀπάτωρ
3589 2169 3649 2223 τὸ
3693 2176 3803 2226 νῦν·

2146 2276 2250 2325 ποῦ
2278 2267 2377 2345 γὰρ
2406 2266 2553 2322 κάτω
2597 2264 2799 2344 πατὴρ,
2843 2272 3028 2322 τοῦτον
3073 2260 3235 2337 μόνον
3293 2257 3513 2338 ἔχοντος
3564 2255 3803 2336 ἄνωθεν;

2146 2358 2234 2421 Τίς
2267 2354 2312 2411 δ’
2343 2355 2477 2434 ἀνὴρ
2505 2360 2605 2422 τῆς
2638 2354 2909 2436 ἀχράντου
2928 2352 3018 2409 καὶ
3039 2349 3399 2425 παναμώμου,
3426 2350 3453 2404 6
3470 2345 3599 2436 παρτ
3621 2347 3808 2406 ἑαυτοῦ

2145 2433 2458 2508 συντελέσας
2478 2467 2528 2501 τι
2559 2433 2817 2524 πρὸςντὴν
2846 2440 3071 2521 ἄρῤητον
3110 2438 3357 2517 γέννησιν
3390 2456 3407 2517 ;
3449 2437 3522 2492 Σὺ
3551 2433 3596 2492 δ’
3623 2435 3804 2492 ἐντεῦ-

2143 2538 2229 2591 θεν
2255 2532 2479 2615 ἐκδέχου
2531 2534 2592 2589 τὸ
2634 2531 2975 2613 ἀντιστρέφον
3003 2526 3057 2571 5‘
3090 2543 3105 2559 '
3169 2527 3330 2604 μόνος
3390 2525 3478 2615 οὗν
3522 2524 3746 2604 ἀμήτωρ
3776 2527 3806 2580 6

2144 2625 2232 2680 καὶ
2261 2623 2479 2702 ἀπάτωρ
2514 2642 2526 2656 ·
2566 2622 2727 2697 μόνος
2759 2620 2825 2677 δι’
2851 2620 2917 2677 αὖ
2934 2618 3178 2697 ἀπάτωρ,
3225 2618 3253 2673 6
3283 2616 3370 2672 καὶ
3393 2614 3620 2694 ἀμήτωρ
3653 2628 3667 2643 °
3702 2618 3803 2680 τῆς

2148 2717 2310 2779 αὐτῆς
2382 2714 2482 2790 γὰρ
2540 2710 2700 2792 ἄμφω
2769 2708 3039 2788 δυνάμεως
3077 2723 3091 2738 ·
3168 2704 3373 2782 μᾶλλον
3417 2702 3473 2761 δὲ
3534 2705 3688 2768 αὐτὸς
3717 2704 3806 2759 καὶ

2147 2802 2443 2883 ἀμφότερα.

408 2887 654 2950 tulerit?
683 2888 771 2951 Tu
804 2908 942 2951 vero
976 2891 1113 2952 hinc
1147 2889 1445 2951 inversam
1497 2891 1584 2951 rei
1635 2891 1926 2952 rationem
1959 2913 1975 2963 ;
2029 2890 2194 2953 solus
2222 2890 2404 2971 igitur
2432 2889 2563 2953 sine
2614 2897 2822 2965 matre,
2856 2887 2960 2970 qui
2991 2896 3084 2950 est
3109 2893 3169 2950 et
3192 2883 3324 2947 sine
3356 2889 3525 2965 patre
3550 2900 3572 2960 ;
3600 2898 3809 2971 rursus

410 2984 611 3038 autem
644 2978 807 3039 solus
839 2978 968 3039 sine
1000 2988 1188 3059 patre.
1223 2980 1324 3060 qui
1360 2988 1416 3040 et
1444 2979 1574 3041 sine
1601 2988 1790 3041 matre
1826 2999 1840 3040 :
1879 2997 2015 3041 nam
2068 2968 2385 3062 utrumque
2435 2979 2705 3042 eamdem
2757 2968 3011 3059 requirit
3059 2976 3363 3039 virtutem.
3409 2992 3539 3050 seu,
3592 2968 3808 3034 melius

409 3065 685 3129 dixerim.
721 3066 877 3129 idem
911 3068 1042 3148 ipse
1064 3076 1157 3130 est
1184 3077 1524 3149 utrumque.

487 3154 613 3218 XII.
649 3154 815 3221 Unus
846 3156 927 3218 ibi
961 3156 1137 3233 Deus,
1173 3160 1278 3220 sed
1343 3178 1458 3221 non
1494 3178 1676 3221 unum
1712 3160 2120 3241 simpliciterc

409 3245 618 3307 eadem
650 3245 902 3321 ratione,
925 3266 1039 3327 qua
1066 3256 1123 3308 et
1147 3248 1259 3310 tria
1285 3269 1298 3312 :
1333 3258 1771 3330 consequenter
1788 3258 1984 3312 autem
2012 3260 2071 3312 et

413 3333 521 3396 tria
548 3345 683 3397 sunt
712 3354 924 3417 unum,
979 3338 1464 3418 quandoquidem
1518 3358 1671 3401 unus
1702 3340 1899 3402 denuo
1932 3349 2069 3402 sunt

407 3424 590 3505 Deus,
626 3427 798 3487 Pater
827 3435 884 3486 et
917 3426 1099 3489 Filius
1131 3435 1189 3489 et
1220 3427 1478 3508 Spiritus
1508 3436 1769 3504 sanctus,
1822 3447 1955 3509 quae
1979 3439 2069 3491 est

412 3513 582 3576 beata
609 3513 891 3577 Trinitas.
919 3516 1163 3578 Eterno
1186 3536 1253 3578 ex
1277 3517 1451 3579 Patre
1472 3525 1734 3579 aeternus
1755 3526 1842 3579 est
1861 3518 2065 3591 Filius,

408 3604 511 3685 qui
534 3623 714 3679 nunc,
749 3623 782 3665 τι
810 3606 912 3666 tali
953 3605 1137 3668 Matre
1164 3606 1421 3685 genitus,
1451 3608 1967 3669 exsistendiinitio
1992 3609 2070 3670 fa-

411 3705 541 3759 ctus
563 3706 653 3760 est
680 3696 995 3761 obnoxius.
1024 3699 1095 3760 At
1120 3700 1279 3779 quod
1305 3717 1536 3761 summa
1559 3706 1848 3780 potestate
1870 3699 2073 3760 omnia

407 3787 696 3859 continet,
725 3807 793 3849 ac
818 3788 1183 3865 moderatur,
1209 3808 1325 3850 una
1342 3789 1810 3851 omninonatura
1827 3798 1937 3862 est,
1956 3808 2074 3850 una

406 3876 888 3949 volnntas,actio.
927 3878 1189 3957 energia,
1234 3878 1440 3951 virtus,
1468 3878 2071 3959 substantia,divini-

410 3974 548 4040 tas;
611 3973 663 4026 et
717 3966 777 4027 in
834 3968 1064 4029 caeteris
1109 3967 1353 4048 quidem
1410 3968 1764 4048 simplicitas
1799 3968 2070 4049 quaedam

409 4073 654 4136 prorsus
685 4056 997 4118 monadica
1027 4067 1205 4138 atque
1261 4077 1400 4129 una,
1463 4058 1656 4119 solum
1708 4077 1844 4119 vero
1876 4058 2073 4139 quoad

412 4145 779 4225 hypostases,
815 4156 872 4207 et
900 4148 1089 4226 quoad
1154 4147 1571 4227 proprietates,
1636 4166 1769 4227 quae
1802 4147 1948 4228 ipsis
1973 4147 2071 4208 in-

409 4241 571 4307 sunt,
597 4234 773 4297 trina.
799 4234 1096 4297 Hactenus
1136 4235 1334 4315 itaque
1375 4254 1526 4298 unus
1557 4236 1639 4296 ibi
1673 4236 1854 4311 Deus,
1882 4255 1950 4298 ac
1988 4237 2069 4297 nil

2228 3152 2332 3224 ω’.
2393 3162 2546 3220 Ἐκεῖ
2589 3163 2718 3225 Θεὸς
2763 3164 2869 3241 εἷς,
2930 3157 3048 3215 ἀλλ’
3106 3157 3208 3238 οὔχ
3265 3157 3319 3214 ἓν
3370 3152 3554 3217 ἀπλῶς
3609 3154 3682 3215 ὡς
3714 3153 3807 3241 καὶ

2148 3255 2264 3333 τρία
2297 3270 2314 3287 ο
2359 3254 2447 3310 καὶ
2497 3254 2562 3308 τὰ
2617 3252 2733 3331 τρία
2788 3239 2863 3306 δ’ή
2892 3250 2980 3307 οὖν
3034 3250 3111 3328 ἓν,
3167 3243 3452 3322 ἐπειδήπερ
3509 3246 3592 3307 εἷς
3637 3239 3798 3301 πάλιν

2152 3343 2358 3422 Πατὴρ,
2390 3344 2479 3399 καὶ
2506 3344 2650 3420 Υἱὸς,
2704 3343 2739 3409 ἡ
2791 3341 2945 3420 Τρίὰς
3000 3341 3035 3408 ἡ
3080 3338 3334 3417 μακαρία,
3396 3333 3483 3391 καὶ
3540 3338 3754 3422 ῌνεῦμα
3783 3344 3798 3359 ⁵

2151 3434 2270 3489 Υἱὸθ
2309 3419 2542 3513 ἔναρχος
2598 3419 2650 3496 ἐξ
2705 3419 2939 3511 ἀνάρχου
2994 3428 3221 3507 Πατρὸς,
3268 3427 3295 3482 6
3350 3431 3438 3481 νῦν
3495 3419 3585 3478 ὑπ’
3628 3419 3807 3513 ἀρχὴν

2152 3521 2258 3578 ἀπὸ
2290 3511 2505 3598 Μητρὸς
2561 3521 2809 3587 τοιαύτης
2866 3519 3171 3597 γενόμενος.
3226 3515 3331 3571 Μία
3386 3513 3540 3593 φύσις
3598 3511 3659 3568 τὸ
3700 3514 3808 3564 πᾶν

2155 3611 2249 3687 μία
2319 3609 2593 3686 βουλησις,
2669 3629 2898 3682 κινησις,
2981 3606 3234 3687 ἐνέργεια,
3307 3600 3548 3678 δύναμις,
3635 3598 3807 3674 οὐσία,

2152 3701 2367 3774 θεότης,
2399 3702 2460 3756 τὸ
2491 3700 2941 3756 συνεκτικώτατον
3000 3697 3246 3753 ἁπάντων
3288 3694 3375 3749 καὶ
3430 3691 3753 3769 κυριώτατον
3789 3703 3805 3718 ⁸

2153 3788 2323 3847 τᾶλλα
2355 3790 2475 3866 μὲν,
2521 3791 2581 3846 τὸ
2611 3788 2664 3830 ⁵⁵
2713 3786 2940 3845 καθόλου
2970 3784 3229 3863 μοναδική
3285 3805 3365 3846 τις
3426 3778 3667 3846 ἁπλότης
3726 3778 3816 3832 καὶ

2156 3880 2347 3958 ἑνιαία,
2419 3878 2774 3958 τρισσουμένη
2865 3876 2920 3933 δὲ
3006 3876 3167 3952 μόνον
3252 3885 3375 3936 ταῖς
3464 3868 3812 3939 ὑποστάσεσι,

2155 3971 2243 4025 καὶ
2299 3983 2416 4031 to“:
2445 3966 2500 4011 56
2556 3966 2640 4026 ἐπ’
2702 3967 2888 4032 αὒταϊς
2913 3965 2967 4008 ⁵⁷
3022 3963 3321 4039 ἱδιώμασιν.
3398 3964 3495 4024 Εἷς
3552 3958 3817 4015 κάνταῦθα

2158 4064 2314 4136 Θεὸς,
2346 4061 2475 4143 ἄχρι
2508 4063 2713 4131 τούτου,
2748 4062 2836 4117 καὶ
2865 4060 3026 4136 μόνον
3059 4062 3087 4115 6
3118 4056 3373 4133 ὁμοιότης
3408 4069 3422 4083 ⁹
3476 4053 3538 4108 τὸ
3582 4047 3654 4143 ’δ’Δ
3690 4046 3814 4143 ξξῆς

2157 4152 2253 4231 ὅρα
2323 4137 2816 4231 δὴψπαραλλάττον
2873 4155 2988 4212 πῶς
3048 4150 3202 4224 ὁμοῦ,
3267 4146 3353 4201 καὶ
3404 4137 3816 4231 ἀντανακλώμε-

2156 4229 2241 4299 νον
2270 4240 2348 4300 ⁵⁸.
2395 4245 2467 4300 06
2628 4239 2827 4304 ἁπλοῦς
2859 4238 2935 4295 ἔτι
2964 4246 3077 4318 νῦν,
3137 4239 3211 4299 ὡς
3268 4235 3356 4292 καὶ
3380 4230 3435 4275 59
3484 4229 3756 4309 ἄνθρωπος
3793 4241 3808 4255 ⁸

409 4323 526 4385 nisi
545 4324 882 4405 aequalitas;
908 4325 1068 4406 quod
1099 4325 1172 4386 ad
1192 4325 1351 4387 aliud
1381 4344 1518 4387 vero
1547 4334 1800 4406 spectat,
1829 4326 2068 4404 videsis,

2153 4332 2251 4399 τὴν
2310 4330 2399 4387 οὖν
2454 4331 2607 4410 φύσιν
2676 4327 2916 4408 διπλούς,
2990 4326 3127 4383 ἀλλά
3181 4331 3278 4393 τὴν
3333 4324 3622 4379 ὑπόστασιν
3676 4321 3809 4410 εἷς)

410 4404 710 4496 quomOdo
744 4423 803 4476 et
830 4404 1145 4476 dissimilia
1193 4414 1430 4491 habeat,
1496 4421 1557 4476 et
1582 4404 1782 4477 isiinul
1813 4415 1875 4476 in
1908 4414 2069 4476 idem

2155 4420 2283 4501 ὅπερ
2312 4404 2541 4497 ἔμπαλιν
2584 4419 2742 4476 πάλιν
2772 4404 2911 4500 πρὸς⁷
2946 4420 3007 4476 τὸ
3067 4417 3205 4476 ἐκεῖ.
3264 4412 3415 4501 Οὕτω
3467 4408 3736 4501 κρείττοσι
3756 4404 3815 4449 θο

410 4502 659 4566 recidat.
686 4502 856 4566 Nunc
878 4504 1179 4584 enimjam
1201 4524 1317 4565 non
1364 4504 1618 4585 amplius
1642 4504 1893 4580 simplex
1928 4523 2065 4565 cer-

2153 4496 2349 4588 λόγοις
2385 4511 2419 4577 ἡ
2475 4509 2724 4588 κρείττων
2775 4496 3071 4582 οἶκονομία,
3136 4507 3198 4560 τὸ
3263 4502 3341 4578 μὴ
3398 4497 3640 4579 διαφέρον
3699 4496 3818 4603 οἶμα

411 4597 594 4669 nitur,
631 4596 852 4678 quippe
886 4596 987 4678 qui
1021 4596 1196 4659 etiam
1228 4598 1405 4659 homo
1439 4607 1553 4660 est.
1588 4597 1815 4676 Duplex
1871 4597 2067 4678 itaque

2153 4587 2236 4656 καί
2294 4587 2557 4679 διαφέρον,
2622 4598 2750 4677 πρὸς
2806 4598 2897 4654 τὸν
2953 4594 3063 4652 ἅνω
3120 4593 3333 4676 φέρεται
3421 4589 3662 4679 τρόπον’
3723 4587 3818 4643 ἵνα

412 4692 524 4761 est,
559 4675 843 4767 quantum
902 4675 975 4748 ad
1040 4696 1278 4749 naturas
1332 4687 1596 4769 attinet;
1658 4675 2067 4749 verumtamen

2153 4690 2236 4745 καὶ
2280 4689 2339 4745 τὸ
2392 4675 2674 4767 ἀτρέπτονν
2701 4684 2864 4764 δείξῃ,
2911 4675 3289 4764 καὶ’γνωρίσῃ
3345 4682 3408 4737 τὸ
3453 4675 3811 4785 πρόσλημζμα,

413 4763 791 4852 unus-quoad
826 4776 1187 4857 hypostasim
1219 4796 1232 4839 :
1266 4775 1420 4858 quod
1442 4766 1585 4838 sane
1609 4779 1867 4850 inversa,
1893 4784 2069 4853 atque

2153 4776 2229 4834 ἔτι
2270 4775 2325 4833 δὲ
2368 4763 2469 4844 τῆς
2496 4776 2625 4845 ὅλης
2674 4763 2925 4843 θεότητος
2980 4774 3041 4830 τὸ
3098 4763 3215 4852 περὶ
3268 4773 3334 4827 τὰ
3362 4769 3624 4849 πρόσωπα
3654 4763 3819 4822 πλού-

411 4862 533 4925 illic
551 4864 781 4927 ratione
792 4883 857 4926 se
873 4856 1073 4927 habet.
1101 4863 1198 4928 Sic
1211 4856 1677 4946 dispensationis
1694 4863 2065 4945 mysterium,

2153 4888 2288 4939 σιον,
2324 4868 2395 4932 εἷς
2425 4868 2479 4925 ἓν
2508 4871 2642 4943 αὖτῇ
2674 4865 2928 4923 στενωθὲν
2983 4860 3354 4939 ἀναπληρώσῃ
3412 4856 3698 4935 πανσόφως
3742 4859 3814 4930 τῇ

413 4954 803 5035 praestantiori
862 4954 1066 5035 quavis
1120 4955 1571 5017 ratiocinatione
1620 4953 1959 5024 sublimius,
1996 4955 2066 5015 ad

2153 4956 2385 5011 συνθέσει
2416 4958 2521 5012 τῶν
2564 4956 2793 5036 φύσεων.

411 5043 732 5106 divinitatis
762 5044 1050 5107 rationem
1084 5063 1149 5107 se
1173 5044 1351 5108 habet
1383 5053 1504 5106 tum
1535 5044 1862 5107 secundum
1893 5043 1948 5104 id
1984 5062 2098 5122 quo
2129 5046 2430 5119 convenit,
2465 5035 2586 5106 tum
2612 5042 2942 5106 secundum
2980 5040 3038 5103 id
3063 5058 3180 5121 quo
3212 5038 3533 5118 discrepat,
3576 5035 3729 5097 adeo
3754 5040 3822 5093 nt

415 5141 474 5196 et
502 5134 562 5196 id
594 5133 885 5196 ostendat-
921 5135 1079 5216 quod
1111 5143 1202 5198 est
1235 5134 1628 5197 immutabile.
1661 5142 1721 5195 et
1750 5133 1807 5195 id
1854 5133 2010 5214 quod
2060 5140 2429 5213 assumptum
2476 5143 2589 5211 est,
2623 5134 2818 5216 palam
2871 5132 3168 5197 exhibeat.
3201 5130 3451 5210 insuper
3478 5132 3677 5187 autem
3710 5138 3821 5203 per

498 5302 691 5367 lPsal.
727 5321 879 5376 Lm,
916 5305 1035 5379 t8;
1070 5304 1225 5369 Psal.
1257 5322 1460 5383 LXXVI,
1498 5306 1595 5369 14.

1863 5472 2052 5536 Variae
2082 5471 2392 5537 lectiones.

497 5650 560 5735 5}
586 5654 1082 5735 Laut._&nzplﬁ;.
1172 5655 1259 5735 753
1303 5657 1483 5718 Laur.
1517 5656 1864 5735 ἀσυγχήτως.
1977 5656 2041 5707 54

2153 5672 2240 5718 ur.
2275 5657 2336 5712 τὸ
2365 5654 2742 5735 ἀντιστρέφων,
2768 5732 2805 5735 -ν
2862 5654 2926 5706 55
2948 5654 3129 5717 Laur.
3161 5652 3250 5713 τά.
3363 5648 3427 5702 56
3454 5647 3634 5715 Laur.
3667 5662 3813 5713 ταῖς.

417 5729 480 5783 57
510 5730 684 5795 Laur.
716 5730 803 5789 ὑπ’
836 5723 1045 5798 αὒέαίῗς.
1130 5734 1194 5787 58
1221 5736 1399 5799 Laur.
1446 5723 1943 5811 ἀνταναίκλώμενος.
2029 5738 2069 5789 51

2153 5736 2309 5798 aaut.
2346 5723 2670 5800 δοθειίκᾰί.
2756 5732 2821 5787 60
2862 5736 3042 5799 Laur.
3076 5755 3347 5814 κριιτωσι.
