4144 6376
473 359 619 426 1091

1702 355 1952 423 JOANN
1960 357 2029 420 IS
2069 355 2644 422 EUCHAITENSIS

3722 358 3742 422 1
3757 355 3879 422 092

462 511 619 556 mam
651 492 870 574 gladio,
925 492 1001 555 de
1058 511 1176 574 quo
1231 491 1466 573 jamdiu
1527 489 1980 572 praenuntiatum
2041 487 2123 550 illi

2220 493 2613 570 προμηνυθείσῃ
2645 488 2700 533 73
2768 491 2997 572 ῥομφαίᾳ
3066 489 3248 556 δεινῶς
3291 491 3390 560 τὴν
3445 489 3656 570 καρδίαν
3728 511 3874 546 σπα-

464 581 723 658 fueratp,
757 583 966 644 videns
993 581 1213 644 acerbe
1244 581 1660 656 dilaceratum,
1697 578 1936 661 (ecquid
1968 577 2126 639 enim

461 670 622 733 aliud
652 671 820 734 Matri
839 673 1012 734 fieret
1036 671 1096 732 in
1117 669 1423 748 Unigeniti
1474 671 1740 732 inaudita
1766 667 2043 750 passione
2073 667 2126 748 ?)

451 757 731 822 solamen
762 760 1008 843 praebet,
1047 769 1104 822 et
1164 760 1438 840 providas
1494 778 1666 822 curas
1722 757 2038 840 impendit,
2075 769 2134 822 et

461 846 774 930 Virginem
835 848 1050 928 virgini
1112 848 1410 930 discipulo
1467 846 1811 919 committit,
1847 845 2130 908 dilectum

465 956 573 1021 pro
604 957 670 1001 se
702 939 833 1020 ipso
865 939 1102 1002 dilectae
1133 940 1375 1001 tradens
1411 960 1426 1020 ;
1457 946 1516 1001 et
1542 939 1654 1000 hoc
1688 945 1858 1018 pacto
1891 934 2131 1016 prospi-

465 1026 572 1104 cit,
605 1037 672 1090 ut
700 1037 758 1090 et
785 1029 1084 1110 reliquum
1114 1028 1248 1090 vitae
1280 1037 1514 1108 tempus
1545 1026 1721 1089 ducat
1756 1041 2016 1088 mcerore
2033 1041 2132 1086 va-

464 1136 668 1191 cuum,
704 1127 761 1179 et
793 1118 1088 1198 ejusmodi
1113 1119 1498 1180 solitudinem
1533 1117 1764 1179 facilius
1787 1117 1960 1178 ferat.

548 1205 975 1269 Verumtamen
1003 1209 1113 1272 Dei
1141 1207 1293 1270 Filia
1320 1207 1444 1289 (10)
1472 1206 1684 1268 Natum
1718 1225 1890 1268 suum
1923 1216 2128 1290 utpote

469 1304 770 1358 mortuum
829 1295 1208 1370 lamentatur,
1271 1305 1328 1359 et
1385 1296 1600 1358 imbuit
1656 1297 1999 1377 unguentis,
2037 1303 2122 1374 et,

463 1385 661 1465 prouti
695 1394 910 1466 potest,
937 1386 1100 1466 justa
1150 1385 1425 1448 funebria
1450 1404 1586 1448 cum
1611 1386 1746 1447 aliis
1773 1386 2125 1449 mulieribus

465 1475 770 1556 persolvit.
796 1473 920 1537 Mox
954 1494 1093 1536 vero
1117 1485 1176 1537 et
1219 1475 1534 1556 pulchrum
1575 1475 1723 1536 illud
1755 1483 1812 1536 et
1845 1494 2122 1556 magnum

462 1571 524 1625 et
554 1564 727 1625 dulce
762 1582 884 1645 prae
909 1564 1099 1626 oculis
1129 1563 1308 1626 habet
1357 1564 1784 1645 spectaculum,
1821 1565 2124 1628 Christum

465 1675 704 1738 nempe,
731 1658 832 1738 qui
861 1657 1033 1738 paulo
1059 1667 1195 1720 ante
1213 1659 1490 1740 sepulcro
1508 1657 1718 1730 fuerat,
1751 1657 2123 1733 reconditus,

2214 580 2546 658 ρασσομένην
2606 579 2727 639 ἰδὼν
2804 581 2920 662 (καὶ
2993 581 3044 637 τί
3101 581 3201 661 γὰρ
3258 583 3292 650 ἡ
3353 583 3548 661 Μήτηρ
3600 579 3686 637 ἐπὶ
3747 578 3878 654 ξένῳ

2214 669 2366 725 πάθει
2425 669 2835 750 Μονογενοῦς);
2893 673 3284 748 παραμυθεῖται
3341 672 3433 727 καὶ
3485 683 3730 750 προνοεῖ,
3787 670 3878 726 καὶ

2214 759 2470 838 παρθένον
2578 759 2818 840 παρθένῳ
2931 763 3146 836 μαθητῇ
3261 760 3630 839 παρατίθησιν,
3761 759 3876 816 ἀνθ’

2217 847 2401 904 ἑαυτου
2451 851 2540 907 τὸν
2597 851 2948 928 στεργόμενον
3003 849 3311 919 εἰσποιήσας
3366 855 3435 926 τῇ
3493 848 3819 929 στεργομένη
3855 868 3872 883 ο

2215 937 2301 993 καὶ
2368 947 2552 997 τοῦτον
2623 939 2714 995 τὸν
2783 939 3002 1018 τρόπον,
3061 939 3136 1001 ὡς
3193 937 3386 1018 ἱλαρῶς
3445 937 3500 995 δὲ
3559 937 3722 1004 διάξοι
3780 940 3870 995 τὸν

2214 1025 2400 1085 λοιπὸν
2431 1029 2566 1106 βίον,
2601 1031 2688 1087 καὶ
2709 1030 2807 1098 τὴν
2837 1030 3068 1105 μόνωσιν
3098 1027 3164 1078 74
3189 1031 3386 1098 ταύτην
3414 1030 3691 1108 ὑπενέγκοι
3721 1031 3869 1110 ῥᾷον,

2241 1117 2256 1138 9

2211 1120 2567 1194 οικονομήσας
2579 1168 2592 1182 ,

2291 1209 2363 1265 Οὔ
2396 1208 2490 1284 μὲν
2522 1208 2658 1267 ἀλλά
2686 1211 2774 1266 καὶ
2822 1213 3007 1289 θρηνεῖ
3058 1211 3150 1267 τὸν
3208 1210 3400 1277 ἑαυτῆς
3472 1211 3546 1274 ὡς
3605 1211 3786 1287 νεκρὸν
3828 1209 3862 1276 ἡ

2209 1296 2437 1362 Θεόπαις
2467 1297 2553 1372 75,
2626 1301 2712 1356 καὶ
2777 1301 2997 1379 μυρίζει,
3055 1299 3142 1356 καὶ
3197 1300 3287 1355 τὸν
3343 1298 3619 1379 ἐπιτάφιον
3678 1299 3859 1377 νόμον,

2207 1387 2282 1448 ὡς
2335 1386 2485 1467 εἶχε,
2548 1389 2640 1444 σὺν
2695 1401 2820 1452 ταῖς
2865 1385 3052 1452 ἄλλαις
3108 1385 3382 1468 ἱκπληροῦ
3439 1386 3690 1465 γυναιξίν,
3727 1386 3865 1443 Εἶτα

2205 1477 2498 1554 παραυτίκα
2553 1479 2641 1533 καὶ
2709 1476 2893 1555 βλέπει
2947 1481 3037 1534 τὸν
3111 1476 3277 1534 καλὸν
3334 1477 3511 1534 ἐκεῖνο
3580 1478 3669 1533 καὶ
3728 1473 3869 1553 μέγα

2207 1565 2294 1620 καὶ
2351 1564 2514 1644 γλυκὺ
2583 1567 2750 1643 θέαμα
2783 1587 2798 1602 ⁸
2864 1569 3090 1644 Χριστὸν
3165 1569 3254 1623 τὸν
3332 1565 3446 1646 ἄρτι
3505 1565 3736 1646 ταφέντα
3799 1563 3870 1643 (ὢ

2207 1657 2308 1720 τῆς
2336 1657 2522 1722 θεϊκῆς
2554 1654 2784 1722 ἐξουσίας
2819 1654 2834 1719 Ξ
2869 1656 2913 1714 ὢ
2942 1661 3040 1724 τῆς
3078 1653 3348 1731 δυνάμεως
3383 1653 3452 1735 ί),
3508 1661 3678 1727 ζῶντα
3706 1651 3868 1714 πάλιν

461 1755 519 1822 (ο
552 1753 901 1827 potestatem
933 1747 1191 1809 divinam
1231 1748 1244 1810 !
1308 1772 1341 1807 υ
1386 1747 1666 1809 virtutem
1703 1746 1744 1828 !)
1780 1747 1853 1809 ad
1889 1747 2121 1808 tertiam

2211 1745 2282 1808 εἷς
2340 1746 2544 1823 τρίτην,
2602 1747 2690 1802 καὶ
2762 1746 2999 1824 γνωρίζει
3054 1746 3145 1802 τὸν
3203 1743 3474 1824 φίλτατον,
3549 1745 3636 1800 καὶ
3707 1763 3867 1820 περι-

464 1835 626 1898 diem
661 1855 867 1898 rursus
898 1833 1220 1912 viventem,
1255 1846 1312 1898 et
1341 1837 1797 1898 dilectissimum
1831 1837 2121 1916 agnoscit,

465 1933 525 1988 et
547 1924 950 1987 desideratum
982 1927 1381 2007 amplectitur,
1430 1945 1499 1987 ac
1539 1925 1936 1988 reverentiam
1969 1925 2128 1987 inter

466 2033 537 2076 ac
571 2023 820 2090 metum,
851 2033 1235 2096 amoremque
1257 2025 1314 2076 et
1334 2015 1642 2096 gaudium,
1669 2025 1790 2077 tum
1810 2017 2124 2096 praesentia

463 2103 689 2183 ingenti
724 2123 858 2165 cum
878 2112 1121 2185 stupore
1145 2105 1553 2182 considerans,
1583 2114 1702 2166 tum
1735 2105 2031 2187 praeterita
2058 2105 2120 2166 in

467 2193 654 2256 corde
682 2212 790 2255 suo
821 2194 1162 2270 conferens,
1209 2194 1558 2258 collaetatur.
1610 2194 1682 2256 Et
1713 2215 1846 2257 cum
1879 2194 2116 2256 interim

465 2281 796 2344 mirabilem
851 2284 1125 2364 qamdam
1186 2284 1256 2346 ad
1312 2285 1438 2347 haec
1490 2286 1690 2346 omnia
1749 2283 2121 2366 experiretur

455 2372 918 2452 jucunditatem,
955 2373 1127 2454 paulo
1159 2382 1290 2454 post
1319 2375 1496 2436 etiam
1525 2375 1596 2436 ad
1629 2375 1811 2437 caelos
1848 2373 1906 2434 in
1939 2373 2118 2435 nubi-

461 2461 574 2524 bus
599 2471 865 2523 evectum
897 2481 1033 2525 eum
1071 2463 1251 2538 videt,
1287 2477 1344 2526 et
1368 2464 1730 2546 colloquium
1753 2463 1918 2528 audit
1941 2482 2120 2542 ange-

468 2552 687 2633 lorum,
714 2552 1033 2634 laetumque
1064 2571 1273 2615 eorum
1304 2554 1605 2630 nuntium,
1641 2572 1802 2636 eum,
1837 2555 1937 2634 qui
1960 2552 2124 2615 abie-

461 2651 573 2717 rat,
607 2661 816 2706 rursus
847 2662 978 2707 esse
1009 2655 1347 2708 venturum.

545 2731 702 2795 XVI.
742 2731 960 2795 Verum
992 2733 1140 2795 nihil
1197 2734 1407 2814 utique
1463 2735 1589 2796 haec
1627 2733 1901 2795 valebant
1930 2731 2002 2794 ad
2034 2732 2125 2792 le-

465 2819 754 2884 niendum
787 2822 1152 2884 desiderium
1186 2823 1412 2896 Matris,
1447 2843 1577 2904 quae
1607 2822 1870 2898 dolebat,
1907 2830 1965 2883 et
1990 2817 2126 2882 Filii

468 2909 670 2991 (atque
695 2910 923 2972 utinam
943 2912 1151 2992 quanti
1175 2921 1228 2975 et
1252 2912 1443 2993 qualis
1464 2913 1622 2988 Filii,
1648 2912 1850 2973 dicere
1865 2928 2124 2993 possem,

471 3013 646 3080 prout
681 2999 871 3062 Deum
903 2999 1076 3062 decet
1105 3019 1173 3063 ac
1202 3001 1352 3064 Filio
1369 3001 1732 3080 condignum
1766 3003 1905 3081 est),
1931 2999 2124 3080 quoad

465 3087 762 3150 visibilem
795 3089 1063 3168 ejusdem
1097 3100 1427 3173 aspectum,
1460 3091 1793 3154 absentiam
1827 3090 1980 3152 ferre
2005 3107 2123 3150 non

473 3187 724 3260 poterat.
757 3157 1052 3252 Qtiocirca
1082 3157 1388 3262 ad'ipsum
1413 3157 1652 3243 'venire
1710 3179 1967 3260 discupit
1999 3199 2016 3256 ;
2066 3157 2182 3242 etC

459 3268 573 3330 hoc
592 3269 770 3331 etiam
788 3277 1061 3352 prompte
1081 3269 1155 3333 ab
1178 3290 1248 3333 eo
1272 3271 1676 3353 consequitur,
1696 3268 2118 3357 quibenevole,

455 3362 659 3444 prouti
687 3372 1100 3439 consueverat,
1155 3364 1216 3426 id
1245 3365 1542 3429 concedit.
1573 3363 1699 3427 Hoc
1725 3364 1922 3446 ipsum
1951 3380 2114 3438 vero,

463 3451 622 3534 quod
655 3451 800 3530 dixi,
835 3453 982 3516 satis
1013 3455 1230 3516 evincit
1261 3473 1392 3535 quae
1432 3455 1606 3536 paulo
1641 3464 1772 3536 post
1801 3451 2119 3514 subsecuta

461 3551 551 3604 est
569 3542 923 3605 immortalis
943 3543 1103 3606 illius
1136 3545 1440 3608 translatio
1466 3566 1482 3622 ;
1505 3563 1682 3626 quam
1707 3541 1912 3616 hodie,
1945 3540 2116 3605 festi-

464 3632 707 3696 vitatem
740 3633 895 3696 hanc
919 3641 1186 3716 agentes,
1235 3654 1368 3716 quae
1414 3644 1473 3698 et
1529 3634 1660 3700 dies
1687 3642 1891 3695 sancta
1917 3632 2119 3694 vocari

462 3721 817 3802 promeruit,
853 3730 912 3784 et
969 3723 1122 3785 hanc
1180 3723 1368 3805 ipsam
1430 3732 1591 3786 tanto
1646 3724 1876 3784 honore
1906 3737 2118 3800 prose-

464 3817 717 3890 quentes
748 3810 1002 3872 solemni
1031 3821 1326 3874 conventu
1357 3812 1752 3875 celebramus.

536 3896 715 3963 XVII.
741 3897 886 3961 Nam
906 3908 964 3962 et
984 3911 1198 3964 caetera
1219 3901 1328 3964 Dei
1347 3901 1670 3967 Genitricis
1688 3910 1960 3982 portenta
1977 3919 2121 3963 sane

467 3987 685 4050 eximia
714 3997 874 4064 sunt,
909 3999 967 4052 et
998 3991 1056 4051 in
1092 3991 1324 4052 eximiis
1383 3992 1640 4055 maxime
1669 3991 1910 4054 eximia.
1944 3990 2122 4064 Quae-

461 4095 598 4139 nam
628 4077 756 4139 haec
786 4077 920 4140 dico
942 4084 968 4138 'I
999 4078 1238 4142 Scilicet
1270 4100 1404 4162 quae
1430 4090 1566 4143 ante
1603 4088 1862 4160 partum,
1896 4099 2028 4160 quae
2057 4080 2120 4142 in

458 4175 650 4247 partu,
705 4185 837 4247 quae
895 4176 1026 4248 post
1085 4177 1316 4250 partum
1374 4169 1672 4232 mirabilia
1708 4170 2117 4250 suscipimus:

460 4264 812 4337 conceptum
830 4266 994 4319 satus
1007 4266 1306 4340 expertem
1319 4307 1334 4335 ,
1350 4259 1740 4339 gestationem
1766 4258 1840 4321 ab
1857 4277 2124 4321 aerumna

454 4363 723 4422 vacuam,
745 4355 977 4427 partum
998 4348 1402 4429 corruptionis
1418 4349 1711 4422 nescium,
1742 4349 2117 4410 tremendum

2208 1845 2393 1912 χεῖται
2448 1840 2525 1909 τῷ
2581 1836 2913 1915 ποθουμένῳ,
2971 1832 3111 1892 αἰδοῖ
3153 1855 3212 1890 τε
3268 1835 3355 1892 καὶ
3397 1830 3545 1914 φόϐῳ
3586 1833 3673 1889 καὶ
3717 1831 3868 1906 πόθῳ

2208 1925 2530 2002 μεριζομένη
2589 1926 2677 1982 καὶ
2733 1931 2801 2001 τῇ
2863 1930 3008 2004 χαρᾷ
3050 1923 3447 2002 περιγάννυται,
3506 1922 3572 1977 τὰ
3628 1920 3865 1999 παρόντα

2205 2039 2262 2073 τε
2333 2016 2447 2092 μετ’
2507 2015 2811 2087 ἐκπλήξεως
2856 2019 3031 2096 ὁρῶσα
3089 2013 3323 2090 πσλλῆς,
3391 2015 3480 2070 καὶ
3546 2015 3611 2070 τὰ
3666 2010 3869 2092 προλα-

2204 2104 2363 2162 ϐόντα
2421 2105 2795 2182 συμϐάλλουσα
2848 2104 2901 2161 ἐν
2958 2110 3026 2182 τῇ
3086 2102 3270 2184 καρδίᾳ
3327 2103 3515 2170 αὒτῆς.
3580 2103 3679 2161 Καὶ
3730 2103 3865 2156 θαυ-

2205 2198 2416 2272 μαστήν
2447 2219 2562 2253 τινα
2592 2198 2880 2276 πάσχουσα
2909 2195 2973 2247 75
3013 2196 3144 2275 πρὸς
3188 2195 3358 2250 πάντα
3390 2195 3489 2261 τὴν
3517 2190 3711 2261 ἡδονὴν
3757 2211 3865 2266 με-

2202 2284 2326 2352 ταξύ
2354 2308 2403 2341 τι
2433 2286 2609 2366 βραχύ
2636 2287 2724 2342 καὶ
2766 2287 2898 2364 πρὸς
2930 2284 3178 2365 οὖρανοὺς
3211 2281 3264 2339 ἐν
3296 2281 3537 2363 νεφέλαις
3569 2279 3864 2360 ἐπαρθέντα

2203 2377 2319 2453 ὁρᾷ,
2365 2378 2453 2431 καὶ
2515 2375 2609 2442 τῆς
2642 2373 2930 2453 αγγελικῆς
2959 2372 3167 2450 ὁμιλίας
3197 2371 3259 2422 77
3310 2375 3398 2430 καὶ
3445 2371 3771 2451 παρηγορίας
3801 2368 3867 2418 ’⁷8

2203 2463 2403 2539 ἀκούει,
2468 2463 2946 2543 εὖαγγελιζομένης
3002 2465 3090 2520 καὶ
3129 2462 3288 2522 πάλιν
3318 2472 3410 2521 τοῦ
3466 2461 3714 2525 ἀπιόντος
3761 2460 3860 2526 τὴν

2205 2551 2405 2608 ἓλευσιν
2416 2598 2432 2613 .

2288 2721 2414 2805 ις’.
2461 2727 2612 2787 Ἀλλ’
2657 2729 2804 2787 οὐδὲν
2847 2728 2945 2809 ἄρα
2987 2736 3151 2786 ταῦτα
3209 2734 3455 2808 μητρικῷ
3511 2727 3656 2799 πόθῳ
3709 2725 3859 2801 κάμ-

2207 2841 2376 2900 νοντι,
2407 2821 2495 2876 καὶ
2525 2818 3019 2898 παιδὸςξέκδημίαν,
3066 2818 3188 2876 ὅσον
3237 2818 3368 2896 πρὸς
3423 2819 3486 2872 τὸ
3541 2816 3860 2896 φαινόμενον

2213 2907 2377 2989 (ἀλλὰ
2417 2907 2603 2973 παιδὸς
2646 2910 2760 2973 πῶς
2805 2908 2866 2966 ἂν
2923 2908 3131 2984 εἴποιμι
3205 2910 3509 2986 θεοπρεπῶς
3567 2907 3656 2962 καὶ
3698 2902 3855 2969 ἀξίως

2208 2996 2393 3062 παιδὸς
2421 2997 2607 3066 ἡλίκου
2635 3000 2722 3055 καὶ
2750 2998 2940 3078 τίνος),
2985 2998 3158 3078 φέρειν
3213 2999 3308 3053 οὒκ
3333 2995 3540 3076 ἔχοντι.
3577 2995 3674 3051 Διά
3702 2999 3858 3050 τοῦτο

2207 3095 2360 3159 ζητεῖ
2388 3087 2487 3155 τὴν
2516 3089 2644 3167 πρὸς
2699 3089 2854 3145 αὐτὸν
2912 3086 3080 3167 ἄφιξιν
3111 3085 3175 3135 78
3231 3087 3317 3142 καὶ
3369 3081 3495 3163 παρ’
3528 3085 3682 3140 αὐτοῦ
3709 3080 3858 3156 λαμ-

2205 3174 2349 3234 ϐἀιει
2411 3177 2497 3234 καὶ
2567 3183 2718 3233 τοῦτο
2771 3177 3078 3257 προθύμως,
3147 3171 3378 3238 διδόντος
3408 3173 3472 3223 80
3529 3171 3859 3254 φιλοφρόνως

2204 3269 2278 3331 ὡς
2322 3267 2531 3329 εἴωθεν.
2593 3265 2885 3332 Ἀπόδειξις
2949 3267 3213 3345 αὐτάρκης
3270 3269 3364 3321 τοῦ
3419 3262 3580 3342 λόγου
3648 3263 3683 3329 ἡ
3737 3259 3856 3336 μετ’

2204 3356 2380 3436 ὀλίγον
2423 3356 2653 3414 ἐντεῦθεν
2709 3361 2810 3424 τῆς
2863 3357 3118 3414 ἀθανάτου
3183 3353 3457 3430 μετάθεσις
3487 3366 3502 3382 ⁸
3549 3353 3616 3418 ἣν
3673 3372 3856 3416 πανη-

2197 3448 2474 3526 γυρίζομεν
2493 3446 2548 3495 81
2585 3447 2816 3526 σήμερον
2845 3444 3052 3513 κλητὴν
3082 3445 3235 3523 ἁγίαν
3263 3441 3492 3522 ἡμέραν,
3523 3440 3623 3508 τὴν
3651 3438 3857 3518 ἡμέραν

2198 3533 2416 3614 ἄγοντες
2457 3536 2678 3610 ταύτην,
2711 3535 2963 3618 καὶςμετά
2997 3535 3258 3601 τοσαύτης
3287 3530 3352 3582 82
3392 3531 3555 3598 αὐτὴν
3584 3528 3858 3607 ὑποδεχό-

2200 3646 2347 3703 μενοι
2378 3631 2476 3693 τῆς
2508 3629 2698 3702 τιμῆς.

2283 3886 2385 3958 ΙΖ’.
2448 3894 2599 3954 Καλὰ
2655 3895 2753 3972 μὲν
2794 3895 2894 3976 γὰρ
2950 3892 3054 3962 ἤδη
3125 3895 3212 3950 καὶ
3267 3891 3456 3966 τάλλα,
3532 3891 3619 3948 καὶ
3674 3885 3855 3946 καλῶν

2203 3984 2483 4061 κάλλιστα,
2529 3987 2596 4041 τὰ
2637 3989 2736 4052 τῆς
2809 3985 3144 4064 Θεομήτορος
3199 3985 3461 4058 θαύματα,
3509 3981 3633 4039 Τίνα
3692 3977 3862 4033 ταῦτά

2204 4096 2392 4156 φημις
2440 4076 2517 4134 Τὰ
2568 4075 2670 4153 πρὸ
2716 4083 2810 4134 τοῦ
2835 4071 2890 4116 93
2929 4074 3091 4133 τόκου
3147 4071 3436 4154 παράδοξα,
3483 4071 3548 4127 τὰ
3591 4069 3645 4125 ὲν
3687 4066 3856 4156 τόκῳ,

2203 4153 2268 4221 τὰ
2296 4153 2536 4242 “per?!
2578 4164 2736 4222 τόκον
2770 4180 2784 4194 '
2831 4164 2931 4231 τὴν
2991 4153 3234 4243 ἄσπορον
3276 4161 3564 4241 σύλληψιν,
3590 4158 3690 4225 τὴν
3719 4153 3859 4211 ἀλυ-

2203 4278 2304 4312 πον
2384 4255 2596 4334 κύησιν,
2677 4253 2778 4322 τὴν
2849 4252 3070 4334 ἄφθορον
3127 4251 3398 4332 γέννησιν,
3472 4252 3569 4318 τὴν
3641 4245 3762 4322 ὄψιν
3793 4243 3864 4294 83

2205 4345 2408 4411 ἐκείνην
2453 4349 2544 4399 τοῦ
2588 4341 2815 4421 ἀγγέλου
2871 4345 2968 4410 τὴν
3013 4339 3259 4422 φοϐερὰν,
3307 4343 3405 4407 τὴν
3476 4337 3656 4420 φωνὴν
3711 4334 3860 4422 ἐκεί-

452 4435 621 4497 illum
646 4421 840 4516 angeli
865 4421 1198 4516 aspectum,
1221 4457 1427 4501 vocem
1448 4438 1613 4500 illam
1648 4437 1932 4513 divinam,
1963 4457 2116 4520 prai-

2211 4457 2299 4502 νην
2355 4434 2455 4498 τὴν
2507 4432 2672 4506 θείαν,
2745 4433 2833 4489 καὶ
2888 4421 3157 4511 λαμπρὰν,
3230 4431 3317 4486 καὶ
3386 4429 3722 4520 χαρμόσυνον
3765 4421 3858 4520 ξξῗ

454 4525 697 4606 claram,
731 4525 1148 4606 acjucundam
1183 4549 1199 4604 ;
1232 4528 1409 4608 plane
1459 4527 1843 4590 admirandas
1869 4526 2121 4590 Joannis

452 4613 898 4695 exsultationes,
923 4615 1274 4679 honorantis
1301 4635 1372 4678 ex
1409 4629 1585 4679 utero
1622 4617 1823 4679 adhuc
1855 4616 1917 4678 in
1951 4624 2120 4679 utero

447 4715 791 4786 gestatum;
839 4708 1160 4772 Elisabetae
1209 4709 1641 4773 conscientiam
1701 4711 1780 4772 de
1833 4709 2122 4790 dignitate

449 4794 610 4858 illius
639 4796 740 4878 qui
770 4798 1200 4881 honorabatur,
1233 4807 1358 4862 tum
1391 4799 1667 4880 ejusdem
1699 4817 1842 4880 erga
1873 4807 2120 4880 gestan-

529 4990 555 5032 ρ
580 4953 726 5018 Luc.
762 4973 828 5034 II,
862 4959 962 5020 35.

2202 4525 2266 4581 τὰ
2338 4521 2582 4581 Ἰωάννου
2663 4529 2780 4578 τοῦ.
2825 4522 2960 4578 πάνυ
3043 4521 3318 4597 θαυμαστὰ
3403 4519 3738 4597 σκιρτήματα
3765 4513 3857 4591 86,

2201 4619 2460 4690 τιμῶντος
2535 4612 2821 4692 ὲγγάστρια
2889 4614 2980 4667 τὸν
3051 4609 3126 4666 ἔτι
3196 4610 3332 4666 κατά
3416 4607 3644 4687 γαστέρα
3677 4625 3692 4640 ⁸
3756 4608 3858 4673 τὴν

2205 4699 2481 4763 Ἐλισάϐετ
2556 4701 2836 4781 ἐπίγνωσιν
2917 4706 3016 4768 τῆς
3096 4707 3188 4756 τοῦ
3275 4697 3588 4774 τιμηθέντος
3681 4695 3859 4770 ἀξίας,

2201 4795 2291 4855 καὶ
2343 4792 2442 4860 τὴν
2501 4789 2645 4856 ἀξίαν
2714 4792 2832 4870 περὶ
2907 4791 3005 4858 τὴν
3091 4795 3317 4846 κυοῦσαν
3399 4784 3696 4862 εὐλάϐειαν,
3767 4787 3861 4841 καὶ

1864 5067 2076 5132 Variae
2105 5068 2420 5134 lectiones.

531 5194 596 5246 75
625 5193 800 5258 Laur.
835 5201 1286 5276 προσμηνυθήσει.

547 5277 754 5360 terq.
784 5275 918 5341 cod.
935 5281 1272 5360 πάσχουσαν.

542 5356 727 5440 Laur:
751 5356 1178 5440 πανιγυρίζομεν,

1457 5198 1522 5250 τι
1550 5202 1729 5263 Laur.
1763 5203 1980 5278 μόνοσιν
1991 5251 2005 5265 .

1292 5357 1356 5411 89
1384 5360 1558 5423 Laur.
1590 5357 1845 5431 τοσούτης
1857 5411 1872 5426 ,

2173 5202 2236 5254 75
2263 5201 2400 5266 Vat.
2433 5203 2552 5265 alio
2595 5218 2916 5266 vernorum
2959 5200 3172 5282 ordine
3211 5203 3247 5271 ἡ
3297 5202 3525 5282 Θεόπαις
3551 5202 3621 5282 ᾡς
3642 5204 3863 5282 νεκρόν.

1359 5281 1420 5366 7_7
1455 5283 1625 5346 Laur.
1657 5281 1910 5366 ὁμηλίας.

2211 5303 2248 5348 Γ.
2267 5285 2659 5366 παροιγορείας.
2683 5365 2695 5366 7
2734 5283 2798 5334 79
2824 5281 3258 5366 Laur._c’iqmiw._
3297 5282 3361 5334 80
3379 5281 3556 5366 Laur.
3585 5281 3862 5366 8t8<5v_'ru>;.

1980 5365 2045 5415 8‘5
2074 5363 2206 5428 Vat.
2245 5363 2449 5428 abest.
2471 5363 2587 5428 τοῦ.
2673 5365 2738 5417 84
2763 5367 2942 5430 Laur.
2977 5363 3168 5428 abest.
3197 5363 3286 5428 τά.

3414 5364 3477 5415 85
3500 5361 3675 5426 Laur.
3709 5363 3834 5439 ὄψιν
3845 5413 3861 5427 .

449 5437 516 5489 ⁸ο
543 5436 717 5501 Laur.
750 5445 850 5508 τὴν
878 5436 1152 5522 λαμπρὰν,
1183 5443 1269 5498 καὶ
1299 5445 1441 5500 θείαν
1472 5444 1833 5523 χαρμόσυνον,
1917 5445 1983 5495 33
2011 5445 2143 5510 Vat.
2167 5449 2465 5522 θαυμαστὸν
2497 5447 2785 5528 σκίρτημα.

2058 5579 2247 5643 Notae.

533 5703 664 5782 (10)
697 5707 846 5766 Ecce
871 5705 982 5768 tibi
1013 5707 1321 5787 singulare
1351 5707 1498 5772 illud
1532 5710 1800 5792 Deiparze
1829 5715 2193 5798 encomium,
2223 5725 2288 5780 ut
2315 5718 2787 5781 antonomastice
2840 5718 2958 5782 Dei
2991 5719 3150 5784 Filia
3180 5718 3532 5804 appelletur.
