4144 6386
278 367 434 441 1093
1202 367 1456 438 SERMO
1499 369 1580 438 IN
1619 372 1722 437 SS.
1771 363 1983 437 DEIPA

2077 371 2136 437 (Ε
2180 369 2760 441 DORMITIONEM.
3533 373 3693 445 1094

273 507 545 587 ἀνάῤῥυσιν
600 508 664 559 88
698 527 712 541 ⁸
796 511 917 576 τοὺς
989 509 1248 591 ἀγγέλους
1332 513 1470 588 μετά
1524 513 1722 592 βραχὺ,
1798 511 1983 574 τοὺςΑ

2077 505 2506 595 miVirgiuem)
2537 508 2942 571 reverentiam
3003 509 3401 594 condignam,
3433 531 3504 576 ac
3533 531 3690 595 prae-

277 597 559 674 ποιμένας,
603 602 724 665 τοὺς
767 601 996 681 μάγους,
1026 602 1150 667 τοὺς
1207 601 1368 682 ῦπαρ,
1429 603 1548 668 τοὺς
1605 599 1754 683 ὄναρ,
1812 602 1935 665 τοὺς

2077 594 2262 658 mium
2296 614 2312 672 ;
2363 597 2607 678 angelos
2637 598 2809 680 paulo
2847 606 3006 679 post,
3042 608 3336 682 pastores,
3370 594 3598 683 magos,
3633 611 3694 666 et

283 685 337 743 ἐν
367 686 612 746 ἐκστάσει
644 691 1055 770 χρηματισμούς
1087 706 1102 720 ’
1167 692 1264 760 τὴν
1323 691 1543 768 Συμεὼν
1589 691 1934 771 προφητείαν,

2077 685 2224 747 ivina
2274 687 2448 748 modo
2511 705 2618 768 per
2676 686 2965 767 vigiliam,
3023 689 3200 751 modo
3246 709 3354 772 per
3384 711 3687 769 somnum,

281 775 382 842 τὴν
471 786 642 845 Λννης
699 779 1124 858 ἀνθομολόγησιν
1151 797 1167 812 ⁸
1225 781 1357 860 πρὸς
1427 777 1481 836 δὲ
1523 781 1742 843 τούτοις
1772 779 1808 846 ἢ
1853 779 1940 834 καὶ

2077 774 2203 836 ιοᾶο
2234 794 2340 856 per
2371 776 2620 838 extasim
2654 777 2894 839 oracula
2930 799 2946 853 ;
2982 779 3287 842 Simeonis
3316 781 3690 858 vaticinium,

282 867 385 945 πρὸ
414 866 637 946 τούτων,
667 869 733 925 τὲι
761 870 956 936 ταύτης
998 873 1162 937 αὖτῆς
1211 869 1390 948 ὥσπερ
1448 867 1584 949 ἴδια,
1645 871 1716 934 ὡς
1775 869 1942 948 εὗχῆς

2081 883 2216 925 ηοω
2246 864 2685 926 confessionem
2721 883 2736 942 ;
2796 866 2873 928 ad
2930 871 3058 929 hac
3115 877 3337 944 autem,
3375 888 3482 934 seu
3513 871 3692 932 etiam

287 951 454 1034 δῶρον
487 952 680 1015 ἄνωθεν
708 971 829 1023 τοῖς
849 960 1043 1038 ἷεεροϊς
1067 957 1219 1026 ἐδόθη
1245 959 1502 1039 πατράσιν
1529 977 1542 990 '
1580 960 1654 1022 ὡς
1677 957 1946 1037 μητρικὴν

2077 963 2170 1016 nte
2208 953 2345 1030 ista,
2395 972 2466 1015 ea
2495 973 2756 1036 quoque,
2786 974 2920 1037 quae
2952 956 3225 1036 ejusdem
3256 958 3436 1040 hujus
3469 958 3696 1042 (Virgi-

284 1040 590 1122 παραδόξως
640 1046 855 1124 ἀγονίαν
897 1045 1130 1106 διέλυσεν
1164 1067 1178 1084 ⁸
1232 1045 1345 1116 ἤδει
1390 1047 1513 1127 γὰρ,
1557 1045 1658 1104 ἔδει
1715 1045 1949 1128 προδρα-

2078 1045 2154 1120 is)
2187 1044 2426 1124 propria
2483 1046 2921 1125 quodammodo
2979 1045 3356 1124 exstiterunt,
3412 1040 3699 1112 videlicet

300 1145 423 1208 μεῖν
482 1136 654 1210 θαῦμα
724 1137 1014 1218 θαύματος,
1086 1139 1172 1194 καὶ
1229 1138 1430 1217 καρπὸν
1482 1143 1664 1216 νεκρᾶς
1719 1137 1950 1216 μήτρας,

2079 1133 2194 1193 uod
2232 1133 2508 1212 precibus
2541 1142 2881 1196 sanctorum
2916 1145 3230 1216 parentum
3262 1139 3444 1203 veluti
3472 1139 3696 1201 donum

294 1225 577 1301 παρθενίας
647 1225 806 1282 τόκον
900 1228 1261 1284 πιστώσασθαι
1294 1243 1310 1259 ⁸
1413 1229 1486 1290 ὡς
1586 1225 1730 1290 εὐθὺς
1802 1223 1953 1281 δοτὸν

2079 1221 2324 1284 ivinitus
2348 1240 2633 1284 concessa
2655 1223 2870 1288 fuerit:
2916 1224 3074 1305 quod
3126 1235 3456 1290 maternam
3479 1229 3698 1291 sterili-

295 1308 461 1390 δῶρον
531 1311 780 1382 ἀντεδόθη
839 1313 998 1377 πάλιν
1052 1319 1131 1391 τῷ
1194 1314 1440 1373 δεδωκότι
1471 1315 1535 1364 39
1566 1334 1583 1352 ·
1639 1317 1714 1378 ὡς
1768 1315 1952 1395 χερσὶν

2077 1319 2216 1375 item
2238 1312 2497 1375 mirabili
2523 1313 2753 1376 ratione
2774 1313 3144 1390 dissolverit;
3171 1317 3483 1396 oportebat
3507 1317 3692 1396 enim,

298 1401 480 1472 ἱερέων
530 1408 606 1477 τῷ
663 1405 786 1480 ἱερῷ
827 1409 1198 1485 προσαχθεῒσα
1227 1405 1292 1456 90
1333 1405 1430 1473 τὴν
1473 1405 1602 1483 ὑπὲρ
1643 1410 1818 1460 πᾶσαν
1859 1404 1954 1460 πί-

2081 1402 2212 1463 lane
2232 1402 2566 1483 oportebat,
2597 1411 2661 1463 ut
2701 1402 2984 1466 miraculo
3009 1417 3402 1486 praecurreret
3435 1408 3698 1471 miracu-

299 1513 412 1548 στιν
439 1487 491 1533 9ί
537 1492 751 1573 ἀνήχθη
795 1496 940 1574 παρά
993 1509 1112 1559 τοῖς
1169 1495 1336 1575 ἅγίοις
1392 1495 1597 1559 ἀδύτοις
1642 1494 1952 1574 ἀναγωγὴν,

2077 1509 2188 1567 im,
2225 1499 2282 1552 et
2313 1499 2376 1553 ut
2404 1491 2759 1571 virginitatis
2819 1493 3009 1573 partui
3069 1495 3248 1556 fidem
3281 1497 3507 1560 faceret
3537 1498 3699 1562 effeti

292 1583 385 1636 τὸν
443 1578 537 1637 ἀπ’
583 1585 802 1662 οὐρανοῦ
844 1581 987 1649 ξένον
1048 1584 1225 1665 ἄρτον,
1287 1586 1383 1653 τὴν
1443 1584 1688 1664 ἀγγέλων
1760 1583 1958 1663 τροφὴν

2077 1581 2199 1642 iteri
2224 1581 2456 1644 fructus
2490 1587 2506 1644 ξ
2542 1583 2698 1663 quod
2733 1601 3083 1644 concessum
3114 1583 3337 1646 donum
3388 1587 3584 1648 statim
3614 1588 3693 1662 ei,

296 1669 412 1726 ἐκεῖ
469 1669 738 1750 δεχομένη
771 1689 786 1704 ·
849 1671 1039 1750 τᾶλλα,
1104 1679 1190 1739 οἷς
1249 1674 1425 1740 καλῶς
1485 1674 1620 1742 αὕτη
1694 1671 1960 1752 πόρῤωθεν

2077 1671 2146 1750 [υἱ
2176 1670 2446 1745 dederat,
2479 1671 2780 1733 redditum
2809 1689 3014 1734 rursus
3044 1672 3223 1735 fuerit
3255 1697 3271 1751 ;
3305 1676 3462 1756 quod
3492 1694 3698 1738 sacer-

299 1760 618 1839 ἁγνιζομένη
700 1766 818 1838 Θεῴ
901 1765 1032 1844 πρὸς
1101 1763 1374 1845 ὖποδοχὴν
1456 1765 1799 1843 ἦῦτρεπίζετο
1859 1766 1983 1840 τῆς

2077 1766 2245 1821 ιοιιιιη
2273 1759 2549 1823 manibus
2579 1761 2802 1842 templo
2831 1760 3052 1838 oblata,
3083 1762 3143 1822 in
3164 1763 3354 1825 sacris
3371 1764 3699 1846 penetrali-

297 1835 438 1914 θείας
509 1835 831 1933 ἁγιωσύνης,
904 1835 978 1908 ὧν
1049 1853 1195 1911 οῦδὲν
1254 1835 1472 1917 ἀπεικὸς
1533 1835 1619 1910 ἐπὶ
1689 1837 1983 1928 μυστηρίῳ

2077 1867 2177 1922 ηις,
2202 1868 2272 1911 eo
2303 1849 2438 1912 vitae
2467 1835 2764 1923 instituto,
2796 1849 2955 1931 quod
2983 1835 3220 1912 omnem
3246 1835 3420 1915 fidem
3441 1855 3699 1932 excedit,

301 1938 557 2012 τοσούτῳ,
605 1939 702 1998 κᾶν
757 1941 923 1999 πολύν
949 1941 1011 1992 99
1060 1943 1200 2000 ἐστιν
1256 1943 1290 1998 ἃ
1343 1944 1432 2000 τὸν
1462 1940 1770 2022 παράλογον
1800 1940 1854 1996 ἐν
1885 1946 1962 2014 τῷ

2077 1957 2259 2000 [ovum
2287 1957 2319 2001 e
2351 1939 2501 2001 coelo
2533 1957 2770 2019 panem,
2833 1939 3033 2001 cibum
3066 1938 3150 2001 ibi
3181 1943 3517 2021 angelicum
3546 1943 3700 2007 acci-

303 2025 690 2108 ὑπερϐάλλοντι
720 2031 886 2112 φέρει.

2077 2026 2235 2102 ηἰοηε,
2274 2028 2522 2091 educata
2558 2028 2778 2106 fuerit;
2815 2038 2936 2090 tum
2968 2029 3103 2105 alia,
3138 2030 3354 2111 quibus
3383 2052 3511 2095 eam
3545 2035 3704 2097 Deus

301 2116 404 2204 diu
437 2117 494 2179 in
525 2127 900 2183 antecessum
933 2120 1049 2184 sibi
1079 2122 1330 2204 pulchre
1361 2121 1714 2203 puriﬁcans.
1750 2118 1824 2182 ad
1856 2116 2300 2198 suscipiendam
2347 2118 2408 2179 in
2456 2137 2523 2180 se
2577 2117 2838 2180 divinam
2890 2117 3080 2199 ipsam
3115 2121 3486 2185 sanctitatem
3520 2142 3702 2204 para-

305 2203 429 2281 bat,
482 2215 542 2269 et
586 2227 835 2289 quorum
878 2210 1028 2273 nihil
1084 2203 1148 2273 in
1201 2219 1362 2274 tanto
1414 2210 1693 2293 mysterio
1752 2227 1872 2272 non
1927 2224 2257 2285 congruum
2301 2207 2619 2288 reperitur,
2656 2207 2770 2270 etsi
2793 2207 2914 2268 sint
2951 2226 3080 2290 quae
3113 2227 3291 2291 supra
3323 2203 3701 2275 communem

307 2295 582 2359 ordinem
615 2298 941 2362 eminentia
970 2318 1353 2366 communem
1387 2302 1681 2364 rationem
1715 2301 1889 2378 longe
1918 2295 2505 2379 praetergrediuntur.

391 2387 557 2444 Πόσαι
623 2412 714 2465 μοι
783 2390 902 2448 καθ’
960 2391 1180 2449 ἕκαστον
1237 2392 1438 2449 τούτων
1493 2391 1813 2470 πανηγύρεις
1877 2391 1966 2446 καὶ

2130 2383 2297 2458 Quod
2326 2383 2472 2446 mihi
2497 2384 2569 2446 ad
2605 2385 2814 2448 horum
2831 2385 3307 2468 unumquodque
3333 2388 3704 2469 festivitates,

311 2474 538 2548 τελεταὶ,
573 2480 648 2535 ῶν
697 2478 982 2560 κεφάλαιον
1036 2480 1092 2537 ἓν
1144 2481 1397 2562 ὑπερφυές
1441 2503 1495 2537 νε
1547 2483 1635 2538 καὶ
1693 2479 1967 2559 μέγιστον,

2077 2491 2123 2535 ιο
2153 2491 2322 2562 sacra
2353 2473 2669 2549 solemnia,
2700 2493 2955 2556 quorum
3003 2493 3122 2537 una
3180 2485 3268 2538 est
3313 2479 3480 2540 radix
3531 2497 3712 2559 augu-

315 2571 447 2624 Θεοῦ
508 2567 902 2649 ἐνανθρώπησις
969 2571 1055 2628 ἐπὶ
1098 2579 1174 2647 τῷ
1225 2561 1318 2628 τὸν
1360 2568 1630 2651 ἄνθρωπον
1687 2573 1968 2638 θεωθῆναι.

2077 2561 2317 2624 stissima
2341 2565 2515 2643 juxta
2543 2583 2616 2626 ac
2667 2563 3060 2643 nobilissima,
3122 2565 3321 2628 divina
3348 2568 3576 2631 scilicet
3604 2569 3709 2631 hu-

318 2660 418 2715 Καὶ
472 2661 671 2718 τούτων
732 2662 959 2732 ἑκάστην
1017 2666 1152 2740 μετᾶ
1207 2671 1300 2722 τοῦ
1354 2662 1482 2722 ἰδίου
1537 2672 1719 2743 καιροῦ
1773 2685 1830 2720 τε
1890 2671 1979 2726 καὶ

2077 2671 2252 2716 uanae
2281 2663 2509 2716 naturae
2538 2653 2889 2736 assumptio,
2934 2663 3000 2717 ut
3045 2655 3119 2718 ad
3167 2655 3423 2719 divinam
3455 2669 3710 2721 naturan

322 2749 611 2829 μυστηρίου
652 2748 922 2832 δεχόμεθα
971 2755 1058 2811 καὶ
1115 2753 1526 2834 προπέμπομεν,
1601 2753 1779 2832 ὥσπερ
1837 2753 1978 2834 ὥρας

313 2835 485 2904 ἄλλας
515 2841 798 2906 εύτάκτους
846 2845 1175 2908 ὕπαπιούσας
1223 2843 1483 2915 ἀλλήλαις
1541 2844 1594 2900 ἐν
1635 2843 1847 2920 κόσμῳ,
1891 2845 1979 2900 καὶ

311 2928 589 3008 ἐπιούσας,
622 2933 710 2988 καὶ
738 2933 840 3000 τὴν
869 2934 1071 2992 ἑαυτῶν
1102 2936 1236 3012 ἡμῖν
1267 2935 1428 3016 χάριν
1459 2933 1519 2991 ἐκ
1547 2932 1802 3014 διαδοχῆς
1831 2932 1979 3015 φιλο-

313 3019 660 3096 τιμουμένας,

407 3277 524 3346 1Η’.
590 3291 664 3348 Τὰ
721 3289 774 3346 δὲ
829 3301 916 3351 νῦν
970 3294 1005 3362 ἡ
1060 3294 1280 3372 σφραγὶς
1335 3292 1548 3349 ἐκείνων
1617 3297 1826 3370 πασῶν,
1886 3291 1975 3347 καὶ

325 3375 512 3455 βεϐαία
540 3379 923 3461 συμπλήρωσις
950 3398 965 3413 ⁸
999 3383 1034 3452 ἡ
1065 3382 1272 3463 ἐσχάτη
1301 3384 1391 3440 καὶ
1418 3381 1604 3461 πρώτη
1636 3381 1723 3437 καὶ
1753 3380 1977 3459 μεγίστη

323 3473 432 3525 τῶν
475 3468 669 3548 ἑορτῶν
705 3489 720 3505 ’
781 3473 963 3552 χρόνῳ
1020 3473 1118 3548 μὲν
1170 3471 1377 3552 ἐσχάτη
1430 3473 1517 3528 καὶ
1559 3468 1699 3535 τάξει
1727 3467 1894 3526 τᾶλλα
1925 3467 1981 3525 δὲ

326 3554 540 3633 δυνάμει
571 3561 659 3617 καὶ
688 3558 971 3637 ἀξιώματι.

412 3824 675 3883 Πάλλεταί
732 3850 823 3903 μοι
883 3829 947 3885 τὸ
1006 3836 1212 3906 πνεῦμα
1268 3831 1401 3910 πρὸς
1456 3830 1523 3886 τὰ
1577 3828 1836 3908 παρόντα,
1894 3829 1982 3884 καὶ

327 3915 366 3981 ἦ
408 3912 592 3995 καρδία
649 3923 882 3998 σκιρτᾷ·
945 3921 1032 3976 καὶ
1073 3933 1392 4001 περισκοπεῖ
1441 3941 1589 3984 τινας
1648 3917 1838 3996 λόγους
1882 3917 1982 3975 λο-

329 4017 552 4082 γισμοῖς
622 4005 860 4082 ὑψηλοὺς
889 4005 948 4051 9³
1015 4011 1104 4067 καὶ
1146 4009 1316 4076 ἀξίους
1371 4014 1469 4077 τῆς
1529 4007 1985 4088 μεγαλοπρεπείας

327 4100 422 4151 τοῦ
483 4097 771 4171 θαύματος.
831 4095 1094 4179 Ἀπαίρει,
1159 4101 1289 4180 πρὸς
1348 4099 1594 4180 ούρανοῦ-τ
1651 4100 1679 4155 ὃ
1734 4096 1980 4177 ’ἔμψυχος

328 4185 510 4264 θρόνος
564 4193 656 4242 τοῦ
699 4194 832 4247 Θεοῦ
875 4192 1203 4264 μετατίθεται
1239 4207 1252 4220 ⁸
1301 4191 1522 4266 ὑψοῦται
1584 4193 1683 4255 τῆς
1739 4185 1891 4254 δόξης
1945 4189 1980 4256 ἡ

333 4270 562 4340 κιϐωτός
595 4293 611 4308 ⁶
687 4278 722 4345 ἡ
774 4278 928 4357 πηγὴ
985 4285 1080 4337 τοῦ
1136 4283 1308 4361 φωτὸς
1365 4292 1676 4359 μεταχωρεῖ
1729 4279 1862 4356 πρὸς
1921 4279 1982 4334 τὸ

331 4369 444 4442 φῶς
481 4384 498 4401 ’
557 4367 586 4421 ὁ
642 4371 743 4434 τῆς
812 4373 956 4438 ζωῆς
1026 4372 1286 4449 θησαυρὸς
1342 4367 1637 4447 μετοϐαίνει
1700 4369 1830 4446 πρὸς
1886 4369 1986 4434 τὴν

2061 2743 2241 2806 homo
2274 2744 2746 2826 proveheretur!
2799 2744 2870 2806 Et
2912 2744 3126 2807 horum
3185 2745 3428 2827 quidem
3477 2747 3710 2826 singula

2062 2835 2391 2896 secundum
2423 2834 2725 2916 proprium
2755 2843 2813 2896 et
2845 2841 3080 2916 tempus
3097 2843 3154 2897 et
3171 2835 3520 2917 mysterium
3545 2837 3710 2900 exci-

2061 2923 2257 3005 pimus
2313 2942 2383 2986 ac
2443 2923 2878 3006 praemittimus,
2950 2943 3072 2985 non
3120 2942 3294 2986 secus
3352 2943 3422 2987 ac
3479 2943 3710 2989 annuas

2062 3012 2272 3074 mundi
2297 3021 2704 3095 tempestates,
2770 3031 2906 3092 qua:
2962 3013 3212 3094 pulchro
3273 3014 3485 3077 ordine
3531 3014 3718 3078 altera

2052 3102 2224 3165 alteri
2241 3103 2437 3165 locum
2466 3103 2754 3185 praebent,
2782 3111 2842 3165 et
2866 3103 3226 3176 succedunt,
3249 3109 3309 3165 et
3330 3103 3714 3185 suaipsarum

2057 3191 2352 3254 beneficia
2377 3211 2483 3274 per
2509 3193 2671 3255 vices
2701 3191 2874 3254 nobis
2905 3192 3255 3272 largiuntur.

2139 3279 2343 3344 XVIII.
2369 3280 2511 3354 Quae
2533 3289 2732 3343 autem
2757 3281 2818 3342 in
2841 3298 3104 3362 praesens
3129 3281 3322 3362 agitur
3341 3281 3711 3359 solemnitas,

2064 3369 2298 3431 illarum
2320 3369 2586 3432 omnium
2611 3369 2943 3450 obsignatio
2967 3379 3057 3432 est
3083 3389 3153 3432 ac
3179 3367 3408 3432 stabilis
3440 3390 3716 3434 consum-

2067 3460 2247 3522 matio
2282 3478 2298 3537 ;
2331 3458 2709 3522 festivitatum
2745 3468 3040 3540 postrema
3067 3470 3181 3542 est,
3215 3468 3274 3522 et
3301 3460 3494 3542 prima
3537 3461 3716 3524 simul

2061 3556 2120 3611 et
2149 3549 2441 3611 maxima:
2479 3556 2749 3630 tempore
2781 3549 3012 3611 scilicet
3041 3556 3099 3612 et
3127 3549 3338 3612 ordine
3371 3561 3710 3632 postrema:

2063 3637 2255 3720 prima
2287 3656 2428 3701 vero
2459 3642 2806 3721 etlsumma,
2841 3639 2892 3700 si
2945 3637 3290 3719 dignitatem
3340 3658 3410 3702 ac
3438 3639 3714 3704 virtutem

2065 3736 2324 3810 spectes.
3087 3773 3089 3776 ‹

2147 3819 2490 3881 Vehemens
2515 3817 2662 3880 mihi
2685 3817 2958 3900 spiritum
2971 3817 3045 3881 ad
3065 3819 3380 3900 praesentia
3397 3822 3719 3883 commotio

2066 3907 2204 3983 ciet,
2239 3914 2299 3970 et
2322 3925 2427 3969 cor
2450 3907 2726 3988 exsultat,
2747 3915 2924 3989 atque
2946 3914 3272 3988 conceptus
3313 3927 3494 3971 sensu
3525 3907 3721 3971 subli-
3819 3945 3824 3949 -

2067 4015 2197 4058 mes
2225 4016 2294 4059 ac
2329 3995 2588 4078 portenti
2622 3997 3067 4076 magniﬁcentia
3118 3997 3332 4076 dignos
3363 3998 3723 4079 circumspi-

2067 4087 2233 4149 ciens
2259 4085 2533 4168 requirit.
2560 4084 2721 4167 Abit,
2743 4086 2816 4148 ad
2834 4087 3018 4149 ccelos
3056 4086 3410 4150 transfertur
3430 4088 3723 4150 animatus

2067 4175 2174 4240 Dei
2191 4177 2479 4249 thronus;
2516 4176 2810 4238 attollitur
2837 4196 2976 4240 arca
2995 4177 3232 4258 gloriae;
3259 4178 3392 4241 fons
3423 4179 3575 4241 lucis
3601 4180 3724 4259 (ll)

2064 4267 2138 4329 ad
2168 4267 2362 4328 lucem
2394 4267 2776 4347 transmigrat
2807 4290 2823 4344 ς
2883 4267 3200 4330 thesaurus
3241 4268 3376 4331 vitae
3411 4269 3621 4331 transit
3648 4269 3724 4331 ad

2068 4356 2264 4418 vitam.
2302 4355 2584 4420 Miracula
2616 4375 2814 4437 porro,
2879 4375 3012 4438 quae
3067 4356 3396 4421 discessum
3425 4357 3586 4420 illius
3614 4377 3722 4421 co-

331 4454 502 4523 ζωήν.
549 4454 649 4511 Καὶ
679 4455 743 4511 τὰ
769 4456 1125 4538 συντρέχοντα
1157 4447 1401 4534 θαύματα
1429 4457 1546 4538 περὶ
1574 4462 1673 4526 τὴν
1703 4454 1980 4532 ἐκδημίαν,

2077 4447 2378 4528 mitantur,
2412 4453 2629 4528 quanta
2655 4465 2725 4509 ea
2754 4454 2892 4509 sunt
2927 4447 2942 4506 !

332 4540 517 4610 ἡλίκα.

419 4621 526 4691 ιθ’.
561 4635 788 4713 Χριστὸς
817 4636 972 4700 αὐτὸς
1020 4635 1218 4694 ἄνωθεν
1274 4635 1491 4694 ἐνταῦθα
1514 4632 1572 4678 9⁴
1625 4640 1986 4715 προσυπαντᾷ,

333 4721 427 4786 τὰς
471 4723 614 4798 αὖττῷ
665 4725 754 4780 καί
795 4723 952 4805 φίλας
1002 4728 1090 4783 καὶ
1131 4720 1320 4791 δούλας
1346 4724 1412 4776 95
1465 4723 1707 4800 δυνάμεις
1755 4745 1988 4782 συνεπα-

336 4811 562 4890 γόμενος
618 4812 674 4868 ἐν
743 4813 924 4889 κύκλῳ
978 4813 1358 4896 δορυφοροῦσας
1395 4835 1409 4855 ·
1473 4815 1561 4871 καὶ
1603 4815 1702 4883 τὴν
1759 4811 1990 4894 ἀγκαλι-

340 4901 578 4975 σαμένην
605 4900 671 4952 96
709 4902 993 4986 πολλάκις,
1028 4903 1372 4986 φιλόστοργος
1417 4904 1474 4962 εὖ
1531 4903 1676 4981 μάλα
1733 4904 1822 4961 καὶ
1850 4925 1991 4983 γνη-

339 4990 463 5057 σίως
527 4991 960 5072 ἀνταγκαλίζεται
996 5014 1010 5029 ·
1075 4996 1164 5052 καὶ
1227 4996 1426 5074 γίνεται
1481 4992 1660 5061 πλοκὴ
1714 4992 1992 5070 θαυμαστὴ

339 5083 428 5138 καὶ
484 5084 766 5163 συμφωνία,
814 5090 907 5142 τοῦ
963 5084 1303 5165 πραγμάτος.
1391 5076 1449 5142 Ὀ
1529 5084 1804 5152 Δεσπότης
1874 5083 1992 5161 ἄγει

2152 4624 2306 4689 ΧΙΧ.
2340 4622 2608 4694 Christus
2655 4623 2786 4705 ipse
2837 4642 2870 4686 e
2927 4625 3102 4701 caalo,
3161 4625 3276 4689 sibi
3329 4634 3386 4688 et
3413 4627 3638 4691 amicas
3668 4634 3728 4690 et

2073 4715 2429 4779 famulantes
2449 4732 2651 4776 secum
2683 4714 2989 4777 adducens
3002 4715 3287 4792 Virtutes,
3310 4736 3442 4799 quae
3463 4717 3725 4782 circum-

2075 4807 2238 4870 circa
2266 4803 2606 4867 satellitium
2638 4811 2840 4882 agunt,
2903 4804 3046 4867 hinc
3101 4823 3290 4888 usque
3320 4807 3382 4868 in
3411 4825 3727 4870 occursum

2073 4895 2348 4975 advenit;
2383 4902 2442 4958 et
2473 4912 2605 4958 eam
2639 4913 2768 4976 quae
2795 4894 2972 4958 toties
3007 4898 3203 4978 ipsum
3233 4895 3391 4958 ulnis
3420 4899 3734 4978 complexa

2077 4993 2425 5069 gestaverat,
2460 5003 2694 5047 summo
2726 4991 2785 5048 et
2813 4983 3024 5066 utique
3079 4985 3316 5049 sincero
3345 4985 3479 5050 Filii
3511 4986 3733 5050 affectu

2075 5076 2337 5141 vicissim
2368 5075 2731 5157 amplectens
2753 5075 3009 5139 sustinet
3037 5097 3054 5156 ;
3081 5095 3150 5138 ac
3181 5077 3335 5140 mira
3365 5075 3638 5159 quaedam
3668 5077 3736 5139 fit

1769 5214 1965 5280 Variae
2004 5215 2316 5280 lectiones.

422 5351 598 5416 881m
626 5351 802 5436 codd.
841 5353 950 5418 sed
979 5353 1151 5436 forte.
1184 5355 1475 5436 ἆνάρῤησιν
1495 5353 1863 5436 Ιεεθιιάιιηιη
1887 5351 1952 5403 89
1977 5351 1983 5414 ἶ

2077 5369 2153 5436 11f.
2188 5349 2442 5436 δεδοκότι.
2508 5348 2572 5400 90
2597 5344 2807 5436 υἱεῖς.
2841 5346 2990 5436 cod._
3010 5350 3416 5436 stpgcaxbrﬁoatv.
3436 5431 3458 5436 _
3477 5346 3528 5390 ⁹¹
3552 5347 3735 5436 Laur.

339 5433 556 5504 πίστην,

343 5521 527 5580 ταῦτα.
613 5513 678 5568 93
708 5519 884 5584 Laur.
917 5517 1088 5580 abest
1116 5518 1204 5576 καὶ
1227 5513 1435 5587 δούλας.

667 5434 732 5518 93
759 5432 844 5496 Ita
874 5435 1051 5518 codd.
1086 5433 1247 5518 Num,
1272 5430 1983 5518 Ῐέεθηάυῐῐξηπολλαᾼέστιν

2080 5435 2153 5518 τὸΔ
2171 5430 2473 5512 παράλογον
2482 5473 2498 5490 ο
2511 5479 2525 5494 .
2537 5478 2554 5494 .

1520 5515 1586 5569 96
1613 5517 1790 5581 Laur.
1820 5513 2278 5595 ἀγγαλισαμένην,

2678 5427 2744 5480 93
2766 5427 2941 5493 Laur.
2972 5427 3231 5506 ὑψηλοϊξξ
3341 5429 3409 5480 94
3435 5431 3609 5493 Laur.
3639 5429 3736 5488 ἒν-

1946 5649 2135 5714 Notae.

429 5785 558 5868 (lt)
587 5784 742 5852 Vide
769 5803 845 5849 an
875 5784 991 5849 sibi
1019 5791 1251 5849 constet
1275 5784 1502 5849 fontem
1531 5784 1682 5848 lucis
1711 5781 2029 5866 aliquando
2059 5782 2122 5844 in
2157 5781 2448 5861 tenebris,
2483 5782 2713 5865 peccati
2740 5781 2990 5862 scilicet,
3023 5781 3234 5848 fuisse.
