4144 6380
458 337 619 405 1095

1700 335 2023 403 JOANNIS
2063 336 2620 409 EUCHAITENSIS

3718 348 3875 415 1096

461 472 814 555 compositio
832 479 1009 555 atque
1034 472 1124 536 rei
1148 472 1413 552 parilitas
1435 472 1592 553 (12).
1608 471 1899 535 Dominus
1923 468 2113 534 dedu-

2208 470 2301 537 τὴν
2337 470 2630 531 Δέσποιναν
2662 489 2677 505 '
2711 478 2740 533 6
2785 477 3038 544 Βασιλεὺς
3066 479 3167 547 τὴν
3220 477 3539 540 Βασίλισσαν
3576 497 3590 513 ⁸
3653 483 3682 538 6
3713 490 3873 558 Νυμ-

461 564 543 626 cit
578 562 917 639 Dominam,
951 563 1241 643 Reginam
1298 562 1447 644 Rex,
1505 562 1770 645 Sponsus
1799 561 2116 645 Sponsam,

460 650 645 715 Filius
694 654 965 726 Matrem,
1054 651 1363 731 Virginem
1447 653 1550 734 qui
1608 670 1814 733 purus,
1875 650 2122 715 Sanctus

460 740 757 817 Sanctam,
791 741 1022 803 cunctis
1052 741 1395 823 praecelsior
1442 741 1879 822 praecelsiorem
1913 740 2116 802 omni-

461 832 615 907 bus;
678 842 737 895 et
796 830 1015 893 cmlum
1069 831 1328 893 animam
1387 830 1709 909 semetipso
1763 830 2120 912 ampliorem

460 921 708 1002 suscipit
744 941 759 993 ;
792 930 851 983 et
881 920 1075 999 angeli
1106 920 1464 983 comitantur
1492 919 1903 999 gloriosiorem
1934 939 2118 1000 ange-

461 1011 535 1073 lis
568 1028 584 1085 ;
618 1018 676 1073 et
707 1009 883 1072 simul
914 1018 1235 1071 accurrunt
1266 1009 1561 1083 homines,
1619 1019 1673 1071 et
1705 1009 1986 1091 apostoli,
2020 1009 2119 1071 alii

459 1099 597 1163 aliis
628 1118 698 1161 ex
732 1098 1157 1179 mundiplagis,
1185 1098 1397 1162 eodem
1415 1100 1822 1180 temporejam
1849 1098 1907 1161 in
1933 1117 2115 1160 unum

460 1189 911 1271 convenientes,
944 1188 1089 1271 imo,
1150 1198 1216 1250 ut
1274 1188 1460 1269 magis
1522 1189 1762 1269 proprie
1793 1188 2016 1269 dicam,
2047 1206 2117 1250 ex

459 1297 620 1357 aere,
656 1278 860 1341 nescio
894 1278 1073 1352 unde,
1113 1276 1175 1340 in
1211 1289 1430 1340 terram
1486 1278 1781 1358 pluentes,
1815 1295 2116 1358 apprope—

464 1377 622 1433 rant.

538 1455 586 1519 Ο
610 1476 818 1520 novam
849 1456 1142 1539 pluviam!
1171 1454 1217 1520 Ο
1238 1455 1493 1518 viatores
1526 1456 1833 1519 volantes!
1859 1453 1906 1519 Ο
1942 1454 2114 1535 pedi-

461 1555 552 1609 tes
577 1546 1024 1609 athereoslﬂui
1049 1553 1189 1609 sunt
1218 1548 1345 1612 isti.
1381 1548 1508 1626 qui,
1544 1553 1612 1610 ut
1642 1548 1849 1621 nubes,
1880 1547 2118 1625 volant,

460 1634 710 1715 pulchre
741 1633 1054 1696 nobiscum
1108 1631 1290 1695 Isaias
1341 1633 1691 1696 scitaturq?
1749 1632 1893 1706 Qua
1941 1649 2120 1695 causa

2205 559 2321 651 φίος
2349 562 2449 629 τὴν
2500 564 2727 645 Νύμφην
2760 582 2777 599 ⁹
2834 570 2862 625 6
2921 571 3040 651 Υξὸς
3083 570 3179 637 τὴν
3239 570 3458 651 Μῃτέρα
3491 589 3505 605 ⁸
3568 572 3668 639 τὴν
3724 577 3873 651 ΠαΡ’

2201 646 2350 738 βὲνον
2400 652 2429 707 6
2476 642 2701 733 καθαρός
2737 671 2752 685 ·
2810 658 2911 726 τὴν
2965 647 3148 736 ιΑγίαν
3189 660 3218 715 6
3279 642 3456 738 εἏγιος
3493 677 3507 690 ⁸
3564 662 3594 719 6
3652 642 3868 718 πάντων

2202 736 2447 797 ἐπέκεινα
2507 743 2606 811 τὴν
2662 744 2873 804 πάντων
2926 746 3258 827 ὑψηλοτέραν
3289 767 3303 781 ’
3354 736 3454 807 καὶ
3495 748 3711 831 δέχεται
3755 755 3864 825 ψυ-

2202 828 2313 907 χὴν
2340 826 2405 878 97
2528 834 2744 920 ούρανὸς
2803 836 2990 905 ἑαυτοῦ
3045 826 3378 918 πλατυτέραν
3412 857 3428 874 ⁸
3476 826 3595 897 καί⁷
3620 841 3865 920 προπέμ-

2201 939 2387 1008 πούσιν
2439 918 2654 999 ἄγγελοι
2701 923 2807 992 τὴν
2861 924 3106 1005 ἀγγέλων
3176 925 3505 1008 ἐνδοξοτέραν
3540 947 3555 961 ⁸
3600 918 3690 986 καὶ
3742 951 3864 986 συν-

2200 1006 2480 1094 τρέχουσιν
2511 1008 2797 1094 ἄνθρωποι,
2843 1016 2932 1072 καὶ
2975 1023 3221 1073 πονούσιν
3252 1006 3544 1075 ἀπόστολοι
3573 1016 3641 1069 98
3695 1017 3858 1083 ἄλλος

2202 1091 2417 1153 ἄλλοθεν
2496 1097 2612 1179 ἄρτι
2694 1091 3099 1185 συνεκφανέντες
3177 1105 3388 1187 ἀθρόον,
3478 1108 3567 1165 καὶ
3624 1106 3698 1165 ’ἶν’
3773 1112 3858 1167 οἰ-

2201 1186 2465 1278 κειότερον
2508 1188 2651 1246 εἴπω
2677 1213 2750 1267 τι,
2806 1191 2860 1259 ἐξ
2909 1193 3088 1274 ἀέρος,
3150 1186 3251 1253 οὐκ
3298 1194 3409 1253 οἶδ’
3457 1195 3600 1274 ὅθεν,
3634 1194 3857 1278 ἐπιϐρα-

2200 1275 2390 1357 χέντες
2433 1286 2501 1355 τῇ
2542 1285 2637 1359 γῇ,
3744 1311 3753 1319 -

2289 1434 2343 1511 ’ὶὶ
2373 1463 2561 1525 καινῆς
2603 1457 2943 1541 ἐπομϐρίαςί
2999 1441 3054 1519 “tl
3113 1464 3363 1532 ὁπτηνῶν
3420 1462 3680 1546 δοιπόρων
3727 1465 3742 1525 ί
3820 1443 3863 1530 ὃ

2200 1551 2373 1616 πεζῶν
2402 1546 2728 1634 ἀερίων-991
2782 1574 2805 1605 α
2843 1550 2988 1618 Τίνες
3043 1551 3180 1627 οἵδε,
3228 1555 3302 1616 ὡς
3360 1552 3594 1634 νεφέλαι,
3655 1553 3862 1612 πέταν-

2201 1654 2287 1689 ται
2322 1656 2351 1688 »
2383 1633 2561 1701 καλῶς
2597 1628 2822 1704 Ἠσαίας
2880 1639 2995 1715 μεθ’
3038 1643 3195 1717 ἡμῶν
3252 1628 3446 1723 ἀπορεέ
3480 1663 3495 1678 ·
3543 1628 3632 1707 Τίς
3689 1646 3717 1700 6
3760 1642 3864 1700 λό-

459 1733 577 1787 tam
609 1723 944 1785 admirandi
996 1722 1253 1812 novique
1304 1722 1611 1812 eventus?
1660 1721 1833 1786 Unde
1884 1721 2056 1783 nobis
2086 1739 2113 1781 e

2208 1744 2297 1799 γος
2367 1724 2466 1790 τῆς
2521 1723 2660 1782 οὕτω
2728 1726 3022 1808 παραδόξου
3072 1721 3408 1807 κοινοτομίας
3444 1780 3460 1812 ,
3548 1731 3713 1790 Πόθεν
3798 1732 3859 1790 ἐκ

462 1812 724 1875 nubibus
756 1813 1034 1874 homines
1063 1812 1089 1873 Υ
1144 1810 1452 1883 Quomodo
1515 1830 1547 1873 e
1577 1813 1741 1874 rcelis
1771 1818 1967 1873 tantus
1996 1820 2119 1873 ter-

460 1901 674 1963 restris
705 1901 1004 1963 exercitus
1025 1906 1052 1960 γ
1073 1897 1201 1961 Νοη
1236 1918 1375 1979 ergo
1408 1919 1562 1962 unus
1594 1899 1876 1962 duntaxat
1906 1898 2070 1961 Mlias
2102 1910 2123 1938 τ

463 1990 561 2052 hic
596 2009 703 2071 per
752 1990 973 2051 aethera
1027 1988 1295 2069 graditur
1328 2008 1343 2063 ;
1406 2007 1522 2050 non
1577 1989 1737 2051 solus
1767 1988 2066 2051 Habacum
2100 1997 2120 2023 ⁸

462 2079 738 2142 sublimis
791 2098 968 2161 supra
1028 2078 1249 2141 nubem
1311 2079 1644 2157 attollitur;
1706 2098 1901 2161 neque
1957 2077 2120 2140 solus

463 2169 684 2232 Paulus
714 2188 745 2230 e
778 2177 937 2231 terra
965 2167 1037 2229 ad
1070 2167 1310 2230 tertium
1364 2168 1579 2230 caelum
1613 2169 1848 2250 rapitur
1880 2186 1896 2243 ;
1948 2166 2053 2229 sed
2086 2185 2120 2228 a

462 2257 613 2319 caelo
634 2258 695 2319 in
723 2265 944 2319 terram
964 2257 1062 2319 hic
1086 2255 1264 2318 simul
1291 2275 1427 2318 cum
1458 2256 1657 2318 multis
1676 2257 1808 2319 aliis
1840 2275 1905 2319 se
1935 2254 2116 2331 sistit;

459 2346 682 2431 quippe
713 2346 991 2409 nobiliori
1025 2347 1163 2408 huic
1222 2345 1503 2427 mysterio
1558 2355 1616 2409 et
1645 2346 1901 2429 amplior
1935 2344 2113 2407 mini-

461 2449 724 2505 strorum
760 2448 946 2502 coetus
978 2458 1125 2520 Opus
1156 2448 1305 2500 erat.

539 2530 664 2595 XX.
698 2529 803 2593 Illa
832 2531 1030 2611 itaque
1083 2528 1323 2590 Domini
1378 2547 1448 2589 ac
1503 2526 1640 2591 Filii
1700 2528 1791 2590 sui
1844 2528 2118 2592 manibus

457 2620 837 2703 semetipsam
871 2620 1132 2681 suaviter
1161 2637 1294 2680 cum
1356 2618 1734 2694 credidisset,
1772 2620 1837 2680 in
1866 2621 2111 2702 vestitu,

448 2712 623 2793 juxto
654 2717 821 2770 vetus
852 2708 1210 2788 congeneris
1255 2707 1330 2769 de
1387 2706 1516 2787 ipsa
1546 2707 1877 2784 oraculum,
1914 2708 2117 2771 deau-

455 2808 587 2863 rato
615 2797 994 2861 circumdata
1027 2799 1322 2860 varietate
1347 2803 1384 2871 ι,
1427 2794 1499 2856 ad
1556 2798 1783 2876 regium
1839 2796 2115 2860 thronum

458 2887 800 2962 adducitur,
830 2893 889 2948 et
930 2886 1215 2965 Reginaa
1235 2884 1461 2949 dextris
1491 2885 1671 2965 Regis
1701 2893 1925 2959 astans,
1959 2887 2121 2967 ejus-

2202 1813 2371 1892 νεφῶν
2446 1814 2583 1889 ἡμῖν
2652 1816 2966 1899 ἀνθρωποι;
3054 1825 3175 1884 Πῶς
3257 1819 3490 1899 ἐπίγειον
3557 1822 3857 1900 στράτευμα

2200 1908 2451 1958 τοσοῦτον
2508 1902 2560 1969 ἐξ
2618 1905 2834 1985 οὖρανοῠ
2870 1925 2887 1987 ς
2932 1908 3005 1965 Οὔ
3046 1909 3145 1987 γὰρ
3175 1911 3258 1975 εἷς
3318 1908 3419 1967 ὦδε
3464 1911 3624 1986 μόνον
3674 1902 3857 1978 Ἠλίας

2204 1988 2566 2071 αἱθεροδρόμος
2600 1997 2617 2025 ‘
2662 1994 2782 2081 ,οὐχ
2862 1999 2944 2058 εἷς
3024 1993 3330 2075 ’Λϐὅακοὺμ
3371 1998 3392 2041 ί
3466 1999 3550 2056 ἐπὶ
3634 1999 3859 2081 νεφέλης

2202 2081 2482 2159 μετάρσιος
2517 2097 2533 2112 ⁶
2589 2080 2705 2142 οὐδὲ
2741 2082 2947 2149 Παῦλος
3008 2086 3171 2162 μόνος
3230 2086 3290 2144 ἐκ
3347 2089 3448 2167 γῆς
3479 2089 3610 2168 πρὸς
3641 2080 3860 2168 οὐρανὸν

2200 2175 2370 2248 τρίτον
2405 2186 2419 2199 ·
2454 2168 2571 2228 ἀλλ’
2604 2173 2879 2252 οὐρανόθεν
2936 2176 3011 2238 εἷς
3068 2180 3172 2254 γῆν
3245 2179 3379 2253 μετὰ
3422 2175 3638 2234 πολλῶν
3679 2176 3860 2235 ἄλλων

2188 2259 2419 2339 ,πάρεστι
2456 2281 2469 2293 ·
2522 2264 2795 2340 μυστηρίῳ
2823 2263 2923 2343 γὰρ
2955 2263 3152 2339 μείζονι
3183 2268 3271 2323 καὶ
3312 2264 3572 2323 πλειόνων
3603 2264 3703 2324 ἔδει
3748 2270 3857 2323 τῶν

2202 2347 2541 2430 λειτουργῶν.

2280 2516 2367 2588 K'.
2427 2521 2487 2587 Ἠ
2547 2530 2643 2605 μὲν
2699 2531 2789 2588 οὖν
2847 2534 3001 2613 χερσὶ
3056 2531 3399 2610 δεσποτικαῖς
3466 2538 3553 2595 καὶ
3611 2539 3855 2616 γνησίαις

2199 2616 2393 2686 ἑαυτὴν
2442 2618 2612 2687 ἡδέως
2688 2623 3013 2679 πιστεύσασα
3042 2621 3072 2672 2
3155 2631 3231 2699 τῷ
3301 2624 3560 2703 βασιλικῷ
3598 2627 3632 2677 3
3686 2650 3851 2707 προσ-

2202 2707 2386 2784 άγεται
2448 2709 2618 2787 θρόνῳ
2682 2733 2709 2765 α
2768 2711 2823 2767 ἐν
2892 2714 3163 2789 ἱματισμῷ
3217 2712 3489 2794 διαχρύσῳ
3542 2713 3858 2796 περιϐεϐλη-

2203 2796 2339 2872 μένη
2400 2797 2815 2881 πεποικιλμένη,
2874 2820 2904 2861 ι
2976 2804 3112 2859 κατὰ
3168 2803 3264 2871 τὴν
3321 2801 3407 2861 ἐπ’
3452 2809 3584 2882 αὐτῇ
3624 2804 3857 2863 παλαιὰν

2204 2891 2519 2968 συγγενικὴν
2590 2892 2936 2973 προφητείαν,
2999 2896 3088 2951 καὶ
3144 2895 3245 2963 τὴν
3317 2896 3507 2965 ἑαυτῆς
3582 2897 3856 2975 βασιλείαν

457 2979 715 3060 demque
745 2996 879 3040 eum
910 2995 980 3040 eo
1010 2987 1250 3039 aeterna:
1280 2974 1576 3038 bc-atitatis
1620 2977 1901 3059 particps,
1946 2978 2113 3042 debi-

2208 2998 2259 3033 τε
2301 2980 2389 3035 καὶ
2430 2976 2581 3045 δόξαν
2637 2980 3040 3061 παραλαμϐάνει
3099 2983 3160 3042 ἐκ
3202 2983 3383 3052 δεξιῶν
3425 2989 3459 3055 ἡ
3490 2986 3523 3037 4
3570 2974 3857 3045 Βασίλισσα

459 3069 537 3133 tis
566 3067 682 3132 sibi
711 3075 769 3133 et
796 3085 980 3148 regno
1011 3076 1069 3128 et
1099 3066 1288 3146 gloria
1322 3064 1570 3149 potitur.

536 3247 615 3309 Hi
642 3265 782 3311 vero
812 3265 944 3329 qua).
973 3254 1111 3309 sunt
1167 3245 1426 3330 funeris,
1481 3247 1641 3312 haud
1677 3245 1961 3309 oblivioni
1990 3254 2117 3310 tra-

462 3337 635 3414 dunt,
671 3345 730 3399 et
758 3337 828 3399 ad
901 3354 1119 3418 corpus
1174 3336 1318 3399 illud
1373 3336 1824 3400 immaculatum
1883 3354 1951 3399 ac
2010 3339 2120 3402 Dei

465 3426 724 3507 hospitio
749 3424 953 3488 nobile
965 3443 1140 3488 curas
1168 3444 1303 3487 suas
1326 3433 1701 3491 convertunt.
1726 3423 1887 3488 Proh
1918 3425 2116 3489 dirum

453 3516 741 3611 nrobrum
777 3514 790 3574 !
827 3512 1337 3611 Quomodoﬁenim
1370 3534 1490 3577 non
1547 3514 1879 3611 dignum‘id
1913 3514 2113 3611 fuerit,

452 3604 613 3689 quod
633 3605 1034 3667 lamentemur
1066 3601 1097 3662 ‘?
1126 3604 1284 3666 Proh
1316 3603 1598 3684 injuriam
1631 3623 1750 3667 non
1780 3601 2113 3689 ferendam;

453 3694 611 3777 quod
644 3711 805 3756 mors
845 3692 1141 3775 primitias
1172 3692 1305 3755 vitae
1335 3694 1691 3774 possederit,
1746 3702 1922 3775 atque
1950 3693 2113 3756 illam

453 3784 792 3866 sepulcrum
823 3781 1105 3863 tenuerit,
1145 3800 1276 3864 qua)
1328 3789 1499 3864 partu
1531 3801 1638 3847 suo
1669 3783 1898 3848 vivifico
1922 3786 2119 3865 sepul—

462 3892 562 3937 cra
591 3874 891 3936 evacuavit
921 3879 933 3935 !

536 3963 615 4024 At
642 3979 823 4022 nemo
855 3960 983 4022 haec
1012 3970 1333 4037 vereatur;
1360 3981 1555 4043 neque
1575 3961 1650 4026 de
1672 3962 1971 4044 ejusmodi
2000 3983 2111 4026 an-

452 4059 623 4132 gatur
643 4047 1013 4111 discrimine.
1034 4047 1217 4111 Novis
1236 4054 1394 4112 enim
1421 4070 1572 4113 nova
1593 4061 1933 4129 congruunt
1962 4052 2084 4135 (13)

449 4149 627 4221 atque
656 4138 731 4200 iis
762 4156 897 4219 quas
922 4137 1053 4219 jugi
1074 4137 1330 4217 quodam
1357 4147 1636 4221 portento
1668 4144 2080 4228 constant(l4)

2094 4104 2110 4137 ἱ

529 4320 555 4363 «ι
583 4280 696 4345 Isa.
729 4297 829 4358 Lx,
863 4281 925 4346 8.
1009 4298 1031 4331 r
1057 4278 1311 4364 IV,Reg.
1343 4298 1410 4358 ιι,
1448 4283 1543 4346 11.
1630 4294 1652 4327 ι
1685 4284 1833 4349 Dan.
1865 4300 1988 4359 xxv,
2022 4283 2122 4351 35.

2200 3074 2512 3148 παραστᾶσα
2541 3072 2635 3126 τοῦ
2662 3069 2933 3138 Βασιλέως
2976 3072 3061 3131 ἐπὶ
3094 3080 3344 3133 κοινωνία
3370 3081 3469 3145 τῆς
3515 3076 3640 3145 ἴσης
3683 3075 3858 3134 ἀϊδίου

2201 3158 2615 3238 μακαριότητος.

2283 3250 2343 3306 Οἱ
2386 3245 2441 3305 δὲ
2477 3255 2651 3331 ταφῆς
2697 3252 3111 3328 μνημονεύουσι,
3170 3256 3260 3312 καὶ
3309 3257 3428 3331 περὶ
3483 3258 3545 3314 τὸ
3588 3256 3853 3339 ἄχραντον

2201 3341 2356 3413 σῶμα
2438 3340 2526 3395 καὶ
2606 3339 2863 3422 θεοδόχον
2946 3341 3288 3421 φιλοπονοῦσι
3330 3343 3408 3405 4⁸.
3495 3353 3604 3403 Φεῦ
3672 3345 3853 3415 δεινῆς

2198 3423 2444 3505 ὕϐρεωςί
2507 3430 2607 3488 Καὶ
2673 3431 2789 3494 πῶς
2871 3432 2966 3489 οὐκ
3047 3430 3189 3499 ἄξιον
3272 3435 3335 3491 τὸ
3418 3441 3638 3515 πρᾶγμα
3720 3457 3859 3515 σχε-

2199 3515 2504 3599 τλιασμοῦ;
2594 3529 2689 3600 φεῦ
2744 3521 2937 3597 ζημίας
2983 3521 3016 3571 5
3070 3523 3128 3579 οὗ
3185 3525 3476 3604 φορητῆςί
3539 3526 3583 3582 εἰ
3625 3525 3852 3590 θάνατος

2201 3606 2328 3686 εἶχε
2356 3605 2389 3656 6
2444 3609 2543 3676 τὴν
2597 3610 2852 3691 ἀπαρχὴν
2901 3617 3000 3679 τῆς
3045 3617 3218 3688 ζωῆς,
3277 3616 3365 3671 καὶ
3406 3615 3569 3695 τάφος
3616 3614 3855 3696 κατέσχε

2197 3696 2296 3765 τὴν
2366 3698 2488 3762 τοὺς
2564 3699 2757 3779 τάφους
2831 3701 3138 3759 κενώσασαν
3207 3710 3284 3778 τῷ
3365 3703 3511 3778 τόκῳ
3577 3710 3654 3779 τῷ
3714 3711 3859 3775 (sm-

2199 3786 2366 3867 φόριρ·

2283 3966 2434 4025 Ἀλλ’
2504 3952 2819 4026 εὖλαϐείσθω
2902 3968 3110 4047 μηδεὶς,
3194 3969 3322 4047 μηδ’
3394 3971 3676 4050 ἀγωνιάτω
3766 3974 3857 4030 τὸν

2195 4058 2453 4121 κίνδυνον,
2527 4059 2648 4117 Ἐπὶ
2712 4074 2922 4124 καινοῖς
2997 4061 3097 4139 γὰρ
3169 4062 3346 4137 καινὰ,
3422 4063 3511 4118 καὶ
3594 4075 3712 4125 τοῖς
3769 4062 3861 4127 ἀεὶ

2194 4147 2507 4230 παραδόξοις
2576 4146 2936 4224 ὲπισυμϐαίνει
3006 4147 3296 4230 παράδοξα.
3357 4150 3429 4207 0'3
3487 4152 3588 4229 γὰρ
3630 4149 3857 4229 ἤνεγκεν

2208 4301 2228 4342 ι
2254 4284 2414 4350 Psal.
2443 4299 2602 4365 xuv,
2641 4283 2735 4349 10.

1872 4414 2071 4479 Variae
2100 4414 2415 4479 lectiones.

528 4549 591 4652 9L7
623 4546 957 4652 Vat,Jabes‘t
987 4551 1040 4614 ὁ.
1086 4548 1494 4652 nn98.Laur.,i'n
1527 4548 1794 4652 margine
1826 4569 1840 4608 :
1887 4552 2113 4652 περὶρτῆι

2208 4549 2607 4652 ιετεωροπορίας
2649 4555 2756 4605 τῶν
2809 4546 3147 4652 (Emporiile
3181 4548 3266 4652 De
3294 4548 3709 4652 σροειοιοζιιιζι
3731 4565 3856 4630 per

454 4631 682 4695 (ethera
711 4629 999 4693 adventu.
1027 4709 1034 4710 ί
1067 4629 1153 4710 ί99
1183 4632 1354 4692 Laur.
1388 4630 1584 4710 ἀέριον.
1673 4631 1695 4673 ¹
1728 4632 1910 4694 Laur.
1948 4629 2241 4706 Ἀϐσκούμ.

859 4711 891 4760 ⁴
917 4709 1108 4775 Codd.
1140 4711 1215 4773 ad
1244 4728 1410 4773 oram
1441 4709 1462 4772 τί
1490 4713 1610 4791 περὶ
1636 4716 1735 4779 τῆς
1760 4718 1854 4768 τοῦ
1884 4712 2133 4787 σώματος

452 4710 641 4774 abest.
672 4713 730 4779 ἡ.

451 4795 698 4871 ζημεὶας.
784 4787 812 4833 ⁸
839 4789 1016 4854 Laur.
1052 4795 1192 4873 εἶχε.

3581 4627 3616 4679 5
3668 4627 3852 4693 Laur.

3608 4710 3641 4761 5
3666 4708 3851 4789 Laur.

2425 4630 2796 4691 πιστεύσασαι.
2880 4627 2929 4672 Υ
2975 4627 3150 4690 Laur.
3186 4627 3497 4707 βαοιλεικῷ.

2249 4709 2603 4787 μεταθέσεως⁹
2639 4710 2731 4772 De
2758 4710 3029 4791 corporis
3058 4708 3460 4789 deposigione.

2049 4872 2239 4937 Notae.

533 5006 658 5088 (12)
689 5004 878 5094 _Plan_e
909 5005 1127 5094 mir_urn
1162 5014 1276 5089 est,
1325 5024 1504 5094 quam
1554 5022 1713 5094 scepe
1743 5003 2113 5094 acstudiose
2134 5009 2179 5060 D
2274 5007 2327 5073 (t
2341 5002 2397 5079 3,
2422 4999 2760 5094 thandum
2790 5021 2933 5094 sane
2963 5004 3179 5094 fuerat,
3207 5009 3275 5065 ut
3302 5002 3458 5065 hanc
3487 5000 3846 5094 sententiam

449 5085 657 5153 Patres
687 5087 991 5150 inculcent
1009 5085 1281 5167 Deiparze
1303 5085 1439 5149 cum
1456 5085 1584 5167 Deo
1626 5085 2103 5161 similitudinem,

449 5188 521 5259 ac
546 5168 930 5259 parilitatem,
954 5169 1103 5231 adeo
1126 5166 1213 5230 fut
1239 5166 1469 5259 Virgini
1490 5184 1606 5259 _pcr
1628 5167 1903 5259 gratiam,
1926 5185 2109 5259 quau-

452 5248 577 5312 tum
608 5255 881 5312 creatura
927 5266 1120 5330 capax,
1156 5267 1287 5330 esse
1315 5255 1531 5330 potest,
1563 5248 1775 5330 collata
1804 5248 2109 5329 suspicere

442 5330 777 5411 debeamus
805 5348 878 5391 ea
904 5328 1037 5411 quae
1066 5328 1389 5411 divinitatis
1407 5337 1548 5390 sunt
1575 5329 1837 5411 propria,
1860 5328 2108 5411 ejusque

439 5409 851 5491 perfectiones
910 5408 986 5472 ad
1060 5410 1484 5491 perfectionem
1567 5408 1853 5488 divinam,
1896 5408 2108 5491 quoad

451 5489 742 5572 creatura;
769 5490 955 5572 licet,_
993 5489 1300 5554 accedant.
1361 5490 1648 5572 Advertas
1698 5508 1877 5572 porro
1901 5489 2104 5572 velim,

452 5570 607 5632 hanc
635 5570 1139 5653 comparationem
1171 5572 1244 5634 ad
1278 5570 1591 5653 puritatem
1634 5570 1716 5633 ac‘
1735 5571 2107 5653 sanctitatem

452 5650 694 5732 extendi
728 5696 745 5723 ,
784 5650 960 5732 quod
991 5650 1373 5732 quidemgper
1401 5669 1466 5712 se
1513 5653 1655 5732 satis
1680 5659 1771 5732 est
1797 5652 1870 5714 ad
1899 5652 2103 5732 repel-

451 5728 693 5812 lendam
722 5728 1049 5812 quamlibet
1093 5728 1498 5812 suspicionem
1547 5730 1811 5812 cujusvis
1842 5728 2101 5812 peccati,

455 5806 616 5891 quod
641 5805 832 5887 ipsam
862 5807 1179 5889 aliquando
1200 5805 1724 5873 'contaminave'rit.

2188 5100 2314 5167 prae
2342 5082 2535 5145 oculis
2563 5083 2607 5144 ii
2634 5082 2946 5167 haberent,
3002 5084 3106 5167 qui
3159 5102 3234 5147 ex
3282 5083 3609 5167 communi,
3641 5082 3848 5167 stirpis

2190 5163 2466 5225 humanae
2510 5164 2854 5228 conditione
2904 5162 3040 5228 sesé
3090 5166 3426 5228 permoveri
3479 5162 3715 5225 aiebant
3754 5162 3841 5226 ad

2190 5244 2605 5327 dubitandum,
2639 5263 2714 5327 an
2745 5248 3021 5327 ex_ruina
3049 5244 3123 5308 ab
3149 5246 3337 5308 Adam
3387 5253 3705 5327 propagata
3727 5261 3843 5327 ex-

2191 5323 2786 5407 cipiendasVirgini,
2823 5325 2990 5389 locus
3046 5346 3181 5390 esse
3232 5323 3453 5407 posset.
3500 5323 3848 5407 Meminisse

2188 5404 2331 5468 tunc
2354 5404 2622 5487 juvabat,
2655 5406 2827 5471 novis
2857 5426 2975 5472 non
2996 5404 3369 5483 communes,
3401 5407 3510 5469 sed
3540 5424 3719 5469 novas
3747 5405 3845 5470 le—

2190 5505 2295 5567 ges
2326 5504 2679 5567 congruere.

2270 5568 2390 5652 (l_4)
2422 5565 2495 5652 Si
2512 5570 2657 5652 iuge
2680 5577 3028 5652 portentum
3051 5569 3359 5652 suspicere
3390 5568 3454 5630 in
3491 5565 3840 5652 beatissima

2188 5647 2433 5731 Virgine
2463 5647 2784 5731 debemus,
2816 5650 3037 5714 frustra
3068 5647 3206 5731 ergo
3239 5658 3298 5715 et
3328 5656 3678 5730 conceptum
3710 5648 3844 5729 ejus

2186 5729 2260 5790 ad
2290 5746 2646 5792 communes
2676 5729 2838 5811 leges
2868 5729 3177 5813 exigimus.
