4144 6380
476 316 633 384 1099

1723 315 2048 386 JOANNIS
2088 314 2656 382 EUCHAITENSIS

3711 317 3878 383 1100

472 449 754 512 duntaxat
774 455 1058 528 tangente
1075 449 1328 531 fumigat
1358 448 1434 527 ll;
1461 450 1636 530 cujus
1656 448 1934 512 tubarum
1953 464 2128 510 voces

2220 448 2380 528 φωναὶ
2435 445 2671 527 φωϐερὸν
2742 446 2973 527 ἠχοῦσαι
3001 445 3065 498 20
3130 449 3218 505 καὶ
3277 449 3439 528 μέγα,
3499 448 3771 527 λαμπάδες
3814 449 3866 495 91

470 536 741 601 terribile
772 538 919 619 quid
952 547 1135 621 atque
1169 538 1382 619 ingens
1413 547 1783 618 resonantes,
1828 537 2132 618 lampades

472 627 754 689 ﬂammeo
787 627 928 707 igne
955 629 1259 702 ardentes,
1293 635 1352 691 et
1384 626 1785 691 discurrentia
1813 626 2045 705 fulgura
2075 633 2134 686 et

479 716 655 778 turbo
685 715 1058 799 horrendus,
1090 717 1432 798 sagitlazque
1481 725 1538 778 et
1589 734 1747 793 saxa,
1781 723 1842 778 et
1872 714 2132 776 terriﬁca

472 804 771 885 ejusmodi
802 804 918 867 alia
949 806 1142 887 plura,
1194 805 1404 887 procul
1439 813 1501 868 et
1528 823 1631 867 eos
1664 805 1988 887 repellunt,
2023 804 2127 885 qui

465 893 589 974 jam
623 901 762 956 sunt
789 896 1110 959 emundati.
1147 894 1420 968 Quonam
1447 913 1587 973 ergo
1622 902 1790 976 pacto
1819 903 1907 963 tu.
1946 912 1980 955 ο
2005 893 2124 954 im-

473 999 646 1063 pure,
677 981 969 1045 inducere
1016 983 1285 1046 animum
1339 983 1610 1066 potuisti,
1661 991 1726 1044 ut
1768 981 2124 1044 insolentem

475 1089 716 1133 manum
748 1070 1054 1151 injiceres,
1082 1081 1139 1134 et
1156 1090 1434 1150 maguum
1461 1074 1578 1134 boc
1600 1071 1853 1152 sperasti
1875 1069 2125 1146 facinus,

471 1159 896 1223 inconcussum
929 1179 1145 1243 nempe
1171 1162 1332 1241 regis
1363 1161 1569 1241 gloriae
1604 1160 1885 1222 thronum
1917 1167 2126 1222 contu-

474 1249 722 1312 meliose
753 1259 1078 1314 concutere
1108 1270 1177 1314 ac
1206 1250 1519 1329 dejicere?
1549 1247 1915 1322 Quibusnam
1940 1248 2128 1329 polles

470 1337 737 1415 viribus,
817 1359 1133 1421 quamnam
1201 1340 1324 1402 odii
1382 1358 1450 1402 ac
1524 1338 1817 1400 vecordiae
1889 1355 2124 1400 causam

473 1427 672 1500 alters,
723 1428 1213 1511 quandoquidem
1259 1427 1350 1490 vel
1413 1430 1539 1492 Deo
1588 1425 1855 1490 indicere
1901 1425 2126 1488 bellum

474 1533 594 1578 non
623 1515 958 1579 dubitasti?

554 1603 762 1669 XXIII.
787 1605 960 1668 Enim
982 1624 1120 1669 vero
1150 1615 1209 1670 et
1237 1607 1493 1671 cadaver
1520 1605 1692 1683 forte,
1718 1615 1777 1668 et
1796 1604 2050 1668 lectulus
2068 1613 2128 1666 et

2211 538 2490 612 καιόμεναι
2548 537 2667 616 πυρὶ
2755 535 3020 616 φλογερῷ,
3103 537 3366 617 ἀστραπαί
3445 559 3504 595 τε
3566 537 3866 598 διάττουσαι

2211 625 2300 681 καὶ
2361 625 2555 706 γνόφος
2626 623 2916 706 φρικώδης,
2977 628 3065 683 καὶ
3119 625 3359 708 βολίδης,
3415 630 3502 686 καὶ
3574 627 3728 705 λίθοι,
3775 632 3866 687 καὶ

2210 723 2426 774 τοιαῦτα
2483 713 2702 791 δεῡματα
2731 712 2793 764 33
2862 715 3117 793 πλεῒστα,
3178 717 3384 796 μακρὰν
3453 719 3542 774 καὶ
3597 718 3717 782 τοὺς
3760 716 3866 787 ἤδη

2210 803 2660 881 κατηγνισμένους
2730 803 3018 882 ἀπάγουσι.
3123 811 3241 870 Πῶς
3313 805 3426 885 οὖν,
3516 805 3732 884 ἄναγνε,
3804 809 3868 862 σὺ

2208 905 2328 955 τοῖς
2410 892 2709 972 ἀπροσίτοις
2787 893 3072 969 ὑπέμεινας
3169 893 3476 973 ἐπενεγκεῖν
3570 892 3864 975 ὑϐρίστριαν

2210 993 2395 1060 χετρα,
2452 983 2540 1037 καὶ
2598 982 2660 1038 τὸ
2710 980 2850 1060 μέγα
2917 993 3073 1042 τοῦτο
3143 980 3374 1050 ἤλπισας
3403 977 3460 1024 ³³
3528 981 3702 1064 ἔργον,
3772 985 3863 1041 τὸν

2211 1068 2498 1126 ἀσάλευτον
2527 1071 2709 1149 θρόνον
2765 1080 2860 1130 τοῦ
2913 1069 3174 1147 βασιλέως
3232 1075 3330 1138 τῆς
3389 1069 3546 1139 ἆῖξης
3601 1070 3691 1129 ἐπ’
3739 1073 3858 1129 ἀτι-

2211 1157 2306 1233 μίᾳ
2372 1157 2641 1233 σαλεῦσαι,
2713 1160 2802 1216 καὶ
2870 1160 3221 1241 περιτρέψαι,
3307 1163 3396 1225 Τίς
3482 1160 3557 1218 ὢν
3609 1161 3707 1229 τὴν
3773 1160 3858 1218 δύ-

2211 1269 2388 1322 ναμιν,
2463 1246 2500 1316 ἢ
2564 1247 2679 1304 τίνα
2749 1254 2842 1305 τοῦ
2913 1251 3094 1324 μίσους
3122 1247 3186 1298 24
3263 1247 3594 1329 ἑπαγόμενος
3648 1252 3852 1331 πρόφα-

2210 1357 2291 1394 σιν
2346 1335 2441 1405 τῆς
2495 1336 2772 1418 ἀπονοίας,
2832 1338 2991 1395 ὁπότε
3047 1339 3135 1396 καὶ
3189 1342 3486 1419 θεομαχεῖν
3554 1339 3649 1397 οὒκ
3701 1338 3856 1418 ἂνάρ-

2209 1447 2385 1492 κησας
2418 1445 2436 1506 ;

2292 1595 2418 1667 Kl“.
2494 1595 2663 1664 Ἠπου
2731 1605 2878 1685 τάχα
2951 1607 3037 1662 καὶ
3085 1605 3153 1662 25
3218 1610 3374 1681 σῶμα
3427 1608 3516 1663 καὶ
3571 1606 3724 1675 κλίνη
3777 1629 3859 1682 σε,

473 1693 724 1794 funerea
754 1694 1019 1794 symbola
1050 1704 1106 1758 te
1129 1697 1613 1794 deceperunttut
1636 1695 1711 1794 de
1739 1695 1854 1756 hoc
1883 1694 2126 1794 immor-

2220 1694 2296 1750 μιαὶ
2324 1695 2390 1750 τὰ
2415 1695 2668 1775 ἐπιτάφιοι
2698 1692 2958 1770 σύμϐολα,
3012 1695 3085 1758 ὡς
3130 1696 3249 1775 περὶ
3306 1706 3490 1775 νεκροῦ
3532 1718 3670 1762 τινος
3699 1694 3862 1754 ἄλλου

473 1784 717 1847 talitatis
753 1786 1031 1848 thesauro
1052 1804 1171 1847 non
1191 1786 1386 1861 aliter,
1415 1803 1486 1848 ac
1507 1785 1583 1847 de
1604 1785 1889 1847 cadavere
1917 1783 2009 1863 cuj
2021 1801 2123 1844 us-

477 1872 638 1954 piam
676 1872 921 1936 alterius
951 1893 986 1936 e
1014 1875 1187 1953 vulgo
1241 1882 1300 1937 et
1343 1893 1413 1937 ex
1466 1874 1550 1935 tui
1600 1872 1950 1955 aequalibus,
1998 1871 2126 1934 exi-

479 1961 780 2038 stimares,
837 1971 896 2025 et
951 1963 1166 2027 exinde
1213 1965 1427 2027 insana
1484 1963 1600 2026 ista
1658 1972 1832 2044 atque
1887 1962 2128 2025 eﬂ'renis

473 2051 590 2114 aud
597 2051 726 2113 acia
739 2051 765 2114 ἲ

557 2145 630 2202 At
656 2159 796 2203 vero
817 2139 1111 2205 demortui
1136 2141 1374 2223 quidem
1407 2159 1624 2223 corpus
1665 2148 1796 2217 est;
1829 2157 1933 2202 see
1967 2141 2124 2221 quod

479 2247 600 2291 non
624 2230 814 2292 solum
847 2239 1038 2293 morte
1065 2239 1124 2292 et
1152 2233 1623 2313 tumulo,verum
1653 2230 1833 2292 etiam
1854 2230 2127 2292 manibus

476 2325 597 2380 tam
627 2318 914 2380 audacter
939 2317 1306 2382 irruentibus
1335 2318 1594 2382 detineri
1634 2326 1925 2400 nequeat;
1965 2318 2129 2380 hisce

476 2415 675 2470 tamen
708 2407 882 2470 etiam
916 2408 1101 2488 magis
1128 2409 1508 2471 tremendum
1538 2408 1637 2484 sit,
1665 2418 1724 2470 et
1749 2407 2124 2484 imincibile,

479 2497 960 2580 quandoquidem
1017 2515 1254 2579 pinnam
1301 2516 1538 2579 quoque
1594 2496 1900 2558 temerarii
1951 2514 2130 2558 ausus

479 2587 746 2669 profecto
796 2586 1040 2666 irrogat,
1095 2595 1273 2667 prout
1313 2589 1446 2668 ipse
1489 2604 1598 2667 per
1630 2602 1720 2660 ea,
1754 2603 1886 2666 qua:
1913 2584 2129 2648 merito

479 2683 760 2758 expertus
786 2695 870 2752 es,
908 2675 1246 2738 luculenter
1277 2677 1535 2738 testaris.

561 2764 842 2829 Lectulus
872 2771 962 2827 est
989 2765 1270 2845 quidem;
1303 2773 1712 2827 verumtamen
1742 2765 1832 2826 l'ac
1869 2763 2131 2825 animum

480 2852 776 2918 advertas.
809 2856 946 2917 Mox
964 2853 1123 2915 enim
1155 2854 1468 2934 apparebit
1497 2855 1700 2934 utique
1741 2861 1800 2915 et
1840 2852 1952 2915 tibi
1986 2851 2132 2932 (sal-

480 2951 600 3007 tem
633 2942 781 3005 mihi
802 2943 925 3023 jam
958 2947 1231 3023 apparet)
1259 2944 1434 3023 longe
1461 2942 1762 3018 nobiliori,
1787 2960 1963 3023 quam
1995 2958 2134 3002 arca

479 3039 605 3102 tua,
656 3031 818 3094 cultu
863 3031 1113 3111 insignis
1158 3039 1281 3093 tum
1329 3031 1509 3094 vestis
1560 3032 1758 3112 (ejus),
1806 3038 1930 3092 tum
1957 3049 2127 3105 zona,

2209 1789 2316 1840 τῶν
2346 1786 2582 1855 συνήθων
2623 1786 2712 1841 καὶ
2740 1784 2878 1840 κατά
2903 1783 2986 1846 σὲ,
3015 1790 3108 1840 τοῦ
3137 1783 3230 1852 τῆς
3267 1783 3548 1849 ἀθανασίας
3573 1785 3862 1862 παρέπεισε

2210 1875 2471 1952 θησαυροῦ
2500 1874 2738 1942 οἰηθῆναι
2774 1891 2789 1908 ⁸
2849 1873 2936 1929 καὶ
2991 1869 3076 1930 διὰ
3101 1882 3258 1933 τοῦτο
3286 1875 3348 1931 τὸ
3390 1876 3580 1953 θράσος
3609 1875 3860 1956 ἀσωφρό-

2213 1983 2387 2020 νιστον
2413 1965 2502 2020 καὶ
2531 1962 2842 2024 ἀκάθεκτον.

2292 2147 2462 2216 Σῶμα
2519 2141 2641 2217 μὲν,
2699 2138 2821 2198 ἀλλ’
2878 2140 3179 2220 ἀκράτητον
3233 2144 3294 2200 οὗ
3347 2141 3556 2216 θανάτῳ
3611 2143 3772 2218 μόνον
3803 2140 3868 2192 κ

2210 2230 2296 2287 καὶ
2339 2231 2513 2310 τάφῳ,
2559 2229 2696 2289 ἀλλά
2747 2231 2834 2287 καὶ
2905 2231 3058 2311 χερσὶ
3121 2227 3470 2302 πελαζούσαις
3539 2230 3675 2289 οὕτω
3730 2235 3861 2312 θρα-

2211 2318 2343 2385 σέως
2375 2338 2390 2354 ⁸
2452 2319 2510 2368 ³7
2579 2319 2794 2384 ταύταις
2837 2315 2896 2368 28
2941 2319 3119 2395 μέντοι
3177 2320 3262 2375 καὶ
3318 2317 3482 2376 πλέον
3525 2317 3768 2400 φοϐερὸν,
3828 2323 3866 2390 ἢ

2211 2407 2534 2490 ἀκράτητον,
2579 2407 2689 2484 ὅσῳ
2745 2411 2831 2466 καὶ
2888 2407 3062 2484 τομὴν
3116 2407 3348 2489 ἐπιφέρει
3387 2414 3488 2477 τῆς
3544 2411 3864 2488 θρασύτητος

2215 2497 2527 2577 πρόστιμον,
2572 2500 2646 2562 ὡς
2703 2500 2858 2561 αὑτὸς
2901 2501 3083 2578 σαφῶς
3138 2510 3448 2578 μαρτυρεῖς,
3519 2502 3606 2563 οἷς
3649 2497 3862 2565 ἐνδίκως

2217 2588 2552 2666 πεπείρασαι.

2297 2763 2464 2831 Κλίνη
2494 2764 2592 2840 μέν
2619 2763 2680 2814 99
2711 2782 2726 2796 '
2773 2762 2892 2822 ἀλλ’
2926 2764 3168 2845 ἐπίσχες.
3217 2765 3412 2824 Αὐτίκα
3453 2766 3553 2844 γὰρ
3591 2764 3759 2837 δήπου
3803 2788 3864 2845 γε

2216 2865 2462 2935 φανεῖται
2523 2855 2607 2911 καὶ
2675 2855 2757 2911 σοὶ
2805 2852 2946 2934 (ἐμοὶ
2987 2862 3110 2932 γοῦν
3157 2851 3260 2921 ἤδη
3303 2853 3568 2934 φαίνεται)
3607 2860 3708 2924 τῆς
3762 2861 3865 2924 σῆς

2216 2939 2440 2999 κιϐωτοῦ
2508 2942 2646 2998 κατά
2717 2941 2854 2998 πολὺ
2910 2941 3221 3020 σεμνοτέρα,
3281 2940 3334 2996 ἒν
3403 2942 3661 3022 ἱερωτέρῳ
3729 2944 3866 3000 πάνυ

2215 3032 2400 3112 χωρίῳ
2467 3031 2926 3110 τεθησαυρεσμένη
2989 3037 3076 3088 καὶ
3136 3027 3399 3107 σεϐομένη
3454 3031 3609 3103 ἐσθής
3677 3053 3734 3089 τε
3777 3034 3867 3090 καὶ

478 3121 612 3183 loco
648 3138 891 3203 prorsus
920 3120 1230 3183 sacratiori
1270 3139 1378 3182 ceu
1427 3123 1739 3184 thesaurus
1781 3119 2128 3202 reconditae,

2220 3122 2380 3192 ζώνη.
2437 3121 2693 3200 Σύμφημι
2737 3121 2837 3199 γὰρ
2879 3121 2946 3176 τὰ
2987 3121 3154 3200 τυχόν
3185 3142 3264 3178 σοι
3295 3120 3426 3187 τέως
3472 3123 3560 3177 καὶ
3611 3119 3871 3202 χλευαζό-

479 3217 541 3273 et
585 3209 866 3289 religiosa
916 3211 1302 3272 veneratione
1351 3211 1676 3273 honoratae.
1737 3210 1810 3272 Et
1865 3212 2128 3272 concedo

481 3299 781 3381 equidem,
811 3299 918 3362 abs
941 3307 997 3362 te
1021 3299 1172 3361 forte
1202 3300 1329 3362 haec
1368 3299 1609 3361 interim
1635 3298 1811 3361 etiam
1840 3297 2126 3374 derideri,

481 3389 702 3470 quippe
729 3387 871 3470 quid
903 3388 962 3449 id
991 3389 1182 3451 solum
1205 3389 1573 3465 consideras,
1604 3389 1759 3467 quod
1786 3388 2035 3449 incurrit
2067 3386 2128 3448 in

479 3476 708 3554 oculos,
741 3495 850 3539 nec
871 3477 1176 3559 quidpiam
1209 3479 1390 3560 vales,
1444 3496 1563 3539 non
1601 3496 1775 3539 secus
1807 3496 1875 3538 ac
1907 3477 2129 3557 ubique

477 3566 572 3629 lex
603 3575 723 3641 tua,
757 3566 1029 3630 iutimius
1062 3567 1433 3649 perspicere.
1470 3570 1548 3628 At
1576 3566 1627 3628 si
1659 3566 1915 3630 necdum
1938 3567 2123 3640 vales,

479 3675 513 3718 ο
545 3655 804 3736 egregie,
844 3675 1002 3717 nunc
1031 3674 1270 3736 quoque
1303 3657 1614 3719 nobiscum
1665 3673 1939 3730 cernere,
1974 3655 2130 3716 haud

478 3745 825 3808 diuturnum
850 3745 1207 3808 intercurret
1232 3752 1629 3828 tempus,cum
1655 3754 1713 3807 et
1751 3745 1902 3806 hanc
1923 3763 2133 3806 zonam

480 3834 712 3898 videbis
759 3842 820 3896 et
866 3844 1086 3896 vestem
1125 3835 1187 3896 in
1235 3837 1451 3899 Sancta
1483 3844 1821 3898 sanctorum
1853 3833 2134 3914 religiose

482 3923 730 3998 deferri,
765 3931 822 3986 et
842 3943 876 3985 a
902 3923 1131 3986 cunctis
1165 3944 1334 3988 sacro
1366 3926 1528 3988 cultu
1559 3925 1864 3988 honorari.
1889 3923 1960 3985 Et
1989 3943 2133 3986 sane

487 4013 593 4094 qui
620 4033 740 4074 non
773 4013 1029 4094 primum
1059 4031 1177 4094 prae
1208 4014 1488 4077 omnibus
1518 4031 1764 4094 prorsus
1799 4012 2134 4075 visibilibus

2214 3231 2367 3285 μενα,
2404 3217 2480 3285 τῷ
2524 3210 2825 3289 φαινομένῳ
2853 3209 3001 3285 μόνῳ
3054 3209 3399 3291 προσέχοντι,
3460 3211 3548 3267 καὶ
3605 3209 3771 3285 μηδέν
3813 3234 3864 3267 τι

2213 3299 2517 3380 βαθύτερον,
2589 3298 2768 3379 ὥσπερ
2796 3296 2852 3341 ³ο
2892 3299 3053 3374 νόμος
3128 3301 3220 3364 σὸς
3277 3305 3580 3380 πανταχοῦ,
3640 3298 3866 3358 συνιδεῖν

2213 3387 2508 3465 δυναμένῳ.
2569 3386 2719 3448 Ἀλλ’
2785 3389 2880 3446 οὖκ
2932 3389 3005 3452 εἰς
3064 3389 3294 3470 μακρὰν,
3352 3388 3399 3445 ὧ
3455 3389 3731 3466 θαυμάσιε,
3780 3392 3871 3447 καὶ

2211 3479 2311 3546 τὴν
2381 3479 2554 3551 ζώνην
2614 3477 2734 3554 ὄψει
2805 3479 3003 3545 ταύτην
3057 3479 3145 3536 καὶ
3196 3479 3295 3546 τὴν
3366 3477 3582 3559 ἐσθῆτα,
3627 3481 3670 3536 εἰ
3711 3478 3871 3555 μέπω

2212 3570 2299 3625 καὶ
2343 3575 2429 3626 νῦν
2502 3569 2593 3625 σὺν
2663 3570 2802 3643 ἡμῖν
2869 3566 3084 3645 βλέπειν
3119 3566 3312 3648 ¹ἔχεις,
3371 3581 3490 3632 τοῖς
3546 3573 3652 3625 τῶν
3703 3568 3870 3646 ἁγίων

2215 3659 2384 3736 ἁγίοις
2441 3658 2592 3737 ἱερῶς
2675 3655 3031 3733 ἐμϐατεύοντα
3112 3659 3203 3714 καὶ
3285 3662 3447 3733 τιμῆς
3530 3658 3670 3736 παρά
3739 3664 3870 3715 πᾶσι

2216 3752 2534 3827 θεοπρεποῦς
2591 3745 2872 3823 ἀξιούμενα
2911 3745 2985 3805 θί.
3060 3753 3181 3811 Πῶς
3254 3744 3308 3802 δὲ
3365 3747 3461 3803 οὒκ
3516 3743 3756 3820 ἔμελλεν,
3835 3749 3871 3803 ἃ

2215 3839 2303 3896 καὶ
2360 3838 2553 3916 χρόνος
2627 3834 2843 3916 ᾐδέσθη,
2905 3837 2993 3892 καὶ
3055 3839 3248 3916 φθορᾶς
3311 3833 3660 3903 ἀδυσώπητος
3716 3837 3869 3913 νόμος

2217 3924 2553 4006 ἐδυσωπήθη,
2600 3927 2666 3982 τὰ
2693 3927 2830 3983 κατὰ
2872 3925 3082 3983 πάντων
3115 3928 3249 4001 ὁμοῦ
3298 3932 3404 3982 τῶν
3427 3922 3482 3967 ³³
3541 3927 3743 4004 ὁρατῶν
3773 3925 3869 3984 δυ-

2217 4014 2533 4071 ναστεύοντα
2565 4031 2582 4094 ;

481 4102 676 4164 locum
711 4121 782 4163 ea
807 4101 1172 4178 obtinerent,
1205 4121 1338 4183 qua:
1370 4113 1429 4166 et
1458 4113 1692 4183 tempus
1723 4111 1812 4166 est
1859 4106 2202 4180 reveritum,
2255 4111 2314 4163 et
2369 4100 2756 4165 inexorabilis
2808 4102 2902 4166 lex
2961 4101 3364 4185 corruptionis
3425 4120 3570 4164 ausa
3626 4123 3745 4168 non
3774 4113 3871 4167 est

481 4191 777 4270 attingere
804 4189 835 4250 ?

562 4261 766 4345 XXIV.
796 4279 928 4343 Jam
956 4278 1157 4359 itaque
1186 4299 1427 4357 censeo,
1462 4282 1618 4344 baud
1651 4280 1872 4343 diutius
1902 4289 1961 4344 te
1990 4301 2128 4362 quo-

2300 4270 2434 4341 KA'.
2469 4261 2600 4348 Ἤδη
2657 4289 2781 4360 γοῦν
2851 4305 2941 4358 μοι
2994 4281 3171 4347 δοκεῖς
3220 4280 3327 4340 οὔδ’
3381 4282 3537 4348 αὐτὸς
3593 4281 3669 4340 ἔτι
3731 4284 3871 4360 μελ-⁵

484 4389 600 4454 que
628 4370 828 4432 adhuc
853 4377 1262 4431 cunctaturum
1292 4388 1308 4448 ;
1344 4370 1450 4431 sed
1496 4370 1689 4451 potius
1739 4370 1799 4431 in
1844 4369 1928 4446 id,
1972 4369 2128 4451 quod

2220 4371 2393 4440 λήσειν
2420 4369 2504 4426 ἐπὶ
2536 4368 2670 4427 πολύ
2705 4389 2717 4404 ·
2779 4370 2917 4429 ἀλλά
2972 4378 3310 4453 παραχρῆμα
3359 4370 3424 4438 δὴ
3477 4369 3621 4447 μάλα
3650 4369 3704 4414 33
3729 4397 3872 4450 συμ-

485 4478 719 4540 aaquum
751 4467 840 4520 est
867 4459 983 4520 cito
1032 4476 1272 4538 prorsus
1319 4477 1772 4537 consensurum,
1823 4466 2128 4539 postquam

2220 4460 2490 4539 φρονήσειν
2520 4456 2576 4500 ³⁴
2623 4461 2684 4515 τὸ
2731 4458 2867 4536 δέον,
2904 4467 2973 4538 τῇ
3001 4461 3141 4539 καλῇ
3171 4459 3380 4534 παιδείᾳ
3407 4456 3462 4501 35
3517 4465 3870 4545 νουτετηθεὶς,

485 4548 721 4628 egregia
746 4549 846 4609 illa
875 4547 1142 4609 eruditus
1167 4565 1230 4609 es
1261 4548 1596 4628 disciplina,
1629 4567 1745 4630 quo
1786 4549 1979 4609 statim
2011 4546 2128 4607 im-

2220 4550 2278 4614 ην
2337 4549 2443 4626 ὁρῶ
2499 4549 2636 4607 κατὰ
2685 4547 2851 4613 πόδας
2913 4571 2972 4608 σε
3033 4559 3318 4627 μετιοῦσαν
3374 4548 3675 4629 ἀπρόοπτον
3711 4571 3728 4589 ο
3801 4557 3877 4620 ὡς

485 4640 730 4718 petitum
756 4635 1060 4716 inopinato
1094 4645 1152 4698 te
1181 4635 1378 4713 video,
1407 4637 1714 4698 utscilicet
1737 4646 2046 4717 postquam
2067 4652 2128 4694 ex

2221 4636 2282 4692 ἂν
2335 4635 2489 4703 αὐτός
2545 4659 2602 4694 τε
2675 4641 2795 4718 περὶ
2849 4649 3014 4700 ταῦτα
3071 4638 3312 4718 διατεθῇς
3343 4637 3399 4682 ³6
3453 4640 3872 4721 εὐπειθέστερον,

487 4725 561 4788 iis
591 4744 723 4807 qua
753 4743 960 4805 passus
999 4743 1085 4799 es,
1121 4744 1237 4806 qua
1280 4727 1541 4806 polleant
1573 4726 1810 4799 virtute,
1848 4722 2128 4797 didicisti,

2220 4727 2308 4781 καὶ
2349 4724 2575 4792 πολλοῖς
2634 4725 2817 4792 ἄλλοις
2873 4728 3034 4808 κήρυξ
3088 4735 3194 4786 τῶν
3250 4729 3337 4786 ἐπ’
3395 4727 3578 4792 αύτοῐς
3622 4737 3791 4810 φανῇς
3821 4730 3878 4775 ³⁷

489 4823 549 4877 et
577 4815 707 4896 ipse
746 4814 1173 4895 obsequentius
1218 4817 1500 4879 adversus
1543 4834 1613 4878 ea
1656 4823 1714 4877 te
1763 4813 2037 4888 haberes,
2083 4820 2128 4873 e1

2220 4815 2543 4892 θαυμασίων,
2603 4818 2806 4896 μαθὼν,
2865 4816 2917 4886 ἐξ
2963 4821 3037 4878 ὤν
3093 4819 3382 4900 πέπονθας,
3427 4816 3552 4875 οἵαν
3608 4817 3725 4900 ἔχει
3769 4824 3872 4890 τὴν

489 4905 646 4986 apud
691 4903 839 4967 alios
884 4904 1102 4966 multos
1150 4922 1343 4985 praeco
1383 4907 1704 4969 exsisteres
1748 4902 2138 4975 mirabilium,
2221 4901 2461 4979 δύναμιν.

491 5011 624 5076 quae
653 5000 898 5076 propter
923 4993 1060 5075 ipsa
1087 5001 1436 5059 evenerunt.

573 5169 601 5200 ιι
623 5153 761 5218 Psal
791 5171 914 5233 cm,
947 5155 1046 5219 32.

1935 5266 2128 5331 Varia:
2153 5265 2467 5332 lectiones.

575 5423 640 5511 ξνο
665 5421 797 5488 Vat.
819 5424 1056 5511 ᾖχρυσαι
1101 5427 1260 5511 μέγα,
1293 5431 1512 5511 καὶ..-
1537 5426 1587 5511 ξί
1616 5424 1794 5490 Laur.
1827 5427 2128 5511 λαμπάδαις

2237 5427 2297 5478 23
2323 5427 2497 5492 Laur.
2553 5429 2826 5511 δείγματα.
2913 5432 2978 5484 π
3018 5431 3195 5500 Laur.
3245 5435 3520 5506 ἥλπησας.
3604 5434 3668 5488 Ἃ
3694 5435 3872 5502 Laur.

497 5508 732 5599 μείσους.
782 5584 794 5597 .
817 5506 878 5555 ³⁵
899 5506 1031 5570 Vat.
1063 5507 1232 5599 abest
1255 5510 1387 5599 καὶ..
1452 5506 1914 5599 ﬁ‘Laurtpdvcp.
1972 5509 2128 5599 βτί

2220 5526 2271 5599 r.
2311 5513 2590 5599 θρασαίως.
2642 5506 2735 5599 ’⁷⁵ιᾷ
2754 5512 2926 5599 Laur.
2953 5515 3169 5599 ταύταις.
3255 5515 3314 5567 29
3341 5516 3406 5578 Iu
3439 5526 3638 5599 utroq.
3666 5519 3876 5582 codice

501 5585 578 5646 ad
610 5584 936 5663 marginem
966 5605 978 5648 ξ
1009 5589 1246 5669 περὶᾲτῆς
1276 5591 1450 5669 τιμίας
1479 5589 1661 5655 κλίνης
1707 5587 1988 5668 (Laurent
2023 5590 2125 5662 κλή

2220 5593 2254 5669 ς)
2284 5584 2371 5648 καὶ
2399 5593 2618 5660 ἐσθῆτος
2651 5596 2736 5650 καὶ
2765 5597 2937 5665 ζώνης
2972 5614 2986 5630 ο
3034 5596 3122 5657 Do
3171 5599 3520 5661 venerando
3549 5584 3786 5669 lectulo,
3821 5609 3878 5663 et

501 5610 578 5646 au
610 5610 936 5663 marginem
966 5610 978 5648 ξ
1009 5610 1246 5717 uagam;
1276 5610 1450 5665 τιμιας
1479 5610 1661 5655 κΛινης
1707 5610 1988 5668 μιδυῐοθῐιι
2023 5610 2125 5662 κΛη

496 5673 687 5739 veste,
717 5674 776 5756 et
802 5682 1023 5756 zona_.__
1062 5748 1095 5756 _
1157 5669 1300 5756 δίει.
1333 5668 1682 5756 ὅδε-περ.-ρξ
1714 5671 1890 5756 Laur:
1924 5670 2128 5756 ἀξιούμι

2220 5610 2254 5669 ς)
2284 5610 2371 5648 και
2399 5610 2618 5660 agunto;
2651 5610 2736 5650 και
2765 5610 2937 5665 ζωνης
2972 5614 2986 5630 ⁸
3034 5610 3122 5657 U0
3171 5610 3520 5661 venerando
3549 5610 3786 5675 lectulo,
3821 5610 3870 5663 et

2220 5717 2280 5756 .__
2309 5671 2369 5756 ξε
2402 5675 2570 5736 Laur.
2605 5673 2774 5736 abest
2801 5683 2927 5736 τῶν.
3012 5677 3076 5727 33
3104 5676 3280 5742 Laur.
3309 5679 3510 5756 μᾶλλα.
3594 5680 3660 5730 54
3685 5683 3870 5747 Laur.

501 5746 876 5827 συμφρονήσει.
961 5747 1025 5796 ³³9
1054 5747 1238 5812 Codd.
1275 5746 1502 5820 παιδίᾳί
1557 5748 1622 5798 56
1652 5751 1829 5811 Laur.
1861 5746 2128 5815 διατεθείς.

2220 5751 2280 5800 37
2313 5754 2481 5814 Laur.
2518 5757 2718 5835 φανείς,
