4144 6374
280 349 426 416 1101

358 491 645 561 Τοιγαροῦν
705 487 821 538 νοῦν
914 478 1280 556 κτησάμενος,

283 573 371 628 καὶ
425 572 569 650 παρὰ
617 578 710 628 τοῦ
766 569 1065 649 τρώσαντος
1129 568 1295 643 αὖθις,
1363 567 1491 647 ὅπερ
1556 569 1790 648 ἀκούεις,
1849 569 1935 625 καὶ

281 661 462 741 τυχὼν
518 661 617 727 τῆς
672 661 887 734 ἰάσεως,
963 657 1042 714 ὅτι
1125 657 1516 738 χρηστεύεσθαι
1587 657 1784 737 πέφυκε
1853 654 1941 713 καὶ

282 753 414 827 πρὸς
485 751 607 812 τοὺς
663 750 989 829 ἀχαρίστους
1063 747 1202 802 οὕτω
1251 748 1340 802 καὶ
1395 747 1676 825 πονηροὺς,
1736 767 1944 827 σωφρο..

285 838 525 918 νὲστερος
583 841 728 916 γίνο)
771 861 861 913 μοι
917 841 1022 892 τῶν
1055 835 1176 903 ἑξῆς
1226 837 1418 904 θεατής
1451 851 1466 866 ⁶
1515 837 1603 891 καὶ
1658 835 1757 902 τὴν
1810 839 1940 894 θαυ-

267 933 493 1010 μαστὴν
550 926 674 1007 παρ’
721 925 904 984 ἐλπίδα
934 924 989 968 33
1042 923 1410 999 ἦλλοιωμένος
1469 923 1766 1000 ἆλλοίωςιν,
1826 922 1940 1000 μεθ’

283 1020 439 1094 ἡμῶν
467 1016 570 1085 ἤδη
617 1017 802 1083 σκόπει
835 1017 901 1072 τά
928 1037 986 1072 τε
1014 1012 1150 1072 ἄλλα
1193 1015 1285 1070 σὺν
1315 1011 1578 1087 εὐλαϐείᾳ,
1627 1015 1712 1069 καὶ
1771 1033 1795 1068 α
1841 1013 1941 1080 τὴν

283 1108 568 1188 κορυφαίαν
659 1106 862 1173 ἐκείνην
953 1106 1043 1162 καὶ
1131 1101 1493 1184 πρεσϐυτάτην
1579 1109 1685 1158 τῶν
1753 1101 1940 1159 θεολό-

1347 349 1433 413 ῙΝ
1475 348 1576 413 SS.
1625 342 1981 413 DEIPAPuE
2025 341 2587 410 DORMITIONEM.

1368 479 1582 559 ἐπείπερ
1664 477 1927 558 ἐπλήγης,
1953 500 1996 536 Α

3513 355 3671 424 1102

2099 482 2356 571 Mentem
2383 480 2581 562 igitur,
2615 482 3101 564 quandoquidem
3134 503 3456 568 percussus
3479 490 3666 571 fuisti,

2020 568 2322 650 indeptus,
2356 578 2416 634 et
2444 590 2671 665 rursus,
2707 582 2880 653 prout
2895 573 3062 665 testis
3086 594 3172 651 es,
3202 580 3494 643 medelam
3512 568 3665 665 quo;

2021 675 2137 738 que
2166 661 2600 748 aipercutiente
2614 671 2945 737 assecutus,
2963 664 3099 744 quia
3122 683 3340 748 nempe
3365 688 3433 731 ex
3460 661 3669 736 natura

2024 764 2130 808 sua
2158 747 2230 808 ad
2262 749 2757 812 benefaciendum
2787 751 2878 812 vel
2915 753 3166 832 ingratis
3190 747 3339 818 adeo
3371 777 3440 820 ac
3470 762 3666 826 scele-

2023 835 2171 897 ratis
2215 837 2426 920 fertur,
2472 839 2817 918 sapientior,
2870 859 3093 921 quaeso,
3143 844 3509 926 reliquorum
3543 850 3668 913 esto

2023 935 2358 1004 Spectator;
2427 936 2484 989 et
2538 927 2885 990 admiranda
2943 931 3332 996 conversione
3379 936 3442 997 in
3487 939 3669 1002 alium

2023 1029 2240 1092 praeter
2265 1034 2433 1096 spem
2467 1017 2833 1089 immutatus,
2875 1019 2999 1098 jam
3052 1020 3367 1085 nobiscum
3413 1043 3666 1090 venera-

2023 1101 2258 1166 bundus
2281 1105 2513 1167 intuere
2535 1124 2668 1167 cum
2687 1113 2898 1168 caetera
2921 1107 3142 1183 omnia,
3165 1115 3290 1171 tum
3309 1158 3323 1185 ,
3349 1119 3414 1173 ut
3436 1132 3673 1177 eorum-

284 1218 394 1276 γων
464 1197 756 1274 ἀκρότητα,
820 1219 841 1250 ι
892 1192 1010 1251 κατ’
1070 1194 1256 1257 αὐτοὺς
1312 1191 1540 1254 ἐκείνους
1610 1193 1803 1264 εἰπεῖν,
1865 1193 1931 1255 ὡς

2026 1191 2158 1254 dem
2185 1193 2424 1255 illorum
2453 1195 2652 1256 verbis
2695 1202 2850 1284 utar,
2895 1197 3242 1277 principem
3285 1199 3458 1263 illam
3488 1213 3671 1284 atque

283 1287 432 1345 αὐτοὶ
477 1287 690 1342 πάντων
742 1283 930 1364 ἄριστα
989 1285 1108 1348 τοὺς
1165 1281 1384 1348 ἐξοδίους
1413 1278 1467 1322 39
1522 1286 1722 1360 πρῶτοι
1765 1280 1931 1337 διατι-

2026 1284 2518 1374 augustissimam
2567 1283 3446 1374 theologorumisummilalem
3504 1278 3668 1374 (ti);

282 1379 449 1440 θοῦσι,
496 1375 806 1456 θεοφόρητοί
847 1395 905 1431 τε
975 1374 1244 1451 γινόμενοι
1301 1374 1391 1428 καὶ
1447 1375 1578 1450 πρὸς
1648 1371 1746 1438 τὴν
1791 1371 1931 1426 ἅνω-

2026 1372 2316 1450 quomodo
2360 1372 2476 1452 ipsi
2524 1373 2819 1452 (apostoli)
2849 1381 2907 1434 et
2935 1392 2968 1434 a
2994 1373 3117 1436 Deo
3147 1376 3328 1438 afﬂati
3363 1388 3421 1439 et
3449 1371 3560 1442 toti
3589 1371 3666 1444 ad

281 1470 368 1522 θεν
427 1464 710 1542 ἕμπνευσιν
770 1463 883 1519 ὅλοι
929 1462 1399 1542 μεθαρμοζύμενοι,
1432 1459 1494 1510 4ο
1538 1459 1641 1516 εἷθ’
1685 1462 1757 1523 ὡς
1809 1459 1931 1540 ἐφε-

2026 1478 2339 1551 supernam
2371 1461 2838 1551 inspirationem
2856 1464 3193 1551 compositi,
3228 1467 3495 1530 omnium
3518 1489 3665 1551 pra)-

283 1554 377 1624 ξῆς
407 1571 524 1619 τοῖς
553 1553 671 1622 ἑξῆς
700 1553 754 1602 41
800 1553 898 1620 τὴν
943 1551 1113 1610 καλ-ὴν
1144 1551 1427 1630 ὕπουργίαν
1468 1551 1665 1617 ταύτην
1710 1548 1931 1630 παραδι-

2026 1547 2378 1611 stantissime
2409 1549 2692 1611 funebres
2709 1550 2982 1612 modulos
3031 1553 3207 1632 primi
3250 1547 3662 1637 constituunt;

281 1645 445 1720 δοῦσι,
471 1646 558 1702 καὶ
590 1647 662 1708 ὡς
695 1642 970 1721 ἀναλόγως
1001 1640 1137 1698 οὕτω
1166 1654 1284 1704 τοῖς
1315 1647 1444 1697 πᾶσι
1466 1640 1533 1695 τὰ
1553 1644 1652 1706 τῆς
1676 1639 1931 1718 εὐφημίας

2026 1638 2314 1719 quomodo
2345 1637 2562 1699 deinde
2593 1638 2877 1700 eximium
2899 1641 3012 1700 hoc
3033 1641 3426 1704 ministerium
3449 1636 3664 1708 futuris

280 1735 684 1814 καταμερίζεται
694 1775 709 1791 .

2026 1728 2373 1788 servandum
2417 1727 2673 1802 tradunt,
2726 1736 2785 1789 et
2840 1729 3136 1807 quomodo
3168 1729 3254 1791 sic
3281 1731 3662 1798 collaudandi

2009 1817 2160 1876 ratio
2191 1815 2614 1877 convenienter
2643 1815 2923 1877 omnibus
2951 1819 3306 1895 assignatur.

363 1903 488 1974 ΚΕ..
527 1909 675 1970 Ἀλλ’
705 1914 751 1968 o't
797 1910 893 1987 μὲν
938 1909 1282 1988 ἀγωνίζονται
1340 1908 1428 1963 καὶ
1483 1907 1600 1985 περὶ
1643 1907 1741 1973 τὴν
1787 1906 1926 1976 ἀνή-

2090 1903 2266 1966 XXV.
2300 1906 2406 1967 Ast
2447 1905 2532 1965 illi
2579 1905 2818 1985 quidem
2867 1905 3142 1967 certatim
3186 1926 3365 1971 omne
3394 1911 3660 1976 studium

275 2027 470 2064 κουσαν
498 2002 718 2065 ἕκαστος
751 2005 890 2076 αὒτῷ
918 1998 1242 2078 λειτουργίαν
1269 1995 1594 2072 ἐκθυμότατα
1615 1995 1921 2072 κάμνουσιν,

2026 1992 2317 2066 idhibent,
2373 2002 2431 2055 et
2461 1993 2656 2075 prouti
2700 1995 3004 2074 proprium
3048 1996 3337 2077 cujusque
3386 2000 3664 2065 ministe-

276 2097 338 2153 ἐκ
366 2101 457 2152 τοῦ
485 2092 648 2150 πλέον
676 2089 888 2156 δοξάσαι
931 2090 1018 2146 καὶ
1065 2086 1226 2144 πλέον
1269 2083 1579 2152 δοξασθῆναι
1609 2083 1922 2165 φιλοτιμού-

2026 2081 2163 2142 rium
2197 2082 2470 2162 postulat,
2507 2083 2769 2144 maxime
2791 2082 2972 2144 alacri
2997 2084 3196 2146 animo
3229 2105 3472 2168 operam
3497 2107 3667 2152 suam

2014 2171 2347 2246 conferunt,
2384 2172 2671 2252 majorem
2703 2171 2818 2233 sibi
2848 2191 3086 2254 quoque
3116 2193 3186 2236 ex
3220 2178 3432 2256 majori
3475 2179 3669 2258 gloria

2015 2259 2235 2321 tributa
2261 2261 2506 2338 gloriam
2536 2261 2893 2323 ambientes.

361 2363 491 2440 Ἐμέ
522 2360 576 2418 δὲ
607 2362 693 2417 καὶ
742 2356 902 2415 πάλιν
951 2355 1155 2437 ἐκφέρει
1210 2355 1272 2410 τὸ
1324 2351 1522 2428 θάμϐος
1565 2354 1670 2409 τῶν
1715 2350 1926 2430 ὁρωμέ-

2090 2349 2182 2411 Me
2213 2367 2350 2410 vero
2380 2359 2438 2440 et
2464 2369 2668 2440 rursus
2696 2349 2914 2430 abripit
2940 2351 3263 2414 vehemens
3285 2372 3492 2417 eorum
3527 2377 3660 2438 qua

279 2471 412 2534 νων,
461 2453 548 2509 καὶ
625 2448 955 2526 συναπαίρειν
1042 2449 1274 2524 ἡγοῦμαι
1355 2450 1421 2513 τῇ
1493 2441 1739 2517 δεσποίνῃ
1796 2441 1927 2518 πρὸς

2026 2448 2338 2500 :ernuntur
2366 2439 2701 2513 admiratio,
2738 2448 2796 2500 et
2825 2440 2886 2500 in
2918 2440 3132 2501 caelum
3164 2443 3340 2504 simul
3379 2464 3514 2506 cum
3540 2450 3660 2509 Re-

279 2527 495 2624 οὒρανὸν
555 2541 640 2596 καὶ
696 2543 763 2614 υῇ
804 2535 1005 2608 διανοίᾳ
1050 2534 1237 2612 μικροῦ
1300 2533 1598 2612 παραψαύω
1653 2537 1744 2586 τοῦ
1801 2551 1928 2586 στε-

2026 2528 2147 2606 ςίιιιι
2175 2533 2433 2607 migrare
2463 2546 2559 2589 me
2595 2527 2888 2601 existimo,
2919 2548 2986 2590 ac
3003 2532 3434 2608 propemodum
3459 2535 3667 2598 ﬁrma-

280 2615 572 2716 psibpattoq.
615 2632 712 2689 Διὰ
753 2628 906 2685 τοῦτό
971 2649 1060 2703 μοι
1121 2624 1327 2690 δέξασθε
1384 2623 1449 2672 45
1490 2623 1669 2702 φωνὴν
1726 2620 1926 2698 μετάρ-

2026 2627 2275 2678 nentum
2309 2615 2606 2695 attingere
2648 2617 2765 2696 ipsi
2815 2617 2961 2678 mihi
3008 2619 3229 2680 videor.
3284 2622 3666 2704 Quapropter

282 2706 394 2784 ξιον
423 2723 504 2792 44,
539 2724 613 2784 ὼς
657 2719 708 2784 ἐξ
764 2717 926 2793 ὕψους
981 2716 1227 2772 τοσούτου
1258 2715 1386 2792 πρὸς
1416 2711 1550 2788 ῧμάς
1579 2711 1874 2792 φερομένην
1907 2728 1924 2745 ⁸

2026 2706 2353 2779 sublimem,
2402 2725 2624 2786 quaeso,
2675 2707 2853 2767 veluti
2901 2726 2934 2768 e
2973 2715 3131 2768 tanta
3178 2709 3534 2774 celsitudine
3583 2715 3658 2776 ad

408 2818 421 2837 ,
603 2810 610 2827 γ
1138 2806 1150 2822 \
1243 2801 1269 2821 ,ν
1586 2803 1601 2821 \
1664 2799 1686 2817 θ
1876 2801 1887 2821 Ι

287 2837 310 2870 α
362 2807 817 2893 Ευφραινεσθωιιδ
880 2809 907 2862 ὁ
978 2825 1193 2884 ο›ρανος
1239 2806 1605 2893 ανωθενηκαι
1658 2817 1928 2893 οικαιοσυ-

2026 2814 2110 2856 lOS
2140 2796 2419 2869 delatam,
2451 2815 2654 2856 vocem
2687 2795 2977 2874 excipite:
3003 2799 3268 2860 Laetetur
3303 2801 3514 2863 calum
3549 2804 3662 2864 dc-

279 2928 376 2971 νην
450 2884 512 2958 ἀἱ
597 2896 807 2978 νεφέλαι
876 2895 1182 2974 ῥανάτωσαν
1215 2896 1229 2921 ⁸
1315 2915 1338 2947 ii
1404 2887 1613 2968 ῥηξάτω
1681 2890 1747 2978 τὰ
1831 2887 1926 2968 ὅρη

2026 2903 2210 2962 :uper,
2233 2893 2287 2947 et
2311 2885 2492 2946 nubes
2511 2884 2732 2965 pluunt
2743 2885 3055 2978 justitiam
3074 2898 3104 2927 ν
3126 2910 3152 2960 ;
3183 2898 3416 2951 montes
3433 2891 3660 2954 stillent

278 2991 617 3074 εὖφροσύνην,
650 2974 736 3044 καὶ
784 2989 831 3042 o't
873 2985 1044 3060 βουνοὶ
1097 2980 1403 3059 ἀγαλλίασιν
1440 2997 1454 3010 ⁸
1523 3000 1551 3038 tl
1611 2977 1927 3048 Σαλευθήτω

2033 2975 2294 3045 aetitiam,
2340 2983 2398 3036 et
2444 2976 2627 3035 colles
2671 2974 3121 3036 exsultationem
3154 2995 3166 3038 :
3196 2977 3663 3044 Commoveatur

273 3085 308 3151 ἡ
353 3064 618 3137 ’.θάλασσα
678 3077 766 3132 καὶ
824 3075 884 3130 τὸ
939 3071 1207 3150 πλήρωμα
1283 3072 1469 3141 αὒτῆς,
1535 3071 1570 3135 ἡ
1642 3068 1922 3143 οἰκουμένη

2026 3082 2179 3126 nare
2195 3071 2251 3125 et
2261 3064 2579 3143 plenitudo
2601 3067 2746 3140 ejus,
2758 3064 2924 3126 orbis
2938 3075 3247 3128 terrarum
3264 3075 3321 3130 et
3340 3087 3542 3132 omnes
3555 3072 3664 3150 qui

274 3172 364 3230 καὶ
436 3169 627 3230 πάντες
700 3168 745 3221 οἳ
805 3172 1168 3224 κατοικοῦντες
1227 3159 1280 3215 ἐν
1337 3163 1468 3234 αὐτῇ
1503 3175 1515 3186 ·
1587 3181 1615 3213 ii
1707 3159 1922 3237 εὔφραι-

2026 3153 2367 3214 tabitantz‘n
2387 3171 2455 3215 eo
2482 3163 2510 3193 η
2537 3172 2553 3228 ;
2577 3153 2827 3231 gaudiau
2846 3155 3098 3231 gestiant
3117 3156 3337 3236 anpeli,
3361 3162 3663 3221 exsultent

276 3259 541 3317 νέσθωσαν
641 3251 855 3333 ἄγγελοι
939 3253 1026 3307 καὶ
1122 3247 1558 3326 ἀγαλλιασθωσαν
1636 3242 1919 3324 ἄνθρωποι,

2026 3242 2318 3311 mmines:
2366 3260 2554 3321 genus
2603 3261 2779 3303 omne
2829 3243 3188 3324 mortalium,
3222 3245 3656 3309 immortalium

272 3358 377 3408 πᾶν
406 3347 554 3426 γένος
600 3331 811 3417 θνητὸν,
845 3347 950 3397 πᾶν
993 3340 1248 3395 ἀθάνατον
1281 3359 1296 3372 ·
1353 3337 1600 3416 ἔμψυχος
1635 3336 1745 3411 ἅμα
1775 3337 1924 3415 φύσις

2026 3349 2206 3405 )mne,
2241 3343 2448 3391 natura
2478 3331 2736 3392 animata
2765 3331 2944 3392 simul
2975 3340 3032 3392 et
3059 3334 3364 3412 inanimis,
3401 3338 3660 3398 sensibi-

277 3441 365 3497 καὶ
409 3419 640 3516 δίψυχος,
674 3432 898 3500 αἰσθητή
928 3451 984 3485 τε
1033 3430 1120 3485 καὶ
1166 3429 1358 3500 νοητὴ,
1407 3427 1572 3505 ὁρατὴ
1615 3425 1705 3480 καὶ
1759 3424 1924 3516 ἀόρασ-

2031 3420 2213 3516 isque
2241 3430 2307 3516 et
2334 3419 2753 3516 intelligibilis,
2783 3421 3033 3482 visibilis
3080 3429 3256 3503 atque
3299 3425 3653 3501 invisibilis;

274 3551 366 3592 τος
402 3544 418 3560 ⁸
449 3505 560 3581 ττᾶῖ
581 3525 703 3580 ὃσον
736 3520 1017 3599 ἐγκόσμιον
1046 3519 1135 3574 καὶ
1183 3523 1285 3573 πᾶν
1331 3515 1683 3594 ὑπερκύσμιον
1711 3512 1796 3575 46,
1862 3505 1922 3571 Ἠ

2026 3520 2070 3573 η
2117 3509 2403 3590 quidquid
2457 3511 2518 3570 in
2574 3509 2796 3599 mundo
2854 3520 2968 3599 est,
3021 3519 3078 3571 et
3131 3512 3419 3592 quidquid
3475 3533 3656 3595 supra

275 3618 377 3695 γὰρ
405 3597 791 3687 ἀνασωσαμένη
838 3621 952 3670 τοῖς
1009 3612 1138 3663 πᾶσι
1166 3605 1228 3654 47
1274 3605 1372 3671 τὴν
1428 3605 1601 3683 χαρὰν
1660 3601 1920 3695 ἀπελθοῦ-

2026 3600 2316 3660 nundum.
2337 3600 2481 3671 Quae
2503 3597 2658 3659 enim
2684 3598 2858 3676 longe
2873 3598 3206 3677 digressum
3231 3602 3509 3678 gaudium
3531 3623 3657 3664 om-

281 2207 454 2262 μενοι.

275 3687 394 3780 σαν,
469 3703 601 3770 αὕτη
669 3701 772 3780 πρὸ
828 3698 1041 3754 πάντων
1110 3693 1224 3760 ἀξία
1294 3695 1386 3758 τὰς
1443 3693 1692 3772 ἀπαρχὰς
1763 3690 1922 3757 αὒτῆς

2026 3689 2182 3749 iibus
2225 3688 2505 3767 restituit,
2551 3687 2751 3780 digna
2779 3687 2920 3780 ipsa
2951 3697 3075 3780 est,
3130 3698 3194 3748 ut
3242 3702 3380 3752 ante
3445 3709 3659 3755 omnes

2008 3778 2274 3856 ejusdem
2305 3777 2497 3857 gaudii
2533 3775 2823 3856 primitias
2854 3775 2967 3836 sibi
3001 3786 3290 3857 reportet.

275 3797 542 3877 φέρεσθαι.
2008 3797 2274 3856 ejusuem
2305 3797 2497 3857 gauun
2533 3797 2823 3856 primitias
2854 3797 2967 3836 Sini
3001 3797 3290 3857 reportet.

359 3893 517 3942 Δεῦτε
585 3885 884 3954 τοιγαροῦν,
973 3876 1341 3954 εὔφρανθῶμεν
1420 3871 1507 3927 ἐπὶ
1575 3875 1642 3946 τῇ
1692 3870 1923 3950 προξένῳ
2085 3867 2255 3945 Agite
2282 3866 2552 3947 proinde,
2589 3866 2954 3928 collmtemur
2985 3864 3048 3926 in
3096 3866 3311 3929 laetitiae
3339 3869 3652 3954 auctrice;

359 3893 517 3942 Δεῦτε
585 3885 884 3960 τοιγαροῦν,

271 3975 367 4042 τῆς
457 3972 775 4051 εὖφροσύνης
809 3985 822 3998 ⁸

272 4067 361 4122 καὶ
405 4049 688 4139 μουσικαῖς
749 4059 802 4114 ἐν
858 4055 1147 4134 πανηγύρει
1206 4052 1446 4130 λαμπρᾷ,
1512 4073 1540 4105 α
1589 4049 1653 4139 ,ἐν
1705 4051 1923 4125 εύσήμῳ

270 4137 449 4232 ἡμέρᾳ
502 4153 689 4230 ἐορτης
759 4149 915 4222 ἡμῶν
955 4161 970 4174 ⁸
1044 4168 1071 4199 ii
1139 4140 1513 4232 συνδραμωμεν
1585 4137 1804 4202 ἕκαστος
1850 4141 1922 4203 εἷς

269 4229 394 4310 τὴνί
440 4241 624 4307 κοινὴν
683 4235 1018 4315 ἆγαλλίάσιν,
1083 4255 1112 4287 α
1187 4229 1429 4307 βασιλεῖς
1487 4232 1584 4295 τῆς
1637 4233 1764 4308 γῆς,
1838 4239 1927 4294 καὶ

268 4332 463 4394 πάντες
547 4328 686 4402 λαοὶ,
774 4323 1029 4405 ἄρχοντες
1113 4322 1200 4378 καὶ
1281 4320 1475 4382 πάντες
1546 4319 1719 4396 κριταὶ
1789 4323 1918 4398 γῆς,

268 4422 534 4481 νεανίσκοι
585 4422 675 4477 καὶ
750 4415 1018 4494 παρθένοι,
1086 4409 1421 4492 πρεσϐύτεροι
1508 4410 1644 4484 μετὰ
1727 4409 1922 4465 νεωτέ-

973 3876 1341 3954 εὒφρανθῶμεν
1420 3871 1507 3927 ἐπὶ
1575 3875 1642 3946 τῇ
1692 3870 1923 3950 προξένῳ

267 4470 1043 4593 γ’*
1072 4504 1106 4570 ἡ
1128 4470 1138 4491 ι
1162 4470 1465 4581 παραίύεσις
1495 4470 1583 4578 λδ,
1628 4500 1717 4556 καὶ
1776 4497 1921 4573 μάλα
1945 4470 1989 4519 D

268 4600 446 4658 δικαία
477 4598 564 4662 49.

353 4679 501 4764 KQ“.
581 4686 728 4746 Ἀλλ’
802 4688 874 4748 εἰς
945 4681 1060 4739 δὲον
1115 4681 1382 4757 ἐμνήσθην
1439 4678 1762 4757 προφητείας
1833 4678 1922 4732 καὶ

914 3964 1257 4039 σαλπίσωμεν
1340 3957 1616 4037 σάλπιγξιν
1700 3960 1920 4040 εὖήχοις

2026 3957 2236 4017 :onoris
2269 3955 2750 4034 liarmonicisque
2775 3954 2932 4016 tubis
2948 3973 3226 4018 canamus
3255 3956 3316 4018 in
3335 3959 3656 4039 splendido

2007 4054 2320 4121 conventu,
2335 4044 3108 4124 ininsignidiesolemnults
3127 4054 3358 4110 nostrae
3380 4061 3408 4102 γ
3435 4067 3456 4123 ;
3480 4051 3660 4112 simul

2007 4154 2390 4198 accurramus
2405 4135 2655 4215 quisque
2676 4133 2746 4195 ad
2769 4152 3149 4196 communem
3173 4137 3658 4222 exsultationem,

2009 4245 2176 4305 reges
2204 4235 2390 4288 terrae
2424 4234 2480 4287 et
2517 4242 2719 4286 omnes
2752 4225 2984 4304 populi,
3033 4228 3342 4306 principes
3364 4235 3423 4290 et
3458 4247 3662 4292 omnes

2007 4318 2246 4389 iudices
2276 4316 2502 4394 terrae),
2526 4316 2774 4388 iuvenes
2794 4323 2850 4376 et
2878 4321 3170 4395 virgines,
3195 4333 3370 4379 senes
3393 4335 3530 4379 cum
3537 4321 3657 4397 ju-

2007 4405 2285 4467 m‘oribus
2314 4417 2340 4446 Ζ
2377 4427 2389 4464 :
2429 4403 2778 4485 prophetica
2809 4404 3032 4466 etenim
3063 4421 3192 4482 vox,
3227 4412 3286 4466 et
3315 4407 3658 4485 aequissimo

2007 4514 2150 4558 sane
2171 4495 2330 4573 jure,
2363 4494 2423 4555 id
2456 4492 2745 4574 praecipit.
3260 4495 3266 4500 ⁷

2085 4672 2286 4736 XXVI.
2323 4672 2672 4754 Opportune
2700 4690 2836 4733 vero
2883 4672 3213 4755 praphetize
3245 4682 3302 4736 et
3331 4676 3659 4756 propheta-

269 4761 578 4859 προφητῶν,
618 4784 722 4834 Ποῦ
745 4775 876 4833 ποτέ
924 4795 1014 4848 μοι
1071 4777 1158 4827 νῦν
1207 4772 1259 4825 αἱ
1315 4768 1608 4843 θαυμασταὶ
1646 4767 1734 4821 καὶ
1775 4764 1918 4822 πολ-

2026 4783 2132 4826 ἰιῐῐι
2161 4763 2379 4843 injecta
2410 4770 2498 4822 est
2531 4762 2773 4824 mentio.
2816 4761 2925 4825 Ubi
2960 4782 3053 4824 am
3092 4763 3238 4823 mihi
3269 4783 3427 4826 nunc
3459 4765 3657 4830 admi-

267 4852 356 4926 λαὶ
389 4852 530 4949 ’περὶ
594 4873 699 4924 τῶν
755 4866 1032 4945 παρόντων
1087 4860 1285 4917 ἐκεῖναι
1315 4857 1378 4909 50
1447 4857 1850 4936 προαγορεύσεις
1896 4877 1911 4938 ;

2026 4854 2187 4916 'anda
2217 4854 2318 4913 illa
2345 4870 2412 4914 ac
2434 4852 2601 4932 plura
2619 4852 2693 4912 de
2722 4852 3112 4932 praesentibus
3128 4853 3310 4914 rebus
3333 4856 3661 4934 praeconia?

350 5005 372 5037 ν
400 5000 513 5063 Isa.
544 5014 688 5076 XLV,
723 4999 761 5061 8
791 5013 917 5059 sec.
949 4990 1129 5058 LXX.
1217 4996 1243 5026 “
1269 4988 1428 5053 Psal.
1459 5005 1637 5065 xcvu,
1673 4993 1732 5053 7.

1922 4989 2078 5052 Psal.
2113 5002 2286 5061 Lxxx,
2321 4985 2380 5048 4.

2467 4987 2488 5016 ²
2519 4982 2670 5046 Psal.
2705 5001 2952 5063 CXLVIII,
2993 4986 3093 5062 lt,
3129 4986 3228 5048 12.

1699 5120 1894 5182 Variae
1923 5120 2234 5184 lectiones.

348 5234 412 5284 33
439 5231 575 5296 Vat.
608 5233 844 5298 ἐλπίδας,
926 5232 991 5284 39
1017 5231 1194 5294 Laur.
1224 5227 1484 5297 ἐξωδίους.

265 5315 333 5367 4³
361 5314 534 5378 Laur.
567 5314 826 5382 δέξασθαι.
911 5315 974 5364 44
1002 5315 1133 5375 Vat.
1172 5311 1476 5390 μεταρσίαν.

265 5404 427 5462 runt.
511 5396 574 5446 47
601 5399 780 5460 Laur.
813 5394 982 5457 abest
1011 5408 1128 5458 τοῖς
1157 5389 1319 5452 nam.
1392 5389 1456 5442 48

268 5479 589 5560 prophetas
617 5477 833 5539 referri
863 5482 1083 5558 posset.

1569 5227 1632 5278 4ο
1661 5230 1844 5291 Laur.
1869 5226 2344 5306 μεταρμοζόμενοι,

1561 5309 1625 5360 4⁵
1654 5309 1834 5370 Laur.
1867 5309 2182 5389 bcpztvéoew,

1498 5391 1673 5453 Laur.
1725 5412 1830 5468 παρ
1838 5391 2039 5457 αίνησις
2051 5439 2065 5452 ,

2429 5224 2483 5274 4ί
2514 5224 2693 5288 Laur.
2727 5223 2886 5290 ἐξοϊς.
2974 5223 3038 5274 42
3064 5226 3243 5289 Laur.
3276 5226 3654 5306 λειτουργείαν.

2266 5304 2332 5354 46
2361 5306 2537 5385 Laul'.
2573 5323 2748 5368 voces
2776 5307 2863 5362 καὶ
2891 5312 2994 5362 πᾶν
3026 5308 3377 5385 ὑπερκόσμιον
3409 5304 3657 5369 eXCide-

2149 5385 2212 5436 49
2261 5387 2437 5449 Laur.
2487 5384 2694 5449 δικαίω.
2779 5385 2842 5437 50
2885 5387 3055 5449 Laur.
3107 5384 3340 5466 ἐκείνων,
3391 5387 3550 5468 quod
3580 5389 3656 5450 ad

1865 5575 2051 5641 Natat.

355 5703 589 5797 (t'li‘Ex
624 5705 857 5788 Dionys.
895 5701 1391 5797 Areop.‘pe.div.
1454 5703 1684 5761 nomin.
1740 5717 1867 5780 cap.
1904 5700 1981 5761 3:
2034 5699 2379 5762 Summilas
2426 5710 2626 5763 autem
2683 5701 3095 5783 theologorum
3146 5700 3258 5761 hoc
3290 5697 3419 5760 loco
3451 5701 3655 5765 Petrus

266 5781 677 5869 apostolorum
708 5781 987 5870 princeps
1017 5781 1385 5861 intelligitur.
