4144 6410
548 362 703 456 ιιοε
1769 390 2093 458 JOANNIS
2132 392 2184 455 E‘

2263 386 2702 458 lHAITENSIS
3765 388 3788 451 t
3803 385 3899 452 104

540 521 793 588 Ubinam
826 542 958 606 quae
982 524 1123 587 olim
1158 524 1351 606 palam
1386 522 1850 587 enuntiabantur
1866 522 1940 587 ab
1970 524 2066 601 iis,
2092 542 2170 605 qu

2358 530 2467 582 Ποῦ
2487 525 2554 583 τὰ
2581 524 2745 584 πάλαι
2770 521 3097 604 θρυλούμενα
3127 534 3246 585 τοῖς
3285 522 3353 582 τὰ
3394 519 3682 601 ἔμπροσθεν
3707 518 3910 598 βλέπουο

542 612 855 693 praesentia
885 614 1009 675 haec
1032 613 1524 694 prospiciebant?
1555 612 1808 677 Ubinam
1829 620 1967 675 ante
1989 631 2178 675 omne:

2284 635 2334 671 σι
2368 634 2385 694 ;
2446 620 2557 674 Ποῦ
2584 617 2686 696 πρὸ
2727 614 2929 674 πάντων
2963 609 3148 685 Δαϐὶδ,
3185 612 3213 669 ὁ
3243 608 3485 689 βασιλεὺς
3514 610 3601 669 καὶ
3628 611 3906 691 προφήτης,

537 699 720 764 David
744 721 845 764 rex
878 711 935 765 et
968 703 1260 783 propheta
1290 710 1370 777 et,
1407 704 1565 784 quod
1602 705 1791 783 majus
1824 711 1935 774 est,
1982 702 2173 766 Christ

2281 705 2369 761 καὶ
2431 711 2657 785 Χριστοῦ
2701 704 3010 785 προπάτωρ,
3072 704 3135 759 τὸ
3194 708 3430 781 μεῖζονς
3486 701 3544 760 Τί
3606 700 3698 768 τὴν
3740 701 3905 757 ἑαυτοῦ

543 792 886 872 progenitor
904 791 935 852 ?
965 791 1112 865 Qeid
1136 800 1247 866 est,
1276 792 1430 873 quod
1460 811 1629 853 suam
1669 792 1861 872 ipsius
1888 791 2097 872 ﬁliam,
2124 789 2179 853 dt

2281 793 2564 873 θυγατέρα,
2649 794 2766 873 περὶ
2853 794 2922 860 ἧς
2991 799 3209 849 τοιαῦτα
3284 787 3490 868 μεγάλα
3554 789 3640 846 καὶ
3708 787 3901 868 λαμπρὰ

539 898 654 961 qua
685 880 747 941 in
777 890 1157 943 antecessum
1193 889 1311 943 tam
1341 880 1624 961 praeclara
1647 898 1715 942 ac
1746 879 2065 961 splendida
2094 897 2175 941 va-

2289 881 2684 961 προεθέσπισεν,
2732 886 2827 941 οὒκ
2885 882 3042 945 αὐτὸς
3098 879 3283 959 παρὼν
3340 876 3474 953 ᾅδει,
3516 879 3601 935 καὶ
3639 883 3759 953 τιμᾷ
3795 890 3898 941 τοῖς

538 968 818 1031 ticinatus
848 977 963 1050 est,
997 989 1116 1031 non
1141 989 1403 1050 praesens
1436 973 1563 1050 ipse
1604 978 1778 1030 cantu
1816 968 2111 1039 celebrat,
2148 986 2174 1030 ε

2289 972 2598 1043 καθήκουσι,
2645 973 2707 1028 τὸ
2765 967 3086 1051 δεκάχορδον
3156 969 3331 1026 ἐκεῖνο
3393 966 3675 1046 ψαλτήριον
3727 967 3805 1023 καὶ
3840 967 3897 1022 τὰ

548 1067 884 1137 opportune
907 1059 1178 1136 honorat,
1205 1058 1393 1121 multo
1426 1057 1877 1120 convenientius
1906 1075 2065 1118 nunc
2093 1056 2184 1118 de-

2290 1058 2465 1141 εὖηχα
2520 1057 2786 1136 κύμϐαλα,
2851 1060 2939 1123 καὶ
3007 1060 3097 1116 τὸν
3168 1058 3356 1139 χορὸν,
3416 1057 3502 1114 καὶ
3555 1056 3620 1112 τὰ
3656 1055 3891 1131 τύμπανα,

544 1147 908 1208 cachordum
931 1147 1074 1208 illud
1101 1146 1448 1229 psalterium
1468 1156 1527 1209 et
1540 1146 1812 1227 cymbala
1829 1146 1981 1208 bene
1994 1164 2180 1208 sonan

2288 1149 2376 1205 καὶ
2424 1154 2549 1219 πᾶν,
2599 1148 2705 1207 εἴτι
2750 1147 2904 1230 ἄλλο,
2962 1149 3216 1224 μουσικόν
3272 1167 3330 1203 τε
3385 1147 3473 1203 καὶ
3513 1145 3720 1225 τερπνὸν
3760 1141 3894 1224 ὄργα-

551 1233 654 1311 tia,
685 1242 743 1297 et
771 1237 1018 1298 chorum
1049 1245 1107 1298 et
1138 1245 1434 1318 tympana,
1469 1245 1527 1299 et
1559 1246 1791 1313 caetera,
1823 1234 1874 1297 si
1904 1253 2037 1316 quae
2066 1245 2187 1297 sunt

2286 1261 2396 1312 νον,
2433 1235 2548 1315 μεθ’
2577 1240 2652 1294 ὤν
2681 1241 2817 1316 ἡμῖν
2866 1236 3149 1302 πλεονάκις
3190 1237 3283 1294 τὸν
3340 1237 3471 1294 Θεὸν
3526 1236 3684 1291 αἰνεῖν
3719 1253 3887 1313 παραι-

535 1323 651 1386 alia
694 1326 920 1386 musica
948 1345 1018 1387 ac
1048 1328 1249 1389 suavia
1292 1344 1534 1406 organa,
1588 1325 1802 1407 quibus
1858 1342 1968 1387 nos
2002 1342 2171 1404 saepe

2282 1339 2390 1398 νεῖ,
2447 1349 2533 1385 νυν
2586 1325 2803 1388 ἐνταῦθα
2860 1327 3135 1407 παράγων,
3183 1327 3272 1383 καὶ
3477 1320 3686 1393 ἡδίστην
3709 1321 3757 1374 5*
3793 1343 3889 1378 πα-

542 1431 793 1475 numero
812 1414 1026 1476 excitat
1043 1415 1117 1477 ad
1134 1414 1498 1477 laudandum
1519 1417 1733 1489 Deum,
1751 1413 1850 1475 hic
1862 1412 2170 1494 proferens

2281 1420 2389 1472 σῶν
2439 1414 2693 1495 ἁρμονίαν
2750 1415 3196 1496 ἀνακρουόμενος,
3258 1415 3333 1478 ὡς
3390 1411 3527 1470 πολὺ
3580 1410 3893 1487 δικαιότερον,

540 1508 598 1564 et
649 1503 1026 1565 harmoniam
1079 1507 1348 1565 omnium
1396 1505 1724 1565 suavissam
1773 1503 1966 1577 ciens,
2014 1520 2176 1582 quan

2279 1501 2317 1572 ἢ
2358 1503 2557 1560 ὁπόταν
2602 1502 2718 1561 ἐκεῖ
2762 1507 2860 1574 τῆς
2917 1501 3146 1561 κιϐωτοῦ
3187 1514 3486 1581 προηγεῖτο
3526 1498 3759 1567 ποικίλην
3797 1497 3898 1554 τινὰ

535 1608 670 1653 cum
702 1592 825 1654 illic
855 1603 991 1654 ante
1037 1612 1235 1655 arcam
1288 1593 1545 1673 praeiret,
1604 1611 1675 1653 ex
1722 1592 1888 1653 omni
1937 1590 2171 1652 melodi:

2277 1594 2541 1668 μουσικὴν
2591 1595 2680 1650 καὶ
2735 1590 3079 1660 παντοδαπὴν
3137 1594 3226 1649 καὶ
3279 1588 3638 1672 πολύφθογγον
3691 1608 3900 1673 συναπη-

533 1680 754 1741 variam
787 1681 1127 1761 quamdam.
1164 1672 1666 1761 omnigenamque
1697 1698 1766 1741 ac
1807 1679 2169 1741 multisonan

2276 1687 2392 1762 χῶν
2437 1682 2499 1738 ἐκ
2552 1680 2746 1759 μέλους
2789 1684 3012 1763 παντὸς,
3066 1685 3104 1760 ᾗ
3150 1682 3216 1738 τὰ
3245 1682 3418 1738 πάντα
3460 1685 3638 1759 κινῶν,
3666 1678 3745 1758 ὑφ’
3785 1672 3900 1744 ἡδο-

533 1770 823 1831 musicam
851 1780 1201 1846 contexens,
1236 1789 1353 1851 qua
1386 1788 1520 1832 cum
1545 1776 1759 1831 cuncta
1791 1776 2167 1849 permoveret

2277 1776 2375 1839 νῆς
2402 1771 2652 1836 κάκεῖνος
2683 1771 2951 1851 εὐρύθμως
2999 1784 3429 1852 συνυπωρχεῖτο,
3475 1770 3564 1827 καὶ
3602 1766 3899 1848 τερπόμενος

529 1877 654 1940 prae
674 1860 1051 1939 jucunditate
1099 1868 1157 1921 et
1201 1865 1331 1938 ipse
1359 1859 1431 1920 ad
1476 1876 1791 1920 numerum
1825 1856 2099 1935 saltabat,
2136 1876 2165 1920 e

1373 1859 1431 1920 id
1476 1876 1791 1920 numerum
1825 1856 2099 1935 saltabat,
2136 1865 2196 1920 et
2276 1860 2484 1940 τέρπειν
2516 1859 2783 1941 ὡμολόγει
2829 1862 2959 1919 Θεόν
2993 1880 3009 1941 ;

534 1965 668 2009 cum
703 1948 916 2027 gaudio
939 1948 1060 2011 Deo
1091 1967 1156 2011 se
1178 1957 1408 2027 gratum
1442 1947 1638 2008 facere
1664 1946 2045 2008 afﬁrmabat?

607 2034 849 2100 XXVII.
892 2035 1007 2100 Sed
1044 2046 1103 2099 et
1131 2037 1374 2099 ubinam
1407 2036 1734 2098 concordes
1765 2035 2015 2097 aliorum
2047 2053 2189 2098 san-

2357 2030 2463 2100 KZ'
2533 2045 2641 2098 Ποῖ)⁹
2715 2036 2772 2096 δὲ
2826 2038 2893 2098 τὰ
2956 2043 3063 2096 τῶν
3120 2036 3297 2096 ἄλλων
3347 2038 3514 2118 ἁγίων
3571 2039 3656 2094 καὶ
3707 2032 3901 2092 δικαίων

532 2133 763 2188 ctorum
790 2145 858 2187 ac
882 2127 1178 2206 justorum
1229 2144 1425 2200 voces,
1477 2125 1956 2206 sapientiumque
2011 2125 2168 2186 effata

2274 2131 2610 2207 συστήματα,
2661 2130 2841 2207 ῥήσεις
2900 2149 2958 2185 τε
3021 2134 3199 2210 σοφῶν
3241 2129 3332 2185 καὶ
3387 2127 3688 2207 αἰνίγματα,
3743 2143 3903 2201 παρα-

529 2222 711 2294 atque
732 2215 1068 2296 aenigmata,
1104 2214 1534 2295 proverbiaque
1557 2233 1625 2276 ac
1650 2233 1962 2276 sermones
1988 2214 2160 2277 occul

2270 2216 2423 2277 ϐολαί
2473 2240 2531 2277 τε
2590 2219 2679 2275 καὶ
2747 2216 2898 2295 λόγοι
2969 2218 3230 2275 σκοτεινοὶ
3284 2217 3373 2273 καὶ
3429 2214 3743 2297 δυσέφικτοι,
3796 2210 3902 2290 πρὶν

529 2301 594 2379 ti,
620 2312 822 2385 atque,
864 2305 1208 2386 priusquam
1238 2304 1311 2366 ad
1346 2304 1571 2365 exitum
1601 2304 1973 2385 perveniant,
1993 2303 2066 2365 ad
2098 2304 2165 2365 ina

2270 2310 2343 2371 εἷς
2372 2306 2535 2387 πέρας
2582 2305 2779 2380 ἐλθεῖν,
2826 2304 2917 2362 ἕνα
2974 2307 3168 2370 πάντες
3225 2306 3449 2381 σκοπὸν,
3506 2307 3560 2364 ἓν
3616 2299 3901 2387 κεφάλαιον,

531 2392 919 2470 telligendum
952 2395 1143 2470 ardui,
1179 2395 1278 2475 qui
1311 2392 1551 2474 quidem
1585 2412 1770 2454 unum
1813 2412 2021 2454 emnes
2058 2394 2167 2475 (18“

2273 2386 2516 2453 ὑπόθεσιν
2547 2396 2670 2471 μίαν
2712 2395 2811 2462 τὴν
2868 2392 3238 2470 πολυύμνητον
3266 2392 3327 2445 59
3381 2394 3579 2462 ταύτην
3624 2394 3710 2449 καὶ
3761 2386 3904 2446 πολυ-

531 2501 802 2564 scopum,
837 2502 1021 2545 unum
1053 2490 1496 2563 argumentum,
1533 2503 1715 2543 unum
1744 2485 1941 2543 thema
1967 2500 2167 2562 propo-

2274 2482 2538 2561 σύμϐολον
2570 2482 2832 2564 Παρθένον
2876 2484 3185 2558 ποιούμενοι
3215 2499 3230 2517 ⁸
3286 2484 3375 2540 καὶ
3423 2482 3579 2547 ἄλλος
3609 2481 3705 2557 μὲν
3745 2475 3901 2541 ἄλλως

532 2570 711 2633 situm
741 2572 856 2633 sibi
884 2572 1130 2653 habent,
1146 2574 1299 2635 hanc
1316 2573 1547 2633 scilicet
1565 2572 1739 2633 laude
1756 2571 2161 2649 dignissimam

2276 2575 2341 2631 τὰ
2394 2570 2514 2631 κατ’
2573 2573 2738 2640 αὖτήν
2794 2572 3210 2654 φανταζόμενος,
3273 2569 3394 2628 ἀλλ’
3451 2568 3557 2629 οὐδ’
3614 2567 3767 2631 ἄλλος
3821 2564 3904 2623 οὒκ

533 2659 991 2742 innumerisque
1004 2660 1286 2742 symbolis
1307 2660 1717 2740 praesignatam
1728 2657 2033 2738 Virginem
2052 2669 2092 2728 (t
2108 2660 2163 2731 9t

2274 2662 2497 2719 ἔλαττον
2568 2661 2847 2732 ἐκθειάζων
2916 2663 2977 2717 τὸ
3046 2660 3360 2741 φαντασθὲν,
3460 2661 3549 2717 καὶ
3630 2654 3903 2738 συμφώνως

535 2757 594 2811 et
614 2750 766 2811 alius
787 2750 1033 2828 quidem
1052 2749 1189 2825 alio,
1217 2767 1350 2830 quae
1370 2750 1440 2809 ad
1469 2749 1656 2828 ipsam
1682 2756 1979 2829 spectant,
2010 2749 2171 2809 sche-

2270 2752 2504 2812 ἐντεῦθεν
2592 2753 2727 2826 ἡμῖν
2797 2748 3255 2830 εὖαγγελιξόμενοι
3333 2751 3601 2830 σωτηρίαν
3678 2743 3905 2824 παγκόσ-

533 2847 691 2900 mate
721 2837 1015 2919 designat,
1050 2857 1244 2918 neque
1295 2847 1491 2899 tamen
1541 2838 1689 2897 alius
1742 2836 1856 2899 alio
1891 2838 2089 2898 minus
2129 2838 2169 2898 ἱ(

2274 2861 2393 2917 μιον
2428 2859 2445 2921 ς
2501 2836 2650 2896 Ἀλλ’
2696 2842 2743 2897 οἱ
2773 2839 2894 2920 μὲν,
2942 2839 2999 2896 εὖ
3024 2838 3156 2914 οἷδ’,
3189 2838 3271 2896 ὅτι
3299 2839 3389 2896 καὶ
3429 2839 3670 2919 πάρεισιν
3695 2831 3748 2880 ⁵³
3776 2835 3903 2914 ἀφα-

531 2927 688 3008 quod
721 2927 1246 3006 designantdivino
1269 2928 1494 2987 honore
1525 2926 1717 3002 eﬂ‘ert,
1744 2936 1804 2988 et
1829 2926 2167 2988 unanimite1

2273 2936 2402 2994 νῶς.
2463 2930 2562 2988 Καὶ
2615 2928 2931 3008 παρέσονται
2987 2936 3056 3006 τῇ
3112 2935 3219 2986 τῶν
3272 2927 3667 3008 προρῤηθέντω
3692 2923 3756 2976 54
3816 2921 3903 2978 αὖ·

532 3034 744 3077 omnes
774 3032 1155 3077 communem
1187 3015 1330 3077 inde
1356 3015 1607 3076 salutem
1640 3015 1810 3076 nobis
1841 3015 2168 3096 spondent‘

2272 3032 2391 3083 τοῖς
2460 3015 2718 3076 ἀποϐάσει
2776 3018 3253 3094 συνησθησόμενοι,
3315 3018 3406 3075 καὶ
3458 3032 3582 3081 ταῖς
3639 3016 3818 3072 ἑαυτοῦ
3852 3008 3908 3060 55

533 3102 753 3167 Verum
806 3104 914 3166 hos
968 3104 1151 3185 probe
1202 3105 1325 3166 scio
1371 3103 1749 3165 invisibiliter
1802 3103 1897 3165 hic
1953 3123 2169 3185 quoque

2274 3120 2478 3189 φωναῖς
2511 3105 2756 3183 ἕκαστος,
2806 3106 3007 3183 μᾶλλον
3058 3105 3113 3163 δὲ
3155 3120 3277 3172 ταῖς
3322 3113 3413 3164 τοῦ
3459 3107 3779 3185 πνεύματος,
3821 3099 3908 3166 τὴν

529 3193 764 3265 adesse.
796 3194 1027 3255 Ahsunt
1054 3203 1274 3265 autem,
1323 3202 1386 3256 ut
1416 3193 1477 3254 in
1510 3212 1720 3255 eorum
1750 3212 1881 3275 quae
1911 3194 2165 3275 praedicta

2275 3204 2378 3254 τῶν
2418 3198 2599 3254 καλῶν
2658 3196 2860 3253 τούτων
2915 3196 3128 3257 πάντων
3185 3196 3355 3253 αἰτίαν
3413 3194 3911 3271 συνανυμνήσοντες.

530 3283 603 3345 ab
650 3283 795 3363 ipsis
842 3285 1100 3360 fuerant,
1156 3284 1314 3345 exitu
1365 3284 1798 3362 congaudeant,
1846 3294 1904 3345 et
1949 3292 2013 3345 ut
2063 3285 2166 3346 sui:

2277 3288 2481 3344 Δίκαιοι
2538 3283 2594 3342 δέ
2651 3286 2805 3361 εἰσιν,
2856 3284 3035 3363 ὥσπερ
3077 3283 3243 3347 πάλαι
3303 3282 3607 3361 μέλλουσαν
3664 3281 3740 3339 ἔτι
3790 3276 3913 3336 οὕτω

535 3373 787 3454 quisque
816 3373 1084 3448 vocibus,
1122 3391 1229 3434 seu
1264 3372 1476 3433 melius
1505 3372 1782 3448 dixerim,
1818 3374 2060 3435 vocibus
2089 3374 2171 3435 di-

2271 3379 2357 3433 καί
2397 3373 2463 3426 56
2503 3381 2590 3432 νῦν
2632 3373 2817 3449 πολλῷ
2886 3372 3089 3451 μᾶλλον
3147 3371 3251 3442 ἤδη
3308 3380 3583 3455 παροῦσαν
3640 3366 3907 3450 ἐγκωμίοις

530 3461 747 3522 vinitus
784 3462 1114 3544 inspiratis,
1161 3460 1429 3522 omnium
1478 3461 1693 3523 horum
1747 3460 2042 3523 bonorum
2075 3480 2166 3524 au-

1880 3479 2042 3523 orum
2075 3480 2186 3524 au-
2269 3469 2359 3524 καὶ
2387 3466 2597 3545 κρότοις
2629 3462 2917 3531 δεξιοῦσθαι
2947 3476 3063 3529 τοῖς
3093 3461 3516 3542 λαμπροτάτοις.

530 3551 773 3613 ctrieem
805 3552 981 3613 simul
1014 3551 1246 3633 hymnis
1275 3550 1600 3612 celebrent.
1637 3549 2062 3631 Equissimum
2097 3570 2277 3632 porro
2307 3563 2417 3631 est,
2453 3563 2518 3617 ut
2549 3551 3053 3635 quemadmodum
3085 3550 3227 3613 olim
3255 3550 3453 3614 adhuc
3473 3558 3806 3624 venturam,
3830 3545 3911 3609 sic

533 3642 720 3702 multo
754 3641 941 3723 magis
973 3650 1033 3703 et
1065 3641 1237 3702 modo
1263 3642 1383 3720 jam
1422 3650 1775 3721 praesentem
1803 3640 2311 3722 splendidissimis
2342 3643 2617 3726 laudibus
2645 3661 2714 3705 ac
2745 3641 3050 3726 plausibus
3078 3640 3459 3704 comitentur.

612 3727 873 3793 XXVIII.
910 3728 1354 3810 Consequenter
1386 3729 1637 3810 proinde
1663 3738 1720 3790 et
1745 3729 1900 3809 quod
1920 3738 2187 3794 nostrum

2356 3724 2494 3798 KH'.
2571 3724 2863 3813 Τοιγαροῦν
2919 3731 3220 3795 ἀκολούθως
3289 3730 3651 3811 προπιθέσθω
3717 3728 3805 3787 καὶ
3865 3725 3920 3781 τὸ

535 3828 648 3894 est,
683 3821 757 3880 iis
786 3818 1068 3893 accedat;
1104 3838 1238 3880 nam
1272 3827 1334 3879 ut
1362 3833 1422 3880 et
1456 3818 2171 3899 nostraadjiciamus,mo:

2287 3824 2554 3904 ἡμέτερον,
2603 3825 2632 3880 ὁ
2689 3828 2788 3891 τῆς
2842 3823 3154 3903 προσθήκης
3209 3818 3265 3878 δὲ
3321 3821 3544 3901 τρόπος,
3611 3821 3712 3904 Rei.
3754 3813 3923 3894 μηδεὶς

536 3910 818 3991 postulat.
856 3912 981 3972 Nec
1030 3929 1371 3972 sermonem
1422 3910 1717 3990 quispiam
1761 3911 2172 3992 reprehendat,

2287 3899 2573 3980 ἷιπληστίαν
2624 3910 2688 3963 57
2743 3899 3071 3990 καταγνώτω
3126 3908 3191 3961 58
3244 3899 3364 3968 10'3—
3407 3907 3576 3989 λόγου
3644 3899 3923 3992 Ὀμολογεῖ

535 3989 693 4080 quod
729 3999 930 4059 satiari
985 4018 1104 4059 non
1145 4018 1321 4079 posse
1364 3989 1654 4060 videatur.
1714 3989 1954 4061 Fatetur
2001 3989 2171 4061 enim-

2292 4002 2375 4080 γὰρ
2415 4002 2670 4069 ἡττᾶσθαι
2700 4009 2793 4060 τοῦ
2833 3989 3029 4065 πάθους
3071 3996 3156 4056 διὰ
3184 4001 3275 4056 τὸν
3318 3999 3480 4056 πόθον
3520 4020 3536 4037 σ
3585 4000 3676 4056 καὶ
3715 3999 3840 4073 ὑμῖν
3869 3989 3928 4044 59

535 4089 750 4149 aﬂ'ectu
780 4106 845 4148 se
876 4088 1030 4148 vinci
1064 4097 1302 4168 propter
1345 4092 1461 4148 vim
1512 4087 1776 4163 amoris;
1811 4088 2059 4169 parique
2091 4108 2171 4151 vo:

2289 4089 2401 4146 ιιῦτὸ
2428 4096 2584 4146 τοῦτο
2640 4090 2762 4165 περὶ
2800 4089 2867 4149 τὰ
2920 4088 3156 4167 παρόντά
3196 4086 3543 4164 βουλόμενος,
3603 4082 3773 4164 ἐμϐοᾷ
3796 4083 3925 4161 μέγα

539 4195 678 4256 erga
709 4175 1023 4257 praesentia
1044 4177 1239 4237 studio
1272 4176 1426 4237 afﬁci
1456 4176 1829 4258 discupiens,
1864 4178 2175 4240 vehemen-

1325 4176 1426 4237 tici
1456 4176 1829 4258 discupiens,
1864 4178 2190 4240 vehemen-
2274 4184 2403 4236 πᾶσι
2443 4180 2503 4234 τὸ
2535 4176 2961 4258 παρακλητικόν.

539 4274 629 4329 ter
656 4284 865 4327 omnes
896 4266 1162 4342 excitans
1198 4265 1483 4327 inclamat
1517 4282 1531 4327 :
2397 4274 2400 4278 ’

617 4356 833 4420 Addite
863 4365 1086 4417 vosmet
1120 4355 1266 4415 mihi
1295 4355 1531 4429 socios;
1564 4354 1920 4416 'attollamus
1958 4354 2032 4417 ad
2065 4373 2190 4419 caa-
2217 4388 2253 4437 ο

2357 4359 2457 4415 Καὶ
2488 4354 2768 4415 συνέπεσθε
2804 4372 2817 4386 ⁸
2853 4355 3130 4436 ἐπάρωμεν
3160 4357 3232 4419 εἰς
3265 4353 3400 4431 ὕψος
3430 4357 3618 4437 φωνήν
3653 4373 3671 4391 ⁸
3730 4353 3921 4434 κροτή-

537 4445 661 4507 lum
701 4463 952 4521 vocem;
1005 4444 1356 4525 plaudamus
1405 4444 1720 4521 manibus;
1773 4462 1907 4506 cum
1962 4446 2173 4507 cantici

2291 4467 2452 4521 τωμεν
2481 4458 2674 4525 χεῖρας
2708 4461 2722 4475 ⁸
2758 4445 3047 4521 αἰνέσωμεν
3078 4446 3209 4502 Θεὸν
3237 4441 3355 4521 μετ’
3385 4442 3555 4522 ᾠδῆς,
3600 4447 3694 4503 τὸν
3724 4446 3927 4502 ποιοῦν-

539 4534 732 4598 Deum
767 4534 1248 4615 taudeamus,qui
1291 4533 1586 4614 ejusmodi
1620 4533 1790 4605 mira,
1824 4534 2175 4613 gloriosaqut

2290 4557 2347 4592 τα
2374 4543 2591 4592 τοιαῦτα
2629 4536 2903 4611 θαυμαστὰ
2943 4534 3256 4615 πράγματα,
3316 4531 3493 4600 ἕνδοξά
3545 4556 3607 4592 τε
3661 4535 3751 4592 καὶ
3791 4528 3926 4597 ἐξαί-

550 4632 609 4686 et
642 4624 979 4704 magnifica,
1013 4643 1264 4705 quorum
1297 4641 1413 4687 non
1436 4632 1527 4685 est
1556 4642 1862 4699 numerus,
1898 4632 2186 4705 operatur;

2293 4646 2376 4681 σια
2402 4622 2486 4705 60,
2532 4626 2606 4679 ῶν
2650 4627 2745 4685 οὐκ
2798 4624 2938 4682 ἐστιν
2978 4624 3220 4704 ἀριθμὸς,
3279 4645 3309 4679 α
3364 4625 3456 4680 τὸν
3499 4623 3587 4681 ἐπὶ
3616 4624 3718 4692 τὴν
3746 4618 3929 4679 ταπεί-

542 4712 671 4797 qui,
695 4713 848 4775 sicut
868 4714 1064 4795 inquit
1081 4713 1183 4775 illa
1206 4713 1415 4775 eadem
1433 4732 1564 4793 quae
1586 4711 1896 4775 cherubim
1925 4722 2018 4776 est
2049 4730 2178 4793 prae-

2294 4736 2448 4772 νωσιν
2519 4710 2879 4789 ἔπιϐλέψαντα
2934 4717 3033 4781 τῆς
3102 4709 3296 4780 δούλης
3370 4711 3553 4790 αὐτοῦ,
3613 4736 3643 4770 ι
3704 4709 3930 4785 καθάπερ

1969 4817 2169 4883 Variae
2200 4820 2512 4885 lectiones.

706 4927 877 5009 Laur.
913 4928 1162 4998 ἡδύστην,
1248 4927 1312 4979 5?.
1338 4926 1513 5009 Laur,
1544 4925 1679 5009 πολὺ
1715 4926 1969 5009 ὅμνητον,
2054 4927 2121 4977 55
2150 4929 2253 4991 Lat

2293 4946 2326 4989 ⁵.
2353 4929 2657 5009 πάρησινε-
2692 4926 2757 4978 ⁵4
2774 4927 2951 4990 Laur.
2979 4926 3371 5009 προρηθέντων,
3455 4922 3726 5009 Laur.
3751 4924 3929 4983 αὐτῶ.

537 5006 602 5061 56
628 5008 760 5072 Vat.
793 5007 959 5071 abest
984 5011 1096 5072 καί.
1180 5009 1242 5061 57
1272 5009 1444 5071 Laur.
1475 5007 1826 5075 ἀπληστείαν.
1910 5008 1976 5059 58
2001 5010 2139 5072 Vat.
2170 5033 2173 5063 τ

2014 5011 2139 5072 Vat.
2170 5004 2517 5089 καταγνώτῳ.
2601 5007 2667 5060 50
2694 5010 2877 5072 Laur.
2905 5004 3095 5083 ἡμῖν(
3150 5004 3217 5059 ϐο
3240 5004 3419 5068 Laur.
3452 5005 3650 5074 ἐξέσια.

2053 5132 2058 5136 ·
2133 5117 2323 5181 Nota}.

623 5218 748 5302 (1-8)
773 5216 927 5281 Vide
950 5225 1321 5302 constantem
1345 5214 2195 5302 veterumsententiamjnnu-

1826 5214 2195 5302 ttiam,i_nnu-
2518 5224 2609 5288 Εἷς
2650 5224 2937 5302 ὑπεραγίαν
2968 5222 3226 5302 Θεοτόκον
3251 5220 3462 5299 ἴαμϐοι,

542 5268 974 5387 meris/nempe
994 5299 1228 5387 Veteris
1265 5296 1631 5387 Testamenti
1673 5295 1955 5387 symbolis

2040 5299 2195 5382 'irgi-
2436 5268 2672 5387 Παστῖὶς,
2703 5268 2957 5387 τὲάτξεζα,
2992 5268 3407 5387 pé63t,_tu15a,
3448 5270 3676 5387 ἒιλίμαξ,

542 5327 724 5362 ιΙΙθιἸδ
757 5327 974 5380 ιιυιιιμθ
1007 5327 1228 5361 νυιειΊδ
1273 5327 1631 5359 ιεδιᾶιιιυιιιι
1673 5327 1955 5378 δχιιιυυιιδ
2014 5327 2178 5382 Virg]-

542 5398 680 5468 nem
709 5380 952 5468 Mariam
975 5379 1394 5468 praesignatam
1419 5376 1626 5467 fuisse,
1647 5377 1999 5468 nullumque
2020 5400 2178 5463 repe.

1908 5327 1955 5358 ιδ
2014 5327 2195 5382 Vtrgl-
2436 5327 2672 5384 ιιαστας,
2703 5327 2957 5440 τὲαπεςα,
2992 5327 3167 5383 panos,
3196 5327 3259 5360 Αυ
3305 5327 3407 5384 νια,
3453 5327 3537 5359 κΛι

1901 5397 1999 5468 lue
2020 5400 2192 5463 repe-
2439 5384 2627 5468 Κλίνη,
2662 5406 2717 5442 κι
2756 5383 2881 5460 ωτὲ,
2916 5382 3135 5468 νεφέλη,
3157 5327 3343 5468 ﬂag},
3368 5383 3537 5468 Opdvs:

543 5459 649 5545 riri
681 5478 751 5521 ex
781 5460 901 5520 illis
938 5455 1380 5539 hagiographis,
1419 5456 1589 5536 cujus
1628 5456 1817 5518 oculis
1855 5455 2032 5535 Virgo
2074 5455 2179 5525 nor

2026 5484 2032 5517 ν
2074 5455 2195 5525 non
2444 5455 2644 5540 Κόσμει
2677 5485 2745 5540 με
2770 5455 3004 5545 παστὰς,
3038 5455 3279 5541 ἐμπίπλα
3303 5455 3536 5545 τράπεζά
3568 5484 3662 5545 με,

544 5539 983 5602 obversaretur.

627 5621 745 5645 un.
786 5620 977 5645 nl--‘|
1005 5618 1100 5645 ιζ-
1137 5618 1401 5645 -2..-.1-..
1459 5614 1696 5645 1--....L.
1732 5614 2086 5645 --εκ-μμ..-
2130 5640 2180 5645 μ,

1809 5614 1821 5627 ο
2440 5539 2663 5625 Στήριζε
2692 5541 2867 5645 ῥοίϐδε,
2900 5539 3091 5645 λυχνία
3122 5539 3434 5645 ιρώτιζέχμε,

626 5621 747 5702 (19)
785 5620 982 5702 Placet
1005 5618 1103 5702 hic
1133 5618 1404 5702 ejusdem
1451 5614 1699 5702 Joannis
1728 5614 2093 5697 epigramma
2123 5640 2192 5683 ex

1818 5615 2093 5697 igramma
2123 5640 2192 5683 ex
2455 5614 2630 5702 Αναγέ
2661 5614 2872 5701 trimi,
2906 5614 3147 5680 ἆνοῖπαυέ
3184 5646 3251 5701 με
3274 5614 3454 5697 κλίνη,

540 5697 801 5790 Illatthep
834 5701 1014 5790 Busto
1049 5699 1196 5790 (ρηἿ
1210 5697 1530 5790 1λινξΐεςιό
1560 5744 1581 5787 ,
1625 5699 1696 5790 in_
1743 5716 1859 5790 quo
1911 5702 2176 5790 nonnull:

1911 5702 2196 5790 nonnulla
2440 5697 2623 5790 Τήρεὶ,
2656 5697 3102 5790 κιϐωτε,“νεφέλη
3132 5697 3404 5790 λᾶμπρυνέ
3432 5725 3498 5790 με

540 5750 904 5865 EEétiéEimEe
933 5750 1491 5857 Virginissimbola
1524 5750 1700 5839 simul
1742 5750 2176 5842 Salicem-enm:

1967 5750 2196 5842 ἶξχῖίίῖ
2438 5750 2623 5849 Ᾱέἓῖἔ
2645 5750 3415 5865 ιῖἐᾜρἑέτὶζᾶᾇὲάζεξ“ῖῖιῷἷῗιᾷ
3430 5750 3603 5865 ὅῖςῖνι.

534 5859 753 5925 bentur
786 5880 801 5926 :
