4144 6372
279 347 439 415 1105

1350 356 1434 421 ΙΝ
1477 356 1580 422 SS.
1624 353 1979 421 DEIPARIE
2019 354 2590 424 DORMITIONEM.

3523 350 3688 427 1106

279 486 414 556 αὐτή
472 507 602 568 φησι
661 485 695 553 ἡ
752 491 860 543 τῶν
920 484 1180 566 χερουὸὶμ
1243 487 1503 568 ἀνωτέρα,
1559 490 1649 547 καὶ
1702 498 1932 548 τοσαῦτα

2021 483 2234 547 celsior
2260 487 2528 565 respexit
2561 488 2626 549 in
2657 487 3075 552 humilitatem
3105 488 3360 552 amcillw
3388 505 3515 550 suae
3535 527 3583 561 ι,
3616 490 3676 546 et

279 575 582 645 ποιήσαντα
649 572 702 623 6¹
737 571 857 652 μετ’
929 575 1094 642 αὐτῆς
1192 575 1482 656 μεγαλεϊλ.
1559 581 1944 657 Γιῖακαρίσωμεν

281 662 547 745 ἄνθρωποι
604 664 701 732 τὴν
758 671 852 722 τοῦ
915 663 1158 723 Πλάστου
1219 666 1460 746 Μητέρα,
1519 666 1570 734 ἐξ
1641 669 1705 735 ἧς
1759 671 1794 737 ἡ
1852 675 1943 725 τοῦ

281 753 598 830 πλάσματος
645 755 734 811 καὶ
789 753 1073 834 ἀνόρθωσις
1125 755 1213 812 καὶ
1281 754 1576 820 ἀνάπλασις
1603 755 1687 818 69.
1747 755 1942 834 Ἀψευ-

283 840 381 910 δὴς
449 849 603 900 τοῦτο
659 841 946 923 πρόῤῥησις
1005 844 1202 910 ταύτης
1246 849 1344 911 τῆς
1389 845 1632 924 μεγάλης
1676 848 1944 926 προφήτι-

284 929 400 1013 δος,
473 933 576 988 ὑπὸ
631 933 808 1000 πάσης
893 934 1142 1000 εἰπούσης
1213 937 1695 1013 μακαρισθήσεσθαι
1725 934 1780 977 6³
1847 957 1944 1014 γε-

287 1027 407 1086 νεᾶς
465 1019 553 1083 64,
635 1021 1068 1102 Μεγαλοπρεπῶς
1159 1023 1256 1098 μὲν
1345 1023 1435 1080 οὖν
1519 1023 1674 1091 ἀξίως
1759 1031 1941 1104 πρῶτα

287 1111 386 1188 μὲν
433 1109 522 1168 ὑπ’
567 1115 739 1170 αὐτῶν
796 1117 901 1168 τῶν
961 1111 1242 1192 ἀχράντων
1299 1112 1619 1192 εὐαγγελίων
1675 1115 1764 1170 τὸν
1807 1111 1942 1191 πρέ-

285 1221 455 1258 ποντα
513 1197 770 1277 λαμϐάνει
829 1203 1194 1282 μακαρισμὸν,
1266 1203 1397 1280 πρὸς
1469 1204 1560 1259 τὸν
1628 1204 1826 1260 ἑαυτῶν
1880 1199 1944 1253 65

287 1289 370 1369 ἔφ’
443 1291 672 1357 ἑκάστης
729 1288 993 1357 δεσπότην
1050 1288 1422 1355 ἀναϐοώντων,
1499 1316 1528 1347 α
1611 1293 1853 1371 Μακαρία
1907 1294 1942 1360 ἡ

287 1377 464 1437 κοιλία
533 1381 568 1447 ἡ
637 1379 946 1456 βαστάσασά
1003 1401 1086 1450 σε,
1160 1381 1248 1437 καὶ
1313 1381 1526 1457 μαστοὶ,
1585 1380 1673 1445 οῦς
1744 1377 1942 1450 ἐθήλα-

289 1489 383 1532 νας
421 1487 434 1502 '
491 1457 599 1525 εἶθ’
649 1468 751 1524 ὑπὸ
802 1473 987 1524 πασῶν
1029 1473 1248 1546 γενεῶν,
1310 1471 1385 1533 ὡς
1449 1471 1484 1537 ἡ
1538 1469 1941 1549 προαγόρευσις,

286 1555 393 1625 ἤδη
451 1577 507 1614 τε
578 1556 990 1636 μεμακάρισται,
1063 1558 1150 1614 καὶ
1209 1561 1281 1622 είς
1337 1560 1429 1615 τὸν
1494 1561 1658 1615 αἰῶνα
1713 1580 1945 1640 μακαρι-

291 1647 566 1716 σθήσεται.

2027 592 2162 635 cum
2195 573 2325 656 ipsa
2357 584 2473 637 tam
2502 575 2766 653 ingentia
2793 575 2932 638 fecit
2965 578 3273 656 magnalia.
3301 576 3544 638 Beatam
3566 575 3669 636 ho-

2026 664 2220 725 mines
2251 665 2688 745 proclamemus
2748 666 3081 729 Conditoris
3140 667 3406 739 Matrem,
3459 683 3528 726 ex
3559 681 3679 744 qua

2028 759 2316 815 creaturae
2349 763 2406 818 et
2437 755 2730 835 reparatio
2766 763 2876 832 est,
2915 764 2972 818 et
3022 775 3172 816 nova
3229 752 3569 835 plasmatio.
3605 751 3671 813 In

2025 841 2084 904 id
2118 843 2418 924 conspirat
2447 844 2568 906 falli
2605 845 2876 906 nescium
2909 843 3304 926 prOphetissze
3337 843 3516 922 hujus
3549 859 3676 902 ma-

2027 951 2155 1012 gnae
2187 933 2558 1014 vaticinium,
2595 934 2737 996 dum
2767 933 2841 996 ab
2875 934 3151 995 omnibus
3194 929 3674 1010 generationibus

2027 1021 2258 1083 beatam
2292 1041 2356 1085 se
2414 1023 2794 1102 praedicatum
2856 1023 2931 1084 iri
2991 1024 3325 1084 aftirmavit.
3360 1019 3676 1092 Magniﬁce

2028 1128 2171 1188 ergo
2207 1119 2265 1171 et
2294 1111 2588 1190 condigne
2620 1113 3070 1173 convenientem
3092 1111 3278 1172 beatae
3301 1109 3678 1190 praedicatio-

2027 1218 2163 1260 nem
2185 1199 2375 1280 primo
2400 1200 2641 1280 quidem
2668 1199 2740 1261 ab
2765 1201 2911 1280 ipsis
2952 1199 3326 1262 intemeratis
3348 1195 3678 1276 Evangeliis

2026 1288 2265 1365 accipit,
2288 1307 2417 1368 quae
2437 1289 2510 1349 ad
2543 1287 2859 1350 Dominum
2886 1308 3060 1350 suum
3084 1287 3348 1369 quotidie
3377 1287 3674 1348 clamant:

2025 1377 2486 1452 Beatusventer,
2501 1380 2606 1456 qui
2619 1385 2673 1440 te
2680 1382 3035 1458 portavit,et
3047 1379 3236 1439 ubera
3247 1394 3381 1456 quae
3398 1376 3675 1446 suxistib;

2028 1465 2249 1527 deinde
2279 1485 2444 1540 vero,
2481 1475 2652 1546 prout
2683 1467 3025 1528 vaticinium
3076 1466 3401 1547 portendit,
3437 1463 3509 1525 ab
3541 1481 3675 1524 om-

2028 1553 2204 1616 nibus
2233 1554 2722 1633 generationibus
2754 1563 2810 1616 et
2833 1555 2958 1634 jam
3013 1553 3326 1636 przedicata
3360 1559 3450 1615 est
3478 1550 3675 1627 beata,

2029 1651 2090 1704 et
2123 1661 2308 1723 usque
2330 1643 2392 1703 in
2423 1644 2702 1704 saeculum
2731 1644 2904 1705 beata
2936 1643 3373 1724 praedicabitur.

376 1734 752 1814 Μακαριζέσθω
817 1736 987 1793 τοίνυν
1056 1739 1160 1816 οὐχ
1235 1734 1428 1804 ἥκιστα
1498 1737 1586 1794 καὶ
1668 1743 1754 1792 νῦν
1823 1731 1937 1817 παρ

2111 1733 2266 1810 Ergo
2299 1740 2357 1792 et
2386 1750 2544 1792 nunc
2573 1751 2608 1792 ει
2635 1731 2808 1792 nobis
2841 1732 3010 1793 beata
3041 1731 3477 1792 studiosissime
3507 1729 3672 1792 cele-

291 1828 470 1904 ἡμῶν,
503 1825 597 1881 καὶ
624 1825 716 1880 τὸν
745 1823 1087 1904 ὀφειλόμενον
1135 1824 1317 1903 ἔρανον
1364 1825 1424 1882 ἐκ
1479 1833 1572 1883 τοῦ
1629 1823 1747 1882 καθ’
1803 1827 1945 1900 ἡμᾶς

293 1912 409 1994 ἄρτι
465 1911 646 1992 γένους
703 1911 956 1977 ἀνενδεῶς
1013 1913 1414 1994 ἐκπληρούσθω.
1491 1934 1522 1976 (
1595 1915 1725 1972 Δότε
1813 1917 1944 1992 αὖτῇ

292 2004 399 2062 ἀπὸ
453 2010 658 2083 καρποῦ
732 2002 962 2082 χειλέων
1034 2005 1224 2083 αὐτῆς,
1297 2023 1328 2064 )
1397 2005 1430 2072 ἡ
1499 2005 1636 2085 σοφὴ
1691 2005 1945 2084 παροιμία

291 2093 428 2150 κατὰ
463 2093 646 2172 καιρὸν
698 2093 835 2167 ἡμῖν
893 2091 1222 2171 ἐγκελεύεται
1259 2111 1274 2128 ·
1317 2095 1474 2156 αὒτὸς
1534 2091 1588 2149 δὲ
1643 2091 1703 2148 ἂν
1734 2091 1942 2168 εἴποιμι

292 2180 521 2258 μᾶλλον,
558 2203 586 2236 κ
615 2179 722 2236 ἀπὸ
769 2188 972 2258 καρποῦ
1019 2179 1220 2246 κοιλίας
1269 2183 1432 2248 αὐτῆς
1466 2204 1494 2236 ο
1548 2201 1564 2218 ο
1623 2183 1710 2238 καὶ
1764 2178 1830 2236 δι’
1860 2183 1943 2238 εὖ·

290 2270 472 2349 λογίας
529 2269 741 2338 ἁπάσης
797 2271 833 2339 ἡ
891 2269 1229 2348 εὒλαγημένη
1285 2273 1564 2350 γεννήτρια
1619 2274 1717 2336 τῆς
1783 2267 1940 2328 εὐλο-

290 2361 408 2438 γίας
465 2357 695 2437 ἀγέσθω.
756 2361 845 2430 Μή
902 2381 982 2423 τις
1039 2357 1106 2409 66
1167 2360 1434 2438 ἀγνώμων
1489 2359 1626 2417 ἔστω
1667 2361 1786 2438 περὶ
1842 2360 1940 2427 τὴν

290 2446 550 2529 εὐεργέτιν
581 2445 645 2496 67
678 2462 692 2477 ⁸
727 2449 804 2524 μή
835 2471 916 2513 τις
943 2449 1245 2527 ὑπερόπτης
1287 2453 1385 2516 τῆς
1414 2446 1679 2525 βασιλίδος
1715 2467 1727 2480 ·
1764 2446 1829 2497 68
1859 2450 1934 2524 μή

288 2560 368 2602 τις
399 2536 671 2617 ὀλιγώρως
704 2536 848 2618 ἔχων
877 2539 1008 2617 πρὸς
1053 2538 1150 2605 τὴν
1209 2539 1466 2594 Δεσπότιν
1499 2553 1513 2568 ⁸
1568 2535 1704 2594 ἀλλὰ
1746 2538 1936 2615 πάντες

287 2626 402 2702 ἅμα
443 2627 532 2683 καὶ
592 2632 750 2682 πᾶεαι
810 2628 945 2702 μετὰ
998 2636 1090 2686 τοῦ
1144 2627 1505 2705 προσήκοντος
1549 2629 1750 2702 κόσμου
1806 2628 1936 2705 πρὸς

283 2717 385 2783 τὴν
458 2712 734 2790 πάνδημον
814 2721 1008 2783 ταύτην
1090 2715 1280 2796 ἑορτὴν
1362 2715 1776 2791 ἆπαντήσωμεν,
1848 2717 1936 2772 καὶ

286 2807 379 2863 σὺν
435 2801 688 2875 ἀλλήλοις
717 2802 782 2854 69
841 2808 974 2881 ὁμοῦ
1029 2803 1416 2885 φαιδρυνθῶμεν
1469 2809 1932 2884 πανηγυρίζοντες,

283 2893 521 2951 πλούσιοί
549 2915 606 2950 τε
633 2896 722 2951 καὶ
750 2894 997 2968 πένητες,
1043 2893 1239 2969 ὑψηλοί
1267 2915 1323 2949 τε
1352 2895 1440 2950 καὶ
1481 2895 1745 2966 ταπεινοὶ,
1772 2896 1935 2972 ἱερεῖς

2030 1819 2259 1887 bretur,
2294 1828 2353 1880 et
2382 1819 2647 1881 debitum
2700 1820 2754 1881 ei
2817 1820 3101 1881 tributum
3157 1839 3192 1880 a
3220 1838 3439 1898 genere
3470 1828 3676 1881 nostro

2031 1925 2190 1968 nunc
2218 1901 2606 1986 ipsum'large
2632 1907 2912 1970 solvatur.
2954 1908 3100 1969 Date
3145 1914 3204 1970 ei
3257 1908 3327 1970 de
3358 1910 3562 1986 fructu
3594 1908 3678 1970 la-

2029 1994 2267 2057 biornm
2289 1997 2438 2075 ejus.
2467 2006 2798 2076 opportune
2826 1996 2999 2058 nobis
3018 1997 3256 2078 sapiens
3299 1997 3678 2078 proverbium

2028 2083 2435 2164 indicit°;ipse
2458 2103 2593 2144 vero
2619 2086 2810 2164 potius
2836 2085 3112 2166 dixerim,
3139 2087 3213 2148 de
3229 2085 3441 2161 [ructu
3455 2087 3682 2147 ventris

2025 2175 2184 2249 eius;
2214 2182 2388 2253 atque
2407 2173 2569 2233 omni
2612 2172 3029 2235 benedictione
3070 2174 3388 2236 benedicta
3413 2173 3677 2237 Genitrix

2025 2259 2461 2322 benedictionis
2491 2260 2846 2323 celebretur.
2873 2261 2960 2324 Ne
2991 2263 3124 2342 quis
3161 2264 3452 2325 adversus
3482 2262 3676 2325 bene-

2023 2348 2325 2411 factricem
2359 2349 2626 2428 ingratus
2652 2351 2932 2426 exsistat;
2961 2371 3034 2412 ne
3059 2352 3192 2432 quis
3225 2352 3524 2431 superbus
3559 2353 3676 2414 Re-

2023 2442 2178 2518 gina:
2208 2447 2582 2518 contemptor
2610 2459 2624 2500 :
2687 2458 2760 2500 ne
2819 2440 2953 2520 quis
2983 2460 3123 2520 erga
3153 2441 3463 2502 Dominam
3498 2441 3673 2502 incu-

2016 2529 2191 2604 rius;
2251 2529 2355 2590 sed
2414 2527 2617 2589 cuncti
2647 2528 2846 2604 simul,
2907 2538 2971 2590 ut
3001 2539 3229 2592 cunctae
3259 2549 3395 2590 cum
3427 2530 3670 2591 decenti

2017 2627 2229 2680 ornatu
2258 2617 2332 2677 ad
2360 2636 2740 2678 communem
2774 2619 2926 2679 hanc
2976 2619 3416 2680 solemnitatem
3448 2636 3670 2679 come--

2017 2706 2273 2780 niamus,
2309 2714 2364 2766 et
2397 2724 2605 2767 omnes
2650 2706 2826 2766 simul
2861 2714 3125 2770 texentes
3155 2708 3376 2781 laudes,
3414 2716 3534 2768 tum
3569 2708 3667 2769 di-

2016 2798 2164 2857 vites
2217 2795 2581 2857 colletaemur
2635 2803 2758 2856 tum
2820 2813 3134 2876 pauperes,
3191 2795 3580 2877 praecelsique
3609 2805 3672 2858 et

2017 2883 2295 2964 humiles,
2324 2884 2666 2945 sacerdotes
2697 2893 2754 2945 et
2786 2885 3062 2966 populus,
3096 2885 3341 2947 solitarii
3376 2893 3434 2946 et
3465 2887 3527 2946 in
3561 2904 3665 2946 so-

280 2984 368 3040 καὶ
396 2980 548 3057 λαὸς,
584 2981 858 3058 μοναδικοὶ
887 2985 974 3040 καὶ
1003 2980 1221 3060 μιγάδες
1249 3003 1258 3016 ⁸
1287 2980 1408 3039 ὅσον
1434 2981 1486 3038 ἐν
1506 2980 1779 3061 ἄρχουσιν,
1806 2981 1930 3038 ὅσον

2021 2973 2224 3035 cietate
2255 2974 2536 3047 viventes,
2573 2982 2629 3034 et
2660 2985 2942 3054 quantum
2974 2975 3034 3035 in
3067 2993 3131 3036 se
3155 2983 3265 3050 est,
3300 2973 3665 3056 imperantes

279 3073 336 3130 ὲν
365 3071 708 3154 ἀρχομένοις,
757 3071 880 3129 ὅσον
909 3073 961 3129 έν
1004 3071 1270 3150 ἀνδράσιν,
1319 3069 1442 3126 ὅσον
1472 3070 1526 3126 ἐν
1569 3069 1821 3150 φυναιξίν,

2021 3070 2070 3123 et
2099 3062 2344 3140 subditi,
2379 3062 2489 3122 viri
2520 3079 2590 3122 ac
2624 3050 2929 3126 mulieres.

361 3149 492 3226 K'Oi.
527 3161 691 3221 Ἀλλὰ
737 3161 928 3238 μεταξὺ
969 3149 1172 3240 λέγοντί
1227 3149 1318 3236 μοι
1377 3158 1670 3238 προσέπεσέ
1713 3181 1762 3214 τι
1819 3165 1922 3217 τῶν

2090 3150 2303 3214 XXIX.
2342 3152 2559 3240 Verum
2593 3149 2748 3211 inter
2806 3152 3129 3215 dicendum
3165 3153 3312 3215 mihi
3347 3153 3656 3233 quidpiam

278 3250 610 3332 ἀϐουλήτων,
645 3249 848 3328 μᾶλλον
890 3248 944 3306 δὲ
973 3239 1078 3306 τῶν
1121 3270 1186 3320 τᾳ
1239 3247 1380 3314 τάξει
1439 3248 1766 3330 μαχομένων
1825 3254 1922 3315 τῆς

2021 3240 2244 3315 excidit,
2273 3239 2429 3319 quod
2455 3239 2792 3300 inconsulte
2816 3243 3132 3321 prolatum,
3169 3262 3273 3304 seu
3309 3243 3502 3323 potius
3521 3261 3656 3303 cum

276 3343 504 3423 φύσεως.
553 3329 614 3398 Al
670 3342 769 3419 γάρ
828 3361 893 3414 με
950 3353 1200 3417 γυναῖκες
1255 3337 1470 3394 ἐνταῦθα
1524 3329 1919 3418 πλεονεκτοῦσι,

2021 3329 2216 3390 )Pdine
2236 3339 2457 3388 natura
2479 3347 2746 3407 pugnans
2773 3330 2961 3391 videri
2988 3341 3198 3412 potest.
3226 3334 3335 3395 Hic
3368 3333 3528 3393 enim
3562 3350 3660 3393 me

276 3433 365 3488 καὶ
394 3431 593 3496 ἀξιοῦσι
621 3429 931 3510 πρωτεύειν,
966 3426 1048 3491 εἵς
1090 3449 1150 3506 γε
1205 3435 1358 3484 τοῦτο
1413 3429 1474 3482 τὸ
1528 3427 1712 3507 μέρος,
1767 3429 1920 3502 ἡμῶν

2021 3417 2247 3479 vincunt
2299 3416 2609 3490 mulieres,
2673 3425 2730 3477 et
2787 3418 2899 3479 hac
2948 3421 3156 3481 saltem
3209 3440 3277 3482 ex
3335 3431 3498 3501 parte
3536 3438 3661 3482 me-

271 3522 376 3577 τῶν
433 3503 675 3600 ἀνδρῶν,
715 3523 799 3584 οἷς
880 3519 940 3574 τὸ
1011 3516 1196 3598 ἄρχειν
1255 3518 1423 3572 αὖτῶν
1493 3517 1580 3572 καὶ
1648 3523 1923 3596 πανταχοῦ

2021 3507 2116 3568 'ito
2162 3505 2502 3600 praecedunt
2560 3503 2732 3566 nobis
2788 3506 2951 3582 viris,
3014 3509 3230 3589 quibus
3291 3519 3414 3571 tum
3446 3517 3656 3570 natura

269 3587 662 3688 προκεκρίσθαι,
712 3607 830 3675 ἥτε
876 3587 1239 3687 quoniam
1295 3603 1533 3660 ἀπέδωκε
1590 3607 1678 3662 καὶ
1735 3608 1762 3662 ὁ

2021 3603 2400 3688 ._um_naturze
2455 3591 2700 3688 Creator
2750 3593 2916 3688 dedit
2969 3587 3225 3677 pridem,
3288 3609 3353 3661 ut
3403 3602 3464 3660 in
3518 3598 3651 3688 illas

269 3698 421 3778 φύσιν
490 3697 885 3778 δημιουργήσας
921 3712 935 3726 ⁸
1024 3697 1089 3752 τὰ
1165 3703 1258 3753 του
1315 3693 1498 3773 γένους
1567 3702 1691 3773 γοῦν
1745 3692 1916 3753 δίκαια

2021 3684 2468 3754 lominaremur,
2489 3683 2826 3764 primasque
2845 3684 2905 3745 in
2933 3687 3212 3749 omnibus
3245 3696 3443 3769 partes
3471 3686 3655 3749 habe-

266 3772 444 3847 πολλὰ
510 3772 634 3867 παρ’
685 3772 880 3850 ἀῦτατς
939 3786 1026 3842 καὶ
1077 3772 1382 3862 βοηθεῖσθαι
1443 3772 1649 3842 δοκοῦσι
1706 3806 1912 3841 παντα-

2021 3792 2238 3850 ἐῐηιιε;
2272 3773 2483 3867 Διτιυιιει
2537 3772 2729 3867 igitur
2791 3792 2965 3837 sexus
3016 3779 3153 3857 jura
3211 3786 3273 3840 et
3327 3777 3448 3839 illis
3508 3796 3655 3858 sup-

266 3876 428 3958 χόθεν
460 3877 532 3941 εἰς
561 3861 658 3943 ⁸νέην
691 3874 1034 3954 προτίμησιν.
1081 3876 1198 3954 Οὐχ
1246 3875 1407 3940 ἧττον
1463 3870 1559 3947 μέν
1589 3895 1638 3928 τι
1669 3873 1913 3930 κάκεῖναι

2021 3872 2201 3925 vetere
2231 3861 2511 3924 videntur
2539 3863 2611 3923 ad
2646 3861 2867 3940 primos
2899 3885 3329 3949 usquequaque
3361 3868 3651 3929 honores.

265 3950 396 4046 πρὸς
428 3966 614 4030 ἑαυτὰς
644 3950 1009 4035 στασιάζουσιν
1037 3961 1122 4038 70,
1156 3950 1207 4018 et
1236 3960 1481 4040 παρθένοι
1511 3963 1640 4041 πρὸς
1672 3963 1765 4026 τὰς
1797 3987 1908 4038 μη-

2021 3952 2197 4034 teque
2230 3951 2424 4012 minus
2458 3950 2718 4046 profecto
2779 3960 2836 4013 et
2888 3951 3003 4016 illae
3059 3957 3215 4019 inter
3245 3977 3308 4019 se
3342 3957 3652 4031 dimicant,

263 4039 444 4134 τέρας,
475 4056 528 4110 αἱ
556 4052 782 4132 μητέρες
812 4053 943 4130 πρὸς
966 4053 1060 4116 τὰς
1078 4039 1385 4131 παρθένους,
1417 4039 1913 4132 καὶτριλονεικοῦσιν

2021 4043 2253 4122 'irgines
2281 4059 2419 4101 cum
2451 4039 2759 4115 matribus,
2799 4055 3016 4106 matres
3047 4065 3180 4106 cum
3213 4047 3567 4127 virginibus,
3594 4054 3654 4108 et

265 4132 388 4200 ὅλον
419 4132 661 4220 ἑκάτεραι
685 4143 748 4198 τὸ
775 4140 828 4190 Ἠ
861 4143 1036 4200 κοινὸν
1063 4139 1388 4200 ἰδιώσασθαι.

2021 4132 2154 4214 ιυοά
2187 4147 2505 4220 commune
2532 4136 2642 4209 est,
2703 4138 2970 4213 utraeque
3033 4135 3148 4196 sibi
3199 4146 3480 4218 tanquam
3510 4154 3652 4216 pro—

1995 4223 2196 4305 prium
2228 4218 2534 4280 vindicare
2569 4227 2752 4280 totum
2787 4225 3179 4288 contendunt.

347 4320 515 4380 Ἀλλὰ
568 4321 780 4384 ταύταις
826 4320 945 4395 μὲν,
1001 4322 1045 4376 εἰ
1087 4317 1253 4392 δοκεῖ,
1303 4317 1647 4398 καταλλαγὴν
1675 4318 1734 4369 ’7Ξ
1785 4323 1911 4400 πρὸς

2077 4314 2300 4374 Verum
2327 4308 2422 4378 his
2444 4306 2710 4400 quidem,
2744 4309 2793 4400 si
2825 4311 2904 4372 ita
2934 4313 3190 4389 videtur,
3227 4321 3490 4374 mutuam
3516 4331 3656 4374 con-

263 4410 505 4481 ἆλλήλας
532 4411 697 4487 ἡμεῖς
727 4407 1054 4486 ἐπινάξωμεν
1113 4416 1190 4484 τῷ
1242 4413 1342 4476 τῆς
1399 4410 1624 4488 φυσικῆς
1682 4398 1937 4476 ἐξουσίαςῖ

2021 4402 2362 4464 :iliationem
2394 4398 2773 4488 nosmetipsi
2823 4401 3221 4482 imponamus,
3277 4402 3563 4464 naturalis
3593 4401 3656 4463 in

263 4501 427 4581 ὃρθῶς
479 4485 813 4580 χρησάμενοι
861 4500 1030 4573 νόμῳ,
1089 4498 1178 4553 καὶ
1196 4497 1317 4567 ,ἴτην
1374 4485 1502 4562 ἴσην
1530 4492 1584 4536 73
1640 4498 1910 4578 ἑκατέραις

2023 4509 2159 4574 psas
2192 4485 2500 4581 potestatis
2551 4485 2690 4564 jure
2748 4498 2910 4581 recte
2966 4500 3225 4572 utentes,
3276 4501 3334 4553 et
3363 4491 3655 4572 aequalem

262 4575 644 4665 ἀπονείμαντες
677 4599 871 4667 μοῖραν
901 4604 913 4617 ·
950 4586 1010 4642 03
1041 4586 1140 4666 γὰρ
1169 4591 1325 4641 τοῦτο
1383 4583 1584 4660 μᾶλλον
1641 4585 1677 4651 ἢ
1733 4575 1906 4662 τοῦτο,

2021 4581 2268 4661 atrisque
2303 4575 3084 4667 portionemassignantes:
3122 4599 3254 4660 quae
3275 4581 3436 4642 enim
3468 4581 3655 4642 hono-

261 4675 380 4735 ἆλλ’
426 4678 614 4745 ἐπίσης
681 4665 976 4756 ἆμςρότερα,
1049 4665 1138 4732 καὶ
1206 4673 1456 4753 παρθένος
1523 4675 1610 4730 καὶ
1653 4677 1834 4755 μήτηρ
1875 4680 1910 4745 ἡ

2021 4681 2192 4741 'atur,
2228 4687 2346 4728 non
2377 4665 2701 4756 hocgmagis
2721 4678 2808 4728 est
2829 4689 3002 4746 quam
3043 4669 3218 4739 istud,
3253 4669 3356 4731 sed
3375 4687 3654 4750 perzeque

261 4765 570 4846 τιμωμένη,
645 4767 732 4822 καὶ
806 4767 984 4821 κοινὸν
1043 4765 1240 4840 ὁμοίως
1299 4763 1525 4827 ἁπάσαις
1597 4763 1795 4841 γυναιξὶ
1853 4769 1912 4823 τὸ

260 4853 619 4930 καλλώπισμα
645 4853 730 4916 74.
765 4853 958 4917 Αὖτοτς
987 4850 1033 4908 δ’
1079 4855 1213 4928 ἡμῖν
1256 4852 1386 4930 πρὸς
1432 4849 1633 4916 ὲκείνας
1691 4854 1912 4920 εἰσαῦθις

259 4946 295 5012 ἡ
326 4941 498 5000 δικαία
552 4944 698 5024 τάχα
738 4941 939 4998 δικάσει
989 4942 1077 4998 καὶ
1128 4940 1282 5007 κοινὴ
1340 4939 1623 5014 Δέσποινα,
1685 4945 1916 5010 ὁπηνίκα

2001 4772 2342 4840 utrumque,
2378 4762 2436 4816 et
2464 4754 2625 4832 virgo
2655 4764 2713 4816 et
2769 4767 2980 4841 mater,
3015 4767 3074 4821 et
3101 4778 3418 4821 commune
3449 4759 3650 4822 omni-

1997 4853 2106 4913 bus
2137 4869 2208 4911 ex
2241 4864 2409 4928 aequo
2444 4845 2794 4909 mulieribus
2826 4859 2915 4910 est
2945 4856 3385 4912 ornamentum.
3408 4847 3477 4909 Et
3505 4867 3646 4910 rur-

1997 4960 2098 5003 sus
2127 4937 2284 5020 quod
2316 4944 2390 4997 ad
2424 4952 2531 4994 nos
2559 4934 2722 5015 ipsos
2774 4956 2896 5020 prae
2941 4939 3061 5000 illis
3092 4946 3338 5019 spectat,
3364 4940 3526 5019 justa
3555 4939 3656 5001 illa

259 5034 348 5089 καὶ
377 5031 523 5098 ὅπως
555 5023 830 5103 εὐδοκήσοι
875 5032 961 5088 καὶ
990 5031 1290 5108 δοκιμάσοι.
1349 5031 1426 5089 Τὰ
1486 5027 1538 5085 δὲ
1596 5041 1682 5088 νῦν
1731 5031 1914 5112 (ἑορτὴ

2021 5045 2058 5096 ιι
2089 5025 2430 5095 communis
2488 5023 2764 5110 Domina,
2821 5028 3060 5109 quando
3116 5036 3174 5091 et
3217 5029 3515 5110 quomodo
3563 5029 3648 5091 illi

343 5197 369 5231 ³
400 5190 543 5257 Luc.
579 5209 621 5268 ι,
656 5192 759 5256 ιε.
845 5185 871 5229 δ
901 5192 1046 5255 Luc.
1079 5207 1161 5267 xx,
1194 5191 1294 5256 27.
1383 5197 1406 5230 ο
1433 5188 1604 5256 Prov.
1637 5207 1799 5270 XXXI,
1833 5193 1937 5273 3t,

2021 5215 2092 5259 ac.
2127 5195 2297 5258 LXX.

1680 5351 1874 5418 Variae
1905 5355 2219 5420 lectiones.

335 5519 392 5570 δι
429 5519 602 5582 Laur.
633 5524 934 5592 ποιήσαντι.
1023 5517 1082 5567 θ’
1110 5515 1242 5580 Vat.
1277 5516 1569 5599 ἀναπλάσις
1617 5518 1704 5572 καὶ
1754 5517 2064 5599 ἆνόρθωσις,

253 5600 321 5652 θδ
348 5600 533 5665 Codd.
563 5603 775 5665 ἑαυτόν.
861 5599 926 5650 66
957 5599 1130 5662 Laur.
1163 5600 1199 5668 ἥ
1229 5624 1334 5665 τις,
1419 5597 1481 5648 67
1513 5597 2028 5678 [ιὸυιξ-ερεργέτην.

255 5680 442 5742 sionis
471 5689 560 5742 est
592 5699 792 5744 causa.
880 5682 944 5733 69
983 5685 1153 5744 Laur.
1192 5680 1567 5752 συνκλλήλοις,

257 5760 390 5822 ἴσιν.
477 5760 541 5812 7‘
572 5763 745 5827 Laur.
781 5764 1125 5840 καλώπισμα.

2150 5523 2215 5576 63
2265 5525 2442 5588 Laur.
2495 5527 2967 5605 μαάαρισθήσεσαι.
3055 5521 3120 5573 64
3175 5523 3350 5605 Laur.
3414 5523 3648 5605 γενκιᾷς.

2114 5603 2179 5657 68
2209 5605 2385 5668 Laur.
2418 5600 2532 5668 hoc
2562 5600 2818 5668 incisum
2847 5603 3036 5680 abest,
3072 5621 3184 5666 nec
3213 5600 3432 5662 obcura
3466 5601 3655 5664 omis-

1653 5675 1720 5724 70
1737 5675 1914 5742 Laur.

2021 5688 2336 5760 κσιάζουσαι,
2426 5686 2819 5750 7¹Οοάό.τόν.
2907 5685 2964 5733 79
2986 5675 3312 5763 καταλογήν.
3399 5680 3652 5744 73Laur.
