4144 6378
521 395 674 462 1107

1769 396 1802 458 J
1807 394 1958 458 OAN
1963 394 2016 455 N
2022 391 2092 454 IS
2133 385 2693 460 EUCHAITENSIS

3767 387 3919 454 1108

514 529 818 635 placuerit.
832 549 901 595 ac
923 533 1113 594 visum
1144 531 1343 633 fuerit,
1371 531 1542 593 facile
1594 525 1967 630 dijudicabit.
2003 521 2162 635 Quod

2255 525 2354 603 γάρ
2384 528 2544 602 ἡμῖν,
2601 527 2722 584 ἀλλ’
2764 531 2858 587 οὐκ
2899 529 3044 607 ἀγὼν
3087 530 3151 584 τὸ
3193 525 3572 606 προκείμενον)
3635 524 3692 582 ἐν
3737 525 3917 604 εἰρήνῃ

513 627 714 681 autem
747 621 820 682 ad
857 639 1119 702 praesens
1179 621 1390 682 attinet
1444 623 1589 700 (non
1647 619 1807 680 enim
1841 613 2171 702 ineundum

515 700 982 784 certamen,_sed
1031 710 1378 772 solemnitas
1406 708 1580 770 nobis
1627 706 1855 787 agenda
1885 700 2174 785 proponi-

514 795 635 878 tur)
673 807 1030 861 conventum
1064 802 1124 860 in
1155 818 1301 880 pace
1358 798 1755 870 celebremus,
1794 793 1852 856 in
1886 792 2172 856 charitate

513 884 690 947 simul
724 907 1076 967 peragamus
1105 889 1345 958 festum,
1381 894 1440 950 et
1468 887 1712 968 pulchro
1731 884 1989 965 quodam
2013 883 2162 942 inte-

513 975 629 1035 rim
660 976 732 1038 ad
769 996 971 1058 parem
1022 978 1458 1059 assequendum
1519 978 1807 1038 honorem
1841 970 2170 1035 certamine

515 1081 650 1125 cum
715 1068 871 1128 inter
918 1070 1315 1148 nosmetipsos
1372 1066 1647 1140 invicem,
1711 1073 1830 1125 tum
1885 1080 2021 1123 cum
2051 1059 2170 1120 illis

514 1163 819 1234 suscepto,
857 1156 1200 1218 nullatenus
1234 1157 1454 1236 primas
1485 1155 1793 1216 cedamus.
1829 1151 2166 1213 Erubesca-

516 1259 648 1302 mus
678 1242 814 1324 viri,
847 1245 1002 1326 quod
1035 1245 1108 1306 ad
1138 1245 1359 1324 optima
1392 1263 1640 1324 quaeque
1674 1240 2028 1303 mulieribus
2053 1239 2168 1299 im-

512 1327 864 1396 becilliores
919 1351 1368 1414 appareamus;
1423 1341 1481 1394 et
1540 1333 1637 1394 hic
1677 1348 1913 1411 quoque
1944 1327 2170 1389 ordinis

513 1419 828 1499 primatum
862 1425 1055 1502 potius
1115 1441 1184 1484 ex
1245 1424 1503 1503 primatu
1561 1421 1753 1502 quoad
1789 1420 1899 1480 ista
1932 1433 2170 1478 sumere

510 1510 775 1573 studiose
804 1512 1164 1576 adnitamur.
1204 1512 1556 1574 Erubescite
1596 1519 1833 1582 matres,
1859 1505 2016 1589 quod
2046 1506 2172 1565 vin-

2253 617 2718 694 πανηγυρίσωμεν,
2780 617 2834 672 ἐν
2903 618 3088 695 ἀγάπῃ
3156 618 3619 696 συνεορτάσωμεν,
3682 616 3771 671 καὶ
3823 614 3918 680 τὴν

2253 703 2422 771 καλὴν
2482 704 2611 770 τέως
2670 705 2900 780 ἅμιλλαν
2943 708 3074 785 πρὸς
3115 705 3377 775 ἀλλήλους
3449 705 3568 780 ἅμα
3639 705 3729 761 καὶ
3785 704 3916 781 πρὸς

2255 791 2455 856 ἐκείνας
2521 791 2639 850 κατ’
2705 793 2966 868 ἰσοτιμίαν
3027 792 3408 869 ἁμιλληθῶμεν
3457 793 3546 856 75.
3607 793 3916 871 Αἷσχυνθῶ-

2255 903 2350 956 μεν
2435 880 2613 959 ἄνδρες
2689 888 2915 962 φανῆναι
2989 886 3249 960 γυναικῶν
3335 883 3592 946 ἐλάττους
3670 881 3788 958 περὶ
3855 879 3914 932 νά

2251 970 2503 1048 κράτιστα
2539 987 2553 1000 ⁶
2615 973 2705 1028 καὶ
2757 973 2819 1028 τὸ
2887 969 3166 1051 πρεσϐεῖον
3223 973 3490 1030 κάνταῦθα
3563 977 3663 1038 τῆς
3721 967 3910 1033 τάξεως

2252 1058 2312 1115 ἐκ
2367 1068 2458 1116 τοῦ
2527 1062 2663 1118 κατά
2717 1071 2880 1120 ταῦτα
2939 1059 3140 1138 μᾶλλον
3198 1062 3460 1140 πρωτείου
3517 1058 3706 1117 λαϐεῖν
3762 1055 3911 1137 φιλο-

2251 1150 2621 1224 τιμησώμεθα.
2698 1147 3004 1220 Αἷδέσθητε,
3076 1150 3326 1227 μητέρες,
3407 1153 3714 1218 ἡττηθῆναι
3770 1167 3904 1224 παρ-

2250 1237 2433 1314 θένων,
2470 1243 2558 1302 αἷς
2590 1238 2738 1294 αὐταὶ
2768 1241 2857 1296 τὸν
2889 1240 3110 1318 νυμφίον
3139 1241 3230 1295 τὸν
3257 1242 3488 1318 καθαρὸν
3519 1238 3582 1295 ἐκ
3611 1240 3828 1312 καθαρᾶς
3848 1231 3906 1281 76

2255 1330 2454 1406 μητρὸς
2484 1328 2821 1408 ἐχαρίσασθε.
2858 1327 3162 1402 Αἰδέσθητε,
3197 1328 3466 1406 παρθένοι,
3503 1326 3752 1407 μητέρων
3781 1325 3902 1381 ἀπο·

2253 1414 2550 1496 λειφθῆναι,
2598 1419 2688 1480 αἷς
2719 1417 2868 1473 αὐταὶ
2917 1419 2979 1473 τὸ
3011 1417 3202 1492 μηκέτι
3233 1417 3428 1473 τίκτειν
3462 1417 3516 1474 ἐν
3545 1416 3736 1476 λύπαις
3778 1411 3908 1468 ἐδώ-

2253 1525 2403 1579 κατε,
2434 1503 2500 1559 δι’
2531 1505 2828 1580 ἀμωμήτου
2873 1506 3126 1584 παρθένου
3167 1505 3221 1562 ἐν
3279 1512 3423 1585 χαρᾷ
3476 1507 3570 1562 καὶ
3613 1503 3786 1584 χαρὰν
3826 1500 3910 1556 καὶ

511 1598 732 1661 camini
761 1619 794 1662 a
821 1600 1170 1679 virginibus,
1203 1601 1420 1681 quibus
1451 1601 1595 1680 ipsa:
1637 1616 1847 1676 purum
1882 1612 2162 1676 sponsum

2254 1595 2512 1660 τεκούσης
2549 1594 2660 1666 ἅμα
2689 1596 2776 1650 καὶ
2809 1592 3191 1661 συλλαϐούσης.

509 1705 617 1766 per
647 1706 856 1767 puram
888 1677 1138 1750 matrem
1169 1677 1393 1768 largita;
1424 1677 1590 1749 estis.
1621 1685 1972 1748 Erubescite
2003 1682 2284 1758 virgines,
2317 1681 2473 1761 quod
2505 1680 2670 1742 vobis
2722 1682 3056 1761 praecedant
3105 1690 3348 1762 matres,
3379 1680 3604 1763 quibus
3633 1697 3736 1741 vos
3766 1677 3905 1758 ipsa).

510 1775 782 1853 dedistis,
818 1785 881 1839 ut
911 1798 1026 1839 non
1053 1780 1307 1860 amplius
1336 1778 1398 1838 in
1429 1779 1634 1840 dolore
1662 1777 1912 1858 pariant,
1951 1792 2054 1854 per
2087 1772 2396 1853 Virginem
2428 1772 2658 1835 scilicet
2686 1772 3152 1848 immaculatam,
3185 1793 3316 1855 qua:
3344 1774 3405 1834 in
3439 1773 3658 1852 gaudio
3691 1782 3909 1850 elgau-

511 1863 673 1925 dium
706 1875 764 1926 et
794 1868 1022 1946 peperit
1044 1869 1212 1948 juxta
1245 1877 1301 1929 et
1331 1869 1627 1946 concepit.
2388 1941 2396 1948 _
3333 1921 3340 1928 .

592 1941 1202 2036 ΧΧΧᾙἾὸι-υιῐιῖιυίιι
1254 1974 1359 2037 per
1417 1941 1647 2035 singula
1701 1973 1769 2015 ex
1801 1953 2011 2014 ordine
2042 1951 2162 2012 dis-

2331 1941 2417 2013 A'.
2453 1953 2513 2010 Τί
2563 1975 2652 2023 μοι
2702 1951 2996 2010 διατάττειν
3041 1951 3156 2009 καθ’
3214 1951 3460 2031 Eme-t1;
3525 1955 3587 2010 Τί
3742 1948 3910 2026 λέγειν

513 2041 747 2102 curro?
796 2051 896 2104 aut
947 2044 1088 2124 quid
1134 2036 1300 2126 plura
1359 2043 1774 2126 persequendo
1830 2043 2162 2103 immoror‘i

2254 2042 2315 2097 τὰ
2362 2040 2575 2121 πλείω;
2644 2049 2748 2100 Νῦν
2806 2039 3023 2121 ἄγγελοι
3087 2043 3381 2122 χαίρουσιν.
3452 2063 3480 2095 σ
3543 2036 3906 2098 ἀναϐαίνοντες

513 2131 682 2194 Nunc
705 2132 920 2210 gaudio
945 2136 1201 2211 gestiunt
1225 2133 1416 2212 angeli
1441 2133 1832 2195 ascendentes
1854 2139 1909 2193 et
1929 2133 2157 2192 descen.

2254 2132 2337 2186 καὶ
2395 2128 2828 2203 καταϐαίνοντες,
2906 2131 2990 2188 ἐπὶ
3060 2152 3117 2186 τε
3187 2133 3279 2187 τὸν
3352 2131 3475 2186 Υἱὸν
3547 2139 3642 2188 τοῦ
3709 2126 3908 2204 ἀνθρώ-

509 2218 720 2282 dentes
746 2229 875 2282 tum
899 2239 1091 2301 supra
1119 2223 1347 2284 Filium.
1368 2221 1687 2284 homz'nisd.
1713 2229 1832 2280 tum
1848 2237 2028 2298 supra
2051 2235 2165 2277 ma-

511 2314 661 2368 trem
687 2308 1031 2371 hominemf
1069 2321 1126 2372 et
1169 2312 1320 2373 alter
1341 2310 1513 2373 alteri
1539 2309 1832 2381 indicunt,
1868 2317 1928 2368 ut
1960 2324 2164 2367 rursus

509 2395 815 2458 eleventur
842 2407 1044 2478 portae,
1071 2419 1187 2461 non
1215 2401 1456 2480 quidem
1501 2408 1564 2461 ut
1606 2398 1789 2478 prius,
1825 2397 2164 2458 dubitantes

509 2491 566 2546 et
587 2485 980 2549 sciscitantes:
1000 2488 1156 2564 Quis
1178 2497 1264 2551 est
1289 2495 1396 2551 iste
1419 2488 1547 2550 Rea:
1565 2487 1777 2569 gloria:
1791 2486 1844 2547 °?
1859 2485 1888 2548 J
1896 2505 1986 2546 am
2003 2485 2160 2546 enim

510 2592 618 2654 per
649 2575 800 2637 hanc
827 2577 1015 2657 ipsam
1036 2578 1231 2639 etillis
1261 2577 1636 2658 apertissime
1681 2575 1972 2655 apparuit,
2005 2571 2163 2654 quod

511 2665 612 2743 qui
648 2666 812 2744 prius
836 2667 976 2727 inde
1001 2667 1336 2740 descendit,
1365 2667 1464 2728 ille
1487 2667 1644 2726 idem
1672 2673 1786 2744 est,
1822 2664 1921 2744 qui
1950 2663 2162 2723 iterum

514 2751 742 2814 deinde
774 2762 834 2816 et
865 2756 1217 2828 ascenditt;
1271 2755 1376 2817 sed
1430 2774 1498 2816 ex
1554 2754 1669 2814 alia
1699 2752 2007 2831 Scriptura
2039 2751 2165 2831 pari

438 2873 444 2877 -
518 2858 654 2901 cum
690 2851 934 2922 stupore
966 2843 1081 2906 alia
1109 2843 1512 2922 interrogant:
1565 2841 1718 2916 Quae
1747 2851 1828 2903 est
1861 2843 2004 2919 ista,
2036 2857 2166 2918 qua:

514 2931 786 2992 ascendit
809 2934 966 2994 sicut
988 2951 1211 2995 aurora
1234 2949 1621 3011 consurgens,
1647 2930 1901 3011 pulchra
1917 2929 2162 3002 uttunu,

513 3017 692 3080 electa
723 3027 788 3081 ut
818 3021 908 3083 sol
938 3047 967 3090 ε
993 3021 1024 3081 ?

592 3105 761 3170 Nunc
805 3128 910 3172 aer
961 3128 1213 3173 ascensu
1241 3120 1582 3173 sanctorum
1642 3107 2064 3188 sanctiﬁcatur,
2100 3125 2168 3168 ac

523 3215 672 3259 nova
694 3198 829 3261 luce
855 3211 1014 3261 totus
1036 3200 1425 3277 illuminatur,
1453 3219 1520 3262 ac
1542 3199 1815 3278 refulget.
1834 3200 2005 3260 Nunc
2027 3196 2166 3259 caali

2251 2241 2374 2289 που,
2410 2239 2439 2278 ι
2476 2221 2564 2276 καὶ
2593 2221 2691 2288 τὴν
2723 2221 2927 2299 μητέρα
2972 2221 3071 2287 τὴν
3129 2219 3398 2299 ἄνθρωπον
3435 2235 3450 2249 ⁸
3508 2221 3599 2276 καὶ
3655 2219 3754 2285 τὴν
3809 2216 3908 2272 τῶν

2250 2307 2392 2364 "rel"
2516 2309 2623 2364 ὖθι·
2677 2309 2701 2328 ”
2947 2308 3104 2364 ’λλτίὶ
3255 2307 3277 2326 ’⁵
3479 2311 3489 2328 ’
3562 2331 3590 2342 -
3754 2310 3771 2343 ?
3879 2305 3898 2322 "

2297 2333 2321 2363 δ
2367 2333 2432 2362 νυν
2478 2331 2509 2364 α
2578 2332 2620 2372 ι..
2679 2331 2894 2388 επαρσιν
2937 2331 2970 2365 α
3066 2329 3194 2380 ιιοις
3249 2307 3675 2382 διακελευονιαι,
3723 2329 3824 2386 ωχ
3877 2327 3908 2358 α

2245 2419 2307 2454 το
2335 2399 2452 2475 πρὶν
2503 2397 2819 2477 ἀποροῦντες
2861 2399 2948 2454 καὶ
2997 2397 3375 2473 πυνθανόμενοι
3407 2397 3494 2468 77,
3550 2421 3578 2452 α
3625 2398 3716 2458 Τίς
3772 2395 3905 2450 ἐστιν

2247 2489 2397 2548 οὗτος
2456 2490 2483 2543 6
2542 2487 2794 2550 Βασιλεὺς
2841 2493 2940 2554 τῆς
2998 2487 3204 2562 δόξηςς
3265 2510 3292 2541 ι)
3349 2485 3456 2554 ἤδη
3511 2488 3613 2565 γὰρ
3671 2484 3900 2563 ἐγνώσθη

2246 2576 2507 2639 κάκείνοις
2539 2575 2786 2656 ἐμφανῶς
2844 2575 2927 2632 διὰ
2982 2579 3203 2653 ’ταύτης⁷
3263 2574 3344 2632 ὅτι
3403 2579 3432 2632 6
3497 2573 3734 2638 καταϐας
3790 2573 3902 2651 πρὶν

2249 2665 2470 2741 ἐκεῖθεν,
2520 2668 2676 2728 αὐτὸς
2736 2666 2939 2728 ἐκεῖνός
2997 2665 3137 2721 ἐστιν
3169 2665 3230 2714 78
3286 2666 3374 2722 καὶ
3418 2668 3447 2722 ὁ
3493 2662 3692 2728 ἀναϐὰς
3750 2659 3901 2719 πάλιν

2247 2753 2459 2833 ὕστερον
2491 2770 2504 2782 ⁸
2584 2752 2702 2810 ἀλλ’
2762 2752 2812 2819 ἐξ
2872 2754 3048 2832 ἐτέρας
3119 2753 3255 2810 ἄλλα
3327 2759 3364 2809 Γ
3370 2759 3545 2835 ραφῆς
3620 2753 3755 2829 μετά
3806 2755 3898 2816 τῆς

2249 2847 2434 2920 ὁμοίας
2475 2845 2778 2924 ἐρωτῶντες
2838 2844 3140 2915 ἐκπλήξεως
3179 2867 3190 2878 °
3245 2869 3272 2901 α
3332 2848 3421 2909 Τίς
3477 2845 3612 2912 αὕτη
3676 2847 3705 2913 ἱ,
3749 2843 3901 2919 ἐγκύ-

2249 2957 2450 2992 πτουσα
2480 2937 2552 2998 ὡς
2584 2933 2785 3014 ὄρθρος⁷
2831 2933 2971 3001 καλὴ
3025 2937 3096 2999 ὡς
3152 2937 3186 3003 ἡ
3232 2934 3462 3015 σελήνη,
3516 2933 3744 3000 ἐκλεκτή
3773 2935 3842 2995 ὡς
3873 2933 3899 2986 6

2249 3022 2399 3088 ἥλιος
2435 3044 2450 3104 ;
2486 3044 2515 3084 ι

2331 3120 2432 3171 Νῦν
2462 3114 2565 3192 ἀὴρ
2595 3113 2864 3192 ἁγιάζεται
2907 3119 2975 3190 τῇ
3018 3119 3121 3169 τῶν
3167 3115 3328 3191 ἁγίων
3380 3111 3579 3188 ἀνόδῳ,
3643 3113 3730 3168 καὶ
3771 3109 3898 3191 φωτὶ

2250 3202 2379 3276 ξένῳ
2435 3205 2643 3278 σύμπας
2700 3215 3084 3283 φρυκτωρεῖται
3152 3204 3239 3259 καὶ
3307 3202 3742 3278 καταλάμπεται.
3801 3205 3897 3257 Νῦν

519 3305 654 3347 cum
686 3288 1082 3352 exsultatione
1109 3292 1469 3370 panduntur,
1498 3298 1555 3350 et
1573 3288 1706 3349 aula
1732 3287 1834 3349 Dei
1867 3287 2026 3366 regia
2056 3287 2162 3348 las-

2254 3293 2454 3370 οὒρανοὶ
2525 3297 2836 3370 σκιρτῶντες
2908 3292 3227 3369 ἀνοίγονται,
3301 3293 3389 3347 καὶ
3461 3299 3595 3349 Θεοῦ
3664 3287 3896 3367 βασίλεια

514 3381 710 3437 tanter
739 3375 1024 3454 Reginam
1079 3379 1316 3459 excipit.
1379 3378 1547 3440 Nunc
1603 3377 1864 3439 coelestia
1897 3378 2071 3437 simul
2105 3387 2166 3440 et

513 3466 819 3526 terrestria
846 3467 1111 3528 festivam
1134 3468 1448 3548 quamdam
1475 3476 1533 3528 et
1565 3467 1870 3548 aptissime
1915 3466 2160 3526 ordina-

509 3560 626 3614 tam
661 3553 938 3615 choream
971 3558 1191 3635 agitant
1218 3575 1233 3629 ;
1301 3565 1358 3618 et
1389 3573 1650 3636 praesens
1681 3555 1806 3615 hmc
1835 3553 1944 3615 Dei
1974 3553 2159 3616 Geni-

514 3641 680 3702 tricis
722 3641 854 3705 dies
902 3643 1054 3705 facta
1109 3653 1194 3706 est
1255 3643 1609 3708 universalis
1666 3643 1936 3723 quaedam
1997 3643 2158 3704 sole-

509 3730 750 3806 mnitas,
786 3750 918 3813 quae
946 3733 1122 3796 simul
1177 3743 1505 3814 creaturas;-
1535 3750 1743 3795 omues
1790 3732 1863 3793 ad
1897 3732 2156 3794 laetitiam

506 3829 804 3899 provocat.

589 3907 797 3974 XXXI.
831 3912 1051 3971 Frater
1081 3919 1294 3973 caetera
1322 3930 1462 3974 vero
1492 3911 1667 3973 etiam
1702 3919 1937 3991 tempus
1969 3909 2155 3984 tfesti-

505 3997 720 4075 vitatis)
753 3997 968 4070 habeo,
1005 3999 1161 4079 quod
1215 4001 1568 4062 collaudem.
1607 3999 1793 4062 Simul
1829 4000 1986 4060 enim
2021 4016 2156 4060 cum

505 4085 776 4147 Dominae
801 4095 1014 4148 nostrae
1035 4087 1192 4149 inter
1213 4107 1320 4150 nos
1344 4089 1793 4153 conversatione
1817 4089 1992 4150 etiam
2016 4088 2154 4149 anni

509 4175 770 4238 circulus
791 4176 914 4255 jam
953 4176 1130 4238 tinem
1187 4177 1364 4239 habet
1414 4178 1592 4258 (20);
1653 4177 2156 4258 quemadmodum

509 4263 742 4327 scilicet
769 4272 967 4345 antea,
1005 4284 1137 4326 cum
1170 4267 1328 4328 hunc
1361 4267 1646 4328 mundum
1680 4267 1780 4328 illa
1812 4285 1917 4346 per
1945 4265 2156 4326 nativi-

508 4363 686 4418 tatem
711 4353 1152 4435 ingrederetur,
1183 4357 1361 4418 simul
1384 4375 1573 4418 annus
1621 4357 1860 4418 intravit
1889 4364 1948 4416 et
1983 4354 2161 4416 simul

512 4463 740 4508 moram
775 4446 900 4525 egit
928 4469 946 4521 ;
979 4445 1064 4507 sic
1093 4464 1324 4522 rursus,
1361 4448 1501 4510 hinc
1532 4447 1633 4508 illa
1662 4446 1940 4521 abeunte,
1976 4454 2034 4507 et
2063 4445 2159 4506 hic

2246 3378 2459 3461 δέχεται
2530 3388 2838 3460 περιχκρῶς
2906 3379 3005 3445 τὴν
3065 3379 3404 3440 Βασῖλισσαν.
3470 3388 3574 3439 Νῦν
3647 3382 3780 3454 ὁμοῦ
3833 3376 3897 3431 τὰ

2245 3468 2354 3525 ἅνω
2409 3472 2496 3527 καὶ
2539 3472 2685 3530 κάτω
2728 3469 2937 3545 ἐμμελῆ
2995 3492 3114 3526 τινα
3171 3471 3386 3550 χορείαν
3415 3469 3482 3520 79
3537 3469 3747 3550 χορεύει
3812 3465 3896 3522 καὶ

2244 3561 2598 3637 παναρμόνιον
2632 3576 2644 3588 ⁸
2697 3561 2784 3615 καὶ
2815 3560 3104 3638 πανήγυρίς
3131 3581 3210 3622 τις
3243 3558 3306 3608 80
3340 3563 3680 3638 παγκόσμιος
3713 3576 3893 3634 συγκι-

2245 3659 2400 3708 νοῦσα
2441 3650 2539 3715 τὴν
2568 3649 2736 3706 κτίσιν
2767 3650 2838 3711 εἰς
2869 3649 3184 3726 εδφροσύνην
3229 3650 3264 3717 ἡ
3307 3660 3548 3727 παροῦσα
3577 3645 3890 3712 καθέστηκεν

2241 3739 2414 3816 ἡμέρα
2445 3744 2543 3806 τῆς
2576 3740 2938 3816 Θεομήτορος.

2323 3909 2455 3980 ΛΑ’,
2484 3916 2722 3976 Ἐπαινῶ
2750 3919 2878 3997 πρὸς
2929 3931 3046 3981 τοῖς
3105 3916 3285 3981 ἄλλοις
3344 3919 3433 3974 καὶ
3481 3919 3572 3974 τὸν
3604 3913 3784 3994 καιρόν
3811 3910 3887 3967 εί.

2241 4016 2318 4086 Τῇ
2374 4011 2472 4088 γὰρ
2539 4005 2652 4084 μεθ’
2724 4010 2878 4082 ἡμῶν
2933 4007 3032 4074 τῆς
3096 4008 3387 4074 Δεσποίνης
3446 4007 3751 4084 ἀναστρορῂ
3806 4001 3888 4057 καὶ

2239 4102 2300 4156 τὸ
2329 4098 2388 4149 89
2439 4099 2554 4162 ἔτος
2611 4096 2714 4164 ἤδη
2762 4096 3121 4175 συναπολήγει
3149 4097 3215 4146 85
3247 4114 3260 4126 '
3315 4097 3498 4176 ὥσπερ
3555 4096 3676 4174 πρὶν
3706 4095 3777 4155 εἰς
3804 4091 3889 4146 τὸν

2239 4189 2438 4263 κόσμον
2496 4186 2766 4267 ἐρχομένη
2823 4184 2908 4242 διὰ
2961 4189 3258 4265 γεννήσεως
3329 4187 3637 4254 συνεισῆλθε
3665 4182 3749 4262 84,
3805 4177 3887 4236 καὶ

2242 4275 2612 4355 συνδιήγαγεν,
2697 4275 2834 4332 οὕτω
2903 4274 3058 4355 φάλιν
3141 4275 3370 4332 ἐντεῦθεν
3455 4275 3686 4349 ἀπιούσῃ
3764 4291 3883 4325 συν-

2241 4367 2397 4422 απιὸν
2454 4365 2545 4420 ἵνα
2607 4367 2693 4420 καὶ
2739 4365 2882 4421 αύτω
2940 4367 3040 4432 τὴν
3093 4366 3498 4445 προσκτζκουσαν
3568 4357 3881 4437 ἐκπληρώσῃ

2241 4453 2544 4534 δορυφορίαν
2574 4467 2691 4517 τοῖς
2750 4457 2844 4522 τῆς
2888 4453 3160 4518 Βασιλίδος
3217 4456 3474 4530 κινήμασι
3520 4450 3762 4512 δουλεῦον
3804 4446 3885 4502 καὶ

504 4534 680 4596 simul
713 4535 864 4612 abit,
895 4544 961 4598 ut
986 4534 1118 4617 ipse
1143 4555 1381 4617 quoque
1411 4536 1483 4598 ad
1502 4553 1711 4600 omnes
1727 4535 1965 4614 Eeginze
1987 4551 2157 4613 gres-

2254 4544 2630 4623 παρεπόμενον.

503 4641 603 4685 sus
633 4624 919 4687 famulum
949 4644 1012 4687 se
1067 4625 1293 4707 viaeque
1348 4625 1629 4689 comitem
1663 4625 1970 4700 exhibens,
2007 4643 2156 4686 con-

499 4731 711 4792 gruum
743 4713 1004 4776 satellitii
1038 4733 1252 4777 munus
1284 4716 1537 4797 expleat.
1691 4767 1694 4771 ,

577 4800 746 4865 Nunc
773 4809 970 4865 autem
1004 4811 1062 4865 et
1094 4803 1251 4866 dona
1304 4823 1378 4867 ex
1433 4803 1505 4866 iis
1564 4822 1696 4886 quae
1726 4803 1905 4866 habet
1934 4803 2158 4884 optima

497 4906 567 4956 ac
596 4892 1036 4973 perfectissima
1066 4894 1263 4969 otl‘ert,
1297 4913 1432 4956 cum
1464 4895 1680 4976 quibus
1708 4896 1978 4973 gaudens
2007 4912 2151 4973 gau-

2321 4813 2444 4871 Νυνὶ
2474 4811 2527 4867 δὲ
2571 4814 2659 4870 καὶ
2689 4811 2826 4892 δῶρα
2870 4814 3126 4894 προσάγει
3187 4819 3294 4869 τῶν
3352 4815 3539 4872 ἑαυτοῦ
3592 4811 3656 4868 τὰ
3709 4803 3877 4887 κρείτ·

2237 4924 2313 4958 τω
2341 4902 2406 4952 85
2456 4903 2543 4958 καὶ
2607 4901 2931 4978 τελεώτατα,
3005 4900 3119 4979 μέθ’
3191 4906 3264 4960 ὧν
3347 4915 3544 4982 χαῖρον
3603 4899 3877 4980 χαίρουσαν

575 5018 601 5061 ⁴¹
626 5023 801 5090 Joan.
835 5044 874 5107 ι,
907 5028 1007 5090 51.
1093 5062 1117 5094 ο
1145 5025 1299 5090 Psal.
1334 5043 1504 5104 χχιιι,
1539 5028 1598 5090 8.
1686 5023 1963 5108 ’Ephes.
1995 5044 2076 5106 IV,
2117 5035 2162 5096 lt

2295 5061 2324 5104 κ
2352 5037 2516 5098 Cant.
2551 5051 2636 5112 1v,
2669 5034 2728 5100 9.

1906 5157 2098 5226 Variae
2152 5165 2463 5231 lectiones.

575 5295 640 5389 7?
665 5297 848 5389 Laur.
875 5294 1340 5389 centimanus...”
1369 5295 1636 5389 79'Laur.
1668 5299 1923 5389 καταράς..
2008 5295 2070 5346 ⁷7
2103 5297 2162 5357 Lt

2254 5321 2276 5363 ..
2328 5305 2720 5389 πινθανόμενοι,
2810 5305 2873 5357 ’18
2922 5304 3053 5368 Vat,
3111 5307 3244 5389 ἐσςι,
3331 5304 3394 5356 79
3441 5303 3618 5389 Laur.
3668 5298 3872 5389 χορίαν.

495 5377 566 5467 80_
588 5380 767 5467 Laur;
797 5373 966 5467 abest
991 5397 1098 5467 τις.
1126 5462 1136 5467 _
1184 5377 1238 5467 8}
1271 5375 1597 5467 HicYatic.
1624 5377 1698 5438 ad
1730 5373 2058 5467 marginem
2085 5385 2162 5467 :At:

2254 5426 2256 5434 .
2297 5389 2390 5440 τοῦ
2416 5373 2599 5467 καιροῦ
2627 5387 2722 5454 τῆς
2754 5389 3056 5464 κοιμήσεως
3091 5403 3104 5418 ⁸
3159 5387 3244 5450 De
3267 5392 3532 5467 tempore
3558 5373 3868 5444 dor'n'zitio-

497 5459 618 5520 nis.
704 5457 769 5506 82
797 5453 948 5516 Laur
975 5454 1142 5518 abest
1168 5457 1250 5520 τό.
1338 5456 1403 5506 8³
1431 5458 1606 5521 Laur.
1642 5453 2008 5535 συναποὶῐάγη,

2097 5458 2161 5508 84
2187 5458 2365 5525 Laur.
2398 5458 2618 5534 συνῆλθε
2629 5513 2642 5529 ,

2726 5467 2792 5519 35
2815 5469 2992 5531 Laur.
3018 5469 3252 5548 κρήττω.

2097 5590 2285 5659 Notae.

572 5737 698 5819 (20)
733 5736 922 5802 Graeci
952 5757 986 5802 ε
1015 5738 1294 5803 Kalendis
1324 5737 1772 5819 septembribus
1800 5738 1933 5800 novi
1965 5741 2105 5804 anni
2137 5741 2371 5808 initium
2405 5746 2720 5816 ducebant.
