4144 6378
299 375 452 443 1109

1369 380 1454 444 IN
1497 379 1602 444 SS.
1645 376 2006 445 DEIPARIE
2048 378 2616 446 DORMITIONEM.

3538 375 3693 445 1110

293 513 594 595 προπέμπει
665 516 754 573 καὶ
798 513 1212 596 συναπέρχεται.
1271 498 1518 573 Ἦδιστον
1575 515 1672 592 μὲν
1744 511 1836 592 ἔαρ
1903 513 1958 570 ἐν

2059 509 2284 573 lentem
2312 511 2652 587 comitatur,
2685 516 2864 594 atque
2892 529 3012 574 una
3059 510 3333 578 discedit.
3365 511 3440 576 Et
3461 513 3690 593 jucun-

299 604 462 683 ὥραις
523 603 629 685 (τις
686 605 923 662 ἀντείποι
990 603 1150 682 λόγος
1205 605 1283 680 τῷ
1337 603 1484 684 λόγῳ
1509 607 1549 684 ς)
1605 606 1694 662 καὶ
1742 602 1960 670 ποικίλη

300 694 460 773 χάρις
500 693 718 768 ἀνθέων,
773 695 860 752 καὶ
915 692 1098 761 ἁπαλὴ
1149 700 1326 775 φυτῶν
1381 693 1614 775 βλάστη,
1645 696 1734 750 καὶ
1761 693 1961 772 ὡραιό-

301 804 400 850 της
455 783 641 863 ἀγροῦ,
701 785 789 840 καὶ
883 781 1186 863 χλοάζουσα
1242 783 1370 859 πόα,
1457 785 1546 840 καὶ
1620 781 1784 839 καλὸν
1839 793 1963 844 ταῖς

304 868 549 951 ἀρούραις
615 871 1058 949 ἐπικυματίζοντα
1107 870 1242 942 λήτα
1288 887 1303 902 ⁸
1360 870 1457 940 ἡδὺ
1521 870 1577 927 δὲ
1635 872 1722 928 καὶ
1761 871 1961 950 στάχυς

300 959 594 1039 παῤῥησίαν
691 959 805 1041 ἄρτι
913 958 1224 1038 λαμϐάνων,
1336 964 1426 1019 καὶ
1494 963 1810 1042 προκόπτων
1889 962 1963 1023 εἷς

302 1055 436 1131 φῶς,
470 1055 564 1107 οἶα
613 1051 804 1132 βρέφος
889 1050 1096 1130 εὐγενές
1150 1073 1209 1108 τε
1263 1053 1352 1109 καὶ
1405 1053 1613 1132 χαρίεν,
1644 1055 1718 1114 ὡς
1761 1050 1821 1108 ἐκ
1847 1052 1960 1127 μή-

301 1161 427 1219 τρας
499 1146 600 1208 τῆς
656 1141 904 1215 κάλυκος,
950 1142 1040 1198 καὶ
1116 1141 1302 1219 βότρυς
1385 1139 1450 1190 86
1501 1138 1961 1219 ἐπαγγελλόμενος

303 1232 392 1286 καὶ
433 1242 550 1296 τοῖς
617 1228 888 1312 δροσεροϊς
946 1229 1022 1287 ἔτι
1077 1229 1290 1310 φύλλοις
1345 1229 1753 1287 ὐπαναστὲλλειν
1780 1229 1960 1309 ἀρχό-

305 1340 461 1393 μενος
495 1338 513 1356 θ
546 1319 683 1376 καλά
712 1318 767 1376 δὲ
809 1321 896 1377 καὶ
947 1318 1116 1376 τᾶλλα
1170 1318 1392 1386 καδεξῆς
1423 1319 1486 1370 87
1527 1323 1630 1376 τῶν
1656 1319 1860 1398 ὡραίων
1900 1317 1964 1368 88

306 1407 394 1471 οῖς
462 1409 497 1476 ἡ
541 1408 652 1487 ὥρα
708 1415 873 1490 τρυφᾷ
939 1411 1027 1466 καὶ
1091 1423 1212 1475 ταῖς
1293 1408 1497 1466 ἐλπίσιν
1556 1409 1812 1488 εὐφραίνει
1869 1409 1959 1464 τὸν

301 1498 494 1567 θεατήν
521 1498 782 1585 γεωργόν.

386 1671 527 1731 Ηολὺ
555 1673 620 1725 89
649 1673 694 1731 δ’
725 1673 803 1731 ἔτι
831 1675 1049 1733 κάλλιον
1076 1673 1142 1726 90
1195 1677 1230 1744 ἡ
1258 1675 1469 1734 πάντων
1500 1674 1830 1758 τελεσφορία,
1877 1677 1977 1748 καὶ,

2045 599 2288 662 dissima
2313 601 2557 683 quidem
2609 600 2766 662 inter
2799 600 2941 663 anni
2982 608 3364 682 tempestates
3393 610 3483 664 est
3512 619 3692 666 verna

2045 689 2196 770 (quis
2215 707 2548 770 repugnare
2579 690 2735 752 ausit
2761 689 2840 770 .9),
2865 696 2923 751 et
2954 689 3124 752 varia
3146 689 3358 752 ﬂorum
3389 689 3598 771 gratia,
3630 697 3693 753 et

2046 777 2296 839 delicata
2328 779 2657 859 plantarum
2690 778 3066 858 germinatio,
3099 786 3157 841 et
3194 796 3474 859 agrorum
3499 797 3693 842 venu-

2046 873 2186 940 stas,
2202 885 2270 928 ac
2283 866 2582 929 virescens
2595 867 2781 929 herba
2797 887 2813 943 ;
2827 875 2884 929 et
2897 867 3158 948 pulchra
3169 876 3302 929 sunt
3319 868 3697 931 undabundas

2047 973 2154 1034 per
2191 973 2366 1035 agros
2396 963 2668 1035 segetes;
2703 956 2962 1018 oblectat
3003 957 3264 1038 desuper
3293 965 3352 1019 et
3381 957 3546 1040 spica
3567 958 3694 1037 jam

2045 1043 2333 1108 audacula
2358 1063 2703 1126 erumpens,
2737 1054 2794 1107 et
2837 1065 2911 1109 ex
2962 1047 3150 1110 calice
3177 1048 3356 1110 veluti
3387 1066 3418 1109 e
3449 1046 3697 1110 matrice

2046 1133 2214 1215 quasi
2243 1133 2434 1196 infans
2467 1136 2757 1214 ingenuus
2779 1136 2948 1214 juxta
3005 1143 3179 1218 atque
3229 1137 3471 1216 elegans
3499 1137 3563 1198 in
3595 1137 3694 1200 lu-

2047 1241 2176 1284 cem
2202 1223 2504 1304 prodiens,
2534 1242 2603 1284 ac
2623 1241 2896 1285 racemus
2919 1223 3107 1304 (velut
3130 1225 3350 1305 primo)
3377 1223 3698 1288 annuntia-

2045 1317 2156 1383 tus,
2194 1320 2250 1372 et
2285 1311 2582 1392 incipiens
2611 1311 2768 1372 foliis
2798 1311 3126 1374 etiamnum
3154 1313 3388 1375 tenetlis
3407 1312 3694 1388 suboriri;

2043 1400 2147 1461 sed
2183 1407 2240 1462 et
2271 1400 2388 1463 alia.
2419 1401 2634 1462 eximia
2662 1401 2956 1463 venustati
2987 1401 3075 1462 illi
3125 1403 3440 1475 accedunt,
3475 1401 3696 1483 quibus

2043 1494 2366 1568 tempestas
2394 1488 2496 1550 illa
2527 1488 2884 1567 luxuriatur,
2910 1497 3352 1570 etspectantem
3376 1488 3698 1570 agricolam

2044 1577 2231 1639 multa
2260 1596 2365 1659 spe
2403 1577 2713 1642 exhilarat.

2127 1667 2552 1728 Verumtamen
2585 1667 2763 1729 etiam
2797 1669 2970 1748 longe
2999 1666 3094 1729 his
3141 1665 3580 1748 praecellentior
3610 1674 3701 1730 est

305 1764 365 1818 τὸ
421 1765 551 1843 πρὸς
603 1762 938 1844 ἐκπλήρωσιν
998 1763 1150 1844 ἔργου
1205 1766 1307 1832 τὴν
1387 1755 1733 1844 ἐπαγγελίαν
1766 1763 1962 1842 ἐλθεῖν,

2059 1755 2354 1818 fructuum
2385 1755 2650 1817 omnium
2682 1759 3012 1833 maturitas,
3045 1766 3104 1818 et
3133 1764 3295 1819 certa
3321 1774 3528 1820 eorum
3564 1772 3698 1838 qua

307 1848 436 1930 ὅπερ
465 1853 615 1917 οὗτος
671 1854 808 1928 ἡμῖν
835 1854 863 1910 ὁ
915 1856 1098 1932 καιρὸς
1168 1862 1254 1911 νῦν
1308 1860 1604 1934 χαρίζετικιο
1637 1861 1742 1914 Νῦν
1779 1855 1879 1934 πὰρ
1907 1852 1961 1905 9¹

307 1941 358 1994 αἱ
389 1938 486 2014 μὲν
515 1940 780 2006 ἀποθῆκκι
831 1943 922 1998 τὸν
972 1954 1147 2022 σῖτον,
1193 1945 1241 2000 οἱ
1289 1940 1442 2009 ληνοὶ
1486 1941 1546 1992 93
1574 1941 1628 1999 δὲ
1669 1945 1758 2000 τὸν
1789 1943 1962 2023 οἶνον,

308 2030 394 2084 καὶ
445 2037 542 2096 τὴν
600 2027 772 2097 ἂλλην
827 2037 919 2087 τοῦ
976 2029 1122 2094 ἔτους
1180 2031 1450 2110 εὐετηρίαν
1507 2034 1534 2088 6
1562 2034 1846 2111 προσήκων
1875 2031 1966 2088 δέ-

307 2137 465 2196 χεται
521 2117 708 2190 τόπος,
753 2120 841 2175 καὶ
901 2121 995 2174 οὐκ
1045 2116 1130 2175 ἄτι
1183 2117 1654 2199 προσδοκωμένην,
1728 2119 1847 2177 ἀλλ’
1893 2123 1966 2184 εἰς

308 2219 502 2286 χεῖρας
533 2204 634 2274 ἤδη
678 2207 1073 2288 κατεχομένην,
1135 2209 1223 2264 καὶ
1274 2210 1336 2265 τὸ
1393 2215 1497 2266 τῶν
1542 2207 1764 2266 ἐλπίδων
1794 2211 1962 2291 ἀμφί-

308 2293 466 2351 ϐολον
521 2294 753 2374 ἀσφαλεῖ
794 2295 933 2352 τέλει
978 2297 1276 2376 κρίνουσαν.
1334 2308 1438 2359 Νῦν
1492 2297 1558 2349 93
1619 2301 1751 2376 ὁμου
1805 2303 1893 2356 καὶ
1937 2302 1964 2356 6

309 2383 531 2463 υπείρας
616 2387 793 2465 χαίρει
871 2387 1098 2465 θερίσας,
1154 2387 1243 2442 καὶ
1319 2390 1346 2444 6
1416 2391 1692 2468 φυτεύσας,
1748 2389 1963 2469 εὐφραί-

309 2493 476 2548 νεται,
548 2475 668 2537 τοὺς
724 2475 954 2554 καρποὺς
1010 2481 1118 2531 τῶν
1175 2475 1353 2533 πόνων
1431 2476 1780 2558 δρεψάμενος.
1823 2468 1870 2532 Vc
1906 2468 1964 2535 Ὀ

313 2563 498 2642 Κύριος
539 2561 699 2621 ἔδωκε
760 2565 1129 2644 χρηστότητα,
1201 2566 1289 2621 καὶ
1346 2569 1381 2635 ἡ
1427 2573 1500 2646 γῆ
1543 2569 1697 2643 ἡμῶν
1741 2564 1844 2634 ἤδη
1875 2567 1966 2623 τὸν

311 2654 512 2729 καρπὸν
570 2654 732 2722 αὐτῆς
770 2675 795 2710 ι
881 2651 1186 2732 ὁλοκλήρως
1216 2651 1303 2734 θι,
1382 2658 1426 2713 εἰ
1495 2658 1572 2732 μή
1642 2657 1692 2712 τί
1731 2655 1798 2708 95
1865 2678 1967 2714 που

310 2739 487 2798 τέλεον
517 2742 844 2822 ὑπερήμερον
872 2743 960 2798 καὶ
990 2741 1375 2820 ἐκπρόθεσμον.

390 2908 524 2981 ΛΚ’.
596 2925 704 2988 Τῆς
774 2918 827 2976 δέ
883 2924 944 2978 τὸ
1000 2920 1133 2980 ἴδιον
1189 2923 1411 2988 ἐντελῶς
1463 2924 1798 3006 ἀπεχούσης,
1873 2935 1968 2988 καὶ

311 3009 339 3062 6
391 3005 606 3086 οὐρανὸς
669 3007 944 3089 ἀναλόγως
995 3011 1198 3092 ἀπέχετ
1254 3015 1316 3068 τὸ
1359 3005 1688 3093 ἐκυτοῦ,ντὸν
1732 3015 1970 3094 οὐράνιόν

312 3119 450 3177 φημι
508 3105 690 3155 τοῦτον
750 3101 1007 3180 θησαυρὸν
1063 3103 1153 3157 καὶ
1194 3101 1476 3181 ὑπέρτιμον
1525 3121 1540 3136 ’

311 3182 468 3243 ϐάνον
540 3189 772 3268 στίμερον
827 3187 1020 3266 γέγηθε
1075 3189 1172 3256 τὴν
1213 3190 1367 3248 αὐτοῦ
1454 3190 1706 3269 γλυκεῖαν
1761 3182 1966 3272 ἐλπίδα,

315 3277 410 3341 την
467 3276 707 3357 εὐφορίαν
774 3282 873 3345 τῆς
933 3280 1174 3351 κτίσεως,
1269 3281 1332 3336 τὸ
1410 3281 1549 3359 μέγα
1603 3289 1693 3339 νοῦ
1771 3285 1973 3361 κόσμου

317 3366 572 3444 γεώργιον
606 3382 620 3398 ⁶
684 3368 769 3423 καὶ
809 3369 1103 3447 θησαυρίζει
1174 3369 1264 3424 τὸν
1345 3367 1572 3427 πλοῦτον
1642 3371 1694 3427 ἐν
1760 3373 1972 3442 ἀσύλοις

315 3456 578 3536 ταμείοις,
609 3458 695 3513 καὶ
753 3456 853 3524 τὴν
923 3455 1252 3532 ὠδαιμονίαν
1302 3472 1424 3522 ταῖς
1483 3456 1614 3538 ἄγαν
1674 3459 1970 3528 ἐνδοτάτοις

319 3542 679 3602 ἐναποτίθεται
737 3561 751 3575 ⁸
798 3543 1110 3622 ἐκλεγετσαν
1166 3547 1263 3621 μὲν
1304 3548 1376 3611 εἷς
1433 3551 1634 3628 καιρὸν,
1699 3553 1833 3627 μετά
1874 3554 1974 3621 τὴν

316 3633 411 3702 τῆς
441 3635 740 3711 οἰκονομίας
797 3633 862 3684 96
921 3634 1322 3716 συμπλήρωσιν,
1373 3638 1461 3693 καὶ
1514 3639 1612 3706 τὴν
1667 3642 1974 3716 θαυμαστὴν

314 3723 596 3804 ύπουργίαν
665 3732 758 3782 τοῦ
841 3726 978 3783 κατὰ
1085 3726 1310 3804 Χριστὸν
1399 3731 1688 3807 μυστηρίου
1733 3749 1746 3763 °
1786 3733 1860 3796 ὡς
1930 3729 1984 3792 δὲ

311 3811 456 3891 θέρος
515 3816 572 3869 εὗ
622 3813 766 3889 μάλα
835 3827 963 3870 πῖον
1019 3813 1107 3868 καὶ
1151 3811 1380 3894 εὐσταχυ
1447 3813 1532 3890 97,
1567 3818 1654 3873 καὶ
1701 3821 1797 3886 τῆς
1842 3819 2005 3899 ὥρας.

315 3899 459 3984 ἔχων
491 3901 825 3978 ἐπιτηδείως,
884 3902 940 3958 ἐν
1005 3901 1140 3980 θέρει
1185 3907 1635 3981 σεδ-(κομισθεῖσαν
1665 3922 1686 3943 ⁸
1717 3911 1806 3964 καὶ
1846 3910 1983 3988 πρὸς

314 3992 414 4059 τὴν
483 3993 677 4050 οἰκείαν
745 3992 1073 4050 κατάπαυσιν
1141 3990 1376 4048 ἐντεῦθεν
1437 4000 1877 4077 μετενεχθετσαν,
1925 4000 1985 4054 οὐ

319 4081 496 4158 μέντοι
557 4079 623 4130 98
676 4081 913 4147 καθάπαξ
984 4080 1376 4160 ἀπενεχθεῖσαν
1442 4085 1619 4159 ἡμῶν,
1679 4084 1784 4145 οὐδ’
1842 4087 1981 4143 ἀπο-

321 4177 519 4228 στᾶσαν
563 4172 636 4234 εἷς
697 4169 848 4234 τέλος
905 4175 1010 4226 τῶν
1058 4170 1176 4226 καθ’
1263 4171 1430 4246 ἡμὰς,
1490 4175 1588 4230 κᾶν
1633 4175 1977 4252 μεθέστηκεν,

323 4258 533 4328 Ἐκείνη
600 4261 699 4340 γὰρ
741 4262 777 4328 ἡ
847 4266 953 4316 τῶν
1023 4257 1148 4336 τῇδε
1206 4267 1500 4338 προνοοῦσαι
1543 4266 1631 4322 καὶ
1660 4273 1772 4339 νῦν,
1806 4264 2012 4333 ἐκείνη

2049 1846 2565 1926 promittebantur,
2599 1847 2898 1908 assecutio
2927 1867 2943 1928 ;
2977 1846 3137 1927 quod
3161 1847 3288 1909 haec
3318 1845 3494 1907 modo
3527 1845 3702 1908 nobis

2049 1944 2374 2017 tempestas
2402 1937 2706 2018 elargitur.
2745 1939 2916 2001 Nunc
2938 1939 3169 2000 enimet
3191 1938 3405 2000 horrea
3428 1935 3701 1998 frumen-

2051 2033 2200 2107 tum,
2235 2025 2466 2087 etdolia
2491 2027 2718 2103 vinum,
2745 2036 2803 2088 et
2824 2026 3080 2090 idoneus
3101 2026 3355 2108 quisque
3374 2025 3541 2087 locus
3555 2023 3703 2086 alios

2050 2133 2266 2176 annuae
2295 2114 2575 2177 ubertatis
2629 2124 2948 2196 proventus
3003 2115 3248 2194 excipit,
3311 2131 3533 2195 eosque
3583 2130 3705 2175 non

2047 2200 2286 2282 quidem
2313 2221 2477 2264 mera
2495 2203 2690 2265 adhuc
2722 2203 2783 2263 in
2814 2221 2922 2283 spe
2953 2204 3122 2280 sitos,
3149 2203 3253 2266 sed
3269 2203 3396 2284 jam
3429 2199 3703 2264 manibus

2045 2292 2478 2371 apprehensos,
2509 2305 2568 2355 et
2599 2302 2760 2354 certo
2791 2295 2951 2354 exitu
2981 2293 3056 2354 de
3085 2311 3192 2372 spe
3226 2293 3454 2353 incerta
3483 2291 3700 2353 decer-

2047 2387 2280 2440 nentes.
2315 2381 2485 2443 Nunc
2520 2381 2742 2461 pariter
2776 2390 2833 2442 et
2885 2382 2987 2462 qui
3040 2382 3439 2443 seminaverat
3470 2387 3702 2442 metens

2048 2468 2298 2540 laetatur.
2329 2476 2389 2530 et
2427 2469 2530 2551 qui
2572 2470 2932 2550 plantaverat
2950 2468 3223 2532 laborum
3252 2469 3540 2548 colligens
3567 2467 3700 2530 fru-

2047 2565 2178 2620 ctus
2199 2558 2470 2623 exsultat.
2494 2559 2793 2622 Dominus
2813 2560 2974 2622 dedit
2993 2558 3515 2638 benignitwem,et
3526 2566 3698 2620 terra

2049 2655 2261 2709 nostra
2298 2649 2423 2724 iam
2463 2651 2733 2727 fructum
2770 2666 2946 2710 suum
2975 2648 3204 2728 integre
3242 2646 3474 2728 dedit“,
3503 2644 3615 2708 nisi
3647 2644 3703 2708 si

2049 2735 2193 2814 quid
2227 2737 2447 2799 alicubi
2478 2745 2712 2816 tempus
2741 2756 2911 2799 suum
2937 2735 3482 2816 praetergrediatur,
3505 2753 3574 2798 ac
3606 2734 3705 2798 de-

2049 2824 2238 2887 bitum
2273 2835 2405 2906 post
2438 2825 2828 2907 praestitutum
2860 2825 3018 2888 diem
3051 2827 3261 2888 solvat.

2131 2912 2358 2977 XXXII.
2399 2913 2584 2977 Porro
2607 2933 2744 2977 cum
2766 2923 2924 2977 terra
2945 2915 3176 2996 integre
3205 2932 3379 2976 suum
3419 2913 3702 2994 recipiat,

2052 3015 2455 3066 consentanee
2488 3012 2549 3067 et
2603 3005 2820 3066 coelum
2878 3006 3038 3086 quod
3096 3023 3268 3066 suum
3328 3010 3418 3066 est
3464 3002 3704 3084 recipit,

1601 3103 1658 3159 ὃν
1711 3093 1967 3183 ἀπολαμ-

2059 3093 2355 3156 scelestam
2387 3095 2566 3172 hunc,
2606 3097 2868 3174 inquam,
2925 3093 3541 3174 pretiosissimumque
3571 3093 3708 3154 the-

2057 3200 2294 3243 saurum
2335 3202 2351 3258 ;
2387 3201 2559 3263 quem
2618 3183 2860 3264 quidem
2925 3181 3218 3244 hodierna
3271 3181 3372 3242 die
3429 3189 3708 3260 tanquam

2056 3271 2292 3332 dulcem
2323 3290 2492 3353 spem
2525 3291 2720 3349 suam,
2754 3271 2937 3334 creati
2991 3271 3172 3352 hujus
3225 3269 3493 3333 universi
3523 3268 3710 3330 uber-

2055 3367 2232 3421 tatem
2263 3361 2710 3441 praacellentem
2760 3360 2968 3422 mundi
3028 3360 3198 3421 istius
3247 3357 3506 3419 fructum
3551 3356 3714 3418 exci-

2056 3449 2226 3529 piens
2251 3450 2465 3530 gaudio
2493 3449 2688 3530 gestit,
2720 3457 2778 3511 et
2798 3450 2976 3511 hasce
3001 3448 3232 3510 divitias
3253 3446 3315 3508 in
3358 3454 3710 3528 promptua-

2057 3538 2164 3600 riis
2195 3557 2313 3600 non
2345 3539 2679 3619 praedandis
2708 3538 3001 3612 recondit,
3038 3547 3094 3599 et
3122 3535 3712 3599 beatitatemhancin

2056 3628 2399 3690 recessibus
2429 3646 2675 3709 prorsus
2730 3626 3125 3709 penitissimis
3153 3624 3398 3706 deponit
3433 3647 3448 3702 ;
3487 3634 3544 3686 et
3575 3642 3711 3686 eam

2066 3726 2399 3799 opportuno
2429 3736 2573 3780 sane
2618 3724 2913 3797 tempore,
2973 3722 3289 3799 postquam
3344 3712 3715 3796 dispensatio

2066 3810 2298 3872 scilicet
2323 3828 2505 3890 opere
2535 3810 2832 3891 completa
2862 3816 2973 3889 est,
3005 3817 3064 3871 et
3090 3806 3511 3869 admirandum
3543 3804 3712 3866 mini-

2067 3899 2314 3962 sterium
2336 3919 2506 3962 suum
2533 3901 2660 3980 ipsa
2683 3897 2934 3980 praebuit
2955 3899 3234 3978 mysterio
3274 3894 3493 3961 Christi
3527 3893 3716 3976 (redi-

2069 3989 2337 4070 mentis),
2369 3989 2638 4070 decerpit
2674 4009 2690 4065 ;
2721 4005 3045 4068 congruam
3069 3985 3277 4048 itidem
3307 3983 3450 4048 anni
3478 3991 3717 4065 tempe-

2065 4091 2275 4144 statem
2294 4083 2643 4156 observans,
2671 4100 2776 4162 per
2796 4088 3085 4156 aestatem,
3110 4080 3330 4162 quippe
3352 4088 3528 4141 testas
3543 4077 3728 4140 maxi-

2067 4190 2161 4234 me
2186 4173 2384 4254 opima
2406 4181 2496 4235 est
2515 4181 2900 4253 segetumque
2927 4171 3112 4247 ferax,
3139 4169 3412 4232 eamdem
3441 4167 3666 4248 colligit
3701 4188 3718 4244 ;

2065 4269 2124 4324 et
2153 4259 2294 4322 licet
2317 4261 2460 4323 hinc
2494 4279 2623 4324 eam
2655 4260 2732 4323 ad
2765 4257 3215 4340 tranquillitatis
3257 4256 3514 4338 propriae
3543 4257 3721 4318 sedes

320 4353 410 4407 καὶ
464 4347 728 4430 βραϐεύει,
773 4351 862 4406 καὶ
930 4348 1096 4430 φέρει,
1143 4349 1229 4405 καὶ
1290 4367 1540 4432 συντηρεϊ
1587 4355 1652 4411 τὰ
1675 4355 1908 4434 ἡμέτερα
1954 4375 1971 4394 ο

2062 4349 2401 4426 transferat,
2434 4369 2554 4412 non
2584 4349 2821 4430 penitus
2853 4357 3052 4410 tamen
3103 4345 3278 4408 nobis
3305 4346 3472 4408 illam
3501 4343 3714 4420 aufert,

320 4437 528 4504 ἐκοίνης
602 4439 752 4518 ἔργον
808 4441 895 4495 καὶ
937 4436 1101 4516 δῶρον
1143 4439 1179 4506 ἡ
1229 4440 1441 4515 εὐνομία
1495 4449 1602 4500 τῶν
1656 4433 1887 4519 πόλεων,
1939 4447 1971 4514 ἠ

2061 4458 2279 4521 neque,
2316 4453 2622 4519 utcunque
2674 4437 2866 4518 ipsam
2924 4443 3220 4516 amoveat,
3276 4433 3353 4498 ab
3414 4434 3489 4497 iis
3518 4439 3720 4496 tamen

320 4531 420 4600 τῆς
477 4529 791 4607 οἰκουμένης
864 4530 1070 4608 εἰρήνη,
1127 4532 1232 4584 τῶν
1290 4527 1592 4598 ἐκκλησιῶν
1646 4537 1680 4604 ἡ
1732 4535 1976 4615 ὁμόνοια,

322 4629 458 4698 τῶν,
500 4623 782 4700 σκήπτρων
841 4621 876 4689 ἡ
918 4616 1216 4694 δυναστεία,
1288 4625 1392 4675 τῶν
1437 4623 1801 4702 στρατοπέδων
1854 4624 1920 4676 99
1945 4627 1982 4692 ἡ

322 4715 562 4792 εὐτυχία,
608 4713 643 4780 ἡ
685 4715 790 4767 τῶν
833 4709 1069 4782 πάντων,
1102 4710 1176 4764 ὧν
1220 4705 1440 4788 ἔχομεν,
1486 4712 1665 4771 καλῶν
1697 4716 1935 4795 χαρηγία
1970 4735 1983 4747 ·

325 4801 392 4858 δι’
419 4801 624 4868 ἐκείνην
655 4823 683 4855 α
733 4799 821 4856 καὶ
877 4803 1052 4872 ζῶμεν
1079 4798 1167 4853 καὶ
1220 4799 1500 4874 κινούμεθα
1547 4805 1635 4859 καὶ
1690 4803 1846 4880 ἐσμὲν
1896 4821 1908 4834 ·
1951 4827 1973 4858 υ

325 4889 392 4948 δι’
463 4891 656 4947 ἐκεὶνεν
713 4888 1029 4963 πιστεύομεν
1129 4885 1216 4942 καὶ
1287 4887 1534 4955 θανόντες
1592 4892 1648 4949 εὖ
1706 4891 1836 4958 ἕξειν
1893 4893 1960 4949 ἐπ

326 4978 710 5063 χρηστοτέραις
781 4977 985 5034 ἐλπίσιν
1037 4973 1234 5031 ἐνθένδε
1291 4988 1728 5060 μεταχωροῦντες
1785 4981 1832 5044 1,
1893 4977 1983 5040 χχὶ

326 5069 608 5128 συνελόντα
637 5067 669 5118 2
709 5064 1064 5148 φάναι,ξπαρ’
1135 5064 1294 5133 αὐτῆς
1349 5070 1610 5131 κάνταῦθα
1659 5071 1877 5131 κάκεῖσε
1920 5073 1984 5128 τὰ

413 5246 439 5288 ¹¹
467 5249 627 5314 Psal.
655 5263 903 5324 Lxxxrv,
940 5245 1041 5311 t3.

2067 4547 2198 4612 quae
2226 4529 2299 4590 ad
2331 4547 2440 4590 nos
2469 4528 2792 4608 pertinent,
2817 4527 2921 4587 illa
2940 4526 3186 4588 omnino
3211 4524 3565 4604 digreditur.
3587 4524 3724 4600 Ipsa

2069 4619 2230 4682 enim
2262 4617 2630 4680 terrestrium
2659 4617 2868 4679 horum
2901 4614 3226 4678 etiamnum
3279 4631 3483 4677 curam
3516 4613 3671 4692 gerit
3701 4631 3720 4688 ;

2074 4709 2201 4791 ipsa
2233 4726 2332 4770 res
2361 4715 2591 4768 nostras
2644 4714 2702 4768 et
2760 4703 3126 4780 moderatur,
3191 4711 3250 4765 et
3303 4709 3632 4791 promovet,
3667 4707 3728 4764 et

2075 4789 2424 4871 conservat;
2457 4795 2643 4876 ipsius
2698 4813 2845 4875 opus
2889 4811 2959 4855 ac
2987 4792 3209 4855 donum
3240 4802 3334 4858 est
3354 4791 3492 4854 feltx
3522 4789 3727 4872 reipu-

2068 4887 2238 4949 blicae
2266 4885 2562 4964 regimen,
2596 4892 2772 4946 terrae
2801 4881 3096 4945 universae
3146 4899 3283 4963 pax,
3314 4879 3723 4945 Ecclesiarum

2070 4975 2415 5057 concordia,
2447 4981 2818 5056 sceptrorum
2842 4971 3129 5054 potentia,
3181 4986 3468 5053 prospera
3499 4968 3729 5033 exerci-

2069 5079 2237 5131 tuum
2267 5065 2528 5146 fortuna,
2587 5061 2855 5125 omnium
2913 5079 3047 5143 quae
3104 5059 3395 5124 habemus
3424 5058 3721 5123 bonorum

1783 5377 1974 5443 Varie
2003 5378 2318 5445 lectiones.

413 5564 478 5652 θθ
505 5563 685 5652 Laur.
716 5563 997 5652 βότρυσιν.-
1066 5559 1128 5609 ⁸⁷
1157 5556 1275 5652 καθ’
1298 5557 1450 5652 ftis.
1508 5560 1780 5652 _738_Lanr
1808 5559 1994 5652 ὁρέων.

333 5646 470 5709 cod.
504 5645 579 5706 ad
610 5660 795 5720 marg.
816 5639 1006 5703 habet
1030 5661 1043 5700 :
1074 5642 1191 5719 περὶ
1232 5646 1324 5720 τοῦ
1352 5650 1537 5720 καιροῦ
1563 5642 1658 5709 τῆς
1687 5639 1971 5717 κοιμήσεω

2101 5639 2166 5691 90
2198 5641 2377 5720 Laur.
2402 5639 2608 5704 κάλιον.

2081 5558 2145 5641 8?
2193 5557 2362 5632 Quod
2409 5554 3084 5641 superius‘Yaticanus,
3135 5553 3250 5641 hoc
3280 5551 3410 5641 loco
3439 5549 3728 5641 ligurem.

2692 5638 2747 5690 9*
2783 5636 2954 5701 Laur.
2989 5630 3082 5696 νῦν
3120 5635 3219 5713 μὲν
3247 5634 3371 5714 γάρ.
3456 5630 3517 5714 ἒξ
3548 5630 3727 5695 Laur.

332 5731 385 5784 at
418 5725 573 5785 λινοί.
657 5712 922 5784 θῦἶδδυτ.
957 5730 1044 5804 νῖρν
1068 5712 1185 5798 μέν.
1233 5718 1336 5804 ⁸94
1376 5712 1551 5784 Laur.
1585 5712 1929 5804 ὁλοχλήριος.

2059 5721 2285 5804 5_Laur.
2332 5719 2500 5784 abest
2545 5721 2616 5782 τί.
2700 5718 2766 5772 96
2811 5721 2991 5804 Laur.
3015 5712 3520 5804 οἷκοννομοίαᾲῃπ
3546 5714 3727 5779 Laur.

328 5806 562 5888 ἄσταχυ.
643 5804 708 5855 98
737 5805 905 5866 Laur.
943 5802 1040 5878 μέν
1069 5792 1145 5863 τι.
1227 5800 1294 5852 99
1320 5803 1492 5866 Laur.
1528 5792 1946 5883 στρατῖπαίδων.

2084 5801 2260 5867 Laur.
2294 5809 2740 5885 μεταχοροῦντες.
2824 5799 2854 5844 ³
2884 5797 3013 5864 Vat.
3059 5795 3343 5858 συνελόντα
3383 5792 3462 5857 δέ.
