4144 6376
507 379 544 439 ]
561 379 585 437 i
601 375 666 440 11
1743 374 2066 444 JOANNIS
2107 373 2669 443 EUCHAITENSIS
3751 379 3818 443 11
3837 379 3898 443 l2

513 505 959 586 Suppeditatio;
989 525 1099 590 per
1126 508 1313 590 ipsam
1355 514 1414 573 et
1450 511 1739 582 vivimus,
1759 516 2149 585 etmovemur1

2261 510 2341 578 ιῆς
2413 511 2691 588 εὐπραγίας
2763 511 2922 585 ἡμῖν,
2975 511 3112 567 κατὰ
3163 511 3334 567 πάντα
3409 509 3609 587 γρόνον
3665 509 3752 565 καὶ
3779 509 3897 588 τρό-

517 601 577 660 et
595 614 812 659 sumus
854 597 1016 678 (21);
1054 617 1161 678 per
1191 599 1380 679 ipsam
1412 599 1651 661 certiori
1683 599 1820 660 hinc
1855 617 1962 678 spe
1993 617 2153 660 com-

2259 624 2343 657 [τον
2371 597 2679 673 ὶλεουμένης
2708 601 2800 656 τὸν
2843 600 3032 667 ἐαυτῆς
3087 601 3184 674 μέν
3257 601 3398 671 Υίὺν,
3441 622 3469 653 ¢
3503 601 3596 655 τὸν
3624 601 3895 678 οἰκτιρμῶν

517 687 866 767 migrantes,
889 687 1066 748 etiam
1090 697 1219 769 post
1243 696 1508 761 mortem
1541 687 1697 749 bene
1735 706 1844 748 nos
1864 687 2153 748 habituros

2334 689 2540 769 Πατέρα
2575 704 2588 718 ⁰
2629 713 2656 744 ι
2717 689 2806 745 καὶ
2861 689 2987 767 παρ’
3045 691 3203 745 αὐτοῦ
3300 695 3466 746 ταῦτα
3536 688 3711 744 πάντα
3765 709 3897 767 παρ·
3949 742 3952 746 ι

515 773 916 852 conﬁdimus;
958 785 1134 857 atque
1163 785 1231 838 ut
1253 777 1456 859 paucis
1485 777 1760 840 universa
1781 777 2151 857 cemplectar,

2263 779 2477 859 ἔχουσαν
2531 780 2668 853 ἡμῖν
2724 779 2811 833 καὶ
2867 777 3191 856 παρέξουσαν
3222 795 3234 809 ⁸
3283 779 3370 832 καὶ
3433 778 3497 832 τὸ
3559 775 3754 851 μέλλον
3807 778 3899 856 γὰρ

515 879 616 924 res
635 865 915 926 secundae
934 882 1144 929 omnes
1167 877 1286 928 tum
1310 869 1381 930 ad
1408 874 1762 949 praesentem
1789 867 1942 928 hanc
1990 865 2151 927 vitan

2261 867 2550 943 5πολάμπει
2619 880 2736 929 τοῖς
2805 877 3057 945 παροῦσιν
3153 865 3256 934 ἤδη
3314 864 3655 946 φαιδρότερον
3710 863 3790 922 διὰ
3841 867 3897 922 τὺ

519 957 642 1014 tum
659 952 730 1014 ad
751 953 1010 1015 futuram
1035 964 1395 1034 spectantes,
1421 956 1495 1018 ab
1518 956 1647 1038 ipsa
1660 956 1830 1017 nobis
1843 957 2155 1036 proﬂuunt,

2263 959 2381 1036 πρὸς
2425 958 2485 1012 τὸ
2543 956 2862 1034 εὐεργετεῖν,
2935 959 3007 1018 ὡς
3065 955 3125 1012 ἂν
3182 954 3328 1013 εἴποι
3369 977 3478 1034 τις,
3512 953 3781 1021 ἄπληστον
3820 957 3899 1011 καὶ

517 1059 652 1120 (μιίῆ
678 1042 841 1104 οηιηὶ
873 1051 1140 1125 tempore
1171 1053 1229 1106 et
1284 1045 1477 1108 modis
1537 1044 1815 1106 omnibus
1847 1046 2153 1126 propitium

2259 1046 2518 1121 ὶκάματον
2602 1049 2698 1111 τῆς
2779 1047 2962 1112 κοινῆς
3019 1046 3173 1113 ἡαῶν
3252 1041 3519 1106 πάντῶν3
3610 1043 3895 1122 εὐεργεσίας

515 1129 689 1191 nobis
715 1131 931 1194 Filium
965 1151 1137 1194 suum
1191 1141 1252 1198 et
1300 1136 1867 1197 misericordiarum
1891 1137 2133 1199 Patrem

1354 1136 1867 1197 :isericordiarum
1891 1136 2166 1199 Patrem'
2251 1136 2338 1191 καὶ
2369 1131 2690 1212 εὐεργέτιδος
2712 1134 2910 1200 ταύτης
2939 1133 2990 1192 4.

513 1218 732 1288 reddit.
767 1229 826 1281 et
868 1221 994 1285 haec
1024 1223 1223 1285 omnia
1254 1223 1427 1286 nobis
1455 1223 1528 1285 ab
1559 1224 1690 1304 ipso
1716 1232 1773 1284 et
1805 1232 2043 1304 praestat
2097 1235 2154 1287 et
2191 1221 2494 1307 praestabit
2526 1244 2543 1292 ;
2601 1239 2737 1282 nam
2790 1230 3034 1302 propter
3060 1223 3400 1283 communis
3430 1221 3618 1300 hujus
3647 1219 3903 1282 omnium

514 1315 781 1372 nostrum
816 1308 1093 1374 beneﬁcii
1117 1312 1292 1375 simul
1326 1321 1384 1375 et
1412 1312 1832 1375 benefactricis
1862 1313 2222 1390 insatiabile,
2277 1322 2338 1374 ut
2386 1314 2681 1394 quispiam
2737 1313 2977 1385 dixerit,
3013 1324 3070 1374 et
3099 1313 3466 1396 infatigabile
3498 1310 3902 1376 benefaciendi

513 1397 800 1464 studium.
825 1401 949 1480 jam
985 1420 1056 1463 ex
1088 1402 1482 1479 praesentibus
1513 1410 1572 1464 et
1601 1402 1824 1464 laetiora
1852 1403 1953 1464 illa
1983 1423 2113 1483 quae
2141 1403 2600 1482 subsequentur,
2633 1406 2908 1482 augurari
2941 1402 3101 1464 licet.

499 1548 502 1550 _
589 1486 844 1552 XXXIII.
884 1492 1024 1554 Haec
1055 1491 1162 1554 tibi
1215 1511 1252 1554 a
1300 1493 1494 1567 nobis,
1552 1511 1587 1554 0
1618 1492 1892 1569 Domina,
1927 1493 2135 1554 abeunt

2335 1483 2445 1556 AI'.
2522 1494 2694 1551 Ταῦτά
2746 1515 2852 1574 σοι,
2933 1492 3216 1572 Δέσποινα,
3291 1493 3358 1549 τὰ
3413 1491 3544 1572 παρ’
3595 1493 3749 1567 ἡμῶν
3779 1511 3903 1569 προ-

515 1577 958 1656 consalutatio;
1017 1581 1080 1643 hi
1131 1581 1238 1643 tibi
1297 1581 1635 1643 discedenti
1681 1591 1855 1642 sunto
1885 1583 2151 1658 honores,

2264 1582 2544 1660 πεμπτὴρα
2606 1602 2622 1616 ο
2680 1583 2839 1638 τοῦτά
2895 1603 2976 1638 σοι
3045 1583 3112 1637 τὰ
3180 1581 3376 1660 γέρατα
3447 1582 3517 1645 τὰ
3600 1580 3828 1660 ἐξιτήρια
3885 1595 3900 1613 ⁸

512 1666 792 1750 quoniam
826 1665 984 1730 bene
1041 1679 1270 1732 naturae
1321 1679 1540 1732 nostrae
1596 1671 1787 1732 fecisti
1826 1691 1841 1745 ;
1889 1671 2148 1752 quonian

2265 1669 2362 1726 ivO'
2391 1673 2466 1725 ῶν
2522 1671 2878 1738 εὐπεποίηκας
2959 1670 3059 1737 τὴν
3112 1671 3264 1750 φύσιν
3317 1671 3416 1738 τὴν
3461 1669 3728 1749 ἡμετέραν
3757 1688 3769 1704 ⁸
3798 1665 3901 1724 ἀνθ’

517 1756 695 1819 nobis
723 1757 1004 1820 omnibus
1031 1759 1294 1822 aﬂ‘udisti
1325 1760 1582 1822 salutem
1623 1781 1638 1833 ;
1667 1759 1948 1841 quoniam
1985 1780 2153 1842 pepe-

2267 1762 2324 1813 ὒν
2363 1760 2500 1835 ἡμῖν
2550 1766 2679 1816 πᾶσι
2738 1760 3000 1838 σωτηρίαν
3057 1758 3335 1837 ἐπήγασας
3395 1777 3408 1791 ·
3472 1759 3586 1816 ἀνθ’
3643 1761 3718 1813 ῶν
3773 1757 3903 1828 ζωὴν

516 1845 650 1909 risti
680 1845 857 1908 vitam
890 1867 906 1922 ;
937 1848 1217 1927 quoniam
1249 1847 1528 1928 gaudium
1548 1850 1806 1910 humano
1825 1851 2030 1928 generi
2059 1851 2152 1912 de-

2267 1845 2426 1913 ἷτεκες
2465 1867 2479 1882 '
2541 1847 2652 1905 ἀνθ’
2709 1853 2783 1905 ῶν
2854 1849 3026 1929 χαρὰν
3071 1845 3290 1911 ἕϐλυσας
3333 1855 3411 1922 τῷ
3477 1847 3622 1926 γένει
3706 1853 3781 1921 τῷ
3811 1846 3903 1901 ἀν-

517 1934 745 2018 pluisti.
780 1933 1105 1998 Benedicta
1163 1937 1283 1998 sint
1337 1937 1748 2019 promanantia
1796 1957 1866 1999 ex
1900 1947 1956 1998 te
1987 1939 2153 2016 dona1

2266 1940 2512 2014 lpurtrwtp.
2563 1937 2697 2016 Εὖγε
2768 1944 2874 1994 τῶν
2931 1937 2992 1993 ἐκ
3047 1944 3140 1994 σοῦ
3196 1934 3553 2016 δωρημάτων,
3602 1941 3685 2001 εἷς
3716 1934 3902 1992 ἐπλου-

516 2026 734 2108 quibus
763 2026 982 2089 divites
1039 2027 1177 2089 facti
1235 2046 1478 2104 sumus;
1537 2027 1870 2090 benedictae
1900 2029 2019 2090 sint
2051 2039 2152 2091 latr

2265 2025 2499 2102 τίσθημεν
2547 2042 2560 2057 ⁸
2627 2028 2747 2106 εὖγε
2809 2032 2918 2083 τῶν
2977 2025 3191 2083 πολλῶν
3248 2027 3630 2108 χαρισμάτων²
3675 2029 3761 2090 οἷς
3792 2023 3901 2082 ἐδο-

517 2116 716 2178 ωυιιω
733 2116 848 2179 illa:
877 2116 1101 2196 gratiae,
1127 2115 1344 2196 quibus
1364 2117 1623 2196 gloriose
1643 2117 1909 2178 coronati
1933 2137 2153 2181 sumus.

2266 2114 2533 2190 ξάσθημεν.
2608 2115 2794 2172 Οὐκέτι
2866 2117 3178 2194 προστίμοις
3273 2129 3621 2194 προγονικοῖς
3693 2115 3902 2170 ὑποκεί-

511 2205 646 2269 Νοιι
667 2205 923 2287 amplius
947 2204 1310 2267 damnationi
1333 2204 1686 2285 subjicimur
1711 2206 2035 2286 primorum
2066 2226 2147 2287 pa-

2267 2205 2378 2259 ιεθα
2413 2221 2428 2237 ⁸
2490 2203 2662 2263 οὐκέτι
2719 2201 3030 2279 δουλεύομεν
3101 2204 3201 2283 ἀρᾷ
3262 2205 3351 2260 καὶ
3407 2206 3574 2285 φθορᾷ
3606 2204 3624 2235 ‘
3687 2203 3903 2263 Θάνατος

507 2303 746 2358 rentum
776 2316 792 2370 ;
826 2313 944 2357 non
982 2295 1238 2375 amplius
1269 2294 1675 2358 maledictioni
1706 2304 1764 2356 et
1794 2297 2135 2376 corruption

2269 2297 2398 2365 ιμῶν
2465 2294 2637 2350 οὐκέτι
2692 2294 2936 2372 κυριεύει,
2997 2293 3094 2349 Διὰ
3171 2302 3264 2352 σοῠ
3342 2303 3508 2351 ταῦτα
3573 2293 3768 2364 πάντα,
3823 2298 3905 2352 καὶ

509 2401 718 2447 sumus
748 2382 1041 2464 obnoxii;
1107 2403 1225 2445 non
1273 2383 1525 2463 amplius
1586 2384 1770 2445 nostri
1819 2385 2145 2447 dominatu:

2264 2381 2327 2436 ἷιὰ
2358 2382 2440 2462 σὲ,
2470 2385 2558 2440 καὶ
2641 2383 2702 2439 ἐκ
2767 2389 2880 2440 σοῦ.
2956 2384 3029 2438 Σύ
3089 2383 3187 2462 γὰρ
3244 2381 3460 2463 ἀφεῖλες
3535 2388 3641 2438 πᾶν
3698 2379 3900 2460 δάκρυον

508 2491 694 2536 mors.
728 2475 844 2536 Per
876 2482 955 2548 te,
991 2481 1048 2536 et
1080 2483 1322 2555 propter
1351 2482 1434 2550 te,
1497 2482 1554 2535 et
1601 2493 1671 2535 ex
1704 2483 1760 2536 te
1790 2473 1899 2535 ista
1931 2475 2144 2535 omnia.

2263 2467 2349 2528 ἱπό
2420 2473 2704 2550 προσώπου
2771 2470 2872 2539 τῆς
2915 2473 3022 2550 γῆς
3055 2487 3070 2502 ⁹
3105 2473 3167 2529 σὺ
3236 2473 3335 2539 τὴν
3389 2474 3558 2528 κτίσιν
3617 2469 3899 2537 ἐνέπλησας

512 2563 602 2626 Tu
633 2562 856 2626 etenim
893 2563 1181 2644 Iacrymas
1212 2581 1246 2624 a
1303 2563 1452 2624 facie
1493 2570 1667 2624 terra;
1697 2582 1942 2643 prorsus
1971 2563 2142 2626 abstu

2265 2563 2512 2624 παντοίας
2573 2562 2870 2639 εὐεργεσίας
2933 2579 2945 2593 ’
3034 2561 3100 2617 τὰ
3155 2561 3364 2641 οὐράνια
3446 2559 3703 2643 εὔφρανας
3779 2581 3789 2590 ·
3843 2558 3901 2613 τὰ

512 2651 633 2714 listi
664 2669 677 2713 :
717 2658 777 2713 tu
810 2661 1114 2714 creaturas
1145 2653 1456 2714 universas
1485 2653 1822 2730 omnigenis
1854 2655 2145 2715 cumulast

2264 2648 2462 2731 ἐπίφεια
2506 2649 2708 2715 ἔσωσας
2771 2670 2787 2686 ο
2846 2650 2906 2706 τὸ
2977 2647 3198 2726 πλάσμα
3253 2648 3592 2720 κατήλλαξας
3629 2666 3642 2679 ’
3692 2647 3900 2714 ἑξιλάσω

501 2739 874 2817 beneﬁciis;
906 2749 965 2802 tu
991 2741 1264 2803 cmlestia
1295 2741 1642 2802 exhilarasti
1669 2758 1683 2814 ;
1717 2751 1775 2801 tu
1797 2741 2030 2802 salvasti
2050 2751 2137 2804 ter

2264 2741 2338 2795 τὸν
2385 2737 2631 2805 Πλάστην
2682 2755 2697 2771 ⁶
2770 2739 2890 2803 τοὺς
2949 2736 3206 2817 ἀγγέλους
3264 2738 3546 2803 ὐπέκλινας
3602 2755 3616 2769 ⁸
3663 2739 3781 2801 τοὺς
3810 2737 3900 2792 ἇν-

512 2830 728 2893 restria
762 2850 779 2905 ;
822 2838 1156 2891 creaturam
1188 2829 1589 2891 reconciliasti
1620 2847 1635 2903 ;
1670 2819 2148 2910 Creatorem'pro

2260 2828 2484 2905 ὶρώπους
2555 2827 2834 2903 ἆνύψωσας
2870 2843 2884 2859 ⁸
2917 2841 3032 2892 τοῖς
3090 2825 3219 2898 ἄνω,
3268 2841 3386 2892 τοῖς
3444 2829 3595 2884 κάτω
3619 2825 3653 2875 6
3681 2824 3748 2882 δι’
3779 2827 3896 2882 ἐαυ-

514 2918 728 3000 pitium
759 2917 1072 2979 reddidisti
1107 2937 1122 2992 ;
1181 2919 1422 2996 angelos
1452 2917 1780 2980 humiliasti
1813 2941 1829 2993 ;
1892 2919 2150 2982 homines

2263 2917 2345 2985 τῆς
2401 2917 2737 2992 ἐμεσίτευσας
2807 2931 2822 2946 ⁶
2930 2916 3316 2992 μετεσκεύασας
3415 2915 3606 2996 ἂριστα
3676 2919 3736 2973 τὸ
3803 2919 3899 2971 πᾶν

516 3006 786 3072 exaltasti
815 3029 829 3068 :
864 3007 1301 3087 snpernainter
1325 3015 1382 3067 et
1403 3007 1528 3068 haec
1547 3006 1749 3068 intima
1775 3025 1882 3088 per
1907 3023 1964 3068 te
1983 3008 2152 3088 ipsan

2265 3008 2381 3086 πρὸς
2452 3007 2514 3062 τὸ
2609 3005 2840 3082 βέλτιον.
2919 3004 3117 3062 Πολλαὶ
3201 3004 3500 3084 θυγατέρες,
3560 3004 3758 3064 πολλαὶ
3820 3002 3901 3059 καὶ

513 3096 913 3159 intercessisti
943 3095 1262 3159 mediatrix
1299 3096 1460 3177 (22);
1501 3104 1560 3158 et
1600 3096 1816 3158 mirum
1845 3096 1904 3159 in
1930 3099 2149 3158 modun

2263 3093 2480 3169 μητέρες
2537 3094 2792 3162 ἐποίησαν
2861 3093 3078 3171 δύναμιν
3125 3109 3140 3126 ⁹
3197 3096 3256 3150 οὐ
3284 3092 3338 3150 δὲ
3394 3093 3560 3160 ὄντως
3610 3093 3899 3173 ὑπέρκεισαι

512 3185 717 3250 omnia
747 3185 810 3247 in
842 3185 1058 3248 melius
1093 3184 1525 3249 transmutasti.
1557 3183 1754 3248 Multae
1786 3186 1947 3260 tiliae,
1971 3187 2148 3248 multa

1227 3184 1525 3248 smutasti.
1557 3183 1754 3248 Multae
1786 3186 1947 3260 tiliae,
1971 3187 2170 3249 multa;
2189 3191 2228 3241 C
2254 3185 2340 3240 καὶ
2370 3185 2634 3263 ὑπερῇρας
2665 3184 2863 3247 πάσας.

511 3273 692 3338 etiam
722 3283 941 3337 matres
969 3275 1240 3336 fecerunt
1295 3274 1574 3336 virtutem
1612 3295 1628 3351 ;
1681 3281 1743 3335 tu
1799 3284 1995 3338 autem
2028 3294 2168 3338 vere

485 3363 710 3426 vicisti
742 3373 802 3426 et
831 3381 1219 3444 supergressa
1249 3382 1314 3426 es
1345 3363 1679 3427 universas.

589 3451 847 3516 XXXIV.
907 3443 1126 3515 Verum
1179 3471 1363 3532 pauca
1412 3453 1538 3514 haec
1567 3453 1809 3514 demum
1840 3453 2162 3532 gratiarum

2333 3443 2462 3516 AA'.
2520 3451 2668 3510 Ἀλλ’
2725 3456 2875 3516 οὗτος
2920 3453 3017 3529 μὲν
3047 3451 3132 3508 ἐπὶ
3184 3457 3345 3510 πῶιν
3402 3455 3430 3508 δ
3504 3451 3711 3533 βραχὺς
3742 3469 3902 3530 χαρι-

512 3542 708 3624 potius
739 3541 1015 3623 actionis,
1065 3561 1242 3624 quam
1302 3541 1756 3624 supplicationis
1815 3542 1936 3603 sint
1962 3543 2141 3605 verba

2265 3544 2491 3622 ττήριος,
2539 3539 2672 3598 οόδ’
2716 3541 2911 3605 ἱκέσιός
2939 3565 3018 3606 τις
3079 3557 3096 3574 ⁶
3169 3539 3290 3607 λοὸς
3332 3542 3494 3616 ἡμεῖς
3569 3543 3690 3620 σὸς,
3721 3539 3766 3595 ὦ
3797 3545 3901 3594 Κυ-

508 3629 630 3693 Nos
661 3632 916 3713 populus
948 3644 1104 3706 tuus,
1163 3651 1197 3694 ο
1257 3630 1435 3693 totius
1492 3631 1699 3693 mundi
1767 3633 2037 3705 Domina,
2074 3642 2144 3695 tu:

2266 3632 2335 3689 >ία
2385 3633 2484 3698 τῆς
2543 3633 2789 3706 κτίσεως,
2836 3633 2928 3694 σὸς
2997 3629 3253 3709 ἐξαίρετος
3337 3628 3560 3706 κλῆρος,
3622 3632 3693 3693 σὴ
3765 3625 3902 3702 μερὶς

511 3721 836 3802 peculiaris
861 3721 1163 3783 hereditas
1187 3742 1202 3797 ;
1223 3728 1320 3782 tua
1349 3720 1538 3801 portio
1569 3721 1760 3782 electa
1789 3739 2016 3786 sumus.
2035 3722 2145 3784 Tib

2267 3721 2476 3792 ἑκλεκτή
2544 3737 2557 3750 ⁶
2620 3723 2702 3777 σοὶ
2770 3721 2870 3800 γὰρ
2926 3720 3096 3802 φέρων
3151 3722 3294 3796 ἡμᾶς
3340 3723 3367 3777 ὁ
3428 3719 3488 3776 ἐκ
3541 3726 3636 3776 σοῦ
3706 3714 3903 3802 τεχθεὶς

507 3801 668 3872 enim
701 3829 810 3872 nos
840 3811 945 3873 ille
973 3811 1128 3873 ultro
1153 3810 1339 3885 dedit,
1371 3809 1473 3892 qui
1508 3830 1578 3871 ex
1612 3818 1669 3871 te
1700 3818 1872 3872 natus
1903 3819 2012 3887 est,
2049 3831 2143 3892 pa-

2271 3809 2427 3886 δωκε,
2533 3811 2795 3890 πατρικὴν
2865 3801 3080 3874 εἰκότως
3188 3809 3544 3889 κληρονομίαν
3630 3801 3906 3892 προσφιλεῖ

512 3907 744 3962 ternam
759 3899 995 3964 dilecta:
1019 3899 1196 3962 matri
1223 3891 1654 3960 convenienter
1673 3899 1904 3960 donans
1922 3891 2145 3963 lueredi

2269 3903 2417 3980 m'rpi
2454 3902 2836 3982 χαρισάμενος.
2898 3901 2970 3955 Σὺ
3010 3901 3099 3956 καὶ
3152 3899 3363 3972 σώζεις,
3419 3899 3508 3955 καὶ
3567 3897 3784 3968 σώζοις,
3817 3891 3905 3958 τὴν

513 3995 718 4050 tatem.
751 3988 842 4052 Tu
869 4008 1011 4052 vero
1029 3987 1315 4052 eximium
1345 3988 1565 4050 donum
1591 4007 1810 4064 servas,
1837 4007 1905 4050 ac
1936 4007 2149 4052 servare

2267 3990 2428 4058 ul‘w
2457 3989 2654 4070 δωρεάν
2689 4007 2702 4020 ⁶
2777 3988 2979 4065 μᾶλλον
3009 3987 3088 4069 δὲ,
3131 3991 3193 4046 τὸ
3261 3989 3650 4068 ἀγχίστροφον,
3700 3984 3903 4070 σώζοιςᾼ,

509 4077 795 4160 persistas
819 4098 836 4156 ;
861 4097 969 4142 seu
996 4077 1192 4159 potius
1213 4095 1247 4138 e
1272 4095 1582 4151 converso,
1607 4095 1846 4138 servare
1869 4088 2145 4156 persnstas

2271 4081 2439 4160 ὥσπερ
2495 4081 2584 4137 καὶ
2639 4080 2824 4150 σώζεις
2869 4096 2886 4114 ⁶
2939 4077 3001 4136 τό
3054 4098 3113 4134 τε
3185 4078 3377 4156 κράτος
3459 4077 3715 4138 ὡσαύτως
3780 4068 3907 4127 κατὰ

509 4167 664 4233 sicut
698 4176 757 4230 et
785 4185 1006 4242 servas,
1045 4176 1102 4229 et
1132 4167 1420 4228 virtutem
1478 4166 1703 4246 pariter
1731 4174 1938 4228 contra
1965 4167 2145 4231 adver

2269 4172 2473 4227 πάντων
2517 4169 2861 4249 κρατόνουσα,
2919 4169 3006 4223 καὶ
3063 4166 3259 4242 ὁμοίως
3321 4168 3395 4230 εἷς
3450 4164 3602 4230 τέλος
3675 4163 3905 4220 ίθόνουσα

509 4257 704 4322 santia
735 4257 937 4320 omnia
969 4255 1400 4327 corroborans,
1429 4245 1838 4334 atqueitidem
1869 4255 2000 4317 vitae
2017 4277 2145 4335 gres

2269 4261 2320 4316 τὸ
2350 4245 2640 4334 πολίτευμα
2701 4277 2716 4295 ο
2774 4257 2874 4326 τήν
2940 4277 2998 4312 τε
3057 4254 3212 4312 πολίν
3286 4257 3387 4323 τὴν
3462 4257 3586 4329 σὴν,
3629 4255 3690 4311 τὸ
3745 4249 3825 4307 διὰ
3853 4245 3905 4302 σὲ

509 4365 613 4411 sus
643 4366 832 4429 usque
862 4347 926 4408 in
956 4346 1137 4408 ﬁnem
1201 4343 1489 4423 dirigens,
1550 4352 1608 4405 et
1656 4342 1952 4405 civitatem
1989 4355 2145 4408 tuam

2268 4354 2398 4432 μέγα
2455 4356 2626 4426 θαῦμα
2683 4357 2835 4410 τδῠτο
2927 4349 3015 4405 καὶ
3090 4345 3429 4427 περιϐόητον,
3475 4348 3512 4416 ἦ
3570 4349 3644 4411 ὡς
3703 4337 3904 4432 Βασιλίς

507 4428 791 4519 magnum
826 4437 943 4500 hoc
996 4443 1242 4519 propter
1301 4443 1358 4495 te
1415 4433 1638 4514 ubique
1695 4433 1932 4496 celebre
1964 4436 2143 4514 prodi

2268 4428 2498 4500 Βασιλίδα
2529 4442 2770 4521 συνέχεις
2798 4441 2885 4496 καὶ
2942 4437 3208 4518 περιέπεις
3255 4454 3270 4470 ⁸
3323 4439 3409 4494 καὶ
3477 4438 3602 4514 τὴν,
3651 4433 3750 4500 ὅση
3781 4428 3904 4521 ταύέ

505 4527 691 4608 gium,
717 4545 896 4608 quam
919 4527 1000 4590 uti
1028 4526 1261 4606 Regina
1286 4522 1555 4606 reginam
1575 4523 1757 4586 tueris
1774 4543 1842 4587 ac
1875 4527 2138 4606 protegis

2269 4555 2351 4599 της
2393 4520 2690 4604 ὒπήκοοςί
2728 4534 2796 4605 τῇ
2861 4526 3072 4606 μεγάλῃ
3128 4527 3268 4606 χειρί
3352 4548 3444 4583 σου
3497 4522 3796 4604 κυϐερνῶσα
3823 4520 3905 4575 καὶ

583 4682 602 4724 ι
631 4657 682 4723 Il
709 4657 844 4737 Cor,
879 4677 920 4737 ι,
955 4659 1015 4723 8.
1149 4658 1321 4722 Prov.
1356 4674 1520 4738 xxxx,
1552 4657 1655 4720 Q9.

1712 4767 1715 4770 ’
1948 4765 2138 4830 Variae
2183 4769 2492 4834 lectiones.

583 4901 617 4986 β
646 4901 790 4974 Quae
817 4911 1184 4986 sequuntur,
1214 4903 1302 4986 sic
1326 4901 1513 4986 paulo
1538 4900 1714 4986 aliter
1743 4899 1802 4960 in
1838 4898 1968 4962 Vat.
1998 4905 2208 4986 πάντων

2261 4912 2358 4962 τῶν
2390 4903 2712 4986 εὐεργέτιδος
2739 4903 2957 4986 ταύτης.
3045 4896 3236 4986 ᾹῌἾει.
3270 4896 3332 4959 in
3358 4912 3542 4986 marg.
3574 4899 3622 4986 οἱ
3651 4892 3897 4986 ξπίλογοιέ

502 4984 536 5036 5
571 4985 748 5066 _L_aur.
782 4977 956 5066 abest
984 4985 1072 5047 τά.
1158 4984 1192 5033 6
1223 4977 1370 5047 (ΙοιῘ.
1404 4983 1781 5066 Ιιοιιι·.]ιιιιιο
1811 4999 2138 5066 sermonen

2264 5004 2279 5046 Β
2312 4977 2797 5066 ρευοῑεεὺεοινίι
2829 4999 2843 5044 ζ
2897 4992 3026 5046 Τοῖς
3075 4979 3206 5066 ἄνω,
3239 4979 3531 5066 τοςςῄκέτέυ
3561 4977 3900 5066 ὠιὺπίαρχεις

507 5066 535 5120 ὁ
565 5062 979 5139 ἐξοικονομήσας
1009 5066 1109 5132 τὴν
1141 5066 1369 5132 ἑνότητα
1404 5080 1417 5093 ’
1468 5066 1556 5120 καὶ
1599 5061 1681 5118 διὰ
1715 5071 1808 5121 σοῦ
1839 5062 2150 5141 ἐγνώκαμεν
2178 5069 2266 5123 τὸν
2314 5049 2501 5145 impio»
2529 5069 2682 5141 ἡμῶν
2710 5065 2918 5131 Ἰησοῦν
2964 5049 3234 5145 Χριστόν-⁸
3281 5062 3328 5134 ᾧ
3355 5061 3388 5128 ἢ
3419 5055 3538 5145 δάξῆ
3568 5057 3657 5145 δξαξ
3684 5049 3897 5145 τδξιρεῖ-

506 5166 623 5226 τος,
656 5145 750 5226 σὺν
778 5129 1107 5226 έῷἆνάρχὶρ
1136 5129 1509 5226 αὒτούΑΠατρὶ,
1555 5145 1642 5200 καὶ
1686 5149 1762 5218 τῷ
1792 5129 2151 5222 παναγίῳικαὶ
2195 5148 2376 5225 ἀγαθῷ
2393 5129 2491 5204 ικαὶ
2521 5129 2791 5220 (ibo-qu
2818 5145 2974 5201 αὐτοῦ
3013 5129 3310 5217 Πνεύματι,
3339 5146 3426 5196 νῦν
3457 5139 3545 5195 καὶ
3574 5137 3675 5213 ἀεὶ,
3705 5129 3811 5192 καὶί
3832 5129 3898 5189 εἰς

503 5223 624 5288 τοὺς
656 5225 851 5288 αἰῶνας
882 5223 996 5281 τῶν
1022 5223 1260 5289 αἰώνων,
1297 5223 1494 5299 Ἀμήν,

2113 5303 2300 5368 Notae.

589 5437 720 5578 (ﬁt?
750 5438 884 5502 Act.
921 5455 1065 5516 xvn,
1099 5438 1200 5504 28.
1235 5437 1432 5501 Habes
1454 5447 1651 5501 autem
1682 5439 2169 5502 lmclecodoctri-
2253 5441 2408 5501 mani
2451 5438 2691 5518 generis
2721 5437 2985 5520 propria,
3037 5431 3378 5498 communis
3407 5439 3605 5493 autem
3637 5423 3892 5492 omnium

589 5535 642 5577 m
675 5517 692 5578 i
723 5517 861 5578 lam.
905 5539 1082 5578 auam
1119 5520 1292 5578 toties
1325 5519 1502 5578 etiam
1535 5518 1606 5578 ab
1641 5517 1871 5578 Isidoro
1906 5519 2169 5578 Thessa-
2251 5521 2561 5578 hominum
2593 5538 2768 5578 causa
2798 5519 2872 5578 sit
2902 5516 3062 5577 nulla
3093 5524 3308 5578 prater
3337 5513 3562 5575 crimen
3597 5513 3671 5573 ab
3718 5507 3892 5570 Adam

506 5507 642 5602 nam
675 5507 861 5602 illam,
905 5507 1082 5602 quam
1119 5520 1292 5582 toties
1325 5519 1502 5602 etiam
1535 5518 1614 5602 ab
1641 5517 1871 5602 Isidoro
1906 5519 2169 5602 Thessa-
2251 5507 2561 5582 hominumn
2593 5507 2768 5581 causa
2798 5507 2872 5579 sit
2902 5507 3062 5577 nulla
3093 5524 3308 5596 prater
3336 5513 3562 5602 crimen
3597 5507 3897 5602 abntmtam

503 5595 798 5681 l_on_icensi
827 5595 1187 5681 propositam
1211 5600 1535 5662 cernimus.
1564 5599 2167 5680 videlicetVirginem
2253 5611 2634 5681 propagatum
2664 5621 2680 5675 ;
2706 5608 2868 5681 extra
2890 5615 3128 5681 causam
3155 5613 3299 5681 ergo
3332 5595 3440 5681 fuit
3477 5595 3644 5681 beata
3676 5595 3890 5681 Virgo“;

502 5673 1275 5759 Deiparam'quodanxmodo
1290 5698 1528 5743 causam
1549 5681 1844 5743 exstitisse
1877 5673 1994 5742 cur
2005 5683 2164 5744 Deus
2248 5673 2635 5757 nequo'euim
2661 5673 2870 5740 eodem
2895 5676 3150 5740 crimine
3173 5676 3455 5738 obstricta
3481 5673 3775 5756 potuisset
3791 5676 3897 5747 per

503 5755 660 5817 hanc
689 5755 888 5817 rerum
920 5759 1367 5823 universitatem
1401 5760 1715 5822 conderet.
2245 5777 2309 5822 se
2339 5755 2671 5824 incdiatria:
2701 5759 3094 5823 intercedere.

591 5832 714 5914 (Η)
748 5835 893 5896 Cum
924 5846 1126 5916 aperte
1156 5838 1255 5901 hic
1284 5846 1494 5918 agatur
1521 5841 1596 5901 de
1633 5857 1812 5901 causa
1842 5841 2023 5902 totius
2045 5841 2161 5901 hu-
