4144 6400
365 405 523 472 1113

367 537 743 594 κατευθύνουσκ

365 628 665 682 καθιστῶσα
719 624 817 681 κᾶν
873 622 1157 680 ἆντίπχλόν
1211 645 1262 679 τι
1343 621 1633 702 προσϐάλοι

364 735 467 792 pm:
523 711 842 780 ἀϐούλητον,
918 714 1050 779 αὒτὴ
1093 714 1185 768 τὸν
1234 715 1324 768 σὸν
1386 711 1604 791 τρόπον,
1680 711 1738 765 ὃν
1771 707 1919 772 οἶδας
1964 710 2021 764 ὃν

363 801 576 875 ε”ωθχς,
642 810 895 877 μετιοῦσα
979 803 1071 856 τὸν
1126 799 1360 857 κίνδυνον
1433 818 1449 833 ⁸
1524 801 1613 855 καὶ
1658 799 1718 856 τὸ
1772 795 2020 877 διοχλοῦν

364 890 604 966 ἀζημίως
635 892 724 947 καὶ
779 888 1024 953 ἀϐλαϐῶς
1085 888 1452 968 ἆποτρὲπουσα
1487 906 1504 922 ·

363 980 697 1059 πανταχόθεν
740 981 801 1035 τὸ
845 976 1074 1058 ἀσφαλὲς
1134 975 1217 1033 διὰ
1274 978 1372 1044 τὴν
1425 977 1525 1043 σὴν
1583 976 1742 1055 χάριν
1774 973 2010 1054 ἔχουσιν,

361 1066 454 1144 ἐξῇ
483 1065 795 1146 μεγαλύνειν
895 1088 953 1122 σε
1023 1067 1109 1122 καὶ
1166 1063 1395 1138 δοξάζειν
1451 1065 1532 1120 ἀεὶ
1585 1065 1683 1132 τὴν
1739 1065 1801 1119 τὸ
1869 1065 2022 1142 γένος

361 1157 513 1231 ἡμῶν
583 1159 854 1236 ὑπερφυῶς
901 1153 1270 1234 μεγαλύνασαν
1333 1174 1346 1188 ·
1409 1152 1489 1210 ὅτι
1547 1175 1628 1210 σοι
1712 1158 1860 1209 πᾶσα
1901 1150 2022 1218 δόξα

359 1245 550 1324 πρόπει
605 1247 694 1302 καὶ
744 1251 821 1319 τῷ
853 1252 932 1318 σῷ
977 1243 1120 1316 τόκῳ
1162 1244 1252 1300 σὺν
1311 1244 1474 1322 [largi
1522 1242 1711 1322 τευκαὶ
1753 1241 2018 1316 Πνεύματι

359 1339 446 1390 νῦν
477 1335 563 1390 καὶ
594 1336 666 1396 εἰς
695 1334 816 1397 τοὺς
848 1335 1064 1395 αἰῶνας.
1114 1329 1312 1408 Ἀμήν,

1685 640 1700 656 ⁸
1747 627 1843 676 κᾶν
1901 620 2022 676 ἐτέ-

1561 887 1586 943 ’ί
1593 888 1637 943 ν’
1693 885 1855 952 οὕτως
1885 889 2020 962 ἡμῖν

1736 398 2031 465 VERSUS
2071 397 2392 461 IAMBICI.

794 552 807 566 '
871 538 926 592 ὲν
982 535 1238 610 ἀκινδύνῳ
1317 557 1375 590 τε
1459 533 1688 610 μάλιστα
1752 533 1818 589 τὰ
1874 537 2016 588 κοινᾶ

2107 527 2401 607 simulque
2415 527 2923 609 universam,quae
2945 527 2998 589 ei
3021 526 3654 604 subjicitur,ditionem
3674 526 3758 606 (a)

3598 391 3757 458 1114

2107 637 2284 678 manu
2310 626 2408 678 tua
2430 616 2713 697 prmcelsa
2734 618 3076 696 gubernans
3112 637 3178 679 ac
3209 636 3490 698 prospere
3516 634 3754 696 regens,

2104 715 2281 785 atque
2299 715 2438 767 ante
2460 704 2659 766 omnia
2671 706 3108 785 rempublicam
3128 708 3189 767 in
3217 715 3342 770 luto
3365 705 3752 780 constituens,

2103 796 2234 856 etsi
2260 793 2399 875 quiti
2425 794 2765 868 adversum,
2791 795 2840 855 si
2862 795 3004 876 quid
3030 806 3348 877 utcumque
3380 795 3752 877 inopinatum

2103 884 2463 964 impendeat,
2511 883 2830 964 ipsa|more
2857 894 2978 961 tuo,
3030 904 3148 964 quo
3178 886 3317 958 scis,
3349 904 3467 966 quo
3507 902 3757 946 consue-

2102 972 2257 1044 visti,
2294 972 2622 1053 periculum
2671 975 2928 1048 solvens,
2980 980 3040 1035 et
3082 974 3369 1055 quidquid
3415 973 3753 1046 conturbet,

2100 1061 2235 1123 sine
2261 1061 2479 1123 damno
2515 1071 2572 1123 et
2622 1061 2755 1123 sine
2800 1081 2951 1124 noxa
2998 1072 3312 1134 avertens;
3349 1070 3412 1124 ut
3463 1063 3549 1124 sic
3579 1061 3753 1124 nobis

2101 1170 2372 1214 securam
2406 1152 2668 1233 undique
2693 1153 3178 1235 tranquillitatem
3205 1154 3398 1234 gratia
3422 1153 3502 1214 tui
3527 1153 3755 1235 adeptis

2103 1240 2302 1315 liceat,
2339 1251 2419 1315 le,
2453 1259 2582 1321 quae
2606 1259 2793 1321 genus
2827 1253 3091 1304 nostrum
3125 1251 3241 1302 tam
3272 1241 3620 1304 admiranda
3649 1259 3751 1303 ra-

2101 1329 2264 1390 tione
2296 1329 2706 1408 magniﬁcasti,
2733 1330 3116 1409 magniﬁcare
3147 1348 3215 1392 ac
3243 1331 3575 1410 gloriﬁcare
3598 1348 3754 1392 sem-

358 1439 486 1502 per,
522 1421 799 1504 quoniam
823 1421 933 1483 tibi
962 1420 1150 1501 glorla
1176 1420 1374 1483 omnis
1397 1420 1570 1483 decet
1599 1432 1668 1482 ac
1715 1418 1865 1481 Filio
1898 1425 1999 1482 tuo
2051 1417 2230 1481 simul
2261 1435 2394 1480 cum
2447 1419 2626 1481 Patre
2680 1437 2753 1480 ac
2808 1418 3034 1500 Spiritu
3083 1437 3242 1481 nunc
3286 1427 3346 1481 et
3391 1418 3453 1480 in
3507 1418 3748 1481 saecula.

359 1511 573 1574 Amen.

432 1642 506 1711 (a)
537 1641 662 1700 Non
693 1642 877 1713 levem
909 1642 1033 1699 haec
1063 1648 1304 1709 possent
1332 1641 1572 1713 injicere
1601 1640 2010 1713 suspicionem,
2037 1660 2081 1710 ι)
2100 1639 2326 1698 facilius
2355 1638 2563 1697 cadere
2591 1639 2651 1696 in
2700 1639 3070 1698 homiliarum
3102 1639 3421 1712 cuiuspiam
3454 1639 3750 1713 Ecclesiae,

405 1724 696 1771 ostrenam
731 1712 878 1771 hanc
908 1714 1190 1770 sermonis
1219 1712 1435 1784 partem
1483 1726 1609 1769 esse
1653 1712 1972 1769 addititiam
1993 1728 2012 1782 ;

419 1788 780 1842 uchaitarum
815 1784 968 1842 enim
1000 1786 1160 1851 urbs,
1194 1799 1366 1856 quam
1395 1784 1643 1856 Joannes
1691 1794 1886 1840 noster
1923 1798 2016 1840 re-

359 1857 549 1928 gebat,
591 1858 860 1925 unspiam
911 1865 1042 1913 nota
1097 1855 1329 1928 luit’uti
1377 1855 1698 1927 prodigium
1750 1870 2019 1928 maguum

360 1926 412 1998 et
439 1927 642 1998 ubique
668 1928 890 1991 celebre,
927 1943 1034 1983 nec
1065 1927 1259 1984 multis
1291 1926 1436 1997 opus
1465 1939 1571 1995 est,
1595 1933 1659 1983 ut
1687 1926 2014 1998 suadeatur,

360 1997 470 2055 hoc
504 1997 627 2056 loco
676 1999 1360 2070 Constantinopolitanam
1412 2011 1649 2068 prorsus
1679 1998 1882 2070 urbem
1902 1997 2018 2070 de-

368 2070 608 2141 signari.
641 2070 787 2127 Huic
818 2084 952 2126 vero
982 2068 1301 2141 suspicioni
1332 2083 1600 2139 magnam
1646 2071 1762 2141 vim
1811 2068 2016 2125 addere

364 2140 592 2198 videtur
641 2141 1057 2198 Laurentianus
1095 2140 1334 2205 't-odex,
1385 2155 1415 2195 a
1469 2153 1584 2210 quo
1654 2140 1761 2197 ista
1826 2141 2018 2196 omnia

361 2211 594 2269 absunt.
650 2212 1056 2269 Verumtamen
1105 2211 1298 2268 deﬁcit
1347 2211 1518 2282 hujus
1564 2211 1888 2282 argumenti
1919 2225 2019 2268 ro-

360 2282 503 2356 bur,
525 2285 571 2339 si
605 2285 908 2356 utriusque
947 2285 1162 2356 codicis
1205 2283 1486 2356 rationem
1533 2283 1828 2356 inspicias.
1864 2283 2016 2356 Lau-

358 2353 656 2425 rentianus
685 2353 839 2412 enim
882 2354 1091 2423 profert
1139 2354 1555 2425 homiltarium,
1588 2354 1645 2410 in
1677 2368 1792 2425 quo
1822 2353 2017 2423 plures

361 2424 719 2496 diversorum
743 2434 1042 2483 auctorum
1074 2439 1368 2482 sermones
1391 2424 1462 2481 ad
1493 2440 1659 2481 usum
1691 2424 2012 2496 cujuspiam

362 2494 636 2553 Ecclesiae
685 2498 908 2554 collecti
952 2509 1308 2564 cernuntur;
1359 2495 1664 2552 Vaticanus
1703 2494 1838 2552 vero
1867 2494 2013 2552 nihil

368 2568 652 2638 exhibet,
709 2570 822 2624 nisi
899 2569 1293 2626 collectionem
1369 2567 1781 2638 opusculorum
1830 2567 2014 2638 nostri

354 2637 616 2704 Joannis,
665 2639 922 2697 carmina
975 2640 1212 2704 scilicet,
1266 2637 1560 2709 epistolas.
1611 2647 1664 2694 et
1722 2637 2010 2696 homilias.

2101 1727 2131 1769 a
2164 1726 2278 1784 quo
2309 1726 2375 1768 ea
2406 1720 2973 1784 amputantur,iqum
3004 1713 3196 1770 minus
3239 1713 3310 1769 ad
3340 1727 3460 1768 rent
3511 1712 3749 1784 faciunt,

2102 1782 2276 1855 quam
2306 1784 2364 1839 in
2392 1782 2769 1856 codicem,_in
2798 1782 2913 1856 duo
2962 1785 3216 1855 apposite
3246 1784 3567 1856 cujuspiam
3596 1782 3751 1856 Scri-

2101 1853 2283 1926 ptoris
2314 1869 2485 1926 opera
2536 1853 2708 1926 simul
2757 1853 3262 1913 collecta'fuerint.
3308 1853 3540 1912 Accedit
3570 1855 3747 1926 quod.

2101 1924 2149 1982 Si
2179 1925 2321 1981 ﬁdes
2353 1924 2614 1982 habenda
2648 1926 2715 1981 iis
2744 1934 2849 1991 est,
2888 1941 3016 1997 quae
3045 1926 3284 1997 ipsemet
3327 1924 3601 1983 adamata
3633 1925 3751 1982 vidi

2099 2013 2128 2052 a
2178 1997 2518 2068 praeclariss.
2572 1998 2694 2052 viro
2743 1996 2952 2068 Angela
2998 1998 3168 2062 Maio,
3222 1996 3528 2054 Vaticanus
3575 1997 3750 2068 codex

2097 2067 2205 2139 ipsi
2259 2067 2482 2125 auctori
2530 2081 2756 2139 coaevus
2806 2067 3083 2125 dicendus
3130 2077 3216 2124 est
3263 2084 3275 2124 :
3326 2082 3397 2125 ex
3443 2083 3556 2139 quo
3603 2067 3662 2139 ﬁt
3691 2076 3754 2125 ut

2101 2137 2292 2196 minus
2326 2137 2653 2195 verisimilis
2684 2140 3050 2210 interpolatio
3082 2139 3254 2210 huius
3286 2137 3559 2196 videatur.
3587 2138 3750 2208 Quod

2099 2225 2236 2267 vero
2270 2211 2340 2267 ad
2373 2209 2487 2282 illa
2515 2217 2797 2282 spectant,
2827 2225 2957 2280 quae
2987 2209 3285 2282 homil’tam
3323 2211 3536 2267 inurbe
3569 2212 3752 2282 regia,

2099 2295 2214 2338 non
2248 2292 2438 2354 autem
2474 2279 2530 2354 in
2557 2279 2968 2354 Euchaitarum
3001 2281 3212 2354 oppido
3241 2281 3449 2338 dictam
3475 2279 3745 2354 suadent,

2101 2354 2350 2422 genuina
2415 2351 2613 2408 haberi
2672 2351 3196 2424 possunttsi'quis
3238 2365 3418 2422 putet,
3464 2353 3746 2424 Joannem

2097 2421 2249 2480 hanc
2297 2424 2614 2480 orationem
2663 2436 2778 2479 non
2828 2425 2887 2480 in
2939 2421 3183 2481 Ecclesia
3217 2421 3344 2485 sua,
3381 2424 3481 2480 sed
3512 2425 3567 2480 in
3599 2421 3748 2480 Con-

2097 2494 2603 2564 stantinopolitana
2661 2495 2841 2558 urbe,
2895 2509 3026 2552 cum
3075 2497 3218 2553 forte
3261 2494 3339 2550 ibi
3403 2505 3742 2559 versaretur.

2096 2563 2385 2623 habuisse.
2419 2565 2483 2623 Et
2527 2563 2713 2636 reipsa
2762 2567 3042 2623 Joannem
3090 2565 3578 2636 Constantinopoli
3620 2579 3748 2622 esse

2097 2644 2406 2701 moratum,
2440 2645 2496 2694 et
2524 2635 2840 2706 plurimum
2869 2637 3083 2696 ibidem
3112 2638 3448 2698 auctoritate
3468 2635 3742 2702 valuisse,

2098 2711 2160 2766 in
2192 2707 2533 2768 Praelatione
2562 2707 2878 2767 innuimus.

355 2709 715 2769 Manifestum
761 2720 847 2770 est
877 2720 1087 2782 autem,
1118 2709 1509 2782 suspicionem
1555 2709 2018 2782 interpolationis

353 2939 3703 2974 Μ

1556 3173 1666 3344 J
1683 3169 2306 3342 OANN
2319 3170 2522 3342 IS

1020 3463 2040 3568 METROPOLITANI
2158 3463 3074 3564 EUCHAITENSIS

1765 3673 2031 3734 VERSUS
2067 3669 2181 3729 1AM
2189 3669 2326 3730 BICI

431 3825 514 3890 IN
556 3826 1111 3892 PRINCIPALIUM
1155 3829 1561 3892 FESTORUM
1619 3828 1890 3892 PICTAS
1950 3830 2034 3892 IN
2081 3833 2408 3897 TABULIS
2449 3827 2860 3894 HISTORIAS
2898 3827 3153 3902 ATQUE
3197 3825 3375 3893 ALIA
3418 3826 3659 3891 VARIA

1029 3999 1334 4073 CUBA
1385 4000 1947 4084 MATI‘HEI
1997 4003 2354 4087 BUSTI,
2411 4001 3052 4086 BTONENSIS,

1816 4199 1878 4248 IN
1922 4200 2116 4251 LUCEM
2159 4204 2311 4252 EDITI

347 4341 598 4427 (Etonm,
633 4344 696 4408 in
727 4341 978 4423 collegio
1007 4338 1236 4426 Regali,
1260 4343 1589 4409 excudebat
1607 4342 1870 4408 Joannes
1888 4344 2132 4428 Norten,
2160 4346 2222 4409 in
2253 4347 2499 4430 Graecis,
2531 4355 2676 4422 etc.,
2701 4344 2918 4428 Regius
2941 4343 3385 4427 Typograpbns,
3416 4343 3591 4421 1610,
3620 4343 3738 4420 4ο.)

1275 4664 1786 4716 BEVERENDISSIMO
1829 4666 1891 4715 IN
1935 4665 2180 4716 CHRISTO
2221 4666 2396 4716 PATRI
2440 4665 2516 4716 AC
2557 4666 2805 4734 DOMINO,

1929 4835 2156 4885 DOMINO

656 4992 960 5042 BICHARDO
1001 4991 1432 5044 CANTUABIENSI
1475 4995 1933 5045 ARCHIEPISCOPO
1975 4997 2180 5045 TOTIUS
2219 4997 2460 5047 ANGLIJE
2501 4997 2744 5047 PBIMATI
2775 4999 2858 5047 ,ΕΤ
2899 4995 3413 5047 METROPOLITANO.

424 5282 605 5358 Quod
634 5282 701 5346 in
733 5279 1159 5347 laudatissima
1190 5284 1299 5349 illa
1326 5287 1767 5351 Atheniensum
1800 5285 2115 5369 republica
2144 5285 2662 5357 (reverendissime
2688 5285 2951 5356 domine)
2983 5302 3061 5350 ea:
3084 5282 3435 5365 praescripto
3454 5282 3604 5366 legis
3635 5283 3733 5362 fa-

271 5443 280 5455 ,
341 5389 478 5436 cete
499 5372 859 5436 tenebantur
886 5373 1202 5452 inquilini,
1239 5375 1401 5439 idem
1430 5379 1496 5440 in
1526 5396 1591 5439 re
1643 5375 1962 5439 litteraria
1980 5377 2115 5456 jam
2148 5375 2256 5438 diu
2284 5373 2641 5452 obtinuisse,
2675 5385 3124 5458 patronamque
3153 5373 3291 5437 huic
3311 5374 3638 5455 peregrino
3669 5378 3729 5436 et

338 5464 542 5526 exsuli
570 5480 756 5543 quam
786 5466 1055 5541 primum
1088 5468 1486 5545 quarendum
1516 5484 1637 5528 esse
1664 5465 1964 5542 intelligo.
1995 5463 2154 5527 Nam
2187 5481 2380 5543 neque
2435 5471 2560 5528 tam
2609 5466 2955 5547 elegantem
3004 5462 3269 5526 libellum
3319 5479 3454 5525 cum
3482 5478 3727 5549 summa

337 5557 610 5617 auctoris
638 5560 696 5616 et
729 5555 1140 5618 litteratorum
1175 5560 1406 5636 injuria
1432 5561 1682 5638 penitus
1708 5558 2082 5637 supprimere
2113 5573 2385 5634 unquam
2415 5555 2622 5627 libuit,
2668 5574 2862 5637 neque
2890 5558 2975 5618 ito
3007 5558 3072 5617 in
3106 5557 3297 5616 lucem
3328 5558 3626 5620 emittere,
3654 5558 3725 5614 ut

331 5649 622 5722 tanquam
675 5644 1072 5720 surreptitius
1108 5646 1258 5707 civis
1282 5647 1634 5726 ἀπροστασίου
1663 5645 1810 5714 δίκην
1841 5646 2030 5726 possit
2061 5645 2376 5707 sustinere.
2413 5643 2493 5706 Et
2521 5649 2804 5722 quoniam
2830 5647 3010 5722 hujus
3039 5643 3351 5723 scriptoris
3380 5641 3729 5705 rationibus

330 5735 554 5812 Optime
584 5731 930 5795 consultum
951 5750 1074 5796 esse
1095 5738 1290 5814 cupio,
1314 5755 1440 5798 non
1469 5736 1661 5817 placet
1695 5736 1763 5796 in
1791 5743 2052 5813 patrono
2081 5732 2270 5795 eidem
2294 5734 2745 5814 prospiciendo.
2779 5745 2998 5797 temere
3024 5741 3081 5797 ct
3109 5737 3242 5794 sine
3269 5733 3436 5793 omni
3462 5729 3694 5796 delectu

329 5826 585 5888 versari.
618 5824 806 5889 Sacas
836 5828 1088 5909 quidam
1116 5826 1281 5908 apud
1309 5818 1774 5908 Xenophontem
1802 5823 1944 5887 dum
1966 5826 2234 5906 gratiam
2262 5823 2427 5905 apud
2451 5822 2716 5906 aliquem
2743 5829 3026 5906 spectatae
3057 5823 3305 5886 virtutis
3334 5820 3537 5884 virum
3558 5821 3692 5886 iuir
