4144 6426
409 338 572 404 1118
1640 341 1964 407 JOANNIS
2005 343 2045 405 Ε

2169 338 2573 408 HAITENSIS
3648 348 3673 413 1
3690 345 3805 414 116

409 478 631 554 studet,
663 479 908 543 eximiae
941 479 1235 543 bonitatis
1265 495 1514 562 equum,
1545 486 1603 542 et
1643 477 1994 559 nuperrime
2021 494 2214 541 cursu
2240 482 2555 560 victorem,
2587 478 2846 544 libenter
2873 479 2975 544 illi
2998 498 3065 545 se
3092 481 3463 546 donaturum
3487 481 3801 565 professus

411 576 517 644 est,
550 587 724 651 quem
744 569 913 651 gleba
944 570 1010 632 in
1039 570 1564 650 confertissimum
1591 566 1859 632 militum
1887 566 2137 648 globum
2165 567 2625 633 conniventibus
2649 569 2841 631 oculis
2871 571 3091 633 emissa
3122 571 3377 648 fortuito
3406 578 3802 652 contingeret.

412 660 647 740 Anceps
678 659 916 740 quidem
947 661 1067 723 ista
1094 666 1151 722 et
1178 658 1357 740 plena
1383 657 1649 740 periculi
1675 658 1939 726 sortitio.
1959 675 2093 738 quae
2136 665 2340 721 tamen
2384 657 2688 722 hominem
2734 678 2857 722 non
2900 660 3140 741 fefellit,
3172 668 3373 739 utpote
3400 680 3575 741 quem
3608 663 3805 744 Cyrus

414 748 498 811 ad
524 765 656 811 eam
685 750 987 812 exercitus
1013 750 1116 812 sui
1137 756 1373 829 partem
1403 753 1792 823 converterit,
1824 748 1890 810 in
1917 764 2105 828 quam
2158 749 2216 809 si
2260 746 2359 810 vel
2386 746 2612 812 clausis
2635 747 2826 812 oculis
2854 748 3238 827 collimasset,
3271 768 3312 814 a
3340 754 3474 815 viro
3499 751 3647 831 forti
3674 769 3800 814 non

412 846 614 919 posset
643 838 950 901 aberrare.
991 838 1162 913 Quod
1188 843 1245 900 si
1295 856 1406 918 ego
1458 836 1745 900 similiter
1786 835 2051 916 fortunae
2097 835 2296 900 aleam
2343 839 2607 915 experiri
2654 840 3007 918 (praesertim
3034 840 3101 902 in
3131 846 3255 904 tam
3284 841 3448 903 mira
3492 840 3801 920 paucitate

413 943 624 990 eorum
656 928 767 1008 qui
795 927 911 991 ista
941 945 1020 990 ex
1049 929 1259 990 animo
1287 934 1531 1001 curant,
1587 932 1768 1006 atque
1805 924 2255 1005 amplexantur)
2303 925 2600 1008 illumque
2639 926 2783 991 huic
2835 929 3085 993 advenae
3137 937 3474 1010 patronum
3502 932 3798 1011 adoptare

413 1015 628 1079 vellem
657 1034 838 1097 quem
866 1034 1043 1080 casus
1071 1016 1401 1095 obtulisset,
1449 1015 1790 1097 periculum
1829 1014 1961 1094 fore
1988 1015 2252 1097 videtur,
2288 1033 2365 1078 ne
2394 1016 2590 1079 nihilo
2623 1020 2818 1081 tutius
2842 1018 3167 1100 hospitium
3195 1020 3390 1084 eidem
3431 1019 3796 1101 obtingeret,

416 1122 605 1186 quam
637 1106 986 1179 hirundini,
1018 1123 1200 1186 quam
1230 1105 1523 1167 Archaias
1551 1106 1620 1168 in
1652 1107 1860 1167 erco
1888 1104 2324 1186 epigrammate
2345 1103 2456 1168 sub
2483 1106 2707 1170 Medea:
2730 1114 2933 1171 statua
2956 1109 3367 1188 nidiﬁcantem
3391 1111 3561 1188 facit,
3595 1117 3652 1173 et
3677 1109 3801 1172 hu-

417 1200 772 1258 manitatem
804 1213 951 1277 erga
971 1197 1330 1276 peregrinos
1360 1196 1506 1258 inde
1533 1194 1652 1256 sibi
1689 1193 2096 1275 pollicentem,
2145 1194 2255 1256 ubi
2308 1202 2481 1257 tanta
2530 1196 2596 1257 in
2642 1196 2999 1261 domesticos
3045 1207 3231 1278 atque
3279 1200 3804 1277 conjunctissimos

416 1286 739 1351 exstitisset
771 1286 1151 1348 immanitas.
1183 1286 1251 1349 Si
1277 1302 1412 1347 vero
1441 1282 1537 1348 vel
1565 1282 1882 1346 tantillum
1915 1282 2078 1363 apud
2106 1299 2200 1345 me
2228 1289 2493 1365 rogitare
2514 1284 2720 1360 velim,
2755 1304 2876 1349 non
2904 1290 3021 1349 erit
3052 1288 3321 1351 arduum
3351 1288 3672 1369 dispicere,
3704 1287 3806 1350 cui

413 1376 794 1455 potissimum
824 1373 956 1455 hoc,
990 1374 1284 1455 quidquid
1312 1382 1400 1438 est
1428 1376 1618 1455 prisci
1644 1375 1872 1456 operis,
1906 1390 2260 1454 nuncupare
2286 1375 2558 1437 debeam.
2594 1378 2680 1439 Tu
2708 1379 2871 1441 enim
2901 1379 3431 1458 (reverendissime
3461 1378 3671 1460 Pater)
3700 1379 3810 1460 qui

417 1481 583 1526 nunc
602 1462 847 1544 publica
875 1463 1160 1527 Ecclesiie
1191 1464 1341 1527 bona
1367 1465 1631 1543 feliciter
1651 1465 2043 1544 prospiciens,

2172 1486 2239 1530 at;
2270 1463 2480 1544 ἐρείδεις
2519 1469 2612 1524 οὒκ
2640 1467 2930 1547 εὖάγκαλον
2956 1469 3142 1549 βάρος,
3179 1474 3267 1549 tu,
3288 1469 3567 1549 inquam,
3596 1469 3808 1531 statim

417 1555 705 1625 occurris,
739 1562 801 1615 et
850 1557 1056 1617 animo
1101 1554 1443 1617 obversaris
1493 1571 1672 1617 meo:
1732 1553 1813 1615 ad
1862 1569 2041 1633 quem
2087 1570 2225 1614 cum
2272 1551 2605 1632 Gregorius
2653 1557 3024 1635 nuperrime,
3074 1563 3143 1619 ut
3169 1558 3403 1630 debuit,
3454 1556 3805 1633 diuerterit,

418 1659 659 1722 (equum
685 1644 961 1723 profecto
989 1649 1072 1705 est
1104 1650 1169 1706 ut
1198 1650 1404 1706 noster
1430 1643 1530 1705 hic
1555 1642 1841 1714 Joannes,
1874 1641 1983 1721 qui
2031 1648 2088 1703 el
2130 1639 2279 1703 alim
2324 1642 2639 1705 dioeceseos
2670 1644 3355 1726 Constantinopolitanie
3383 1648 3522 1725 fuit.
3559 1653 3618 1709 et
3642 1663 3811 1708 nunc

416 1732 632 1795 iisdem
663 1735 830 1813 typis
879 1750 1142 1795 excusus
1182 1732 1409 1814 prodit,
1476 1731 2225 1811 Constantinopolitanum
2260 1731 2711 1812 patriarcham,
2760 1742 2819 1796 et
2872 1736 3186 1797 dominum
3238 1752 3413 1798 suum
3456 1741 3805 1815 comitetur,

419 1822 667 1899 eiusque
694 1822 952 1902 vestigia
980 1821 1247 1884 studiose
1276 1820 1568 1883 observet.
1600 1820 1772 1894 Quod
1803 1820 2041 1898 quidem
2069 1825 2138 1882 ut
2166 1821 2467 1883 commode
2485 1822 2693 1899 facere
2713 1824 2922 1902 possit,
2953 1823 3065 1886 tibi
3092 1822 3410 1887 humiliter
3436 1824 3804 1904 supplicare,

419 1914 498 1990 et,
526 1909 638 1971 sub
666 1910 761 1971 iui
786 1911 1055 1973 nominis
1085 1911 1400 1990 auspiciis,
1431 1910 1497 1971 in
1519 1909 1826 1991 publicum
1852 1908 2225 1989 prodeundi,
2255 1908 2558 1973 desiderio
2586 1912 2847 1992 mirifice
2873 1914 3097 1992 gestire
3101 1912 3467 1992 jamdudum
3494 1914 3662 1976 visus
3687 1920 3811 1976 est:

421 2004 750 2079 exactaque
778 2000 916 2079 jam
962 2001 1095 2078 fere
1123 2007 1459 2074 menstruo,
1487 2005 1624 2079 post
1652 1997 2001 2061 absolutum
2029 1996 2424 2078 Gregorium,
2456 2004 2677 2081 spatio,
2709 2000 2876 2064 velut
2907 2018 3134 2065 exosus
3159 2001 3464 2082 longiores
3489 2000 3599 2064 sub
3625 2000 3814 2082 praelo

418 2103 656 2162 moras,
688 2105 855 2150 nunc
882 2087 1153 2169 denique
1180 2089 1246 2145 τὰ
1275 2086 1441 2163 δεσμὰ
1468 2089 1628 2167 ῥήξας
1660 2089 1888 2168 κροαίνει
1916 2088 2053 2144 κατὰ

2174 2085 2310 2161 δίων,
2363 2095 2424 2147 et
2470 2096 2755 2152 contento
2808 2108 2990 2153 cursu
3016 2089 3097 2153 ad
3125 2108 3304 2153 suum
3331 2089 3546 2170 fertur
3573 2089 3810 2168 Grego-

420 2176 608 2239 rium.
640 2175 725 2240 Et
750 2177 998 2255 feratur
1024 2194 1199 2250 sane,
1230 2179 1410 2256 idque
1436 2176 1636 2240 studio
1667 2192 1851 2256 quam
1898 2180 2169 2238 maxime
2218 2175 2362 2237 velit
2393 2177 2709 2257 impotenti
2735 2185 2916 2259 atque
2962 2178 3282 2259 effrenato,
3332 2181 3502 2241 modo
3551 2180 3726 2258 prius
3751 2186 3817 2241 et

414 2266 590 2341 grati
617 2266 821 2328 animi
849 2267 1235 2329 testimonum
1267 2269 1342 2329 de
1369 2270 1596 2348 seipso,
1628 2272 1684 2327 et
1712 2266 2006 2327 restituite
2034 2263 2155 2327 sibi
2184 2281 2347 2326 nunc
2373 2265 2630 2345 denique
2681 2269 2845 2341 vitce,
2878 2268 2953 2331 de
2980 2269 3226 2331 domino
3253 2267 3520 2331 Henrico
3548 2266 3810 2343 Savilio,

418 2355 557 2417 viro
582 2354 1019 2430 illustrissimo,
1053 2365 1112 2417 et
1140 2357 1224 2420 ad
1245 2356 1678 2438 propagundas
1709 2357 1950 2417 litteras
1978 2360 2153 2428 nato,
2184 2354 2532 2431 perhibent:
2558 2374 2669 2435 per
2694 2374 2870 2436 quem
2898 2375 3094 2420 unum
3122 2360 3356 2420 stetisse
3384 2357 3647 2433 videtur,
3669 2375 3819 2437 quo-

421 2442 624 2506 minus
651 2445 797 2507 huic
819 2445 1052 2508 misello
1084 2451 1146 2507 in
1180 2446 1440 2509 tenebris
1466 2450 1751 2528 perpetuo
1782 2442 2286 2507 obdormiendum
2314 2452 2482 2508 esset.
2515 2444 2725 2527 Neque
2754 2449 2920 2509 enim
2963 2447 3328 2529 sperandum
3368 2464 3643 2527 unquam
3667 2447 3810 2524 fuit,

422 2539 491 2596 ut
522 2532 680 2595 hanc
705 2535 977 2614 gratiam
1008 2541 1364 2612 impetraret
1391 2538 1534 2616 παρὰ
1562 2541 1669 2594 τῶν
1696 2532 1821 2613 παρ’
1870 2536 2006 2609 ἡμῖν
2048 2555 2058 2568 ·

2180 2557 2247 2601 ης
2300 2534 2399 2601 τῆς
2455 2533 2698 2613 ἐργασίας
2757 2537 3187 2616 προεστηκότων,
3240 2553 3502 2617 quorum
3532 2535 3814 2617 plerique

425 2623 621 2685 Graeci
650 2623 916 2687 hominis
944 2625 1207 2705 artiﬁcio
1234 2624 1489 2687 minime
1519 2629 1864 2703 capiuntur,
1895 2622 2006 2685 sed
2021 2621 2133 2684 illa
2146 2622 2355 2703 potius
2378 2622 2809 2703 amplexantur
2831 2643 2966 2705 quae
2983 2627 3270 2688 Mercurii
3289 2625 3816 2706 institaris,quam

418 2710 687 2776 Saturni
714 2715 864 2791 fano
888 2716 1131 2793 aptiora
1160 2715 1554 2777 videbuntur.
1589 2712 1984 2791 Quanquam,
2004 2715 2139 2773 'nan
2186 2719 2308 2773 tam
2347 2713 2726 2776 vehementer
2752 2713 2897 2776 huic
2925 2715 3339 2796 exoptandum
3371 2730 3637 2795 unquam
3665 2712 3811 2795 fuit,

417 2808 486 2862 ut
515 2806 673 2881 typis
701 2801 1109 2883 evulgaretur,
1141 2809 1348 2882 utpote
1375 2804 1486 2882 qui
1511 2801 1605 2865 vel
1634 2801 2023 2863 otiosissimis
2051 2801 2240 2861 etiam
2282 2801 2634 2864 vanissimo:
2650 2820 2755 2865 um
2783 2802 3099 2867 hominum
3128 2805 3372 2881 scriptis
3398 2810 3675 2884 pateant,
3704 2819 3811 2865 ne-

423 2905 536 2969 que
565 2890 763 2952 lucem
787 2896 920 2969 post
942 2891 1270 2954 diuturnas
1302 2889 1573 2954 tenebras
1600 2891 1873 2970 aspicere
1902 2896 2028 2951 tam
2061 2888 2406 2969 jucundum
2434 2895 2696 2971 putavit,
2751 2909 2931 2974 quam
2982 2892 3378 2972 honoriﬁcum
3402 2900 3456 2956 et
3480 2893 3815 2973 gloriosum

424 2995 561 3041 cum
590 2980 827 3042 sanctis
854 2978 1013 3043 hisce
1040 2979 1339 3044 Patribus
1365 2978 1651 3043 nascendi
1678 2980 1957 3041 societate
1983 2981 2292 3058 conjungi.
2326 2978 2402 3040 In
2427 2978 2538 3044 hoc
2564 2998 2708 3044 vero
2748 2983 3051 3062 praecipue
3078 2982 3347 3045 exsultat
3377 2989 3438 3044 et
3477 2980 3817 3061 triumphat

421 3069 600 3131 serio.
633 3076 689 3130 et
720 3068 1143 3147 Chrysostomo
1168 3076 1301 3149 post
1329 3070 1582 3151 aliquod
1614 3075 1848 3149 tempus
1876 3068 1943 3130 in
1966 3066 2277 3148 publicum
2327 3088 2700 3148 processura,
2747 3072 3004 3151 ofﬁcioso
3029 3087 3411 3153 praecurrere
3435 3072 3636 3151 gestit,
3666 3088 3812 3132 ear-

423 3157 817 3238 minibusque
846 3158 909 3221 in
941 3159 1210 3235 eiusdem
1257 3160 1545 3221 honorem
1583 3159 1718 3239 jam
1768 3157 1914 3220 olim
1961 3158 2328 3238 compositis,
2380 3166 2563 3241 quasi
2608 3159 2842 3223 corollis
2890 3162 3249 3241 quibusdam
3275 3158 3649 3240 floribusque
3674 3160 3813 3222 vius

423 3255 828 3310 consternere.
864 3246 1041 3311 Hunc
1066 3265 1213 3311 sane
1242 3255 1480 3312 tantum
1508 3247 1797 3310 honorem
1826 3252 2069 3329 egregio
2100 3247 2202 3310 illi
2229 3250 2361 3311 viro
2408 3258 2719 3329 acceptum
2747 3251 2965 3328 refert,
2991 3252 3165 3329 cuius
3195 3249 3480 3327 beneﬁcio
3508 3247 3714 3321 habet,
3744 3256 3815 3310 ut

422 3334 617 3397 nobili
641 3336 752 3398 hac
775 3337 960 3416 pratia
988 3337 1419 3416 cahonestetur,
1454 3336 1652 3414 Quem
1701 3337 1946 3417 quidem
1992 3354 2059 3419 se
2099 3335 2368 3419 humana
2414 3356 2558 3401 voce
2607 3340 2793 3419 affari
2838 3348 3055 3419 posset,
3101 3336 3542 3417 proculdubio,
3571 3336 3815 3400 inillas

426 3426 652 3505 tragici
676 3433 868 3505 poetae
897 3444 1070 3490 voces
1095 3436 1455 3508 erumperet,
1487 3427 1644 3495 Ζηλῶ
1671 3427 1733 3505 γέ
1760 3448 1855 3482 σου
1884 3426 1981 3501 μὲν
2007 3417 2062 3483 ¹Ε

2179 3424 2237 3499 3’,
2277 3418 2526 3491 Ἑλλάδος
2555 3426 2619 3484 δά
2647 3417 2728 3490 ea.
2764 3417 2992 3490 Caetera
3013 3445 3151 3490 vero
3175 3432 3523 3507 omniaquae
3543 3426 3610 3488 in
3631 3427 3815 3489 istum

425 3514 641 3577 cadere
663 3524 912 3594 possunt
943 3526 1303 3579 ornamenta
1356 3515 1875 3580 reverendissimae
1904 3515 2267 3594 paternitati
2286 3523 2500 3578 vestra
2529 3516 2774 3579 debebit.
2808 3516 2991 3579 Hunc
3018 3518 3180 3580 enim
3212 3516 3516 3579 hominem
3544 3518 3821 3593 ignotum

423 3604 490 3666 in
519 3602 862 3667 clientelam
888 3610 1057 3669 tilum
1101 3606 1417 3669 humiliter
1441 3624 1506 3669 se
1531 3606 1966 3684 conferentem,
2001 3609 2066 3666 ut
2093 3619 2292 3684 spero.
2326 3621 2448 3666 non
2501 3605 2948 3683 aspernaberis,
2998 3622 3193 3684 neque
3219 3602 3422 3666 divilli
3444 3605 3609 3665 sines
3637 3620 3677 3666 a
3705 3621 3816 3666 suo

428 3693 749 3776 Gregorio,
781 3697 884 3775 qui
912 3695 1055 3758 huic
1082 3702 1287 3758 nostro
1314 3693 1544 3757 Joanni
1572 3710 1812 3775 semper
1841 3694 2010 3757 visus
2039 3710 2064 3755 e

2182 3693 2361 3773 ὥσπερ
2419 3691 2470 3759 ἐξ
2524 3697 2744 3774 οὔρεινοῦ
2786 3697 3099 3775 προκόπτων
3158 3693 3492 3775 φθέγγεσθαι.
3524 3691 3621 3754 Ita
3652 3693 3818 3754 enim

421 3783 547 3862 ipse
575 3782 845 3863 loquitur
874 3790 939 3847 in
973 3787 1253 3848 oratione
1280 3785 1568 3865 quadam,
1598 3801 1782 3863 quam
1831 3785 1901 3845 in
1950 3780 2304 3845 bibliotheca
2348 3800 2464 3845 sua
2514 3789 2715 3846 servat
2746 3784 3029 3847 dominus
3080 3781 3386 3856 Savilius,
3416 3798 3527 3843 sua
3556 3787 3820 3863 tempore

426 3875 622 3935 lucem
651 3881 1059 3953 aspecturam.
1092 3874 1173 3936 Et
1199 3891 1348 3935 sane
1376 3874 1471 3936 vel
1493 3875 1626 3936 solo
1657 3874 1844 3937 tanta.
1870 3871 2120 3953 pietatis
2148 3870 2398 3935 nomine
2438 3872 2692 3952 dignum
2738 3874 2901 3936 hunc
2928 3877 3268 3953 putaverim
3293 3872 3638 3953 patrocinio
3668 3877 3770 3935 tua
3800 3891 3815 3933 :

424 3978 551 4024 non
579 3962 739 4040 quod
771 3961 1061 4040 pusillum
1114 3964 1277 4025 hunc
1304 3960 1715 4043 ῑαμϐειογράφον
1747 3978 1886 4023 eum
1937 3976 2063 4022 esse
2109 3976 2384 4041 unquam
2434 3961 2816 4037 crediderim,
2872 3962 2983 4042 qui
3006 3962 3150 4042 pari
3173 3977 3372 4041 passu
3401 3976 3541 4022 cum
3564 3961 3823 4022 summis

426 4048 716 4113 Ecclesia:
744 4051 1079 4114 luminibus
1107 4052 1292 4129 possit
1328 4051 1602 4113 incidere
1631 4068 1652 4109 :
1684 4050 1833 4130 quid
1849 4050 2015 4112 enim
2048 4055 2221 4111 tanta
2249 4050 2527 4112 vecordia
2567 4056 2767 4131 posset
2796 4068 2922 4113 esse
2951 4050 3252 4129 furiosius
3277 4050 3306 4110 ?
3334 4047 3466 4110 Ima
3496 4064 3636 4110 vero
3664 4046 3822 4111 absit

428 4146 498 4201 ut
525 4156 657 4218 ego,
686 4148 983 4220 quantum
1014 4141 1156 4202 huic
1180 4140 1414 4203 homini
1443 4138 1854 4210 tribuendum,
1891 4145 1997 4201 aut
2035 4138 2103 4199 in
2132 4154 2254 4217 qua
2283 4138 2525 4200 demum
2554 4137 2744 4201 classe
2772 4138 3099 4201 censendus
3123 4143 3224 4207 sit,
3256 4136 3590 4216 definiendi
3613 4141 3818 4216 potes-

430 4235 616 4290 tatem
649 4228 800 4290 mihi
827 4245 1133 4307 arrogem.
1168 4229 1373 4291 Liceat
1406 4229 1655 4310 impune
1685 4227 1830 4290 aliis
1866 4226 2066 4286 ἑλλανοέ

2186 4248 2205 4290 ς
2250 4228 2464 4293 ἑαυτοὺς
2496 4228 2608 4284 ἀντὶ
2634 4231 2834 4286 θεατῶν
2861 4231 3152 4302 ποιεῖσθαι,
3187 4235 3299 4289 aut
3324 4230 3525 4306 potius
3543 4225 3822 4304 jadicent

429 4322 477 4377 οἱ
504 4320 569 4376 τὰ
596 4324 695 4387 τῆς
731 4310 978 4387 Ἐλλάδος
1017 4318 1262 4398 γλώττης
1314 4319 1821 4398 συγκεκροτημένοι,
1871 4315 1997 4380 Sed
2047 4334 2065 4398 ς

2182 4333 2419 4398 nquam,
2449 4316 2634 4395 faetle
2663 4315 3026 4380 crediderim
3054 4317 3198 4397 fieri
3222 4332 3392 4399 posse
3417 4322 3490 4377 ut
3517 4314 3617 4378 hic
3641 4331 3818 4395 quem

429 4424 531 4487 ego
561 4407 738 4471 valde
760 4406 975 4491 probo,
1008 4409 1141 4472 illis
1170 4426 1293 4473 non
1317 4406 1572 4490 perinde
1596 4406 1833 4489 placeat
1862 4428 1879 4481 ;

2284 4487 2330 4542 οἱ
2363 4486 2463 4566 γὰρ
2492 4487 2548 4543 ἐν
2577 4499 2767 4567 σοφοῖς

1615 4567 1816 4627 Φαῦλοι
1844 4576 1971 4645 παρ’
2000 4565 2156 4647 ὄχλῳ
2184 4565 2563 4646 μουσικώτεροι
2592 4565 2759 4646 λέγει,

437 4666 539 4739 (ut
564 4661 823 4743 pulchre
848 4660 1183 4744 Euripides
1211 4664 1276 4725 in
1307 4660 1672 4803 Hippolylcy,
1705 4670 1908 4723 tamen
1936 4666 1992 4723 et
2022 4659 2243 4722 horum
2284 4659 2472 4722 etiam
2516 4658 2752 4723 calculo
2782 4659 2943 4723 hunc
2971 4658 3416 4740 comprobatum
3448 4656 3533 4718 iri
3562 4656 3818 4748 confido.

437 4740 632 4803 Ouem
661 4742 902 4803 quidem
930 4750 999 4803 ut
1028 4745 1255 4803 minori
1281 4759 1418 4803 cum
1449 4743 1593 4803 fasti
1638 4746 1696 4802 io
1745 4744 1977 4803 possint
2020 4742 2314 4803 aspicere.
2368 4739 2573 4801 Graece
2623 4738 3001 4803 solummodo
3047 4738 3769 4803 excudendumjudicavi
3801 4755 3816 4800 :

434 4738 632 4819 Quem
661 4738 1696 4835 quidem'ut'minoricum'fastidio
1744 4744 1977 4835 possint
2020 4739 2573 4835 aspicere,'G_raece
2623 4738 3001 4834 solummodo
3024 4738 3467 4835 'excudendum
3485 4738 3816 4835 judicavi:

432 4839 629 4904 neque
659 4819 877 4904 instar
896 4820 1234 4904 Virgiliani
1257 4822 1556 4904 Mezentii
1582 4819 1975 4904 exsangueet
1997 4820 2281 4904 putidum
2317 4821 2555 4904 Latinae
2586 4821 2885 4904 versionis
2926 4819 3184 4904 cadaver
3215 4821 3423 4904 erco
3451 4823 3646 4897 poetae
3675 4822 3823 4904 ani-

354 4930 361 4937 κ
434 4896 599 4965 mata
628 4911 685 4965 et
713 4902 922 4983 vivida
944 4896 1204 4983 alligare
1231 4903 1501 4983 sustinui
1533 4922 1548 4960 :
1582 4902 1742 4980 quod
1770 4896 2013 4982 quidem
2041 4901 2184 4983 dum
2214 4898 2458 4977 faciunt
2483 4898 2775 4983 nonnulli
2790 4901 3128 4983 praesertim
3157 4900 3225 4983 in
3251 4896 3464 4983 poetis,
3487 4896 3819 4983 verendum

436 4990 521 5045 est
549 4998 649 5059 ne,
681 4990 749 5044 ut
774 4982 1021 5064 quidam
1049 4977 1080 5046 ὁ
1108 4977 1611 5064 veteribus,_cum
1640 4977 1842 5064 ignem
1871 4980 2220 5064 cremandis
2250 4986 2635 5064 mortuarum
2664 4977 3062 5064 cadaveribus
3082 4977 3278 5060 pollui
3303 4977 3595 5064 crederet,
3613 4979 3822 5064 gravi-

437 5070 531 5126 ter
555 5055 887 5126 commotus
928 5061 1354 5127 Prometheum
1378 5055 1460 5125 ad
1487 5055 2002 5143 opem'ferendum
2034 5060 2747 5143 advocasseperhibetur,
2778 5068 2850 5143 ut
2875 5055 3093 5143 ignem
3108 5076 3283 5143 quem
3309 5059 3384 5143 de
3409 5055 3556 5121 caelo
3583 5059 3819 5143 clepse-

435 5148 560 5223 rat,
580 5144 723 5223 pari
749 5143 1302 5224 furtomortalibus
1330 5144 1403 5214 (si
1431 5137 1648 5224 posset)
1679 5137 2064 5224 subduceret:
2097 5137 2494 5224 consimiliter
2511 5148 2700 5224 etiam
2716 5137 2971 5224 exsistat
2991 5137 3240 5220 aliquis,
3269 5140 3376 5224 qui
3405 5137 3820 5218 typographix

434 5220 813 5316 inventorem
846 5222 1098 5316 subinde
1124 5220 1778 5316 inclamare-velitaut.
1798 5220 2155 5316 bene/icium
2176 5220 2296 5316 _hoc
2322 5222 2620 5316 suumad
2641 5239 2789 5316 usus
2834 5220 3125 5316 indignos
3154 5220 3502 5316 traductum
3543 5227 3821 5316 reposcat

434 5303 574 5384 sibi,
599 5312 655 5367 et
680 5303 901 5366 saltem
928 5304 1010 5384 ad
1038 5311 1269 5384 tempus
1296 5304 1589 5367 retrahat.
1623 5302 1778 5369 Mihi
1806 5300 1955 5365 vero
1973 5301 2081 5365 hoc
2104 5301 2298 5365 solum
2324 5301 2554 5381 negotii
2579 5301 2725 5384 dari
2751 5300 3012 5384 credidi,
3033 5309 3122 5384 qut
3149 5300 3411 5365 codicem
3440 5315 3662 5375 meum,
3694 5303 3817 5361 im-

427 5382 886 5465 peditissimum
921 5382 1101 5447 illum
1129 5382 1396 5465 quidem,
1436 5389 1495 5447 et
1525 5384 1702 5465 longe
1729 5384 2325 5465 depravatissimum,
2369 5398 2409 5444 a
2438 5382 2699 5459 mendis,
2760 5382 2965 5463 quoad
2989 5382 3144 5465 fieri
3170 5386 3387 5460 potest,
3415 5386 3817 5465 repurgatum

439 5460 766 5545 exhibeam
796 5485 818 5539 ;
845 5470 914 5526 in
945 5482 1065 5545 quo
1094 5460 1159 5545 si
1188 5464 1301 5527 tibi
1328 5460 1859 5536 (reverendissinie
1884 5460 2318 5545 archiprxsul'
2337 5478 2581 5542 operam
2625 5460 2819 5525 meam
2868 5460 3238 5545 probavero,
3270 5479 3365 5524 me
3387 5465 3677 5545 universo
3708 5461 3819 5522 hoc

437 5549 671 5625 negatio
695 5539 1041 5624 plenissime
1068 5543 1416 5624 defunctum
1449 5561 1599 5625 esse,
1631 5551 1688 5607 et
1698 5544 1942 5625 laboris
1968 5539 2582 5625 fructus_uberrimos
2607 5539 2933 5623 percepisse
2959 5541 3335 5625 arbitrabor.
3371 5539 3489 5605 Sed
3515 5539 3821 5625 sentiente

438 5620 601 5707 iusto
629 5620 955 5707 longiorem
986 5620 1174 5702 fuisse
1204 5644 1225 5697 ;
1274 5642 1491 5707 quare,
1540 5620 1710 5707 quod
1736 5641 1929 5686 unum
1957 5620 2162 5707 restat,
2201 5622 2397 5685 Deum
2427 5620 2718 5704 optimum
2745 5620 3087 5687 maximum
3116 5622 3401 5694 obtestor,
3427 5628 3497 5684 ut
3523 5627 3582 5683 te
3615 5620 3822 5684 Eccle-

439 5705 548 5765 siae
571 5721 696 5764 sua:
712 5702 1075 5766 incolumem
1103 5702 1642 5784 quam'diutissir'ne
1654 5713 1949 5783 praestare
1977 5705 2297 5784 dignatur.

1692 5790 2234 5855 Reverendissimaa
2266 5790 2608 5856 Paternitati
2638 5797 2851 5855 vestrm
2877 5789 3289 5856 deditissimus

2559 5882 2895 5949 Mimas
2947 5882 3129 5951 Boas.
