4144 6418
377 393 526 458 1117
1728 392 2013 461 VERSUS

2122 390 2384 460 LMBICI.
3607 385 3672 450 11
3688 384 3758 450 18

1497 696 1985 771 BENEVOLO
2061 696 2472 769 LECTORI.
2556 697 2630 766 S.

444 1042 574 1106 Non
607 1040 997 1124 exspectabis,
1032 1042 1224 1104 amice
1255 1042 1465 1126 lector,
1499 1044 1640 1106 dum
1675 1063 1783 1126 ego
1815 1042 2003 1107 libelli
2033 1045 2212 1125 hujus
2248 1044 2598 1121 elegantiam
2629 1044 2827 1106 verbis
2872 1044 3190 1125 pradicem
3229 1063 3242 1107 :
3301 1044 3401 1125 qui
3433 1043 3674 1125 quidem
3707 1042 3756 1103 si

363 1132 604 1214 propria
634 1140 692 1194 et
725 1132 923 1193 nativa
955 1132 1404 1212 pulchritudine
1434 1134 1886 1211 destitueretur,
1925 1135 2174 1196 fortasse
2223 1134 2538 1195 verborum
2598 1133 2960 1194 lenocinium
2995 1153 3115 1195 non
3145 1134 3362 1195 invitus
3391 1132 3753 1205 admitteret,

361 1231 421 1284 et
450 1222 837 1284 subdctarum
870 1221 1158 1282 mercium
1193 1241 1382 1303 more,
1417 1224 1730 1304 mangonio
1763 1223 1996 1305 pralini
2021 1242 2084 1284 se
2135 1223 2296 1286 haud
2349 1223 2595 1284 moleste
2645 1223 2846 1284 ferret.
2887 1222 2998 1284 Hic
3040 1241 3176 1284 vero
3209 1223 3408 1302 seipso
3439 1228 3757 1283 contentus

362 1311 563 1374 fucum
594 1319 974 1393 aspernatur,
1010 1311 1247 1392 sibique
1276 1313 1431 1392 apud
1461 1314 1782 1377 candidum
1815 1315 2104 1376 lectorem
2135 1313 2338 1374 omnia
2365 1313 2553 1374 fausta
2588 1312 2922 1392 pollicetur,
2955 1313 3006 1375 si
3035 1313 3209 1374 modo
3240 1313 3476 1373 deterso
3505 1311 3619 1372 hoc
3640 1311 3754 1370 situ

369 1401 430 1462 in
463 1419 579 1482 quo
613 1418 718 1480 per
748 1407 834 1460 tot
863 1399 1081 1462 sacula
1114 1400 1330 1462 misere
1387 1402 1754 1464 deiurmatus
1801 1404 2011 1483 jacuit,
2072 1421 2246 1484 quam
2306 1403 2829 1465 emendatissimus
2878 1402 2940 1464 in
2973 1403 3272 1484 publicum
3306 1401 3571 1484 prodeat.
3605 1399 3755 1463 Huic

365 1509 508 1552 sane
539 1489 778 1569 negotio
811 1489 1122 1551 insudasse
1153 1508 1249 1551 me
1280 1491 1492 1565 fateor,
1525 1492 1849 1573 perfecisse
1875 1492 2030 1574 quod
2082 1491 2347 1554 volebam
2397 1511 2516 1554 non
2559 1492 2747 1554 audeo
2799 1492 3026 1555 dicere.
3062 1491 3228 1566 Quod
3261 1491 3422 1553 enim
3454 1489 3754 1552 Menelaus

363 1581 521 1661 apud
548 1578 900 1660 Euripidem
934 1577 1150 1648 Oresti,
1185 1580 1343 1644 idem
1378 1600 1484 1661 ego
1516 1582 1650 1643 huic
1682 1591 1880 1644 nostro
1911 1581 1999 1644 Jo:

2114 1580 2287 1662 ijure
2317 1600 2554 1663 possum
2580 1581 2989 1646 occinere.....
3025 1585 3082 1640 οὔ
3111 1584 3210 1662 γὰρ
3239 1580 3410 1660 ῥᾴδιον
3443 1580 3622 1660 λόγχῃ
3654 1587 3750 1655 μ.ιᾷ

365 1675 568 1737 Στῆσκι
601 1671 825 1749 τρόπαια
854 1669 960 1725 τῶν
989 1671 1168 1726 κακῶν
1198 1672 1230 1726 ἃ
1262 1693 1344 1729 σοι
1369 1673 1536 1750 πκρά.
1569 1675 1780 1753 Neque
1827 1690 2001 1752 exspe

2112 1673 2291 1733 ndum
2326 1672 2468 1733 mihi
2501 1679 2628 1732 erat
2660 1678 2719 1732 ut
2749 1669 2929 1731 unius
2961 1669 3354 1751 ejusdemque
3382 1667 3748 1748 depravatis-

364 1758 503 1821 simi
534 1758 758 1822 codicis
789 1757 1081 1819 beneficio
1114 1778 1323 1822 omnes
1353 1779 1484 1842 qua
1516 1763 1611 1823 hic
1645 1765 2102 1844 reperiebantur
2153 1763 2398 1824 macula
2447 1760 2684 1840 penitus
2733 1761 3096 1822 eluerentur.
3132 1757 3286 1820 Satis
3321 1757 3581 1835 profecto
3613 1755 3748 1830 erit,

364 1849 411 1910 si
442 1867 624 1929 pauca
655 1847 974 1909 admodum
1005 1856 1254 1917 restent,
1287 1868 1418 1927 qua
1447 1851 1690 1913 alterius
1721 1853 2078 1934 exemplaris
2109 1870 2222 1933 ope
2253 1850 2523 1929 indigere
2553 1848 2865 1910 videantur
2897 1866 2910 1909 :
2960 1847 3117 1928 quod
3165 1846 3406 1927 quidem
3439 1851 3522 1918 (ut
3551 1846 3750 1934 spero)

365 1939 558 2002 exitus
590 1938 716 2017 ipse
747 1937 1182 2018 comprobabit.
1218 1937 1339 2000 Hoc
1369 1951 1533 2002 certe
1563 1943 1864 2021 profiteor,
1899 1933 2108 2004 Sedulo
2163 1958 2258 2002 me
2313 1939 2566 2018 cavisse,
2618 1955 2696 1999 ne
2749 1937 2954 2000 critica
3001 1936 3484 2016 πολυπραγμοσύνη
3516 1933 3743 2014 plagam

367 2025 546 2090 ullam
581 2026 912 2105 inﬂigerem
941 2047 956 2106 ;
991 2045 1186 2108 neque
1215 2028 1375 2089 enim
1409 2030 1902 2093 committendum
1939 2031 2154 2112 putavi,
2190 2039 2277 2103 ut,
2314 2028 2428 2090 nisi
2460 2029 2562 2089 ubi
2595 2028 2920 2089 necessitas
2947 2026 3075 2107 ipsa
3103 2026 3409 2105 ﬂagitaret.
3445 2022 3518 2084 ab
3551 2041 3746 2085 exem-

367 2115 514 2196 plari
546 2114 942 2177 discederem.
979 2115 1288 2178 Manifesta
1320 2125 1378 2178 et
1407 2137 1604 2181 crassa
1636 2119 1863 2181 librarii
1893 2129 2110 2194 errata,
2160 2137 2291 2201 qua
2339 2119 2399 2178 in
2451 2118 2563 2178 hoc
2597 2125 2710 2178 tam
2745 2117 2971 2177 minuto
2997 2115 3201 2177 libello
3236 2121 3404 2176 erant
3432 2114 3602 2175 valde
3633 2131 3749 2174 nu-

368 2222 622 2280 merosa,
661 2204 844 2284 piguit
871 2213 1178 2269 annotare.
1212 2209 1458 2288 Catera,
1493 2208 1567 2270 de
1594 2209 1809 2290 quibus
1857 2209 2165 2288 ambigere
2213 2210 2347 2288 quis
2388 2208 2526 2287 jure
2572 2212 2793 2286 posset,
2846 2205 2975 2266 loco
3028 2221 3267 2265 movere
3316 2223 3438 2266 non
3469 2201 3746 2264 sustinui.

327 2330 348 2340 κ
363 2292 510 2355 Illud
545 2311 683 2354 vero
713 2295 788 2355 de
817 2313 935 2374 quo
969 2298 1266 2375 pracipue
1298 2303 1354 2356 te
1383 2296 1692 2359 admoneri
1723 2298 1918 2378 cupio,
1956 2299 2069 2359 hoc
2102 2298 2343 2359 unicum
2375 2303 2483 2358 est.
2519 2292 2804 2360 Ordinem
2835 2310 3008 2374 quem
3034 2292 3096 2353 in
3124 2291 3523 2372 manuscripto
3547 2291 3750 2354 codice

367 2381 588 2462 reperi,
622 2401 655 2443 a
686 2400 782 2443 me
811 2399 1052 2462 prorsus
1083 2382 1455 2445 immutatum
1486 2402 1618 2449 esse
1646 2386 1818 2460 scito,
1852 2396 1950 2448 aut
1986 2387 2203 2466 potius.
2237 2385 2440 2447 omnia
2466 2403 2594 2465 qua
2625 2385 2787 2464 prius
2809 2383 2976 2443 valde
2999 2381 3243 2443 confusa
3265 2389 3455 2452 erant,
3479 2381 3540 2442 in
3565 2381 3745 2454 hunc,

368 2491 543 2554 quem
577 2471 763 2546 vides,
799 2472 1070 2532 ordinem
1106 2473 1354 2534 reducta
1385 2491 1518 2535 esse
1545 2477 1642 2551 fa).
1677 2474 1882 2557 Neque
1910 2476 2070 2537 enim
2104 2475 2260 2538 volui
2309 2475 2368 2536 in
2415 2493 2484 2536 re
2534 2480 2648 2534 tam
2683 2473 3008 2552 explorata,
3043 2485 3142 2530 aut
3166 2469 3396 2550 judicio
3424 2488 3556 2531 meo
3586 2469 3744 2530 difﬁ-

369 2561 535 2640 dere,
569 2559 878 2622 autvereri
911 2579 985 2622 ne
1014 2561 1229 2622 factum
1265 2562 1378 2624 hoc
1412 2581 1610 2623 meum
1641 2563 1744 2626 tibi
1782 2563 2032 2644 probare
2064 2583 2182 2626 non
2234 2581 2496 2645 possem.
2548 2560 2736 2634 Quem
2786 2559 3036 2641 quisque
3062 2578 3271 2620 versus
3299 2560 3493 2622 locum
3525 2558 3586 2619 in
3614 2576 3744 2619 ma-

365 2648 671 2728 nusrripto
704 2649 911 2710 codice
941 2650 1271 2729 occupavit,
1303 2651 1536 2711 numeri
1568 2653 1626 2712 in
1663 2654 1928 2733 margine
1960 2653 2214 2733 appositi
2266 2651 2530 2712 indicant
2558 2670 2571 2712 :
2622 2652 2874 2732 quorum
2900 2649 3119 2711 seriem
3149 2647 3323 2710 toties
3353 2648 3743 2728 interruptam

373 2739 608 2800 miraris
661 2746 751 2799 sat
806 2738 980 2800 scio:
1067 2758 1270 2800 verum
1350 2759 1426 2801 ne
1483 2740 1543 2801 in
1604 2760 1810 2803 eorum
1864 2742 2076 2802 ordine
2134 2739 2614 2822 pervestigando,
2675 2740 2893 2801 frustra
2949 2747 3006 2799 te
3061 2738 3271 2818 fatiges
3330 2744 3390 2798 et
3447 2743 3743 2816 torqueas,

365 2846 492 2889 rem
555 2834 731 2887 totam
789 2825 871 2888 ita
927 2828 1214 2906 expedire
1269 2828 1458 2890 visum
1521 2839 1632 2893 est.
1713 2831 1953 2904 Quoties
2029 2849 2416 2892 numerorum
2490 2829 2762 2891 ordinem
2820 2827 3221 2908 interruptum
3282 2825 3747 2898 animadvertes,

362 2934 611 2978 recurre
668 2916 864 2976 statim
942 2919 1015 2977 ad
1089 2927 1256 2979 notas
1320 2938 1456 2996 qua
1534 2920 1620 2981 illi
1696 2920 1926 3001 pagina
1999 2921 2386 3000 respondent,
2456 2918 2538 2980 ibi
2613 2918 2774 2980 enim
2845 2918 3042 2981 100an
3100 2915 3476 2996 designatum
3537 2915 3746 2990 habes,

364 3005 424 3068 in
453 3023 571 3086 quo
603 3004 734 3066 sine
763 3005 977 3084 majori
1009 3007 1281 3070 molestia
1310 3008 1411 3069 illa
1441 3009 1708 3090 reperies
1738 3029 1869 3090 qua
1892 3009 1951 3071 in
1984 3009 2307 3089 exemplari
2332 3008 2598 3090 proxime
2624 3006 3047 3089 sequebantur.
3074 3006 3198 3069 Hac
3228 3025 3335 3086 ego
3368 3004 3525 3066 serie
3553 3004 3747 3084 dispo-

367 3095 478 3157 sita
513 3095 570 3154 in
603 3095 1007 3174 manuscripto
1043 3097 1251 3158 codice
1282 3099 1478 3177 reperi
1510 3099 1732 3174 omnia,
1766 3118 1898 3178 qua
1927 3101 1976 3160 si
2029 3098 2262 3163 erudito
2319 3099 2596 3180 cuiquam
2658 3098 2916 3177 placere,
2950 3105 3048 3158 aut
3078 3094 3454 3158 commodum
3486 3091 3743 3174 aliquem

364 3203 605 3248 sensum
634 3187 1015 3268 suppeditare
1047 3185 1286 3265 poterit,
1319 3205 1557 3248 causam
1585 3207 1700 3249 non
1723 3188 1879 3259 dico,
1909 3189 2050 3268 quin
2083 3187 2236 3268 apud
2271 3205 2483 3249 omnes
2511 3185 2800 3247 litteratos
2831 3204 2972 3247 reus
3006 3202 3272 3265 peragar,
3305 3187 3377 3250 ὡς
3408 3181 3752 3262 αὖτοσχεδιά-

365 3282 467 3346 ζων
497 3277 568 3337 εἰς
612 3275 677 3330 τὰ
719 3282 824 3331 τῶν
860 3266 1132 3345 Ἐλλήνων
1163 3277 1548 3352 ὑπομνήματα.
1580 3275 1724 3340 Octo
1757 3266 2001 3338 enimin

2113 3266 2243 3339 ines
2303 3278 2500 3340 hiatus
2544 3274 2773 3336 videbis
2808 3295 2823 3350 ;
2881 3275 2980 3356 qui
3013 3275 3254 3356 quidem
3286 3290 3494 3336 omnes
3520 3272 3580 3334 in
3618 3291 3749 3333 meo

369 3363 578 3425 codice
597 3382 714 3428 non
739 3363 910 3442 longe
931 3362 1178 3424 aberant
1207 3382 1240 3424 a
1272 3363 1496 3444 pagina
1526 3366 1745 3445 medio,
1781 3385 1898 3427 non
1925 3366 2235 3439 asterisco,
2270 3384 2389 3426 non
2421 3365 2532 3426 alia
2557 3363 2761 3444 quavis
2783 3373 2918 3424 nota
2942 3363 3282 3442 conspicui,
3307 3361 3412 3423 sed
3440 3359 3751 3423 sententia

370 3451 740 3514 mutilatione
770 3453 912 3514 satis
942 3453 1264 3516 manifesti.
1297 3453 1600 3518 Lectorcm
1634 3455 1791 3517 enim
1824 3454 1886 3516 in
1919 3455 2115 3516 media
2146 3455 2393 3534 periodo
2427 3453 2783 3533 pendentem
2819 3451 3087 3533 plerique
3135 3452 3485 3524 destituunt,
3535 3459 3596 3513 et
3647 3468 3748 3511 re-

367 3548 545 3623 pente
575 3542 634 3601 in
665 3541 911 3602 alterius
940 3542 1168 3620 periodi
1195 3561 1230 3602 a
1261 3542 1460 3622 priore
1493 3561 1734 3623 prorsus
1763 3544 1971 3606 alena
2001 3543 2264 3606 medium
2296 3541 2689 3622 pracipitant.
2745 3540 2933 3620 Hujus
2963 3539 3138 3603 tanta
3165 3539 3531 3603 confusionis
3560 3539 3749 3615 origi-

366 3647 503 3691 nem
533 3630 592 3690 in
624 3630 739 3690 alio
771 3632 957 3710 pl‘XOI'i
989 3631 1194 3692 codice
1225 3633 1630 3713 manuscripto
1657 3632 1954 3694 exstitisse
1986 3632 2244 3712 conjicio
2274 3652 2288 3693 :
2348 3631 2406 3692 in
2439 3650 2555 3712 quo
2586 3629 2829 3711 quidem
2861 3631 3082 3692 charta
3113 3648 3343 3702 omnes,
3376 3638 3592 3709 prater
3622 3627 3750 3709 pri-

367 3735 521 3780 mam
555 3727 613 3780 et
645 3717 912 3779 ultimam
947 3719 1229 3790 confusa,
1264 3728 1444 3802 atque
1474 3722 1685 3784 ordine
1735 3731 2096 3802 prapostero
2147 3729 2472 3802 compacta
2520 3719 2702 3779 fuisse
2750 3718 3046 3780 videnlur.
3082 3718 3232 3782 Hinc
3265 3719 3405 3781 dum
3437 3719 3750 3797 imperitus

363 3806 566 3871 nescio
596 3806 729 3887 quis
761 3807 1040 3869 librarius
1071 3809 1342 3870 codicem
1378 3812 1536 3871 hunc
1567 3829 1766 3871 meum
1797 3810 2109 3890 describit,
2143 3828 2341 3891 neque
2369 3808 2647 3871 eumdem
2677 3825 2954 3868 versuum
2985 3825 3297 3869 numerum
3329 3827 3505 3890 quem
3526 3811 3591 3865 τὰ
3619 3806 3752 3865 ἄπο-

365 3896 539 3978 γράφπι
571 3895 888 3963 habebant,
922 3898 1253 3980 uniquique
1287 3899 1514 3980 pagina
1541 3900 1833 3974 attribuit,
1867 3900 1972 3960 has
2005 3899 2151 3960 mihi
2185 3898 2462 3961 tenebras
2490 3896 2721 3969 oﬂ‘udit,
2751 3896 2966 3976 quibus
2988 3904 3154 3960 certe
3174 3897 3516 3978 aliquandiu
3550 3896 3753 3976 opple-

365 3992 456 4045 tus
489 3985 840 4064 scriptorem
875 3987 1030 4047 hunc
1057 4006 1160 4065 pro
1213 3989 1518 4068 deplorato
1577 3988 1798 4052 habui:
1861 3989 2097 4051 tandem
2155 4007 2316 4063 vero,
2377 3987 2576 4049 divina
2633 3986 2817 4062 gratia
2863 3987 3133 4066 adjutus,
3180 3987 3421 4067 dispuli,
3457 3987 3752 4068 hujusque

363 4072 554 4135 libelli
586 4076 856 4138 membra
887 4085 1000 4137 tam
1037 4077 1253 4140 misere
1284 4079 1511 4140 divulsa
1539 4080 1613 4140 ad
1645 4079 1805 4140 hunc
1867 4079 2106 4140 modum
2167 4077 2496 4155 digerenda
2525 4094 2660 4137 esse
2695 4076 2967 4155 perspexi
3025 4075 3110 4138 De
3141 4076 3234 4139 his
3263 4076 3748 4159 pramoueudum

366 4161 568 4243 putavi
596 4165 674 4224 mi
707 4165 920 4227 Lector
951 4187 964 4229 :
1000 4173 1062 4228 tu
1092 4168 1316 4231 nostris
1347 4167 1658 4230 conatibus
1689 4167 1840 4243 fave,
1875 4177 1935 4230 et
1962 4168 2112 4231 vale.
2146 4169 2195 4232 E
2227 4167 2479 4248 collegio
2511 4164 2715 4246 Regali
2744 4163 3084 4246 Cantabrig.

437 4405 510 4473 (η)
535 4406 592 4482 In
619 4402 874 4482 _Ca51reo_
893 4405 1086 4482 codice,
1120 4425 1268 4482 quem
1303 4409 1598 4466 Lambecius
1628 4410 1932 4482 (Comment.
1955 4407 2018 4482 de
2045 4408 2366 4465 Bibliotheca
2398 4409 2663 4482 Casarea,
2686 4407 2774 4464 lib.
2799 4422 2848 4476 p.
2883 4405 2926 4468 Ι.
2963 4404 3087 4482 149)
3116 4404 3518 4482 describitLeam
3547 4420 3753 4461 cernere

366 4483 442 4552 est
473 4477 662 4552 ordinis
692 4478 1114 4552 perturbatiotum
1137 4475 1293 4552 quam
1326 4482 1514 4538 Bustus
1542 4484 1590 4536 in
1617 4475 1709 4537 suo
1756 4481 1925 4552 codice
1976 4481 2274 4537 lamentatur
2329 4491 2378 4536 et
2408 4496 2498 4552 pro
2522 4551 2529 4552 ί
2552 4479 2743 4534 viribus
2771 4475 3074 4552 _emendare_
3115 4475 3326 4531 studuit.
3345 4475 3502 4552 _Unde
3530 4484 3751 4552 apparet,

361 4546 425 4603 ab
452 4551 624 4604 eodem
655 4546 920 4622 archetypo
949 4546 1218 4609 deduc-tuin
1245 4569 1362 4610 esse
1386 4564 1678 4625 utrumque,
1709 4561 1758 4610 et
1785 4551 1997 4610 Lambec

361 4634 474 4678 esse
501 4620 866 4693 apographum.
1207 4625 1212 4630 ’

2115 4553 2263 4609 :ilicet
2286 4559 2336 4608 et
2383 4546 2535 4609 Busti
2589 4550 2863 4622 exemplar,
2920 4555 3007 4603 aut
3060 4547 3284 4620 ipsorum
3311 4546 3522 4602 alterum
3546 4546 3751 4602 alterius
