4144 6410
273 387 433 458 1125

355 527 435 590 50
473 524 626 586 Ἐκεῖ
653 528 754 606 γὰρ
782 526 984 603 αύτοτς,
1033 531 1108 594 ὡς
1151 532 1300 612 ὁρᾷς,
1344 531 1693 611 ἠπειγμένοις

481 616 882 699 Καραφρόνησις
912 619 1114 696 γίνεται
1136 620 1242 678 τῶν
1286 620 1602 700 θρεμμάτων
1650 639 1664 653 ·

476 707 693 790 Τούτοις
718 707 1001 780 συνελθὼν,
1035 707 1266 790 ἐμφοροῦ
1308 732 1398 786 μοι
1442 720 1536 770 τοῦ
1567 710 1754 769 πόθου.

476 777 693 875 ’,Αντρον
734 777 997 878 θεωρεϊς,
1020 777 1205 875 ἄντρον
1244 777 1616 877 ἠμελημένον,

480 880 572 942 Ἐν
602 886 648 959 ᾧ
675 884 849 965 φάτνη
870 907 977 967 τις,
1021 888 1110 943 καὶ
1138 886 1354 968 βρέφος,
1385 889 1473 947 καὶ
1500 887 1784 969 παρθένος.

360 971 442 1035 55
480 973 609 1035 Θεὸς
638 971 832 1051 πένης,
864 973 1067 1048 ἄοικος,
1116 974 1171 1032 ἐν
1200 976 1383 1058 φαύλῳ
1409 977 1580 1057 ράκει,

478 1062 567 1125 Εἷς
597 1066 710 1143 φῶς
739 1061 1009 1143 προελθὼν
1036 1061 1175 1143 ἄρτι.
1220 1071 1331 1123 Φεῦ
1371 1066 1422 1122 τί
1451 1089 1545 1143 μοι
1573 1064 1749 1146 λέγεις
1777 1085 1795 1146 ς

478 1148 684 1216 Ψεῦδος
717 1151 813 1226 μὲν
848 1150 1018 1228 οὒδὲν,
1051 1150 1172 1210 ἀλλ’
1205 1153 1380 1222 άληθῆ
1413 1155 1717 1231 μανθάνεις,

480 1240 581 1298 Καὶ
611 1240 809 1319 μάρτυς
838 1241 1029 1321 ἀστὴρ,
1063 1240 1121 1298 ὅν
1150 1241 1269 1300 κατ’
1301 1245 1518 1323 οὐρανὸν
1547 1243 1784 1324 βλέπεις,

480 1325 716 1386 Ἐκεῖθεν
744 1329 894 1398 4ἧκε
931 1332 993 1388 τὸ
1022 1331 1220 1413 βρέφος
1250 1354 1332 1391 σοι
1365 1331 1637 1392 δεικνύων.

364 1413 442 1481 60
479 1418 640 1504 ρῖντοί
665 1439 724 1475 τε
758 1420 1160 1502 συντρέχοντες,
1186 1425 1260 1485 ὡς
1289 1424 1420 1501 πρὸς
1457 1422 1756 1504 Δεσπότην,

479 1493 575 1564 Ὠν
606 1509 696 1564 καὶ
721 1511 785 1565 τὸ
813 1493 1006 1590 repet-‘0;
1035 1493 1179 1587 ᾆσμα
1209 1516 1308 1579 τῆς
1333 1493 1620 1592 εὔφημίας.

486 1597 585 1659 Οἷς
617 1596 1010 1674 συμμελῳδεϊν,
1046 1601 1140 1656 οὑκ
1169 1599 1416 1657 ἀπιστεῖν
1445 1621 1503 1658 σε
1532 1600 1758 1681 πρέπον.

484 1685 573 1748 Εἰς
605 1687 705 1767 γὰρ
736 1688 896 1768 χάριν
925 1688 1021 1757 σῆν
1048 1698 1213 1748 ταῦτα
1244 1692 1416 1747 πάντα
1446 1689 1744 1770 συντρέχει.

480 1775 609 1838 Θεὸς
639 1776 940 1856 βροτωθεὶς,
973 1779 1047 1843 ὡς
1075 1779 1249 1857 θεώσῃ
1278 1781 1379 1848 σὴν
1407 1780 1584 1860 φύσιν.

360 1859 439 1925 65
482 1862 654 1931 Πένης
686 1866 817 1946 ὑπὲρ
847 1876 963 1947 σοῦ,
995 1866 1247 1925 πλούσιόν
1277 1890 1335 1924 σε
1364 1859 1633 1932 δεικνύων,

486 1948 922 2035 Ἐπικροτοῦντες
952 1952 1172 2036 ἄγγελοι
1200 1970 1324 2021 ταῖς
1354 1958 1553 2020 ἐΛπίσι.

488 2043 682 2122 Μήτηρ
713 2042 986 2125 ἄνανδρος,
1018 2046 1271 2127 παρθένος
1300 2047 1678 2128 βρεφοτρόφος,

486 2131 671 2210 Μάγον
698 2133 765 2193 τὰ
793 2133 1012 2212 λαμπρὰ
1041 2133 1205 2216 δῶρα,
1237 2136 1515 2212 ποιμάνων
1543 2134 1761 2216 δρόμος,

489 2227 666 2301 Χαρᾶς
696 2223 763 2279 τὰ
788 2211 959 2281 πάντα
989 2211 1200 2301 μεστῖι,
1227 2227 1315 2282 καὶ
1338 2211 1617 2301 θυμηδίαξῖ

363 2306 446 2374 70
486 2311 701 2395 ’ξούτοις
731 2313 829 2388 μὲν
861 2314 950 2371 οὗν
995 2315 1280 2395 σύγχαιρε,
1313 2317 1401 2371 καὶ
1433 2315 1843 2395 συμπροσκύνει,

493 2381 584 2456 υΕεπι
611 2398 666 2457 δὲ
689 2399 837 2459 τόνδε
868 2405 958 2459 τὸν
988 2381 1211 2483 κατηφῖί
1236 2401 1535 2483 πρεσϐύτην
1568 2422 1582 2437 ο

491 2487 681 2573 θάκνει
713 2492 812 2570 γὰρ
840 2491 997 2549 αὐτὸν
1027 2490 1160 2549 ἄλλο
1201 2516 1253 2550 τι
1281 2494 1508 2573 κρυπτὸν
1538 2493 1729 2556 πάθος.

726 2555 738 2570 .
785 2555 795 2568 .
1317 2555 1329 2573 ι

494 2555 625 2642 ⁹ὶζξει
653 2576 709 2634 δὲ
751 2581 937 2637 τούτου
965 2582 1153 2657 μικρὸν
1184 2581 1430 2645 ὑπνώσας
1461 2580 1634 2656 λύσιν,

492 2668 591 2725 Καὶ
620 2671 968 2749 συγκροτήσει
998 2675 1157 2731 πᾶσιν
1188 2672 1325 2746 ἡμῖν
1353 2668 1548 2738 ἡδέως.

409 2743 474 2812 Β’
506 2779 535 2812 ι
573 2758 658 2822 Εἷς
819 2760 971 2838 ἁγίαν
998 2769 1093 2819 τοῦ
1122 2743 1349 2840 Χριστοῦ
1377 2759 1633 2816 Βάπτισιν
1654 2757 1709 2817 5.
1752 2775 1778 2815 ι

366 2842 447 2906 75
489 2842 651 2927 Ἀνὴρ
683 2849 933 2924 κομὴτης
959 2851 1173 2930 αὐχμὸν
1216 2849 1400 2928 ἄγριον
1432 2848 1663 2928 τρέφων,

487 2944 688 3018 Τριχας
718 2937 990 3019 καμήλου,
1032 2938 1122 2995 καὶ
1148 2936 1182 2987 θ
1220 2935 1376 3019 δορᾶς
1404 2937 1581 3009 ζώνην
1611 2935 1809 3016 φέρων,

288 3065 510 3149 plearis
537 3086 765 3135 amore.
797 3070 1052 3134 Antrum
1080 3069 1267 3148 vides,
1282 3078 1518 3133 antrum
1538 3069 1943 3144 reconditum,

290 3155 356 3218 in
389 3175 506 3239 quo
535 3177 827 3241 praesepe,
859 3168 921 3222 et
961 3160 1178 3235 infans',
1204 3169 1264 3222 et
1287 3159 1473 3237 virgo,
1509 3158 1667 3222 Deus
1697 3175 1945 3239 pauper,

1638 396 1946 464 VERSUS
1986 394 2305 462 IAMBICI.

3522 394 3677 462 1126

2236 538 2502 609 Ασαρκος,
2526 530 2846 608 ἡμίγυμνος,
2879 526 3111 607 ἀγγέλου
3139 528 3320 608 τύπος,

2238 623 2368 675 Ηκει
2410 618 2693 698 προφήτης
2724 619 2906 682 καινὸς
2938 615 2991 682 ἐξ
3034 617 3260 695 ἐρημίας
3298 636 3312 650 ⁸

2223 712 2437 787 Πρῶτον
2466 704 2510 763 δ’
2542 707 2728 764 ἑαυτοῦ
2756 708 2982 784 Χριστὸν
3023 706 3167 764 εἶναι
3198 707 3453 783 μηνύων,-

2099 794 2179 860 80
2224 797 2490 856 Δείκνυσιν
2524 800 2681 855 αὗτὸν
2723 804 2853 855 πᾶσι
2881 810 3000 862 τοῖς
3031 790 3420 876 ἠθροισμένοις.

2217 887 2396 961 Τούτῳ
2435 885 2740 967 προσελθὼν
2785 885 2865 967 (3)
2901 888 3125 967 Χριστὸς
3154 889 3228 951 ὡς
3260 885 3617 965 ἕγνωσμένος,

2212 977 2365 1033 Αἷτεϊ
2387 974 2575 1034 λαϐεῖν
2605 976 2886 1053 βάπτισμα
2914 988 3035 1039 τοῖς
3078 975 3258 1042 ἄλλοις
3291 980 3407 1039 ἴσα.

2224 1055 2282 1123 Ὀ
2325 1063 2371 1121 δ’
2401 1065 2761 1145 εὗλγινώσκων
2793 1064 2938 1129 ὅστις
2971 1068 3144 1146 οὗτος,
3180 1067 3269 1123 καὶ
3295 1066 3477 1138 πόθεν,

2222 1154 2425 1235 Ιξεῒραν
2464 1156 2524 1211 τὸ
2554 1160 2795 1234 πρᾶγμα,
2829 1168 3020 1235 πεῖραν
3048 1157 3277 1234 ἡγηϊται
3309 1156 3472 1231 μόνον
3509 1172 3525 1188 ⁸

2099 1241 2178 1306 85
2231 1227 2374 1301 Ὅθεν
2414 1227 2978 1323 κραταιῶςνᾶντιτείνει
3010 1250 3087 1319 τῷ
3102 1227 3284 1323 λόγῳ.

2220 1330 2370 1400 Πλὴν
2399 1331 2519 1389 ἀλλ’
2547 1333 2751 1389 ὑπεικει
2785 1332 3053 1389 Δεσπότου
3082 1333 3341 1412 προθυμίᾳ
3371 1351 3389 1370 ο

2221 1421 2411 1500 Τρέμει
2442 1420 2488 1478 δ’
2521 1421 2670 1498 ὅμως
2700 1423 2798 1490 τὴν
2842 1435 3029 1502 χεῖρα,
3058 1425 3145 1479 καὶ
3167 1423 3322 1498 ψαύει
3353 1420 3533 1498 μόλις,

2236 1520 2357 1567 Avo)
2377 1513 2610 1592 θεωρῶν,
2643 1513 2715 1576 ὡς
2747 1510 2955 1591 ἴλιγγον
2988 1511 3230 1593 ἐκφύγοι,

2219 1598 2432 1657 Μᾶλλον
2462 1597 2518 1655 δὲ
2546 1600 2701 1657 κύκεῖ
2730 1604 2945 1681 φρικτὸν
2976 1598 3107 1658 ἄλλο
3135 1623 3185 1657 τι
3214 1599 3426 1678 βλέπει.

2100 1689 2180 1753 90
2220 1689 2506 1769 ῌεριστερᾶ
2533 1690 2766 1747 κάτεισιν
2798 1692 2871 1754 εἷς
2900 1696 3004 1769 γῆν
3032 1692 3247 1767 ὑψόθεν,

2220 1764 2318 1836 Ἦν
2348 1780 2552 1858 οὗρανοὶ
2579 1778 2877 1855 πέμπουσιν
2907 1780 2967 1836 ὲκ
2991 1786 3095 1837 τῶν
3125 1781 3442 1861 σχισμάτων
3483 1800 3495 1813 ·

2100 1918 2109 1933 ,
2222 1869 2384 1935 Φωνή
2414 1865 2459 1924 δ’
2488 1867 2690 1924 ἐκεῖθεν
2719 1870 2951 1948 πατρικὴ
2979 1868 3171 1948 βροντᾷ
3199 1869 3370 1948 μέγα,

2227 1958 2347 2014 Υἷὸν
2376 1955 2612 2016 καλοῦασ
2654 1958 2878 2037 Χριστὸν
2908 1957 3268 2035 ἡγαπημάνον
3314 1975 3329 1988 ⁶

2227 2047 2326 2104 Καὶ
2356 2059 2612 2125 μαρτυρεῖ
2638 2048 2700 2103 τὸ
2729 2052 2945 2122 Πνεῦμα
2973 2047 3144 2121 τούτῳ
3174 2046 3517 2129 ςροστρέχον,

2103 2134 2184 2198 95
2230 2131 2311 2191 Δι’
2339 2133 2397 2191 ὅν
2430 2134 2715 2209 κατῆλθεν,
2747 2139 2794 2211 ᾧ
2834 2135 3043 2212 σεμνῶς
3073 2134 3330 2215 ἐφιζάνει,

2229 2227 2419 2297 [Ιτηνῷ
2448 2220 2493 2276 δ’
2527 2219 2694 2280 ἔοικεν
2724 2222 3018 2296 όξυκινήτῳ
3046 2224 3218 2304 φύσει,

2226 2316 2541 2391 Περιστερᾶς
2572 2313 2672 2391 γὰρ
2701 2310 2843 2377 εἶδος
2866 2314 2940 2376 ὡς
2972 2312 3358 2393 ἁπλουστέρας,

2230 2399 2408 2481 Συνεὶς
2439 2397 2493 2454 δὲ
2520 2409 2684 2458 ταῦτα
2711 2402 2800 2457 καὶ
2825 2402 3067 2465 ποταμὸς
3095 2400 3271 2481 ἡρέμα

2234 2480 2306 2546 Ἰσ
2317 2495 2371 2562 τᾷ
2399 2491 2460 2546 τὸ
2489 2489 2691 2569 ῥεῖθρον
2720 2499 2814 2548 τού
2842 2488 3057 2568 δρόμου,
3090 2480 3177 2547 καὶ
3205 2491 3517 2573 προσμένει,

2107 2577 2186 2640 60
2228 2576 2377 2636 Οὕτω
2407 2600 2468 2657 γε
2493 2585 2664 2655 τιμῶν
2694 2578 2793 2646 τὴν
2825 2585 2957 2635 Θεοῦ
2996 2581 3312 2657 παρουσίαν,

2233 2668 2332 2750 [Cati
2358 2668 2457 2735 τὴν
2499 2665 2673 2734 καλὴν
2717 2668 2964 2747 κάθαρσιν
2993 2666 3420 2750 ἀναλαμϐάνων,

2238 2747 2328 2821 Ὠς
2356 2761 2565 2836 πρῶτος
2598 2757 2753 2821 αὒτὸς
2782 2759 2878 2824 τὴν
2912 2758 3070 2838 χάριν
3099 2747 3432 2840 δεδεγμένος,
3502 2780 3507 2784 ’

2238 2843 2415 2926 Ἀρχὴ
2445 2845 2663 2925 γένηται
2695 2844 2828 2922 τῷδε
2871 2853 2948 2921 τῷ
2976 2848 3273 2928 μυστηρίῳ.

2240 2943 2404 2993 Τοῦτο
2432 2934 2635 3013 βροτῶν
2664 2941 2802 3015 φῶς,
2836 2945 2990 2995 τοῦτο
3015 2933 3226 3016 δευτέρα
3268 2935 3487 3013 πλάσις,

2034 3067 2413 3144 macilentus,
2465 3067 2847 3142 seminudus,
2907 3069 3105 3150 angeli
3161 3076 3355 3151 typus,
3391 3070 3696 3134 edeserto

2032 3170 2220 3217 novus
2242 3155 2536 3237 propheta
2563 3160 2742 3219 venit.
2771 3156 3038 3219 Priorem
3091 3166 3289 3220 autem
3360 3158 3693 3240 semetipso

294 3247 534 3326 tugurio
551 3267 781 3313 carens.
803 3250 865 3312 in
883 3249 982 3310 vili
1001 3268 1225 3328 panno,
1248 3248 1321 3310 ad
1344 3249 1541 3311 lucem
1560 3248 1736 3309 modo
1756 3246 1951 3308 editus
1982 3322 2012 3328 _
2037 3242 2337 3307 Christum
2367 3263 2501 3307 esse
2526 3244 2890 3325 signiﬁcans,
2934 3244 3130 3325 ipsum
3148 3245 3428 3308 omnibus
3447 3265 3696 3327 congre-

296 3322 600 3400 estZ’Ehe-n
625 3339 640 3397 ε
661 3338 803 3420 quid
817 3322 1436 3419 dicis‘?Nihilquidem
1451 3337 1601 3410 falsi,
1621 3336 1725 3399 sed
1749 3322 2013 3399 verumC
2040 3333 2194 3415 gatis
2224 3322 2705 3397 manifestatCAd
2737 3322 2883 3397 eum?
2916 3322 3186 3399 Christus
3215 3344 3278 3398 ut
3306 3345 3480 3398 notus
3511 3322 3692 3401 acce-

296 3424 491 3490 audis.
524 3424 597 3488 Et
627 3428 794 3490 testis
819 3436 911 3489 est
931 3427 1126 3500 stella,
1159 3444 1334 3508 quam
1359 3425 1420 3486 in
1452 3424 1606 3488 ccelo
1631 3423 1955 3509 conspicis,

294 3513 457 3577 unde
485 3519 718 3578 venerit
745 3517 944 3580 infans
1000 3516 1108 3578 tibi
1153 3515 1526 3593 ostendens;
1586 3524 1650 3577 et
1678 3514 1774 3575 isti
1801 3513 1962 3580 velut

294 3602 370 3666 ad
401 3605 725 3668 Dominum
757 3616 1203 3680 concurrentes,
1237 3622 1493 3686 quorum
1525 3603 1703 3666 etiam
1736 3609 1825 3666 est
1849 3602 1958 3682 ju-

299 3693 529 3757 cundus
561 3694 799 3758 laudum
861 3704 1206 3759 concentus.
1273 3694 1422 3757 Cum
1475 3693 1572 3756 his
1600 3692 1954 3774 euncinere,

302 3799 423 3843 non
455 3783 734 3848 difﬁdere
766 3785 875 3847 tibi
904 3788 1199 3848 convenit.
1233 3781 1541 3845 Tuienim
1605 3781 1796 3857 gratia
1827 3781 1958 3844 haec

296 3871 501 3934 omnia
527 3874 714 3936 ﬁunt:
747 3873 906 3938 Deus
958 3875 1138 3937 homo
1188 3870 1399 3954 factus,
1433 3880 1496 3934 ut
1526 3871 1768 3935 deiﬁcet
1796 3879 1956 3934 tuum

296 3967 570 4025 naturam
601 3985 619 4041 ;
649 3983 873 4046 egenus
904 3973 1146 4047 propter
1174 3971 1254 4039 te,
1318 3961 1563 4025 divitem
1625 3968 1681 4023 te
1716 3961 1965 4023 demon-

298 4058 534 4131 strans;
584 4054 804 4135 angeli,
852 4054 1073 4137 spebus
1129 4051 1559 4135 applaudentes
1590 4071 1606 4131 ;
1638 4058 1829 4113 mater
1859 4068 1965 4113 ne-

302 4138 499 4204 sciens
526 4143 742 4217 virum,
775 4144 940 4224 virgo
962 4161 1295 4226 puerpera;
1319 4140 1638 4223 splendida
1652 4157 1960 4221 magorum

301 4227 498 4314 dona;
532 4242 838 4316 pastorum
908 4252 1277 4312 concursus;
1342 4232 1545 4295 omnia
1604 4232 1965 4313 jubilatione

300 4321 635 4406 gaudioque
663 4325 858 4406 plena.
886 4323 1038 4398 Qum
1060 4324 1151 4386 his
1175 4324 1353 4404 igitur
1373 4330 1434 4384 tu
1462 4320 1801 4401 congaude;
1823 4338 1961 4383 cum

297 4404 418 4472 illis
450 4404 679 4494 pronus
695 4414 904 4491 adora,
938 4414 1070 4478 sine
1098 4431 1239 4474 vero
1271 4412 1430 4474 hunc
1466 4408 1746 4472 demissis
1772 4409 1963 4472 oculis

2042 3424 2215 3498 dens,
2246 3423 2606 3504 baptismum
2666 3423 2919 3486 aliorum
2962 3424 3255 3506 baptismo
3284 3425 3541 3488 similem
3569 3428 3700 3491 dari

2043 3512 2159 3575 sibi
2182 3521 2374 3594 rogat.
2399 3513 2505 3576 Ille
2529 3530 2694 3589 vero,
2720 3512 2877 3576 bene
2900 3513 3099 3576 sciens
3121 3513 3313 3595 qualis
3355 3523 3414 3576 et
3433 3516 3594 3580 unde
3622 3517 3704 3584 sit

2041 3605 2155 3670 iste
2184 3624 2310 3669 rem
2344 3596 2821 3687 experimentum
2843 3624 3176 3688 purumque
3218 3614 3518 3670 tentamen
3537 3609 3700 3672 testi-

2043 3704 2185 3760 mat.
2246 3693 2417 3760 Unde
2467 3695 2700 3758 fortiter
2756 3694 2984 3758 obstitit
3036 3695 3237 3758 verbo.
3272 3694 3702 3761 Verumtamen

2041 3784 2344 3849 desiderio
2404 3784 2644 3850 Domini
2704 3784 3099 3865 obtemperat.
3129 3784 3248 3849 Sed
3290 3803 3472 3848 manu
3499 3788 3704 3854 tremit

2042 3875 2255 3956 vixque
2285 3892 2520 3936 sursum
2543 3873 2862 3955 aspiciens,
2893 3874 3245 3955 vertiginem
3263 3875 3486 3955 eﬁ'ugit.
3520 3875 3703 3958 Magis

2044 3975 2241 4028 autem
2274 3963 2651 4027 tremendum
2676 3964 2834 4026 aliud
2854 3963 2995 4045 quid
3018 3964 3332 4045 conspicit.
3352 3964 3703 4046 Desuperin

2047 4062 2266 4117 terram
2299 4052 2596 4115 delabitur
2620 4053 2917 4128 columba,
2952 4072 3131 4136 quam
3183 4072 3253 4115 ex
3285 4052 3544 4117 nubibus
3566 4054 3703 4119 cceli

2045 4143 2387 4219 demittunt,
2415 4149 2477 4205 et
2491 4161 2599 4204 vox
2627 4151 2875 4223 paterna
2895 4162 2967 4206 ex
3000 4144 3119 4206 alto
3147 4142 3376 4216 reboat,
3402 4144 3703 4207 Christum

2043 4232 2260 4296 Filium
2319 4232 2778 4296 dilectissimum
2834 4252 3073 4297 vocans.
3142 4232 3705 4315 Testimoniumque

2043 4323 2244 4386 reddit
2272 4320 2527 4404 Spiritus
2552 4323 2626 4386 ad
2656 4323 2850 4405 ipsum
2874 4341 3222 4399 accurrens,
3266 4331 3512 4404 propter
3525 4342 3702 4405 quem

2043 4412 2356 4476 descendit
2384 4422 2443 4476 et
2470 4430 2650 4494 super
2679 4432 2817 4475 eum
2840 4412 3191 4476 solemniter
3215 4411 3557 4475 considens.
3586 4411 3706 4475 V0-

298 4516 549 4565 senem:
614 4504 850 4567 mordet
907 4502 1067 4566 enim
1123 4520 1264 4564 eum
1310 4500 1464 4562 alius
1519 4498 1658 4588 quis
1694 4502 2194 4588 secretusolucri
2220 4520 2359 4564 vero
2388 4501 2574 4565 veloci
2601 4508 2833 4578 natura,
2857 4501 3134 4564 columba
3153 4502 3385 4564 scilicet
3413 4500 3699 4588 simplici,

299 4589 567 4657 aﬁ‘ectus.
590 4592 685 4657 Ab
715 4594 829 4656 hoc
858 4603 1060 4655 autem
1093 4600 1227 4674 post
1261 4591 1441 4652 breve
1470 4587 1771 4650 somnium
1800 4587 1959 4651 libe-

298 4679 551 4831 Eabitur,
579 4693 640 4746 et
666 4682 926 4747 libenter
982 4681 1297 4745 nobiscum
1328 4677 1615 4742 omnibus
1657 4677 1962 4760 complan-

348 4778 427 4831 et.

348 4778 427 4834 et.

581 4857 657 4926 II.
689 4860 770 4925 In
796 4879 1042 4927 sacrum
1071 4858 1316 4924 Christi
1343 4857 1676 4938 Baptism.

385 4946 494 5013 Vir
547 4951 792 5032 pilosus,
849 4951 1136 5015 incultam
1191 4945 1582 5012 rusticitatem
1624 4944 1956 5025 enutriens,

302 5036 381 5102 de
408 5039 549 5123 pilis
558 5042 773 5106 cameli
791 5040 1064 5120 vestitus,
1086 5047 1150 5104 et
1173 5054 1385 5102 zonam
1399 5037 1712 5120 pelliceam
1730 5033 1953 5115 ferens,

384 5171 418 5224 4
442 5173 526 5240 ἴσ.
556 5173 712 5244 ἧκον.
796 5176 831 5229 8
869 5199 956 5257 γρ,
986 5176 1277 5254 βάπτησιν.
1360 5167 1397 5221 θ
1436 5191 1525 5251 γρ.
1555 5168 1734 5250 δοράς.

2040 4592 2255 4655 similis
2284 4598 2394 4655 est.
2422 4589 2763 4670 Intelligens
2794 4600 2992 4655 autem
3014 4592 3140 4653 haec
3163 4598 3222 4652 et
3251 4589 3447 4652 amnis
3472 4589 3706 4671 placide

2041 4699 2278 4773 cursum
2311 4680 2494 4773 sistit,
2521 4688 2579 4773 et
2622 4688 2944 4773 exspectat,
3009 4680 3098 4743 sic
3143 4678 3259 4773 _Dei
3323 4680 3703 4773 prasentiam
3763 4682 3767 4686 ’
3858 4766 3869 4773 _

2041 4770 2364 4844 honorans,
2398 4768 2826 4851 pulchramque
2854 4770 2982 4833 vice
3028 4768 3343 4851 puritatem
3373 4767 3703 4850 accipiens,

2042 4867 2107 4922 ut
2135 4860 2264 4940 ipse
2319 4857 2570 4939 primus,
2617 4867 2861 4941 accepta
2908 4860 3118 4938 gratia,
3176 4857 3537 4940 principium
3568 4858 3707 4920 huic

2041 4947 2320 5030 mysterio
2351 4946 2472 5009 tl‘at.
2506 4950 2637 5011 Hoc
2696 4947 3038 5011 mortalium
3069 4948 3275 5010 lumen
3301 4946 3418 5009 hoc
3439 4946 3708 5009 secunda

2039 5035 2933 5120 creatio,charissima,sigillum
2946 5037 3127 5103 ethoc
3143 5035 3468 5102 concinunt
3481 5034 3706 5117 angeli,

1674 5337 1932 5404 Matthaai
1957 5339 2129 5405 Busti
2156 5348 2330 5405 notae.

398 5515 478 5596 (3)
507 5539 535 5573 α
561 5518 744 5599 Τούτῳ
771 5492 1098 5599 προσελθών.
1134 5511 1250 5576 Pro
1276 5510 1971 5599 ἐγνώσμενοςητεροευίε.

311 5590 851 5674 εειὴὴγνοημὲνοέ,
912 5597 961 5660 si
1056 5613 1268 5658 versus
1306 5590 1498 5674 gratio
1556 5590 1808 5663 tulisset,
1872 5601 1972 5674 aut

2050 5529 2339 5594 nusquam
2378 5508 2690 5594 (quantum
2716 5513 2858 5592 scio)
2915 5510 3316 5594 legitur.__H0c
3344 5515 3575 5594 certum
3610 5515 3708 5573 est

2053 5610 2123 5656 ea
2147 5592 2480 5676 quae‘paulo
2527 5602 2656 5676 post
2710 5592 3054 5676 sequantur,
3086 5597 3115 5651 ὁ
3145 5592 3191 5650 δ’
3235 5592 3292 5650 εὖ
3313 5592 3611 5672 γινώσκων,
3647 5596 3711 5652 et

314 5672 899 5761 etiamtyvmpévoc,
960 5689 1235 5761 tanquam
1292 5673 1510 5761 factum
1564 5688 1640 5761 ex
1689 5673 1974 5761 particula
2023 5672 2213 5761 τιθεῖ,
2247 5672 2470 5754 aliquid
2505 5672 2621 5737 tale
2651 5672 2974 5755 postulare.

318 5752 603 5844 privativa
633 5769 691 5821 et
716 5752 1273 5841 ’γνόομαιλκιίγιοιιο
1322 5754 1509 5835 (unde
1564 5752 1832 5832 ἴγνιιῖσμα)
1867 5753 1973 5818 sed
