4144 6376
436 317 595 383 H27

485 455 601 521 105
643 453 912 533 Χάριτμα,
941 452 1032 509 καὶ
1060 451 1392 532 σφράγισμα,
1422 450 1510 506 καὶ
1536 447 1796 526 σωτηρία.
2121 450 2160 497 A

641 550 807 620 Τοῦτο
835 541 865 590 7
897 550 1171 620 κροτοῦσιν
1217 536 1455 617 ἄγγελοι,
1492 550 1611 600 τοῖς
1656 537 1870 614 γηΐνοις

640 615 860 692 νΗδιστα
890 615 1398 710 σύγχαίροντεῆήὼς
1428 624 1756 701 θεωμένοις.

643 723 1054 802 Ἀπευχαριστῶ
1081 716 1255 775 πολλὰ
1303 720 1382 791 τῷ
1409 713 1752 802 λελουμὲνῳς

644 799 852 871 Τούτούή
881 799 981 888 γὰρ
1011 805 1157 865 οῦδὲν
1200 807 1272 871 εἷς
1300 804 1530 881 ἆμοικὴν
1562 825 1653 880 μοι
1686 799 1873 862 πλέον.

523 894 607 966 Γ’,
646 925 675 957 α
706 898 923 966 Εἱςιτήν
954 896 1108 974 ἁγίαν
1137 903 1230 953 τοῦ
1259 898 1484 974 Χριστοῦ
1514 890 1951 970 Μεταμόρφωσιν.
1987 904 2017 946 ι

492 991 610 1058 ΗΟ
648 988 833 1069 Φρίξον
861 987 1023 1044 θεατᾶ
1060 986 1159 1053 τὴν
1205 984 1488 1063 ὁρωμένην
1533 981 1678 1047 θέαν,

640 1064 741 1137 Καὶ
769 1078 923 1144 στῆθι
955 1075 1185 1153 μακρὰν,
1218 1071 1453 1137 εὒλακῶς
1482 1071 1660 1127 κάτων
1704 1064 1939 1145 βλέπων,

649 1168 739 1234 Μὴ
768 1187 883 1230 πως
912 1162 1259 1242 καταστράψη
1290 1182 1349 1218 σε
1382 1162 1605 1241 Χριστὸς
1637 1158 1873 1237 ἐγγύθεν,

649 1255 747 1314 Καὶ
776 1255 1051 1329 ζημιωθῇς
1081 1249 1342 1330 σαρδικῶν
1371 1252 1483 1328 φῶς
1512 1248 1792 1325 ὀμμάτων,

647 1341 741 1406 Ὠς
771 1339 977 1403 Παῦλος
1008 1338 1166 1405 ἄλλος
1194 1339 1440 1418 ἀστραπῇ
1468 1335 1819 1415 βεϐλημένος.

498 1431 613 1496 115
656 1422 811 1512 Ὀρᾷς
842 1420 1079 1507 μαθητὰς
1114 1426 1291 1489 ἐνθάδε
1320 1426 1699 1506 προκειμένους
1733 1440 1747 1454 ⁸

648 1524 722 1580 Ού
759 1521 859 1599 γὰρ
883 1519 1060 1599 φέρειν
1085 1516 1269 1598 ἔχουσι
1302 1517 1400 1583 τὴν
1441 1512 1782 1599 λαμπηᾷόνα,

652 1594 845 1667 Βλέτὲεὶ
952 1594 1160 1673 ’Μωσῆξ
1190 1607 1287 1674 τὴν
1316 1606 1476 1685 χάριν
1524 1605 1615 1661 σὺν
1644 1594 1818 1674 Ἠλίᾳ,

1681 306 2004 375 JOANNIS
2044 301 2602 374 EUCHAITENSIS

3684 296 3843 364 1128

2387 436 2542 515 Ἰδοὺ,
2576 438 2804 517 σέσηπε,
2835 440 2927 495 τὸν
2967 449 3281 516 τεταρταῖον
3311 434 3551 513 βλέπεις,

2383 525 2794 603 Ἀπεκρίθησαν,
2829 522 2930 587 Καὶ
2961 527 3147 585 σκόπει
3176 527 3269 583 τὸν
3301 524 3577 592 Δεσπότην
3609 539 3625 554 ⁸

2388 615 2708 698 ’Υποκριτὴς
2737 616 2949 697 ἄριστος
2981 619 3009 674 6
3038 615 3314 697 ζωηιρύρος
3365 634 3380 652 ⁹

2390 706 2581 788 Σχολῇ
2609 705 2831 784 βαδίζων
2860 704 3130 786 δυσφορε⁴,
3163 706 3252 761 καὶ
3280 702 3511 786 δακρύει,

2226 792 2346 856 135
2388 794 2476 861 ἘΞ
2505 797 2721 876 ούρανοῦ
2750 815 2808 853 τε
2838 793 2991 864 δῆθεν
3022 798 3160 851 αἰτεῖ
3188 794 3287 861 τὴν
3316 794 3498 874 χάριν.

2388 886 2493 942 Σὺν
2522 882 2696 965 ἔργον,
2728 885 2774 943 ὦ
2802 885 3069 966 κράτιστε,
3099 883 3150 941 τῖ
3180 882 3395 960 βλέπεις
3426 879 3536 939 ἄνω

2388 971 2579 1054 Ἐγγὺς
2609 971 2654 1031 δ’
2686 976 2713 1031 6
2745 975 2961 1053 μάρτυς.
3007 975 3067 1032 Εἰ
3095 971 3359 1039 κελεύσεις
3388 974 3488 1052 γὰρ
3518 971 3679 1049 μόνον

2388 1064 2608 1143 Τρέψεις
2637 1065 2699 1120 τὸ
2726 1062 2912 1127 πένθος
2943 1065 3016 1127 εἰς
3049 1064 3237 1142 ἑορτὴν
3267 1063 3473 1124 αὐτίκα.

2368 1153 2586 1211 Οὐκοῦν
2614 1150 2839 1212 κελεύει.
2873 1159 3035 1233 Δεῦρο
3065 1149 3111 1208 δ’
3141 1150 3262 1225 ἔξω,
3293 1153 3617 1231 κραυγάσας,

2230 1239 2348 1303 140
2387 1242 2538 1309 Ζωὴν
2568 1242 2795 1317 ἑτοίμως
2824 1241 3063 1319 ἐμπνέει.
3096 1242 3172 1317 τῷ
3205 1241 3454 1317 κειμένῳ.

2389 1339 2616 1391 Τοιαῦτα
2646 1336 2871 1413 Χριστὸς
2893 1331 3010 1391 οἶδε
3041 1346 3218 1392 ποιεῖν
3249 1347 3366 1399 τοῖς
3395 1331 3587 1414 φίλοις.

2388 1420 2696 1488 Ἐξάλλεται
2727 1429 2853 1500 γοῦν
2883 1423 2989 1494 ζῶν
3019 1425 3047 1478 6
3072 1423 3256 1502 νεκρὸς
3288 1443 3349 1478 εκ
3374 1422 3564 1501 τάφου,

2389 1513 2488 1568 Καὶ
2517 1509 2582 1579 δὴ
2625 1509 2819 1587 βαδίζει
2849 1512 3068 1592 κειρίαις
3101 1511 3442 1592 ἐσφιγμένος.
3494 1574 3505 1575 γ

2388 1598 2536 1667 Πλὴν
2566 1598 2684 1657 ἀλλ’
2714 1601 2945 1675 ἀνεῖται,
2977 1601 3064 1657 καὶ
3086 1599 3254 1665 λυθεὶς
3282 1599 3599 1680 ἀποτρέχει,

646 1698 844 1778 Γνόφος
883 1696 1037 1777 [γὰρ]
1068 1695 1252 1758 cat-3:01:
1290 1683 1427 1773 (ἐῆϐ
1469 1691 1713 1773 προξενεῖ
1744 1688 2060 1768 παῤῥησίαν.
2127 1698 2164 1747 Β
2227 1683 2342 1747 145
2383 1688 2455 1778 T6
2483 1685 2697 1778 δεῖπνον
2730 1689 2889 1763 οἶμαι
2920 1689 3189 1778 σκευάσων
3219 1691 3247 1745 ὁ
3277 1686 3555 1769 γόννάδας,

652 1790 726 1845 Σύ
754 1786 798 1844 δ’
832 1788 876 1843 εἰ
904 1784 1172 1851 λαλούσης
1205 1784 1265 1840 ἐκ
1292 1786 1486 1863 γνόφου
1516 1787 1697 1862 φωνῆς
1728 1780 1891 1856 μόνον

489 1877 608 1940 1ἳο
650 1880 803 1940 Θείας
848 1874 1101 1951 ἀκούσῃς,
1150 1872 1419 1951 εὒτυχεῖς,
1452 1872 1540 1928 καὶ
1582 1869 1883 1949 προσκύνει.

660 1957 723 2022 Δ’
759 1988 787 2020 ι
820 1965 908 2027 Εἷς
938 1963 1036 2030 τὴν
1068 1961 1274 2040 ἔγερσιν
1304 1968 1396 2018 τοῦ
1428 1961 1688 2038 Λαζάρου.
1730 1983 1754 2016 ι

655 2047 713 2114 ’0
747 2058 843 2122 τῆς
872 2057 1088 2132 Υραφῆς
1118 2061 1237 2115 νοῦς
1271 2070 1284 2084 ·
1322 2048 1438 2106 ἀλλ’
1472 2048 1652 2129 ἄκουε,
1685 2045 1987 2127 καὶδβλέπε.

657 2133 755 2202 Ἠν
783 2165 863 2208 τις
892 2141 1088 2205 δίκαιος
1121 2141 1381 2220 Λάζαρος,
1413 2146 1636 2219 Χριστοῦ
1678 2137 1851 2220 φίλος.

653 2242 848 2292 Τοῦτον
875 2230 1099 2288 θανόντα
1127 2234 1199 2307 γῆ
1231 2228 1509 2304 καλύπτει,
1541 2230 1630 2285 καὶ
1660 2228 1848 2307 τάφος.

648 2325 708 2379 Αἱ
738 2322 983 2399 σύγγονοι
1014 2322 1255 2398 θρηνοῦσι
1284 2319 1376 2374 τὸν
1405 2316 1734 2393 τεθαμμένον
1783 2332 1797 2345 ⁸

488 2408 607 2473 125
648 2417 750 2468 Τοῦ
792 2411 892 2487 γὰρ
921 2405 1195 2489 φιλοῦντος
1225 2406 1471 2485 ἀγνοοῦσι
1502 2409 1562 2463 τὸ
1592 2404 1809 2484 κράτος.

651 2499 906 2577 Πάρεστιν
936 2498 1091 2561 αὐτὸς
1128 2512 1143 2525 ⁸
1191 2498 1242 2552 αἱ
1285 2493 1339 2551 δὲ
1369 2493 1769 2573 συντονωτέρως

652 2586 924 2660 Κλαίουσι,
965 2586 1249 2659 κωκύουσι,
1281 2584 1668 2664 προσπίπτουσί
1694 2603 1752 2638 τε
1788 2597 1803 2612 ⁸

654 2679 1005 2754 Παθυστερεῖν
1045 2672 1258 2751 λέγουσι
1278 2676 1379 2744 τήν
1410 2672 1721 2751 παρουσίαν,
1816 2688 1823 2691 '

652 2749 901 2840 Ἅψεσθε,
916 2762 1068 2843 φησὶ,
1102 2749 1201 2829 τὴν
1233 2760 1370 2836 ἐμὴν
1397 2749 1632 2827 ἐξοῦσῖαν

495 2853 610 2920 130
651 2845 710 2911 Ὀ
740 2851 1085 2930 δημιουργός.
1117 2856 1227 2907 Ποῦ
1255 2847 1301 2905 δ’
1333 2852 1362 2907 ὁ
1390 2859 1482 2908 τοῦ
1510 2848 1663 2928 φίλου
1690 2850 1854 2930 τάφος
1887 2869 1902 2930 ;

2393 1777 2481 1840 Εἰς
2512 1774 2742 1841 δεξίωσιν
2773 1777 3089 1857 προσφιλοῦς
3120 1778 3415 1856 εύεργέτου,

2399 1863 2480 1922 Δι’
2511 1867 2569 1923 ὃν
2607 1867 2883 1948 πάλινξζῇ,
2915 1870 3003 1925 καὶ
3031 1870 3229 1948 τροφῆς
3260 1867 3429 1926 δεῖται
3462 1866 3640 1928 πάλιν.

2399 2019 2424 2045 ν
2726 1946 2806 2017 κ’.
2842 1979 2871 2015 ί
2908 1958 2994 2020 Εἷς
3022 1946 3088 2013 τὰ
3119 1946 3283 2045 Bitia.

2414 2052 2605 2124 Ανοιγε
2636 2045 2730 2108 τὰς
2762 2045 2881 2116 σὰς,
2906 2045 2952 2101 ὦ
2983 2052 3114 2104 Θεοῦ
3143 2043 3323 2120 πόλις,
3356 2042 3548 2124 πύλας,

2392 2117 2486 2196 "Ac
2516 2117 2767 2213 ἠγάπησε
2802 2135 2988 2214 Κύριος
3018 2117 3419 2215 παντοκράτωρ.

2237 2222 2349 2285 150
2386 2219 2520 2280 Ἰδοὺ
2549 2225 2649 2302 γὰρ
2679 2225 2836 2287 αύτος
2868 2222 3083 2304 ἔρχεταί
3110 2245 3192 2281 σοι
3227 2223 3525 2298 Δεσπότης,

2393 2317 2588 2407 Πρᾷος,
2621 2310 2843 2393 δίκαιος,
2869 2313 3105 2393 μέτριος,
3140 2313 3526 2394 ταπεινόφρων,

2413 2399 2574 2481 Εχων
2603 2399 2794 2481 ὄχημα
2824 2401 3004 2459 πῶλον
3034 2401 3274 2466 εὖτελοῦς
3307 2400 3452 2477 ὄνου,

2393 2491 2491 2547 Καὶ
2520 2492 2643 2553 τοὺς
2673 2492 2915 2566 μαθητὰς
2947 2491 3009 2547 ἐκ
3037 2489 3211 2549 ποδῶν
3243 2489 3576 2570 ὁδοιπόρους.

2394 2577 2589 2642 Παῖδες
2619 2580 3086 2659 προπεμπὲκωσαν
3118 2580 3274 2636 αὒτὸν
3305 2579 3360 2636 ἐν
3402 2579 3608 2658 κρότοις
3652 2594 3667 2610 ’

2232 2664 2346 2729 455
2393 2676 2488 2723 Δεῖ
2518 2669 2617 2747 γὰρ
2644 2670 2733 2725 τὸν
2765 2669 2924 2746 ἁγνὸν
2954 2667 3007 2735 ἐξ
3039 2671 3213 2748 ἁγνῶν
3242 2670 3403 2745 τιμὴν
3435 2666 3605 2749 ἔχειν.

2394 2755 2626 2839 Κλᾴδους
2656 2758 2947 2837 προπιέτω
2989 2757 3045 2816 δὲ
3076 2760 3417 2839 νικητηρίους

2390 2844 2425 2895 9
2450 2836 2576 2925 (Ὦς
2606 2836 2707 2903 τοῦ
2729 2847 2990 2928 πάρόντος
3015 2850 3143 2929 χθὲς
3163 2848 3252 2929 (ὅ)
3278 2836 3538 2909 κατειδὼς
3556 2847 3618 2902 τὸ
3635 2842 3850 2925 κράτος)

451 2978 840 3065 terrestribus
853 2975 2106 3058 tanquamdivinisjucundissimecollaetau-
2128 2980 2167 3029 C
2190 2979 2325 3065 gius
2356 2979 2447 3039 est
2479 2995 2496 3052 ;
2524 2976 2685 3037 hunc
2706 2975 3119 3065 quatridanum
3149 2972 3848 3065 cernis,responderuu‘t-

453 3079 567 3134 tes.
601 3060 816 3133 Multas
845 3065 1137 3147 baptizato
1199 3068 1463 3147 rependo
1514 3070 1773 3146 gratias:
1811 3071 1921 3132 hoc
1943 3072 2103 3135 enim
2187 3061 2259 3124 Et
2311 3074 2598 3128 contuere
2663 3064 3012 3132 Dominum.
3070 3066 3250 3128 Actor
3307 3072 3367 3128 et
3433 3064 3691 3142 optimus
3749 3060 3851 3123 ille

452 3158 598 3220 mihi
631 3156 703 3219 ad
733 3156 927 3217 vicem
961 3155 1377 3218 exsolvendam
1411 3155 1558 3217 nihil
1586 3157 1839 3237 amplius
1866 3168 1978 3226 est.

529 3245 631 3309 IlI.
672 3245 747 3307 In
775 3252 1058 3307 sanctam
1091 3244 1323 3308 Christi
1354 3242 2006 3327 Transﬁgurationem.

534 3336 954 3411 Perhorresce,
987 3333 1521 3414 spectatorhancce
1566 3334 1876 3413 visionem,
1912 3347 1972 3402 et
1994 3346 2115 3403 sta-

452 3424 684 3505 procul,
716 3422 815 3504 pie
837 3423 1116 3483 deorsum
1145 3421 1407 3495 intuens,
1462 3440 1538 3484 ne
1569 3422 1720 3485 forte
1751 3425 2023 3489 Christus
2054 3438 2111 3492 te

452 3513 793 3594 propiorem
844 3511 1030 3573 radiis
1056 3511 1338 3591 obcaecet,
1371 3520 1455 3587 et,
1487 3520 1550 3573 ut
1579 3512 1733 3574 alter
1764 3517 1976 3577 Paulus
1999 3517 2109 3580 ful-

450 3619 596 3682 gure
624 3600 955 3682 perculsus,
980 3600 1308 3662 carnalium
1334 3600 1644 3663 oculorum
1677 3603 1879 3666 lumen
1902 3607 2106 3668 laesum

450 3690 692 3752 sentias.
730 3689 1068 3770 Discipulos
1089 3688 1172 3751 ibi
1200 3698 1556 3770 prostralros
1577 3690 1778 3755 vides:
1806 3712 1924 3756 non
1947 3700 2105 3758 enim

448 3777 648 3841 valent
677 3778 976 3841 sustinere
1036 3777 1468 3859 splendorem;
1521 3797 1702 3841 cerne
1731 3799 1868 3843 vero
1891 3784 2106 3865 Moysis

2186 3151 2575 3233 quiviviﬁcat.
2599 3153 2784 3216 Lente
2812 3154 3113 3233 gradiens,
3130 3153 3845 3234 ingemitetlacrymatur;

2195 3243 2495 3305 etecaelo
2555 3244 2704 3324 petit
2753 3244 3024 3323 gratiam.
3085 3240 3250 3323 Opus
3315 3252 3502 3317 tuum,
3552 3240 3848 3322 potentis-

2195 3333 2370 3413 sime,
2429 3351 2664 3394 sursum
2695 3332 2971 3394 intueris.
3000 3331 3378 3413 Propinquus
3422 3341 3513 3392 est
3560 3328 3764 3391 testis:
3797 3326 3851 3389 si

2193 3422 2354 3484 enim
2407 3422 2817 3485 tantummodo
2856 3421 3134 3503 jusseris,
3192 3438 3507 3483 maerorem
3540 3420 3598 3479 in
3631 3417 3847 3479 festum

2194 3510 2390 3573 subito
2430 3519 2764 3574 convertes.
2826 3510 2974 3574 Jube
3031 3509 3232 3589 igitur.
3297 3509 3449 3571 Veni
3508 3507 3688 3586 foras,
3747 3504 3851 3566 ubi

2191 3599 2483 3672 clamavit,
2548 3599 2790 3682 potinus
2842 3601 3015 3661 vitam
3078 3598 3330 3679 inSpirat
3377 3597 3624 3679 jacenti.
3685 3593 3854 3656 Talia

2191 3689 2461 3753 Christus
2490 3690 2698 3752 amicis
2727 3689 2925 3752 facere
2967 3687 3139 3751 solet.
3173 3687 3448 3765 Exsurgit
3477 3704 3617 3765 ergo
3649 3684 3852 3746 vivens

2190 3796 2224 3841 e
2252 3780 2480 3841 tumulo
2517 3788 2806 3855 mortuus,
2839 3788 2897 3840 et
2912 3778 3035 3858 jam
3062 3777 3331 3857 graditur
3360 3776 3579 3838 institis
3611 3772 3851 3852 ligatus.

450 3887 583 3930 cum
611 3866 739 3929 Elia
760 3868 1046 3944 gratiam:
1077 3866 1268 3929 nubes
1287 3865 1447 3927 enim
1491 3867 1638 3947 ipsis
1661 3861 2106 3952 conciliatprae-
2187 3868 2465 3930 Attamen
2489 3868 2725 3930 exuitur
2752 3875 2812 3929 et
2855 3868 3084 3928 solutus
3140 3866 3325 3927 currit
3379 3867 3451 3928 ad
3484 3861 3843 3952 convivium,

453 3961 728 4020 sentiam.
763 3957 850 4019 Tu
882 3966 1083 4019 autem
1117 3956 1166 4017 si
1197 3955 1273 4018 de
1295 3956 1455 4017 nube
1504 3956 1846 4037 loquentem
1872 3950 2104 4023 sol—um-
2190 3965 2356 4039 puto,
2387 3975 2711 4038 generosus
2739 3957 3093 4036 parandum,
3127 3964 3194 4017 ut
3222 3956 3399 4035 digne
3430 3952 3682 4034 excipiat
3698 3950 3851 4013 ami-

456 4045 636 4107 modo
666 4044 928 4107 divinam
957 4062 1158 4105 vocem
1189 4044 1380 4117 audis,
1412 4043 1551 4106 felix
1578 4064 1665 4122 es,
1701 4056 1761 4108 et
1788 4049 1992 4113 adora.
2191 4064 2293 4109 cos
2342 4044 2760 4121 benefactoris,
2820 4061 2930 4126 per
2982 4063 3161 4126 quem
3217 4044 3518 4108 reviviscit
3549 4051 3607 4106 et
3633 4058 3844 4103 rursus

765 4132 868 4198 IV.
905 4133 979 4195 In
1005 4134 1510 4196 resurrectionem
1540 4132 1801 4198 Lazari.
2191 4134 2423 4215 indiget
2452 4134 2615 4201 cibo.

533 4224 642 4288 Est
657 4221 968 4304 scripturae
988 4237 1223 4284 sensus.
1248 4223 1520 4283 Attamen
1541 4222 1679 4284 audi
1703 4231 1760 4285 et
1778 4224 1935 4289 vide.
1970 4228 2113 4291 Erat
2773 4221 2847 4287 ν.
2882 4224 2959 4284 In
2990 4221 3265 4286 Palmas.

455 4311 589 4393 quis
609 4312 807 4393 justus
835 4311 1107 4375 Lazarus.
1141 4311 1377 4375 Christo
1416 4310 1688 4374 dilectus.
1724 4313 1895 4378 Hunc
1944 4336 2109 4380 mor—
2131 4343 2176 4393 ι)
2273 4313 2457 4395 Aperi
2486 4320 2640 4388 tuas,
2672 4311 2878 4376 civitas
2908 4311 3038 4380 Dei,
3070 4321 3286 4393 portas.
3316 4329 3462 4393 quas
3492 4309 3704 4374 dilexit
3733 4308 3852 4372 Do-

453 4410 620 4463 tuum
654 4402 831 4464 tellus
862 4400 1081 4482 premit
1140 4409 1200 4462 et
1255 4400 1539 4462 tumulus.
1602 4401 1854 4466 Sorores
1885 4405 2112 4468 deﬂent
2196 4403 2394 4467 minus
2416 4401 2818 4482 omnipotens.
2842 4401 2995 4463 Ecce
3017 4401 3178 4463 enim
3210 4401 3284 4463 ad
3317 4411 3374 4463 te
3404 4401 3562 4462 venit
3586 4400 3716 4481 ipse
3745 4417 3852 4461 rex

451 4492 785 4571 sepultum:
821 4490 1122 4569 diligentis
1153 4489 1314 4553 enim
1366 4501 1694 4568 agnoscunt
1752 4495 2104 4572 potentiam.
2196 4502 2329 4556 tuus
2362 4498 2725 4565 mansuetus,
2755 4491 2977 4571 justus,
3011 4510 3236 4572 aequus,
3284 4489 3547 4560 humilis,
3580 4488 3852 4551 insidens

452 4581 587 4660 Ipse
632 4580 805 4642 adest
835 4597 849 4643 :
911 4580 1014 4642 ille
1041 4597 1179 4641 vero
1209 4578 1545 4641 contentius
1569 4580 1990 4659 lamentantur,
2023 4584 2113 4645 in-
2193 4583 2293 4645 vili
2323 4581 2472 4644 asini
2502 4580 2661 4662 pullo
2685 4588 2743 4641 et
2771 4578 3095 4661 discipulos
3118 4579 3370 4660 pedibus
3399 4580 3516 4640 iter
3536 4578 3843 4640 facientes.

453 4668 811 4747 gemiscunt,
843 4677 903 4730 et
920 4669 993 4730 ad
1017 4686 1210 4746 genua
1266 4667 1593 4731 volvuntur.
1647 4668 1854 4731 Seram
1901 4672 2107 4735 dicunt
2197 4672 2376 4736 Pueri
2402 4669 2761 4732 comitantur
2789 4687 2924 4729 eum
2956 4687 3090 4730 cum
3122 4668 3449 4748 plausibus.
3486 4671 3669 4731 Decet
3691 4664 3849 4728 enim

457 4774 590 4820 esse
622 4756 1024 4845 praesentiam.
1058 4754 1374 4827 Videbitis,
1401 4756 1592 4838 inquit
1620 4763 1878 4840 creator,
1911 4778 2103 4824 meam
2192 4780 2403 4845 purum
2428 4777 2462 4820 a
2492 4759 2656 4840 puris
2706 4759 2995 4820 honorem
3054 4758 3353 4839 accipere.
3406 4757 3625 4819 Ramos
3654 4765 3849 4818 autem

457 4853 834 4927 potestatem.
866 4844 981 4910 Ubi
1028 4853 1088 4908 et
1114 4845 1293 4907 amici
1325 4846 1585 4908 tumulus
1605 4845 1636 4901 ‘?
1658 4845 1814 4911 Ecce
1842 4854 2105 4930 putrefa-
2192 4844 2583 4932 triumphales
2610 4856 2872 4929 movent,
2900 4846 2989 4928 (ut
3007 4865 3143 4929 quae
3165 4847 3478 4929 praesentis
3499 4854 3854 4928 potestatem

484 5069 488 5072 ξ
533 4976 566 5026 7
592 5001 678 5058 γρ.
706 4988 1008 5058 κρατοῦσιν,
1091 4979 1124 5029 8
1154 5002 1240 5058 γρ,
1277 4977 1547 5059 προξενοῖ.
1634 4978 1667 5030 9
1695 5003 1782 5061 γρ.
1821 4966 1905 5048 "Oc
1934 4995 2028 5051 τοῦ
2056 4989 2311 5071 παρόντος
2356 4986 2485 5067 χθὲς
2509 4995 2697 5064 κρατεῖ
2724 4983 2780 5041 δὲ
2808 4984 2871 5041 τὸ
2893 5004 2978 5063 κρ.

1833 5120 2094 5185 Μειιὶιωί
2126 5119 2288 5184 Busti
2318 5127 2498 5182 notae.

540 5248 625 5326 (4)
653 5272 680 5303 α
705 5248 904 5329 Γνόφος
934 5246 1085 5389 [γὰρὲ
1118 5253 1322 5312 αὺτοῖς.
1350 5272 1379 5305 π
1414 5255 1451 5306 Γ
1456 5251 1519 5330 ὰρ
1551 5248 1611 5310 in
1656 5251 1982 5332 exemplari
2003 5254 2114 5317 de-

540 5329 792 5389 leratur:
830 5337 976 5389 utet
1022 5330 1138 5389 aia
1184 5328 1386 5389 omnia
1446 5330 1665 5389 incinis
1692 5331 1950 5389 inclusa-
1986 5353 2116 5389 num

2197 5269 2320 5326 xu;
2353 5251 2516 5313 unde
2546 5246 2723 5311 etiam
2737 5245 3009 5309 Ecclesia
3028 5247 3228 5312 Lazari
3251 5245 3770 5310 resuscitationem
3794 5244 3855 5307 in

2199 5330 2433 5389 Vigiliis
2461 5330 2617 5389 Festi
2653 5329 2983 5389 l’almarum
3013 5329 3308 5389 celebrari
3330 5327 3534 5389 voluit.
3562 5337 3797 5389 sumpto
3822 5344 3855 5388 a

456 5328 753 5416 sideratur
778 5345 792 5391 :
821 5327 890 5416 ut
916 5327 976 5389 et
1022 5327 1138 5390 alia
1184 5328 1386 5391 omnia
1446 5327 1665 5393 incinis
1692 5327 1952 5416 inclusa,
1986 5353 2117 5415 quae
2199 5329 2983 5416 Vigiliis‘b‘esti‘l’alutarum
3013 5327 3534 5416 celebrarivoluit,
3554 5337 3797 5416 sumpto
3822 5344 3856 5388 a

456 5409 517 5470 in
551 5407 896 5495 boc'libello
921 5418 1253 5472 oceurrent.
1325 5493 1334 5495 _
1880 5494 1885 5495 γ
1936 5406 1950 5416 ’
2003 5406 2022 5415 ’
2199 5406 2407 5495 Laaari
2436 5411 2585 5473 festo
2615 5408 2983 5495 Paschal‘um
3038 5409 3272 5495 dierum
3321 5410 3379 5469 in
3414 5410 3517 5495 tio.
3547 5406 3744 5480 Quare
3773 5407 3853 5495 ita

538 5490 623 5566 (5)
671 5489 761 5554 ὐς
790 5499 1192 5573 τοῦ-παροντος
1248 5493 1400 5573 χθὲς,
1439 5516 1467 5548 »
1531 5499 1590 5573 et
1648 5501 1778 5555 caet.
1815 5494 2109 5557 Nimirum

2198 5492 2516 5573 legendum
2575 5489 2820 5551 censui:
2878 5505 3014 5573 nam
3059 5508 3129 5552 ex
3188 5490 3261 5573 iis
3310 5506 3441 5571 quae
3491 5490 3769 5573 leguntur
3797 5489 3859 5549 in

457 5567 521 5629 in
549 5567 957 5630 resuscitando
977 5567 1209 5652 Lazaro
1238 5567 1393 5634 {hoc
1454 5571 1609 5633 enim
1656 5573 1873 5652 factum
1901 5573 2119 5639 estdie
2202 5567 2626 5652 manuscripto,
2666 5586 2913 5652 quaeque
2942 5570 3001 5629 in
3058 5567 3347 5650 margine
3369 5567 3636 5651 apposita
3665 5569 3852 5646 vides,

457 5664 729 5730 proxume
758 5651 1160 5728 praecedente,
1218 5659 1285 5713 ut
1332 5661 1562 5714 constat
1620 5664 1679 5715 et
1704 5651 1954 5718 Joannis
1982 5675 2114 5738 cap.
2202 5672 2443 5716 sensum
2475 5651 2697 5716 elicere
2720 5651 2944 5711 nullum
2980 5663 3168 5730 potes.
