4144 6404
478 419 630 486 1131

675 645 734 700 Εἰ
762 645 853 701 καὶ
879 644 942 699 σὺ
970 643 1204 722 πάσχεις
1241 640 1359 707 ἄξια
1387 638 1675 718 θρηνῳδίας
1708 659 1725 720 ς

678 734 766 797 Τίς
787 731 935 797 ἐλπὶς
961 730 1102 799 ἄλλη
1136 751 1153 811 ;
1201 732 1289 795 Τίς
1319 729 1652 810 παράκλησις
1688 749 1705 810 ;
1750 729 1982 808 Φράσον.

682 823 782 902 Kal
806 822 914 898 μὴν
946 820 1114 902 ἐχρῆν
1140 841 1200 876 σε
1230 818 1434 896 μᾶλλον
1466 820 1698 895 εὐθύμως
1716 816 1885 898 ἔχειν,

682 895 949 991 ³ΞᾹνθρωπε
977 895 1186 991 {priore
1217 895 1310 966 τοῦ
1336 908 1393 958 15
1422 908 1603 973 τέλους
1636 895 2005 988 προκειμένου.

520 998 640 1063 215
691 983 896 1066 Ἄλλοις
938 983 1037 1080 γάρ
1080 997 1212 1056 ἄλλο
1244 998 1331 1077 (7)
1358 1000 1634 1080 φάρμακον
1665 983 1952 1077 σωτηρίας,

482 1088 642 1155 1229
688 1090 854 1167 Ἐμὸν
884 1088 945 1146 δέ
967 1088 1155 1151 πένθος
1186 1095 1447 1165 κοσμικοῦ
1476 1087 1692 1151 πένθους
1722 1086 1895 1149 λύσις.

550 1186 597 1239 Η
625 1224 639 1240 .
692 1203 721 1237 α
753 1181 843 1244 Εἷς
870 1179 970 1247 τὴν
998 1177 1151 1256 ἁγίαν
1180 1185 1273 1233 τοῦ
1304 1182 1530 1257 Χριστοῦ
1559 1178 1648 1233 καὶ
1673 1176 1950 1256 ζωηφόρον
1983 1173 1998 1198 ⁷
2004 1174 2137 1231 Ανά-

1163 1288 1370 1327 στασιν.
1412 1289 1436 1323 ll

482 1353 643 1422 1230
693 1427 715 1437 υ
762 1357 985 1431 Σκόπει,
1034 1355 1222 1413 σκόπει
1251 1357 1314 1412 τὸ
1339 1358 1514 1429 θαῦμα
1541 1365 1637 1414 τοῦ
1664 1353 2020 1429 θεταμμένου,

692 1429 774 1509 τες
804 1429 991 1502 θεατόν
1032 1445 1165 1525 ἐστι,
1201 1444 1321 1523 πρὶν
1350 1441 1696 1524 παραδράμῃ.

684 1536 774 1605 Μή
820 1555 934 1600 πως
979 1535 1210 1610 ἀπιστῇς
1239 1531 1454 1613 ὕστερον
1496 1530 1834 1608 λαλουμένῳ,

692 1622 871 1681 Θέλων
899 1624 1224 1705 προσάπτειν
1249 1636 1366 1688 τοῖς
1410 1623 1541 1701 ὑπὲρ
1572 1623 1745 1702 φύσιν,
1792 1623 1966 1702 φύσιν.

687 1714 890 1786 Τοίνυν,
925 1714 1139 1788 μαθητὰ
1169 1717 1272 1770 τῶν
1304 1710 1638 1789 ἀπορρήτων,
1675 1710 1773 1791 ὅρα

492 1800 648 1865 1235
695 1803 791 1861 Καὶ
833 1809 1006 1874 ζῶντα
1037 1803 1261 1881 Χριστὸν
1295 1801 1438 1865 αὖθις
1476 1821 1490 1834 ·
1526 1800 1647 1879 εὖγε
1676 1807 1769 1858 τοῦ
1793 1801 2019 1880 τάχους.

696 1881 787 1954 Ὦς
833 1889 951 1956 ὀξὺς
997 1892 1068 1956 εἰς
1112 1889 1317 1970 ἔγερσιν
1348 1892 1375 1946 6
1404 1889 1707 1969 ζωηφόρος,
2171 1929 2209 1977 Β

696 1980 872 2058 Τάφον
901 1992 1172 2036 καεοικεϊν
1203 1980 1383 2059 νεκρὸς
1418 1978 1512 2035 οὒκ
1541 1977 1851 2054 εἰθισμένος.

698 2069 992 2147 Τριήμενον
1021 2077 1167 2148 γοῦν,
1215 2071 1274 2126 οὔ
1304 2065 1607 2147 τριέσπερον
1636 2066 1871 2147 βλέπεις,

692 2155 801 2217 Κᾶν
841 2163 1081 2235 ζωοποιῇ
1116 2156 1504 2237 τετραημέρους
1548 2155 1749 2238 φίλους,

495 2246 658 2313 4240
701 2256 805 2307 Νῦν
830 2244 876 2303 δ’
908 2246 1193 2313 ἐξαναστὰς
1223 2247 1343 2310 τοὺς
1369 2247 1639 2327 γενάρχας
1668 2244 1844 2303 ἐλκύει

698 2337 856 2415 Χερσὶ
887 2349 1168 2417 κραταιατς
1197 2335 1258 2392 ἐκ
1288 2334 1531 2392 παλαιῶν
1562 2335 1882 2412 μνημάτων,

699 2432 915 2506 Πρῶτον
949 2424 994 2481 δ’
1025 2426 1239 2505 ἀνορθοτ
1267 2427 1329 2481 τὸ
1358 2426 1745 2505 προπεπτωκὸς
1773 2422 1939 2481 πάλαι
1975 2442 1989 2456 ’

694 2520 918 2574 Ἐπειτα
946 2516 1036 2572 τὸν
1066 2514 1307 2595 βρίθοντα
1349 2513 1498 2571 τόνδε
1526 2510 1849 2595 πρεσϐύτην,

698 2601 825 2661 Μεθ’
856 2607 931 2661 ὦν
957 2603 1165 2661 ἅπασαν
1197 2601 1439 2682 ἐξεγείρει
1469 2604 1569 2671 τὴν
1599 2603 1775 2685 φύσιν,

499 2690 660 2755 1245
706 2693 786 2773 ρι’
815 2694 880 2761 ἣν
907 2692 1173 2750 κατελθὼν
1206 2692 1368 2772 μέχρι
1399 2694 1619 2773 σαρκὸς,
1651 2693 1740 2748 καὶ
1764 2691 1952 2771 τάφου,

706 2765 863 2855 ᾍδην
893 2795 1057 2840 πατεῖ
1085 2765 1333 2860 τύραννδν
1365 2765 1825 2862 ἀνθρωποφθόρον,

707 2870 855 2940 Πλὴν
897 2873 972 2935 ὡς
1002 2871 1258 2951 ἀπαρχὴν
1288 2877 1381 2928 τοῦ
1410 2871 1591 2949 γένους
1620 2879 1713 2930 τοῦ
1753 2874 1846 2926 σοῦ
1876 2866 2037 2950 δέχου

506 3031 621 3094 erit
648 3039 989 3094 nostrarum
1050 3030 1315 3093 solamen
1374 3031 1789 3112 lacrymarum,
1844 3029 1895 3091 si
1944 3038 2005 3091 tu
2037 3030 2163 3111 ipse

506 3120 933 3184 lamentatione
962 3120 1141 3201 digna
1169 3119 1409 3201 patiaris
1437 3120 1469 3181 ?
1521 3139 1791 3202 quaenam
1821 3118 1938 3181 alia
1965 3137 2103 3199 spes
2133 3118 2164 3179 ?

508 3228 640 3293 quae
668 3210 880 3273 solatio
910 3211 936 3270 τ
965 3210 1314 3292 Responde.
1371 3211 1611 3273 Atvero
1643 3218 1700 3272 te
1733 3208 1947 3290 potius.
1983 3209 2161 3270 homo

506 3300 628 3382 pie,
664 3302 994 3383 oportetad
1014 3318 1278 3380 praesens
1300 3299 1547 3372 malum,
1589 3298 1729 3361 forti
1768 3299 1968 3361 animo
2003 3316 2158 3360 esse.

506 3390 654 3452 Aliis
686 3389 847 3452 enim
878 3388 1040 3452 aliud
1074 3389 1281 3451 salutis
1310 3389 1643 3451 remedium
1683 3406 1696 3450 :
1764 3406 1932 3450 meus
1961 3396 2162 3450 autem

507 3496 733 3542 maeror
761 3478 1009 3540 humani
1044 3478 1325 3540 mceroris
1357 3487 1447 3539 est
1476 3477 1715 3540 solutio.

508 3567 663 3634 VlIl.
712 3567 790 3631 In
826 3585 1078 3631 sacram
1117 3568 1544 3648 viviﬁcamque
1580 3566 1806 3630 Christi
1843 3564 2167 3629 Resurrec.

1216 3659 1463 3720 tionem.

589 3747 852 3823 Intuere,
871 3747 1107 3810 intuere
1130 3745 1345 3827 sepulti
1374 3745 1734 3827 prodigium,
1752 3744 1893 3806 dum
1908 3752 2171 3825 aspecta-

509 3837 632 3901 bile
660 3845 771 3913 est,
807 3836 1148 3918 priusquam
1180 3836 1507 3916 transierit,
1540 3855 1617 3897 ne
1647 3843 1853 3916 postea
1881 3833 2039 3894 dicto
2068 3851 2170 3894 re-

512 3944 661 3989 nuas
683 3944 1018 4001 assensum,
1041 3925 1247 3986 volens
1272 3925 1347 3986 iis
1370 3943 1502 4006 quae
1524 3933 1659 3985 sunt
1680 3942 1860 4004 supra
1874 3932 2172 3998 naturam,

513 4024 789 4078 naturam
818 4013 1839 4095 componere.Igitur,mysteriorum
1856 4012 2172 4093 discipule,

514 4104 649 4167 vide
699 4123 936 4185 quoque
988 4103 1286 4167 Christum
1347 4122 1560 4167 rursus
1615 4105 1929 4165 viventem.
1964 4101 2171 4181 Euge!

515 4192 885 4273 diligentiam
924 4191 938 4254 Ξ
982 4191 1167 4265 Quam
1200 4201 1508 4274 promptus
1541 4193 1614 4254 ad
1670 4190 2175 4254 resurrectionem

513 4289 720 4344 auctor
746 4280 900 4354 vita,
962 4281 1307 4361 sepulcrum
1363 4279 1700 4341 inhabitare
1757 4288 2026 4340 mortuus
2059 4298 2177 4340 non

517 4372 796 4436 assuevit.
830 4369 1201 4434 Triduanum
1229 4389 1392 4453 ergo,
1424 4389 1542 4432 non
1568 4368 1963 4432 trinoctialem
1987 4368 2173 4445 vides,

522 4461 577 4525 si
631 4461 873 4543 quidem
935 4461 1364 4542 quatriduanos
1423 4459 1674 4521 vivificat
1730 4459 1976 4521 amicos.
2008 4459 2177 4521 Nunc

519 4556 717 4612 autem
740 4548 1087 4630 suscitatus,
1119 4556 1567 4631 protoparentes
1587 4567 1655 4611 ex
1678 4547 1936 4628 antiquis
1962 4566 2179 4608 monu-

1703 412 2028 482 JOANNIS
2070 407 2639 485 EUCHAITENSIS

517 554 637 619 210
678 555 779 614 Καὶ
808 555 885 618 τίς
922 553 1116 631 βοηθὸς
1161 556 1267 609 τῶν
1296 549 1421 630 παρ’
1451 553 1606 627 ἡμῶν
1635 548 1891 627 δακρύων,
2157 572 2201 606 Α

3713 400 3876 465 1132

2424 546 2618 629 Ἀδὰμ,
2656 544 2816 604 Δαϐίδ
2844 569 2902 602 τε
2929 548 3018 603 καὶ
3062 547 3223 626 σοφὸν
3253 542 3568 618 Σολομῶνα,

2422 639 2523 701 Οὓς
2555 639 2588 705 ἡ
2623 638 2804 717 Γραφή
2837 659 2921 694 σοι
2951 643 3153 707 ζῶντας
3179 632 3280 690 ὦδε
3323 630 3563 708 δεικνύει,

2222 726 2377 789 1250
2424 717 2514 791 Ὠς
2560 726 2651 783 τοῦ
2675 724 2907 789 διδόντος
2935 727 3034 793 τὴν
3066 724 3270 803 ἔγερσιν
3298 721 3562 801 Πατέρας.

2418 817 2581 879 Αὐτὸς
2615 815 2709 892 μὲν
2740 816 2828 872 οὖν
2857 816 2977 878 τοὺς
3009 812 3196 893 ἄνδρας
3228 813 3286 870 ἐκ
3314 817 3511 890 νεκρῶν
3541 808 3721 888 ἔχεις,

2423 903 2561 961 Εὗαν
2591 916 2843 983 γυναῖκες
2873 906 2974 971 τὴν
3015 904 3264 961 ἁπάντων
3295 900 3525 980 μητέρα.

2425 996 2579 1052 Οὗτοι
2603 992 2657 1050 δὲ
2688 993 3095 1074 τυφλοῦσθωσαν
3125 993 3185 1050 ἐκ
3213 991 3375 1073 φόϐου
3403 991 3536 1052 τέως

2421 1084 2645 1162 Φρουροὶ
2675 1084 2913 1158 μάταιοι,
2948 1081 3232 1163 δυστυχεῖς
3260 1080 3540 1161 ὑπηρέται.

2228 1171 2381 1236 1255
2426 1170 2616 1230 Βάλλει
2648 1173 2749 1251 γὰρ
2779 1174 2966 1236 αὐτοὺς
2998 1173 3296 1253 ἀστραπαῖς
3321 1175 3349 1229 6
3382 1169 3687 1240 Δεσπότης,

2430 1254 2519 1325 ἐὶς
2552 1262 2628 1337 μὴ
2657 1265 2819 1338 θεαθῇ
2849 1260 3113 1319 δυσσεϐῶν
3142 1261 3261 1338 ὄψει
3292 1260 3475 1319 πάλιν.

2432 1352 2506 1407 Σὺ
2539 1348 2585 1405 δ’
2618 1350 2854 1417 ἀξιωθεὶς
2886 1353 2959 1407 ὧν
2992 1354 3116 1430 ὁρᾷς
3146 1352 3445 1428 θεαμάτων,

2432 1439 2819 1519 Ἐπικρότησον
2856 1457 2868 1470 '
2904 1443 3003 1509 σὴν
3034 1441 3330 1499 ἀνάπλασιν
3360 1439 3597 1518 βλέπεις.

2434 1532 2533 1589 Καὶ
2563 1542 2753 1612 χαῖρε,
2787 1544 2977 1611 χαῖρε,
3012 1533 3201 1612 πάσχα
3232 1537 3389 1588 τοῦτο
3421 1531 3632 1608 Κυρίου.

2638 1611 2722 1683 ϐ’.
2762 1646 2791 1677 α
2820 1624 2908 1687 Εἰς
2940 1623 3041 1690 τὴν
3071 1611 3408 1702 ψηλάφησιν.
3452 1642 3481 1681 ι

2514 1712 2765 1791 Χριστὸς,
2800 1714 3056 1792 μαθηταὶ,
3090 1711 3313 1782 Χριστός
3345 1711 3455 1768 ἐστι
3483 1710 3572 1768 καὶ
3596 1706 3779 1767 πάλιν,

2436 1807 2717 1880 Θαρσεῖτε,
2747 1801 2824 1876 μὴ
2855 1800 3129 1858 κλονεῖσθε
3158 1806 3229 1877 τῇ
3253 1799 3374 1877 ξένῃ
3397 1799 3510 1873 θέᾳ,

2434 1887 2581 1956 Μηδὲ
2614 1889 2671 1938 14
2696 1894 2943 1948 πτοεῖσθε
2970 1891 3049 1967 (8)
3078 1891 3170 1955 τὰς
3202 1887 3427 1959 ἀδήλους
3462 1885 3693 1949 εἰσόδους
3731 1902 3741 1917 ·

2433 1976 2609 2042 Οὐδεὶς
2647 1980 2747 2060 γὰρ
2767 1981 2903 2055 ὑμᾶς
2936 1978 3125 2055 ὄψεται
3155 1978 3552 2059 κεκρυμμένους
3592 1997 3605 2010 ⁸

2434 2065 2607 2142 Ἀλλ’,
2642 2068 2799 2133 αὐτὸς
2832 2070 3130 2149 ἀκράτητον
3164 2068 3396 2149 εἰληφὼς
3429 2068 3604 2147 φύσιν,

2517 2157 2587 2215 0n
2699 2156 2723 2177 ιν
2748 2158 2768 2190 λ
2967 2161 2981 2181 ς
3060 2159 3073 2179 ο
3475 2157 3485 2175 ι

2560 2180 2668 2215 υτω
2694 2156 2868 2239 διεδρα
2895 2182 2984 2217 και
3013 2182 3174 2239 ταφον
3205 2157 3604 2234 κεκλεισμενον,

2438 2244 2612 2327 ³Αλλ’,
2646 2247 2692 2304 ὢ
2720 2248 2770 2303 τί
2820 2258 2975 2308 τοῦτο
3009 2247 3065 2299 15
3095 2267 3111 2328 ;
3162 2259 3249 2308 νῦν
3299 2249 3400 2327 γὰρ
3441 2246 3620 2322 ὥσπερ
3649 2242 3900 2319 ᾐσθόμην

2435 2336 2553 2416 Οὐχ
2583 2338 2733 2402 οὗτος
2764 2340 2792 2394 6
2820 2340 2939 2417 πρὶν
2970 2337 3221 2415 εὔστομος
3252 2336 3559 2415 δημηγόρος
3593 2353 3610 2413 ;

2438 2429 2569 2505 Οἶον
2598 2427 2745 2485 κάτω
2774 2427 3009 2485 νένευκεν
3033 2426 3477 2505 ἐκπεπληγμένος
3511 2445 3527 2505 ;

2444 2503 2510 2570 Ἠ
2540 2516 2661 2594 χεὶρ
2691 2513 2747 2572 δὲ
2776 2523 2964 2597 ναρκᾷ,
2995 2519 3083 2575 καὶ
3113 2516 3172 2567 16
3197 2503 3494 2597 παρειμένη
3514 2503 3725 2593 -τρέμει,

2247 2600 2403 2665 12Ἶο
2449 2601 2682 2683 Πλευρὰν
2713 2603 3006 2684 φλέγουσαν
3036 2606 3290 2687 ψηλαφᾷν
3321 2603 3644 2686 ὡρμημένη.

2440 2694 2664 2776 Χριστὸν
2698 2693 3002 2774 προδήλως,
3047 2698 3093 2753 ὦ
3122 2695 3515 2776 φιλοπράγμον,
3547 2691 3789 2769 βλέπεις,

2445 2775 2536 2848 ’δὶς
2566 2784 2601 2850 ἡ
2633 2794 2869 2863 παροῦσα
2899 2775 3156 2865 μαρτυρεῒ
3189 2807 3271 2843 σοι
3293 2775 3488 2846 δειλία.

2445 2881 2544 2931 Νῦν
2575 2872 2664 2929 οὖν
2693 2872 2939 2949 πέπεισο,
2970 2876 3058 2931 καὶ
3096 2873 3267 2933 λιπὼν
3296 2875 3419 2937 τοὺς
3450 2873 3570 2952 πρὶν
3599 2869 3791 2949 λόγους

2233 1712 2260 1773 1
2273 1708 2392 1775 260

2238 2156 2393 2220 1265

2245 3042 2310 3095 ut
2337 3031 2631 3114 primitias
2652 3034 2892 3114 generis
2921 3036 3002 3096 tui
3050 3036 3258 3116 recipe
3301 3033 3519 3113 Adam,
3573 3039 3631 3095 et
3690 3028 3902 3109 David,

2181 3123 2700 3219 Csapientemque
2758 3121 3164 3219 S_a|omonem,
3228 3143 3377 3205 quos
3436 3121 3748 3204 Scriptura
3796 3118 3908 3219 tibi

2245 3211 2527 3288 viventes,
2544 3223 2609 3273 ut
2631 3212 2825 3274 dantis
2846 3213 3347 3276 resurrectionem
3375 3221 3593 3293 patres,
3618 3208 3899 3273 ostendit.

2245 3301 2378 3383 Ipse
2408 3320 2548 3380 ergo
2580 3304 2739 3364 vives
2761 3322 2831 3364 ex
2853 3305 3105 3365 mortuis
3148 3302 3355 3378 habes,
3404 3303 3587 3365 Evam
3623 3299 3907 3362 mulieres

2246 3391 2516 3452 omnium
2549 3399 2820 3455 matrem.
2872 3392 2967 3454 Illi
3006 3412 3143 3455 vero
3194 3393 3424 3454 interea
3455 3391 3671 3452 timore
3703 3387 3907 3451 caecati

2245 3487 2383 3541 sunt
2407 3480 2542 3541 vani
2564 3482 2867 3562 custodes,
2890 3482 3090 3544 miseri
3116 3484 3306 3554 servi;
3333 3478 3778 3562 percellitenim
3803 3496 3908 3539 eos

2250 3568 2584 3650 fulguribus
2616 3572 2926 3639 Dominus.
2966 3591 3041 3634 ne
3058 3572 3344 3652 deinceps
3370 3570 3691 3651 impiorum
3714 3567 3915 3629 videa-

2255 3667 2349 3720 tur
2369 3660 2581 3723 oculis.
2610 3659 2699 3721 Tn
2730 3679 2869 3723 vero
2900 3661 3177 3741 dignatus
3207 3660 3549 3741 spectaculo
3582 3658 3738 3739 quod
3769 3675 3910 3719 cer-

2254 3748 2347 3810 nis
2379 3749 2642 3829 plaude:
2704 3760 2860 3812 tuam
2922 3751 3442 3831 regenerationem
3496 3748 3684 3811 vides.
3741 3746 3914 3812 Salve

2258 3831 2517 3921 quoque,
2553 3840 2732 3914 salve,
2769 3842 2989 3922 pascha
3016 3840 3279 3904 Domini.

2682 3967 2781 4032 IX.
2814 3969 2886 4032 In
2920 3969 3479 4033 Contrectationem.

2339 4097 2633 4175 Christus,
2650 4098 2950 4181 discipuli,
2970 4100 3240 4163 Christus
3258 4100 3576 4163 estdenuo.
3593 4098 3919 4176 Confidite,

2260 4206 2338 4250 ne
2359 4207 2508 4251 vana
2529 4188 2756 4250 visione
2778 4190 3216 4252 conturbemini
3244 4211 3258 4263 ;
3290 4209 3409 4252 non
3432 4188 3761 4251 invisibiles
3785 4189 3921 4250 adi-

2261 4284 2353 4338 tus
2375 4277 2629 4356 cogitate
2654 4285 2962 4358 stupentes
2989 4299 3003 4342 :
3032 4297 3207 4341 nemo
3227 4278 3386 4340 enim
3415 4297 3520 4340 vos
3535 4277 3922 4340 absconditos

2260 4365 2695 4431 cernit.Verum
2710 4367 2837 4449 ipse
2850 4367 3365 4450 incorruptibilem
3383 4369 3626 4430 indutus
3641 4375 3913 4429 naturam

2261 4455 2343 4518 ita
2394 4457 2734 4536 sepulcrum
2796 4458 3256 4520 circumclusum
3318 4458 3543 4538 eﬂ‘ugit.
3607 4459 3723 4522 Sed
3777 4457 3923 4538 quid

2263 4546 2420 4607 istud
2454 4546 2485 4605 ‘?
2539 4545 2708 4609 Nunc
2739 4549 2920 4622 enim,
2956 4558 3022 4610 ut
3079 4550 3371 4625 novimus,
3407 4568 3525 4610 non
3560 4557 3652 4610 est
3681 4549 3796 4610 iste
3821 4547 3932 4628 qui

521 4640 744 4702 mentis
760 4657 940 4700 manu
962 4638 1096 4700 forti
1121 4639 1304 4703 elicit.
1334 4638 1597 4701 Primum
1622 4656 1761 4699 vero
1779 4636 2178 4717 relevatquod
2203 4659 2245 4709 ι)
2266 4636 2431 4717 prius
2463 4655 2565 4698 ore
2620 4638 2782 4699 suavi
2829 4638 3181 4718 loquebatur
3212 4638 3242 4698 ?
3298 4638 3607 4711 Quomodo
3639 4636 3922 4699 deorsum

524 4732 665 4795 olim
688 4733 1024 4814 prolapsum
1039 4733 1251 4805 fuerat;
1285 4732 1505 4796 deinde
1520 4734 1802 4793 miserum
1816 4730 1974 4791 hunc
1987 4728 2178 4791 senio-

521 4839 651 4885 rem
680 4840 696 4898 ;
722 4830 1051 4903 posteaque
1074 4832 1254 4884 totam
1291 4822 1538 4885 suscitat
1567 4829 1859 4891 naturam,
1897 4818 1972 4879 ob
2005 4838 2183 4898 quam

526 4930 661 4974 cum
692 4911 765 4974 ad
799 4929 1041 4973 carnem
1100 4921 1158 4973 et
1208 4912 1505 4975 tumulum
1558 4929 1745 4991 usque
1778 4908 2183 4989 descenderit,

528 5007 813 5078 mortem,
828 5000 1192 5064 homicidam
1218 5013 1526 5082 tyrannum
1545 4999 1869 5082 proculcat.
1895 4996 2182 5060 Caeterum

609 5161 669 5215 4'5
697 5161 788 5226 ἵσ,
820 5164 1043 5227 πάθους.
1133 5162 1194 5212 14
1221 5184 1306 5243 γρ.
1342 5166 1581 5221 ποιεῖσθε
1610 5163 1703 5225 τὰς
1735 5159 1995 5238 ἁδήμους.

2268 4725 2589 4787 inclinatur
2615 4726 2967 4807 perculsus?
2997 4732 3205 4791 Manus
3236 4737 3432 4789 autem
3468 4736 3683 4807 torpet,
3704 4724 3933 4807 langui-

2266 4815 2457 4896 daque
2479 4818 2699 4891 tremit,
2727 4837 2862 4879 cum
2884 4817 3174 4896 fulgidum
3194 4819 3599 4897 latustangere
3614 4822 3927 4897 properat.

2269 4906 2566 4969 Christum
2588 4907 3405 4988 manifestecuriose,cernis,
3450 4916 3513 4968 ut
3537 4906 3643 4968 tibi
3675 4913 3934 4967 testatur

2269 5014 2538 5079 praesens
2568 4997 2912 5080 trepidatio.
2948 4996 3117 5060 Nunc
3166 5015 3304 5075 ergo
3337 4996 3541 5078 crede,
3576 4995 3929 5077 prioresque

2082 5159 2142 5210 15
2168 5159 2251 5222 ῗσ,
2286 5170 2402 5218 νοῦν
2433 5161 2532 5238 γὰρ
2559 5161 2618 5216 οὐ
2652 5160 3033 5240 παρεσχόμην.
3118 5156 3177 5209 16
3204 5182 3288 5239 γρ,
3320 5158 3634 5238 παρειμένα.

1906 5288 2167 5355 Matthaei
2202 5287 2362 5351 Busti
2392 5298 2568 5353 notae.

616 5430 690 5512 (7)
732 5456 757 5485 α
792 5409 1005 5512 "mm
1037 5433 1137 5512 γὰρ
1167 5431 1323 5497 ἄλλο.
1356 5461 1383 5493 »
1416 5434 1667 5498 Versum
1689 5428 1809 5493 216
1839 5436 1898 5490 et
1926 5426 2194 5512 reliquos

535 5510 640 5591 qui
674 5510 837 5573 hunc
866 5510 929 5573 in
962 5507 1169 5574 codice
1200 5533 1333 5578 meo
1390 5514 1732 5578 immediate
1762 5507 2191 5591 sequebantur,

543 5586 743 5672 quaere
775 5611 943 5655 num.
977 5592 1078 5667 83,
1230 5599 1435 5679 χαίρων
1461 5597 1678 5679 ὀνείροις
1704 5595 1793 5650 καὶ
1813 5586 2197 5679 σκιαῖς-,ΙΝΘΓ

543 5669 693 5752 quos
728 5680 947 5751 tamen,
981 5683 1046 5735 ut
1096 5669 1285 5751 vides,
1332 5669 1513 5739 'nulla
1560 5669 1885 5735 intercedit
1913 5669 2191 5752 afﬁnitas,

543 5751 1032 5840 nullaconnexjo.
1059 5752 1295 5840 Idemin
1313 5767 1579 5840 Sequent'
1594 5753 1704 5815 bus
1724 5751 2197 5840 animadvertere.

541 5836 791 5915 poteris,
823 5851 899 5915 ne
929 5834 1149 5897 frustra
1176 5830 1417 5900 eadem.
1439 5840 1661 5902 iterare
1690 5842 1866 5915 atque
1895 5830 2199 5915 inculcare

543 5909 769 5992 cogar:
828 5912 912 5973 ita
963 5931 1130 5989 vero,
1180 5924 1311 5979 uta
1343 5937 1440 5980 me
1471 5909 1823 5996 digerunttir
1850 5909 2200 5973 belliissime

2280 5425 2626 5507 conspirant
2652 5425 2880 5507 omnia,
2909 5435 2968 5488 et
2994 5426 3277 5507 festorum
3313 5424 3460 5487 ordo
3492 5427 3592 5507 qui
3622 5425 3685 5487 in
3717 5444 3931 5488 manu-

2279 5506 2501 5647 fertipto
2552 5506 2880 5569 foedissime
2934 5506 3324 5569 conturbatus
3383 5506 3529 5583 erat,
3591 5507 3688 5569 hic
3752 5508 3931 5569 resti-

2305 5606 2362 5647 ιιι
2395 5605 2485 5647 ur.

2281 5596 2485 5649 tuttur.

2283 5746 2293 5758 δ
2352 5670 2496 5759 ,(8)οα
2524 5666 2671 5735 Μηδὲ
2693 5674 2966 5759 πτοεῖσθε.
2991 5693 3018 5725 ι)
3041 5668 3324 5759 Intelligit
3340 5667 3696 5759 stupendum
3716 5668 3935 5759 Christi

2279 5748 2618 5839 introitum,
2654 5748 2804 5811 ostio
2838 5751 3060 5839 clauso.
3123 5752 3211 5813 Ita
3254 5748 3451 5812 enim'
3481 5758 3536 5811 et
3566 5768 3779 5812 sensus
3820 5750 3941 5813 erit

2282 5831 2562 5909 optimus,
2597 5840 2658 5891 et
2692 5848 2895 5894 versus
2924 5831 3180 5914 integer.
