4144 6374
326 415 469 483 1141

523 534 618 603 Ὧν
643 547 702 604 03
731 549 970 627 μαραίνει
1015 549 1112 616 τὴν
1156 548 1329 617 καλὴν
1375 549 1515 628 ὥραν
1548 549 1767 630 χρόνος,

523 633 641 693 033'
674 634 830 702 ἄλλος
859 634 1021 700 οὐδεὶς
1051 638 1147 705 τὴν
1182 639 1339 718 χάριν
1365 640 1558 719 φθείρει
1601 639 1797 717 τρόπος
1834 658 1847 674 ο

526 722 673 782 Ἀλλ’
705 727 866 783 εἰσαεὶ
893 724 1072 783 θάλλει
1116 749 1172 783 τε
1215 729 1302 783 καὶ
1331 726 1533 803 λάμπει
1563 726 1724 784 πλέον

326 824 482 888 1065
527 832 643 884 Τῶν
674 824 788 906 ἇρτι
818 827 1031 908 φαιδρὸν
1060 827 1443 908 ἐξανισχόντων
1473 828 1661 908 ῥόδων.

524 915 764 972 Ἐκεῖθεν
796 915 1113 997 ἐθρέφθησαν
1144 920 1280 992 ἡμῖν
1313 920 1400 975 καὶ
1429 917 1576 994 τάδε,

519 1014 649 1069 Τοῖς
694 1013 781 1061 νῦν
810 1019 1052 1085 γεοργεῖν
1084 1006 1240 1062 αὖτὸν
1269 1007 1609 1082 ἠξιωμένοις.

519 1090 755 1150 Ἐκεῖθεν
789 1097 939 1160 οὗτος
966 1097 994 1150 ὁ
1024 1094 1278 1174 στέφανος
1313 1095 1546 1164 ἐπλάκη,

518 1184 625 1239 Οὐκ
668 1180 822 1247 ἀξίως
868 1184 965 1258 μὲν
1014 1180 1123 1262 (καὶ
1166 1185 1266 1263 γὰρ
1296 1188 1354 1244 οὗ
1389 1183 1483 1265 [δὲ]
1518 1192 1623 1242 πᾶν
1652 1185 1768 1243 τόδε

318 1285 476 1347 4070
521 1282 768 1351 Ἐπάξιόν
813 1286 936 1363 σου)
975 1281 1069 1343 τοῦ
1094 1287 1254 1346 πόθου
1283 1285 1329 1344 δ’
1360 1276 1606 1364 ἐπαξίως,

534 1383 605 1438 Ος
633 1381 808 1431 πᾶσαν
838 1373 1130 1454 εἰσένεγκεν
1158 1378 1313 1456 ἰσχὺν
1347 1376 1543 1449 ἐνθάδε,

516 1468 613 1527 Οἷς
661 1465 812 1545 εἶχε,
860 1470 1016 1539 τιμᾷν
1050 1465 1147 1532 τὴν
1193 1465 1480 1545 ὑπὲρτιμον
1508 1467 1696 1531 θέλων.

517 1554 589 1609 Σὺ
619 1551 674 1610 δὲ
702 1556 834 1633 πρὸς
867 1554 1020 1611 αὐτὸν
1065 1555 1277 1630 εὐμενὲς
1308 1554 1549 1633 βλέψασα
1580 1582 1694 1634 μοι.

519 1642 692 1723 Δέχου
723 1641 847 1723 παρ’
880 1646 1035 1719 ἡμῶν
1079 1646 1153 1709 ὡς
1183 1644 1388 1722 βασιλὶς
1420 1648 1518 1722 μὲν
1551 1649 1763 1730 στέφος,

313 1743 470 1807 10Ἱό
515 1736 607 1809 Ὠς
640 1756 733 1805 τοῦ
763 1747 934 1824 Λόγου
962 1749 1129 1827 μήτερ
1151 1746 1229 1822 δὲ,
1262 1751 1323 1805 τὸ
1354 1752 1484 1829 πρὸς
1519 1756 1624 1806 τῶν
1654 1750 1856 1829 λόγων,

510 1841 620 1903 Τῆς
651 1833 898 1904 ὃουλικῆς
929 1858 983 1892 τε
1014 1839 1197 1917 χειρὸς
1230 1836 1659 1917 ἀντειλημμένη,

514 1922 700 2006 Εὕθυνε
744 1927 874 2005 πρὸς
905 1924 982 1994 σὲ,
1018 1927 1106 1981 καὶ
1136 1923 1272 1983 δίδου
1304 1926 1626 2006 παῤῥησίαν,

515 2004 606 2080 Ὦς
638 2012 697 2070 ἅν
728 2004 793 2070 σε
813 2013 1069 2093 λαμπρῶς
1099 2019 1144 2090 ᾧ
1167 2015 1309 2096 φέρει
1344 2004 1517 2094 στέψῃ
1541 2018 1745 2100 στέφει.

510 2105 567 2161 Εἰ
598 2100 643 2158 δ’
674 2104 761 2159 οὗν
792 2106 851 2160 τὸ
880 2102 1044 2182 δῶρον
1074 2101 1243 2170 δεξιᾶς
1274 2110 1373 2173 σῆς
1407 2104 1571 2181 ἄξιον,

314 2206 467 2267 1080
510 2207 652 2291 iriiri]
682 2204 746 2255 Ἡ
786 2207 1012 2274 σεαυτὴν
1046 2212 1321 2287 εὐπρεπῶς
1354 2210 1521 2282 τούτῳ
1552 2209 1732 2291 στέφε,

514 2276 572 2355 Ἠ
604 2295 807 2373 μᾶλλον
838 2296 1150 2375 εὐπρέπειαν
1182 2299 1314 2365 αὒτὴ
1346 2301 1422 2371 τῷ
1450 2297 1626 2379 στέφει

510 2387 897 2464 Προσψαύσεως
930 2387 1029 2452 σῆς
1060 2385 1337 2461 ἠξιωμὲνῳ
1376 2384 1534 2447 δίδου.

505 2467 673 2551 Ἦμᾶς
705 2473 760 2531 δὲ
802 2476 925 2539 τοὺς
957 2475 1136 2553 λόγοις
1180 2497 1237 2532 σε
1273 2482 1543 2552 τιμῶντας
1589 2478 1796 2558 μόνοις,

524 2575 712 2644 Εργοις
738 2566 799 2620 σὺ
828 2565 1040 2629 πάντως
1072 2565 1417 2641 ἀντιτίμησον
1463 2566 1648 2641 πλέον,

310 2670 460 2734 1085
502 2668 654 2743 Οῗκῳ
678 2690 738 2725 τε
765 2674 843 2742 τῷ
887 2674 964 2742 σῷ
995 2676 1360 2746 γνειτονοῦντας
1388 2667 1590 2728 ἐνθάδε.

507 2760 605 2838 Καὶ
632 2763 730 2825 τῆς
761 2758 876 2814 ἐκεῖ
905 2780 998 2815 σου
1030 2763 1224 2825 στῆσον
1255 2759 1411 2838 ἐγγὺς
1442 2761 1634 2837 οἰκίας,

500 2836 596 2906 ηΗν
644 2847 973 2928 ἀμφέπουσιν
1018 2851 1064 2905 οἱ
1110 2850 1263 2928 χοροὶ
1290 2850 1395 2905 τῶν
1426 2849 1696 2931 ἀγγέλων,

501 2924 600 2995 ηΗν
630 2944 974 3016 προσκυνοῦσι
1004 2942 1148 2993 πᾶσα
1176 2934 1317 3002 τάξις
1346 2943 1452 2992 τῶν
1497 2936 1607 2993 ἄνω

500 3031 705 3095 Ταύτην
736 3024 965 3103 ἀμοιϐὴν
996 3034 1087 3083 τοῦ
1130 3027 1292 3082 πόθου
1322 3029 1411 3083 καὶ
1452 3034 1545 3084 τοῦ
1588 3026 1751 3106 λόγου

300 3139 458 3204 1090
502 3137 766 3214 Λάὸοιμεν
798 3138 857 3194 ἐκ
888 3146 1002 3211 σοῦ,
1036 3140 1124 3193 καὶ
1161 3140 1228 3194 τὸ
1258 3142 1355 3205 τῆς
1400 3135 1554 3205 δόξης
1586 3138 1773 3219 στέφος
1810 3160 1825 3173 σ

502 3227 608 3288 Κᾶν
633 3237 797 3288 ταῦτα
833 3234 1016 3304 μεῖζον
1047 3226 1083 3296 ἢ
1112 3225 1227 3284 καθ’
1260 3229 1404 3303 ἡμᾶς
1436 3225 1673 3288 ἐλπίσαι.

301 3403 499 3466 multis
529 3398 824 3481 variisque
847 3415 1234 3479 conspersum
1270 3397 1540 3476 ﬂoribus,
1576 3416 1831 3480 quorum
1866 3399 1955 3460 ni-

301 3502 494 3556 torem
529 3507 646 3553 non
681 3487 939 3550 absumit
968 3496 1204 3565 tempus
1233 3506 1346 3550 nec
1376 3487 1529 3549 alius
1572 3488 1801 3575 modus
1829 3508 1955 3568 gra-

1681 416 1976 483 VERSUS
2017 416 2338 480 IAMBICI.

3563 416 3718 485 1142

1994 556 2038 606 Α
2059 535 2185 608 ΚΖ’.
2226 570 2254 602 α
2302 548 2638 628 Πρόγραμμα
2681 553 2754 617 εἰς
2783 553 2876 608 τὸν
2904 554 3022 634 περὶ
3050 558 3156 611 τῶν
3185 552 3429 633 ἀγγέλων
3456 551 3645 632 λόγον.
3680 577 3710 612 ι

2343 637 2450 696 Κᾶν
2494 636 2625 696 ἄλλο
2669 647 2855 715 μεῖζον
2880 640 2941 693 93
2980 642 3230 723 εὐπόρουν
3280 664 3331 699 τι
3373 641 3711 724 προσφέρειν,

2267 716 2357 789 Ὠς
2388 729 2434 782 οἱ
2463 726 2670 807 ῥέοντες
2713 730 2808 792 τὰς
2839 716 3227 810 βαρυπλούτους
3257 716 3453 813 δόσεις,

2260 811 2588 896 ῗΕφεισάμην
2619 816 2681 873 ἂν
2710 816 2953 894 οὐδαμῶς
2987 821 3060 883 ὡς
3089 820 3265 896 τιμίου
3294 835 3309 849 ·

2059 902 2217 965 1095
2379 905 2552 995 τίμιον
2589 905 2795 995 μᾶλλον
2824 905 2880 964 δὲ
2905 910 2997 965 σὺν
3026 894 3287 988 προθυμίᾳ

2276 1001 2484 1072 Ηνεγκα
2527 994 2690 1074 δῶρον
2720 994 2784 1046 96
2813 996 3099 1077 προσφιλὲς
3128 1011 3245 1063 τοῖς
3288 998 3507 1077 τιμίοις,

2257 1080 2406 1139 Ἀλλ’
2450 1082 2655 1148 οὖδενὸς
2687 1086 2785 1161 μὲν
2831 1085 2996 1166 ἔσχον
3026 1084 3190 1143 ἄλλου
3232 1084 3501 1166 φροντίδα,

2255 1170 2431 1237 Οὒδεὶς
2462 1171 2507 1228 δ’
2542 1173 2736 1253 ἔτρωσε
2765 1174 2863 1243 τὴν
2896 1175 3033 1251 ἐμὴν
3076 1176 3262 1255 ψυχὴν
3296 1175 3425 1254 ’ἐρως

2256 1268 2371 1319 Τῶν
2398 1268 2502 1341 γῆν
2531 1265 2797 1343 ὁρώντων,
2832 1267 2921 1322 καὶ
2953 1270 3218 1341 μενόντων
3247 1262 3448 1340 ἐνθάδε,

2056 1345 2214 1412 1100
2257 1348 2404 1431 ῌλὴν
2446 1351 2480 1416 ἢ
2526 1352 2702 1427 μόνων
2730 1351 2907 1431 λόγων
2933 1374 2991 1409 τε
3020 1354 3109 1409 καὶ
3153 1352 3509 1428 μαθημάτων,

2346 1463 2435 1515 μοι
2466 1424 2690 1507 συν-ᾖξαν
2721 1444 2767 1498 οἱ
2793 1424 2982 1522 μακροὶ
3013 1424 3168 1518 μόλις
3196 1424 3372 1517 πόνοι,

2260 1520 2422 1605 ιΥμᾶς
2455 1532 2731 1609 συνεργοὺς
2764 1520 3158 1611 προσλαϐόντες
3189 1531 3447 1612 γνησίως,

2256 1616 2705 1699 Ἀρχιστράτηγοι
2737 1622 2841 1678 τῶν
2871 1620 3045 1677 ἄθλων
3073 1622 3360 1699 ταγμάτων
3394 1636 3410 1653 ⁶

2275 1711 2403 1765 Οθεν
2433 1710 2614 1773 στενὸς
2642 1709 2741 1784 μέν
2770 1711 2877 1786 εἰμι
2910 1707 3103 1790 τᾶλλα,
3136 1712 3225 1768 καὶ
3254 1711 3422 1778 πένης
3459 1728 3476 1745 ⁸

1992 1784 2212 1858 Β1105
2252 1802 2360 1879 ’ξ’-ἦς
2404 1794 2475 1852 δι’
2514 1798 2603 1854 οὖν
2632 1784 2929 1879 προσοόνης
2961 1784 3201 1870 κτήσεώς
3233 1821 3325 1875 μοι
3356 1799 3567 1878 μετρίαν

1972 3234 2011 3283 C

2256 1871 2464 1945 τἘλειτθε
2496 1871 2713 1968 μοῖραν,
2746 1889 2792 1945 ὦ
2822 1895 2952 1945 Θεοῦ
2981 1871 3340 1967 παραστάται,

2252 1978 2349 2034 Καὶ
2379 1976 2477 2043 τὴν
2510 1977 2668 2055 χάριν
2699 1974 2919 2058 δέχεσθε
2960 1979 3060 2044 τῆς
3089 1978 3388 2057 συνεργίας.

2248 2065 2416 2142 Λόγος
2460 2066 2559 2144 γὰρ
2588 2067 2715 2141 ὑμῖν
2747 2069 2895 2131 οὗτος
2925 2066 3039 2124 ἀντὶ
3081 2067 3188 2125 τῶν
3217 2066 3417 2145 λόγων,

2254 2150 2348 2236 ξΕκ
2377 2155 2608 2231 γείτονος
2638 2152 2860 2234 δώρημα
2893 2156 3272 2236 μετριωτάτου,

2052 2239 2206 2303 1110
2246 2225 2339 2305 "0.;
2370 2225 2458 2298 καὶ
2486 2244 2576 2298 τὸν
2604 2225 2751 2317 ὑμῶν
2782 2244 2936 2300 οἶκον
2967 2225 3027 2300 ἐκ
3057 2250 3148 2301 τοῦ
3192 2225 3423 2312 πλησίον

2250 2329 2543 2414 ξίάλλιστον
2572 2330 2877 2412 ἐντρόφημα
2904 2329 3254 2411 προσϐλέπειν
3297 2331 3468 2414 ἔχων,

2251 2409 2417 2495 ’Υμᾶς
2450 2419 2516 2476 δι’
2549 2423 2704 2477 αὐτοῦ
2729 2423 2851 2487 τοὺς
2881 2423 3012 2501 ὑπὲρ
3040 2423 3238 2490 θνητὴν
3268 2421 3388 2479 θέαν

2248 2519 2412 2566 Δοκεῖ
2440 2514 2680 2589 θεωρεῖν,
2715 2508 3149 2590 ἀστραπηϐόλους
3188 2509 3366 2588 ὅλους,

2248 2600 2557 2662 Δεικνύντας
2589 2601 2661 2663 εἰς
2692 2599 2968 2679 γνώρισμα
2996 2605 3096 2667 τῆς
3127 2600 3439 2681 παρουσίας,

2053 2692 2068 2747 Ι
2091 2692 2108 2747 1
2134 2689 2206 2751 15
2242 2692 2435 2770 ,φωτὸς
2466 2692 2531 2746 τὰ
2557 2689 2737 2763 κύκλῳ
2764 2691 2938 2749 πάντα
2961 2689 3362 2770 πεπληρωμένα
3397 2709 3413 2726 ’

2242 2763 2304 2836 "0
2333 2782 2422 2837 καὶ
2464 2781 2594 2859 πρὸς
2624 2780 2770 2855 ἡμᾶς
2801 2779 2920 2842 τοὺς
2951 2779 3188 2845 ἀναξίους
3231 2781 3430 2860 φθάσαν

2242 2870 2330 2931 Εἰς
2361 2878 2546 2928 τοῦτον
2579 2866 2832 2946 ὡδήγησε
2861 2870 2951 2925 τὸν
2980 2870 3188 2950 βραχὺν
3216 2868 3404 2949 λόγον.

2243 2956 2391 3015 Ἀλλ’
2422 2960 2537 3015 ἀντὶ
2564 2965 2657 3015 τοῦ
2686 2957 2894 3035 ῥέοντος
2925 2959 2997 3023 εἷς
3030 2958 3187 3039 αὔρας
3218 2957 3403 3041 λόγου,

2236 3055 2323 3123 Τῷ
2355 3055 2509 3120 ζῶντι
2539 3049 2627 3105 καὶ
2659 3048 2871 3122 μένοντι
2905 3047 3217 3118 συστήσοιτέ
3247 3046 3308 3097 ΞΊ
3339 3071 3431 3126 με,

2042 3136 2340 3216 1120,”Καὶ
2372 3139 2472 3205 τὴν
2514 3136 2628 3197 καθ’
2659 3135 2719 3185 28
2758 3138 2893 3213 ὑμᾶς
2925 3135 3076 3203 δόξαν
3107 3137 3220 3195 ἀντὶ
3248 3144 3343 3206 τῆς
3378 3140 3526 3200 κάτω

2240 3226 2488 3284 Ποθοῦντι
2518 3225 2723 3303 μᾶλλον
2752 3230 2850 3290 τὴν
2875 3224 2984 3284 ἄνω
3027 3224 3244 3293 δείξοιτέ
3274 3251 3367 3304 μοι

2081 3395 2313 3460 XXVII.
2346 3397 2762 3480 Programma
2794 3399 2876 3461 ad
2904 3416 3245 3462 sermonem
3274 3399 3353 3462 de
3381 3401 3659 3483 Angelis.

2120 3484 2181 3549 Si
2219 3487 2411 3568 majus
2441 3486 2601 3548 aliud
2634 3488 2777 3568 quid
2806 3487 3091 3551 haberem
3127 3488 3499 3551 oﬂ'erendum
3532 3490 3701 3554 vobis

302 3582 438 3644 tiam
468 3580 647 3643 fadat
678 3600 694 3653 ;
731 3595 972 3657 semper
997 3585 1194 3639 autem
1223 3577 1514 3650 ﬂorescit,
1546 3586 1603 3639 et
1640 3574 1950 3659 plusquam
2037 3574 2136 3655 qui
2160 3575 2361 3639 divitia
2383 3575 2629 3637 funditis
2650 3594 2922 3652 munera,
2954 3576 3091 3638 huic
3116 3584 3397 3658 tanquam
3433 3578 3697 3659 pretioso

301 3690 449 3733 rosa
480 3670 655 3731 modo
687 3666 917 3746 fulgore
949 3673 1297 3743 prastantes
1328 3664 1582 3727 nitescit.
1609 3665 1758 3728 Hinc
1781 3665 1954 3727 nobis

299 3760 444 3823 illud
479 3758 675 3820 solere
699 3755 960 3836 dignatis
991 3756 1115 3816 hac
1146 3756 1395 3816 collecta
1426 3764 1563 3817 sunt
1597 3774 1611 3819 :
1671 3756 1813 3817 hinc
1843 3755 1956 3817 ista

292 3867 515 3911 corona
547 3865 695 3908 nexa
724 3853 834 3907 est.
871 3842 1000 3905 Non
1033 3843 1283 3925 quidem
1315 3845 1491 3924 digne
1521 3847 1668 3925 (non
1692 3844 1851 3904 enim
1874 3852 1931 3905 to

298 3949 419 4002 tum
453 3937 536 3999 ibi
564 3945 621 3999 te
652 3936 897 4016 dignum
931 3936 1066 4011 est),
1089 3934 1190 3995 sed
1215 3953 1283 3995 ex
1317 3934 1543 3997 amoris
1575 3935 1955 4017 proportione

298 4029 400 4116 qui
433 4036 707 4090 cunctam
742 4025 838 4088 hic
879 4024 1410 4116 attulit_virtutem,
1453 4043 1583 4116 eam
1617 4043 1747 4116 qu_ae
1778 4042 1955 4104 supra

295 4113 534 4181 laudem
567 4123 679 4189 est,
716 4133 821 4196 pro
852 4132 1049 4195 posse,
1084 4113 1379 4175 honorare
1406 4114 1627 4175 volens.
1666 4113 1754 4174 Tu
1786 4131 1946 4194 vero,

293 4208 352 4269 in
385 4226 521 4270 eum
550 4204 915 4267 benevolens
947 4210 1005 4265 et
1034 4202 1107 4264 ad
1171 4222 1267 4266 me
1324 4202 1682 4284 respiciens,
1711 4221 1744 4264 a
1780 4202 1951 4265 nobis

293 4298 464 4382 quasi
491 4297 715 4377 Regina
736 4314 1015 4358 coronam
1038 4294 1242 4376 accipe
1264 4305 1322 4357 et
1344 4295 1512 4377 quasi
1536 4293 1719 4359 Verbi
1741 4294 1945 4367 Mater,

288 4389 607 4452 verborum
644 4404 857 4447 munus
887 4386 1107 4466 proba;
1146 4385 1544 4465 servilemque
1574 4402 1814 4445 manum
1847 4402 1949 4444 as-

290 4501 561 4555 sumens,
590 4480 661 4543 ad
696 4488 751 4541 te
783 4480 973 4559 dirige
1000 4479 1271 4560 donaque
1294 4478 1595 4553 fiduciam,
1617 4485 1754 4538 utte
1773 4495 1949 4539 corn-

2038 3663 2286 3729 minime
2315 3684 2645 3747 parcerem.
2712 3664 2889 3728 Velut
2920 3665 3243 3746 pretiosum
3269 3675 3466 3728 autem
3501 3667 3694 3748 magis

2044 3771 2177 3814 cum
2209 3753 2424 3817 ardore
2457 3755 2839 3835 prolulissem
2891 3774 3105 3817 munus
3153 3774 3357 3817 carum
3391 3755 3693 3837 pretiosis.

2042 3840 2157 3905 Sed
2191 3843 2340 3905 nihil
2372 3844 2532 3905 aliud
2565 3842 2750 3905 habui
2781 3862 2962 3919 cura,
2998 3862 3109 3905 nec
3138 3844 3292 3906 alius
3322 3863 3532 3907 eorum
3564 3863 3699 3927 qua

2041 3944 2258 3994 terram
2293 3933 2853 4016 respiciunthicque
2870 3943 3201 4017 morantur,
3221 3934 3479 3997 animam
3503 3953 3698 3999 meam

2038 4021 2349 4104 occupavit
2380 4040 2567 4095 amor,
2602 4033 2996 4104 praterquam
3028 4041 3377 4087 sermonum
3410 4024 3696 4087 scientia-

2037 4129 2314 4193 rumque,
2375 4132 2520 4194 quas
2568 4113 2715 4174 mihi
2770 4130 2926 4193 agre
2982 4123 3479 4195 comparaverunt
3529 4113 3694 4194 longi

2038 4200 2298 4283 labores,
2330 4221 2434 4264 vos
2463 4200 2755 4266 habentes
2787 4213 2995 4285 aperte
3024 4212 3469 4285 cooperatores,
3506 4203 3694 4269 cale-

2040 4290 2218 4352 stium
2252 4291 2439 4353 duces
2470 4296 2863 4357 exercituum.
2894 4291 3064 4357 Unde
3096 4312 3225 4356 sum
3253 4293 3330 4356 de
3358 4293 3589 4357 cateris
3611 4305 3696 4360 te-

2031 4382 2165 4440 nuis
2195 4398 2264 4442 ac
2294 4399 2515 4461 pauper
2546 4402 2561 4457 ;
2596 4383 2769 4462 hujus
2803 4390 2998 4444 autem
3034 4383 3251 4444 habita
3282 4383 3692 4464 possessionis

2025 4468 2247 4548 justam
2270 4470 2520 4550 accipite
2543 4481 2800 4551 partem,
2822 4472 2926 4534 Dei
2944 4471 3250 4543 satellites,
3268 4480 3445 4552 etpro
3465 4490 3691 4554 coope-

289 4593 363 4635 na
392 4590 567 4655 quam
623 4570 777 4651 gerit
806 4569 1121 4650 splendide
1151 4559 1421 4631 coronet.
1458 4569 1518 4631 Si
1553 4586 1693 4647 ergo
1726 4567 1947 4629 donum
2033 4559 2263 4620 talione
2296 4559 2509 4655 hilbgle
2569 4560 2849 4655 gratiam:
2906 4559 3018 4622 Hic
3074 4561 3237 4655 enim
3293 4578 3493 4623 Sermo
3522 4561 3692 4655 [Opis

286 4647 531 4726 dextera
562 4647 659 4722 tua
690 4647 933 4738 dignum
970 4668 1081 4739 est,
1143 4659 1273 4740 ipsa
1330 4657 1704 4738 temetipsam
1742 4675 1813 4718 eo
1844 4657 1946 4717 de-
1966 4656 2010 4704 D
2033 4665 2136 4740 pro
2167 4647 2547 4740 sermonibus
2577 4668 2610 4709 a
2640 4648 2835 4740 vicino
2869 4668 3084 4711 munus
3114 4649 3362 4711 oﬂ‘ertur
3397 4650 3691 4740 modicis-

293 4761 503 4817 center
531 4770 775 4829 corona,
806 4749 897 4810 vel
956 4749 1147 4829 potius
1206 4748 1332 4828 ipsa
1389 4765 1624 4809 corona
1670 4754 1766 4807 tua
1798 4764 1946 4806 con-

289 4840 646 4906 trectatione
674 4839 928 4919 dignata
958 4837 1295 4901 decentiam
1328 4844 1561 4916 prasta.
1595 4833 1717 4897 Nos
1751 4843 1946 4895 autem

290 4933 389 5014 qui
423 4940 480 4994 te
511 4929 656 4993 solis
716 4930 1081 4991 honoramus
1141 4926 1359 5009 verbis,
1407 4925 1689 5008 operibus
1743 4933 1802 4985 tu
1831 4943 1945 5014 po-

297 5013 413 5085 tius
466 5019 725 5083 vicissim
776 5019 1056 5093 honora;
1114 5016 1333 5098 quique
1391 5025 1549 5077 tuam
1606 5015 1703 5077 hic
1757 5013 1946 5077 adem

287 5114 766 5194 frequentamus,
802 5126 913 5169 nos
944 5106 1069 5168 illic
1100 5125 1283 5187 prope
1323 5116 1484 5169 tuam
1535 5105 1678 5166 siste
1712 5105 1943 5194 sedem,

289 5191 466 5278 quam
519 5198 895 5263 circumdant
939 5197 1286 5273 angelorum
1318 5194 1509 5270 chori,
1543 5213 1718 5276 quam
1752 5191 1946 5255 omnis

286 5290 620 5353 calestium
651 5287 796 5349 ordo
828 5293 1166 5349 veneratur.
1227 5283 1394 5348 Hanc
1454 5285 1677 5347 amoris
1708 5301 1943 5344 sermo-

288 5380 505 5460 nisque
533 5376 903 5448 mercedem,
938 5394 1057 5437 una
1104 5394 1237 5437 cum
1298 5375 1501 5456 gloria
1531 5392 1775 5445 corona,
1811 5371 1948 5433 licet

291 5470 419 5532 hac
453 5468 676 5548 majora
709 5466 823 5529 sint
864 5483 965 5547 pro
1001 5462 1173 5526 hobis
1204 5464 1522 5547 speranda,
1554 5470 1670 5527 ate
1698 5461 1943 5543 recipia-

293 5577 450 5619 mus.

2031 4734 2205 4809 simo,
2239 4735 2340 4816 qui
2387 4743 2641 4797 vestram
2701 4738 2948 4799 domum
3008 4755 3157 4816 opus
3217 4737 3624 4821 magniﬁcum,
3659 4758 3693 4803 e

2034 4822 2364 4905 propinquo
2386 4824 2866 4905 prospiciendam
2900 4826 3150 4901 habens,
3184 4825 3247 4887 in
3273 4845 3343 4889 ea
3380 4845 3483 4889 vos
3510 4845 3693 4910 supra

2033 4913 2339 4974 mortalem
2372 4914 2561 4975 visum
2591 4915 2839 4998 positos,
2874 4916 3089 4978 intueri
3125 4923 3288 4998 putat
3318 4916 3563 4978 omnino
3586 4936 3687 4980 ra-

2029 5002 2263 5066 diantes
2293 5011 2352 5065 et
2403 5003 2463 5066 in
2519 5005 2852 5085 prasentia
2883 5006 3144 5084 signum,
3181 5012 3394 5068 cuncta
3423 5004 3691 5069 circum-

2028 5092 2244 5155 stantia
2286 5092 2513 5156 lumine
2574 5095 2748 5175 plena
2804 5104 3241 5160 monstrantes.
3304 5095 3472 5169 Quod
3506 5095 3690 5160 etiam

2031 5202 2170 5263 erga
2200 5202 2307 5245 nos
2337 5184 2617 5263 indignos
2645 5186 2719 5247 cx'
2749 5186 3131 5250 antecedenti
3162 5189 3376 5248 factum
3409 5185 3483 5248 ad
3528 5186 3689 5249 hunc

2031 5271 2312 5335 conduxit
2343 5273 2583 5335 brevem
2616 5293 2981 5341 sermonem.
3026 5274 3144 5339 Sed
3177 5294 3282 5356 pro
3313 5274 3496 5337 verbo
3527 5276 3689 5357 quod

2030 5362 2161 5423 ﬂuit
2191 5361 2265 5423 ad
2298 5381 2496 5439 auras,
2529 5364 2711 5425 verbo
2740 5366 2964 5429 viventi
2988 5364 3372 5446 manentique
3400 5384 3498 5428 me
3527 5382 3687 5448 pra-

2034 5454 2189 5527 bete,
2229 5452 2496 5535 mihique
2523 5462 2780 5518 vestram
2831 5456 3080 5538 gloriam
3126 5454 3315 5535 magis
3361 5473 3539 5537 quam
3570 5463 3687 5520 ter-

2031 5551 2286 5606 restrem
2321 5543 2708 5623 desideranti,
2743 5550 3046 5610 caelestem
3077 5545 3397 5610 ostendite.

360 5736 416 5780 9‘
446 5761 534 5817 γρ,
564 5759 621 5794 τε
649 5737 870 5807 σαῦτήν.
955 5735 1010 5780 35
1040 5760 1127 5817 γρ.
1161 5737 1488 5815 εὐποροῦντι.
1573 5732 1630 5779 96
1659 5735 1741 5798 ’Ῑσ.
1778 5727 2097 5813 προσφερές.
2182 5722 2236 5767 ³⁷
2267 5747 2353 5805 γρ.
2389 5748 2503 5827 μοι.
2587 5722 2645 5768 ³⁸
2671 5750 2758 5807 γρ.
2790 5729 2958 5803 ἡμᾶς.
