4144 6382
492 385 647 452 1143

493 519 627 592 ΚΗ’.
663 552 691 584 (ι
717 531 802 594 Εἰς
848 529 967 592 τοὺς
1009 527 1198 605 λόγους
1242 534 1332 582 τοῦ
1377 523 1638 602 Θεολόγου
1679 525 1797 590 τοὺς
1841 525 1920 601 μὴ
1949 523 2203 602 ἆναγι-Α

1066 615 1432 692 νωσκομένους
1443 663 1454 676 ,
1509 633 1538 673 ))

688 799 774 876 Τίς
806 800 834 854 ὃ
861 797 1154 876 θρασυνθεὶς
1199 801 1407 874 πρῶτος
1439 794 1610 848 εἰπεῖν
1641 794 1756 854 τοὺς
1787 790 1975 870 λόγους

695 870 914 944 "Hauon
942 887 1156 949 τούτους
1201 881 1721 962 ἆναγινωσκομένους
1754 903 1770 962 ;

690 978 778 1040 Τίς
809 975 1192 1051 κοσμολαμπές
1222 979 1332 1054 φῶς
1376 971 1631 1030 καλύπτει
1662 974 1826 1050 γωνίᾳ
1858 994 1873 1052 ς

491 1064 650 1127 11ἳὸ
691 1066 777 1127 Τίς
821 1067 1043 1144 ἀστέρας
1072 1065 1378 1140 λάμποντας
1408 1062 1684 1141 ἐγκρύπτει
1729 1063 1872 1142 νέφει
1909 1083 1924 1141 ;

693 1157 779 1220 Τίς
813 1157 1108 1234 μαργάρους
1139 1152 1442 1218 στίλϐοντας
1476 1155 1544 1218 εἷς
1576 1159 1678 1232 γῆν
1713 1155 1935 1233 χωννύει
1973 1151 1988 1210 ξ

687 1253 792 1304 Φεῦ
821 1244 1062 1316 κλήσεως
1091 1245 1187 1320 μὲν
1214 1245 1478 1319 βασκάνου
1509 1241 1870 1318 ψευδωνύμου.

691 1339 748 1394 Εἰ
778 1334 823 1392 δ’
857 1334 1007 1415 ἔργον
1039 1338 1160 1414 εἶχε
1192 1333 1385 1408 ζημίας
1416 1333 1773 1412 παγκοσμίου,

691 1434 794 1484 Νῦν
825 1422 870 1481 δ’
916 1425 973 1482 οὒ
1003 1425 1102 1503 γάρ
1133 1424 1273 1480 ἐστιν
1305 1422 1480 1501 ἔργον,
1514 1421 1630 1478 ἀλλ’
1662 1422 1726 1472 99
1750 1422 1926 1485 ἄλλως
1953 1422 2136 1501 λόγος,

495 1517 646 1580 1130
689 1518 760 1574 Τὸ
803 1522 914 1597 φῶς
947 1515 1152 1594 ὁρᾶσθω
1181 1527 1374 1594 φαῖνον
1403 1512 1458 1568 ἐν
1489 1520 1558 1590 τῇ
1600 1513 1815 1593 λυχνίᾳ,

686 1611 852 1662 Πᾶσιν
882 1605 1202 1683 προκείσθω,
1233 1610 1361 1660 πᾶσι
1393 1609 1546 1679 κοινῇ
1575 1603 1859 1682 λιαμπὲτω,

707 1705 834 1754 Οσοι
879 1693 1090 1770 βλέπειν
1117 1691 1303 1772 ἔχουσι
1334 1699 1439 1749 τῶν
1470 1690 1644 1749 ἄλλων
1675 1691 1856 1753 πλέον.

688 1775 779 1848 Ὠς
810 1782 919 1839 εἴθε
951 1783 1142 1845 πάντες
1177 1783 1340 1861 εἶχον
1371 1779 1557 1838 εἰδέναι
1602 1781 1723 1837 τάδε
1763 1801 1773 1814 ’

692 1873 817 1932 Εἴθε
860 1885 1156 1950 προσεῖχον
1186 1869 1367 1928 τοῖσδε
1399 1872 1591 1935 πάντες
1638 1885 1754 1936 τοῖς
1788 1870 1989 1951 λόγοις,

688 1962 837 2021 Οῧτω
995 1960 1057 2016 ἂν
1088 1961 1374 2040 πρόχειρος
1495 1962 1728 2040 σωτηρία

694 2058 874 2131 Παρῆν
917 2051 1111 2108 ἅπασιν
1142 2050 1200 2106 ἐκ
1229 2057 1350 2126 μιᾶς
1377 2051 1567 2118 ταύτης
1613 2049 1812 2127 βίϐλου.

687 2141 742 2184 ³ο
771 2142 876 2198 Ἐῶ
907 2141 1005 2220 γὰρ
1035 2143 1226 2212 εἰπεῖν,
1275 2143 1346 2205 ὡς
1381 2143 1570 2221 σοφοὺς
1601 2156 1750 2198 ποιεΐ
1792 2142 1952 2216 μόνη.

690 2229 945 2310 ’.Ᾱρκοῦσα
975 2232 1104 2310 πρὸς
1131 2229 1393 2287 παίδευσιν
1426 2231 1716 2310 ἀνθρώποις
1749 2230 1881 2297 ὅλην
1918 2247 1929 2259 ·

685 2320 904 2399 Πλήρης
937 2319 1032 2395 μέν
1065 2320 1173 2376 ἐστι
1203 2317 1483 2398 δογμάτων
1512 2320 1851 2400 ἀποκρύψω-ν,

486 2411 644 2475 1140
687 2409 903 2490 Πλήρης
935 2407 988 2465 δὲ
1029 2411 1179 2466 θείων
1208 2411 1295 2466 καὶ
1339 2416 1512 2490 σοφῶν
1543 2410 1868 2490 μυστηρίων,

687 2499 902 2578 Πλήρης
934 2496 988 2554 δὲ
1021 2505 1274 2578 χρηστῶν
1305 2499 1499 2565 ἠθικῶν
1532 2497 1890 2575 ὃιδαγμάτων,

682 2587 900 2668 Πλήρης
929 2586 983 2643 δὲ
1013 2591 1238 2663 κομψῶν
1269 2610 1369 2667 τεχ
1374 2593 1530 2644 νικῶν
1576 2587 1931 2663 μαθημάτων,

681 2685 942 2734 Μουσεῖον
977 2676 1310 2754 αὗτόχρημαι
1329 2682 1522 2752 γνῶσιν
1553 2675 1818 2750 ἐμπνέων,

681 2767 887 2832 Ταύτης
933 2765 1209 2841 ἄμεμπτον
1240 2765 1338 2831 τὴν
1368 2765 1574 2844 γραφὴν
1605 2765 1946 2843 καταρτίσας,

484 2855 636 2918 1445
682 2853 914 2918 Πολλοῖς
945 2854 1142 2934 τροφὴν
1171 2853 1440 2931 προύθηκα
1473 2854 1548 2928 μὴ
1579 2851 1922 2927 κενουμένην.

723 2933 852 3005 ΚΘ’.
893 2963 924 3003 ε
957 2933 1292 3022 Πρᾶγραμμα
1322 2944 1393 3006 εἰς
1424 2943 1544 3006 τοὺς
1576 2943 1790 3018 νόμοος.
1827 2961 1858 3001 1ο

677 3021 738 3088 Ὦ
773 3032 960 3108 κόσμε,
996 3033 1186 3108 κόσμε,
1217 3039 1320 3088 τῶν
1350 3037 1528 3088 κακῶν
1569 3033 1628 3088 τὸ
1659 3030 1880 3112 χωρίον,

554 3254 811 3320 XXVIII.
845 3257 919 3320 In
951 3273 1268 3319 sermones
1304 3253 1584 3338 Theologi
1613 3273 1738 3318 non
1765 3258 2024 3337 agnitos.

554 3443 663 3518 Qui
697 3443 923 3524 primus
951 3441 1058 3505 fuit
1087 3441 1236 3505 adeo
1269 3442 1628 3504 temerarius
1659 3451 1720 3504 ut
1749 3443 1858 3504 hos
1888 3461 2129 3504 sermo-

385 3534 388 3536 ’
472 3552 581 3597 nes
609 3533 773 3596 nullo
807 3531 982 3594 modo
1011 3532 1130 3610 legi
1175 3533 1493 3595 afﬁrmaret
1522 3531 1553 3592 ?
1599 3531 1740 3604 Quis
1788 3533 1988 3593 lumen
2023 3549 2129 3612 per

473 3630 658 3685 totum
675 3630 966 3685 terrarum
989 3621 1196 3684 orbem
1214 3623 1542 3701 Splendens
1561 3621 1622 3683 in
1645 3622 1858 3701 angulo
1880 3619 2127 3684 occulit?

473 3711 616 3786 Quis
645 3711 844 3774 lucida
875 3711 1072 3774 sidera
1101 3711 1260 3774 nube
1314 3712 1518 3792 tegit?
1582 3711 1726 3784 Quis
1780 3711 2126 3789 margaritas

469 3801 815 3883 splendidas
843 3801 952 3862 sub
975 3811 1136 3864 terra
1161 3802 1410 3882 sepelit?
1441 3801 1570 3863 Heu
1603 3800 2123 3882 compellationem

470 3889 733 3952 invidam
765 3899 822 3952 et
851 3889 1056 3952 falsam
1093 3891 1106 3952 ε
1165 3909 1298 3971 quae
1327 3890 1374 3952 si
1411 3891 1471 3952 in
1504 3909 1652 3970 opus
1700 3889 2121 3971 adduceretur,

468 3978 893 4042 detrimentum
919 3979 1140 4042 mundo
1161 3979 1440 4042 universo
1457 3980 1684 4043 afferat.
1703 3979 1943 4040 Atenim
1960 3980 2124 4042 nullo

471 4069 648 4130 modo
671 4070 731 4131 id
753 4087 935 4149 opere
960 4077 1292 4150 praestatur,
1329 4070 1435 4131 sed
1458 4088 1665 4130 rumor
1687 4080 1910 4132 tantum
1931 4069 2125 4132 inanis

469 4167 582 4221 est.
618 4161 846 4222 Lumen
879 4158 1200 4240 aspiciatur
1244 4158 1592 4221 illuminans
1640 4159 1700 4222 in
1733 4161 2122 4241 candelabro,

467 4249 747 4311 omnibus
809 4267 1013 4310 coram
1062 4257 1334 4330 ponatur,
1390 4247 1667 4311 omnibus
1723 4251 2126 4314 communiter

467 4337 672 4401 lumen
724 4337 1022 4413 exhibeat,
1079 4337 1317 4418 illisque
1349 4337 1669 4418 praecipue,
1699 4338 1800 4420 qui
1832 4339 1962 4420 plus
1992 4340 2124 4401 aliis

469 4426 692 4492 vident.
725 4429 960 4490 Utinam
987 4446 1198 4488 omnes
1227 4428 1355 4489 haec
1389 4435 1662 4490 tenerent
1693 4437 1705 4492 !
1739 4429 1973 4492 Utinam
1999 4451 2123 4492 om-

466 4533 574 4582 nes
596 4517 692 4580 hic
712 4517 1088 4581 sermonibus
1111 4516 1374 4580 animum
1399 4517 1812 4582 adverterent!
1845 4518 1942 4582 Sic
1961 4520 2120 4582 enim

465 4607 526 4669 in
547 4616 822 4689 promptu
849 4609 1008 4671 salus
1031 4609 1272 4672 adesset
1295 4607 1572 4670 omnibus
1597 4628 1666 4670 ex
1689 4611 1802 4672 hoc
1829 4611 2006 4673 unico
2029 4631 2124 4673 vo-

465 4698 712 4760 lumine.
735 4697 1000 4780 Namque
1025 4707 1338 4780 praetereo,
1361 4707 1422 4759 ut
1443 4699 1636 4778 ipsum
1655 4699 1851 4770 solum
1882 4701 2116 4779 sapien-

463 4795 552 4850 tes
583 4787 818 4870 eﬂiciat,
854 4808 990 4851 cum
1021 4788 1215 4868 ipsum
1248 4787 1391 4850 satis
1421 4787 1498 4849 sit
1527 4787 1870 4849 hominibus
1898 4789 1968 4850 ad
1990 4789 2121 4851 uni-

461 4896 660 4940 versas
691 4878 1038 4958 disciplinas
1065 4877 1516 4957 comparandas.
1548 4877 1793 4939 Plenum
1818 4877 2114 4960 siquidem

464 4976 555 5032 est
583 4968 924 5046 dogmatum
957 4967 1404 5029 reconditorum
1445 4989 1458 5026 :
1499 4967 1739 5046 plenum
1782 4967 2116 5030 divinorum

463 5065 522 5120 et
551 5057 866 5119 doctorum
928 5055 1392 5137 mysteriorum:
1459 5055 1698 5136 plenum
1760 5056 2120 5136 optimorum

463 5145 776 5209 moralium
811 5153 1242 5227 praeceptorum
1279 5161 1293 5207 :
1351 5145 1594 5226 plenum
1639 5142 1997 5222 elegantium
2028 5163 2121 5207 ar-

460 5235 794 5298 tiﬁcialium
806 5235 1238 5298 doctrinarum.
1263 5237 1550 5298 Musaeum
1573 5251 1779 5296 revera
1799 5235 2108 5298 scientiam

456 5324 777 5408 inspirans.
812 5325 1003 5406 Hujus
1038 5322 1462 5405 inculpabilem
1495 5323 1882 5405 scriptionem
1919 5343 2103 5407 expe-

457 5414 654 5498 diens,
688 5415 991 5500 plerisque
1021 5415 1219 5477 cibum
1280 5413 1558 5494 proposui
1617 5433 1918 5496 nunquam
1950 5415 2103 5478 deli-

459 5503 737 5568 cientem.

533 5679 588 5725 ”
616 5706 702 5762 γρ.
738 5683 919 5749 ἄλλος.
1005 5684 1060 5728 ³ο
1089 5711 1174 5766 γρ.
1208 5687 1338 5764 ἐγώ.
1423 5683 1468 5726 Μ
1506 5709 1592 5764 γρ.
1627 5688 1965 5766 μονονράφοι.

1728 389 1914 454 JOAN
1918 391 1971 454 N
1976 387 2050 451 IS
2089 385 2648 450 EUGHAITENSIS

3723 381 3881 450 1144

2426 519 2630 600 Πλῆρες
2659 535 2882 597 ταμεῖον
2912 521 3163 599 δαψιλοῦς
3210 525 3530 604 μοχθηρίας,

2428 611 2676 693 θάλασσα
2709 613 2879 687 μεστὴ
2910 613 3190 693 συμφορῶν
3218 613 3511 692 τρικυμίας,

2431 685 2588 766 νδαης
2621 685 2846 780 δεηθεὶς,
2875 685 3171 782 xui—.337;th
3203 685 3495 780 σύνεργίας,

2225 788 2384 850 1150
2430 781 2521 854 εΩς
2551 791 2652 866 ὀψὲ
2697 797 2822 868 γοῦν
2855 790 3031 870 γένοιο
3061 781 3254 851 σαυτοῦ
3279 790 3523 870 βελτίων,

2429 879 2518 936 li")
2649 902 2671 916 ι
2731 879 2811 936 θδλ
2878 883 2917 912 “’
2987 879 3020 918 “·
3049 881 3058 904 '
3371 880 3381 900 ’

2435 904 2488 960 -.ι
2516 903 2668 960 ,ηιρας
2701 904 2760 937 ο)
2792 905 2845 936 εν
2877 903 2950 944 εις
2981 885 3250 960 ο.ορθωσιν
3283 879 3468 939 πλεον.

2435 952 2487 1024 ἶὶ
2519 968 2692 1026 πολλὰ
2724 972 3094 1050 μοχθήσαντες
3139 970 3400 1050 ἅνθρωποι
3432 972 3628 1050 μάτην,

2429 1059 2525 1141 ἰξαὶ
2553 1057 2726 1115 πολλὰ
2768 1061 3134 1140 φροντίσαντες
3177 1060 3462 1139 ἀνθρώπων
3493 1061 3674 1141 χάριν,

2431 1129 2533 1229 :va
2575 1149 2843 1228 πρέποντα
2871 1155 3044 1226 ζῶμεν
3075 1149 3365 1229 ἀνθρώποις
3393 1150 3527 1226 βίον.

2231 1235 2382 1298 1155
2434 1217 2488 1292 ἲὶ
2519 1217 2982 1316 δογματισταὶνκαὶ
3014 1217 3194 1316 σεμνοὶ
3222 1237 3272 1280 ³1
3307 1217 3650 1319 νομογράφοι,

2425 1328 2700 1404 Σύμπνοια
2728 1331 2883 1398 κοινὴ
2913 1336 3180 1409 πατρικῶν
3225 1330 3603 1411 φρονημάτων,

2426 1418 2656 1492 Φύσημα
2687 1415 2892 1498 δήμων,
2926 1416 3128 1495 ἀξίωμα
3157 1417 3494 1496 συγκλήτων,

2425 1512 2638 1582 Γνῶμαι
2673 1513 2848 1587 σοφῶν
2878 1530 2960 1582 τε,
2993 1510 3079 1564 καὶ
3107 1507 3260 1584 νόμοι
3305 1507 3588 1585 βασιλέων,

2424 1595 2644 1653 Φαύλων
2669 1596 2942 1670 κολασταὶ,
2979 1604 3083 1654 τῶν
3117 1597 3294 1655 καλῶν
3323 1595 3615 1677 ἐπαινέται,

2233 1684 2252 1744 1
2277 1682 2388 1745 160
2431 1685 2616 1761 Δύμης
2639 1684 2876 1760 διώκται,
2913 1687 3201 1744 πὸοσταται
3232 1688 3522 1766 σωτηρίας,

2427 1778 2526 1838 Οἷς
2558 1773 2843 1855 ἧκρίϐωται
2875 1783 2976 1840 πᾶς
3011 1778 3333 1853 προμηθείας
3365 1776 3578 1855 τρόπος,
3655 1801 3658 1804 ί

2429 1854 2440 1874 ⁸
2473 1872 2484 1885 ι
2535 1870 2559 1880 ~
2633 1854 2638 1855 ⁷
2667 1863 2684 1882 κ
2801 1863 2871 1884 τινι
2947 1865 2959 1882 τ
3118 1867 3128 1886 ι
3299 1866 3324 1883 τ-
3391 1854 3415 1882 ὑ

2445 1873 2591 1939 Ιμας
2625 1887 2721 1940 μεν
2765 1875 2912 1922 ονοεν
2944 1863 3256 1930 ελλιποντας
3287 1889 3361 1921 ων
3393 1862 3491 1921 εδει

2430 1955 2563 2044 Πρὸς
2593 1955 2848 2034 ὀρθότητα
2877 1955 2983 2010 τῶν
3027 1953 3142 2011 καθ’
3170 1956 3313 2030 ἡμᾶς
3358 1954 3706 2033 πραγμάτων,

2424 2028 2450 2046 ,,
2478 2028 2487 2033 -
2624 2028 2634 2034 .
3213 2028 3218 2030 .
3401 2028 3410 2033 .
3481 2028 3491 2033 -

2441 2053 2524 2124 Εχ
2532 2066 2574 2099 ει
2605 2046 2900 2125 κρατήσας,
2937 2046 3023 2101 καὶ
3052 2043 3294 2120 καλύψας
3326 2046 3353 2100 ὁ
3383 2043 3602 2123 χρόνος.

2229 2130 2382 2195 1165
2425 2137 2658 2201 Θνητοὺς
2689 2135 2788 2212 γὰρ
2819 2138 2961 2214 εὗρεν
2989 2134 3402 2214 εὗκατέργαστον
3435 2135 3610 2214 φύσιν,

2425 2215 2486 2280 Ἠ
2517 2222 2560 2279 δ’
2593 2223 2731 2280 ἐστὶν
2760 2225 3055 2303 ἀκράτητος
3086 2226 3120 2292 ἡ
3165 2225 3414 2303 πονηρία,

2423 2311 2548 2371 Καθ’
2579 2317 2643 2380 ἧς
2677 2313 2959 2393 ἄπρακτοι,
3005 2315 3094 2370 καὶ
3122 2315 3263 2370 κενοὶ
3291 2315 3484 2376 πάντες
3515 2311 3664 2369 πόνοι

2425 2393 2582 2479 Ὑμῖν
2610 2401 3014 2473 κατεϐλήθησαν
3045 2404 3096 2460 ἐν
3126 2405 3282 2460 παντὶ
3325 2403 3528 2483 χρόνῳ.

2420 2495 2492 2550 Οὒ
2533 2494 2632 2573 γὰρ
2675 2493 2903 2574 πέφυκεν
2933 2495 3156 2572 ἠρεμεῖν
3199 2496 3233 2562 ἡ
3265 2491 3510 2574 σχετλία,

2226 2578 2378 2641 1170
2421 2579 2530 2638 Ἀεὶ
2559 2580 2613 2638 δέ
2644 2597 2818 2640 ποιεῗν
2850 2582 3053 2658 μᾶλλον
3149 2583 3379 2664 πάσχειν
3408 2581 3569 2641 θέλει.

2443 2674 2685 2754 ᾼτρωτός
2719 2673 2828 2730 ἐστι
2857 2687 2976 2738 τοῖς
3007 2673 3190 2754 φόϐοις
3221 2680 3325 2730 τῶν
3357 2671 3658 2752 δογμάτων,

2421 2745 2690 2832 ’ίιλληπτός
2723 2765 2831 2821 ἐστι
2863 2778 2979 2829 τοῖς
3023 2745 3245 2846 βρόχοις
3275 2772 3381 2821 τῶν
3423 2745 3780 2844 γραμμάτων,

2415 2853 2630 2912 Μᾶλλον
2674 2853 2729 2911 δὲ
2771 2867 2891 2917 τοῖς
2923 2855 3021 2929 μὲν
3049 2858 3242 2932 γωνίας
3279 2855 3468 2918 σκότος
3511 2853 3698 2935 τόπος,

2409 2949 2518 3011 Τῆς
2546 2941 2601 3000 δὲ
2631 2945 2762 3022 πρὸς
2792 2942 2924 3023 ἄκρα
2954 2943 3054 3022 γῆς
3083 2945 3143 3000 τὸ
3171 2943 3474 3020 πάντολμον
3502 2943 3714 3021 θράσος.

2209 3033 2368 3096 ⁸1175
2410 3034 2518 3092 Οὔκ
2541 3031 2657 3092 οἶδε
2687 3035 2933 3114 κάμνειν,
2967 3035 3027 3090 οὗ
3055 3031 3343 3110 δαμάζεται
3373 3035 3554 3098 πόνοις
3561 3083 3580 3110 ,

2573 3257 2784 3321 XXIX.
2819 3256 3185 3338 Progamma
3216 3263 3284 3320 in
3313 3258 3486 3340 leges.

2291 3439 2338 3503 Ο
2363 3443 2606 3522 munde,
2635 3441 2878 3516 munde,
2905 3441 3194 3503 malorum
3213 3441 3412 3519 sedes,
3438 3441 3674 3504 olIicina
3707 3443 3866 3507 vario

2212 3529 2418 3592 labore
2433 3530 2629 3612 plena,
2655 3551 2818 3594 mare
2841 3533 3241 3594 calamitatum
3267 3531 3543 3594 ﬂuctibus
3556 3533 3864 3610 refertum,

2211 3628 2431 3700 quanto
2463 3621 2776 3702 indigebas
2805 3622 3024 3684 auxilio
3057 3633 3470 3702 quantumque
3519 3623 3862 3702 praesidium

2211 3709 2540 3786 obtinuisti,
2567 3720 2630 3773 ut
2650 3712 2790 3776 inde
2815 3712 3051 3774 tandem
3084 3711 3270 3791 teipso
3294 3711 3508 3773 melior
3531 3711 3732 3792 lieres,
3754 3731 3865 3775 nec

2209 3799 2529 3881 quidquam
2561 3801 2632 3863 ad
2665 3802 3098 3866 correctionem
3133 3801 3319 3881 magis
3359 3801 3732 3882 assumpsisti
3765 3804 3780 3865 ε
3816 3802 3865 3866 Ο

2209 3888 2482 3951 homines
2495 3890 3326 3953 multuml'rustralaborantes
3339 3898 3396 3952 et
3413 3900 3652 3971 praptcr
3665 3891 3865 3953 humi-

2209 3995 2316 4038 nes
2341 3979 2577 4041 solliciti
2601 3979 2759 4042 circa
2779 3981 2960 4042 multa
2983 3990 3044 4041 ut
3071 3980 3246 4041 vitam
3281 3979 3618 4041 hominibus
3641 3999 3860 4044 conve-

2208 4065 2470 4128 nientem
2501 4068 2764 4130 vivamus
2799 4070 2811 4133 !
2859 4069 2906 4133 Ο
2966 4068 3338 4149 dogmatistaa
3367 4069 3862 4152 venerabilesque

2206 4153 2598 4234 legislatores,
2639 4161 2975 4220 communis
3025 4157 3352 4241 patriarum
3405 4157 3857 4221 meditationum

2207 4247 2551 4322 consensio,
2591 4249 2812 4328 inflatio
2846 4249 3224 4331 populorum,
3274 4261 3586 4309 senatuum
3621 4246 3856 4330 placita,

2208 4334 2567 4415 sapientium
2581 4338 2968 4416 cogitationes
2981 4357 3309 4419 regumque
3328 4337 3514 4418 leges,
3541 4356 3856 4418 pravorum

2211 4422 2771 4502 punitores,bonoru
2781 4447 2956 4509 mque
2969 4427 3583 4498 laudatores,sceleris
3596 4427 3858 4489 vindices

2209 4519 2696 4597 protectoresque
2727 4517 2956 4593 salutis,
2991 4517 3207 4599 quibus
3249 4518 3445 4579 omnis
3474 4517 3858 4596 investigatur

2207 4602 2534 4682 prudentiae
2565 4607 2798 4684 modus,
2831 4627 2936 4670 vos
2959 4610 3109 4671 nihil
3133 4609 3372 4690 quidem
3401 4627 3604 4670 earum
3627 4625 3756 4688 quae
3779 4607 3852 4668 ad

2201 4709 2404 4754 rerum
2440 4703 2777 4759 nostrarum
2809 4699 3241 4760 correctionem
3295 4697 3635 4760 conducunt
3684 4695 3856 4758 omit-

2203 4787 2416 4861 tentes,
2451 4785 2590 4849 vicit
2618 4787 3074 4870 obscuravitque
3104 4797 3360 4870 tempus.
3385 4787 3658 4852 Mortales
3688 4785 3846 4848 enim

2202 4880 2430 4936 naturae
2459 4877 2685 4940 domitu
2715 4877 2876 4940 facili
2919 4879 3146 4940 invenit
3180 4897 3196 4956 ;
3259 4877 3624 4940 invincibilis
3653 4889 3850 4938 autem

2204 4969 2293 5022 est
2324 4965 2599 5050 pravitas,
2654 4976 2860 5030 contra
2913 4988 3095 5050 quam
3157 4968 3500 5030 inefﬁcaces
3557 4974 3616 5030 et
3643 4965 3854 5028 inanes

2204 5059 2404 5120 cuncti
2433 5061 2666 5124 labores
2697 5063 2876 5126 vestri
2904 5063 3067 5125 omni
3100 5071 3368 5143 tempore
3398 5058 3657 5142 prolapsi
3687 5067 3846 5122 sunt.

2203 5145 2332 5210 Non
2365 5152 2524 5214 enim
2556 5152 2633 5214 ad
2684 5153 3114 5234 quiescendum
3149 5161 3286 5214 nata
3314 5160 3402 5214 est
3432 5151 3558 5212 haec
3591 5150 3846 5226 misera;

2193 5236 2298 5298 sed
2330 5257 2574 5321 semper
2590 5261 2770 5320 agere
2786 5261 2958 5324 quam
2979 5242 3096 5322 pati
3121 5241 3358 5304 mavult.
3383 5239 3590 5321 Neque
3609 5238 3850 5318 dogma-

2191 5335 2312 5388 tum
2343 5338 2502 5392 metu
2533 5331 2901 5407 vulneratur,
2957 5351 3151 5413 neque
3207 5330 3566 5412 scriptorum
3618 5328 3850 5409 capitur

2189 5417 2460 5500 laqueis:
2522 5429 2582 5482 at
2611 5422 2806 5502 potius
2835 5423 2966 5501 ejus
3007 5423 3068 5484 in
3103 5421 3440 5485 tenebrosis
3469 5421 3707 5500 angulis
3757 5427 3848 5480 est

2188 5510 2388 5585 sedes,
2414 5517 2472 5571 et
2495 5511 2568 5572 ad
2595 5519 2923 5577 extremum
2946 5531 3132 5594 usque
3159 5525 3334 5580 terra:
3366 5511 3527 5574 ferox
3558 5510 3844 5572 audacia-
