4144 6380
480 390 636 457 1143

480 523 616 596 ΚΗ’.
651 557 680 588 (ί
705 535 791 598 Εἰς
836 533 954 596 τοὺς
997 531 1186 609 λόγους
1229 537 1320 586 τοῦ
1365 527 1626 606 Θεολόγου
1667 529 1785 594 τοὺς
1829 529 1907 604 μὴ
1937 527 2127 604 ἀναγι-

1053 618 1442 696 νωσκομένους.
1496 637 1526 676 )

677 803 763 880 ’ζίς
795 804 822 858 ὁ
849 801 1142 880 θρασυνθεὶς
1187 805 1396 878 πρῶτος
1427 798 1597 852 εἰπεῖν
1628 797 1745 858 τοὺς
1775 794 1962 874 λόγους

684 875 902 948 ηΗκιστα
931 891 1144 952 τούτους
1189 885 1710 966 ἀναγινωσκομένους
1742 906 1758 965 ς

679 982 767 1044 Τίς
798 979 1180 1055 κοσμολαμπές
1210 983 1321 1058 φῶς
1365 975 1619 1033 καλύπτει
1651 978 1814 1054 γωνίᾳ
1847 997 1862 1056 ;

479 1067 638 1130 11ἳὸ
680 1071 766 1131 Τίς
810 1070 1032 1148 ἀστέρας
1061 1069 1367 1143 λάμποντας
1397 1066 1672 1145 ἐγκρύπτει
1718 1067 1860 1146 νέφει
1897 1087 1911 1144 ;

681 1161 768 1224 Τίς
801 1161 1098 1238 μαργάρους
1128 1156 1430 1221 στίλϐοντας
1464 1158 1533 1222 εἰς
1563 1163 1666 1235 γῆν
1701 1158 1923 1236 χωννόει
1961 1155 1976 1214 ξ

676 1257 780 1307 Φεῦ
809 1248 1052 1320 κλήσεως
1081 1248 1176 1324 μὲν
1203 1248 1468 1323 βασκάνου
1498 1245 1858 1322 ψευδωνύμου,

680 1344 737 1398 Εἰ
767 1337 812 1396 δ’
846 1337 996 1419 ἔργον
1028 1342 1149 1417 εἶχε
1181 1337 1374 1412 ζημίας
1405 1337 1762 1415 παγκοσμίου,

680 1439 783 1488 Νῦν
815 1426 860 1484 δ’
905 1429 962 1485 03
991 1428 1091 1506 γάρ
1121 1427 1262 1482 ἐστιν
1293 1425 1468 1504 ἔργον,
1502 1424 1619 1482 ἀλλ’
1651 1425 1715 1475 ἓθ
1739 1425 1913 1489 ἄλλως
1941 1426 2123 1503 λόγος.

485 1521 635 1583 1130
679 1522 749 1578 Τὸ
793 1526 902 1601 φῶς
937 1519 1142 1598 ὁράσθω
1171 1530 1362 1598 φαῖνον
1393 1516 1446 1572 ἐν
1478 1523 1546 1594 τῇ
1589 1517 1803 1596 λυχνίᾳ,

675 1615 842 1666 Πᾶσιν
871 1609 1190 1686 προκείσθω,
1222 1613 1350 1663 πᾶσι
1382 1613 1536 1682 κοινῇ
1563 1605 1847 1685 λαμπέτω,

696 1709 823 1758 Οσοι
868 1697 1080 1774 βλέπειν
1107 1695 1291 1776 ἔχουσι
1323 1703 1428 1752 τῶν
1459 1694 1632 1752 ἄλλων
1663 1693 1844 1756 πλέον.

677 1779 768 1852 Ὠς
799 1786 909 1843 εἴθε
939 1787 1132 1849 πάντες
1165 1785 1329 1865 εἶχον
1361 1783 1545 1841 εἰδέναι
1591 1783 1712 1841 τάδε
1751 1805 1762 1816 ’

681 1876 806 1935 Εἴθε
849 1889 1144 1954 προσεῖχον
1175 1873 1356 1931 τοῖσδε
1388 1875 1580 1938 πάντες
1627 1889 1742 1938 τοῖς
1776 1873 1977 1954 λόγοις,

479 1967 634 2030 1135
677 1966 826 2024 Οἷτω
855 1965 954 2045 γὰρ
984 1963 1046 2020 ἂν
1076 1965 1362 2044 πρόχειρος
1408 1967 1442 2032 ἡ
1484 1965 1716 2044 σωτηρία

683 2061 863 2135 Παρῆν
906 2055 1100 2111 ἄπαισιν
1131 2053 1189 2110 ἐκ
1217 2061 1340 2129 μιᾶς
1366 2055 1557 2121 ταύτης
1601 2053 1800 2130 βίϐλου.

676 2145 731 2188 ³ο
760 2146 866 2202 Ἐὠ
896 2145 994 2223 γὰρ
1024 2146 1216 2215 εἰπεῖν,
1263 2147 1336 2208 ὡς
1369 2147 1558 2224 σοφοὺς
1590 2159 1738 2202 ποιε*
1781 2146 1941 2218 μόνη.

679 2233 934 2315 Ἀρκοῦσα
964 2235 1094 2313 πρὸς
1120 2232 1382 2290 παίδευσιν
1415 2234 1704 2313 ἀνθρώποις
1738 2233 1870 2300 ὅλην
1905 2250 1917 2263 ·

675 2323 894 2403 Πλήρης
927 2322 1022 2398 μέν
1054 2323 1162 2379 ἐστι
1193 2321 1472 2402 δογμάτων
1502 2323 1840 2403 ἀποκρύψω),

475 2415 633 2479 1140
677 2413 893 2492 Πλήρης
923 2411 977 2469 δὲ
1018 2414 1168 2469 θείων
1197 2415 1284 2470 καὶ
1329 2419 1502 2493 σοφῶν
1533 2413 1856 2492 μυστηρίων,

676 2501 892 2582 Πλήρης
923 2499 978 2557 δὲ
1011 2508 1264 2581 χρηστῶν
1294 2502 1488 2568 ἠθικῶν
1521 2499 1878 2578 διδαγμάτων,

671 2591 889 2671 Πλήρης
919 2589 973 2646 δὲ
1001 2594 1227 2666 κομψῶν
1259 2597 1520 2671 τεχνικῶν
1565 2590 1919 2666 μαθημάτων,

670 2687 932 2737 Μουσεῖον
966 2680 1286 2758 αὐτόχρημα
1318 2685 1510 2755 γνῶσιν
1542 2677 1806 2753 ἐμπνέων,

670 2771 876 2835 Ταύτης
922 2769 1199 2844 ἄμεμπτον
1229 2769 1327 2834 τὴν
1357 2768 1563 2847 γραφὴν
1594 2767 1934 2845 καταρτίσας,

473 2859 626 2922 1445
671 2856 903 2920 Πολλοῖς
934 2858 1131 2936 τροφὴν
1161 2857 1428 2934 προῦθηκα
1462 2857 1538 2930 μὴ
1568 2854 1911 2930 κενοομένην,

711 2936 841 3008 ΚΘ’.
883 2966 914 3006 (
945 2947 1282 3026 Πράγραμμα
1311 2947 1383 3009 εἰς
1413 2946 1533 3009 τοὺς
1565 2945 1779 3020 νόμοος.
1817 2963 1848 3004 »

666 3025 727 3091 Ὦ
761 3035 949 3111 κόσμε,
985 3035 1176 3111 κόσμε,
1206 3041 1310 3091 τῶν
1340 3039 1518 3090 κακῶν
1557 3035 1618 3090 τὸ
1648 3033 1868 3114 χωρίον,

544 3257 802 3323 XXVIII.
834 3261 910 3322 In
940 3275 1258 3322 sermones
1293 3257 1573 3339 Theologt'
1602 3275 1727 3321 non
1754 3259 2014 3339 agnitos.

543 3445 652 3520 Qui
687 3445 912 3527 primus
940 3445 1048 3508 fuit
1077 3445 1226 3509 adeo
1259 3445 1618 3508 temerarius
1647 3454 1710 3508 ut
1739 3446 1847 3507 hos
1877 3464 2118 3507 sermo-

1716 391 2038 457 JOANNIS
2077 389 2635 454 EUGHAITENSIS

2149 533 2190 579 Α

2151 1864 2188 1912 Β
2209 1826 2215 1831 ,

2136 3272 2174 3320 C

3833 384 3873 448 4

3713 387 3825 452 114

2413 522 2618 604 Πλῆρες
2647 539 2870 600 ταμεῖον
2900 523 3150 602 δαψιλοῦς
3197 527 3519 606 μοχθηρίας,

2416 614 2664 696 θάλασσα
2695 616 2866 690 μεστὴ
2897 616 3178 696 συμφορῶν
3205 615 3500 694 τρικυμίας,

2418 687 2576 770 hanc
2608 687 2834 784 δεηθεὶς,
2863 687 3158 785 καὶ-τυχὼν
3190 687 3483 783 ὧνερνίας,

2213 791 2372 854 1150
2417 785 2508 857 Ὠς
2540 795 2639 868 ὀψὲ
2685 800 2810 870 γοῦν
2842 793 3018 872 γένοιο
3049 801 3242 853 σαυτοῦ
3267 793 3511 872 βελτίων,

2416 882 2658 964 ξῖληνρας
2688 881 2832 940 οὖδὲν
2865 885 2938 947 εἰς
2969 882 3238 962 διόρθωσιν
3271 881 3456 942 πλέον.

2423 955 2474 1026 ἶὶ
2507 971 2680 1029 πολλὰ
2711 975 3081 1053 μοχθήσαντες
3127 973 3388 1053 ἅνθρωποι
3419 973 3618 1053 μάτην,

2415 1061 2513 1143 δαὶ
2540 1060 2714 1118 πολλὰ
2755 1063 3121 1143 φροντίσαντες
3164 1062 3449 1141 ἀνθρώπων
3481 1063 3664 1143 χάριν,

2419 1131 2522 1238 :lvz
2563 1151 2831 1230 πρέποντα
2858 1158 3032 1228 ζῶμεν
3064 1151 3352 1231 ἀνθρώποις
3381 1152 3514 1229 βίον,

2220 1239 2370 1300 1155
2422 1223 2476 1295 ’12
2507 1223 2852 1318 δογματισταὶ
2884 1223 2970 1298 καὶ
3002 1223 3182 1318 σεμνοῖ
3210 1240 3259 1283 ³1
3294 1223 3639 1322 νομογράφοι,

2412 1331 2688 1406 Σόμπνοια
2716 1333 2870 1400 κοινὴ
2901 1339 3168 1412 πατρικῶν
3214 1333 3591 1413 φρονημάτων,

2414 1421 2644 1496 Φύσημα
2675 1417 2880 1501 δήμων,
2914 1419 3117 1497 ἀξίωμα
3145 1420 3481 1499 συγκλήτων,

2414 1515 2627 1584 Γνῶμαι
2661 1515 2836 1590 σοφῶν
2866 1532 2948 1584 τε,
2981 1513 3066 1567 καὶ
3095 1509 3248 1587 νόμοι
3292 1509 3576 1587 βασιλέων,

2413 1598 2632 1656 Φαιῦλων
2657 1599 2930 1672 κολασταὶ,
2967 1606 3071 1656 τῶν
3104 1599 3282 1657 καλῶν
3311 1598 3603 1680 ἐπαινέται,

2222 1684 2376 1748 1160
2419 1687 2604 1762 Δύμης
2627 1686 2864 1764 διώκται,
2901 1688 3189 1746 πὸοστέται
3221 1690 3510 1768 σωτηρίας,

2416 1781 2514 1858 Οἷς
2546 1775 2832 1858 ἧκρίϐωται
2863 1785 2965 1842 πᾶς
2999 1780 3321 1856 προμηθείας
3352 1778 3566 1857 τρόπος,
3644 1803 3647 1806 ·

2417 1856 2429 1876 ⁸
2522 1873 2547 1882 -ο
2620 1856 2626 1858 ”
2656 1865 2671 1884 κ
2789 1867 2802 1888 9
2822 1866 2860 1886 ιν
2935 1867 2947 1884 ιι
3105 1868 3116 1889 ι
3288 1868 3312 1886 τ-
3379 1856 3403 1886 εἰν

2435 1875 2580 1941 Υμας
2613 1889 2709 1942 μεν
2754 1887 2900 1924 ουοεν
2931 1866 3243 1932 ελλιποντας
3275 1890 3348 1922 ων
3381 1864 3479 1922 εδει

2419 1957 2551 2036 Πρὸς
2581 1957 2836 2036 ὀρθότητα
2865 1957 2971 2013 τῶν
3015 1956 3130 2013 καθ’
3158 1959 3301 2032 ἡμᾶς
3347 1956 3696 2036 πραγμάτων.

2412 2028 2512 2126 Ἔχ
2520 2068 2563 2102 ει
2594 2028 2889 2128 κρατήσας,
2925 2048 3011 2103 καὶ
3039 2028 3282 2121 καλύψας
3313 2049 3341 2102 ὁ
3371 2028 3592 2126 χρόνος.

2217 2134 2370 2198 1165
2413 2139 2646 2204 Θνητοὺς
2677 2137 2776 2216 γὰρ
2807 2141 2949 2216 εὗρεν
2977 2135 3390 2216 εὖκατὲργαστον
3423 2135 3599 2215 φύσιν,

2415 2217 2474 2282 Ἠ
2505 2225 2549 2282 δ’
2581 2227 2719 2282 ἐστὶν
2749 2227 3043 2305 ἀκρᾶτητος
3075 2227 3108 2294 ἦ
3153 2227 3402 2306 πονηρία,

2409 2313 2536 2374 Καθ’
2567 2319 2632 2384 ἧς
2665 2316 2947 2396 ἄπρακτοι,
2993 2317 3082 2373 καὶ
3109 2318 3251 2372 κενοὶ
3279 2317 3473 2378 πάντες
3504 2313 3653 2372 πόνοι

2413 2395 2426 2416 ε
2731 2395 2780 2430 ρκ
3035 2406 3048 2426 9
3252 2407 3267 2428 κ
3406 2405 3416 2426 ν

2433 2413 2570 2481 Υμῖν
2599 2408 3002 2476 κατεολήθησαν
3033 2429 3085 2462 εν
3115 2428 3270 2462 παντι
3313 2427 3517 2486 χρονῳ.

2409 2497 2480 2552 Οὔ
2521 2497 2622 2575 γὰρ
2664 2496 2892 2576 πέφυκεν
2921 2497 3144 2575 ἠρεμεῖν
3187 2497 3221 2564 ἡ
3253 2493 3500 2576 σχετλία,

2215 2581 2367 2644 1170
2409 2581 2519 2640 Ἀεὶ
2547 2583 2602 2641 δὲ
2632 2600 2806 2642 ποιεῖν
2839 2584 3042 2660 μᾶλλον
3071 2586 3106 2654 ἢ
3136 2585 3368 2666 πάσχειν
3396 2583 3558 2643 θέλει.

2432 2677 2674 2756 ᾼτρωτός
2708 2675 2817 2732 ἐστι
2847 2689 2964 2739 τοῖς
2996 2675 3178 2756 φόϐοις
3209 2682 3314 2732 τῶν
3345 2675 3646 2755 δογμάτων,

2409 2747 2679 2834 ’λληπτός
2712 2766 2820 2824 ἐστι
2851 2779 2968 2831 τοῖς
3011 2747 3234 2848 βρόχοις
3263 2774 3370 2824 τῶν
3412 2747 3770 2846 ν’ρκμμάτιυιθ.

2361 2879 2366 2887 ί
2403 2855 2618 2914 Μᾶλλον
2663 2855 2718 2912 δὲ
2761 2869 2880 2919 τοῖς
2912 2857 3010 2932 μὲν
3039 2859 3231 2935 γωνίας
3267 2856 3457 2920 σκότος
3499 2856 3687 2937 τόπος,

2397 2951 2507 3013 Τῆς
2535 2943 2590 3002 δὲ
2620 2947 2750 3024 πρὸς
2780 2944 2914 3025 ἄκρα
2943 2945 3041 3024 γῆς
3072 2947 3132 3002 τὸ
3160 2945 3462 3022 πάντολμον
3491 2945 3702 3024 θράσος.

2198 3035 2356 3099 1175
2399 3037 2507 3094 Οὒκ
2530 3033 2646 3094 οἶδε
2676 3037 2922 3116 κάμνειν,
2955 3038 3016 3093 οὐ
3044 3033 3332 3112 δαμάζεται
3361 3037 3543 3101 πόνοις
3549 3085 3569 3112 ,

2562 3259 2773 3323 XXIX.
2807 3257 3174 3340 Progamma
3205 3266 3272 3323 in
3302 3260 3475 3342 leges.

2280 3441 2328 3505 Ο
2353 3445 2596 3525 munde,
2623 3443 2866 3518 munde,
2895 3443 3183 3505 malorum
3202 3443 3400 3521 sedes,
3427 3443 3663 3507 ofﬁcina
3696 3445 3856 3509 vario

461 3555 570 3600 nes
599 3536 762 3600 nullo
797 3533 972 3597 modo
1001 3535 1120 3613 legi
1164 3536 1482 3598 afﬁrmaret
1511 3535 1542 3594 ί]
1589 3534 1729 3608 Quis
1777 3535 1977 3596 lumen
2012 3552 2118 3615 per
2201 3531 2407 3595 labore
2422 3533 2618 3614 plena,
2645 3553 2808 3596 mare
2830 3535 3230 3596 calamitatum
3256 3533 3854 3612 fluctibusrefertum,

463 3634 647 3689 totum
664 3633 956 3688 terrarum
979 3625 1185 3687 orbem
1203 3626 1532 3704 splendens
1549 3625 1611 3686 in
1635 3625 1848 3704 angulo
1869 3623 2116 3687 occulit?

462 3715 605 3789 Quis
635 3714 832 3778 lucida
863 3715 1062 3776 sidera
1091 3715 1249 3778 nube
1304 3715 1507 3794 tegit?
1571 3714 1716 3787 Quis
1769 3714 2115 3792 margaritas

459 3805 804 3886 splendidas
833 3803 942 3866 sub
966 3813 1126 3866 terra
1150 3805 1399 3886 sepelit?
1431 3803 1560 3866 Heu
1591 3803 2112 3884 compellaticnem

459 3892 722 3954 invidam
755 3902 812 3955 et
840 3893 1046 3955 falsam
1083 3894 1096 3954 !
1155 3912 1288 3974 quae
1317 3893 1364 3955 si
1401 3894 1460 3954 in
1493 3912 1640 3973 opus
1689 3893 2110 3974 adduceretur,

458 3981 882 4045 detrimentum
908 3982 1129 4044 mundo
1151 3981 1430 4044 universo
1447 3982 1672 4045 afferat.
1692 3983 1763 4044 At
1777 3981 1932 4043 enim
1949 3983 2114 4044 nullo

461 4071 638 4134 modo
661 4072 720 4134 id
743 4090 925 4151 opere
949 4079 1281 4152 praestatur,
1318 4073 1425 4133 sed
1448 4090 1654 4132 rumor
1676 4083 1898 4134 tantum
1921 4071 2114 4134 inanis

459 4169 572 4224 est.
609 4163 837 4224 Lumen
868 4161 1190 4242 aspiciatur
1234 4160 1582 4224 illuminans
1629 4161 1689 4223 in
1722 4163 2112 4244 candelabro,

457 4251 737 4314 omnibus
799 4269 1002 4312 coram
1051 4260 1325 4332 ponatur,
1379 4249 1658 4313 omnibus
1713 4253 2114 4315 communiter

456 4339 662 4404 lumen
715 4340 1012 4416 exhibeat,
1067 4339 1306 4420 illisque
1339 4339 1659 4420 praecipue,
1689 4340 1790 4422 qui
1821 4341 1952 4422 plus
1982 4341 2113 4403 aliis

459 4429 682 4495 vident.
715 4432 950 4494 Utinam
977 4449 1188 4491 omnes
1217 4431 1345 4491 haec
1379 4438 1652 4492 tenerent
1683 4438 1695 4494 !
1728 4430 1962 4494 Utinam
1988 4453 2112 4494 om-

2201 3631 2420 3702 quanto
2452 3623 2766 3704 indigebas
2795 3625 3014 3687 auxilio
3046 3635 3458 3705 quantumque
3508 3625 3853 3704 praesidium

2200 3711 2529 3788 obtinuisti,
2555 3723 2620 3775 ut
2639 3715 2780 3778 inde
2804 3715 3040 3776 tandem
3073 3713 3259 3793 teipso
3283 3713 3498 3775 melior
3521 3713 3722 3796 ﬁeres,
3744 3734 3856 3777 nec

2197 3802 2518 3884 quidquam
2551 3804 2621 3865 ad
2653 3805 3086 3868 correctionem
3123 3803 3308 3884 magis
3348 3803 3721 3884 assumpsisti
3754 3806 3770 3868 !
3805 3804 3854 3869 Ο

2199 3890 2470 3953 homines
2484 3894 2731 3954 multum
2747 3893 2963 3955 frustra
2977 3892 3316 3954 laborantes
3327 3901 3386 3954 et
3401 3902 3642 3974 propter
3654 3894 3728 3955 ho
3741 3893 3854 3956 ini-

2199 3997 2306 4040 nes
2331 3981 2567 4043 solliciti
2590 3981 2748 4044 circa
2769 3982 2951 4044 multa
2973 3991 3034 4043 ut
3061 3983 3237 4043 vitam
3270 3981 3606 4043 hominibus
3630 4001 3850 4046 conve-

2197 4067 2459 4130 nientem
2491 4070 2754 4133 vivamus
2787 4072 2800 4135 !
2849 4071 2896 4134 Ο
2955 4071 3327 4151 ilogmatistaa
3357 4071 3852 4154 venerabilesque

2195 4155 2587 4235 legislatores,
2627 4161 2964 4222 communis
3013 4159 3341 4243 patriarum
3395 4159 3848 4223 meditationum

2197 4247 2540 4325 consensio,
2581 4250 2802 4329 inflatio
2835 4251 3214 4332 populorum,
3263 4262 3575 4312 senatuum
3610 4249 3846 4333 placita,

2197 4335 2558 4416 sapientium
2570 4339 2958 4418 Cagilaliones
2970 4359 3298 4422 regumque
3318 4339 3502 4420 leges,
3529 4358 3846 4421 pravorum

2201 4424 2945 4510 punitores,bonorumque
2959 4429 3572 4500 laudatores,sceleris
3585 4429 3848 4492 vindices

456 4535 564 4584 nes
585 4519 682 4583 hic
702 4519 1077 4584 sermonibus
1101 4518 1364 4582 animum
1389 4519 1802 4584 adverterent!
1835 4520 1932 4584 Sic
1951 4522 2110 4586 enim
2135 4518 2176 4538 "
2199 4521 2686 4598 protectoresqne
2716 4519 2946 4595 salutis,
2981 4518 3196 4600 quibus
3239 4520 3434 4581 omnis
3463 4519 3848 4598 investigatur

454 4609 516 4672 in
537 4619 812 4692 promptu
838 4611 998 4674 salus
1020 4611 1262 4674 adesset
1284 4610 1562 4673 omnibus
1587 4631 1655 4672 ex
1680 4612 1792 4674 hoc
1818 4613 1995 4676 unico
2018 4633 2112 4676 vo-

2199 4604 2524 4684 prudentia:
2555 4610 2788 4685 modus,
2821 4629 2926 4672 vos
2947 4611 3097 4673 nihil
3121 4611 3362 4693 quidem
3389 4628 3595 4672 earum
3617 4627 3747 4690 quae
3770 4611 3841 4670 ad

455 4701 702 4764 lumine.
725 4699 990 4783 Namque
1015 4710 1328 4784 praetereo,
1349 4709 1412 4762 ut
1432 4701 1626 4781 ipsum
1650 4701 1840 4782 solum
1871 4703 2107 4782 sapien-

453 4797 542 4852 tes
573 4790 808 4872 eﬂiciat,
845 4810 979 4853 cum
1010 4791 1204 4872 ipsum
1237 4791 1381 4852 satis
1411 4790 1487 4852 sit
1517 4790 1860 4852 hominibus
1887 4792 1957 4853 ad
1979 4793 2111 4854 uni-

451 4899 650 4944 versas
680 4881 1028 4962 disciplinas
1055 4880 1506 4960 comparandas.
1538 4880 1783 4942 Plenum
1807 4881 2103 4963 siquidem

453 4979 545 5034 est
574 4970 914 5049 dogmatum
946 4969 1394 5032 reconditmum
1435 4991 1448 5030 :
1489 4970 1728 5050 plenum
1771 4970 2106 5034 divinorum

453 5069 512 5123 et
541 5060 855 5122 doctorum
917 5057 1383 5140 mysteriorum:
1449 5058 1688 5140 plenum
1749 5059 2109 5140 optimorum

453 5148 766 5212 moralium
801 5157 1231 5230 praeceptorum
1269 5164 1283 5210 :
1342 5147 1585 5228 plenum
1628 5146 1987 5225 elegantium
2017 5167 2110 5211 ar-

2191 4711 2394 4756 rerum
2430 4706 2766 4761 nostrarum
2799 4701 3230 4763 correctionem
3285 4699 3624 4762 conducunt
3675 4699 3846 4760 omit-

2191 4791 2404 4862 tentes,
2441 4787 2579 4850 vicit
2608 4789 3063 4872 obscuravitque
3095 4799 3348 4872 tempus.
3373 4789 3648 4854 Mortales
3678 4787 3836 4850 enim

2192 4883 2421 4939 natura;
2449 4879 2675 4942 domitu
2705 4880 2864 4942 facili
2908 4881 3136 4942 invenit
3169 4899 3185 4956 ;
3247 4879 3614 4942 invincibilis
3643 4891 3840 4940 autem

2193 4973 2284 5026 est
2314 4967 2588 5052 pravitas,
2644 4978 2850 5032 contra
2903 4990 3085 5052 quam
3146 4970 3490 5032 inefﬁcaces
3547 4977 3605 5031 et
3633 4968 3843 5030 inanes

2194 5062 2393 5124 cuncti
2422 5063 2656 5126 labores
2687 5065 2864 5128 vestri
2894 5065 3059 5127 omni
3091 5072 3357 5145 tempore
3387 5061 3646 5144 prolapsi
3676 5069 3835 5125 sunt.

2193 5148 2322 5213 Non
2355 5155 2514 5216 enim
2546 5154 2622 5217 ad
2675 5154 3104 5236 quiescendum
3139 5163 3274 5216 nata
3303 5162 3392 5217 est
3423 5154 3548 5215 haec
3581 5153 3836 5228 misera;

451 5238 784 5302 tilicialium
795 5237 1228 5301 doctrinarum.
1253 5240 1540 5326 Musaeum
1563 5255 1770 5299 revera
1788 5237 2097 5300 scientiam
2183 5239 2288 5302 sed
2319 5260 2564 5324 semper
2579 5263 2759 5322 agere
2775 5263 2949 5326 quam
2969 5245 3086 5324 pati
3111 5243 3347 5306 mavult.
3373 5241 3579 5324 Neque
3599 5241 3839 5321 dogma-

446 5327 767 5411 inspirans.
803 5329 993 5410 Hujus
1029 5325 1452 5408 inculpabilem
1485 5327 1871 5408 scriptionem
1909 5346 2093 5410 expe-
2182 5338 2302 5392 tum
2333 5341 2492 5394 metu
2522 5325 2891 5410 vulneratur,
2947 5353 3141 5416 neque
3196 5333 3555 5415 scriptorum
3608 5330 3839 5412 capitur

447 5417 644 5501 diens,
678 5419 981 5502 plerisque
1010 5417 1209 5480 cibum
1269 5417 1548 5498 proposui
1607 5436 1908 5499 nunquam
1941 5417 2094 5481 deﬁ-
2179 5420 2450 5502 laqueis:
2513 5432 2572 5484 at
2600 5425 2794 5504 potius
2825 5426 2956 5503 ejus
2997 5425 3058 5486 in
3093 5423 3430 5488 tenebrosis
3458 5423 3696 5502 angulis
3747 5429 3837 5483 est

448 5507 726 5572 cientem.

522 5683 578 5728 29
605 5710 690 5766 γρ.
727 5688 908 5752 ἄλλος,
995 5687 1050 5732 30
1079 5713 1164 5769 an»).
1198 5689 1327 5767 ἐγώ,
1413 5685 1458 5728 ³1
1495 5712 1581 5767 γρ,
1616 5690 1955 5768 μονονράφοῑ.

2177 5513 2378 5590 sedes,
2404 5520 2462 5574 et
2485 5513 2557 5575 ad
2585 5522 2912 5579 extremum
2935 5533 3122 5596 usque
3148 5526 3323 5582 terra:
3356 5513 3516 5577 ferox
3547 5512 3833 5574 audacia-
