4156 6382
291 401 313 515 i
330 398 444 464 153
1670 410 1967 476 VERSUS
2010 406 2329 477 IAMBICI.
3512 412 3676 477 1184

484 542 558 599 Τὰ
601 543 772 600 πάντα
816 544 1032 625 φροῦδα,
1066 546 1239 604 πάντα
1266 548 1449 627 φάσμα
1479 549 1794 629 φασμάτων,

482 632 653 720 φανέν
697 656 748 690 τι
777 636 987 711 μικρὸν,
1033 637 1121 693 καὶ
1149 636 1408 717 παρελθὸν
1437 641 1644 720 αὐτίκα,

485 699 551 778 VH
583 699 789 797 μᾶλλον
831 699 1027 806 εἰπεῖν,
1059 699 1238 786 ταῦταΙ
1253 727 1349 803 μὲν
1394 733 1461 806 ζῇ
1487 729 1576 785 καὶ
1602 699 1761 786 πάλιν
1799 746 1812 761 ·

487 810 560 869 Οὖ
589 814 690 892 γὰρ
717 811 945 895 πέφυκεν
975 814 1147 883 ἆπετὴ
1175 818 1421 886 θνήσκειν
1453 816 1616 881 ὅλως.

325 896 440 961 885
504 907 637 981 Εχει
666 900 721 960 δὲ
752 905 842 961 τὸν
873 913 1007 984 χοῦν
1036 908 1071 974 ἡ
1100 907 1263 987 φθορᾶ
1290 908 1452 965 πάλιν
1496 908 1680 984 μόνον,

483 987 603 1071 Ἀφ’
632 994 700 1059 ἧς
743 992 974 1074 ὑπέστη,
1007 997 1096 1051 καὶ
1138 999 1270 1075 πρὸς
1300 997 1364 1063 ’ἠν
1393 996 1731 1077 ὑποστρέφει.

485 1081 683 1139 Οὐκοῦν
712 1104 761 1139 τι
787 1080 955 1140 δεινὸν
981 1083 1139 1165 ἔσχεν
1171 1089 1199 1143 ὁ
1229 1084 1429 1167 κροϐεἶς
1458 1088 1633 1169 τάφῳ,

482 1167 631 1227 Ἀλλ’
662 1175 689 1228 ὁ
719 1176 984 1253 στερηθεὶς
1022 1182 1115 1233 τοῦ
1144 1175 1310 1234 καλοῦ
1352 1167 1549 1235 τούτου
1567 1167 1702 1255 βίος,

483 1267 730 1319 Τοιοῦτον
774 1260 918 1319 οῦδὲν
948 1261 1079 1320 ἄλλο
1107 1285 1156 1321 τι
1188 1263 1404 1341 βλέπειν
1448 1263 1618 1346 ἔχων,

322 1345 443 1409 890
488 1351 666 1436 Καίτοι
698 1374 758 1431 γε
788 1351 1003 1411 πολλῶν
1034 1352 1147 1433 ἄρτι
1182 1356 1422 1436 χρῄζων,
1462 1345 1678 1420 εἰκότως
1712 1373 1727 1391 ⁸

485 1435 939 1526 ἰΕπικρατούντων
970 1444 1250 1524 πανταχοῦ
1278 1450 1384 1501 τῶν
1408 1435 1674 1526 χειρόνων
1706 1461 1720 1476 ⁶

491 1514 722 1587 ’ίαθεντὸ
750 1537 971 1611 πρᾶγμα
1001 1514 1188 1597 πένθόξ
1217 1514 1626 1613 ἡγεῖταίὊμέγα,

486 1628 527 1677 Κ
565 1620 580 1641 ‘
645 1621 672 1676 ὸ
730 1624 758 1677 θ
844 1622 856 1643 '
1016 1623 1044 1680 ό
1090 1646 1118 1657 -
1359 1622 1425 1681 t‘
1538 1625 1551 1646 ’

533 1642 583 1675 αι
611 1642 641 1676 τ
676 1643 703 1675 ν
767 1643 954 1679 ανοντα
981 1645 1015 1679 κ
1049 1645 1256 1695 πιεται,
1289 1646 1357 1680 κα
1395 1638 1628 1703 οακρυει,

486 1707 648 1790 Εἰδὼς
681 1712 939 1790 μεγίστην
974 1712 1039 1779 ἣν
1069 1712 1272 1781 ὑπέστη
1302 1715 1518 1790 ζημίαν.

445 1788 591 1873 ag".
634 1822 658 1854 ιι
693 1788 1017 1858 Ἐπιτῦκϐιοι
1062 1804 1134 1866 εἷς
1176 1804 1267 1859 τὸν
1310 1788 1717 1884 Χαρτοφόλακα,
1760 1826 1783 1861 ι

323 1886 442 1952 895
568 1888 790 1955 Πένθους
821 1892 847 1946 ὁ
877 1892 1083 1970 καὶρὸς,
1117 1899 1386 1973 συμφορᾶς
1429 1895 1491 1949 τὸ
1534 1895 1756 1974 χωρίον,

488 1979 585 2035 Καὶ
616 1974 961 2058 δυστυχοῦσιν
991 1979 1153 2058 ἀρετή
1186 2001 1243 2035 τε
1285 1982 1373 2037 καὶ
1401 1979 1572 2061 λόγοι.

485 2068 555 2153 Τὸ
585 2072 730 2147 σφῶν
756 2068 854 2148 γὰρ
884 2070 1066 2132 αὐτοῖς
1097 2068 1313 2150 οἴχεται
1346 2070 1483 2148 μέγα
1509 2072 1725 2153 κράτος,

481 2137 613 2228 1Ἠδη
633 2137 915 2235 πεσόντος,
946 2163 1021 2226 ὡς
1051 2137 1199 2242 ὁρᾷς,
1245 2137 1515 2239 Ἰωάννου,

485 2250 731 2308 Ἰωάννου
759 2252 1036 2332 πεσόντος,
1070 2251 1244 2333 ο’ῗμοι,
1278 2259 1369 2309 τοῦ
1397 2254 1555 2315 πάνυ,

321 2338 441 2403 900
481 2326 546 2395 ’δὲ
577 2337 759 2419 καρδία
787 2326 1042 2414 σείσθητιν,
1078 2326 1166 2397 καὶ
1192 2326 1475 2421 θραύσθητί
1502 2366 1612 2418 μοι,

485 2428 817 2500 Πλήττοντος
849 2429 988 2486 οὕτω
1015 2431 1219 2510 καιρίαν
1244 2452 1301 2486 σε
1331 2437 1423 2487 τοῦ
1451 2430 1634 2509 λόγου,

1965 564 2005 601 Α
2068 545 2188 609 219
2231 555 2338 607 Κᾶν
2369 549 2463 607 οὒκ
2492 550 2646 625 ἐῴκει
2678 551 2775 619 τὴν
2807 550 2956 631 γῦσιν
2987 552 3187 621 θνητὴν
3216 552 3383 634 ἔχειν,

2222 642 2460 723 ἓροντῶν
2492 641 2591 715 μὲν
2620 640 2799 721 ὥσπερ
2843 638 2903 697 ἐκ
2931 642 3100 722 νεφῶν
3128 640 3182 697 ἐν
3213 655 3327 708 τοῖς
3354 641 3559 723 λόγοις,

2223 709 2426 809 Ἔργων
2447 709 2503 785 δέ
2543 709 2915 811 λαμπρότησιν
2957 709 3270 811 ἀστράπτων
3311 731 3376 783 49

2224 819 2323 876 Καὶ
2350 821 2478 899 πρὸς
2504 826 2635 876 Θεοῦ
2664 821 2889 897 μίμησιν
2919 817 3279 898 ἧκριϐωμένος
3306 839 3324 854 ·

2222 915 2482 989 Τοσοῦτον
2512 910 2652 984 ἡμᾶς
2694 910 2814 973 τοὺς
2845 912 3020 989 χαμαὶ
3050 912 3247 967 λείπων
3272 914 3439 974 κάτω,

2054 994 2173 1058 915
2206 977 2361 1056 νοσον
2393 977 2653 1066 συνῆπται
2680 977 2990 1070 πλησιάζων
3020 1012 3137 1065 τοῖς
3162 998 3297 1065 ἄνω,

2221 1095 2477 1168 Λαμπροῦ
2498 1089 2610 1164 βίου
2637 1110 2696 1145 τε
2739 1090 2826 1144 καὶ
2855 1085 3013 1167 λόγου
3041 1092 3310 1164 κοινωνίᾳ,

2222 1183 2388 1236 Τανῦν
2417 1174 2470 1233 δε
2500 1184 2664 1234 ταῦτα
2692 1179 2879 1257 μικρὸς
2909 1176 3099 1257 ἤλεγξε
3127 1180 3347 1264 χρόνος,

2223 1264 2576 1346 Διαρῤυέντων
2607 1267 2791 1347 ἀθρόον
2816 1266 3031 1324 πάντων
3060 1266 3192 1345 ἅμα,

2220 1357 2320 1414 Καὶ
2345 1357 2435 1413 τὸν
2478 1354 2608 1436 χθὲς
2639 1357 2932 1434 αὒγάζοντα
2964 1354 3177 1439 φαιδρὸν
3220 1358 3414 1440 ἀστέρα

2056 1445 2176 1507 920
2223 1446 2389 1503 Δύντα
2417 1447 2656 1527 πρόωρον
2698 1448 2847 1510 οὗτος
2877 1444 3069 1525 ἔκρυψε
3098 1446 3285 1521 τόπος,

2218 1535 2417 1616 Ἀστὴρ
2457 1538 2577 1613 μὲν,
2609 1533 2728 1592 ἀλλ’
2759 1534 3057 1616 ἤστραπτεν
3086 1536 3238 1605 ἡλίου
3267 1537 3454 1617 πλέον,

2220 1626 2479 1705 Πρόσγεια
2508 1626 2756 1701 λάμπων,
2792 1623 2929 1683 ἀλλὰ
2973 1632 3132 1683 νικῶν
3172 1629 3294 1692 τοὺς
3336 1628 3467 1706 ἅνω,

2222 1716 2345 1789 Καὶ,
2377 1716 2439 1771 τὸ
2466 1716 2768 1792 κράτιστον,
2803 1723 2920 1773 νοῦν
2948 1736 3007 1770 τε
3049 1716 3137 1771 καὶ
3165 1713 3325 1796 λόγον
3355 1718 3525 1800 φέρων

2221 1807 2319 1868 Οἷς
2350 1804 2418 1872 ἦν
2448 1805 2508 1861 τὸ
2551 1807 2723 1880 θαῦμα
2764 1808 2863 1871 τῆς
2891 1803 3020 1884 χθὲς
3050 1805 3253 1886 ἡμέρας
3287 1823 3303 1839 ⁹

1957 1877 1997 1926 Β
2059 1890 2178 1957 925
2220 1900 2467 1953 Τοιοῦτον
2497 1900 2565 1962 ἦν
2593 1877 2659 1951 τδ
2682 1896 2856 1969 θαῦμα
2894 1877 2995 1961 τῆς
3039 1877 3169 1975 χὸὲξ
3197 1897 3400 1976 ἡμέρας
3439 1918 3451 1932 .

2221 1989 2479 2042 Τοσοῦτον
2509 1983 2788 2065 εὖτύχημα
2831 1989 2922 2039 τοῦ
2955 1985 3151 2048 παντὸς
3194 1986 3332 2067 βίου,

2225 2075 2323 2133 Καὶ
2351 2080 2443 2131 τοῦ
2486 2071 2602 2130 καθ’
2629 2076 2772 2149 ἡμᾶς
2800 2070 2943 2131 εἶδεν
2973 2071 3127 2141 ἥλιος
3158 2076 3376 2157 χρόνου.

2223 2172 2325 2221 Νῦν
2355 2160 2403 2217 δ’
2433 2164 2507 2226 ὡς
2537 2159 2729 2237 ἔϐλεψε
2758 2162 2856 2229 τὴν
2887 2160 3126 2219 ἐναντίαν
3170 2164 3377 2248 τύχην,

2226 2252 2323 2309 Καὶ
2351 2251 2448 2319 τὴν
2475 2252 2621 2308 κάτω
2649 2248 2960 2308 σϐεσθετσαν
2987 2251 3128 2329 ἔγνω
3154 2251 3432 2333 λαμπάδα,

2061 2338 2182 2403 930
2224 2339 2343 2399 Οὐδ’
2387 2341 2541 2405 αὐτὸς
2571 2342 2707 2416 ἡμῖν
2737 2353 2983 2419 καρτερεῖ
3012 2338 3243 2417 λάμπειν
3287 2341 3361 2401 ἔτι
3397 2366 3415 2383 ι

2224 2429 2390 2488 Ἀλλὰ
2419 2431 2721 2508 σκυθρωπὸς
2753 2428 2884 2510 ἐστι,
2918 2431 3005 2487 καὶ
3030 2433 3223 2497 πάθους
3253 2435 3427 2512 γέμει,

486 2517 650 2598 Ἀνὴρ
679 2520 841 2600 σοφὸς
864 2518 1138 2593 τέθνηκεν,
1169 2518 1241 2586 ὣς
1284 2524 1384 2587 τῆς
1424 2520 1621 2596 ζημίας
1659 2539 1675 2556 ⁸

488 2607 652 2688 Ἀνὴρ
685 2606 907 2689 δίκαιος,
942 2604 1195 2683 εὐλαϐὴς,
1225 2619 1321 2690 φεῦ
1348 2617 1439 2667 τοῦ
1468 2610 1632 2671 πάθοι)

496 2690 553 2779 έΟ
596 2697 957 2779 χαρτοφύλαξ,
992 2697 1037 2756 ὦ
1066 2720 1299 2777 στυγνων
1344 2699 1715 2777 ἀκουσμάτων,

324 2786 444 2850 905
489 2778 546 2847 Ὀ
572 2778 931 2868 χαρτοφύλαξ,
968 2789 1029 2845 οὗ
1055 2790 1116 2845 τὸ
1155 2790 1273 2867 πρὶν
1316 2789 1455 2868 μέγα
1497 2789 1675 2866 κλέος,

480 2879 549 2937 Ti
571 2879 658 2934 καὶ
686 2879 815 2957 πρὸς
846 2880 1001 2936 αὒτὸν
1034 2880 1253 2958 οὐρανὸν
1284 2881 1455 2958 τρίτον
1485 2882 1699 2962 φθάνον,

485 2969 585 3025 Καὶ
626 2968 726 3034 τὴν
758 2966 971 3047 ἄπειρον
1015 2967 1116 3047 γῆν
1159 2967 1292 3036 ὅλην
1321 2969 1661 3051 περιτρέχον,

487 3060 543 3117 Εἰ
568 3059 656 3114 καὶ
698 3058 900 3138 βραχεῖ
926 3068 1011 3117 νῦν
1045 3056 1465 3137 συγκαλύπτεται
1494 3058 1668 3139 τάφῳ,

485 3148 658 3229 Τάφος
685 3148 785 3228 γὰρ
828 3147 984 3204 αὗτὸν
1014 3147 1173 3231 ἔσχεν
1206 3150 1279 3212 ὡς
1309 3151 1514 3215 θνητῶν
1539 3146 1654 3223 ἕνα,
1961 3160 2002 3212 C

2228 2530 2325 2577 Δεῖ
2353 2520 2452 2600 γὰρ
2495 2518 2797 2597 στυγνάζειν
2830 2523 3000 2574 πᾶσαν
3032 2516 3145 2599 ἄρτι
3174 2522 3272 2590 τὴν
3294 2526 3485 2607 κτίσιν,

2226 2600 2318 2674 ιΩς
2361 2610 2460 2677 τὴν
2490 2602 2685 2674 ’ἑαυτῆς
2716 2600 2873 2664 δόλαν
2903 2607 3282 2688 ἐστερημένην.

2227 2690 2541 2775 ὀμώνυμός
2572 2719 2655 2754 σοι
2684 2705 2873 2777 ταῦτα,
2918 2695 3071 2757 δοῦλε
3104 2701 3314 2779 Κυρίου,

2064 2787 2183 2853 935
2225 2791 2423 2869 Ψυχῆς
2453 2787 2587 2863 ἐμῆς
2621 2785 2863 2862 μέλημα,
2910 2792 3022 2866 φῶς
3054 2795 3158 2846 τῶν
3188 2791 3467 2870 ὀμμάτων,

2222 2878 2565 2957 ξιαθημάτων
2605 2874 2848 2951 κοινωνέ,
2884 2879 2972 2934 καὶ
3001 2875 3353 2957 διδασκάλων,

2229 2952 2285 3048 ξ
2327 2952 2415 3023 καὶ
2443 2964 2687 3040 συνέζης,
2719 2966 2809 3021 καὶ
2838 2966 3107 3033 συνέπνεις
3137 2967 3192 3025 ἐν
3221 2952 3342 3047 βίῳ,

2219 3058 2357 3137 Πρὸς
2386 3057 2443 3113 ὃν
2467 3057 2526 3112 τὸ
2556 3054 2768 3136 φίλτρον
2799 3055 2957 3135 εἶχες
3003 3054 3347 3137 ἐξῃρημένον,

2227 3138 2538 3224 Ὀμώνυμός
2568 3165 2650 3202 σοι
2679 3141 2835 3215 τήνδε
2866 3144 2965 3212 τὴν
3008 3145 3289 3224 μονῳδίαν,

284 3315 692 3380 tantummodo
729 3313 1133 3398 primicerius,
1167 3335 1386 3378 nomen
1443 3315 1623 3379 rebus
1654 3317 1934 3383 ﬁrmavit.
2020 3319 2326 3382 videretur
2353 3313 2575 3377 habere
2605 3320 2897 3384 naturam,
2934 3321 3146 3378 tonans
3174 3325 3237 3379 ut
3266 3336 3299 3381 e
3330 3320 3589 3387 nubibus
3617 3326 3679 3389 in

283 3406 423 3470 Haec
453 3406 693 3488 quidem
739 3403 909 3467 heri:
968 3405 1073 3467 sed
1129 3406 1231 3483 qui
1289 3405 1521 3469 hodie?
1576 3420 1804 3472 umbra
1834 3427 1938 3473 so-
2021 3402 2421 3480 sermonibus,
2457 3419 2705 3483 operum
2727 3410 2928 3465 autem
2948 3420 3188 3468 rursum
3210 3409 3538 3488 splendore
3568 3413 3681 3479 ful-
3769 3401 3784 3413 ’

290 3495 542 3558 mnium.
576 3495 791 3559 Omnia
837 3513 1022 3570 vana;
1079 3494 1281 3556 omnia
1338 3494 1660 3557 vanitatum
1688 3498 1936 3574 vanitas,
2022 3492 2627 3581 gurans,etimitator
2645 3491 2754 3554 Dei
2798 3493 3095 3573 perfectus
3125 3504 3391 3572 ;tantum
3425 3520 3534 3565 nos
3554 3511 3680 3569 ter-

288 3587 586 3649 modicum
614 3582 758 3667 quid
784 3601 1078 3664 apparens
1097 3583 1365 3646 etstatim
1386 3603 1773 3651 evanescens.
1806 3586 1941 3669 Vel,
2023 3606 2204 3650 renos
2260 3583 2415 3647 infra
2467 3582 2835 3664 relinquens,
2893 3592 3175 3664 quantum
3234 3589 3574 3656 coelestibus
3625 3604 3685 3659 et

287 3682 351 3737 ut
380 3675 593 3738 melius
618 3676 845 3756 loquar,
869 3674 992 3735 haec
1013 3674 1253 3755 quidem
1294 3692 1530 3736 rursum
1549 3675 1743 3737 vivunt
1770 3674 1932 3739 :vir-
2026 3676 2210 3740 illusti
2230 3674 2393 3765 i_vita
2423 3682 2483 3763 et
2512 3672 2672 3734 claro
2691 3689 2984 3765 sermone
3023 3675 3403 3757 conjungitur
3430 3683 3678 3765 propin-

283 3774 379 3827 tus
411 3769 570 3827 enim
602 3784 722 3827 non
752 3763 997 3826 omnino
1052 3763 1337 3826 moritura
1377 3774 1512 3826 nata
1562 3772 1672 3828 est.
1702 3764 1932 3847 Corpus
2017 3784 2189 3848 quus.
2225 3763 2397 3827 Nunc
2426 3760 2629 3825 autem
2691 3760 2814 3843 haec
2863 3779 3106 3844 parvum
3155 3771 3412 3847 tempus,
3433 3760 3681 3835 cunctis

279 3862 479 3917 autem
517 3862 737 3916 tantum
766 3855 1016 3916 resumit
1058 3856 1384 3935 corruptio,
1442 3872 1476 3915 a
1532 3873 1649 3936 qua
1677 3854 1841 3923 exiit.
1877 3862 1936 3918 et
2018 3876 2136 3919 una
2168 3854 2331 3917 brevi
2378 3851 2861 3947 proﬂuentibus,_
2894 3854 3230 3947 revelavit,
3270 3864 3329 3920 et
3384 3861 3551 3924 illum
3578 3865 3682 3947 qui

278 3946 345 4007 in
374 3963 551 4025 quam
568 3944 903 4012 revertitur.
951 3941 1110 4036 Nihil
1129 3962 1237 4023 ego
1255 3942 1479 4036 funesti
1499 3943 1682 4036 subiit
1707 3944 1935 4036 tumqu
2018 3945 2228 4036 fulgidi
2247 3945 2601 4036 astriinstar
2619 3944 2753 4036 heri
2774 3943 3147 4036 Splendebat,
3174 3945 3271 4009 hic
3285 3957 3423 4012 ante
3446 3941 3685 4036 tempus

280 4035 584 4108 conditus,
614 4034 719 4096 sed
769 4034 1028 4096 mundus
1083 4034 1199 4095 hoc
1254 4031 1412 4095 bono
1461 4032 1748 4114 privatus,
1787 4032 1936 4095 nihil
2023 4034 2338 4098 occiduum
2370 4032 2684 4097 abscondit
2739 4034 2925 4097 lacus.
2975 4033 3217 4097 Astrum
3274 4038 3541 4119 quidem,
3573 4031 3681 4106 sed

278 4121 1936 4211 aliudsimilepossidens.Attamenmultisnuncindigot;
2024 4124 2335 4207 plusquam
2367 4123 2477 4200 sol,
2515 4123 2859 4186 irradiavit:
2916 4141 3100 4204 super
3153 4133 3372 4188 terram
3422 4130 3680 4211 lucebat,

283 4231 407 4273 non
430 4212 672 4285 mirum,
696 4210 870 4308 malis
891 4209 1115 4293 ubique
1151 4210 1619 4275 dominantibus.
1640 4209 1781 4308 Ideo
1811 4229 1940 4308 rem
2024 4217 2132 4280 sed
2163 4215 2439 4308 vincebat
2492 4215 2787 4279 «celestia.
2847 4218 2920 4308 Et
2975 4217 3528 4308 quodpraecipuum
3564 4209 3679 4308 est,

285 4320 570 4394 magnum
601 4301 859 4364 aestimat
887 4319 1235 4394 maerorem,
1269 4309 1689 4394 mortuumque
1718 4299 1944 4382 plangit
2025 4313 2284 4369 mentem
2317 4306 2732 4388 rationemque
2761 4305 3025 4387 gerebat,
3061 4307 3277 4390 quibus
3309 4299 3497 4391 ipsam
3523 4299 3676 4394 lapii

281 4410 354 4454 ac
411 4391 790 4473 lacrymatur,
845 4390 1166 4453 maximum
1227 4390 1386 4473 quod
1447 4390 1629 4453 subiit
1655 4389 1940 4452 damnum
2024 4396 2167 4457 dum
2188 4404 2460 4458 naturam
2482 4396 2786 4460 demulsit.
2812 4395 3063 4458 Tantum
3082 4389 3354 4460 eratdiei
3388 4389 3684 4466 hesterna;

283 4481 577 4545 sentiens.
1480 4569 1496 4571 _
1566 4569 1580 4571 _
1962 4558 2003 4571 _
2025 4484 2359 4565 prodigium
2389 4487 2403 4546 ι
2429 4484 2682 4547 Tantum
2706 4484 2902 4546 omnis
2920 4485 3053 4547 vitae
3071 4486 3383 4568 omnisque
3399 4491 3684 4571 temporis

396 4636 399 4639 λ
434 4569 690 4635 XXXVI.
722 4571 1123 4652 Epitaphium
1144 4572 1211 4633 in
1245 4569 1774 4651 Cartaphglacem.
1956 4558 2006 4608 ‘D
2026 4558 2230 4636 nostri
2245 4574 2429 4636 decus
2460 4573 2547 4635 sol
2579 4573 2841 4655 aspexit!
2896 4577 3072 4640 Nunc
3123 4558 3323 4639 autem
3374 4558 3686 4643 cum-vidit

365 4659 633 4724 Maeroris
658 4670 910 4741 tempus,
936 4657 1420 4723 aerumnaalocus.
1454 4658 1866 4740 Jacentlvirtus
1886 4667 1946 4723 et
2027 4661 2385 4726 contrariam
2444 4663 2769 4745 fortunam,
2853 4662 3317 4747 interioremque
3374 4665 3682 4733 lucernam

280 4751 540 4814 litterae:
575 4750 793 4832 quibus
814 4750 1010 4812 ablata
1031 4758 1089 4812 et
1115 4766 1327 4827 magna
1369 4756 1649 4829 potestas,
1685 4756 1942 4825 mortuo,
2027 4751 2301 4831 cognovit
2348 4752 2719 4829 exstinctam,
2760 4752 2885 4833 jam
2944 4770 3063 4813 non
3117 4751 3247 4833 ipse
3277 4753 3451 4819 nobis
3482 4758 3686 4822 lucere

278 4842 406 4922 jam
435 4849 502 4904 ut
535 4841 722 4918 vides,
748 4839 1001 4916 Joanne,
1058 4837 1249 4903 eheu!
1285 4836 1786 4902 illustrissimo.0
1816 4856 1942 4913 cor,
2028 4845 2222 4924 valet;
2258 4842 2362 4904 sed
2413 4840 2600 4915 tristis
2649 4848 2739 4903 est
2778 4846 2840 4903 et
2896 4857 3157 4903 maerore
3211 4841 3451 4924 plenus.
3503 4844 3690 4910 Decet

287 4948 666 4994 commovere
720 4949 790 4993 ac
846 4938 1185 5003 conterere,
1236 4936 1297 4990 et
1349 4945 1553 4990 aurem
1584 4927 1809 5010 praebe.
1841 4927 1950 4991 Vir
2032 4932 2191 4994 enim
2221 4948 2380 4993 nunc
2410 4938 2647 4992 omnem
2683 4946 2937 4993 moerere
2967 4938 3237 4992 naturam
3270 4938 3550 5015 tanquam
3580 4955 3689 4999 sua

286 5020 528 5103 sapiens
548 5028 818 5083 mortuus
840 5029 967 5083 est:
995 5020 1146 5101 proh
1168 5016 1373 5081 dolor!
1401 5017 1490 5078 vir
1510 5018 1730 5098 justus,
1755 5016 1945 5081 bene-
2031 5018 2297 5085 orbatam
2321 5016 2532 5102 gloria.
2557 5017 2887 5101 Confrater,
2908 5034 3075 5081 serve
3092 5018 3354 5099 Domini,
3381 5023 3513 5089 vita:
3538 5043 3689 5088 mea:

285 5111 461 5185 ﬁcus,
496 5110 752 5175 cecidit:
788 5108 1068 5172 omnibus
1114 5106 1365 5172 ﬂebilis!
1424 5106 1884 5189 Carthophylax,
1914 5123 1950 5171 ο
2031 5108 2311 5187 dulcedo,
2337 5110 2541 5193 lumen
2561 5108 2870 5173 oculorum
2894 5125 3185 5189 meorum,
3212 5111 3545 5177 studiorum
3564 5133 3689 5178 ma-

282 5200 590 5265 funestum
622 5200 934 5263 nuntium!
975 5198 1391 5281 Cartophylax,
1412 5198 1579 5278 cujus
1609 5205 1784 5259 antea
1814 5214 1950 5260 ma-
2031 5198 2469 5281 gistrorumque
2497 5197 2683 5281 Socie,
2718 5217 2977 5281 quocum
3008 5197 3202 5261 vixisti
3252 5218 3573 5286 acremque
3598 5204 3688 5266 vi.

285 5309 403 5371 gna
434 5298 561 5354 erat
602 5290 812 5372 gloria,
876 5297 1316 5372 peveneratque
1362 5286 1437 5349 ad
1494 5288 1734 5349 tertium
1763 5304 1953 5368 usque
2032 5290 2210 5352 talem
2241 5289 2511 5367 hausisti,
2537 5288 2632 5353 cui
2652 5289 2875 5371 philtra
2894 5286 3158 5353 habebas
3179 5288 3526 5373 allicientia,
3548 5311 3683 5357 con-

283 5381 524 5453 cretum.
560 5400 628 5444 ac
656 5389 843 5443 totum
868 5379 1078 5442 orbem
1103 5389 1396 5442 terrarum
1413 5377 1752 5449 circuicrat,
1780 5374 1947 5439 brevi
2032 5378 2315 5455 frater,in
2338 5398 2514 5463 quam
2531 5381 2684 5442 hanc
2706 5378 3169 5441 tibimonodiam
3187 5379 3366 5456 dicat,
3399 5384 3687 5465 seipsum,

283 5490 445 5534 nunc
477 5470 697 5551 tegitur
726 5471 975 5533 tumulo.
1010 5469 1302 5531 Tumulus
1349 5468 1509 5529 enim
1539 5468 1738 5549 ipsum
1769 5465 1948 5529 habet
2034 5469 2250 5550 quibus
2268 5478 2427 5533 tuam
2451 5470 2811 5533 lamentatur
2864 5474 3140 5543 mortem,
3188 5468 3535 5534 lamentans.
3572 5474 3689 5536 Ce-

284 5569 563 5643 tanquam
596 5579 779 5622 unum
810 5579 880 5623 ex
914 5558 1284 5634 mortalibus,
1337 5557 1449 5620 etsi
1480 5557 1790 5620 mortalem
1822 5574 1942 5619 non
2030 5558 2176 5621 cidit
2196 5560 2414 5624 cedrus
2437 5582 2455 5635 ;
2482 5560 2656 5643 pinus
2681 5557 3049 5641 ingemiscat.
3074 5555 3136 5621 Si
3161 5557 3321 5621 enim
3370 5568 3433 5623 tu
3453 5561 3631 5624 citius
3659 5581 3693 5627 e

372 5738 436 5790 49
461 5738 542 5800 id.
590 5737 748 5796 πλέον
760 5788 771 5804 ,
