  <div class='ocr_page' id='page_1' title='image "/cluster/home/n/w/nwhite01/storage/ocr_20150623/120/coo.31924054870245/593.png"; bbox 0 0 4156 6380; ppageno 0'>
   <div class='ocr_carea' id='block_1_1' title="bbox 410 385 2573 464">
    <p class='ocr_par' dir='ltr' id='par_1_1' title="bbox 410 385 2573 464">
     <span class='ocr_line' id='line_1_1' title="bbox 410 385 2573 464; baseline -0.004 -1"><span class='ocrx_word' id='word_1_1' title='bbox 410 398 562 464; x_wconf 73' lang='lat'><strong>1159</strong></span> <span class='ocrx_word' id='word_1_2' title='bbox 1639 390 1963 458; x_wconf 84' lang='lat' dir='ltr'><strong>JOANNIS</strong></span> <span class='ocrx_word' id='word_1_3' title='bbox 2002 385 2573 454; x_wconf 79' lang='lat' dir='ltr'><strong>EUCHAITENSIS</strong></span> 
     </span>
    </p>
   </div>
   <div class='ocr_carea' id='block_1_2' title="bbox 441 527 2128 612">
    <p class='ocr_par' dir='ltr' id='par_1_2' title="bbox 441 527 2128 612">
     <span class='ocr_line' id='line_1_2' title="bbox 441 527 2128 612; baseline -0.007 -18"><span class='ocrx_word' id='word_1_4' title='bbox 441 532 562 598; x_wconf 72' lang='grc'><strong>490</strong></span> <span class='ocrx_word' id='word_1_5' title='bbox 643 542 683 591; x_wconf 89' lang='lat'>0</span> <span class='ocrx_word' id='word_1_6' title='bbox 714 534 845 612; x_wconf 79' lang='grc' dir='ltr'>πρὸς</span> <span class='ocrx_word' id='word_1_7' title='bbox 890 532 948 589; x_wconf 75' lang='grc' dir='ltr'>σὲ</span> <span class='ocrx_word' id='word_1_8' title='bbox 976 532 1167 610; x_wconf 78' lang='grc' dir='ltr'>θερμὸς</span> <span class='ocrx_word' id='word_1_9' title='bbox 1192 530 1251 587; x_wconf 83' lang='grc' dir='ltr'>ἐκ</span> <span class='ocrx_word' id='word_1_10' title='bbox 1281 529 1556 597; x_wconf 75' lang='grc' dir='ltr'>συνηθείας</span> <span class='ocrx_word' id='word_1_11' title='bbox 1589 527 1722 608; x_wconf 72' lang='grc' dir='ltr'>ἔρως</span> <span class='ocrx_word' id='word_1_12' title='bbox 2088 536 2128 583; x_wconf 81' lang='grc' dir='ltr'>Α</span> 
     </span>
    </p>
   </div>
   <div class='ocr_carea' id='block_1_3' title="bbox 604 616 1820 701">
    <p class='ocr_par' dir='ltr' id='par_1_3' title="bbox 604 616 1820 701">
     <span class='ocr_line' id='line_1_3' title="bbox 604 616 1820 701; baseline -0.006 -22"><span class='ocrx_word' id='word_1_13' title='bbox 604 624 677 679; x_wconf 81' lang='grc' dir='ltr'>Σῦ</span> <span class='ocrx_word' id='word_1_14' title='bbox 707 624 808 701; x_wconf 74' lang='grc' dir='ltr'>γὰρ</span> <span class='ocrx_word' id='word_1_15' title='bbox 837 623 1070 701; x_wconf 79' lang='grc' dir='ltr'>τιθηνὸς,</span> <span class='ocrx_word' id='word_1_16' title='bbox 1105 622 1193 677; x_wconf 81' lang='grc' dir='ltr'><strong>καὶ</strong></span> <span class='ocrx_word' id='word_1_17' title='bbox 1219 620 1411 701; x_wconf 75' lang='grc' dir='ltr'>τροφός</span> <span class='ocrx_word' id='word_1_18' title='bbox 1440 641 1531 694; x_wconf 83' lang='grc' dir='ltr'><strong>μοι</strong></span> <span class='ocrx_word' id='word_1_19' title='bbox 1563 616 1820 697; x_wconf 75' lang='grc' dir='ltr'><strong>φιλτάτη,</strong></span> 
     </span>
    </p>
   </div>
   <div class='ocr_carea' id='block_1_4' title="bbox 600 707 1763 790">
    <p class='ocr_par' dir='ltr' id='par_1_4' title="bbox 600 707 1763 790">
     <span class='ocr_line' id='line_1_4' title="bbox 600 707 1763 790; baseline -0.005 -21"><span class='ocrx_word' id='word_1_20' title='bbox 600 714 673 769; x_wconf 84' lang='grc' dir='ltr'>Σὺ</span> <span class='ocrx_word' id='word_1_21' title='bbox 702 710 1067 790; x_wconf 78' lang='grc' dir='ltr'>παιδαγωγὸς,</span> <span class='ocrx_word' id='word_1_22' title='bbox 1105 712 1194 767; x_wconf 80' lang='grc' dir='ltr'>καὶ</span> <span class='ocrx_word' id='word_1_23' title='bbox 1220 707 1540 771; x_wconf 66' lang='grc' dir='ltr'>δικάσκαλος</span> <span class='ocrx_word' id='word_1_24' title='bbox 1572 707 1711 783; x_wconf 82' lang='grc' dir='ltr'>μόνη</span> <span class='ocrx_word' id='word_1_25' title='bbox 1748 724 1763 740; x_wconf 78' lang='grc'><strong><em>⁵</em></strong></span> 
     </span>
    </p>
   </div>
   <div class='ocr_carea' id='block_1_5' title="bbox 603 794 1938 876">
    <p class='ocr_par' dir='ltr' id='par_1_5' title="bbox 603 794 1938 876">
     <span class='ocr_line' id='line_1_5' title="bbox 603 794 1938 876; baseline -0.008 -17"><span class='ocrx_word' id='word_1_26' title='bbox 603 801 693 859; x_wconf 85' lang='grc' dir='ltr'>Ἐν</span> <span class='ocrx_word' id='word_1_27' title='bbox 722 802 803 858; x_wconf 83' lang='grc' dir='ltr'>σοὶ</span> <span class='ocrx_word' id='word_1_28' title='bbox 833 802 1026 863; x_wconf 88' lang='grc' dir='ltr'>πόνους</span> <span class='ocrx_word' id='word_1_29' title='bbox 1070 796 1272 876; x_wconf 67' lang='grc' dir='ltr'>ἤνεγκα</span> <span class='ocrx_word' id='word_1_30' title='bbox 1303 798 1560 876; x_wconf 82' lang='grc' dir='ltr'>μακροὺς.</span> <span class='ocrx_word' id='word_1_31' title='bbox 1596 796 1686 851; x_wconf 78' lang='grc' dir='ltr'><strong>καὶ</strong></span> <span class='ocrx_word' id='word_1_32' title='bbox 1715 794 1938 872; x_wconf 84' lang='grc' dir='ltr'>κόπους,</span> 
     </span>
    </p>
   </div>
   <div class='ocr_carea' id='block_1_6' title="bbox 606 883 1714 967">
    <p class='ocr_par' dir='ltr' id='par_1_6' title="bbox 606 883 1714 967">
     <span class='ocr_line' id='line_1_6' title="bbox 606 883 1714 967; baseline -0.008 -19"><span class='ocrx_word' id='word_1_33' title='bbox 606 890 693 949; x_wconf 86' lang='grc' dir='ltr'><strong>Ἐν</strong></span> <span class='ocrx_word' id='word_1_34' title='bbox 724 892 805 947; x_wconf 81' lang='grc' dir='ltr'><strong>σοὶ</strong></span> <span class='ocrx_word' id='word_1_35' title='bbox 835 887 986 956; x_wconf 78' lang='grc' dir='ltr'>διῆξα</span> <span class='ocrx_word' id='word_1_36' title='bbox 1017 889 1204 950; x_wconf 79' lang='grc' dir='ltr'>νύκτας</span> <span class='ocrx_word' id='word_1_37' title='bbox 1235 887 1527 967; x_wconf 68' lang='grc' dir='ltr'>ἀγρύπνους</span> <span class='ocrx_word' id='word_1_38' title='bbox 1557 883 1714 957; x_wconf 81' lang='grc' dir='ltr'>ὅλας,</span> 
     </span>
    </p>
   </div>
   <div class='ocr_carea' id='block_1_7' title="bbox 442 972 1799 1057">
    <p class='ocr_par' dir='ltr' id='par_1_7' title="bbox 442 972 1799 1057">
     <span class='ocr_line' id='line_1_7' title="bbox 442 972 1799 1057; baseline -0.01 -15"><span class='ocrx_word' id='word_1_39' title='bbox 442 981 561 1043; x_wconf 71' lang='grc'><strong>495</strong></span> <span class='ocrx_word' id='word_1_40' title='bbox 604 981 694 1039; x_wconf 85' lang='grc' dir='ltr'><strong>Ἐν</strong></span> <span class='ocrx_word' id='word_1_41' title='bbox 737 981 820 1036; x_wconf 86' lang='grc' dir='ltr'><strong>σοὶ</strong></span> <span class='ocrx_word' id='word_1_42' title='bbox 862 977 1202 1057; x_wconf 79' lang='grc' dir='ltr'>διημέρευσα,</span> <span class='ocrx_word' id='word_1_43' title='bbox 1236 977 1453 1052; x_wconf 81' lang='grc' dir='ltr'>κάμνων</span> <span class='ocrx_word' id='word_1_44' title='bbox 1498 975 1552 1031; x_wconf 81' lang='grc' dir='ltr'>ἐν</span> <span class='ocrx_word' id='word_1_45' title='bbox 1598 972 1799 1053; x_wconf 81' lang='grc' dir='ltr'><strong>λόγοις,</strong></span> 
     </span>
    </p>
   </div>
   <div class='ocr_carea' id='block_1_8' title="bbox 601 1064 1911 1148">
    <p class='ocr_par' dir='ltr' id='par_1_8' title="bbox 601 1064 1911 1148">
     <span class='ocr_line' id='line_1_8' title="bbox 601 1064 1911 1148; baseline -0.008 -19"><span class='ocrx_word' id='word_1_46' title='bbox 601 1073 730 1136; x_wconf 79' lang='grc' dir='ltr'>Τοὺς</span> <span class='ocrx_word' id='word_1_47' title='bbox 760 1069 858 1146; x_wconf 77' lang='grc' dir='ltr'>μὲν</span> <span class='ocrx_word' id='word_1_48' title='bbox 881 1068 1120 1148; x_wconf 80' lang='grc' dir='ltr'>διορθῶν,</span> <span class='ocrx_word' id='word_1_49' title='bbox 1152 1068 1272 1130; x_wconf 69' lang='grc' dir='ltr'>τοὺς</span> <span class='ocrx_word' id='word_1_50' title='bbox 1304 1064 1359 1121; x_wconf 71' lang='grc' dir='ltr'><strong>δέ</strong></span> <span class='ocrx_word' id='word_1_51' title='bbox 1390 1066 1690 1123; x_wconf 75' lang='grc' dir='ltr'><strong>συντάττων</strong></span> <span class='ocrx_word' id='word_1_52' title='bbox 1721 1064 1911 1143; x_wconf 82' lang='grc' dir='ltr'>πάλιν,</span> 
     </span>
    </p>
   </div>
   <div class='ocr_carea' id='block_1_9' title="bbox 607 1151 1872 1240">
    <p class='ocr_par' dir='ltr' id='par_1_9' title="bbox 607 1151 1872 1240">
     <span class='ocr_line' id='line_1_9' title="bbox 607 1151 1872 1240; baseline -0.007 -23"><span class='ocrx_word' id='word_1_53' title='bbox 607 1160 805 1240; x_wconf 66' lang='grc' dir='ltr'>Ιςρίνων</span> <span class='ocrx_word' id='word_1_54' title='bbox 836 1162 1102 1235; x_wconf 77' lang='grc' dir='ltr'>μαθηταῖς</span> <span class='ocrx_word' id='word_1_55' title='bbox 1130 1157 1217 1213; x_wconf 80' lang='grc' dir='ltr'>καὶ</span> <span class='ocrx_word' id='word_1_56' title='bbox 1245 1155 1370 1234; x_wconf 57' lang='grc'><strong>(99)</strong></span> <span class='ocrx_word' id='word_1_57' title='bbox 1399 1152 1733 1217; x_wconf 66' lang='grc' dir='ltr'>διδασκάλοις</span> <span class='ocrx_word' id='word_1_58' title='bbox 1767 1151 1872 1233; x_wconf 76' lang='grc' dir='ltr'>ἔρις</span> 
     </span>
    </p>
   </div>
   <div class='ocr_carea' id='block_1_10' title="bbox 606 1234 1622 1324">
    <p class='ocr_par' dir='ltr' id='par_1_10' title="bbox 606 1234 1622 1324">
     <span class='ocr_line' id='line_1_10' title="bbox 606 1234 1622 1324; baseline -0.008 -18"><span class='ocrx_word' id='word_1_59' title='bbox 606 1234 846 1324; x_wconf 52' lang='lat' dir='ltr'><strong>ﬂ[:‘mozpo:</strong></span> <span class='ocrx_word' id='word_1_60' title='bbox 869 1247 943 1304; x_wconf 82' lang='grc' dir='ltr'><strong>ὢν</strong></span> <span class='ocrx_word' id='word_1_61' title='bbox 972 1245 1161 1302; x_wconf 81' lang='grc' dir='ltr'>ἕπασιν</span> <span class='ocrx_word' id='word_1_62' title='bbox 1190 1247 1262 1311; x_wconf 78' lang='grc' dir='ltr'>εἷς</span> <span class='ocrx_word' id='word_1_63' title='bbox 1294 1245 1622 1324; x_wconf 72' lang='grc' dir='ltr'>ἀποκρίσεις,</span> 
     </span>
    </p>
   </div>
   <div class='ocr_carea' id='block_1_11' title="bbox 607 1332 2066 1418">
    <p class='ocr_par' dir='ltr' id='par_1_11' title="bbox 607 1332 2066 1418">
     <span class='ocr_line' id='line_1_11' title="bbox 607 1332 2066 1418; baseline -0.007 -21"><span class='ocrx_word' id='word_1_64' title='bbox 607 1340 704 1398; x_wconf 78' lang='grc' dir='ltr'><strong>Καὶ</strong></span> <span class='ocrx_word' id='word_1_65' title='bbox 761 1337 1137 1418; x_wconf 72' lang='grc' dir='ltr'><strong>προστετηκὼς</strong></span> <span class='ocrx_word' id='word_1_66' title='bbox 1195 1348 1318 1399; x_wconf 81' lang='grc' dir='ltr'>ταῖς</span> <span class='ocrx_word' id='word_1_67' title='bbox 1374 1346 1629 1414; x_wconf 64' lang='grc' dir='ltr'>γραφαῖς,</span> <span class='ocrx_word' id='word_1_68' title='bbox 1704 1334 1791 1388; x_wconf 81' lang='grc' dir='ltr'>καὶ</span> <span class='ocrx_word' id='word_1_69' title='bbox 1832 1339 1958 1396; x_wconf 78' lang='grc' dir='ltr'>ταῦς</span> <span class='ocrx_word' id='word_1_70' title='bbox 2015 1332 2066 1408; x_wconf 81' lang='grc' dir='ltr'>βί</span> 
     </span>
    </p>
   </div>
   <div class='ocr_carea' id='block_1_12' title="bbox 1803 1418 1983 1500">
    <p class='ocr_par' dir='ltr' id='par_1_12' title="bbox 1803 1418 1983 1500">
     <span class='ocr_line' id='line_1_12' title="bbox 1803 1418 1983 1500; baseline 0.011 -23"><span class='ocrx_word' id='word_1_71' title='bbox 1803 1418 1983 1500; x_wconf 78' lang='grc' dir='ltr'>[ὅλοις</span> 
     </span>
    </p>
   </div>
   <div class='ocr_carea' id='block_1_13' title="bbox 445 1514 1739 1593">
    <p class='ocr_par' dir='ltr' id='par_1_13' title="bbox 445 1514 1739 1593">
     <span class='ocr_line' id='line_1_13' title="bbox 445 1514 1739 1593; baseline -0.01 -12"><span class='ocrx_word' id='word_1_72' title='bbox 445 1519 566 1583; x_wconf 87' lang='grc'><strong>500</strong></span> <span class='ocrx_word' id='word_1_73' title='bbox 609 1518 698 1577; x_wconf 83' lang='grc' dir='ltr'>Ἐν</span> <span class='ocrx_word' id='word_1_74' title='bbox 727 1520 808 1574; x_wconf 83' lang='grc' dir='ltr'><strong>σοὶ</strong></span> <span class='ocrx_word' id='word_1_75' title='bbox 850 1515 1046 1584; x_wconf 78' lang='grc' dir='ltr'>συνηξα</span> <span class='ocrx_word' id='word_1_76' title='bbox 1074 1516 1267 1591; x_wconf 79' lang='grc' dir='ltr'>γνῶσιν</span> <span class='ocrx_word' id='word_1_77' title='bbox 1294 1515 1353 1571; x_wconf 79' lang='grc' dir='ltr'>ἐκ</span> <span class='ocrx_word' id='word_1_78' title='bbox 1384 1514 1739 1593; x_wconf 84' lang='grc' dir='ltr'>μαθημάτων,</span> 
     </span>
    </p>
   </div>
   <div class='ocr_carea' id='block_1_14' title="bbox 604 1603 1849 1682">
    <p class='ocr_par' dir='ltr' id='par_1_14' title="bbox 604 1603 1849 1682">
     <span class='ocr_line' id='line_1_14' title="bbox 604 1603 1849 1682; baseline -0.007 -16"><span class='ocrx_word' id='word_1_79' title='bbox 604 1608 695 1666; x_wconf 84' lang='grc' dir='ltr'>Ἐν</span> <span class='ocrx_word' id='word_1_80' title='bbox 726 1611 807 1665; x_wconf 88' lang='grc' dir='ltr'><strong>σοὶ</strong></span> <span class='ocrx_word' id='word_1_81' title='bbox 837 1605 891 1662; x_wconf 75' lang='grc' dir='ltr'><strong>δὲ</strong></span> <span class='ocrx_word' id='word_1_82' title='bbox 920 1606 1121 1671; x_wconf 80' lang='grc' dir='ltr'>ταύτην</span> <span class='ocrx_word' id='word_1_83' title='bbox 1149 1618 1267 1669; x_wconf 73' lang='grc' dir='ltr'>τοῖς</span> <span class='ocrx_word' id='word_1_84' title='bbox 1295 1603 1505 1660; x_wconf 75' lang='grc' dir='ltr'>θέλουσι</span> <span class='ocrx_word' id='word_1_85' title='bbox 1535 1604 1849 1682; x_wconf 82' lang='grc' dir='ltr'>σκορπίσας,</span> 
     </span>
    </p>
   </div>
   <div class='ocr_carea' id='block_1_15' title="bbox 604 1691 1806 1775">
    <p class='ocr_par' dir='ltr' id='par_1_15' title="bbox 604 1691 1806 1775">
     <span class='ocr_line' id='line_1_15' title="bbox 604 1691 1806 1775; baseline -0.003 -20"><span class='ocrx_word' id='word_1_86' title='bbox 604 1695 841 1761; x_wconf 65' lang='grc' dir='ltr'>Πολλοὺς</span> <span class='ocrx_word' id='word_1_87' title='bbox 868 1695 1057 1775; x_wconf 76' lang='grc' dir='ltr'>σοφοὺς</span> <span class='ocrx_word' id='word_1_88' title='bbox 1088 1691 1256 1758; x_wconf 79' lang='grc' dir='ltr'><strong>ἔδειξα</strong></span> <span class='ocrx_word' id='word_1_89' title='bbox 1283 1706 1483 1769; x_wconf 74' lang='grc' dir='ltr'>προῖκα</span> <span class='ocrx_word' id='word_1_90' title='bbox 1511 1698 1619 1748; x_wconf 84' lang='grc' dir='ltr'>τῶν</span> <span class='ocrx_word' id='word_1_91' title='bbox 1647 1691 1806 1751; x_wconf 89' lang='grc' dir='ltr'>νέων.</span> 
     </span>
    </p>
   </div>
   <div class='ocr_carea' id='block_1_16' title="bbox 605 1780 2124 1862">
    <p class='ocr_par' dir='ltr' id='par_1_16' title="bbox 605 1780 2124 1862">
     <span class='ocr_line' id='line_1_16' title="bbox 605 1780 2124 1862; baseline -0.007 -18"><span class='ocrx_word' id='word_1_92' title='bbox 605 1787 821 1849; x_wconf 79' lang='grc' dir='ltr'>Τούτοις</span> <span class='ocrx_word' id='word_1_93' title='bbox 864 1783 989 1841; x_wconf 83' lang='grc' dir='ltr'>ὅλον</span> <span class='ocrx_word' id='word_1_94' title='bbox 1031 1803 1120 1862; x_wconf 90' lang='grc' dir='ltr'><strong>με,</strong></span> <span class='ocrx_word' id='word_1_95' title='bbox 1155 1782 1411 1861; x_wconf 75' lang='grc' dir='ltr'>πατρικη,</span> <span class='ocrx_word' id='word_1_96' title='bbox 1445 1781 1673 1859; x_wconf 81' lang='grc' dir='ltr'>θέλγεις,</span> <span class='ocrx_word' id='word_1_97' title='bbox 1723 1780 1910 1859; x_wconf 88' lang='grc' dir='ltr'>στέγη,</span> <span class='ocrx_word' id='word_1_98' title='bbox 2089 1780 2124 1828; x_wconf 86' lang='grc' dir='ltr'><strong>Β</strong></span> 
     </span>
    </p>
   </div>
   <div class='ocr_carea' id='block_1_17' title="bbox 606 1868 1941 1951">
    <p class='ocr_par' dir='ltr' id='par_1_17' title="bbox 606 1868 1941 1951">
     <span class='ocr_line' id='line_1_17' title="bbox 606 1868 1941 1951; baseline -0.004 -20"><span class='ocrx_word' id='word_1_99' title='bbox 606 1876 821 1939; x_wconf 85' lang='grc' dir='ltr'>Τούτοις</span> <span class='ocrx_word' id='word_1_100' title='bbox 852 1895 921 1949; x_wconf 83' lang='grc' dir='ltr'><strong>με</strong></span> <span class='ocrx_word' id='word_1_101' title='bbox 952 1872 1239 1951; x_wconf 75' lang='grc' dir='ltr'>κάμπτεις,</span> <span class='ocrx_word' id='word_1_102' title='bbox 1269 1872 1358 1927; x_wconf 75' lang='grc' dir='ltr'>καὶ</span> <span class='ocrx_word' id='word_1_103' title='bbox 1387 1869 1679 1945; x_wconf 80' lang='grc' dir='ltr'>κατακλᾷς,</span> <span class='ocrx_word' id='word_1_104' title='bbox 1713 1868 1941 1951; x_wconf 75' lang='grc' dir='ltr'>φιλτάτη</span> 
     </span>
    </p>
   </div>
   <div class='ocr_carea' id='block_1_18' title="bbox 443 1959 1738 2042">
    <p class='ocr_par' dir='ltr' id='par_1_18' title="bbox 443 1959 1738 2042">
     <span class='ocr_line' id='line_1_18' title="bbox 443 1959 1738 2042; baseline -0.005 -20"><span class='ocrx_word' id='word_1_105' title='bbox 443 1965 565 2029; x_wconf 72' lang='grc'><strong>505</strong></span> <span class='ocrx_word' id='word_1_106' title='bbox 608 1965 778 2042; x_wconf 79' lang='grc' dir='ltr'>Λόγος</span> <span class='ocrx_word' id='word_1_107' title='bbox 809 1960 863 2018; x_wconf 77' lang='grc' dir='ltr'><strong>δὲ</strong></span> <span class='ocrx_word' id='word_1_108' title='bbox 894 1968 1013 2034; x_wconf 86' lang='grc' dir='ltr'>νικᾷ</span> <span class='ocrx_word' id='word_1_109' title='bbox 1042 1961 1236 2035; x_wconf 82' lang='grc' dir='ltr'>πάντα,</span> <span class='ocrx_word' id='word_1_110' title='bbox 1272 1961 1359 2016; x_wconf 82' lang='grc' dir='ltr'>καὶ</span> <span class='ocrx_word' id='word_1_111' title='bbox 1391 1966 1524 2017; x_wconf 94' lang='grc' dir='ltr'>Θεοῦ</span> <span class='ocrx_word' id='word_1_112' title='bbox 1553 1959 1738 2029; x_wconf 80' lang='grc' dir='ltr'>πόθος,</span> 
     </span>
    </p>
   </div>
   <div class='ocr_carea' id='block_1_19' title="bbox 606 2045 1877 2131">
    <p class='ocr_par' dir='ltr' id='par_1_19' title="bbox 606 2045 1877 2131">
     <span class='ocr_line' id='line_1_19' title="bbox 606 2045 1877 2131; baseline -0.007 -19"><span class='ocrx_word' id='word_1_113' title='bbox 606 2053 789 2131; x_wconf 83' lang='grc' dir='ltr'>Τρίτον</span> <span class='ocrx_word' id='word_1_114' title='bbox 814 2049 862 2107; x_wconf 81' lang='grc' dir='ltr'>δ’</span> <span class='ocrx_word' id='word_1_115' title='bbox 893 2050 1095 2130; x_wconf 77' lang='grc' dir='ltr'>ἆρίθμει</span> <span class='ocrx_word' id='word_1_116' title='bbox 1124 2054 1223 2116; x_wconf 76' lang='grc' dir='ltr'>τῆς</span> <span class='ocrx_word' id='word_1_117' title='bbox 1267 2048 1516 2117; x_wconf 72' lang='grc' dir='ltr'>τελευτῆς</span> <span class='ocrx_word' id='word_1_118' title='bbox 1560 2053 1648 2106; x_wconf 78' lang='grc' dir='ltr'><strong>τὸν</strong></span> <span class='ocrx_word' id='word_1_119' title='bbox 1692 2045 1877 2129; x_wconf 77' lang='grc' dir='ltr'>φόϐον,</span> 
     </span>
    </p>
   </div>
   <div class='ocr_carea' id='block_1_20' title="bbox 609 2137 1715 2218">
    <p class='ocr_par' dir='ltr' id='par_1_20' title="bbox 609 2137 1715 2218">
     <span class='ocr_line' id='line_1_20' title="bbox 609 2137 1715 2218; baseline -0.004 -19"><span class='ocrx_word' id='word_1_120' title='bbox 609 2142 711 2206; x_wconf 72' lang='grc' dir='ltr'>Οἷς</span> <span class='ocrx_word' id='word_1_121' title='bbox 741 2142 812 2205; x_wconf 86' lang='grc' dir='ltr'>ὡς</span> <span class='ocrx_word' id='word_1_122' title='bbox 841 2139 1055 2215; x_wconf 80' lang='grc' dir='ltr'>μύωψιν</span> <span class='ocrx_word' id='word_1_123' title='bbox 1099 2137 1283 2217; x_wconf 73' lang='grc' dir='ltr'>ἀθρόον</span> <span class='ocrx_word' id='word_1_124' title='bbox 1313 2137 1715 2218; x_wconf 82' lang='grc' dir='ltr'>πεπληγμένος,</span> 
     </span>
    </p>
   </div>
   <div class='ocr_carea' id='block_1_21' title="bbox 627 2226 1694 2310">
    <p class='ocr_par' dir='ltr' id='par_1_21' title="bbox 627 2226 1694 2310">
     <span class='ocr_line' id='line_1_21' title="bbox 627 2226 1694 2310; baseline -0.003 -23"><span class='ocrx_word' id='word_1_125' title='bbox 627 2242 824 2310; x_wconf 67' lang='grc' dir='ltr'>ᾼπειμι</span> <span class='ocrx_word' id='word_1_126' title='bbox 855 2229 1061 2310; x_wconf 72' lang='grc' dir='ltr'>φεύγων</span> <span class='ocrx_word' id='word_1_127' title='bbox 1092 2226 1234 2285; x_wconf 74' lang='grc' dir='ltr'>ἔνθεν</span> <span class='ocrx_word' id='word_1_128' title='bbox 1265 2230 1326 2285; x_wconf 84' lang='grc' dir='ltr'><strong>οὗ</strong></span> <span class='ocrx_word' id='word_1_129' title='bbox 1353 2231 1485 2292; x_wconf 81' lang='grc' dir='ltr'>Θεὸς</span> <span class='ocrx_word' id='word_1_130' title='bbox 1525 2228 1694 2309; x_wconf 69' lang='grc' dir='ltr'>φέρει,</span> 
     </span>
    </p>
   </div>
   <div class='ocr_carea' id='block_1_22' title="bbox 600 2304 1841 2397">
    <p class='ocr_par' dir='ltr' id='par_1_22' title="bbox 600 2304 1841 2397">
     <span class='ocr_line' id='line_1_22' title="bbox 600 2304 1841 2397; baseline -0.005 -19"><span class='ocrx_word' id='word_1_131' title='bbox 600 2304 809 2378; x_wconf 65' lang='grc' dir='ltr'>Ἅλλφν</span> <span class='ocrx_word' id='word_1_132' title='bbox 840 2304 1091 2397; x_wconf 78' lang='grc' dir='ltr'>πάροικος</span> <span class='ocrx_word' id='word_1_133' title='bbox 1122 2318 1235 2373; x_wconf 81' lang='grc' dir='ltr'><strong>ἀντὶ</strong></span> <span class='ocrx_word' id='word_1_134' title='bbox 1277 2324 1369 2374; x_wconf 90' lang='grc' dir='ltr'><strong>τοῦ</strong></span> <span class='ocrx_word' id='word_1_135' title='bbox 1398 2304 1841 2397; x_wconf 42' lang='grc' dir='ltr'>χθὲς-δεσπότου,</span> 
     </span>
    </p>
   </div>
   <div class='ocr_carea' id='block_1_23' title="bbox 444 2406 1745 2489">
    <p class='ocr_par' dir='ltr' id='par_1_23' title="bbox 444 2406 1745 2489">
     <span class='ocr_line' id='line_1_23' title="bbox 444 2406 1745 2489; baseline -0.003 -22"><span class='ocrx_word' id='word_1_136' title='bbox 444 2409 562 2473; x_wconf 79' lang='grc'><strong>510</strong></span> <span class='ocrx_word' id='word_1_137' title='bbox 605 2406 941 2489; x_wconf 82' lang='grc' dir='ltr'>Προσήλυτός</span> <span class='ocrx_word' id='word_1_138' title='bbox 971 2429 1052 2471; x_wconf 87' lang='grc' dir='ltr'><strong>τις</strong></span> <span class='ocrx_word' id='word_1_139' title='bbox 1083 2408 1284 2485; x_wconf 72' lang='grc' dir='ltr'>οἰκτρὸς</span> <span class='ocrx_word' id='word_1_140' title='bbox 1315 2406 1428 2462; x_wconf 73' lang='grc' dir='ltr'>ἀντ’</span> <span class='ocrx_word' id='word_1_141' title='bbox 1461 2407 1745 2487; x_wconf 79' lang='grc' dir='ltr'>ἐγχωρίου,</span> 
     </span>
    </p>
   </div>
   <div class='ocr_carea' id='block_1_24' title="bbox 602 2494 1771 2576">
    <p class='ocr_par' dir='ltr' id='par_1_24' title="bbox 602 2494 1771 2576">
     <span class='ocr_line' id='line_1_24' title="bbox 602 2494 1771 2576; baseline -0.004 -20"><span class='ocrx_word' id='word_1_142' title='bbox 602 2498 868 2563; x_wconf 82' lang='grc' dir='ltr'>Ἀνέστιός</span> <span class='ocrx_word' id='word_1_143' title='bbox 892 2519 948 2554; x_wconf 89' lang='grc' dir='ltr'><strong>τε</strong></span> <span class='ocrx_word' id='word_1_144' title='bbox 979 2499 1066 2552; x_wconf 85' lang='grc' dir='ltr'><strong>καὶ</strong></span> <span class='ocrx_word' id='word_1_145' title='bbox 1109 2494 1259 2563; x_wconf 81' lang='grc' dir='ltr'>ξένης</span> <span class='ocrx_word' id='word_1_146' title='bbox 1290 2505 1506 2576; x_wconf 74' lang='grc' dir='ltr'>χρῃζων</span> <span class='ocrx_word' id='word_1_147' title='bbox 1550 2497 1771 2575; x_wconf 80' lang='grc' dir='ltr'>στέγης,</span> 
     </span>
    </p>
   </div>
   <div class='ocr_carea' id='block_1_25' title="bbox 602 2584 1792 2667">
    <p class='ocr_par' dir='ltr' id='par_1_25' title="bbox 602 2584 1792 2667">
     <span class='ocr_line' id='line_1_25' title="bbox 602 2584 1792 2667; baseline -0.004 -20"><span class='ocrx_word' id='word_1_148' title='bbox 602 2590 662 2647; x_wconf 86' lang='grc' dir='ltr'>Ὀ</span> <span class='ocrx_word' id='word_1_149' title='bbox 691 2588 788 2657; x_wconf 70' lang='grc' dir='ltr'>τῆς</span> <span class='ocrx_word' id='word_1_150' title='bbox 819 2589 1005 2644; x_wconf 79' lang='grc' dir='ltr'>ἑαυτοῦ</span> <span class='ocrx_word' id='word_1_151' title='bbox 1047 2586 1126 2662; x_wconf 76' lang='grc' dir='ltr'>μὴ</span> <span class='ocrx_word' id='word_1_152' title='bbox 1155 2588 1421 2667; x_wconf 75' lang='grc' dir='ltr'>φθονήσας</span> <span class='ocrx_word' id='word_1_153' title='bbox 1452 2600 1569 2650; x_wconf 71' lang='grc' dir='ltr'>τοῖς</span> <span class='ocrx_word' id='word_1_154' title='bbox 1602 2584 1792 2652; x_wconf 80' lang='grc' dir='ltr'>ξένοις.</span> 
     </span>
    </p>
   </div>
   <div class='ocr_carea' id='block_1_26' title="bbox 600 2674 1743 2756">
    <p class='ocr_par' dir='ltr' id='par_1_26' title="bbox 600 2674 1743 2756">
     <span class='ocr_line' id='line_1_26' title="bbox 600 2674 1743 2756; baseline -0.005 -20"><span class='ocrx_word' id='word_1_155' title='bbox 600 2679 753 2736; x_wconf 84' lang='grc' dir='ltr'>Ἐπεὶ</span> <span class='ocrx_word' id='word_1_156' title='bbox 784 2674 829 2732; x_wconf 83' lang='grc' dir='ltr'><strong>δ’</strong></span> <span class='ocrx_word' id='word_1_157' title='bbox 861 2676 1101 2755; x_wconf 78' lang='grc' dir='ltr'>ἀπαίρειν</span> <span class='ocrx_word' id='word_1_158' title='bbox 1126 2677 1307 2754; x_wconf 81' lang='grc' dir='ltr'>καιρὸς</span> <span class='ocrx_word' id='word_1_159' title='bbox 1338 2678 1411 2737; x_wconf 80' lang='grc' dir='ltr'>εἷς</span> <span class='ocrx_word' id='word_1_160' title='bbox 1444 2675 1743 2756; x_wconf 73' lang='grc' dir='ltr'>ἀλλοτρίαν,</span> 
     </span>
    </p>
   </div>
   <div class='ocr_carea' id='block_1_27' title="bbox 603 2763 1778 2846">
    <p class='ocr_par' dir='ltr' id='par_1_27' title="bbox 603 2763 1778 2846">
     <span class='ocr_line' id='line_1_27' title="bbox 603 2763 1778 2846; baseline -0.003 -22"><span class='ocrx_word' id='word_1_161' title='bbox 603 2769 676 2824; x_wconf 81' lang='grc' dir='ltr'>Σὺ</span> <span class='ocrx_word' id='word_1_162' title='bbox 720 2781 884 2846; x_wconf 75' lang='grc' dir='ltr'>χαῖρε</span> <span class='ocrx_word' id='word_1_163' title='bbox 907 2763 1106 2839; x_wconf 71' lang='grc' dir='ltr'>πολλὰ,</span> <span class='ocrx_word' id='word_1_164' title='bbox 1153 2763 1320 2845; x_wconf 73' lang='grc' dir='ltr'>χαῖρέ</span> <span class='ocrx_word' id='word_1_165' title='bbox 1349 2787 1439 2840; x_wconf 86' lang='grc' dir='ltr'><strong>μοι</strong></span> <span class='ocrx_word' id='word_1_166' title='bbox 1472 2766 1534 2820; x_wconf 79' lang='grc' dir='ltr'>σὺ</span> <span class='ocrx_word' id='word_1_167' title='bbox 1564 2766 1778 2843; x_wconf 88' lang='grc' dir='ltr'>γνησία,</span> 
     </span>
    </p>
   </div>
   <div class='ocr_carea' id='block_1_28' title="bbox 440 2853 1777 2933">
    <p class='ocr_par' dir='ltr' id='par_1_28' title="bbox 440 2853 1777 2933">
     <span class='ocr_line' id='line_1_28' title="bbox 440 2853 1777 2933; baseline -0.003 -20"><span class='ocrx_word' id='word_1_168' title='bbox 440 2858 560 2920; x_wconf 77' lang='grc'><strong>515</strong></span> <span class='ocrx_word' id='word_1_169' title='bbox 604 2855 753 2921; x_wconf 84' lang='grc' dir='ltr'>Ξένη</span> <span class='ocrx_word' id='word_1_170' title='bbox 782 2853 836 2911; x_wconf 71' lang='grc' dir='ltr'><strong>δὲ</strong></span> <span class='ocrx_word' id='word_1_171' title='bbox 866 2853 1069 2929; x_wconf 83' lang='grc' dir='ltr'>μᾶλλον</span> <span class='ocrx_word' id='word_1_172' title='bbox 1098 2853 1158 2909; x_wconf 69' lang='grc' dir='ltr'>ἔκ</span> <span class='ocrx_word' id='word_1_173' title='bbox 1185 2875 1246 2930; x_wconf 78' lang='grc' dir='ltr'><strong>γε</strong></span> <span class='ocrx_word' id='word_1_174' title='bbox 1276 2855 1376 2919; x_wconf 74' lang='grc' dir='ltr'>τῆς</span> <span class='ocrx_word' id='word_1_175' title='bbox 1409 2860 1494 2909; x_wconf 89' lang='grc' dir='ltr'><strong>νῦν</strong></span> <span class='ocrx_word' id='word_1_176' title='bbox 1524 2853 1728 2933; x_wconf 77' lang='grc' dir='ltr'>ἡμέρας</span> <span class='ocrx_word' id='word_1_177' title='bbox 1765 2870 1777 2882; x_wconf 91' lang='grc'><strong>·</strong></span> 
     </span>
    </p>
   </div>
   <div class='ocr_carea' id='block_1_29' title="bbox 3649 392 3810 460">
    <p class='ocr_par' dir='ltr' id='par_1_29' title="bbox 3649 392 3810 460">
     <span class='ocr_line' id='line_1_29' title="bbox 3649 392 3810 460; baseline -0.006 0"><span class='ocrx_word' id='word_1_178' title='bbox 3649 392 3810 460; x_wconf 87' lang='lat'><strong>1160</strong></span> 
     </span>
    </p>
   </div>
   <div class='ocr_carea' id='block_1_30' title="bbox 2362 509 3327 608">
    <p class='ocr_par' dir='ltr' id='par_1_30' title="bbox 2362 509 3327 608">
     <span class='ocr_line' id='line_1_30' title="bbox 2362 509 3327 608; baseline 0.002 -24"><span class='ocrx_word' id='word_1_179' title='bbox 2362 509 2532 603; x_wconf 60' lang='grc' dir='ltr'><strong>τδμως</strong></span> <span class='ocrx_word' id='word_1_180' title='bbox 2565 524 2621 582; x_wconf 77' lang='grc' dir='ltr'><strong>δὲ</strong></span> <span class='ocrx_word' id='word_1_181' title='bbox 2652 540 2840 608; x_wconf 75' lang='grc' dir='ltr'>χαῖρε,</span> <span class='ocrx_word' id='word_1_182' title='bbox 2873 532 3045 608; x_wconf 76' lang='grc' dir='ltr'>μῆτερ</span> <span class='ocrx_word' id='word_1_183' title='bbox 3087 526 3327 607; x_wconf 80' lang='grc' dir='ltr'>δευτέρα,</span> 
     </span>
    </p>
   </div>
   <div class='ocr_carea' id='block_1_31' title="bbox 2354 608 3424 695">
    <p class='ocr_par' dir='ltr' id='par_1_31' title="bbox 2354 608 3424 695">
     <span class='ocr_line' id='line_1_31' title="bbox 2354 608 3424 695; baseline 0.001 -22"><span class='ocrx_word' id='word_1_184' title='bbox 2354 608 2415 673; x_wconf 50' lang='grc' dir='ltr'><strong>(Η</strong></span> <span class='ocrx_word' id='word_1_185' title='bbox 2446 618 2533 674; x_wconf 84' lang='grc' dir='ltr'><strong>καὶ</strong></span> <span class='ocrx_word' id='word_1_186' title='bbox 2562 617 2916 694; x_wconf 77' lang='grc' dir='ltr'>τιθηνήσασα,</span> <span class='ocrx_word' id='word_1_187' title='bbox 2947 620 3033 673; x_wconf 85' lang='grc' dir='ltr'>καὶ</span> <span class='ocrx_word' id='word_1_188' title='bbox 3064 616 3304 695; x_wconf 82' lang='grc' dir='ltr'>θρέψασά</span> <span class='ocrx_word' id='word_1_189' title='bbox 3334 640 3424 694; x_wconf 86' lang='grc' dir='ltr'><strong>με,</strong></span> 
     </span>
    </p>
   </div>
   <div class='ocr_carea' id='block_1_32' title="bbox 2351 705 3482 788">
    <p class='ocr_par' dir='ltr' id='par_1_32' title="bbox 2351 705 3482 788">
     <span class='ocr_line' id='line_1_32' title="bbox 2351 705 3482 788; baseline 0.001 -24"><span class='ocrx_word' id='word_1_190' title='bbox 2351 707 2447 764; x_wconf 81' lang='grc' dir='ltr'><strong>Καὶ</strong></span> <span class='ocrx_word' id='word_1_191' title='bbox 2476 707 2609 785; x_wconf 80' lang='grc' dir='ltr'>πρὸς</span> <span class='ocrx_word' id='word_1_192' title='bbox 2650 705 2854 763; x_wconf 87' lang='grc' dir='ltr'>τέλειον</span> <span class='ocrx_word' id='word_1_193' title='bbox 2886 706 3076 786; x_wconf 81' lang='grc' dir='ltr'>μέτρον</span> <span class='ocrx_word' id='word_1_194' title='bbox 3105 705 3235 772; x_wconf 78' lang='grc' dir='ltr'>ἐξέτι</span> <span class='ocrx_word' id='word_1_195' title='bbox 3262 706 3482 788; x_wconf 77' lang='grc' dir='ltr'>βρέφους</span> 
     </span>
    </p>
   </div>
   <div class='ocr_carea' id='block_1_33' title="bbox 2344 798 3362 880">
    <p class='ocr_par' dir='ltr' id='par_1_33' title="bbox 2344 798 3362 880">
     <span class='ocr_line' id='line_1_33' title="bbox 2344 798 3362 880; baseline 0.003 -25"><span class='ocrx_word' id='word_1_196' title='bbox 2344 798 2729 879; x_wconf 82' lang='grc' dir='ltr'>Ἀπαρτίσασα,</span> <span class='ocrx_word' id='word_1_197' title='bbox 2763 802 2850 856; x_wconf 84' lang='grc' dir='ltr'><strong>καὶ</strong></span> <span class='ocrx_word' id='word_1_198' title='bbox 2883 801 3244 880; x_wconf 79' lang='grc' dir='ltr'>καταρτίσασά</span> <span class='ocrx_word' id='word_1_199' title='bbox 3274 822 3362 876; x_wconf 88' lang='grc' dir='ltr'>με.</span> 
     </span>
    </p>
   </div>
   <div class='ocr_carea' id='block_1_34' title="bbox 2188 883 3802 969">
    <p class='ocr_par' dir='ltr' id='par_1_34' title="bbox 2188 883 3802 969">
     <span class='ocr_line' id='line_1_34' title="bbox 2188 883 3802 969; baseline 0 -21"><span class='ocrx_word' id='word_1_200' title='bbox 2188 883 2307 948; x_wconf 69' lang='grc'><strong>520</strong></span> <span class='ocrx_word' id='word_1_201' title='bbox 2350 894 2453 945; x_wconf 80' lang='grc' dir='ltr'>Νῦν</span> <span class='ocrx_word' id='word_1_202' title='bbox 2481 885 2529 943; x_wconf 85' lang='grc' dir='ltr'>δ’</span> <span class='ocrx_word' id='word_1_203' title='bbox 2571 886 2761 951; x_wconf 78' lang='grc' dir='ltr'>ἄλλους</span> <span class='ocrx_word' id='word_1_204' title='bbox 2784 886 2916 954; x_wconf 81' lang='grc' dir='ltr'>ἕξεις</span> <span class='ocrx_word' id='word_1_205' title='bbox 2947 889 3035 955; x_wconf 86' lang='grc' dir='ltr'>οός</span> <span class='ocrx_word' id='word_1_206' title='bbox 3079 886 3399 953; x_wconf 77' lang='grc' dir='ltr'>παιδεύσεις.</span> <span class='ocrx_word' id='word_1_207' title='bbox 3455 892 3544 947; x_wconf 77' lang='grc' dir='ltr'><strong>καὶ</strong></span> <span class='ocrx_word' id='word_1_208' title='bbox 3568 890 3802 969; x_wconf 76' lang='grc' dir='ltr'>θρέψεις,</span> 
     </span>
    </p>
   </div>
   <div class='ocr_carea' id='block_1_35' title="bbox 2366 974 3517 1059">
    <p class='ocr_par' dir='ltr' id='par_1_35' title="bbox 2366 974 3517 1059">
     <span class='ocr_line' id='line_1_35' title="bbox 2366 974 3517 1059; baseline 0 -26"><span class='ocrx_word' id='word_1_209' title='bbox 2366 974 2557 1041; x_wconf 76' lang='grc' dir='ltr'>Αλλοις</span> <span class='ocrx_word' id='word_1_210' title='bbox 2587 974 2826 1056; x_wconf 76' lang='grc' dir='ltr'>παρέξεις</span> <span class='ocrx_word' id='word_1_211' title='bbox 2855 980 2989 1057; x_wconf 80' lang='grc' dir='ltr'>πρὸς</span> <span class='ocrx_word' id='word_1_212' title='bbox 3018 975 3207 1057; x_wconf 85' lang='grc' dir='ltr'>λόγους</span> <span class='ocrx_word' id='word_1_213' title='bbox 3231 977 3517 1059; x_wconf 65' lang='grc' dir='ltr'>εὐκαιρίαν,</span> 
     </span>
    </p>
   </div>
   <div class='ocr_carea' id='block_1_36' title="bbox 2348 1064 3565 1146">
    <p class='ocr_par' dir='ltr' id='par_1_36' title="bbox 2348 1064 3565 1146">
     <span class='ocr_line' id='line_1_36' title="bbox 2348 1064 3565 1146; baseline 0.003 -25"><span class='ocrx_word' id='word_1_214' title='bbox 2348 1064 2517 1146; x_wconf 79' lang='grc' dir='ltr'>Εἴπερ</span> <span class='ocrx_word' id='word_1_215' title='bbox 2544 1064 2735 1144; x_wconf 75' lang='grc' dir='ltr'>λύγους</span> <span class='ocrx_word' id='word_1_216' title='bbox 2767 1066 3097 1146; x_wconf 83' lang='grc' dir='ltr'>στέργουσιν,</span> <span class='ocrx_word' id='word_1_217' title='bbox 3126 1069 3262 1142; x_wconf 80' lang='grc' dir='ltr'>ἡμῖν</span> <span class='ocrx_word' id='word_1_218' title='bbox 3294 1065 3339 1123; x_wconf 84' lang='grc' dir='ltr'>δ’</span> <span class='ocrx_word' id='word_1_219' title='bbox 3370 1068 3565 1131; x_wconf 76' lang='grc' dir='ltr'>οὐκέτι,</span> 
     </span>
    </p>
   </div>
   <div class='ocr_carea' id='block_1_37' title="bbox 2347 1151 3508 1239">
    <p class='ocr_par' dir='ltr' id='par_1_37' title="bbox 2347 1151 3508 1239">
     <span class='ocr_line' id='line_1_37' title="bbox 2347 1151 3508 1239; baseline 0.003 -29"><span class='ocrx_word' id='word_1_220' title='bbox 2347 1154 2528 1225; x_wconf 77' lang='grc' dir='ltr'>Σώζου</span> <span class='ocrx_word' id='word_1_221' title='bbox 2557 1151 2637 1229; x_wconf 75' lang='grc' dir='ltr'><strong>δὲ,</strong></span> <span class='ocrx_word' id='word_1_222' title='bbox 2669 1156 2837 1225; x_wconf 80' lang='grc' dir='ltr'>σώζου</span> <span class='ocrx_word' id='word_1_223' title='bbox 2878 1157 2966 1212; x_wconf 81' lang='grc' dir='ltr'>καὶ</span> <span class='ocrx_word' id='word_1_224' title='bbox 2998 1156 3085 1231; x_wconf 82' lang='grc' dir='ltr'>σὺ,</span> <span class='ocrx_word' id='word_1_225' title='bbox 3119 1157 3286 1224; x_wconf 85' lang='grc' dir='ltr'>πιστή</span> <span class='ocrx_word' id='word_1_226' title='bbox 3317 1179 3508 1239; x_wconf 80' lang='grc' dir='ltr'>γωνια,</span> 
     </span>
    </p>
   </div>
   <div class='ocr_carea' id='block_1_38' title="bbox 2350 1241 3478 1324">
    <p class='ocr_par' dir='ltr' id='par_1_38' title="bbox 2350 1241 3478 1324">
     <span class='ocr_line' id='line_1_38' title="bbox 2350 1241 3478 1324; baseline 0.003 -25"><span class='ocrx_word' id='word_1_227' title='bbox 2350 1243 2437 1301; x_wconf 86' lang='grc' dir='ltr'>Ἐν</span> <span class='ocrx_word' id='word_1_228' title='bbox 2480 1245 2517 1309; x_wconf 80' lang='grc' dir='ltr'><strong>ἦ</strong></span> <span class='ocrx_word' id='word_1_229' title='bbox 2547 1241 2720 1300; x_wconf 86' lang='grc' dir='ltr'>λαθὼν</span> <span class='ocrx_word' id='word_1_230' title='bbox 2762 1242 2926 1314; x_wconf 73' lang='grc' dir='ltr'>ἔζησα</span> <span class='ocrx_word' id='word_1_231' title='bbox 2954 1247 3046 1301; x_wconf 82' lang='grc' dir='ltr'>τὸν</span> <span class='ocrx_word' id='word_1_232' title='bbox 3076 1247 3177 1324; x_wconf 80' lang='grc' dir='ltr'>πρὸ</span> <span class='ocrx_word' id='word_1_233' title='bbox 3207 1254 3299 1303; x_wconf 83' lang='grc' dir='ltr'><strong>τοῦ</strong></span> <span class='ocrx_word' id='word_1_234' title='bbox 3341 1245 3478 1321; x_wconf 85' lang='grc' dir='ltr'>βίου,</span> 
     </span>
    </p>
   </div>
   <div class='ocr_carea' id='block_1_39' title="bbox 2188 1324 3584 1414">
    <p class='ocr_par' dir='ltr' id='par_1_39' title="bbox 2188 1324 3584 1414">
     <span class='ocr_line' id='line_1_39' title="bbox 2188 1324 3584 1414; baseline -0.001 -22"><span class='ocrx_word' id='word_1_235' title='bbox 2188 1329 2306 1393; x_wconf 72' lang='grc'><strong>525</strong></span> <span class='ocrx_word' id='word_1_236' title='bbox 2355 1324 2539 1409; x_wconf 67' lang='grc' dir='ltr'>’Υμεϊς</span> <span class='ocrx_word' id='word_1_237' title='bbox 2570 1353 2627 1389; x_wconf 93' lang='grc' dir='ltr'>τε</span> <span class='ocrx_word' id='word_1_238' title='bbox 2658 1335 2886 1414; x_wconf 79' lang='grc' dir='ltr'>χρηστοὶ</span> <span class='ocrx_word' id='word_1_239' title='bbox 2929 1336 3157 1413; x_wconf 83' lang='grc' dir='ltr'>γείτονες</span> <span class='ocrx_word' id='word_1_240' title='bbox 3187 1334 3438 1405; x_wconf 82' lang='grc' dir='ltr'>σώζοισθέ</span> <span class='ocrx_word' id='word_1_241' title='bbox 3469 1356 3584 1411; x_wconf 86' lang='grc' dir='ltr'>μοι,</span> 
     </span>
    </p>
   </div>
   <div class='ocr_carea' id='block_1_40' title="bbox 2311 1421 3806 1503">
    <p class='ocr_par' dir='ltr' id='par_1_40' title="bbox 2311 1421 3806 1503">
     <span class='ocr_line' id='line_1_40' title="bbox 2311 1421 3806 1503; baseline 0.001 -24"><span class='ocrx_word' id='word_1_242' title='bbox 2311 1421 2405 1479; x_wconf 79' lang='grc' dir='ltr'><strong>Καὶ</strong></span> <span class='ocrx_word' id='word_1_243' title='bbox 2458 1427 2535 1496; x_wconf 83' lang='grc' dir='ltr'><strong>τῷ</strong></span> <span class='ocrx_word' id='word_1_244' title='bbox 2574 1422 2639 1472; x_wconf 72' lang='lat'><strong>55</strong></span> <span class='ocrx_word' id='word_1_245' title='bbox 2689 1429 2986 1501; x_wconf 80' lang='grc' dir='ltr'>μακρυσμῷ</span> <span class='ocrx_word' id='word_1_246' title='bbox 3049 1421 3172 1503; x_wconf 86' lang='grc'><strong>(30)</strong></span> <span class='ocrx_word' id='word_1_247' title='bbox 3234 1423 3312 1497; x_wconf 79' lang='grc' dir='ltr'>μὴ</span> <span class='ocrx_word' id='word_1_248' title='bbox 3384 1423 3806 1502; x_wconf 83' lang='grc' dir='ltr'>σκυθρωπάζοιτέ</span> 
     </span>
    </p>
   </div>
   <div class='ocr_carea' id='block_1_41' title="bbox 3582 1510 3721 1593">
    <p class='ocr_par' dir='ltr' id='par_1_41' title="bbox 3582 1510 3721 1593">
     <span class='ocr_line' id='line_1_41' title="bbox 3582 1510 3721 1593; baseline -0.029 0"><span class='ocrx_word' id='word_1_249' title='bbox 3582 1510 3721 1593; x_wconf 68' lang='grc' dir='ltr'>[μοι.</span> 
     </span>
    </p>
   </div>
   <div class='ocr_carea' id='block_1_42' title="bbox 2352 1599 3569 1681">
    <p class='ocr_par' dir='ltr' id='par_1_42' title="bbox 2352 1599 3569 1681">
     <span class='ocr_line' id='line_1_42' title="bbox 2352 1599 3569 1681; baseline 0.001 -25"><span class='ocrx_word' id='word_1_250' title='bbox 2352 1600 2569 1681; x_wconf 74' lang='grc' dir='ltr'>ῌάντων</span> <span class='ocrx_word' id='word_1_251' title='bbox 2598 1601 2698 1681; x_wconf 84' lang='grc' dir='ltr'><strong>γὰρ</strong></span> <span class='ocrx_word' id='word_1_252' title='bbox 2725 1602 2760 1669; x_wconf 80' lang='grc' dir='ltr'>ἡ</span> <span class='ocrx_word' id='word_1_253' title='bbox 2794 1602 2916 1681; x_wconf 86' lang='grc' dir='ltr'>χεὶρ</span> <span class='ocrx_word' id='word_1_254' title='bbox 2957 1606 3050 1656; x_wconf 88' lang='grc' dir='ltr'><strong>τοῦ</strong></span> <span class='ocrx_word' id='word_1_255' title='bbox 3082 1607 3214 1657; x_wconf 86' lang='grc' dir='ltr'>Θεοῦ</span> <span class='ocrx_word' id='word_1_256' title='bbox 3242 1599 3569 1679; x_wconf 80' lang='grc' dir='ltr'>δεδραγμένη</span> 
     </span>
    </p>
   </div>
   <div class='ocr_carea' id='block_1_43' title="bbox 2354 1679 3522 1769">
    <p class='ocr_par' dir='ltr' id='par_1_43' title="bbox 2354 1679 3522 1769">
     <span class='ocr_line' id='line_1_43' title="bbox 2354 1679 3522 1769; baseline 0.001 -24"><span class='ocrx_word' id='word_1_257' title='bbox 2354 1679 2501 1769; x_wconf 52' lang='lat' dir='ltr'><strong>:Péov</strong></span> <span class='ocrx_word' id='word_1_258' title='bbox 2543 1679 2738 1765; x_wconf 83' lang='grc' dir='ltr'>τίθησι,</span> <span class='ocrx_word' id='word_1_259' title='bbox 2786 1679 2873 1746; x_wconf 82' lang='grc' dir='ltr'>καὶ</span> <span class='ocrx_word' id='word_1_260' title='bbox 2915 1691 2982 1745; x_wconf 73' lang='grc' dir='ltr'>τὰ</span> <span class='ocrx_word' id='word_1_261' title='bbox 3012 1692 3219 1769; x_wconf 72' lang='grc' dir='ltr'>μακρὰν</span> <span class='ocrx_word' id='word_1_262' title='bbox 3247 1689 3475 1758; x_wconf 83' lang='grc' dir='ltr'>πλησίον</span> <span class='ocrx_word' id='word_1_263' title='bbox 3508 1706 3522 1719; x_wconf 74' lang='grc'><strong>⁸</strong></span> 
     </span>
    </p>
   </div>
   <div class='ocr_carea' id='block_1_44' title="bbox 2354 1761 3411 1859">
    <p class='ocr_par' dir='ltr' id='par_1_44' title="bbox 2354 1761 3411 1859">
     <span class='ocr_line' id='line_1_44' title="bbox 2354 1761 3411 1859; baseline 0.004 -24"><span class='ocrx_word' id='word_1_264' title='bbox 2354 1761 2482 1844; x_wconf 57' lang='grc' dir='ltr'><strong>τἘως</strong></span> <span class='ocrx_word' id='word_1_265' title='bbox 2513 1777 2708 1856; x_wconf 79' lang='grc' dir='ltr'>συνάξῃ</span> <span class='ocrx_word' id='word_1_266' title='bbox 2735 1780 2939 1842; x_wconf 84' lang='grc' dir='ltr'>πάντας</span> <span class='ocrx_word' id='word_1_267' title='bbox 2966 1781 3038 1841; x_wconf 82' lang='grc' dir='ltr'><strong>εἰς</strong></span> <span class='ocrx_word' id='word_1_268' title='bbox 3067 1780 3233 1859; x_wconf 82' lang='grc' dir='ltr'>κρίσιν</span> <span class='ocrx_word' id='word_1_269' title='bbox 3261 1780 3411 1855; x_wconf 88' lang='grc' dir='ltr'>μίαν.</span> 
     </span>
    </p>
   </div>
   <div class='ocr_carea' id='block_1_45' title="bbox 2430 1859 3519 1936">
    <p class='ocr_par' dir='ltr' id='par_1_45' title="bbox 2430 1859 3519 1936">
     <span class='ocr_line' id='line_1_45' title="bbox 2430 1859 3519 1936; baseline 0.003 -12"><span class='ocrx_word' id='word_1_270' title='bbox 2430 1859 2562 1928; x_wconf 80' lang='grc' dir='ltr'><strong>ΜΖ’.</strong></span> <span class='ocrx_word' id='word_1_271' title='bbox 2603 1891 2627 1924; x_wconf 78' lang='grc' dir='ltr'>α</span> <span class='ocrx_word' id='word_1_272' title='bbox 2683 1878 2782 1926; x_wconf 87' lang='grc' dir='ltr'><strong>Οτε</strong></span> <span class='ocrx_word' id='word_1_273' title='bbox 2829 1869 2930 1936; x_wconf 81' lang='grc' dir='ltr'><strong>τὴν</strong></span> <span class='ocrx_word' id='word_1_274' title='bbox 2957 1869 3123 1925; x_wconf 81' lang='grc' dir='ltr'>οἰκίαν</span> <span class='ocrx_word' id='word_1_275' title='bbox 3156 1867 3442 1932; x_wconf 80' lang='grc' dir='ltr'>ἀπέλαϐεν.</span> <span class='ocrx_word' id='word_1_276' title='bbox 3493 1890 3519 1927; x_wconf 70' lang='grc' dir='ltr'><strong><em>ι</em></strong></span> 
     </span>
    </p>
   </div>
   <div class='ocr_carea' id='block_1_46' title="bbox 2189 1937 3618 2039">
    <p class='ocr_par' dir='ltr' id='par_1_46' title="bbox 2189 1937 3618 2039">
     <span class='ocr_line' id='line_1_46' title="bbox 2189 1937 3618 2039; baseline -0.005 -19"><span class='ocrx_word' id='word_1_277' title='bbox 2189 1954 2307 2020; x_wconf 84' lang='grc'><strong>530</strong></span> <span class='ocrx_word' id='word_1_278' title='bbox 2359 1937 2505 2037; x_wconf 56' lang='grc' dir='ltr'>υΕχω</span> <span class='ocrx_word' id='word_1_279' title='bbox 2531 1956 2691 2015; x_wconf 85' lang='grc' dir='ltr'>πάλιν</span> <span class='ocrx_word' id='word_1_280' title='bbox 2722 1978 2804 2039; x_wconf 88' lang='grc' dir='ltr'><strong>σε,</strong></span> <span class='ocrx_word' id='word_1_281' title='bbox 2837 1960 2925 2014; x_wconf 84' lang='grc' dir='ltr'><strong>καὶ</strong></span> <span class='ocrx_word' id='word_1_282' title='bbox 2954 1956 3137 2035; x_wconf 87' lang='grc' dir='ltr'>βλέπω</span> <span class='ocrx_word' id='word_1_283' title='bbox 3163 1959 3262 2025; x_wconf 76' lang='grc' dir='ltr'><strong>τὴν</strong></span> <span class='ocrx_word' id='word_1_284' title='bbox 3305 1956 3565 2038; x_wconf 77' lang='grc' dir='ltr'>φιλτάτην</span> <span class='ocrx_word' id='word_1_285' title='bbox 3604 1972 3618 1986; x_wconf 77' lang='grc'><strong><em>⁸</em></strong></span> 
     </span>
    </p>
   </div>
   <div class='ocr_carea' id='block_1_47' title="bbox 2348 2045 3498 2127">
    <p class='ocr_par' dir='ltr' id='par_1_47' title="bbox 2348 2045 3498 2127">
     <span class='ocr_line' id='line_1_47' title="bbox 2348 2045 3498 2127; baseline 0.001 -25"><span class='ocrx_word' id='word_1_286' title='bbox 2348 2045 2496 2112; x_wconf 85' lang='grc' dir='ltr'>Πλὴν</span> <span class='ocrx_word' id='word_1_287' title='bbox 2527 2047 2699 2104; x_wconf 67' lang='grc' dir='ltr'>οὖκέτι</span> <span class='ocrx_word' id='word_1_288' title='bbox 2731 2045 2929 2125; x_wconf 80' lang='grc' dir='ltr'>κλῆρόν</span> <span class='ocrx_word' id='word_1_289' title='bbox 2958 2068 3015 2103; x_wconf 86' lang='grc' dir='ltr'><strong>σε</strong></span> <span class='ocrx_word' id='word_1_290' title='bbox 3047 2049 3302 2127; x_wconf 83' lang='grc' dir='ltr'>πατρικὸν</span> <span class='ocrx_word' id='word_1_291' title='bbox 3332 2045 3498 2126; x_wconf 88' lang='grc' dir='ltr'>λέγω,</span> 
     </span>
    </p>
   </div>
   <div class='ocr_carea' id='block_1_48' title="bbox 2346 2134 3503 2216">
    <p class='ocr_par' dir='ltr' id='par_1_48' title="bbox 2346 2134 3503 2216">
     <span class='ocr_line' id='line_1_48' title="bbox 2346 2134 3503 2216; baseline -0.003 -23"><span class='ocrx_word' id='word_1_292' title='bbox 2346 2143 2573 2216; x_wconf 81' lang='grc' dir='ltr'>Χριστοῦ</span> <span class='ocrx_word' id='word_1_293' title='bbox 2614 2134 2671 2191; x_wconf 82' lang='grc' dir='ltr'><strong>δὲ</strong></span> <span class='ocrx_word' id='word_1_294' title='bbox 2701 2134 2907 2192; x_wconf 82' lang='grc' dir='ltr'>πᾶλλον</span> <span class='ocrx_word' id='word_1_295' title='bbox 2935 2134 3099 2215; x_wconf 80' lang='grc' dir='ltr'>δῶρον</span> <span class='ocrx_word' id='word_1_296' title='bbox 3128 2137 3503 2214; x_wconf 79' lang='grc' dir='ltr'>ἠγαπημένον,</span> 
     </span>
    </p>
   </div>
   <div class='ocr_carea' id='block_1_49' title="bbox 2345 2225 3461 2306">
    <p class='ocr_par' dir='ltr' id='par_1_49' title="bbox 2345 2225 3461 2306">
     <span class='ocr_line' id='line_1_49' title="bbox 2345 2225 3461 2306; baseline 0 -24"><span class='ocrx_word' id='word_1_297' title='bbox 2345 2227 2506 2306; x_wconf 73' lang='grc' dir='ltr'>Χάριν</span> <span class='ocrx_word' id='word_1_298' title='bbox 2531 2247 2588 2281; x_wconf 83' lang='grc' dir='ltr'><strong>τε</strong></span> <span class='ocrx_word' id='word_1_299' title='bbox 2617 2225 2866 2305; x_wconf 79' lang='grc' dir='ltr'>λαμπρὰν</span> <span class='ocrx_word' id='word_1_300' title='bbox 2898 2228 3142 2290; x_wconf 76' lang='grc' dir='ltr'>εὐσεκοῦς</span> <span class='ocrx_word' id='word_1_301' title='bbox 3172 2226 3461 2303; x_wconf 82' lang='grc' dir='ltr'>βασιλέως,</span> 
     </span>
    </p>
   </div>
   <div class='ocr_carea' id='block_1_50' title="bbox 2343 2314 3447 2395">
    <p class='ocr_par' dir='ltr' id='par_1_50' title="bbox 2343 2314 3447 2395">
     <span class='ocr_line' id='line_1_50' title="bbox 2343 2314 3447 2395; baseline -0.003 -21"><span class='ocrx_word' id='word_1_302' title='bbox 2343 2316 2409 2374; x_wconf 83' lang='grc' dir='ltr'><strong>Ο’ί</strong></span> <span class='ocrx_word' id='word_1_303' title='bbox 2443 2339 2534 2391; x_wconf 90' lang='grc' dir='ltr'><strong>μοι</strong></span> <span class='ocrx_word' id='word_1_304' title='bbox 2565 2314 2818 2392; x_wconf 72' lang='grc' dir='ltr'>γλυκεῖαν</span> <span class='ocrx_word' id='word_1_305' title='bbox 2847 2318 3275 2395; x_wconf 62' lang='grc' dir='ltr'>προσ-τεθεικότες</span> <span class='ocrx_word' id='word_1_306' title='bbox 3305 2317 3447 2393; x_wconf 80' lang='grc' dir='ltr'>βίαν,</span> 
     </span>
    </p>
   </div>
   <div class='ocr_carea' id='block_1_51' title="bbox 2183 2403 3444 2485">
    <p class='ocr_par' dir='ltr' id='par_1_51' title="bbox 2183 2403 3444 2485">
     <span class='ocr_line' id='line_1_51' title="bbox 2183 2403 3444 2485; baseline -0.003 -19"><span class='ocrx_word' id='word_1_307' title='bbox 2183 2403 2300 2466; x_wconf 84' lang='grc'><strong>535</strong></span> <span class='ocrx_word' id='word_1_308' title='bbox 2348 2404 2708 2484; x_wconf 81' lang='grc' dir='ltr'>Παλίντροπον</span> <span class='ocrx_word' id='word_1_309' title='bbox 2734 2404 3043 2485; x_wconf 74' lang='grc' dir='ltr'>στρέφουσιν</span> <span class='ocrx_word' id='word_1_310' title='bbox 3064 2404 3209 2469; x_wconf 69' lang='grc' dir='ltr'>αὖθις</span> <span class='ocrx_word' id='word_1_311' title='bbox 3241 2403 3444 2466; x_wconf 78' lang='grc' dir='ltr'>ἐνθάδε.</span> 
     </span>
    </p>
   </div>
   <div class='ocr_carea' id='block_1_52' title="bbox 2346 2492 3528 2570">
    <p class='ocr_par' dir='ltr' id='par_1_52' title="bbox 2346 2492 3528 2570">
     <span class='ocr_line' id='line_1_52' title="bbox 2346 2492 3528 2570; baseline 0.001 -19"><span class='ocrx_word' id='word_1_312' title='bbox 2346 2493 2407 2551; x_wconf 86' lang='grc' dir='ltr'>Ὀ</span> <span class='ocrx_word' id='word_1_313' title='bbox 2439 2493 2535 2569; x_wconf 77' lang='grc' dir='ltr'>μὲν</span> <span class='ocrx_word' id='word_1_314' title='bbox 2578 2493 2695 2551; x_wconf 88' lang='grc' dir='ltr'>καθ’</span> <span class='ocrx_word' id='word_1_315' title='bbox 2728 2493 2917 2560; x_wconf 79' lang='grc' dir='ltr'>ὕπνους</span> <span class='ocrx_word' id='word_1_316' title='bbox 2960 2492 3128 2559; x_wconf 74' lang='grc' dir='ltr'>δεξιὰν</span> <span class='ocrx_word' id='word_1_317' title='bbox 3159 2496 3299 2551; x_wconf 81' lang='grc' dir='ltr'>θείαν</span> <span class='ocrx_word' id='word_1_318' title='bbox 3324 2494 3528 2570; x_wconf 76' lang='grc' dir='ltr'>νέμων,</span> 
     </span>
    </p>
   </div>
   <div class='ocr_carea' id='block_1_53' title="bbox 2350 2581 3587 2664">
    <p class='ocr_par' dir='ltr' id='par_1_53' title="bbox 2350 2581 3587 2664">
     <span class='ocr_line' id='line_1_53' title="bbox 2350 2581 3587 2664; baseline 0 -24"><span class='ocrx_word' id='word_1_319' title='bbox 2350 2584 2446 2641; x_wconf 83' lang='grc' dir='ltr'><strong>Καὶ</strong></span> <span class='ocrx_word' id='word_1_320' title='bbox 2476 2584 2605 2662; x_wconf 80' lang='grc' dir='ltr'>πρὸς</span> <span class='ocrx_word' id='word_1_321' title='bbox 2637 2584 2702 2639; x_wconf 74' lang='grc' dir='ltr'>τὰ</span> <span class='ocrx_word' id='word_1_322' title='bbox 2743 2581 2867 2660; x_wconf 75' lang='grc' dir='ltr'>τῇδε</span> <span class='ocrx_word' id='word_1_323' title='bbox 2896 2581 3157 2649; x_wconf 78' lang='grc' dir='ltr'>πολλάκις</span> <span class='ocrx_word' id='word_1_324' title='bbox 3189 2581 3358 2640; x_wconf 77' lang='grc' dir='ltr'>δοκῶν</span> <span class='ocrx_word' id='word_1_325' title='bbox 3390 2582 3539 2664; x_wconf 79' lang='grc' dir='ltr'>ἄγειν</span> <span class='ocrx_word' id='word_1_326' title='bbox 3574 2600 3587 2615; x_wconf 83' lang='grc'><strong><em>⁸</em></strong></span> 
     </span>
    </p>
   </div>
   <div class='ocr_carea' id='block_1_54' title="bbox 2348 2663 3561 2755">
    <p class='ocr_par' dir='ltr' id='par_1_54' title="bbox 2348 2663 3561 2755">
     <span class='ocr_line' id='line_1_54' title="bbox 2348 2663 3561 2755; baseline -0.002 -26"><span class='ocrx_word' id='word_1_327' title='bbox 2348 2663 2405 2729; x_wconf 65' lang='grc' dir='ltr'>Ὀ</span> <span class='ocrx_word' id='word_1_328' title='bbox 2436 2670 2490 2729; x_wconf 74' lang='grc' dir='ltr'><strong>δὲ</strong></span> <span class='ocrx_word' id='word_1_329' title='bbox 2520 2671 2799 2752; x_wconf 77' lang='grc' dir='ltr'>προδήλως</span> <span class='ocrx_word' id='word_1_330' title='bbox 2830 2673 2929 2740; x_wconf 78' lang='grc' dir='ltr'><strong>τὴν</strong></span> <span class='ocrx_word' id='word_1_331' title='bbox 2956 2672 3197 2751; x_wconf 83' lang='grc' dir='ltr'>ἀνάγκην</span> <span class='ocrx_word' id='word_1_332' title='bbox 3226 2663 3561 2755; x_wconf 78' lang='grc' dir='ltr'>προσφέρων,</span> 
     </span>
    </p>
   </div>
   <div class='ocr_carea' id='block_1_55' title="bbox 2346 2759 3643 2842">
    <p class='ocr_par' dir='ltr' id='par_1_55' title="bbox 2346 2759 3643 2842">
     <span class='ocr_line' id='line_1_55' title="bbox 2346 2759 3643 2842; baseline 0.025 -46"><span class='ocrx_word' id='word_1_333' title='bbox 2346 2763 2445 2819; x_wconf 66' lang='grc' dir='ltr'><strong>Καὶ</strong></span> <span class='ocrx_word' id='word_1_334' title='bbox 2476 2766 2571 2828; x_wconf 68' lang='grc' dir='ltr'><strong>τῆς</strong></span> <span class='ocrx_word' id='word_1_335' title='bbox 2600 2761 2849 2840; x_wconf 59' lang='grc' dir='ltr'>πατρῴας</span> <span class='ocrx_word' id='word_1_336' title='bbox 2892 2761 2991 2828; x_wconf 78' lang='grc' dir='ltr'><strong>τὴν</strong></span> <span class='ocrx_word' id='word_1_337' title='bbox 3018 2759 3084 2811; x_wconf 78' lang='grc'><strong>56</strong></span> <span class='ocrx_word' id='word_1_338' title='bbox 3108 2761 3405 2830; x_wconf 79' lang='grc' dir='ltr'>ἀνάκλησιν</span> <span class='ocrx_word' id='word_1_339' title='bbox 3448 2763 3643 2842; x_wconf 80' lang='grc' dir='ltr'>στέγης</span> 
     </span>
    </p>
   </div>
   <div class='ocr_carea' id='block_1_56' title="bbox 2176 2844 3763 2933">
    <p class='ocr_par' dir='ltr' id='par_1_56' title="bbox 2176 2844 3763 2933">
     <span class='ocr_line' id='line_1_56' title="bbox 2176 2844 3763 2933; baseline 0.004 -28"><span class='ocrx_word' id='word_1_340' title='bbox 2176 2852 2295 2915; x_wconf 84' lang='grc'><strong>540</strong></span> <span class='ocrx_word' id='word_1_341' title='bbox 2339 2849 2585 2931; x_wconf 74' lang='grc' dir='ltr'>Σφοδρῶς</span> <span class='ocrx_word' id='word_1_342' title='bbox 2615 2851 2877 2933; x_wconf 82' lang='grc' dir='ltr'>ἀπαιτῶν,</span> <span class='ocrx_word' id='word_1_343' title='bbox 2911 2853 2985 2916; x_wconf 81' lang='grc' dir='ltr'>ὡς</span> <span class='ocrx_word' id='word_1_344' title='bbox 3014 2851 3384 2930; x_wconf 81' lang='grc' dir='ltr'>ἆσύγγνωστον</span> <span class='ocrx_word' id='word_1_345' title='bbox 3428 2852 3607 2933; x_wconf 72' lang='grc' dir='ltr'>χρέος,</span> <span class='ocrx_word' id='word_1_346' title='bbox 3748 2844 3763 2855; x_wconf 39' lang='grc' dir='ltr'><strong>ί</strong></span> 
     </span>
    </p>
   </div>
   <div class='ocr_carea' id='block_1_57' title="bbox 402 3010 3805 3095">
    <p class='ocr_par' dir='ltr' id='par_1_57' title="bbox 402 3010 3805 3095">
     <span class='ocr_line' id='line_1_57' title="bbox 402 3010 3805 3095; baseline -0.002 -15"><span class='ocrx_word' id='word_1_347' title='bbox 402 3017 563 3080; x_wconf 91' lang='lat' dir='ltr'><strong>enim</strong></span> <span class='ocrx_word' id='word_1_348' title='bbox 598 3014 915 3075; x_wconf 85' lang='lat' dir='ltr'><strong>miseretur</strong></span> <span class='ocrx_word' id='word_1_349' title='bbox 972 3014 1076 3093; x_wconf 89' lang='lat' dir='ltr'><strong>tui,</strong></span> <span class='ocrx_word' id='word_1_350' title='bbox 1139 3011 1512 3086; x_wconf 82' lang='lat' dir='ltr'><strong>charissima,</strong></span> <span class='ocrx_word' id='word_1_351' title='bbox 1576 3020 1852 3095; x_wconf 89' lang='lat' dir='ltr'><strong>tanquam</strong></span> <span class='ocrx_word' id='word_1_352' title='bbox 1883 3021 2061 3094; x_wconf 67' lang='lat' dir='ltr'><strong>gratae</strong></span> <span class='ocrx_word' id='word_1_353' title='bbox 2146 3028 2343 3075; x_wconf 86' lang='lat' dir='ltr'><strong>meum</strong></span> <span class='ocrx_word' id='word_1_354' title='bbox 2374 3010 2587 3073; x_wconf 91' lang='lat' dir='ltr'><strong>alienis</strong></span> <span class='ocrx_word' id='word_1_355' title='bbox 2645 3028 2765 3073; x_wconf 89' lang='lat' dir='ltr'><strong>non</strong></span> <span class='ocrx_word' id='word_1_356' title='bbox 2805 3010 3014 3074; x_wconf 87' lang='lat' dir='ltr'><strong>invidi.</strong></span> <span class='ocrx_word' id='word_1_357' title='bbox 3065 3010 3186 3074; x_wconf 90' lang='lat' dir='ltr'><strong>Sed</strong></span> <span class='ocrx_word' id='word_1_358' title='bbox 3232 3031 3370 3075; x_wconf 90' lang='lat' dir='ltr'><strong>cum</strong></span> <span class='ocrx_word' id='word_1_359' title='bbox 3419 3012 3538 3075; x_wconf 91' lang='lat' dir='ltr'><strong>alio</strong></span> <span class='ocrx_word' id='word_1_360' title='bbox 3568 3018 3805 3094; x_wconf 79' lang='lat' dir='ltr'><strong>tempus</strong></span> 
     </span>
    </p>
   </div>
   <div class='ocr_carea' id='block_1_58' title="bbox 403 3099 3799 3188">
    <p class='ocr_par' dir='ltr' id='par_1_58' title="bbox 403 3099 3799 3188">
     <span class='ocr_line' id='line_1_58' title="bbox 403 3099 3799 3188; baseline -0.002 -20"><span class='ocrx_word' id='word_1_361' title='bbox 403 3101 821 3188; x_wconf 85' lang='lat' dir='ltr'><strong>possessionis,</strong></span> <span class='ocrx_word' id='word_1_362' title='bbox 847 3101 963 3164; x_wconf 84' lang='lat' dir='ltr'><strong>foci</strong></span> <span class='ocrx_word' id='word_1_363' title='bbox 992 3101 1243 3183; x_wconf 82' lang='lat' dir='ltr'><strong>paterni,</strong></span> <span class='ocrx_word' id='word_1_364' title='bbox 1298 3100 1593 3181; x_wconf 75' lang='lat' dir='ltr'><strong>gentilicii</strong></span> <span class='ocrx_word' id='word_1_365' title='bbox 1628 3102 1916 3178; x_wconf 78' lang='lat' dir='ltr'><strong>muneris,</strong></span> <span class='ocrx_word' id='word_1_366' title='bbox 1952 3121 2057 3165; x_wconf 91' lang='lat' dir='ltr'><strong>so-</strong></span> <span class='ocrx_word' id='word_1_367' title='bbox 2089 3185 2115 3188; x_wconf 78' lang='lat'><strong><em>_</em></strong></span> <span class='ocrx_word' id='word_1_368' title='bbox 2142 3100 2527 3182; x_wconf 90' lang='lat' dir='ltr'><strong>estabeundi,</strong></span> <span class='ocrx_word' id='word_1_369' title='bbox 2553 3109 2614 3162; x_wconf 90' lang='lat' dir='ltr'><strong>tu</strong></span> <span class='ocrx_word' id='word_1_370' title='bbox 2637 3099 2889 3163; x_wconf 86' lang='lat' dir='ltr'><strong>multum</strong></span> <span class='ocrx_word' id='word_1_371' title='bbox 2910 3102 3059 3177; x_wconf 83' lang='lat' dir='ltr'><strong>vale,</strong></span> <span class='ocrx_word' id='word_1_372' title='bbox 3098 3101 3244 3177; x_wconf 84' lang='lat' dir='ltr'><strong>vale,</strong></span> <span class='ocrx_word' id='word_1_373' title='bbox 3275 3102 3421 3163; x_wconf 88' lang='lat' dir='ltr'><strong>mihi</strong></span> <span class='ocrx_word' id='word_1_374' title='bbox 3445 3100 3799 3183; x_wconf 86' lang='lat' dir='ltr'><strong>propinqua,</strong></span> 
     </span>
    </p>
   </div>
   <div class='ocr_carea' id='block_1_59' title="bbox 404 3185 3797 3273">
    <p class='ocr_par' dir='ltr' id='par_1_59' title="bbox 404 3185 3797 3273">
     <span class='ocr_line' id='line_1_59' title="bbox 404 3185 3797 3273; baseline -0 -19"><span class='ocrx_word' id='word_1_375' title='bbox 404 3185 520 3256; x_wconf 75' lang='lat' dir='ltr'><strong>lius</strong></span> <span class='ocrx_word' id='word_1_376' title='bbox 549 3189 914 3255; x_wconf 77' lang='lat' dir='ltr'><strong>haereditatis</strong></span> <span class='ocrx_word' id='word_1_377' title='bbox 939 3190 1238 3271; x_wconf 74' lang='lat' dir='ltr'><strong>,mihique</strong></span> <span class='ocrx_word' id='word_1_378' title='bbox 1255 3208 1360 3253; x_wconf 86' lang='lat' dir='ltr'><strong>cor</strong></span> <span class='ocrx_word' id='word_1_379' title='bbox 1376 3199 1434 3252; x_wconf 91' lang='lat' dir='ltr'><strong>et</strong></span> <span class='ocrx_word' id='word_1_380' title='bbox 1454 3189 1681 3252; x_wconf 80' lang='lat' dir='ltr'><strong>viscera</strong></span> <span class='ocrx_word' id='word_1_381' title='bbox 1706 3200 1900 3253; x_wconf 83' lang='lat' dir='ltr'><strong>movet</strong></span> <span class='ocrx_word' id='word_1_382' title='bbox 1922 3185 2117 3271; x_wconf 81' lang='lat' dir='ltr'><strong>ergaC</strong></span> <span class='ocrx_word' id='word_1_383' title='bbox 2142 3193 2338 3273; x_wconf 87' lang='lat' dir='ltr'><strong>potius</strong></span> <span class='ocrx_word' id='word_1_384' title='bbox 2370 3198 2568 3252; x_wconf 82' lang='lat' dir='ltr'><strong>autem</strong></span> <span class='ocrx_word' id='word_1_385' title='bbox 2603 3208 2673 3252; x_wconf 81' lang='lat' dir='ltr'><strong>ex</strong></span> <span class='ocrx_word' id='word_1_386' title='bbox 2719 3191 2831 3251; x_wconf 88' lang='lat' dir='ltr'><strong>hac</strong></span> <span class='ocrx_word' id='word_1_387' title='bbox 2880 3190 2978 3253; x_wconf 92' lang='lat' dir='ltr'><strong>die</strong></span> <span class='ocrx_word' id='word_1_388' title='bbox 3039 3191 3257 3253; x_wconf 90' lang='lat' dir='ltr'><strong>aliena.</strong></span> <span class='ocrx_word' id='word_1_389' title='bbox 3310 3194 3612 3265; x_wconf 79' lang='lat' dir='ltr'><strong>Attamen,</strong></span> <span class='ocrx_word' id='word_1_390' title='bbox 3645 3192 3797 3268; x_wconf 83' lang='lat' dir='ltr'><strong>vale,</strong></span> 
     </span>
    </p>
   </div>
   <div class='ocr_carea' id='block_1_60' title="bbox 406 3278 3805 3362">
    <p class='ocr_par' dir='ltr' id='par_1_60' title="bbox 406 3278 3805 3362">
     <span class='ocr_line' id='line_1_60' title="bbox 406 3278 3805 3362; baseline -0.001 -17"><span class='ocrx_word' id='word_1_391' title='bbox 406 3292 464 3345; x_wconf 89' lang='lat' dir='ltr'><strong>te</strong></span> <span class='ocrx_word' id='word_1_392' title='bbox 493 3281 721 3343; x_wconf 82' lang='lat' dir='ltr'><strong>vividus</strong></span> <span class='ocrx_word' id='word_1_393' title='bbox 744 3298 813 3341; x_wconf 81' lang='lat' dir='ltr'><strong>ex</strong></span> <span class='ocrx_word' id='word_1_394' title='bbox 866 3278 1298 3343; x_wconf 82' lang='lat' dir='ltr'><strong>consuetudine</strong></span> <span class='ocrx_word' id='word_1_395' title='bbox 1354 3298 1539 3343; x_wconf 89' lang='lat' dir='ltr'><strong>amor.</strong></span> <span class='ocrx_word' id='word_1_396' title='bbox 1574 3279 1661 3342; x_wconf 93' lang='lat' dir='ltr'><strong>Tu</strong></span> <span class='ocrx_word' id='word_1_397' title='bbox 1721 3280 1880 3343; x_wconf 91' lang='lat' dir='ltr'><strong>enim</strong></span> <span class='ocrx_word' id='word_1_398' title='bbox 1912 3282 2057 3343; x_wconf 90' lang='lat' dir='ltr'><strong>mihi</strong></span> <span class='ocrx_word' id='word_1_399' title='bbox 2141 3281 2406 3343; x_wconf 89' lang='lat' dir='ltr'><strong>secunda</strong></span> <span class='ocrx_word' id='word_1_400' title='bbox 2423 3288 2652 3353; x_wconf 86' lang='lat' dir='ltr'><strong>mater;</strong></span> <span class='ocrx_word' id='word_1_401' title='bbox 2686 3297 2818 3360; x_wconf 61' lang='lat' dir='ltr'><strong>quae</strong></span> <span class='ocrx_word' id='word_1_402' title='bbox 2840 3298 2935 3341; x_wconf 91' lang='lat' dir='ltr'><strong>me</strong></span> <span class='ocrx_word' id='word_1_403' title='bbox 2966 3281 3195 3342; x_wconf 85' lang='lat' dir='ltr'><strong>lactasti</strong></span> <span class='ocrx_word' id='word_1_404' title='bbox 3215 3299 3283 3342; x_wconf 90' lang='lat' dir='ltr'><strong>ac</strong></span> <span class='ocrx_word' id='word_1_405' title='bbox 3307 3278 3600 3359; x_wconf 86' lang='lat' dir='ltr'><strong>educasti,</strong></span> <span class='ocrx_word' id='word_1_406' title='bbox 3627 3290 3805 3362; x_wconf 90' lang='lat' dir='ltr'><strong>atque</strong></span> 
     </span>
    </p>
   </div>
   <div class='ocr_carea' id='block_1_61' title="bbox 405 3369 3803 3451">
    <p class='ocr_par' dir='ltr' id='par_1_61' title="bbox 405 3369 3803 3451">
     <span class='ocr_line' id='line_1_61' title="bbox 405 3369 3803 3451; baseline -0.001 -16"><span class='ocrx_word' id='word_1_407' title='bbox 405 3371 602 3435; x_wconf 81' lang='lat' dir='ltr'><strong>nutrix</strong></span> <span class='ocrx_word' id='word_1_408' title='bbox 621 3379 679 3432; x_wconf 89' lang='lat' dir='ltr'><strong>et</strong></span> <span class='ocrx_word' id='word_1_409' title='bbox 705 3369 899 3440; x_wconf 79' lang='lat' dir='ltr'><strong>altrix,</strong></span> <span class='ocrx_word' id='word_1_410' title='bbox 926 3369 1280 3433; x_wconf 82' lang='lat' dir='ltr'><strong>charissima</strong></span> <span class='ocrx_word' id='word_1_411' title='bbox 1303 3392 1320 3442; x_wconf 89' lang='lat'><strong>;</strong></span> <span class='ocrx_word' id='word_1_412' title='bbox 1342 3377 1400 3431; x_wconf 92' lang='lat' dir='ltr'><strong>tu</strong></span> <span class='ocrx_word' id='word_1_413' title='bbox 1427 3370 1553 3431; x_wconf 81' lang='lat' dir='ltr'><strong>sola</strong></span> <span class='ocrx_word' id='word_1_414' title='bbox 1575 3369 1721 3432; x_wconf 84' lang='lat' dir='ltr'><strong>mihi</strong></span> <span class='ocrx_word' id='word_1_415' title='bbox 1747 3370 2061 3451; x_wconf 77' lang='lat' dir='ltr'><strong>paedagoga</strong></span> <span class='ocrx_word' id='word_1_416' title='bbox 2140 3370 2485 3433; x_wconf 87' lang='lat' dir='ltr'><strong>abinfantia</strong></span> <span class='ocrx_word' id='word_1_417' title='bbox 2512 3387 2700 3451; x_wconf 91' lang='lat' dir='ltr'><strong>usque</strong></span> <span class='ocrx_word' id='word_1_418' title='bbox 2728 3374 2802 3431; x_wconf 89' lang='lat' dir='ltr'><strong>ad</strong></span> <span class='ocrx_word' id='word_1_419' title='bbox 2829 3369 3107 3434; x_wconf 86' lang='lat' dir='ltr'><strong>ultimum</strong></span> <span class='ocrx_word' id='word_1_420' title='bbox 3166 3371 3515 3446; x_wconf 88' lang='lat' dir='ltr'><strong>terminum,</strong></span> <span class='ocrx_word' id='word_1_421' title='bbox 3548 3386 3650 3433; x_wconf 86' lang='lat' dir='ltr'><strong>me</strong></span> <span class='ocrx_word' id='word_1_422' title='bbox 3678 3370 3803 3431; x_wconf 88' lang='lat' dir='ltr'><strong>for-</strong></span> 
     </span>
    </p>
   </div>
   <div class='ocr_carea' id='block_1_62' title="bbox 402 3459 2056 3542">
    <p class='ocr_par' dir='ltr' id='par_1_62' title="bbox 402 3459 2056 3542">
     <span class='ocr_line' id='line_1_62' title="bbox 402 3459 2056 3542; baseline -0.001 -17"><span class='ocrx_word' id='word_1_423' title='bbox 402 3473 462 3525; x_wconf 90' lang='lat' dir='ltr'><strong>et</strong></span> <span class='ocrx_word' id='word_1_424' title='bbox 497 3459 798 3542; x_wconf 74' lang='lat' dir='ltr'><strong>magistra,</strong></span> <span class='ocrx_word' id='word_1_425' title='bbox 827 3460 884 3520; x_wconf 91' lang='lat' dir='ltr'><strong>in</strong></span> <span class='ocrx_word' id='word_1_426' title='bbox 908 3469 966 3522; x_wconf 90' lang='lat' dir='ltr'><strong>te</strong></span> <span class='ocrx_word' id='word_1_427' title='bbox 998 3460 1216 3522; x_wconf 90' lang='lat' dir='ltr'><strong>multos</strong></span> <span class='ocrx_word' id='word_1_428' title='bbox 1249 3467 1306 3521; x_wconf 91' lang='lat' dir='ltr'><strong>et</strong></span> <span class='ocrx_word' id='word_1_429' title='bbox 1335 3459 1543 3538; x_wconf 81' lang='lat' dir='ltr'><strong>longos</strong></span> <span class='ocrx_word' id='word_1_430' title='bbox 1586 3460 1840 3522; x_wconf 83' lang='lat' dir='ltr'><strong>sustinui</strong></span> <span class='ocrx_word' id='word_1_431' title='bbox 1889 3460 2056 3523; x_wconf 88' lang='lat' dir='ltr'><strong>labo-</strong></span> 
     </span>
    </p>
   </div>
   <div class='ocr_carea' id='block_1_63' title="bbox 400 3548 2060 3627">
    <p class='ocr_par' dir='ltr' id='par_1_63' title="bbox 400 3548 2060 3627">
     <span class='ocr_line' id='line_1_63' title="bbox 400 3548 2060 3627; baseline -0.001 -13"><span class='ocrx_word' id='word_1_432' title='bbox 400 3568 500 3614; x_wconf 80' lang='lat' dir='ltr'><strong>res</strong></span> <span class='ocrx_word' id='word_1_433' title='bbox 529 3571 546 3627; x_wconf 90' lang='lat'><strong>;</strong></span> <span class='ocrx_word' id='word_1_434' title='bbox 574 3549 638 3611; x_wconf 89' lang='lat' dir='ltr'><strong>in</strong></span> <span class='ocrx_word' id='word_1_435' title='bbox 672 3557 727 3611; x_wconf 92' lang='lat' dir='ltr'><strong>te</strong></span> <span class='ocrx_word' id='word_1_436' title='bbox 748 3556 900 3611; x_wconf 86' lang='lat' dir='ltr'><strong>totas</strong></span> <span class='ocrx_word' id='word_1_437' title='bbox 924 3549 1234 3611; x_wconf 82' lang='lat' dir='ltr'><strong>insomnes</strong></span> <span class='ocrx_word' id='word_1_438' title='bbox 1275 3548 1417 3610; x_wconf 74' lang='lat' dir='ltr'><strong>duxi</strong></span> <span class='ocrx_word' id='word_1_439' title='bbox 1467 3557 1673 3612; x_wconf 89' lang='lat' dir='ltr'><strong>noctes</strong></span> <span class='ocrx_word' id='word_1_440' title='bbox 1700 3570 1718 3627; x_wconf 88' lang='lat'><strong>;</strong></span> <span class='ocrx_word' id='word_1_441' title='bbox 1749 3550 1810 3611; x_wconf 88' lang='lat' dir='ltr'><strong>in</strong></span> <span class='ocrx_word' id='word_1_442' title='bbox 1843 3557 1900 3611; x_wconf 90' lang='lat' dir='ltr'><strong>te</strong></span> <span class='ocrx_word' id='word_1_443' title='bbox 1928 3550 2060 3613; x_wconf 91' lang='lat' dir='ltr'><strong>dies</strong></span> 
     </span>
    </p>
   </div>
   <div class='ocr_carea' id='block_1_64' title="bbox 402 3638 2057 3720">
    <p class='ocr_par' dir='ltr' id='par_1_64' title="bbox 402 3638 2057 3720">
     <span class='ocr_line' id='line_1_64' title="bbox 402 3638 2057 3720; baseline -0.001 -18"><span class='ocrx_word' id='word_1_444' title='bbox 402 3638 744 3719; x_wconf 86' lang='lat' dir='ltr'><strong>consumpsi</strong></span> <span class='ocrx_word' id='word_1_445' title='bbox 774 3639 1053 3701; x_wconf 82' lang='lat' dir='ltr'><strong>laborans</strong></span> <span class='ocrx_word' id='word_1_446' title='bbox 1082 3638 1142 3700; x_wconf 84' lang='lat' dir='ltr'><strong>in</strong></span> <span class='ocrx_word' id='word_1_447' title='bbox 1195 3638 1599 3713; x_wconf 88' lang='lat' dir='ltr'><strong>sermonibus,</strong></span> <span class='ocrx_word' id='word_1_448' title='bbox 1634 3639 1783 3700; x_wconf 87' lang='lat' dir='ltr'><strong>alios</strong></span> <span class='ocrx_word' id='word_1_449' title='bbox 1813 3638 2057 3720; x_wconf 88' lang='lat' dir='ltr'><strong>quidem</strong></span> 
     </span>
    </p>
   </div>
   <div class='ocr_carea' id='block_1_65' title="bbox 402 3728 2061 3810">
    <p class='ocr_par' dir='ltr' id='par_1_65' title="bbox 402 3728 2061 3810">
     <span class='ocr_line' id='line_1_65' title="bbox 402 3728 2061 3810; baseline -0.001 -17"><span class='ocrx_word' id='word_1_450' title='bbox 402 3729 730 3810; x_wconf 80' lang='lat' dir='ltr'><strong>corrigens,</strong></span> <span class='ocrx_word' id='word_1_451' title='bbox 764 3728 912 3790; x_wconf 87' lang='lat' dir='ltr'><strong>alios</strong></span> <span class='ocrx_word' id='word_1_452' title='bbox 942 3737 1140 3791; x_wconf 85' lang='lat' dir='ltr'><strong>autem</strong></span> <span class='ocrx_word' id='word_1_453' title='bbox 1201 3747 1440 3790; x_wconf 90' lang='lat' dir='ltr'><strong>rursum</strong></span> <span class='ocrx_word' id='word_1_454' title='bbox 1472 3729 1781 3805; x_wconf 76' lang='lat' dir='ltr'><strong>ordinans,</strong></span> <span class='ocrx_word' id='word_1_455' title='bbox 1814 3728 2061 3795; x_wconf 84' lang='lat' dir='ltr'><strong>dissidia</strong></span> 
     </span>
    </p>
   </div>
   <div class='ocr_carea' id='block_1_66' title="bbox 402 3818 2061 3901">
    <p class='ocr_par' dir='ltr' id='par_1_66' title="bbox 402 3818 2061 3901">
     <span class='ocr_line' id='line_1_66' title="bbox 402 3818 2061 3901; baseline 0 -20"><span class='ocrx_word' id='word_1_456' title='bbox 402 3820 563 3882; x_wconf 85' lang='lat' dir='ltr'><strong>inter</strong></span> <span class='ocrx_word' id='word_1_457' title='bbox 587 3818 903 3896; x_wconf 75' lang='lat' dir='ltr'><strong>magistros</strong></span> <span class='ocrx_word' id='word_1_458' title='bbox 949 3827 1008 3880; x_wconf 92' lang='lat' dir='ltr'><strong>et</strong></span> <span class='ocrx_word' id='word_1_459' title='bbox 1062 3818 1389 3899; x_wconf 84' lang='lat' dir='ltr'><strong>discipulos</strong></span> <span class='ocrx_word' id='word_1_460' title='bbox 1429 3818 1734 3901; x_wconf 82' lang='lat' dir='ltr'><strong>judicans,</strong></span> <span class='ocrx_word' id='word_1_461' title='bbox 1782 3819 2061 3881; x_wconf 89' lang='lat' dir='ltr'><strong>omnibus</strong></span> 
     </span>
    </p>
   </div>
   <div class='ocr_carea' id='block_1_67' title="bbox 404 3907 2061 3991">
    <p class='ocr_par' dir='ltr' id='par_1_67' title="bbox 404 3907 2061 3991">
     <span class='ocr_line' id='line_1_67' title="bbox 404 3907 2061 3991; baseline 0 -21"><span class='ocrx_word' id='word_1_462' title='bbox 404 3916 641 3991; x_wconf 80' lang='lat' dir='ltr'><strong>paratus</strong></span> <span class='ocrx_word' id='word_1_463' title='bbox 689 3907 761 3969; x_wconf 88' lang='lat' dir='ltr'><strong>ad</strong></span> <span class='ocrx_word' id='word_1_464' title='bbox 792 3908 1303 3989; x_wconf 86' lang='lat' dir='ltr'><strong>respondendum,</strong></span> <span class='ocrx_word' id='word_1_465' title='bbox 1355 3907 1714 3989; x_wconf 82' lang='lat' dir='ltr'><strong>scriptisque</strong></span> <span class='ocrx_word' id='word_1_466' title='bbox 1774 3924 1845 3969; x_wconf 90' lang='lat' dir='ltr'><strong>ac</strong></span> <span class='ocrx_word' id='word_1_467' title='bbox 1893 3908 2061 3971; x_wconf 86' lang='lat' dir='ltr'><strong>libris</strong></span> 
     </span>
    </p>
   </div>
   <div class='ocr_carea' id='block_1_68' title="bbox 403 3995 2055 4074">
    <p class='ocr_par' dir='ltr' id='par_1_68' title="bbox 403 3995 2055 4074">
     <span class='ocr_line' id='line_1_68' title="bbox 403 3995 2055 4074; baseline 0 -16"><span class='ocrx_word' id='word_1_468' title='bbox 403 3996 713 4060; x_wconf 87' lang='lat' dir='ltr'><strong>insudans.</strong></span> <span class='ocrx_word' id='word_1_469' title='bbox 747 3997 810 4056; x_wconf 92' lang='lat' dir='ltr'><strong>ln</strong></span> <span class='ocrx_word' id='word_1_470' title='bbox 842 4005 899 4056; x_wconf 92' lang='lat' dir='ltr'><strong>te</strong></span> <span class='ocrx_word' id='word_1_471' title='bbox 931 3996 1262 4057; x_wconf 84' lang='lat' dir='ltr'><strong>doctrinam</strong></span> <span class='ocrx_word' id='word_1_472' title='bbox 1310 3995 1520 4074; x_wconf 80' lang='lat' dir='ltr'><strong>collegi</strong></span> <span class='ocrx_word' id='word_1_473' title='bbox 1554 4014 1571 4071; x_wconf 91' lang='lat'><strong>;</strong></span> <span class='ocrx_word' id='word_1_474' title='bbox 1632 4004 1692 4057; x_wconf 93' lang='lat' dir='ltr'><strong>et</strong></span> <span class='ocrx_word' id='word_1_475' title='bbox 1748 3995 1809 4057; x_wconf 90' lang='lat' dir='ltr'><strong>in</strong></span> <span class='ocrx_word' id='word_1_476' title='bbox 1843 4001 1899 4057; x_wconf 91' lang='lat' dir='ltr'><strong>te</strong></span> <span class='ocrx_word' id='word_1_477' title='bbox 1928 3996 2055 4058; x_wconf 91' lang='lat' dir='ltr'><strong>dis-</strong></span> 
     </span>
    </p>
   </div>
   <div class='ocr_carea' id='block_1_69' title="bbox 404 4083 2057 4166">
    <p class='ocr_par' dir='ltr' id='par_1_69' title="bbox 404 4083 2057 4166">
     <span class='ocr_line' id='line_1_69' title="bbox 404 4083 2057 4166; baseline -0.001 -18"><span class='ocrx_word' id='word_1_478' title='bbox 404 4084 672 4148; x_wconf 87' lang='lat' dir='ltr'><strong>tribuens</strong></span> <span class='ocrx_word' id='word_1_479' title='bbox 698 4102 827 4147; x_wconf 87' lang='lat' dir='ltr'><strong>eam</strong></span> <span class='ocrx_word' id='word_1_480' title='bbox 858 4083 1194 4146; x_wconf 88' lang='lat' dir='ltr'><strong>volentibus</strong></span> <span class='ocrx_word' id='word_1_481' title='bbox 1224 4084 1439 4145; x_wconf 91' lang='lat' dir='ltr'><strong>multos</strong></span> <span class='ocrx_word' id='word_1_482' title='bbox 1470 4102 1501 4144; x_wconf 93' lang='lat' dir='ltr'><strong>e</strong></span> <span class='ocrx_word' id='word_1_483' title='bbox 1524 4084 1866 4164; x_wconf 89' lang='lat' dir='ltr'><strong>junioribus</strong></span> <span class='ocrx_word' id='word_1_484' title='bbox 1895 4085 2057 4166; x_wconf 84' lang='lat' dir='ltr'><strong>sapi—</strong></span> 
     </span>
    </p>
   </div>
   <div class='ocr_carea' id='block_1_70' title="bbox 406 4171 2053 4254">
    <p class='ocr_par' dir='ltr' id='par_1_70' title="bbox 406 4171 2053 4254">
     <span class='ocr_line' id='line_1_70' title="bbox 406 4171 2053 4254; baseline -0.001 -16"><span class='ocrx_word' id='word_1_485' title='bbox 406 4183 575 4238; x_wconf 88' lang='lat' dir='ltr'><strong>entes</strong></span> <span class='ocrx_word' id='word_1_486' title='bbox 603 4173 785 4254; x_wconf 76' lang='lat' dir='ltr'><strong>gratis</strong></span> <span class='ocrx_word' id='word_1_487' title='bbox 812 4172 1050 4235; x_wconf 88' lang='lat' dir='ltr'><strong>reddidi</strong></span> <span class='ocrx_word' id='word_1_488' title='bbox 1106 4171 1347 4234; x_wconf 87' lang='lat' dir='ltr'><strong>Talibus</strong></span> <span class='ocrx_word' id='word_1_489' title='bbox 1377 4190 1471 4233; x_wconf 91' lang='lat' dir='ltr'><strong>me</strong></span> <span class='ocrx_word' id='word_1_490' title='bbox 1501 4180 1688 4236; x_wconf 86' lang='lat' dir='ltr'><strong>totum</strong></span> <span class='ocrx_word' id='word_1_491' title='bbox 1722 4174 2053 4249; x_wconf 90' lang='lat' dir='ltr'><strong>demulces,</strong></span> 
     </span>
    </p>
   </div>
   <div class='ocr_carea' id='block_1_71' title="bbox 404 4260 2058 4346">
    <p class='ocr_par' dir='ltr' id='par_1_71' title="bbox 404 4260 2058 4346">
     <span class='ocr_line' id='line_1_71' title="bbox 404 4260 2058 4346; baseline -0.001 -19"><span class='ocrx_word' id='word_1_492' title='bbox 404 4264 665 4346; x_wconf 89' lang='lat' dir='ltr'><strong>patrium</strong></span> <span class='ocrx_word' id='word_1_493' title='bbox 694 4262 994 4343; x_wconf 81' lang='lat' dir='ltr'><strong>tugurium</strong></span> <span class='ocrx_word' id='word_1_494' title='bbox 1023 4280 1043 4338; x_wconf 91' lang='lat'><em>;</em></span> <span class='ocrx_word' id='word_1_495' title='bbox 1067 4260 1284 4323; x_wconf 89' lang='lat' dir='ltr'><strong>talibus</strong></span> <span class='ocrx_word' id='word_1_496' title='bbox 1305 4279 1398 4323; x_wconf 91' lang='lat' dir='ltr'><strong>me</strong></span> <span class='ocrx_word' id='word_1_497' title='bbox 1417 4262 1677 4341; x_wconf 88' lang='lat' dir='ltr'><strong>captivas</strong></span> <span class='ocrx_word' id='word_1_498' title='bbox 1701 4272 1761 4325; x_wconf 91' lang='lat' dir='ltr'><strong>et</strong></span> <span class='ocrx_word' id='word_1_499' title='bbox 1790 4280 2058 4325; x_wconf 84' lang='lat' dir='ltr'><strong>commo-</strong></span> 
     </span>
    </p>
   </div>
   <div class='ocr_carea' id='block_1_72' title="bbox 401 4349 2063 4424">
    <p class='ocr_par' dir='ltr' id='par_1_72' title="bbox 401 4349 2063 4424">
     <span class='ocr_line' id='line_1_72' title="bbox 401 4349 2063 4424; baseline 0.001 -10"><span class='ocrx_word' id='word_1_500' title='bbox 401 4372 525 4424; x_wconf 85' lang='lat' dir='ltr'><strong>ves,</strong></span> <span class='ocrx_word' id='word_1_501' title='bbox 560 4351 936 4415; x_wconf 88' lang='lat' dir='ltr'><strong>charissima.</strong></span> <span class='ocrx_word' id='word_1_502' title='bbox 1002 4349 1173 4412; x_wconf 82' lang='lat' dir='ltr'><strong>Ratio</strong></span> <span class='ocrx_word' id='word_1_503' title='bbox 1220 4368 1363 4412; x_wconf 79' lang='lat' dir='ltr'><strong>vero</strong></span> <span class='ocrx_word' id='word_1_504' title='bbox 1397 4359 1611 4413; x_wconf 88' lang='lat' dir='ltr'><strong>cuncta</strong></span> <span class='ocrx_word' id='word_1_505' title='bbox 1658 4351 1841 4414; x_wconf 88' lang='lat' dir='ltr'><strong>vincit</strong></span> <span class='ocrx_word' id='word_1_506' title='bbox 1870 4360 1927 4414; x_wconf 90' lang='lat' dir='ltr'><strong>et</strong></span> <span class='ocrx_word' id='word_1_507' title='bbox 1956 4354 2063 4417; x_wconf 87' lang='lat' dir='ltr'><strong>Dei</strong></span> 
     </span>
    </p>
   </div>
   <div class='ocr_carea' id='block_1_73' title="bbox 2143 3458 3805 3541">
    <p class='ocr_par' dir='ltr' id='par_1_73' title="bbox 2143 3458 3805 3541">
     <span class='ocr_line' id='line_1_73' title="bbox 2143 3458 3805 3541; baseline -0.001 -20"><span class='ocrx_word' id='word_1_508' title='bbox 2143 3460 2314 3521; x_wconf 91' lang='lat' dir='ltr'><strong>masti</strong></span> <span class='ocrx_word' id='word_1_509' title='bbox 2341 3467 2400 3522; x_wconf 90' lang='lat' dir='ltr'><strong>et</strong></span> <span class='ocrx_word' id='word_1_510' title='bbox 2418 3458 2726 3521; x_wconf 85' lang='lat' dir='ltr'><strong>recreasti.</strong></span> <span class='ocrx_word' id='word_1_511' title='bbox 2755 3459 2925 3520; x_wconf 90' lang='lat' dir='ltr'><strong>Nunc</strong></span> <span class='ocrx_word' id='word_1_512' title='bbox 2949 3468 3143 3520; x_wconf 89' lang='lat' dir='ltr'><strong>autem</strong></span> <span class='ocrx_word' id='word_1_513' title='bbox 3194 3459 3343 3520; x_wconf 89' lang='lat' dir='ltr'><strong>alios</strong></span> <span class='ocrx_word' id='word_1_514' title='bbox 3373 3460 3623 3521; x_wconf 86' lang='lat' dir='ltr'><strong>habebis</strong></span> <span class='ocrx_word' id='word_1_515' title='bbox 3650 3477 3805 3541; x_wconf 87' lang='lat' dir='ltr'><strong>quos</strong></span> 
     </span>
    </p>
   </div>
   <div class='ocr_carea' id='block_1_74' title="bbox 2141 3547 3808 3629">
    <p class='ocr_par' dir='ltr' id='par_1_74' title="bbox 2141 3547 3808 3629">
     <span class='ocr_line' id='line_1_74' title="bbox 2141 3547 3808 3629; baseline -0.001 -18"><span class='ocrx_word' id='word_1_516' title='bbox 2141 3549 2363 3612; x_wconf 90' lang='lat' dir='ltr'><strong>educes</strong></span> <span class='ocrx_word' id='word_1_517' title='bbox 2380 3556 2558 3629; x_wconf 88' lang='lat' dir='ltr'><strong>atque</strong></span> <span class='ocrx_word' id='word_1_518' title='bbox 2580 3551 2845 3609; x_wconf 88' lang='lat' dir='ltr'><strong>enutries</strong></span> <span class='ocrx_word' id='word_1_519' title='bbox 2871 3567 2886 3627; x_wconf 88' lang='lat'><strong>;</strong></span> <span class='ocrx_word' id='word_1_520' title='bbox 2914 3547 3047 3609; x_wconf 90' lang='lat' dir='ltr'><strong>aliis</strong></span> <span class='ocrx_word' id='word_1_521' title='bbox 3067 3548 3141 3609; x_wconf 86' lang='lat' dir='ltr'><strong>ad</strong></span> <span class='ocrx_word' id='word_1_522' title='bbox 3178 3548 3404 3610; x_wconf 89' lang='lat' dir='ltr'><strong>litteras</strong></span> <span class='ocrx_word' id='word_1_523' title='bbox 3433 3548 3621 3609; x_wconf 88' lang='lat' dir='ltr'><strong>otium</strong></span> <span class='ocrx_word' id='word_1_524' title='bbox 3653 3566 3808 3629; x_wconf 63' lang='lat' dir='ltr'><strong>prm—</strong></span> 
     </span>
    </p>
   </div>
   <div class='ocr_carea' id='block_1_75' title="bbox 2142 3636 3800 3718">
    <p class='ocr_par' dir='ltr' id='par_1_75' title="bbox 2142 3636 3800 3718">
     <span class='ocr_line' id='line_1_75' title="bbox 2142 3636 3800 3718; baseline 0 -18"><span class='ocrx_word' id='word_1_525' title='bbox 2142 3638 2346 3713; x_wconf 85' lang='lat' dir='ltr'><strong>stabis,</strong></span> <span class='ocrx_word' id='word_1_526' title='bbox 2372 3639 2421 3699; x_wconf 89' lang='lat' dir='ltr'><strong>si</strong></span> <span class='ocrx_word' id='word_1_527' title='bbox 2444 3638 2671 3699; x_wconf 87' lang='lat' dir='ltr'><strong>litteras</strong></span> <span class='ocrx_word' id='word_1_528' title='bbox 2692 3646 2918 3711; x_wconf 90' lang='lat' dir='ltr'><strong>ament,</strong></span> <span class='ocrx_word' id='word_1_529' title='bbox 2950 3636 3123 3698; x_wconf 90' lang='lat' dir='ltr'><strong>nobis</strong></span> <span class='ocrx_word' id='word_1_530' title='bbox 3146 3646 3346 3699; x_wconf 88' lang='lat' dir='ltr'><strong>autem</strong></span> <span class='ocrx_word' id='word_1_531' title='bbox 3372 3656 3488 3699; x_wconf 87' lang='lat' dir='ltr'><strong>non</strong></span> <span class='ocrx_word' id='word_1_532' title='bbox 3518 3638 3800 3718; x_wconf 85' lang='lat' dir='ltr'><strong>amplius.</strong></span> 
     </span>
    </p>
   </div>
   <div class='ocr_carea' id='block_1_76' title="bbox 2144 3725 3804 3808">
    <p class='ocr_par' dir='ltr' id='par_1_76' title="bbox 2144 3725 3804 3808">
     <span class='ocr_line' id='line_1_76' title="bbox 2144 3725 3804 3808; baseline -0.002 -17"><span class='ocrx_word' id='word_1_533' title='bbox 2144 3727 2286 3791; x_wconf 82' lang='lat' dir='ltr'><strong>Vale</strong></span> <span class='ocrx_word' id='word_1_534' title='bbox 2315 3728 2609 3803; x_wconf 80' lang='lat' dir='ltr'><strong>vero,valc</strong></span> <span class='ocrx_word' id='word_1_535' title='bbox 2631 3745 2867 3808; x_wconf 85' lang='lat' dir='ltr'><strong>quoque</strong></span> <span class='ocrx_word' id='word_1_536' title='bbox 2892 3734 2950 3786; x_wconf 92' lang='lat' dir='ltr'><strong>tu</strong></span> <span class='ocrx_word' id='word_1_537' title='bbox 2974 3726 3168 3788; x_wconf 84' lang='lat' dir='ltr'><strong>ﬁdelis</strong></span> <span class='ocrx_word' id='word_1_538' title='bbox 3189 3726 3462 3807; x_wconf 84' lang='lat' dir='ltr'><strong>angulus,</strong></span> <span class='ocrx_word' id='word_1_539' title='bbox 3488 3725 3587 3787; x_wconf 91' lang='lat' dir='ltr'><strong>ubi</strong></span> <span class='ocrx_word' id='word_1_540' title='bbox 3612 3726 3804 3788; x_wconf 91' lang='lat' dir='ltr'><strong>latens</strong></span> 
     </span>
    </p>
   </div>
   <div class='ocr_carea' id='block_1_77' title="bbox 2144 3815 3799 3899">
    <p class='ocr_par' dir='ltr' id='par_1_77' title="bbox 2144 3815 3799 3899">
     <span class='ocr_line' id='line_1_77' title="bbox 2144 3815 3799 3899; baseline -0.001 -21"><span class='ocrx_word' id='word_1_541' title='bbox 2144 3816 2502 3899; x_wconf 56' lang='lat' dir='ltr'><strong>praeteritam</strong></span> <span class='ocrx_word' id='word_1_542' title='bbox 2521 3816 2811 3896; x_wconf 77' lang='lat' dir='ltr'><strong>egivitam</strong></span> <span class='ocrx_word' id='word_1_543' title='bbox 2834 3832 2850 3890; x_wconf 87' lang='lat'><strong>;</strong></span> <span class='ocrx_word' id='word_1_544' title='bbox 2870 3832 3129 3896; x_wconf 87' lang='lat' dir='ltr'><strong>vosque;</strong></span> <span class='ocrx_word' id='word_1_545' title='bbox 3174 3815 3312 3878; x_wconf 90' lang='lat' dir='ltr'><strong>boni</strong></span> <span class='ocrx_word' id='word_1_546' title='bbox 3356 3815 3556 3891; x_wconf 89' lang='lat' dir='ltr'><strong>vicini,</strong></span> <span class='ocrx_word' id='word_1_547' title='bbox 3578 3818 3799 3889; x_wconf 81' lang='lat' dir='ltr'><strong>valete;</strong></span> 
     </span>
    </p>
   </div>
   <div class='ocr_carea' id='block_1_78' title="bbox 2144 3905 3804 3970">
    <p class='ocr_par' dir='ltr' id='par_1_78' title="bbox 2144 3905 3804 3970">
     <span class='ocr_line' id='line_1_78' title="bbox 2144 3905 3804 3970; baseline -0.001 -1"><span class='ocrx_word' id='word_1_548' title='bbox 2144 3917 2203 3970; x_wconf 91' lang='lat' dir='ltr'><strong>et</strong></span> <span class='ocrx_word' id='word_1_549' title='bbox 2230 3907 2306 3969; x_wconf 95' lang='lat' dir='ltr'><strong>ob</strong></span> <span class='ocrx_word' id='word_1_550' title='bbox 2326 3924 2551 3968; x_wconf 91' lang='lat' dir='ltr'><strong>moram</strong></span> <span class='ocrx_word' id='word_1_551' title='bbox 2580 3923 2655 3967; x_wconf 91' lang='lat' dir='ltr'><strong>ne</strong></span> <span class='ocrx_word' id='word_1_552' title='bbox 2677 3905 2807 3967; x_wconf 83' lang='lat' dir='ltr'><strong>sitis</strong></span> <span class='ocrx_word' id='word_1_553' title='bbox 2833 3905 2977 3966; x_wconf 91' lang='lat' dir='ltr'><strong>mihi</strong></span> <span class='ocrx_word' id='word_1_554' title='bbox 3004 3905 3247 3967; x_wconf 85' lang='lat' dir='ltr'><strong>infensi.</strong></span> <span class='ocrx_word' id='word_1_555' title='bbox 3274 3908 3485 3969; x_wconf 86' lang='lat' dir='ltr'><strong>Manus</strong></span> <span class='ocrx_word' id='word_1_556' title='bbox 3509 3905 3667 3967; x_wconf 90' lang='lat' dir='ltr'><strong>enim</strong></span> <span class='ocrx_word' id='word_1_557' title='bbox 3693 3905 3804 3968; x_wconf 91' lang='lat' dir='ltr'><strong>Dei</strong></span> 
     </span>
    </p>
   </div>
   <div class='ocr_carea' id='block_1_79' title="bbox 2142 3997 3801 4080">
    <p class='ocr_par' dir='ltr' id='par_1_79' title="bbox 2142 3997 3801 4080">
     <span class='ocr_line' id='line_1_79' title="bbox 2142 3997 3801 4080; baseline -0.002 -19"><span class='ocrx_word' id='word_1_558' title='bbox 2142 4016 2277 4080; x_wconf 69' lang='lat' dir='ltr'><strong>quae</strong></span> <span class='ocrx_word' id='word_1_559' title='bbox 2305 4006 2467 4060; x_wconf 91' lang='lat' dir='ltr'><strong>tenet</strong></span> <span class='ocrx_word' id='word_1_560' title='bbox 2508 3998 2708 4059; x_wconf 91' lang='lat' dir='ltr'><strong>omnia</strong></span> <span class='ocrx_word' id='word_1_561' title='bbox 2760 3997 3006 4077; x_wconf 89' lang='lat' dir='ltr'><strong>propius</strong></span> <span class='ocrx_word' id='word_1_562' title='bbox 3054 3997 3375 4078; x_wconf 80' lang='lat' dir='ltr'><strong>longinqua</strong></span> <span class='ocrx_word' id='word_1_563' title='bbox 3407 3997 3579 4060; x_wconf 84' lang='lat' dir='ltr'><strong>facile</strong></span> <span class='ocrx_word' id='word_1_564' title='bbox 3611 3998 3801 4078; x_wconf 88' lang='lat' dir='ltr'><strong>ponit,</strong></span> 
     </span>
    </p>
   </div>
   <div class='ocr_carea' id='block_1_80' title="bbox 2141 4085 3578 4166">
    <p class='ocr_par' dir='ltr' id='par_1_80' title="bbox 2141 4085 3578 4166">
     <span class='ocr_line' id='line_1_80' title="bbox 2141 4085 3578 4166; baseline -0.003 -17"><span class='ocrx_word' id='word_1_565' title='bbox 2141 4090 2331 4149; x_wconf 91' lang='lat' dir='ltr'><strong>donec</strong></span> <span class='ocrx_word' id='word_1_566' title='bbox 2362 4105 2572 4148; x_wconf 88' lang='lat' dir='ltr'><strong>omnes</strong></span> <span class='ocrx_word' id='word_1_567' title='bbox 2601 4087 2673 4147; x_wconf 92' lang='lat' dir='ltr'><strong>ad</strong></span> <span class='ocrx_word' id='word_1_568' title='bbox 2703 4104 2886 4147; x_wconf 92' lang='lat' dir='ltr'><strong>unum</strong></span> <span class='ocrx_word' id='word_1_569' title='bbox 2911 4085 3205 4165; x_wconf 88' lang='lat' dir='ltr'><strong>judicium</strong></span> <span class='ocrx_word' id='word_1_570' title='bbox 3237 4096 3578 4166; x_wconf 81' lang='lat' dir='ltr'><strong>congreget.</strong></span> 
     </span>
    </p>
   </div>
   <div class='ocr_carea' id='block_1_81' title="bbox 2341 4174 3575 4257">
    <p class='ocr_par' dir='ltr' id='par_1_81' title="bbox 2341 4174 3575 4257">
     <span class='ocr_line' id='line_1_81' title="bbox 2341 4174 3575 4257; baseline 0.001 -19"><span class='ocrx_word' id='word_1_571' title='bbox 2341 4174 2567 4238; x_wconf 83' lang='lat' dir='ltr'><strong>XLVII.</strong></span> <span class='ocrx_word' id='word_1_572' title='bbox 2605 4175 2862 4249; x_wconf 82' lang='lat' dir='ltr'><strong>Quando</strong></span> <span class='ocrx_word' id='word_1_573' title='bbox 2893 4178 3144 4238; x_wconf 85' lang='lat' dir='ltr'><strong>domum</strong></span> <span class='ocrx_word' id='word_1_574' title='bbox 3173 4177 3575 4257; x_wconf 82' lang='lat' dir='ltr'><strong>recuperavit.</strong></span> 
     </span>
    </p>
   </div>
   <div class='ocr_carea' id='block_1_82' title="bbox 2223 4263 3801 4328">
    <p class='ocr_par' dir='ltr' id='par_1_82' title="bbox 2223 4263 3801 4328">
     <span class='ocr_line' id='line_1_82' title="bbox 2223 4263 3801 4328; baseline -0.001 -1"><span class='ocrx_word' id='word_1_575' title='bbox 2223 4263 2428 4328; x_wconf 82' lang='lat' dir='ltr'><strong>Habeo</strong></span> <span class='ocrx_word' id='word_1_576' title='bbox 2451 4273 2507 4326; x_wconf 91' lang='lat' dir='ltr'><strong>te</strong></span> <span class='ocrx_word' id='word_1_577' title='bbox 2521 4282 2753 4326; x_wconf 89' lang='lat' dir='ltr'><strong>rursum</strong></span> <span class='ocrx_word' id='word_1_578' title='bbox 2778 4272 2834 4324; x_wconf 90' lang='lat' dir='ltr'><strong>et</strong></span> <span class='ocrx_word' id='word_1_579' title='bbox 2855 4263 3025 4325; x_wconf 91' lang='lat' dir='ltr'><strong>video</strong></span> <span class='ocrx_word' id='word_1_580' title='bbox 3046 4265 3484 4328; x_wconf 87' lang='lat' dir='ltr'><strong>charissimam.</strong></span> <span class='ocrx_word' id='word_1_581' title='bbox 3519 4267 3801 4326; x_wconf 88' lang='lat' dir='ltr'><strong>Attamen</strong></span> 
     </span>
    </p>
   </div>
   <div class='ocr_carea' id='block_1_83' title="bbox 2142 4353 3802 4437">
    <p class='ocr_par' dir='ltr' id='par_1_83' title="bbox 2142 4353 3802 4437">
     <span class='ocr_line' id='line_1_83' title="bbox 2142 4353 3802 4437; baseline -0.003 -18"><span class='ocrx_word' id='word_1_582' title='bbox 2142 4365 2201 4419; x_wconf 90' lang='lat' dir='ltr'><strong>te</strong></span> <span class='ocrx_word' id='word_1_583' title='bbox 2228 4362 2532 4437; x_wconf 88' lang='lat' dir='ltr'><strong>paternam</strong></span> <span class='ocrx_word' id='word_1_584' title='bbox 2556 4353 2962 4416; x_wconf 72' lang='lat' dir='ltr'><strong>haereditatem</strong></span> <span class='ocrx_word' id='word_1_585' title='bbox 2988 4355 3113 4435; x_wconf 90' lang='lat' dir='ltr'><strong>jam</strong></span> <span class='ocrx_word' id='word_1_586' title='bbox 3146 4374 3265 4416; x_wconf 88' lang='lat' dir='ltr'><strong>non</strong></span> <span class='ocrx_word' id='word_1_587' title='bbox 3297 4355 3453 4430; x_wconf 90' lang='lat' dir='ltr'><strong>dico,</strong></span> <span class='ocrx_word' id='word_1_588' title='bbox 3476 4354 3579 4417; x_wconf 90' lang='lat' dir='ltr'><strong>sed</strong></span> <span class='ocrx_word' id='word_1_589' title='bbox 3607 4354 3802 4435; x_wconf 85' lang='lat' dir='ltr'><strong>potius</strong></span> 
     </span>
    </p>
   </div>
   <div class='ocr_carea' id='block_1_84' title="bbox 404 4440 3799 4526">
    <p class='ocr_par' dir='ltr' id='par_1_84' title="bbox 404 4440 3799 4526">
     <span class='ocr_line' id='line_1_84' title="bbox 404 4440 3799 4526; baseline 0 -22"><span class='ocrx_word' id='word_1_590' title='bbox 404 4460 590 4516; x_wconf 80' lang='lat' dir='ltr'><strong>amor,</strong></span> <span class='ocrx_word' id='word_1_591' title='bbox 630 4440 846 4523; x_wconf 87' lang='lat' dir='ltr'><strong>quibus</strong></span> <span class='ocrx_word' id='word_1_592' title='bbox 885 4458 1214 4501; x_wconf 88' lang='lat' dir='ltr'><strong>annumera</strong></span> <span class='ocrx_word' id='word_1_593' title='bbox 1245 4440 1451 4503; x_wconf 88' lang='lat' dir='ltr'><strong>mortis</strong></span> <span class='ocrx_word' id='word_1_594' title='bbox 1475 4448 1720 4505; x_wconf 89' lang='lat' dir='ltr'><strong>metum.</strong></span> <span class='ocrx_word' id='word_1_595' title='bbox 1747 4441 1852 4504; x_wconf 86' lang='lat' dir='ltr'><strong>His</strong></span> <span class='ocrx_word' id='word_1_596' title='bbox 1881 4442 2060 4505; x_wconf 91' lang='lat' dir='ltr'><strong>veluti</strong></span> <span class='ocrx_word' id='word_1_597' title='bbox 2083 4465 2126 4515; x_wconf 80' lang='grc' dir='ltr'>ι)</span> <span class='ocrx_word' id='word_1_598' title='bbox 2145 4445 2364 4507; x_wconf 90' lang='lat' dir='ltr'><strong>donum</strong></span> <span class='ocrx_word' id='word_1_599' title='bbox 2389 4442 2610 4506; x_wconf 87' lang='lat' dir='ltr'><strong>Christi</strong></span> <span class='ocrx_word' id='word_1_600' title='bbox 2634 4442 3089 4505; x_wconf 81' lang='lat' dir='ltr'><strong>dilectissimum</strong></span> <span class='ocrx_word' id='word_1_601' title='bbox 3117 4462 3188 4505; x_wconf 90' lang='lat' dir='ltr'><strong>ac</strong></span> <span class='ocrx_word' id='word_1_602' title='bbox 3205 4444 3288 4526; x_wconf 89' lang='lat' dir='ltr'><strong>pii</strong></span> <span class='ocrx_word' id='word_1_603' title='bbox 3318 4444 3480 4520; x_wconf 85' lang='lat' dir='ltr'><strong>regis</strong></span> <span class='ocrx_word' id='word_1_604' title='bbox 3507 4444 3799 4505; x_wconf 88' lang='lat' dir='ltr'><strong>illustrem</strong></span> 
     </span>
    </p>
   </div>
   <div class='ocr_carea' id='block_1_85' title="bbox 403 4529 3804 4616">
    <p class='ocr_par' dir='ltr' id='par_1_85' title="bbox 403 4529 3804 4616">
     <span class='ocr_line' id='line_1_85' title="bbox 403 4529 3804 4616; baseline 0 -23"><span class='ocrx_word' id='word_1_605' title='bbox 403 4531 622 4593; x_wconf 73' lang='lat' dir='ltr'><strong>muscis</strong></span> <span class='ocrx_word' id='word_1_606' title='bbox 654 4530 1050 4611; x_wconf 88' lang='lat' dir='ltr'><strong>undequaque</strong></span> <span class='ocrx_word' id='word_1_607' title='bbox 1108 4529 1421 4592; x_wconf 87' lang='lat' dir='ltr'><strong>stimulans</strong></span> <span class='ocrx_word' id='word_1_608' title='bbox 1478 4531 1694 4595; x_wconf 84' lang='lat' dir='ltr'><strong>exinde</strong></span> <span class='ocrx_word' id='word_1_609' title='bbox 1748 4550 1867 4609; x_wconf 86' lang='lat' dir='ltr'><strong>quo</strong></span> <span class='ocrx_word' id='word_1_610' title='bbox 1899 4530 2056 4594; x_wconf 90' lang='lat' dir='ltr'><strong>Deus</strong></span> <span class='ocrx_word' id='word_1_611' title='bbox 2138 4533 2383 4616; x_wconf 81' lang='lat' dir='ltr'><strong>gratiam</strong></span> <span class='ocrx_word' id='word_1_612' title='bbox 2444 4531 2546 4612; x_wconf 92' lang='lat' dir='ltr'><strong>qui</strong></span> <span class='ocrx_word' id='word_1_613' title='bbox 2594 4530 2742 4591; x_wconf 90' lang='lat' dir='ltr'><strong>mihi</strong></span> <span class='ocrx_word' id='word_1_614' title='bbox 2802 4531 3039 4594; x_wconf 89' lang='lat' dir='ltr'><strong>dulcem</strong></span> <span class='ocrx_word' id='word_1_615' title='bbox 3103 4532 3221 4593; x_wconf 90' lang='lat' dir='ltr'><strong>vim</strong></span> <span class='ocrx_word' id='word_1_616' title='bbox 3277 4532 3634 4594; x_wconf 90' lang='lat' dir='ltr'><strong>adhibentes</strong></span> <span class='ocrx_word' id='word_1_617' title='bbox 3704 4531 3804 4594; x_wconf 87' lang='lat' dir='ltr'><strong>hic</strong></span> 
     </span>
    </p>
   </div>
   <div class='ocr_carea' id='block_1_86' title="bbox 404 4618 3803 4705">
    <p class='ocr_par' dir='ltr' id='par_1_86' title="bbox 404 4618 3803 4705">
     <span class='ocr_line' id='line_1_86' title="bbox 404 4618 3803 4705; baseline -0.001 -21"><span class='ocrx_word' id='word_1_618' title='bbox 404 4624 584 4685; x_wconf 89' lang='lat' dir='ltr'><strong>ducet</strong></span> <span class='ocrx_word' id='word_1_619' title='bbox 614 4622 847 4702; x_wconf 78' lang='lat' dir='ltr'><strong>fugiens</strong></span> <span class='ocrx_word' id='word_1_620' title='bbox 878 4621 1057 4683; x_wconf 87' lang='lat' dir='ltr'><strong>abeo:</strong></span> <span class='ocrx_word' id='word_1_621' title='bbox 1095 4618 1342 4683; x_wconf 87' lang='lat' dir='ltr'><strong>aliorum</strong></span> <span class='ocrx_word' id='word_1_622' title='bbox 1377 4622 1633 4701; x_wconf 91' lang='lat' dir='ltr'><strong>vicinus,</strong></span> <span class='ocrx_word' id='word_1_623' title='bbox 1666 4623 1770 4705; x_wconf 87' lang='lat' dir='ltr'><strong>qui</strong></span> <span class='ocrx_word' id='word_1_624' title='bbox 1800 4622 1933 4685; x_wconf 89' lang='lat' dir='ltr'><strong>heri</strong></span> <span class='ocrx_word' id='word_1_625' title='bbox 1954 4623 2057 4685; x_wconf 85' lang='lat' dir='ltr'><strong>do-</strong></span> <span class='ocrx_word' id='word_1_626' title='bbox 2140 4625 2357 4684; x_wconf 88' lang='lat' dir='ltr'><strong>iterum</strong></span> <span class='ocrx_word' id='word_1_627' title='bbox 2384 4620 2980 4683; x_wconf 88' lang='lat' dir='ltr'><strong>reducemadducunt</strong></span> <span class='ocrx_word' id='word_1_628' title='bbox 3008 4640 3021 4683; x_wconf 90' lang='lat'>:</span> <span class='ocrx_word' id='word_1_629' title='bbox 3052 4641 3205 4683; x_wconf 91' lang='lat' dir='ltr'><strong>unus</strong></span> <span class='ocrx_word' id='word_1_630' title='bbox 3221 4621 3466 4702; x_wconf 90' lang='lat' dir='ltr'><strong>quidem</strong></span> <span class='ocrx_word' id='word_1_631' title='bbox 3493 4621 3554 4683; x_wconf 88' lang='lat' dir='ltr'><strong>in</strong></span> <span class='ocrx_word' id='word_1_632' title='bbox 3573 4620 3803 4684; x_wconf 89' lang='lat' dir='ltr'><strong>somnis</strong></span> 
     </span>
    </p>
   </div>
   <div class='ocr_carea' id='block_1_87' title="bbox 404 4708 3801 4794">
    <p class='ocr_par' dir='ltr' id='par_1_87' title="bbox 404 4708 3801 4794">
     <span class='ocr_line' id='line_1_87' title="bbox 404 4708 3801 4794; baseline -0.001 -21"><span class='ocrx_word' id='word_1_633' title='bbox 404 4711 601 4773; x_wconf 85' lang='lat' dir='ltr'><strong>minus</strong></span> <span class='ocrx_word' id='word_1_634' title='bbox 657 4729 862 4787; x_wconf 86' lang='lat' dir='ltr'><strong>eram;</strong></span> <span class='ocrx_word' id='word_1_635' title='bbox 920 4708 1176 4789; x_wconf 80' lang='lat' dir='ltr'><strong>alieniga</strong></span> <span class='ocrx_word' id='word_1_636' title='bbox 1255 4709 1650 4785; x_wconf 75' lang='lat' dir='ltr'><strong>miserandus,</strong></span> <span class='ocrx_word' id='word_1_637' title='bbox 1727 4712 1831 4794; x_wconf 90' lang='lat' dir='ltr'><strong>qui</strong></span> <span class='ocrx_word' id='word_1_638' title='bbox 1891 4729 2053 4776; x_wconf 84' lang='lat' dir='ltr'><strong>eram</strong></span> <span class='ocrx_word' id='word_1_639' title='bbox 2137 4710 2396 4775; x_wconf 87' lang='lat' dir='ltr'><strong>divinam</strong></span> <span class='ocrx_word' id='word_1_640' title='bbox 2423 4710 2727 4772; x_wconf 85' lang='lat' dir='ltr'><strong>dexteram</strong></span> <span class='ocrx_word' id='word_1_641' title='bbox 2758 4710 3013 4772; x_wconf 88' lang='lat' dir='ltr'><strong>tendens</strong></span> <span class='ocrx_word' id='word_1_642' title='bbox 3070 4719 3127 4773; x_wconf 92' lang='lat' dir='ltr'><strong>et</strong></span> <span class='ocrx_word' id='word_1_643' title='bbox 3156 4711 3229 4772; x_wconf 92' lang='lat' dir='ltr'><strong>ad</strong></span> <span class='ocrx_word' id='word_1_644' title='bbox 3262 4728 3334 4773; x_wconf 87' lang='lat' dir='ltr'><strong>ea</strong></span> <span class='ocrx_word' id='word_1_645' title='bbox 3366 4729 3498 4792; x_wconf 65' lang='lat' dir='ltr'><strong>quin</strong></span> <span class='ocrx_word' id='word_1_646' title='bbox 3527 4718 3667 4775; x_wconf 88' lang='lat' dir='ltr'><strong>sunt</strong></span> <span class='ocrx_word' id='word_1_647' title='bbox 3693 4709 3801 4771; x_wconf 89' lang='lat' dir='ltr'><strong>tibi</strong></span> 
     </span>
    </p>
   </div>
   <div class='ocr_carea' id='block_1_88' title="bbox 402 4798 3799 4883">
    <p class='ocr_par' dir='ltr' id='par_1_88' title="bbox 402 4798 3799 4883">
     <span class='ocr_line' id='line_1_88' title="bbox 402 4798 3799 4883; baseline -0.001 -20"><span class='ocrx_word' id='word_1_648' title='bbox 402 4800 708 4881; x_wconf 72' lang='lat' dir='ltr'><strong>indigena,</strong></span> <span class='ocrx_word' id='word_1_649' title='bbox 737 4798 1118 4863; x_wconf 83' lang='lat' dir='ltr'><strong>errabundus</strong></span> <span class='ocrx_word' id='word_1_650' title='bbox 1142 4810 1202 4864; x_wconf 89' lang='lat' dir='ltr'><strong>et</strong></span> <span class='ocrx_word' id='word_1_651' title='bbox 1231 4800 1430 4863; x_wconf 86' lang='lat' dir='ltr'><strong>alieno</strong></span> <span class='ocrx_word' id='word_1_652' title='bbox 1449 4802 1683 4883; x_wconf 80' lang='lat' dir='ltr'><strong>tugurio</strong></span> <span class='ocrx_word' id='word_1_653' title='bbox 1715 4820 1921 4882; x_wconf 75' lang='lat' dir='ltr'><strong>egens,</strong></span> <span class='ocrx_word' id='word_1_654' title='bbox 1954 4800 2055 4882; x_wconf 91' lang='lat' dir='ltr'><strong>qui</strong></span> <span class='ocrx_word' id='word_1_655' title='bbox 2138 4802 2361 4864; x_wconf 88' lang='lat' dir='ltr'><strong>ducere</strong></span> <span class='ocrx_word' id='word_1_656' title='bbox 2382 4818 2539 4882; x_wconf 74' lang='lat' dir='ltr'><strong>saepe</strong></span> <span class='ocrx_word' id='word_1_657' title='bbox 2560 4799 2719 4861; x_wconf 86' lang='lat' dir='ltr'><strong>visus</strong></span> <span class='ocrx_word' id='word_1_658' title='bbox 2746 4817 2762 4875; x_wconf 89' lang='lat'><strong>;</strong></span> <span class='ocrx_word' id='word_1_659' title='bbox 2790 4800 2939 4863; x_wconf 91' lang='lat' dir='ltr'><strong>alter</strong></span> <span class='ocrx_word' id='word_1_660' title='bbox 2961 4820 3101 4864; x_wconf 91' lang='lat' dir='ltr'><strong>vero</strong></span> <span class='ocrx_word' id='word_1_661' title='bbox 3123 4800 3443 4863; x_wconf 79' lang='lat' dir='ltr'><strong>manifeste</strong></span> <span class='ocrx_word' id='word_1_662' title='bbox 3468 4800 3586 4862; x_wconf 91' lang='lat' dir='ltr'><strong>vim</strong></span> <span class='ocrx_word' id='word_1_663' title='bbox 3618 4800 3799 4862; x_wconf 78' lang='lat' dir='ltr'><strong>adhi-</strong></span> 
     </span>
    </p>
   </div>
   <div class='ocr_carea' id='block_1_89' title="bbox 479 4958 1621 5043">
    <p class='ocr_par' dir='ltr' id='par_1_89' title="bbox 479 4958 1621 5043">
     <span class='ocr_line' id='line_1_89' title="bbox 479 4958 1621 5043; baseline 0.002 -27"><span class='ocrx_word' id='word_1_664' title='bbox 479 4964 544 5016; x_wconf 68' lang='grc' dir='ltr'>εδ</span> <span class='ocrx_word' id='word_1_665' title='bbox 585 4986 671 5043; x_wconf 81' lang='grc' dir='ltr'><strong>γρ,</strong></span> <span class='ocrx_word' id='word_1_666' title='bbox 704 4969 1012 5041; x_wconf 83' lang='grc' dir='ltr'>μακρισμῷ.</span> <span class='ocrx_word' id='word_1_667' title='bbox 1099 4958 1164 5010; x_wconf 72' lang='grc'><strong>56</strong></span> <span class='ocrx_word' id='word_1_668' title='bbox 1191 4960 1273 5025; x_wconf 63' lang='lat' dir='ltr'><strong>ia,</strong></span> <span class='ocrx_word' id='word_1_669' title='bbox 1306 4963 1621 5031; x_wconf 74' lang='grc' dir='ltr'>ἀνάκτησιν,</span> 
     </span>
    </p>
   </div>
   <div class='ocr_carea' id='block_1_90' title="bbox 1754 5123 2413 5188">
    <p class='ocr_par' dir='ltr' id='par_1_90' title="bbox 1754 5123 2413 5188">
     <span class='ocr_line' id='line_1_90' title="bbox 1754 5123 2413 5188; baseline -0.006 0"><span class='ocrx_word' id='word_1_670' title='bbox 1754 5123 2012 5188; x_wconf 71' lang='grc' dir='ltr'>Μεωιωὶ</span> <span class='ocrx_word' id='word_1_671' title='bbox 2040 5123 2207 5188; x_wconf 86' lang='lat' dir='ltr'><strong>Busti</strong></span> <span class='ocrx_word' id='word_1_672' title='bbox 2236 5131 2413 5186; x_wconf 82' lang='lat' dir='ltr'><strong>notae.</strong></span> 
     </span>
    </p>
   </div>
   <div class='ocr_carea' id='block_1_91' title="bbox 485 5292 2050 5377">
    <p class='ocr_par' dir='ltr' id='par_1_91' title="bbox 485 5292 2050 5377">
     <span class='ocr_line' id='line_1_91' title="bbox 485 5292 2050 5377; baseline -0.004 -18"><span class='ocrx_word' id='word_1_673' title='bbox 485 5292 871 5377; x_wconf 39' lang='lat' dir='ltr'><strong>(9913,9le</strong></span> <span class='ocrx_word' id='word_1_674' title='bbox 928 5297 1198 5377; x_wconf 78' lang='grc' dir='ltr'>μαθηταῖς</span> <span class='ocrx_word' id='word_1_675' title='bbox 1265 5295 1375 5356; x_wconf 78' lang='grc' dir='ltr'>καί.</span> <span class='ocrx_word' id='word_1_676' title='bbox 1433 5293 1636 5377; x_wconf 60' lang='lat' dir='ltr'><strong>Potius</strong></span> <span class='ocrx_word' id='word_1_677' title='bbox 1684 5294 2050 5377; x_wconf 73' lang='grc' dir='ltr'>διδασκκάλοις</span> 
     </span>
    </p>
   </div>
   <div class='ocr_carea' id='block_1_92' title="bbox 402 5375 2053 5457">
    <p class='ocr_par' dir='ltr' id='par_1_92' title="bbox 402 5375 2053 5457">
     <span class='ocr_line' id='line_1_92' title="bbox 402 5375 2053 5457; baseline 0 -19"><span class='ocrx_word' id='word_1_678' title='bbox 402 5375 947 5457; x_wconf 62' lang='grc' dir='ltr'>(ιυοηιδιδασκάλονς</span> <span class='ocrx_word' id='word_1_679' title='bbox 972 5393 994 5457; x_wconf 87' lang='lat'><strong>_:</strong></span> <span class='ocrx_word' id='word_1_680' title='bbox 1029 5375 1145 5457; x_wconf 11' lang='lat' dir='ltr'><strong>sed,</strong></span> <span class='ocrx_word' id='word_1_681' title='bbox 1168 5392 1397 5457; x_wconf 83' lang='lat' dir='ltr'><strong>sensus</strong></span> <span class='ocrx_word' id='word_1_682' title='bbox 1429 5375 1543 5437; x_wconf 89' lang='lat' dir='ltr'><strong>erit</strong></span> <span class='ocrx_word' id='word_1_683' title='bbox 1576 5376 1774 5457; x_wconf 87' lang='lat' dir='ltr'><strong>multo</strong></span> <span class='ocrx_word' id='word_1_684' title='bbox 1807 5376 2053 5453; x_wconf 75' lang='lat' dir='ltr'><strong>elegan-</strong></span> 
     </span>
    </p>
   </div>
   <div class='ocr_carea' id='block_1_93' title="bbox 403 5454 2051 5537">
    <p class='ocr_par' dir='ltr' id='par_1_93' title="bbox 403 5454 2051 5537">
     <span class='ocr_line' id='line_1_93' title="bbox 403 5454 2051 5537; baseline 0.002 -22"><span class='ocrx_word' id='word_1_685' title='bbox 403 5454 539 5537; x_wconf 56' lang='lat' dir='ltr'><strong>tior,</strong></span> <span class='ocrx_word' id='word_1_686' title='bbox 573 5456 625 5517; x_wconf 90' lang='lat' dir='ltr'><strong>si</strong></span> <span class='ocrx_word' id='word_1_687' title='bbox 653 5455 889 5533; x_wconf 76' lang='lat' dir='ltr'><strong>legatur</strong></span> <span class='ocrx_word' id='word_1_688' title='bbox 915 5454 1250 5531; x_wconf 82' lang='grc' dir='ltr'>διδάσκαλος,</span> <span class='ocrx_word' id='word_1_689' title='bbox 1286 5455 1400 5517; x_wconf 89' lang='lat' dir='ltr'><strong>nisi</strong></span> <span class='ocrx_word' id='word_1_690' title='bbox 1430 5456 1589 5537; x_wconf 91' lang='lat' dir='ltr'><strong>quod</strong></span> <span class='ocrx_word' id='word_1_691' title='bbox 1630 5476 1835 5519; x_wconf 89' lang='lat' dir='ltr'><strong>versus</strong></span> <span class='ocrx_word' id='word_1_692' title='bbox 1882 5458 2051 5519; x_wconf 77' lang='lat' dir='ltr'><strong>clau-</strong></span> 
     </span>
    </p>
   </div>
   <div class='ocr_carea' id='block_1_94' title="bbox 400 5535 2054 5627">
    <p class='ocr_par' dir='ltr' id='par_1_94' title="bbox 400 5535 2054 5627">
     <span class='ocr_line' id='line_1_94' title="bbox 400 5535 2054 5627; baseline 0.002 -30"><span class='ocrx_word' id='word_1_693' title='bbox 400 5535 672 5627; x_wconf 49' lang='lat' dir='ltr'><strong>dicaret}</strong></span> <span class='ocrx_word' id='word_1_694' title='bbox 708 5538 768 5598; x_wconf 90' lang='lat' dir='ltr'><strong>in</strong></span> <span class='ocrx_word' id='word_1_695' title='bbox 799 5554 917 5627; x_wconf 86' lang='lat' dir='ltr'><strong>quo</strong></span> <span class='ocrx_word' id='word_1_696' title='bbox 958 5551 1161 5599; x_wconf 84' lang='lat' dir='ltr'><strong>tamen</strong></span> <span class='ocrx_word' id='word_1_697' title='bbox 1192 5552 1418 5627; x_wconf 76' lang='lat' dir='ltr'><strong>genere</strong></span> <span class='ocrx_word' id='word_1_698' title='bbox 1450 5535 1687 5627; x_wconf 36' lang='lat' dir='ltr'><strong>peccat.</strong></span> <span class='ocrx_word' id='word_1_699' title='bbox 1721 5538 1817 5627; x_wconf 81' lang='lat' dir='ltr'><strong>hic</strong></span> <span class='ocrx_word' id='word_1_700' title='bbox 1846 5547 2054 5601; x_wconf 86' lang='lat' dir='ltr'><strong>auctor</strong></span> 
     </span>
    </p>
   </div>
   <div class='ocr_carea' id='block_1_95' title="bbox 399 5616 2054 5700">
    <p class='ocr_par' dir='ltr' id='par_1_95' title="bbox 399 5616 2054 5700">
     <span class='ocr_line' id='line_1_95' title="bbox 399 5616 2054 5700; baseline 0.002 -22"><span class='ocrx_word' id='word_1_701' title='bbox 399 5616 719 5700; x_wconf 81' lang='lat' dir='ltr'><strong>aliquoties</strong></span> <span class='ocrx_word' id='word_1_702' title='bbox 752 5635 767 5679; x_wconf 84' lang='lat'><strong>:</strong></span> <span class='ocrx_word' id='word_1_703' title='bbox 817 5616 942 5700; x_wconf 78' lang='lat' dir='ltr'><strong>imo</strong></span> <span class='ocrx_word' id='word_1_704' title='bbox 984 5635 1123 5700; x_wconf 83' lang='lat' dir='ltr'><strong>vero</strong></span> <span class='ocrx_word' id='word_1_705' title='bbox 1169 5616 1442 5700; x_wconf 75' lang='lat' dir='ltr'><strong>subhoc</strong></span> <span class='ocrx_word' id='word_1_706' title='bbox 1469 5616 1627 5700; x_wconf 70' lang='lat' dir='ltr'><strong>ipso</strong></span> <span class='ocrx_word' id='word_1_707' title='bbox 1651 5618 1817 5683; x_wconf 88' lang='lat' dir='ltr'><strong>titulo</strong></span> <span class='ocrx_word' id='word_1_708' title='bbox 1846 5638 2054 5682; x_wconf 88' lang='lat' dir='ltr'><strong>versus</strong></span> 
     </span>
    </p>
   </div>
   <div class='ocr_carea' id='block_1_96' title="bbox 399 5696 2054 5781">
    <p class='ocr_par' dir='ltr' id='par_1_96' title="bbox 399 5696 2054 5781">
     <span class='ocr_line' id='line_1_96' title="bbox 399 5696 2054 5781; baseline 0.001 -22"><span class='ocrx_word' id='word_1_709' title='bbox 399 5696 655 5760; x_wconf 79' lang='lat' dir='ltr'><strong>habetur</strong></span> <span class='ocrx_word' id='word_1_710' title='bbox 702 5697 970 5781; x_wconf 81' lang='lat' dir='ltr'><strong>omnium</strong></span> <span class='ocrx_word' id='word_1_711' title='bbox 1018 5696 1559 5781; x_wconf 72' lang='lat' dir='ltr'><strong>licentiosissimns,</strong></span> <span class='ocrx_word' id='word_1_712' title='bbox 1613 5698 1675 5760; x_wconf 88' lang='lat' dir='ltr'><strong>in</strong></span> <span class='ocrx_word' id='word_1_713' title='bbox 1725 5716 1840 5780; x_wconf 92' lang='lat' dir='ltr'><strong>quo</strong></span> <span class='ocrx_word' id='word_1_714' title='bbox 1874 5700 2054 5781; x_wconf 85' lang='lat' dir='ltr'><strong>pedes</strong></span> 
     </span>
    </p>
   </div>
   <div class='ocr_carea' id='block_1_97' title="bbox 400 5776 1705 5862">
    <p class='ocr_par' dir='ltr' id='par_1_97' title="bbox 400 5776 1705 5862">
     <span class='ocr_line' id='line_1_97' title="bbox 400 5776 1705 5862; baseline -0.003 -21"><span class='ocrx_word' id='word_1_715' title='bbox 400 5795 610 5843; x_wconf 84' lang='lat' dir='ltr'><strong>omnes</strong></span> <span class='ocrx_word' id='word_1_716' title='bbox 640 5776 952 5862; x_wconf 75' lang='lat' dir='ltr'><strong>apondaici</strong></span> <span class='ocrx_word' id='word_1_717' title='bbox 982 5790 1070 5839; x_wconf 83' lang='grc' dir='ltr'><strong>νῦν</strong></span> <span class='ocrx_word' id='word_1_718' title='bbox 1097 5778 1142 5835; x_wconf 75' lang='lat'><strong>8’</strong></span> <span class='ocrx_word' id='word_1_719' title='bbox 1177 5777 1366 5846; x_wconf 63' lang='grc' dir='ltr'>ἄλλους</span> <span class='ocrx_word' id='word_1_720' title='bbox 1396 5778 1550 5856; x_wconf 69' lang='grc' dir='ltr'>ἕξεις,</span> <span class='ocrx_word' id='word_1_721' title='bbox 1585 5788 1705 5843; x_wconf 82' lang='lat' dir='ltr'><strong>etc.</strong></span> 
     </span>
    </p>
   </div>
   <div class='ocr_carea' id='block_1_98' title="bbox 2215 5292 3796 5378">
    <p class='ocr_par' dir='ltr' id='par_1_98' title="bbox 2215 5292 3796 5378">
     <span class='ocr_line' id='line_1_98' title="bbox 2215 5292 3796 5378; baseline -0.017 -4"><span class='ocrx_word' id='word_1_722' title='bbox 2215 5293 2335 5373; x_wconf 75' lang='lat'><strong>(38)</strong></span> <span class='ocrx_word' id='word_1_723' title='bbox 2375 5295 2481 5378; x_wconf 32' lang='lat' dir='ltr'><strong>,Kid</strong></span> <span class='ocrx_word' id='word_1_724' title='bbox 2538 5304 2640 5378; x_wconf 22' lang='grc' dir='ltr'>τῷ,</span> <span class='ocrx_word' id='word_1_725' title='bbox 2667 5304 2979 5378; x_wconf 51' lang='grc' dir='ltr'>μακρισμῷ.</span> <span class='ocrx_word' id='word_1_726' title='bbox 3040 5292 3387 5378; x_wconf 56' lang='grc' dir='ltr'>Ιλοεοράοω</span> <span class='ocrx_word' id='word_1_727' title='bbox 3448 5301 3743 5378; x_wconf 80' lang='grc' dir='ltr'>μακρυσμῷ</span> <span class='ocrx_word' id='word_1_728' title='bbox 3778 5312 3796 5329; x_wconf 75' lang='grc' dir='ltr'><strong>ο</strong></span> 
     </span>
    </p>
   </div>
   <div class='ocr_carea' id='block_1_99' title="bbox 2134 5373 3797 5457">
    <p class='ocr_par' dir='ltr' id='par_1_99' title="bbox 2134 5373 3797 5457">
     <span class='ocr_line' id='line_1_99' title="bbox 2134 5373 3797 5457; baseline -0.001 -19"><span class='ocrx_word' id='word_1_729' title='bbox 2134 5394 2268 5438; x_wconf 89' lang='lat' dir='ltr'><strong>nam</strong></span> <span class='ocrx_word' id='word_1_730' title='bbox 2298 5374 2590 5457; x_wconf 77' lang='lat' dir='ltr'><strong>originem</strong></span> <span class='ocrx_word' id='word_1_731' title='bbox 2628 5373 2807 5438; x_wconf 77' lang='lat' dir='ltr'><strong>habet</strong></span> <span class='ocrx_word' id='word_1_732' title='bbox 2835 5396 2868 5438; x_wconf 88' lang='lat' dir='ltr'><strong>a</strong></span> <span class='ocrx_word' id='word_1_733' title='bbox 2898 5373 3171 5457; x_wconf 73' lang='grc' dir='ltr'>μακρύνώ.</span> <span class='ocrx_word' id='word_1_734' title='bbox 3207 5373 3279 5436; x_wconf 92' lang='lat' dir='ltr'><strong>Et</strong></span> <span class='ocrx_word' id='word_1_735' title='bbox 3296 5382 3519 5457; x_wconf 68' lang='lat' dir='ltr'><strong>tamen</strong></span> <span class='ocrx_word' id='word_1_736' title='bbox 3565 5373 3797 5455; x_wconf 89' lang='lat' dir='ltr'><strong>psalmo</strong></span> 
     </span>
    </p>
   </div>
   <div class='ocr_carea' id='block_1_100' title="bbox 2134 5453 3797 5535">
    <p class='ocr_par' dir='ltr' id='par_1_100' title="bbox 2134 5453 3797 5535">
     <span class='ocr_line' id='line_1_100' title="bbox 2134 5453 3797 5535; baseline -0.001 -16"><span class='ocrx_word' id='word_1_737' title='bbox 2134 5473 2270 5519; x_wconf 72' lang='lat' dir='ltr'><strong>cxrx</strong></span> <span class='ocrx_word' id='word_1_738' title='bbox 2293 5454 2576 5518; x_wconf 82' lang='lat' dir='ltr'><strong>editionis</strong></span> <span class='ocrx_word' id='word_1_739' title='bbox 2598 5460 2907 5531; x_wconf 67' lang='lat' dir='ltr'><strong>Romanae,</strong></span> <span class='ocrx_word' id='word_1_740' title='bbox 2926 5453 3087 5526; x_wconf 83' lang='lat' dir='ltr'><strong>vere.</strong></span> <span class='ocrx_word' id='word_1_741' title='bbox 3111 5461 3173 5518; x_wconf 81' lang='grc'><strong>5.</strong></span> <span class='ocrx_word' id='word_1_742' title='bbox 3205 5454 3312 5517; x_wconf 91' lang='lat' dir='ltr'><strong>ubi</strong></span> <span class='ocrx_word' id='word_1_743' title='bbox 3338 5453 3482 5516; x_wconf 81' lang='lat' dir='ltr'><strong>LXX</strong></span> <span class='ocrx_word' id='word_1_744' title='bbox 3506 5453 3797 5535; x_wconf 79' lang='lat' dir='ltr'><strong>interpre-</strong></span> 
     </span>
    </p>
   </div>
   <div class='ocr_carea' id='block_1_101' title="bbox 2137 5536 3795 5619">
    <p class='ocr_par' dir='ltr' id='par_1_101' title="bbox 2137 5536 3795 5619">
     <span class='ocr_line' id='line_1_101' title="bbox 2137 5536 3795 5619; baseline -0.001 -21"><span class='ocrx_word' id='word_1_745' title='bbox 2137 5548 2224 5600; x_wconf 83' lang='lat' dir='ltr'><strong>tes</strong></span> <span class='ocrx_word' id='word_1_746' title='bbox 2247 5536 2468 5599; x_wconf 88' lang='lat' dir='ltr'><strong>habent</strong></span> <span class='ocrx_word' id='word_1_747' title='bbox 2494 5536 2647 5619; x_wconf 74' lang='grc' dir='ltr'>οἴμοι</span> <span class='ocrx_word' id='word_1_748' title='bbox 2693 5538 2774 5595; x_wconf 76' lang='grc' dir='ltr'><strong>ὅτι</strong></span> <span class='ocrx_word' id='word_1_749' title='bbox 2817 5538 3063 5619; x_wconf 81' lang='grc' dir='ltr'>παροικία</span> <span class='ocrx_word' id='word_1_750' title='bbox 3113 5560 3215 5615; x_wconf 75' lang='grc' dir='ltr'><strong>μου</strong></span> <span class='ocrx_word' id='word_1_751' title='bbox 3265 5538 3587 5619; x_wconf 19' lang='grc' dir='ltr'>έμακρύνθηλ.</span> <span class='ocrx_word' id='word_1_752' title='bbox 3640 5536 3795 5597; x_wconf 88' lang='lat' dir='ltr'><strong>alius</strong></span> 
     </span>
    </p>
   </div>
   <div class='ocr_carea' id='block_1_102' title="bbox 2137 5616 3793 5700">
    <p class='ocr_par' dir='ltr' id='par_1_102' title="bbox 2137 5616 3793 5700">
     <span class='ocr_line' id='line_1_102' title="bbox 2137 5616 3793 5700; baseline -0.003 -21"><span class='ocrx_word' id='word_1_753' title='bbox 2137 5619 2435 5700; x_wconf 84' lang='lat' dir='ltr'><strong>interpres</strong></span> <span class='ocrx_word' id='word_1_754' title='bbox 2492 5617 2674 5680; x_wconf 89' lang='lat' dir='ltr'><strong>habet</strong></span> <span class='ocrx_word' id='word_1_755' title='bbox 2736 5616 2906 5695; x_wconf 66' lang='grc' dir='ltr'>οἴμοι</span> <span class='ocrx_word' id='word_1_756' title='bbox 2960 5619 3040 5675; x_wconf 79' lang='grc' dir='ltr'><strong>ὅτι</strong></span> <span class='ocrx_word' id='word_1_757' title='bbox 3098 5616 3495 5699; x_wconf 68' lang='grc' dir='ltr'>προσηλύτευσια</span> <span class='ocrx_word' id='word_1_758' title='bbox 3568 5617 3623 5672; x_wconf 69' lang='grc' dir='ltr'>ὲν</span> <span class='ocrx_word' id='word_1_759' title='bbox 3678 5636 3793 5695; x_wconf 77' lang='grc' dir='ltr'><strong>μαι·</strong></span> 
     </span>
    </p>
   </div>
   <div class='ocr_carea' id='block_1_103' title="bbox 2137 5722 2364 5779">
    <p class='ocr_par' dir='ltr' id='par_1_103' title="bbox 2137 5722 2364 5779">
     <span class='ocr_line' id='line_1_103' title="bbox 2137 5722 2364 5779; baseline -0.022 0"><span class='ocrx_word' id='word_1_760' title='bbox 2137 5722 2364 5779; x_wconf 75' lang='grc' dir='ltr'>κρισμῳ.</span> 
     </span>
    </p>
   </div>
  </div>
