4156 6382
476 290 634 364 “63

1719 295 1907 360 JOAN
1914 296 1967 360 Ν
1972 293 2044 357 IS
2083 291 2646 358 EUCHAITENSIS

3747 281 3892 350 1164

488 421 620 492 ΝΜ.
672 449 704 491 ε
732 431 822 494 Εἰς
849 432 912 488 τὸ
933 431 1060 491 αὐτὸ
1089 429 1446 510 χειρόγραφον
1476 427 1835 507 συγκολληθὲν
1885 427 2070 493 πάλιν,
2119 451 2148 483 at
2175 435 2214 484 Α
2277 426 2394 491 615
2438 431 2538 488 Τὸν
2567 430 2668 509 γὰρ
2695 428 2927 506 βαλόντα
2954 431 3045 487 καὶ
3071 430 3288 507 βοηθεῖν
3320 436 3401 503 τῷ
3443 429 3598 486 πάθει

686 519 986 578 Πιστευέτω
1023 524 1130 582 πᾶς
1160 523 1229 594 τῇ
1261 523 1459 597 νεκρῶν
1488 516 1771 575 ἀναστάσει
1806 534 1821 549 °

695 605 860 667 Ὀστᾶ
886 609 1018 688 πρὸς
1049 607 1179 664 ὀστᾶ
1209 607 1580 676 συντεθήσεται
1611 605 1794 687 πάλιν,

695 700 795 757 Καὶ
823 696 985 766 πῆξιν
1006 696 1150 762 αὖθις
1180 697 1445 772 σωμάτων
1474 695 1575 761 ἕξει
1606 695 1778 776 λύσις,

697 787 848 845 Ἐπεὶ
875 787 943 843 τὰ
970 785 1139 843 λεπτὰ
1167 791 1334 842 ταῦτα
1362 791 1468 840 τῶν
1497 786 1894 865 σπαραγμάτων

534 874 655 937 595
694 876 786 939 Εἷς
815 877 872 934 ἓν
898 877 1164 955 συνήφθη,
1192 875 1281 931 καὶ
1311 873 1649 953 συνηρμόσθη
1679 873 1860 950 πάλιν,

693 966 795 1024 Καὶ
821 965 916 1021 τὸν
944 963 1254 1044 σπαράκτην
1283 965 1418 1042 θῆρα
1447 968 1577 1020 πᾶσι
1607 960 1850 1026 δεικνύει.

495 1043 624 1118 ΝΒ’.
662 1077 692 1110 α
723 1055 813 1119 Εἷς
841 1053 936 1118 τὰς
965 1043 1256 1132 ἐγγράφους
1288 1049 1569 1130 λοιδορίας,
1615 1053 1710 1117 τὰς
1760 1053 1896 1110 κατᾶ
1926 1059 2017 1112 τοῦ
2044 1053 2148 1130 βα·-

695 1208 721 1231 ‘I
819 1140 1009 1208 σιλέως
1039 1142 1127 1231 καὶ
1169 1147 1262 1197 τοῦ
1302 1141 1658 1221 πατριάρχου,
1698 1162 1723 1198 ι

718 1234 992 1310 Ανθρωπε,
1023 1229 1175 1308 ῥίψον
1206 1231 1241 1286 ἃ
1269 1243 1488 1309 κρατεῖς
1517 1251 1576 1286 τε
1607 1231 1696 1286 καὶ
1724 1228 1937 1308 βλέπεις
1971 1249 1988 1266 ⁸

695 1321 877 1384 Δεινὸς
907 1321 1008 1398 γὰρ
1037 1322 1221 1383 αὐτοῖς
1253 1317 1546 1397 ἐγκάθηται
1580 1320 1852 1398 σκορπίος,

692 1407 796 1466 Ἰοὺ
825 1408 996 1489 φέρων
1024 1405 1236 1487 ὄλεθρον
1261 1407 1694 1487 ἀνθρωποκτόνου
1729 1428 1743 1443 ο

529 1497 652 1563 600
692 1498 765 1557 Th
792 1497 1006 1578 κέντρον
1038 1497 1184 1577 αἶρε,
1219 1498 1298 1573 μή
1341 1518 1402 1553 σε
1444 1494 1628 1573 πλήξῃ
1655 1499 1888 1577 καιρίαν.

692 1587 793 1666 ᾕαὶ
822 1591 936 1651 πῶς
968 1587 1070 1664 γὰο
1099 1584 1161 1644 ἂν
1190 1585 1428 1666 φείσαιτο
1457 1592 1564 1642 τῶν
1593 1587 1890 1643 ἐλαττόνων

690 1661 783 1740 "0c
814 1673 931 1733 οὐδὲ
959 1661 1024 1725 59
1053 1661 1306 1755 χριστοὺς
1337 1671 1642 1733 εὐλαϐεῖται
1676 1675 1882 1754 Κυρίου,

689 1762 880 1822 Βάλλει
923 1763 1194 1844 Βασιλεῖς,
1240 1766 1327 1828 οὓς
1359 1760 1599 1820 σέϐονται
1629 1765 1718 1820 καὶ
1746 1762 1903 1842 λίθοι,

688 1855 789 1932 ρῦς
820 1851 936 1910 οἶδε
965 1858 1122 1928 τιμᾷν
1154 1853 1242 1908 καὶ
1272 1853 1440 1931 χορὸς
1472 1858 1578 1908 τῶν
1607 1851 1873 1932 ἀγγέλων,

526 1939 646 2004 605
686 1927 783 1996 Ὠν
809 1941 846 2009 ἡ
891 1927 1116 2017 περιττὴ
1143 1927 1406 2014 καλλόνῆ,
1439 1939 1529 1995 καὶ
1558 1927 1865 2018 χρηστότης

695 2031 796 2088 Καὶ
827 2027 990 2108 θῆρας
1022 2027 1208 2094 αὐτοὺς
1236 2029 1434 2106 ἡμεροῖ
1461 2027 1582 2090 τοὺς
1613 2027 1849 2108 ἀγρίους,

691 2115 912 2198 ἓάλλει,
944 2117 1224 2195 τιτρώσκει
1249 2115 1584 2197 πατριάρχας
1613 2115 1895 2198 ἀγγέλους,

686 2193 783 2263 Ὠν
809 2193 1051 2282 δαίμονες
1082 2205 1347 2286 φρίττουσι
1360 2193 1492 2274 ’τὴν
1505 2193 1713 2286 άϋλίαν,

692 2299 792 2360 Οἷς
824 2292 931 2355 οὐδ’
961 2297 990 2352 ὁ
1019 2295 1209 2372 μῶμος
1239 2295 1394 2360 αὐτὸς
1425 2293 1486 2352 ἂν
1518 2293 1793 2371 μέμψαιτό
1822 2316 1871 2350 τι
1906 2312 1923 2370 ;

529 2383 649 2452 610
691 2385 870 2449 Οὕτως
899 2382 1116 2455 ἀναιδής
1147 2384 1282 2460 ἐστι,
1315 2384 1405 2440 καὶ
1433 2385 1594 2465 φόνου
1623 2383 1793 2442 πνέει.

700 2473 850 2542 Πλὴν
878 2487 996 2538 τοῖς
1027 2471 1165 2538 ἅπαξ
1194 2477 1436 2549 παθοῦσι,
1470 2473 1559 2529 καὶ
1594 2471 1899 2551 πεπληγόσι

697 2562 1010 2639 Θαυμαστός
1034 2561 1143 2619 ἐστι
1173 2567 1274 2629 τῆς
1302 2564 1532 2641 ἰατρείας
1561 2561 1754 2642 τρόπος

690 2653 750 2711 El.
791 2651 892 2731 γάρ
918 2673 1000 2716 τις
1031 2651 1186 2710 αὐτὸν
1217 2648 1491 2708 συλλαϐὼν
1519 2649 1670 2727 τέμοι
1700 2651 1885 2731 μέσον,

692 2739 929 2798 Ἐκεῖθεν
957 2739 1059 2806 ἕξει
1086 2746 1180 2797 τοῦ
1209 2740 1374 2798 κακοῦ
1400 2743 1589 2797 θᾶττον
1618 2739 1765 2796 λύσιν

651 2907 748 2972 LI.
782 2908 857 2972 In
885 2907 1048 2970 idem
1077 2905 1546 2988 chirographum
1578 2905 1978 2971 recollectam.

575 2997 786 3063 Fidem
835 2994 1246 3078 unusquisque
1294 3004 1664 3060 mortuorum
1715 2996 2150 3060 resurrectioni

2436 515 2691 596 Ἰατρικὸς
2723 517 2883 597 λόγος
2914 539 2972 576 τε
3001 519 3089 575 καὶ
3119 520 3407 598 παροιμία.

2435 607 2492 687 gl
2522 603 2574 660 δὲ
2603 608 2873 685 κρατήσας
2916 606 3148 687 φείσεται
3178 615 3267 666 τοῦ
3291 607 3502 684 θηρίου,

2435 675 2741 773 Ἄνθρωπον
2766 675 2942 754 αὐτὸν
2961 693 3200 771 οὗδαμῦς
3230 695 3343 774 ἐγὼ
3368 675 3557 772 λέγω,

2439 783 2568 862 θεὸν
2598 779 2653 838 δὲ
2698 781 2923 862 μᾶλλον,
2958 785 3045 839 καὶ
3076 789 3208 840 Θεοῦ
3238 781 3393 839 καλῶ
3428 783 3622 856 τύπον,

2275 867 2396 951 620
2435 855 2528 951 "9:
2560 873 2650 926 καὶ
2678 855 2960 951 φονευταῖς
2990 869 3104 928 οῒδε
3134 872 3466 950 συγγνώμην
3495 871 3696 945 νέμειν.

2235 947 2362 1019 Nl“.
2394 977 2425 1018 ε
2466 942 2578 1016 Ὅτε
2609 942 2817 1040 πρῶτον
2845 960 3134 1040 ἐγνωρίσθη
3354 942 3482 1024 τοῖς
3527 942 3822 1035 βασιλεῦσι.
3859 982 3883 1012 ι

2433 1046 2602 1104 Πάλαι
2629 1049 2722 1125 μὲν
2763 1049 2828 1117 ἦν
2875 1071 2986 1124 μοι,
3020 1047 3248 1106 δέσποτα
3279 1049 3611 1128 στεφηφύρε,

2451 1146 2701 1214 Ακουσμα
2732 1141 2971 1218 φρικτὸν,
3003 1137 3252 1215 βασιλεὺς
3283 1139 3652 1216 αὐτοκράτωρ,

2434 1230 2540 1293 Γῆς
2573 1228 2659 1283 οιαὶ
2686 1225 2956 1295 θαλάσσης
2989 1229 3189 1306 κύριος,
3220 1229 3308 1284 καὶ
3339 1225 3640 1303 δεσπότης,

2428 1313 2824 1392 [Εξουσιαστὴς,
2862 1318 2951 1373 καὶ
2993 1315 3249 1383 δυνάστης
3279 1323 3372 1372 τοῦ
3401 1315 3544 1392 βίου,

2271 1398 2390 1466 625
2432 1387 2526 1462 "Ov
2557 1403 2618 1461 ἂν
2647 1405 2804 1462 θέλοι
2820 1407 3039 1463 κτείνων
3066 1428 3123 1462 τε
3153 1407 3240 1462 καὶ
3269 1407 3457 1477 σώζων
3503 1402 3688 1481 πάλιν,

2437 1484 2528 1557 Ὠς
2557 1501 2662 1551 τῶν
2691 1495 2937 1550 ἁπάντων
2967 1496 3028 1550 τὸ
3056 1495 3246 1574 κράτος
3288 1492 3628 1568 κεκτημένος
3665 1507 3678 1520 ⁹

2437 1579 2556 1662 Ἀφ’
2587 1582 2648 1640 οὗ
2676 1581 2731 1638 δὲ
2753 1582 2848 1650 τῆς
2879 1586 2978 1651 σῆς
3008 1583 3361 1662 ἡμερωτάτης
3396 1582 3548 1655 θέας,

2436 1673 2533 1728 Καὶ
2562 1677 2666 1727 τῶν
2697 1670 2972 1752 μελιχρῶν
3001 1670 3232 1738 ἠξιώθην
3265 1694 3358 1729 σου
3403 1670 3612 1749 λόγων,

2438 1761 2536 1818 Καὶ
2567 1761 2667 1827 τὴν
2711 1758 2881 1828 καλὴν
2925 1757 3124 1836 ἔϐλεψα
3152 1767 3257 1817 τῶν
3287 1761 3434 1827 ἠθῶν
3465 1761 3653 1840 χάριν,

2273 1845 2392 1910 630
2435 1851 2533 1906 Καὶ
2575 1851 2694 1914 τοὺς
2723 1849 2886 1907 πόθου
2915 1849 3178 1928 γέμοντας
3209 1848 3376 1928 ἔγνων
3405 1871 3502 1906 σου
3543 1847 3794 1926 τρόπους,

2435 1941 2541 1996 Οὔκ
2567 1937 2709 1995 ἔστιν
2739 1939 2911 1994 εἰπεῖν
2940 1935 3124 2006 ἡλίκος
3170 1961 3286 2014 μοι,
3331 1940 3422 1994 καὶ
3449 1938 3620 2000 πόσος

2435 2024 2744 2102 Γλυκασμὸς
2777 2024 3058 2092 ἐστάλαξεν
3088 2028 3159 2090 εἰς
3187 2027 3290 2094 τὴν
3317 2025 3564 2106 καρδίαν.

2431 2116 2532 2195 δαί
2554 2116 2656 2173 πού
2696 2137 2763 2191 με
2793 2113 2960 2178 δεινὸς
2990 2116 3120 2195 πρὸς
3164 2117 3226 2172 τὸ
3255 2122 3480 2194 πρᾶγμα
3504 2121 3594 2172 νῦν
3620 2113 3751 2194 ἔρως

2426 2185 2606 2284 Ἄφνω
2632 2205 2890 2284 κατέσχε,
2925 2205 3013 2260 καὶ
3043 2205 3278 2281 βιάζεται
3308 2202 3514 2283 λέγειν,

2263 2289 2384 2354 635
2429 2283 2523 2356 ὀξ
2552 2295 2776 2372 τερπνὸν
2804 2283 2963 2350 οὐδὲν
3009 2290 3139 2352 ἄλλο
3166 2290 3308 2360 πλὴν
3339 2291 3630 2369 βασιλέως,

2429 2379 2581 2439 Ἀλλ’
2611 2381 2764 2447 οὗτός
2796 2383 2905 2440 ἐστι
2950 2387 3141 2462 χρῆμα
3171 2380 3456 2439 κάλλιστον
3490 2384 3654 2458 μόνος
3689 2401 3701 2415 ·

2431 2471 2650 2529 Πάντων
2679 2472 3028 2548 ἀκουσμάτων
3057 2492 3115 2528 τε
3144 2473 3230 2528 καὶ
3258 2472 3568 2547 θεαμάτων.

2429 2559 2608 2626 Οὕτως
2640 2559 2762 2641 ἄρα,
2795 2561 3041 2640 κράτιστε
3071 2566 3177 2617 τῶν
3220 2559 3510 2638 βασιλέων,

2429 2643 2491 2708 Ἠ
2524 2652 2593 2718 σὴ
2622 2655 2927 2731 προσηνὴς,
2971 2651 3059 2707 καὶ
3087 2649 3454 2731 φιλάνθρωπος
3482 2650 3577 2707 θέα

2263 2738 2387 2803 640
2442 2738 2681 2820 Εθελξεν,
2717 2738 3050 2815 ἠλλοίωσειν,
3076 2738 3329 2820 ¹ἐξέσστησέ
3351 2762 3444 2816 με,

2233 2907 2564 2991 promptius
2613 2906 2858 2970 habebit
2907 2907 3050 2971 mali
3099 2907 3464 2972 solutionem
3509 2929 3524 2971 :
3567 2907 3877 2971 ferientem

2233 2997 2393 3061 enim
2422 2997 2655 3060 vulneri
2677 2996 2907 3060 mederi
2925 2997 3144 3060 medici
3168 3004 3226 3060 et
3244 2997 3633 3078 proverbium
3657 2995 3878 3058 dicunt.

495 3086 736 3166 habeat;
768 3103 904 3150 ossa
931 3085 1007 3147 ad
1040 3103 1176 3147 ossa
1205 3103 1443 3147 rursum
1472 3093 1904 3150 connectentur
1931 3080 2208 3149 etcoa-C
2232 3089 2295 3150 Si
2327 3105 2468 3150 vero
2494 3096 2681 3168 captaa
2729 3086 2919 3169 parcit
2961 3087 3126 3164 ferae,
3183 3087 3379 3168 ipsum
3431 3087 3743 3150 hominem
3776 3101 3879 3163 ego

498 3183 803 3258 gmentum
833 3174 1049 3237 iterum
1080 3173 1388 3236 habebunt
1418 3192 1668 3256 corpora
1697 3174 1915 3250 soluta,
1954 3175 2147 3257 siqui-

497 3267 636 3328 dem
685 3264 816 3327 istaa
861 3263 1292 3326 lacerationum
1345 3262 1610 3327 minutiae
1642 3268 1700 3326 in
1743 3284 1928 3327 unum
1973 3265 2148 3328 colli-

496 3362 717 3435 guntur
744 3362 804 3416 et
832 3351 1031 3416 denuo
1083 3353 1448 3430 coalescunt,
1489 3355 1794 3436 feramque
1835 3354 2146 3418 laceratri-

494 3460 626 3505 cem
658 3439 938 3506 omnibus
966 3441 1311 3505 ostendunt.

491 3529 612 3596 LII.
647 3530 726 3596 In
751 3532 1063 3610 injuriosa
1091 3533 1317 3612 scripta
1342 3535 1554 3594 contra
1579 3548 1778 3612 regem
1798 3537 1857 3595 et
1867 3534 2145 3613 patriar-

1223 3619 1421 3684 cham.

573 3709 789 3790 Homo,
826 3709 1052 3792 projice
1095 3727 1229 3792 qua;
1278 3717 1448 3773 tenes
1496 3728 1565 3772 ac
1596 3712 1793 3773 cernis
1826 3731 1840 3770 :
1878 3709 2150 3775 funestus

496 3800 658 3863 enim
688 3798 752 3862 in
773 3799 862 3862 eis
891 3799 1116 3862 insidet
1145 3801 1406 3880 scorpio.
1435 3795 1559 3860 Ictu
1593 3797 1898 3861 mortifero
1923 3799 2148 3862 lethum

495 3906 712 3968 gerens
749 3887 1054 3950 stimulum
1086 3887 1254 3960 tolle,
1301 3905 1375 3948 ne
1425 3895 1482 3949 te
1523 3887 1826 3951 lethaliter
1855 3889 2148 3953 vulneret.

496 3975 808 4049 Quomodo
822 3976 980 4038 enim
999 3983 1200 4056 parcat
1223 3975 1741 4058 inferioribus,qui
1766 3995 1875 4041 nec
1899 3978 2154 4040 christos

495 4064 737 4128 Domini
764 4073 1106 4138 veneratur,
1161 4064 1560 4126 calumniatur
1605 4083 1802 4144 reges,
1837 4085 1987 4146 quos
2039 4067 2156 4148 ipsi

2231 3175 2573 3240 nullatenus
2607 3175 2764 3253 dico,
2797 3177 2902 3240 sed
2953 3177 3145 3258 potius
3188 3179 3376 3240 Deum
3427 3185 3488 3239 et
3538 3177 3650 3241 Dei
3692 3185 3878 3256 typum

2229 3266 2487 3348 appello,
2549 3265 2650 3346 qui
2691 3266 2924 3328 veniam
2979 3266 3125 3347 ipsis
3178 3265 3503 3330 homicidis
3553 3263 3881 3330 concedere

2231 3355 2462 3435 satagit.

2231 3447 2375 3512 LIII.
2400 3448 2655 3523 Quando
2671 3453 2951 3528 primum
2963 3447 3044 3511 ad
3055 3466 3264 3529 regum
3289 3450 3678 3529 agnitionem
3695 3445 3876 3509 venit.

2312 3537 2491 3613 Olim,
2527 3537 2768 3601 domine
2798 3547 3109 3612 coronate,
3159 3537 3306 3600 mihi
3351 3537 3732 3601 tremendum
3763 3539 3884 3596 erat

2233 3627 2462 3703 audire,
2495 3645 2601 3690 rex
2644 3635 2999 3703 autocrator,
3045 3638 3221 3691 terrae
3260 3628 3566 3709 marisque
3611 3623 3881 3688 dominus

2235 3716 2662 3792 etdominator,
2684 3716 2816 3778 vitae
2829 3722 3184 3798 potestatem
3209 3732 3278 3780 ac
3291 3715 3612 3779 arbitrium
3637 3711 3878 3784 habens,

2234 3825 2413 3888 quem
2437 3805 2582 3868 velis
2624 3805 2909 3869 occidens
2948 3813 3007 3867 et
3032 3823 3271 3867 rursum
3305 3823 3575 3880 servans,
3609 3811 3882 3888 tanquam

2234 3885 2500 3957 omnium
2517 3893 2840 3975 potentiam
2852 3893 3123 3975 adeptus.
3148 3891 3231 3955 Ex
3243 3911 3359 3974 quo
3371 3911 3516 3955 vero
3540 3885 3888 3954 dulcissimo

2236 3993 2334 4045 tuo
2365 3992 2714 4065 conspectu,
2739 3983 3091 4064 melleisque
3119 3981 3497 4045 sermonibus
3539 3982 3654 4044 tuis
3682 3977 3888 4054 dignus

2238 4072 2474 4134 habitus
2503 4091 2661 4154 sum,
2686 4081 2746 4134 et
2774 4072 3083 4153 pulchram
3116 4071 3321 4153 aspexi
3352 4090 3591 4136 morum
3619 4065 3882 4150 gratiam,

493 4165 784 4216 verentur
811 4152 1063 4234 lapides,
1089 4171 1240 4233 quos
1269 4153 1519 4244 honorat
1547 4154 1893 4244 angelorum
1912 4155 2153 4244 chorus,
2241 4181 2557 4244 moresque
2590 4152 2723 4223 tuos
2750 4152 2954 4225 amore
2985 4152 3200 4242 plenos,
3225 4161 3496 4242 cognovi,
3533 4161 3736 4224 dicere
3773 4169 3887 4216 non

496 4259 749 4325 quorum
798 4247 1084 4323 praestans
1131 4243 1319 4331 lorma
1370 4241 1727 4331 bonitasque
1787 4243 1946 4304 feras
2003 4243 2414 4323 ipsaSDvaleo
2447 4241 2639 4330 qualis
2671 4260 2728 4312 et
2750 4259 2970 4331 quanta
2988 4241 3253 4311 dulcedo
3277 4241 3488 4311 meum,
3527 4252 3588 4312 in
3630 4247 3886 4331 animum

499 4331 673 4407 lenit;
707 4331 1130 4406 calumniatur,
1163 4330 1434 4393 vulnerat
1473 4330 1862 4411 patriarchas,
1889 4333 2162 4412 angi-los,
2247 4338 2654 4403 stillaverit.Et
2678 4330 2841 4401 certe
2861 4357 2957 4400 me
2986 4357 3176 4400 saevus
3206 4337 3266 4400 in
3299 4357 3425 4400 rem
3458 4340 3658 4403 subito
3685 4330 3888 4399 invasit

501 4439 755 4502 quorum
776 4420 1080 4483 daemones
1099 4420 1533 4500 pertimescunt
1556 4419 2162 4502 spiritalitatem,qui-
2247 4445 2438 4502 amor,
2466 4436 2524 4488 et
2552 4427 2755 4490 dicere
2777 4446 2871 4488 me
2894 4427 3072 4505 cogit,
3098 4426 3246 4488 nihil
3268 4427 3429 4488 aliud
3454 4437 3673 4507 praeter
3691 4436 3886 4501 regem

501 4510 613 4573 bus
649 4529 760 4573 nec
797 4511 990 4590 ipsum
1018 4509 1300 4591 probrum
1331 4509 1556 4592 aliquid
1575 4509 2166 4591 exprobaret?Adeo
2247 4533 2381 4578 esse
2402 4516 2764 4596 jucundum;
2784 4517 2942 4579 hunc
2963 4515 3122 4579 enim
3155 4515 3349 4577 solum
3381 4534 3514 4578 esse
3547 4521 3884 4580 cunctorum

499 4599 824 4688 impudens
853 4607 942 4661 est
987 4618 1060 4662 ac
1102 4599 1326 4664 caedem
1374 4599 1592 4681 spirat!
1643 4602 1920 4663 Attamen
1973 4602 2159 4665 semel
2244 4603 2598 4667 audibilium
2647 4605 2738 4668 vel
2769 4605 3220 4688 aspectabilium
3253 4605 3746 4686 pulcherrimum.
3796 4596 3887 4662 Sic

502 4687 694 4771 passis
713 4697 772 4751 et
795 4688 1094 4770 percussis
1114 4689 1302 4751 mirus
1324 4699 1413 4751 est
1435 4690 1762 4752 sanationis
1791 4691 2028 4753 modus.
2052 4689 2153 4753 Et-
2237 4694 2439 4774 igitur,
2469 4713 2678 4775 regum
2713 4687 3146 4777 potentissime,
3182 4702 3282 4756 tua
3310 4695 3502 4758 dulcis
3547 4704 3609 4759 et
3639 4689 3888 4769 benigna

503 4777 666 4841 enim
693 4777 746 4840 si
770 4777 904 4859 quis
931 4777 1100 4841 illum
1122 4778 1655 4860 corripienszsecet
1675 4779 1976 4853 medium,
2007 4780 2151 4844 hinc
2234 4783 2384 4847 visio
2412 4784 2721 4862 demulsit,
2746 4784 3190 4865 transmutavit,
3216 4785 3428 4846 extulit
3477 4802 3573 4848 me
3629 4782 3798 4846 aliter
3823 4791 3886 4837 ac

583 4939 649 4992 59
674 4963 762 5020 γρ.
797 4943 1086 5022 χρηστούς.

1879 5077 2134 5146 Matthzei
2164 5079 2333 5146 Busti
2363 5091 2536 5146 nota.

781 5194 895 5270 ﬂ011:
944 5216 1152 5301 πρῶτον
1201 5210 1489 5302 ἐγνωρίσθη
1531 5225 1672 5302 τοῖς.
1720 5209 1830 5275 Hic
1856 5231 1994 5276 vero
2023 5215 2161 5297 phi-

507 5289 914 5376 losophumex
935 5289 1384 5376 museiangulis
1404 5291 1463 5355 in
1489 5291 1696 5376 aulam,
1720 5289 2044 5376 proreptan
2047 5306 2164 5358 tem

506 5367 695 5454 habes
743 5372 844 5454 Δκαὶ
905 5374 1040 5454 προς
1097 5373 1158 5428 τὸ
1193 5367 1434 5454 πρᾶγμα
1489 5367 1772 5454 δαιμονίως
1827 5367 2163 5454 ξλιγγιῶντα,

508 5447 678 5521 Quod
709 5452 759 5514 si
789 5447 964 5532 paulo
994 5447 1488 5514 honoriﬁcentius
1508 5447 1787 5531 loQuatur
1811 5453 1885 5517 de
1905 5447 2018 5519 hoc
2039 5457 2158 5519 im-

509 5529 808 5624 peratore,
839 5529 939 5624 qui
972 5550 1133 5624 nunc
1165 5539 1411 5624 propter
1450 5529 1732 5624 lascivam
1780 5542 1840 5594 et
1887 5536 2159 5624 desidem

509 5611 691 5678 vitam
723 5611 934 5675 merito
965 5611 1220 5693 vapulat,
1247 5611 1366 5674 non
1385 5619 1478 5674 est
1503 5612 1864 5678 mirandum.
1900 5614 2159 5680 Primum

2245 5214 2410 5305 enim
2455 5223 2508 5276 αἱ
2555 5218 2829 5305 εὐπραξίαν
2883 5220 2974 5301 (ut
3019 5217 3216 5305 inquit
3272 5222 3506 5305 orator)_
3549 5218 3709 5305 damni
3757 5233 3885 5305 συγ-

2247 5298 2439 5375 κρύψαι
2489 5301 2579 5357 καὶ
2631 5297 2910 5356 συσκιάσαί
2980 5301 3047 5356 τὰ
3101 5297 3317 5358 τοιαῦτα
3375 5299 3549 5370 ὀνείδη
3601 5317 3616 5332 ⁶
3676 5297 3886 5360 deinde

2250 5385 2481 5461 constat
2529 5378 2746 5461 multas
2794 5378 2856 5441 in
2887 5377 3280 5442 Monomacho
3325 5380 3582 5461 viguisse
3623 5378 3884 5461 virtutes,

2243 5475 2377 5537 quae
2402 5459 2527 5523 illis
2555 5459 2714 5520 vitiis
2736 5461 3050 5540 caliginem
3075 5469 3322 5602 possent
3349 5448 3662 5525 oliundere
3685 5479 3699 5518 ε
3719 5448 3885 5549 ,ψιοά

2245 5546 2444 5602 tamen
2486 5544 2564 5602 de
2610 5540 2729 5602 Zoe
2774 5541 2969 5602 vetula
3029 5542 3069 5602 li
3116 5541 3521 5602 [dinosissima
3571 5554 3771 5602 nescio
3815 5546 3883 5592 an

2245 5546 2444 5603 tamen
2486 5544 2564 5606 de
2610 5540 2729 5602 Zoe
2774 5541 2969 5603 vetula
3029 5540 3521 5604 libidinosissima
3571 5540 3771 5604 nescio
3815 5546 3883 5592 an

2245 5636 2384 5682 vere
2413 5625 2532 5689 dici
2563 5619 2774 5705 possit.
