4156 6432
1692 416 1985 487 VERSUS
2024 419 2342 483 IAMBIGI.

2241 552 2458 634 Τρέπων
2487 552 2794 633 λογισμοίκ,
2827 557 2917 612 καὶ
2958 558 3221 631 μεθιστῶν
3250 555 3487 636 καρδίας,

318 418 473 486 1165
1692 418 1985 487 VERSUS
2024 419 2342 483 IAMBICI.
3548 423 3616 488 11
3640 421 3719 488 66

508 530 673 638 ἶΑλλα
701 569 914 638 φρονεῖν
942 556 1148 614 ἔπεισεν
1176 556 1291 614 ἀντὶ
1317 558 1422 613 τῶν
1452 556 1617 614 πάλαι
1651 572 1665 585 ⁹
1976 564 2020 613 Α

513 629 676 712 εδλως
788 648 970 704 καινὸν
1012 646 1073 703 ἐκ
1102 644 1352 718 παλαιοῦ,
1398 646 1487 702 καὶ
1515 645 1632 703 νέον

525 734 722 811 Εδειξε,
761 733 974 793 διπλοῦν
1008 733 1159 815 ἔργον
1190 733 1566 815 ἐξειργασμένη
1600 751 1614 766 ⁶

504 815 669 904 έΟμοῦ
698 824 795 899 μὲν
824 823 1132 904 ἐπλήρωσεν
1160 821 1354 893 ἡδονῆς
1394 822 1562 898 ξένης,

346 911 465 976 645
505 903 675 992 ξομοῦ
717 911 774 969 δὲ
815 903 1193 992 λαμπρότητος
1238 911 1552 988 ἐμπέπληκέ
1583 934 1670 989 με.

505 980 697 1082 ’,Αμφω
725 1003 825 1081 γὰρ
868 980 1002 1069 aii-cn
1034 1003 1129 1065 τὰς
1171 980 1432 1082 ἐνεργείας
1461 980 1630 1082 φέρει,

508 1089 859 1166 Λαμπηδόνος
889 1090 1149 1170 γέμουσα,
1178 1092 1265 1149 καὶ
1292 1089 1546 1167 θυμηδίας
1579 1108 1593 1122 ⁶

528 1180 627 1236 Καὶ
657 1179 891 1245 Μωσέως
922 1180 1018 1256 μὲν
1051 1182 1114 1236 τὸ
1140 1180 1451 1261 πρόσωπον,
1480 1183 1554 1246 ὡς
1595 1181 1773 1260 λόγος,

512 1263 755 1350 ξΕδόξασε
785 1270 902 1348 πρὶν
931 1271 967 1336 ἡ
999 1275 1129 1326 Θεοῦ
1157 1272 1368 1350 θεωρία,

345 1352 463 1417 650
510 1346 603 1420 Ὠς
631 1359 720 1414 καὶ
747 1346 1001 1434 κάλυμμα
1028 1360 1120 1415 τὸν
1147 1346 1376 1425 θεόπτην
1418 1356 1727 1435 λαμϐάνειν,

511 1442 754 1503 Ἐπειδὰν
784 1447 936 1503 αὐτὸν
969 1446 1295 1527 προσλαλεῖν
1325 1444 1506 1512 ἄλλοις
1543 1445 1668 1511 ἔδει,

505 1535 577 1592 0'3
617 1537 717 1614 γὰρ
748 1537 980 1617 φορητὸν
1022 1537 1152 1617 εἶχε
1181 1537 1279 1604 τὴν
1306 1539 1465 1593 αὑτοῦ
1504 1536 1649 1618 θέαν,

506 1626 565 1681 Εἰ
594 1626 673 1701 μὴ
711 1625 988 1707 καλυφθεὶς
1018 1624 1175 1695 ἦλθεν
1205 1628 1277 1691 εἰς
1308 1625 1542 1702 ὁμιλίαν.

508 1710 659 1788 Ἐμοὶ
686 1712 740 1770 δὲ
771 1716 857 1791 σὺ,
887 1716 1135 1795 κράτιστε
1162 1721 1269 1773 τῶν
1298 1715 1582 1793 βασιλέων,

349 1800 467 1865 655
509 1803 598 1865 Εἷς
629 1801 750 1880 ὄψιν
782 1803 969 1879 ἐλθὼν,
1015 1806 1103 1862 καὶ
1132 1806 1328 1870 θεαθεὶς
1360 1805 1609 1885 μετρίως,

508 1892 580 1975 ρῦ
609 1894 671 1949 τὸ
698 1894 1007 1975 πρόσωπον,
1054 1893 1169 1954 οὐδὲ
1195 1895 1295 1963 τὴν
1324 1893 1447 1970 ὄψιν
1492 1895 1676 1971 μόνον,

516 1968 662 2041 Ἅλον
692 1968 751 2039 δέ
777 1981 930 2051 δόξης
962 1968 1313 2060 ἐμπέπληκας
1343 1968 1552 2047 αὐτίκα.

508 2073 689 2152 ςαίτοι
719 2073 886 2152 μέγαν
915 2094 974 2129 σε
1008 2075 1101 2130 τὸν
1130 2070 1245 2130 καθ’
1276 2075 1419 2149 ἡμᾶς
1449 2072 1733 2144 δεσπότην.

506 2143 678 2232 "ﬁdem
720 2163 823 2241 πρὸ
851 2162 1060 2237 τούτου,
1092 2163 1180 2218 καὶ
1210 2169 1341 2219 Θεοῦ
1382 2166 1526 2220 θετον
1554 2164 1742 2237 τόπον,

344 2248 464 2313 660
506 2249 697 2314 Καλῶς
726 2250 1018 2332 στρέφοντα
1045 2261 1138 2310 τοῦ
1158 2251 1381 2331 κράτους
1412 2253 1505 2317 τὰς
1537 2254 1710 2335 ἡνίας,

505 2340 604 2399 Καὶ
632 2341 724 2396 σὺν
769 2347 885 2415 Θεῷ
915 2341 1150 2412 σώζοντα
1190 2341 1288 2409 τὴν
1332 2341 1647 2418 οἰκουμένην
1681 2362 1694 2376 ·

506 2430 635 2487 Θεὸν
665 2427 719 2485 δὲ
748 2427 1101 2504 πανσέϐαστε,
1135 2432 1226 2487 καὶ
1255 2429 1498 2499 πλάστην
1545 2431 1684 2513 νέον,

525 2525 574 2576 Η
603 2516 922 2599 δημιουργὸν
952 2517 1112 2577 ἄλλον
1156 2519 1249 2576 οὐκ
1275 2520 1611 2595 ἠπιστάμην.

508 2614 611 2666 Νῦν
655 2605 701 2663 δ’
732 2608 831 2683 ὀψὲ
858 2609 957 2684 μὲν
985 2608 1074 2664 οὖν
1104 2605 1258 2688 (33),
1292 2606 1411 2665 ἀλλ’
1443 2607 1589 2685 ὅμως
1616 2608 1953 2691 ἐκτησάμην,

348 2694 468 2759 665
512 2697 613 2755 Καὶ
658 2703 880 2775 πρᾶγμα
921 2700 1117 2773 θαῦμα,
1162 2701 1338 2774 θαῦμα
1377 2698 1658 2773 θαυμάτων
1701 2697 1836 2778 πέρα

514 2788 601 2852 Εἷς
643 2784 790 2867 δεῦρο
817 2785 1072 2847 λανθάνον
1116 2808 1184 2863 με
1213 2788 1458 2863 μανθάνω
1488 2786 1668 2863 μόλις.

511 2876 602 2966 ξὺ.
630 2876 731 2957 γὰρ
759 2876 887 2941 Θεός
918 2898 1022 2951 τις,
1065 2879 1139 2941 ὡς
1171 2875 1331 2951 ἔοικε,
1364 2878 1464 2934 τὴν
1494 2879 1666 2958 φύσιν,

526 2971 573 3023 Η
601 2970 715 3029 πῶς
757 2980 1049 3046 νεουργετς,
1084 2966 1221 3048 εἰπὲ,
1252 2967 1375 3033 τοὺς
1403 2965 1522 3025 κατ’
1568 2968 1765 3041 εἰκόνα,

510 3056 607 3113 Καὶ
635 3055 801 3133 ῥᾷστα
831 3055 1102 3133 πλάττεις,
1149 3059 1237 3113 καὶ
1266 3056 1655 3134 μεταπλάττεις
1684 3056 1869 3133 πάλιν,

342 3141 465 3206 670
504 3145 727 3220 Γνώμας
771 3144 1026 3224 ἀμείϐω),
1057 3148 1146 3204 καὶ
1175 3148 1518 3228 μεθαρμόζων
1546 3147 1793 3226 τρόπους,

2257 652 2434 723 Αγων,
2483 641 2679 723 φέρων,
2708 643 2944 726 στρέφων
2977 666 3036 701 τε
3062 646 3234 703 πάντα
3264 644 3476 730 ῥᾳδίως,

2241 731 2339 791 Ἐκ
2365 731 2663 813 φθέγματός
2691 754 2750 789 τε
2778 734 2868 791 καὶ
2896 733 3017 799 θέας
3046 734 3143 802 τῆς
3174 735 3272 804 σῆς
3305 736 3476 812 μόνης
3508 758 3525 819 ;

2246 822 2347 881 Καὶ
2375 822 2494 885 τοὺς
2525 820 2623 898 μὲν
2651 819 2842 887 ἄλλους
2873 822 2932 879 οὗ
2966 830 3218 883 τοσοῦτον
3245 827 3519 904 θαυμάσω,

2080 907 2200 972 675
2243 911 2344 973 Οὓς
2367 915 2531 966 ταῦτα
2561 922 2739 975 ποιεῖς
2767 910 2822 968 ἐν
2853 911 3078 992 βραχεῖ,
3110 914 3200 970 καὶ
3226 914 3525 996 συντόμως,

2239 999 2346 1060 Οὔκ
2374 1000 2705 1079 ἀπροθύμως
2734 999 2891 1066 ὄντας
2923 1000 3031 1060 οὐδ’
3062 1004 3249 1071 αὐτοὺς
3279 1003 3417 1070 ἴσως
3448 1026 3466 1045 ο

2240 1083 2413 1170 Ἣμᾶς
2441 1090 2498 1148 δὲ
2525 1098 2643 1157 πῶς
2672 1091 2911 1170 ἤμειψας
2940 1093 3105 1160 οὕτως
3130 1096 3316 1177 ἀθρόον
3353 1119 3371 1175 ς

2258 1188 2305 1267 β
2332 1182 2450 1246 πῶς
2479 1188 2729 1239 τοσοῦτον
2774 1182 2970 1264 ἴσχυσε
3009 1185 3215 1266 βραχὺς
3245 1187 3443 1267 χρόνος
3473 1205 3490 1263 ;

2243 1254 2407 1353 :AnaE
2435 1254 3020 1349 npoampOtnaacnﬁp‘tv
3042 1254 3295 1353 ’ἐγίξύθενῖ

2072 1357 2191 1422 680
2239 1342 2402 1449 ᾌπαξ
2431 1342 2736 1439 προσεῖδες,
2767 1342 2955 1441 μικρὸν
2985 1342 3496 1449 ἀντῶᾧθηξπάλιν,

2238 1446 2502 1515 Ἀπῆλθες
2532 1449 2676 1515 εὐθὺς
2706 1452 3151 1531 συμμεθαρμόσας
3182 1451 3361 1519 ὅλους.

2240 1538 2441 1606 Καινὴν
2471 1539 2571 1618 γὰρ
2599 1536 2894 1604 ἐντέθεικας
2921 1542 3057 1616 ἡμῖν
3085 1539 3322 1621 καρδίαν,

2241 1628 2342 1686 Καὶ
2369 1633 2577 1703 πνεῦμα
2604 1628 2787 1684 καινὸν
2814 1627 3024 1696 ἔκτισας
3051 1643 3171 1694 τοῖς
3201 1631 3470 1711 ἐγκάτοις.

2257 1723 2514 1796 Αγροικος
2536 1715 2607 1783 ἦν
2636 1715 2765 1796 χθές
2800 1735 2815 1750 ⁸
2850 1716 3066 1784 ἀστικὸς
3095 1717 3151 1776 δὲ
3180 1721 3270 1778 νῦν
3294 1721 3441 1798 μάλα
3477 1738 3491 1753 ⁸

1977 1806 2018 1855 Β
2080 1801 2201 1868 685
2242 1805 2401 1863 Κάτω
2432 1805 2689 1868 νενευκώς
2724 1820 2739 1835 ⁸
2773 1804 2911 1863 ἀλλὰ
2938 1814 3024 1866 νῦν
3070 1807 3181 1866 ἅνω
3208 1810 3443 1888 βλέπων,

2262 1896 2470 1970 Αθυμος
2505 1892 2668 1972 ’βάλλ’
2701 1894 2945 1971 εὔθυμος,
2978 1894 3175 1966 ἡδονῆς
3216 1899 3418 1977 γέμων,

2238 1985 2462 2061 Μικρὸς,
2495 1984 2743 2071 κατηφής
2775 2001 2795 2022 ⁶
2826 1990 2915 2042 νῦν
2943 1982 2997 2040 δὲ
3025 1984 3293 2067 λαμπρὸς,
3326 1991 3412 2047 καὶ
3441 1990 3632 2071 μέγας,

2245 2073 2345 2130 Καὶ
2384 2078 2551 2129 ταῦτα
2580 2069 2749 2148 μηδὲν
2779 2075 2853 2137 εἰς
2883 2074 3087 2154 τρόπὴν
3116 2076 3271 2156 φέρον
3300 2078 3467 2145 πάθος

2237 2163 2437 2243 ῌαθετν
2465 2158 2559 2216 ἀπ’
2589 2160 2769 2242 ἀρχῆς
2798 2162 2855 2219 εὖ
2882 2166 3401 2243 παρεσκευασμένος,

2072 2248 2192 2313 690
2359 2246 2421 2307 ἄν
2451 2271 2504 2305 τι
2718 2248 2915 2330 δεῖγμα
2946 2240 3038 2309 τοῦ
3078 2253 3197 2314 νέου
3221 2240 3442 2323 πάθους.

2234 2317 2460 2418 νΑτυφος
2488 2335 2555 2389 60
2581 2338 2655 2398 ὢν
2684 2317 2950 2420 πρὶνςινῦν
2979 2339 3035 2398 δὲ
3077 2345 3340 2419 κομπάζω

2240 2426 2391 2488 Οὕτω
2419 2450 2488 2504 με
2515 2428 2851 2485 παντάπασιν
2880 2428 2933 2496 ἐξ
2961 2427 3124 2489 ἄλλου
3147 2432 3282 2498 τέως

2260 2514 2465 2584 Εδειξεν
2492 2516 2653 2577 ἄλλον
2681 2519 2716 2587 ἡ
2747 2513 3027 2591 παναλκής
3055 2543 3149 2579 σου
3178 2516 3371 2603 χάρις,

2240 2608 2440 2686 Μικρὸν
2464 2607 2564 2695 γάρ
2595 2606 2753 2682 αὕτη,
2801 2611 2990 2689 μικρὸν
3022 2608 3343 2687 ἐλλάμψασά
3370 2635 3489 2695 μοι,

2078 2693 2200 2760 695
2242 2695 2381 2779 βῖτα
2411 2693 2665 2775 κρυϐεἲσα
2693 2700 2881 2754 θᾶττον
2922 2697 2983 2756 ὲκ
3008 2705 3116 2756 τῶν
3144 2700 3424 2779 ὀμμάτων,

2243 2775 2336 2877 29¢
2361 2782 2418 2834 61
2451 2786 2726 2877 ἀστραπης
2768 2808 2851 2853 τις
2906 2786 3093 2857 ὀξύτης
3128 2806 3144 2822 ⁶
3205 2775 3294 2847 καὶ
3346 2775 3689 2876 λαμπρότης,

2261 2874 2422 2951 ὒμως
2449 2874 2843 2954 κατεκράτησεν
2873 2877 3027 2952 ἡμῶν
3058 2879 3131 2942 εἷς
3163 2878 3337 2956 τέλος,

2239 2964 2340 3022 Καὶ
2368 2964 2467 3031 τὴν
2495 2962 2668 3031 καὶ-ἡν
2698 2960 2919 3041 ἄμειψιν
2948 2963 3204 3045 ὲξήμειψέ
3244 2989 3336 3044 με.

2234 3054 2297 3112 Τί
2326 3050 2370 3110 δ’
2405 3051 2468 3110 ἂν
2511 3053 2669 3110 πάθοι
2698 3075 2802 3140 τις,
2836 3055 2881 3110 εἰ
2922 3053 3082 3113 πάλιν
3109 3058 3295 3115 τούτου
3323 3058 3506 3140 τύχοι,

1973 3150 2016 3203 C
2080 3140 2198 3207 700
2241 3140 2470 3222 Καὶετῆς
2499 3141 2686 3217 ὁμοίας
2715 3139 2949 3223 δεύτερον
2979 3146 3137 3226 τύχοι
3159 3145 3307 3223 θέας,

305 3302 447 3366 olim
477 3323 575 3369 me
604 3307 830 3370 sentire
876 3307 1081 3383 suasit,
1118 3325 1482 3389 prorsusque
1515 3323 1733 3369 novum
1766 3312 1824 3367 et
1852 3323 1955 3368 re-
2036 3308 2273 3365 vertens
2297 3308 2357 3363 et
2383 3301 2618 3363 animos
2649 3300 2963 3379 innovans,
2996 3322 3203 3387 agens,
3254 3305 3480 3387 ferens,
3519 3310 3686 3374 evol-

303 3410 446 3455 cens
467 3395 980 3476 ostendit,duplex
1003 3414 1151 3477 opus
1174 3405 1415 3477 operata
1438 3413 1452 3458 :
1478 3394 1657 3457 simul
1676 3403 1955 3457 extranea
2035 3409 2298 3472 vensque
2328 3390 2583 3452 laciliter
2609 3391 2834 3469 omnia,
2866 3411 2935 3455 ex
2968 3411 3113 3456 voce
3157 3395 3401 3479 solaque
3454 3399 3689 3464 visione

306 3499 401 3543 me
409 3481 782 3562 jucunditate
808 3494 866 3546 et
886 3484 1206 3564 splendore
1230 3484 1496 3566 implevit
1522 3502 1536 3547 :
1563 3483 1770 3546 ambas
1792 3484 1949 3546 enim

303 3569 415 3632 has
441 3570 691 3636 virtutes
718 3572 919 3655 habet,
952 3574 1271 3655 splendore
1282 3573 1778 3655 jucunditateque
1818 3573 1947 3653 ple-

310 3676 404 3722 na.
429 3658 526 3722 Sic
547 3668 606 3723 et
624 3663 845 3740 Moysis
866 3662 1112 3740 vultum,
1138 3672 1202 3725 ut
1223 3663 1463 3744 dicitur,
1495 3663 1665 3743 prius
1682 3662 1788 3724 Dei
1803 3661 1949 3723 visio

305 3746 722 3828 illustraverat,
756 3751 837 3813 ita
864 3760 930 3814 ut
959 3752 1067 3816 Dei
1097 3752 1531 3834 contemplator
1558 3752 1828 3813 velamen
1849 3770 1951 3814 as-

302 3847 593 3916 sumeret,
625 3840 863 3921 quando
893 3860 1026 3903 cum
1059 3842 1191 3903 aliis
1221 3841 1476 3922 colloqui
1508 3841 1754 3903 deberet
1780 3861 1796 3922 ;
1832 3859 1950 3903 non

300 3926 462 3989 enim
505 3929 921 3992 sustinendum
967 3930 1278 3994 habuisset
1305 3931 1524 4007 visum,
1579 3929 1697 3993 nisi
1726 3930 1950 3992 velatus

297 4015 372 4077 ad
396 4017 612 4079 coelum
643 4019 923 4082 venisset.
957 4019 1096 4082 Mihi
1124 4029 1322 4083 autem
1353 4028 1434 4097 tu,
1478 4037 1687 4099 regum
1733 4027 1947 4100 poten-

297 4104 552 4183 tissime,
585 4108 661 4170 ad
693 4117 1079 4190 conspectum
1098 4111 1365 4183 veniens,
1389 4120 1450 4171 et
1472 4109 1522 4171 si
1544 4108 1843 4171 modicum
1861 4108 1944 4169 vi-

2034 3479 2349 3570 ιιιεςιὶῖΝοιιΔ
2386 3479 2536 3541 adeo
2586 3480 2831 3561 quidem
2882 3481 3134 3545 mirarer
3182 3484 3352 3564 alios,
3405 3507 3554 3570 quos
3606 3490 3690 3553 ita

2032 3567 2538 3650 brevizsubitoque
2559 3575 2773 3645 mutas,
2794 3576 3000 3650 utpote
3020 3572 3302 3636 ardentes
3325 3582 3383 3637 et
3403 3567 3681 3643 mobiles:

2030 3657 2137 3719 sed
2169 3677 2278 3720 nos
2303 3657 2605 3737 quomodo
2637 3657 2723 3720 sic
2764 3666 3013 3740 repente
3060 3663 3343 3725 mutasti?
3372 3664 3684 3739 Quomodo

2033 3746 2121 3809 sic
2141 3746 2328 3828 potuit
2350 3747 2532 3809 breve
2554 3753 2789 3828 tempus
2808 3747 2839 3807 ‘?
2869 3746 3068 3812 Semel
3100 3750 3415 3817 nobiscum
3440 3775 3686 3821 conver-

2030 3843 2191 3898 satus
2222 3854 2307 3928 es,
2332 3836 2520 3898 semel
2548 3836 2829 3928 aspexisti
2856 3839 3283 3928 modicumque
3324 3854 3684 3928 conspectus

2032 3942 2119 3999 es,
2172 3925 2393 4006 statim,
2445 3924 2724 3986 omnibus
2771 3926 3125 4011 conciliatis,
3176 3929 3398 3995 abiisti.
3454 3924 3683 4000 Novum

2030 4013 2189 4076 enim
2210 4013 2474 4105 animum
2492 4013 3015 4105 nobis_i_nspirasti,
3039 4036 3375 4102 novumque
3404 4024 3681 4105 spiritum

2025 4102 2364 4185 pectoribus
2398 4103 2635 4165 creasti.
2668 4102 2811 4166 Heri
2856 4105 3027 4168 rudis
3056 4126 3243 4185 eram,
3275 4102 3540 4178 urbanus
3567 4134 3677 4178 au-

298 4213 424 4271 sus,
457 4215 578 4258 non
610 4205 836 4261 tantum
865 4199 1114 4273 vultum,
1159 4220 1278 4261 non
1325 4206 1549 4262 tantum
1581 4198 1802 4273 visum,
1834 4197 1944 4260 sed
2023 4200 2144 4254 tem
2193 4212 2352 4256 nunc
2395 4192 2603 4270 valde;
2646 4193 2928 4257 deorsum
2975 4196 3322 4279 inclinatus,
3372 4203 3481 4266 sed
3522 4224 3684 4268 nunc

298 4290 485 4347 totum
514 4289 810 4369 extemplo
838 4288 1144 4369 replevisti
1168 4288 1379 4368 gloria.
1411 4288 1702 4370 Equidem
1736 4296 1794 4349 te
1823 4305 1945 4349 ma-

2024 4300 2260 4344 sursum
2308 4290 2524 4357 tuens;
2574 4282 2914 4363 languidus,
2964 4286 3074 4349 sed
3136 4306 3299 4352 nunc
3351 4291 3563 4356 hilaris
3619 4301 3679 4357 et

294 4395 476 4456 gnum
507 4386 683 4441 antea
704 4379 971 4443 sciebam
1000 4389 1269 4444 nostrum
1300 4380 1760 4456 dominatorem,
1787 4379 1941 4441 divi-
1968 4372 2327 4456 r‘voluptate
2348 4371 2594 4453 plenus;
2629 4390 2862 4453 ρπνυε,
2911 4374 3221 4453 Obscurus.
3271 4396 3432 4443 nunc
3477 4388 3680 4446 autem

295 4484 559 4549 numque
587 4467 696 4531 Dei
724 4477 947 4550 typum,
982 4470 1134 4534 mire
1184 4470 1489 4553 potestatis
1531 4469 1796 4532 habenas
1840 4487 1945 4531 re-
1968 4462 2269 4523 "radians
2298 4469 2679 4553 QPFMEDPSQ
2710 4472 2773 4553 εἲι
2800 4463 2875 4524 ad
2905 4465 3032 4526 hinc
3081 4469 3398 4533 sentienda
3427 4470 3680 4536 minime

294 4562 557 4633 gentem,
593 4565 653 4619 et
680 4561 885 4621 orbem
922 4566 1218 4622 terrarum
1250 4579 1383 4621 cum
1416 4560 1537 4624 Deo
1567 4565 1941 4621 servantem:

292 4642 418 4708 Deo
447 4653 670 4723 autem,
695 4648 1137 4726 augustissime,
1163 4666 1499 4728 novumque
1525 4649 1945 4729 plasmatorem

295 4741 354 4795 et
384 4735 566 4797 alium
593 4748 930 4800 creatorem
960 4757 1079 4800 non
1107 4756 1409 4801 noveram.
1440 4736 1611 4800 Nunc
1634 4744 1833 4799 autem
1855 4752 1946 4802 se-

289 4840 363 4885 ro
392 4824 637 4905 quidem
673 4827 779 4889 sed
812 4834 1010 4890 tamen
1035 4828 1268 4908 agnovi,
1288 4845 1558 4908 remque,
1583 4826 1943 4907 prodigium,

290 4914 628 4993 prodigium
661 4915 1065 4995 prodigiorum
1083 4936 1398 4998 superans,
1424 4917 1733 4994 hucusque
1755 4916 1947 4977 latens

291 5018 411 5075 me,
444 5001 540 5064 vix
565 5002 792 5066 edisco.
825 5003 915 5065 Tu
948 5005 1108 5067 enim
1141 5004 1379 5086 aliquis,
1405 5012 1468 5066 ut
1496 5003 1753 5078 videtur,
1774 5009 1946 5063 natu-

287 5106 357 5151 ra
385 5091 569 5166 Deus,
600 5089 922 5172 quomodo,
971 5093 1090 5170 dic,
1130 5112 1381 5157 renovas
1411 5111 1515 5155 eos
1544 5092 1649 5173 qui
1693 5098 1833 5153 sunt
1868 5091 1941 5153 ad

286 5177 613 5257 imaginem
635 5187 823 5258 tuam,
841 5189 901 5245 et
918 5182 1201 5246 facillime
1222 5183 1443 5245 formas
1456 5190 1514 5245 et
1528 5180 1939 5257 transformas,

206 5325 219 5335 .
290 5277 526 5332 mutans
544 5271 1356 5356 sententias,disponensque
1370 5276 1946 5352 mores,argumenta

366 5427 432 5482 60
473 5429 554 5493 ἴσ,
599 5431 690 5499 ἧν.
814 5433 873 5486 61
908 5457 994 5515 γρ.
1027 5435 1295 5515 ἀστραπή.

2028 4568 2208 4640 sensu
2222 4549 2427 4611 mobili
2445 4567 2481 4610 a
2493 4548 2785 4640 principio
2810 4559 3047 4640 paratus
3066 4564 3325 4632 eram,ut
3337 4560 3677 4640 exemplum

2029 4638 2341 4730 exhibeam
2390 4637 2525 4699 novi
2573 4656 2821 4730 sensus.
2860 4638 3033 4704 Prius
3078 4660 3240 4704 eram
3289 4637 3566 4730 simplei,
3620 4660 3681 4713 et

2027 4747 2188 4819 nunc
2228 4728 2353 4789 haec
2382 4745 2515 4789 cum
2550 4728 2944 4819 ostentatione
2975 4730 3137 4793 dico.
3172 4731 3271 4796 Sic
3303 4728 3682 4819 meprorsus

2028 4816 2210 4910 alium
2241 4823 2340 4878 tua
2379 4823 2591 4910 potens
2634 4817 2830 4879 effecit
2879 4819 3089 4910 gratia.
3130 4821 3300 4885 Licet
3339 4816 3500 4888 enim
3547 4827 3681 4910 ipsa

2026 4905 2324 4969 modicum
2360 4904 2781 4988 paulisperque
2813 4907 2961 4969 mihi
2986 4908 3228 4987 luxerit,
3275 4921 3336 4975 et
3376 4904 3591 4978 statim'
3609 4936 3682 4980 ex

2024 4996 2214 5058 oculis
2230 4993 2555 5087 evanuerit,
2581 5001 2647 5057 ut
2672 4996 2848 5087 velo};
2863 5004 2926 5087 et
2947 4996 3216 5063 lucidum
3258 5001 3483 5087 fulgur,
3523 5012 3680 5069 atta-

2025 5104 2166 5148 men
2203 5102 2312 5146 nos
2345 5082 2407 5144 in
2434 5083 2613 5145 linem
2637 5084 2904 5165 possedit
2927 5094 2986 5147 et
3012 5089 3253 5169 egregie
3283 5109 3380 5157 me
3405 5082 3669 5160 mutavit.

2025 5172 2178 5248 Quid
2192 5180 2389 5236 autem
2408 5172 2964 5264 sentiretaliquis,si
2979 5175 3178 5240 denuo
3196 5179 3354 5249 idem
3375 5184 3683 5264 experire-

2030 5273 2146 5341 tur,
2167 5271 2227 5326 et
2242 5261 2505 5327 secunda
2517 5261 2707 5326 vicem
2733 5263 2992 5327 similem
3018 5265 3267 5331 haberet
3282 5261 3597 5351 visionem,
3617 5282 3684 5337 ut

1650 5593 1910 5662 Mattbaai
1941 5590 2105 5657 Busti
2136 5596 2313 5654 note.

366 5757 498 5841 (33)
528 5768 631 5821 NG»
660 5760 705 5819 δ’
738 5762 838 5841 ὸψὲ
864 5765 961 5841 μὲν
990 5762 1101 5846 οὗν,
1139 5764 1316 5840 forte,
1360 5761 1458 5841 ὸψὲ
1490 5759 1586 5843 μὲν
1616 5767 1755 5827 νοῦν,
