4156 6382
449 378 594 447 1171

649 516 811 576 Πόλει
839 516 894 575 δὲ
919 519 1143 600 κόσμος,
1176 532 1295 585 τοτς
1323 517 1369 576 δ’
1399 519 1705 598 ἀνακτόροις
1750 517 1913 599 φύλαξ
1949 565 1961 578 .

450 603 609 669 1455
649 613 846 666 Τοῦτον
872 607 1115 685 βασιλεῖς
1144 607 1429 675 δεξιοῦνται
1457 607 1747 681 πλουσίως,

648 706 845 757 Τοῦτον
873 695 1113 756 σέϐουσιν
1143 702 1191 757 οἱ
1219 697 1461 757 σεϐαστοὶ
1489 696 1763 778 δεσπόται,

670 784 843 844 Αλλον
871 784 998 868 παρ’
1030 786 1194 846 ἄλλου
1224 789 1318 845 τὸν
1344 788 1507 845 τύπον
1537 784 1858 866 δεδεγμένοι,

657 876 757 933 Καὶ
785 875 887 944 τὴν
914 874 1282 958 ἀμοιϐὴνςτῶν
1323 875 1410 934 ἐπ’
1452 877 1633 942 αὒτοτς
1660 876 1964 951 θαυμάτων,

653 973 783 1030 Τοῖς
828 965 1055 1044 μάρτυσι
1083 966 1330 1043 νέμοντες
1364 965 1424 1022 ἐκ
1449 975 1543 1024 τοῦ
1568 963 1820 1039 πλησίον,

454 1050 615 1116 1460
656 1056 811 1113 Οὗτοι
852 1053 1125 1135 φιλοῦντες
1167 1054 1395 1113 ἔκπαλαι
1437 1057 1559 1118 τοὺς
1587 1063 1681 1114 τοῦ
1706 1054 1953 1135 κράτους,

656 1140 871 1224 μᾶλλον
898 1142 1105 1224 φιλοῦσι
1134 1146 1256 1209 τοὺς
1299 1142 1416 1202 καθ’
1446 1146 1590 1220 ἡμᾶς
1634 1141 1915 1216 δεσπότας,

658 1221 751 1296 Ὠς
780 1221 1173 1314 εὐσεϐεστέρους
1197 1255 1256 1291 τε
1286 1235 1373 1290 καὶ
1397 1231 1753 1314 σοφωτέρους.

653 1321 953 1403 Σοφώτεροι
980 1323 1079 1403 γάρ
1107 1325 1236 1381 εἰσιν
1267 1325 1314 1379 οἱ
1344 1324 1474 1403 πρὸς
1503 1320 1648 1387 ἀξίαν

653 1411 729 1469 Τὰ
756 1413 876 1469 θεῖα
902 1419 1062 1489 τιμᾷν
1090 1411 1284 1477 εἰδότες
1313 1413 1527 1470 πάντων
1558 1409 1720 1468 πλέον
1754 1428 1770 1444 ⁸

458 1495 617 1560 1465
658 1501 814 1558 Οὗτοι
843 1502 1236 1559 κατευθύνουσιν
1265 1501 1436 1561 αὐτῶν
1466 1501 1526 1556 τὸ
1556 1499 1769 1580 κράτος,

652 1587 833 1668 Αἴγλη
860 1588 925 1639 67
948 1590 1320 1671 περιστέφοντε
1349 1595 1456 1647 τῶν
1487 1590 1819 1665 αἰτημάτων.

658 1680 813 1737 Οὗτοι
842 1678 965 1736 κατ’
1007 1679 1214 1761 ἐχθρῶν
1242 1700 1584 1758 συμμαχουσι
1612 1690 1729 1743 τοῖς
1759 1677 1953 1761 φίλοις,

654 1768 756 1826 Καὶ
796 1766 1109 1849 προσφιλεῖς
1150 1772 1341 1826 τιθεῖσι
1368 1780 1487 1832 τοῖς
1517 1767 1802 1845 ὑπηκόοις,

654 1861 790 1913 Πᾶσι
820 1871 1140 1936 προσηνεῖς,
1172 1863 1333 1914 πᾶσιν
1362 1856 1767 1935 ἦγαπημένους.

456 1941 614 2006 14Ἶο
657 1947 813 2004 Οὗτοι
842 1944 898 2002 δὲ
926 1947 1017 2004 καὶ
1046 1953 1157 2026 νῦν,
1190 1946 1382 2026 οἷάπερ
1412 1944 1552 2025 φίλοι
1582 1943 1777 2026 φίλοις,

653 2033 1002 2114 Γνωρίσματα
1027 2033 1331 2093 στέλλουσιν
1361 2033 1563 2098 εὐνοίας
1592 2033 1737 2109 τάδε,

658 2126 757 2203 Iul
781 2131 965 2182 τοῦτον
996 2126 1181 2189 αὐτοῖς
1211 2126 1465 2203 μηνύουσι
1488 2125 1580 2181 τὸν
1606 2125 1803 2203 τρόπον

652 2195 785 2283 Ἠδη
814 2220 1081 2294 παροῦσαν
1108 2195 1223 2282 τὴν⁷
1237 2214 1437 2271 ἑαυτῶν
1467 2195 1698 2293 ἡμέραν,

588 2350 603 2357 -
655 2304 782 2365 Καθ’
810 2303 879 2371 ἣν
904 2303 1148 2368 θανόντες
1178 2301 1404 2368 εὖκλεῶς
1435 2305 1483 2361 οἱ
1512 2300 1780 2380 γεννάδαι,

457 2392 612 2458 1475
656 2391 794 2471 Δόξῃ
823 2391 1279 2472 κατεστέφθησαν,
1323 2394 1398 2457 ὡς
1442 2392 1739 2472 νικηφόροι,

651 2483 752 2543 Καὶ
780 2482 1129 2561 συγκαλοῦσιν
1159 2483 1232 2546 εἰς
1257 2481 1381 2557 μίαν
1408 2479 1691 2557 θυμηδίαν,

649 2572 751 2636 Οὓς
784 2567 837 2636 ἐξ
882 2569 1027 2636 ’έθους
1057 2569 1240 2651 ἔχουσι
1264 2575 1423 2647 τιμᾷν
1453 2570 1686 2649 γνησίως
1723 2586 1735 2599 ·

649 2651 745 2725 Ὠς
776 2659 837 2717 ἂν
866 2660 1296 2741 συνευφραίνοντο
1322 2672 1439 2725 τοῖς
1483 2660 1857 2739 στεφηφόροις,

644 2756 850 2813 Κοινῶς
881 2749 1216 2827 ἑορτάζοντες
1250 2751 1297 2805 οἱ
1333 2747 1677 2828 στεφηφόροι.

450 2833 609 2900 1480
651 2838 892 2893 Πείθεσθε
919 2839 1115 2898 τοίνυν.
1147 2836 1194 2892 ὦ
1235 2836 1438 2915 φαεινοὶ
1466 2832 1740 2909 δεσπόται,

649 2927 749 2984 Καὶ
776 2930 876 2992 τῆς
907 2930 1079 3005 χαρᾶς
1112 2923 1329 3005 δέχεσθε
1358 2923 1457 2991 τὴν
1477 2925 1775 3001 κοινωνίαν,

647 3012 903 3072 Ἐνταῦθα
932 3014 1030 3091 μὲν
1057 3020 1145 3071 νῦν
1173 3016 1247 3077 ὡς
1276 3011 1443 3094 φίλοι,
1490 3013 1577 3070 καὶ
1618 3012 1846 3082 πλησίον
1882 3035 1896 3049 ⁶

646 3103 738 3185 Ἐν
769 3108 1016 3185 οὐρανοῖς
1042 3101 1098 3160 δὲ
1130 3104 1318 3182 μικρὸν
1347 3101 1561 3182 ὕστερον
1591 3102 1777 3181 πάλιν,

651 3184 1106 3259 ’Ὀτανλαϐόντες
1136 3191 1268 3250 ἄλλο
1297 3190 1504 3269 βέλτιον
1534 3192 1747 3275 στέφος,

446 3284 605 3349 1485
648 3284 866 3348 Τούτοις
893 3304 952 3340 τε
981 3282 1349 3363 συγχαίροιτε,
1394 3283 1482 3338 καὶ
1522 3296 1640 3348 τοῖς
1668 3282 1939 3365 ἀγγέλοις.

442 3453 560 3518 alio
589 3452 954 3535 recipientes
983 3450 1346 3533 exemplum,
1381 3458 1439 3513 et
1487 3452 1894 3535 prodigiorum
1936 3454 1999 3517 in
2030 3473 2096 3518 se

442 3543 733 3606 factorum
758 3540 945 3604 vicem
976 3544 1200 3603 sanctis
1225 3539 1583 3621 martyribus
1613 3560 1647 3604 e
1677 3541 1898 3604 vicinia
1946 3544 2092 3606 red-

442 3633 675 3697 dentes.
706 3630 781 3695 Hi
803 3629 1151 3693 constitutos
1178 3628 1241 3691 in
1265 3636 1554 3710 potestate
1574 3631 1939 3712 jampridem
1960 3632 2097 3695 dili-

440 3728 673 3803 gentes,
699 3726 935 3781 nostros
964 3716 1116 3797 mgis
1153 3724 1375 3794 amant,
1421 3736 1594 3798 reges
1644 3727 1706 3780 ut
1745 3719 1931 3800 magis
1964 3722 2093 3802 pios

442 3810 750 3891 magisque
779 3807 1079 3889 sapientes
1113 3807 1551 3889 :sapientiores
1600 3808 1760 3870 enim
1808 3818 1946 3870 sunt
1987 3812 2090 3891 qui

432 3901 604 3981 juxta
622 3898 972 3976 dignitatem
993 3896 1195 3959 divina
1223 3896 1533 3978 plusquam
1563 3906 1775 3961 caetera
1806 3915 2092 3962 veneran-

443 3998 564 4052 tur.
601 3988 676 4049 Hi
692 3993 1041 4068 potestatem
1068 4003 1301 4067 eorum,
1327 4004 1569 4066 precum
1596 3986 1814 4049 decore
1834 3986 2091 4049 circum-

443 4077 677 4157 dantes,
700 4074 1042 4139 obﬁrmant.
1073 4074 1149 4137 Hi
1171 4093 1308 4136 cum
1336 4073 1549 4136 amicis
1578 4075 1862 4137 adversus
1884 4077 2092 4138 hostes

443 4168 733 4231 dimicant
763 4173 821 4227 et
839 4163 1094 4227 subditis
1123 4163 1390 4226 efﬁciunt
1429 4172 1646 4241 gratos,
1672 4162 1948 4226 omnibus
1979 4164 2090 4226 bo-

445 4275 580 4333 nos,
611 4254 839 4318 cunctis
865 4261 1085 4333 gratos.
1117 4251 1192 4314 Hi
1220 4271 1359 4315 vero
1414 4271 1574 4314 nunc
1618 4270 1879 4333 quoque,
1931 4254 2092 4317 velut

1679 384 2002 452 JOANNIS
2042 380 2600 449 EUGHAITENSIS

3672 371 3837 437 H72

2107 506 2318 593 ,ηις-ζ
2352 535 2387 580 (
2419 520 2506 581 El:
2536 518 2635 586 τὴν
2664 516 2719 575 ἐν
2765 520 3055 599 Εὒχαίτοις
3108 519 3285 576 εἰκόνα
3337 523 3431 574 σοῦ
3456 512 3748 592 βασιλέως.
3801 534 3832 565 ι

2385 608 2484 665 Καὶ
2525 609 2617 664 τὸν
2645 610 2893 687 κραταιὸν
2923 606 3184 674 δεσπότην
3217 617 3643 677 Κωνστανττνον,

2387 701 2495 761 Τῆς
2539 701 2643 772 γῆς
2670 697 2733 753 τὸ
2764 699 2961 773 θαῦμα,
3005 698 3096 753 τὸν
3129 694 3675 774 μέγαψΜονομάχον.

2387 784 2639 843 Ἐνταῦθα
2681 784 2863 863 πρᾶξις
2895 783 3112 853 εὐσεϐὴς
3141 785 3462 865 ἀναγράφει.

2390 875 2495 937 Τὰς
2524 871 2720 954 δωρεὰς
2754 875 2855 954 γὰρ
2882 878 2987 932 τῶν
3016 877 3118 953 πρὸ
3147 884 3240 933 τοῦ
3268 872 3527 951 βασιλέων

2196 961 2350 1026 1490
2392 961 2565 1020 Σάλον
2594 964 2861 1027 παθούσας
2893 962 2945 1030 ἐξ
2989 964 3237 1041 ἐπηρείας
3269 963 3463 1043 μέγαν,

2390 1054 2600 1130 Χρυσῆς
2642 1051 2953 1131 ὑπεστήριξε
2980 1054 3155 1117 κίονος
3184 1053 3359 1130 βάσει,

2389 1142 2489 1199 Τὸν
2520 1139 2915 1222 χρυσόϐουλλον
2943 1142 3344 1213 ἀπαναστήσας
3361 1140 3548 1220 λόγον,

2392 1221 2483 1293 Ὠς
2527 1221 2846 1311 άντέρξισμα
2874 1232 3122 1311 καρτερὸν
3152 1233 3281 1310 πρὸς
3312 1231 3413 1299 τὴν
3442 1231 3583 1310 βίαν,

2388 1316 2468 1376 Δι’
2498 1321 2561 1376 οὗ
2586 1322 2647 1376 τὸ
2677 1318 2872 1396 μέλλον
2915 1319 3301 1399 ἀσφαλέστερον
3331 1319 3477 1396 νέμει

2188 1405 2346 1470 1500
2492 1409 2752 1489 μάρτυρος
2784 1407 2936 1467 πόλει
2961 1430 3017 1465 τε
3049 1411 3136 1466 καὶ
3164 1407 3230 1459 68
3256 1410 3525 1489 παροικίᾳ.

2390 1487 2555 1555 ιὈθεν
2573 1487 2780 1555 δίκαιον
2824 1495 3202 1573 ἆντιλαμϐάνει
3232 1487 3415 1578 γέρας,

2390 1588 2476 1650 Εἰς
2505 1587 2627 1651 τοὺς
2656 1585 2774 1644 καθ’
2804 1588 2947 1663 ἡμᾶς
2978 1586 3258 1668 ἐγγραφεὶς
3288 1585 3589 1666 εὐεργέτας,

2191 1663 2314 1737 ΝΖ’,
2353 1696 2379 1728 ε
2414 1677 2501 1739 Εἷς
2531 1677 2628 1744 τὴν
2658 1677 2829 1746 θήκην
2858 1682 2950 1732 τοῦ
2986 1663 3169 1752 τιμίου.
3203 1674 3353 1742 ξύλου
3377 1663 3492 1734 τοῦ
3521 1681 3763 1755 Χριστοῦ.
3810 1693 3840 1733 ι

2388 1771 2621 1845 Σταυροῦ
2648 1764 2809 1821 πάλιν
2838 1770 2972 1845 φῶς,
3022 1766 3109 1822 καὶ
3151 1763 3311 1822 πάλιν
3343 1775 3742 1826 Κωνσταντϊνος
3780 1780 3796 1794 ⁸

2392 1844 2449 1912 Ὀ
2492 1860 2698 1933 πρῶτος
2732 1844 2859 1911 οἶδε
2877 1856 2968 1910 τὸν
2996 1855 3161 1912 τύπον
3190 1852 3257 1910 δι’
3300 1853 3537 1932 ἀστέρων
3562 1869 3576 1883 ⁸

2189 1940 2348 2005 1505
2393 1934 2449 2001 ιΟ
2480 1940 2719 2023 δεύτερος
2741 1942 2796 1999 δὲ
2828 1950 3012 2000 τοῦτον
3042 1945 3200 2000 αὑτὸν
3241 1944 3329 2000 καὶ
3352 1941 3557 2019 βλέπει,

2389 2034 2487 2091 Καὶ
2514 2034 2667 2113 χερσὶ
2694 2046 2912 2096 πισταϊς
2944 2034 3393 2113 προσκυνούμενον
3426 2031 3595 2111 φέρει.

2392 2131 2580 2213 ὀλμφω
2606 2122 2732 2200 παρ’
2764 2124 2919 2179 αὖτοῦ
2947 2124 3010 2178 τὸ
3038 2123 3228 2199 κράτος
3268 2119 3595 2202 δεδεγμένοι,

2410 2209 2846 2290 Αμφωσέϐουσιν
2876 2212 3030 2268 αὖτὸν
3074 2214 3147 2275 ὡς
3179 2210 3477 2290 εὐεργέτην.

2487 2289 2621 2363 ΝΗ’.
2662 2324 2689 2355 ι
2724 2302 2812 2365 Εἷς
2842 2302 2933 2357 τὸν
2977 2300 3129 2378 ἅγιον
3159 2289 3552 2379 Θεοφύλακτον.

2386 2391 2516 2453 Θεὸς
2546 2388 2711 2470 φύλαξ
2741 2412 2849 2464 σοι,
2881 2395 3037 2446 τοῦτο
3067 2390 3167 2469 γὰρ
3196 2395 3385 2457 κλῆσιν
3432 2388 3603 2467 φέρεις
3636 2405 3652 2421 ⁸

2187 2474 2348 2539 1510
2390 2476 2543 2554 Ἐμοὶ
2585 2475 2641 2535 δὲ
2670 2480 2757 2535 καὶ
2798 2481 2885 2560 σὺ,
2918 2479 3011 2535 σὺν
3042 2486 3160 2554 Θεῷ
3186 2476 3351 2558 φύλαξ
3380 2480 3567 2558 πάτερ,

2387 2567 2582 2638 Σώζων
2624 2567 2841 2641 ἀσινῶς,
2891 2566 3140 2647 ἀσφαλῶς
3170 2566 3444 2647 διεξάγων,

2391 2657 2490 2737 lui
2518 2657 2614 2724 τὴν
2643 2655 2807 2728 ζάλης
2839 2657 3104 2736 γέμουσαν
3132 2659 3347 2737 ἡμερῶν
3373 2663 3547 2728 νόσον,

2386 2729 2483 2803 Ἦν
2513 2748 2585 2810 εἷς
2613 2746 2766 2811 τέλος
2804 2729 3030 2828 πράυνον
3061 2729 3252 2827 εὐχῶν.
3268 2750 3589 2827 φαρμάκοις,

2390 2836 2489 2918 [fat
2517 2834 2690 2892 πάντα
2722 2859 2812 2911 μοι
2844 2837 3145 2916 σύμπραττε
3175 2839 3306 2913 πρὸς
3335 2839 3397 2893 τὸ
3426 2837 3711 2918 συμφέρον,

2192 2921 2343 2986 1515
2395 2907 2597 3004 Ἔργοις
2626 2907 2853 3003 βεϐαιῶν
2883 2907 3289 3003 τὴν-ἐπώνυμον
3319 2907 3501 3007 χάρινξ

2388 3011 2503 3095 Ἐφ’
2602 3018 2871 3079 πεποιθὼς
2912 3019 3105 3095 ἱστορῶ
3136 3037 3216 3097 σε,
3251 3018 3339 3073 καὶ
3367 3016 3572 3096 γράφω.

2461 3096 2590 3166 ΝΘ’.
2630 3127 2655 3161 ιι
2691 3103 2930 3184 Αἴνιγμα
2958 3107 3030 3169 εἰς
3060 3096 3256 3163 πλοῖον
3284 3105 3336 3171 ἐξ
3366 3105 3563 3184 ἑτέρου,

2390 3195 2532 3274 ζῶόν
2575 3216 2627 3252 τι
2656 3197 2840 3269 πεζὸν,
2872 3194 3009 3251 ἀλλὰ
3041 3196 3233 3262 νηκτὸν
3264 3194 3471 3274 εὑρέθη,

2388 3262 2412 3289 ν
2738 3262 2773 3295 ⁷.
2823 3262 2835 3269 '
3323 3262 3332 3272 '
3457 3262 3470 3274 ο
3623 3284 3634 3296 .

2410 3290 2696 3365 Εμψυχον,
2724 3284 2846 3340 ἀλλ’
2877 3281 3113 3364 ἄψυχον,
3165 3282 3421 3364 ἕμπνοῦν,
3463 3282 3583 3340 ἀλλ’
3615 3282 3833 3360 ἄπνουν,

2178 3450 2884 3515 scribit.Autecessorum
2904 3452 3064 3514 enim
3085 3471 3292 3533 regum
3309 3451 3683 3527 donationes,
3700 3471 3837 3534 quae

2176 3560 2448 3622 magnam
2498 3558 2569 3605 ex
2626 3541 2912 3605 violentia
2952 3550 3366 3623 tempestatem
3425 3542 3703 3616 tulerant,
3768 3543 3834 3603 in

2174 3648 2371 3694 aurea;
2399 3632 2697 3695 columnae
2728 3630 2853 3693 basi
2883 3632 3187 3708 stabilivit,
3221 3649 3466 3694 auream
3520 3640 3833 3693 exstruens

2174 3718 2424 3794 bullam,
2451 3720 2606 3782 sicut
2630 3720 2783 3783 forte
2811 3733 3021 3784 contra
3056 3721 3171 3783 vim
3223 3719 3681 3800 munimentum,
3711 3740 3832 3802 quo

2177 3808 2447 3889 martyris
2496 3808 2631 3870 urbi
2667 3810 2916 3890 sedique
2971 3811 3230 3871 futurum
3280 3808 3554 3871 securius
3594 3809 3828 3873 tribuit.

2171 3896 2311 3961 Ideo
2336 3900 2562 3979 justum
2596 3900 2811 3980 recipit
2838 3902 3143 3981 praemium
3181 3905 3337 3960 inter
3366 3908 3601 3960 nostros
3636 3898 3828 3960 bene-

2173 3986 2423 4049 factores
2455 3988 2808 4070 inscriptus.

2309 4079 2476 4144 LVII.
2511 4081 2585 4143 In
2617 4082 2843 4145 thecam
2893 4090 3169 4163 pretiosa:
3197 4085 3393 4145 crucis
3432 4080 3686 4144 Christi.

2254 4168 2473 4230 lterum
2508 4171 2703 4232 crucis
2747 4172 2947 4233 lumen
2997 4181 3054 4234 et
3100 4172 3318 4233 iterum
3368 4170 3820 4246 Constantinus,

2172 4256 2275 4338 qui
2305 4256 2531 4337 primus
2558 4258 2703 4320 vidit
2731 4259 2791 4321 in
2824 4260 2975 4323 caelo
3009 4268 3205 4339 typum
3245 4282 3256 4319 :
3292 4259 3591 4321 secundus
3616 4265 3817 4319 autem

443 4345 655 4410 amicis
676 4345 1013 4421 amici,ba3c
1035 4342 1471 4407 benevolentia.
1486 4342 1655 4422 signa
1679 4340 1919 4404 mittunt
1939 4341 2089 4423 ipsi-
2114 4363 2158 4412 D
2179 4345 2339 4408 hunc
2383 4345 2577 4426 ipsum
2626 4367 2863 4429 quoque
2902 4352 3092 4411 cernit
3123 4360 3180 4413 et
3213 4350 3488 4411 ﬁdelibus
3517 4348 3828 4409 adoratum

443 4455 561 4519 que
589 4435 705 4499 hoc
733 4434 1075 4515 signiﬁcant
1103 4432 1281 4495 modo
1306 4451 1478 4495 suum
1509 4431 1721 4495 adesse
1759 4430 1942 4512 diem,
1975 4441 2091 4512 quo

442 4524 711 4607 gloriose
740 4526 923 4587 fortes
951 4522 1244 4598 defuncti,
1274 4521 1464 4602 gloria
1479 4521 1630 4584 sicut
1652 4520 1906 4583 victores
1927 4539 2092 4583 coro-

442 4614 571 4679 nati
610 4622 788 4691 sunt;
836 4623 896 4676 et
940 4613 1000 4677 in
1045 4632 1230 4675 unum
1279 4612 1573 4675 advocant
1600 4609 1907 4691 gaudium,
1945 4630 2094 4692 quos

444 4704 680 4767 sincere
699 4701 893 4768 solent
912 4704 1231 4778 honorare,
1264 4710 1330 4765 ut
1350 4720 1484 4764 cum
1507 4699 1805 4771 coronatis
1825 4717 2093 4762 commu-

446 4810 586 4856 nem
635 4799 881 4873 agentes
926 4790 1303 4855 festivitatem
1355 4790 1622 4852 coronati
1651 4788 2086 4868 congaudeant.

444 4882 656 4947 Parete
686 4900 850 4961 ergo,
884 4881 1145 4944 illustres
1174 4879 1423 4956 domini,
1457 4879 1792 4960 laetitiaeque
1841 4876 2092 4959 accipite

442 4971 834 5048 consortium,
855 4972 953 5035 hic
969 4970 1211 5052 quidem
1234 4982 1301 5033 ut
1320 4969 1497 5033 amici
1520 4977 1578 5032 et
1596 4967 1808 5043 vicini;
1841 4967 1903 5029 in
1926 4968 2092 5030 caelis

442 5069 642 5126 autem
663 5060 880 5123 iterum
895 5060 1070 5143 paulo
1092 5059 1554 5141 serius,quando
1578 5058 1887 5121 meliorem
1911 5056 2087 5119 aliam

442 5168 727 5215 coronam
755 5150 1144 5233 accipientes,
1168 5167 1303 5212 cum
1328 5147 1459 5210 istis
1484 5155 1545 5210 et
1574 5146 1801 5227 angelis
1825 5146 2089 5209 collata-

441 5240 681 5306 bimiui.

523 5327 671 5395 LVI.
688 5329 764 5393 In
783 5331 950 5412 regis
962 5330 1295 5409 imaginem
1324 5328 1653 5392 Euchaitt's
1678 5328 2087 5390 exsistentem.

524 5423 595 5486 Et
624 5431 929 5507 potentem
956 5442 1163 5505 regem
1190 5420 1667 5497 Constantinum,
1699 5428 1873 5483 terrae
1895 5417 2096 5502 prodi-

440 5512 626 5592 gium,
651 5531 928 5595 magnum
953 5512 1438 5587 Monomacbum,
1478 5509 1575 5571 hic
1615 5509 1777 5592 pium
1802 5527 1953 5591 opus
1992 5507 2092 5569 in-

2175 4432 2448 4495 manibus
2479 4435 2731 4497 sustinet
2785 4437 2995 4502 Ambo.
3037 4438 3109 4500 ab
3139 4438 3249 4500 isto
3281 4444 3567 4518 potestate
3608 4454 3827 4516 act-ep-

2176 4532 2253 4603 ta,
2289 4523 2462 4584 istum
2496 4531 2558 4583 ut
2587 4525 3030 4589 benefactorem
3067 4536 3445 4590 venerantur.

2416 4610 2612 4674 LVIII.
2649 4615 2721 4677 In
2750 4625 3026 4679 sanctum
3064 4616 3596 4696 Theophylactum.

2255 4698 2409 4762 Deus
2441 4700 2820 4781 tibiocustos:
2853 4706 2963 4767 hoc
3004 4706 3164 4769 enim
3198 4723 3416 4767 nomen
3461 4702 3646 4784 geris.
3686 4699 3833 4762 Mihi

2174 4797 2370 4852 autem
2406 4800 2464 4852 et
2505 4799 2564 4853 tu
2595 4811 2732 4855 cum
2768 4793 2885 4855 Deo
2918 4803 3135 4868 custos,
3165 4802 3331 4875 pater
3360 4794 3585 4873 absque
3604 4791 3825 4853 damno

2173 4897 2439 4956 servans,
2478 4888 2600 4941 tuto
2622 4881 2884 4960 dirigens
2915 4891 2972 4944 et
3005 4883 3243 4963 plenam
3278 4888 3631 4962 tempestate
3663 4879 3827 4940 miti-

2173 4987 2317 5049 gans
2346 4970 2782 5049 :egritudinem,
2817 4992 2992 5053 quam
3040 4973 3101 5033 in
3132 4974 3310 5034 ﬁnem
3355 4990 3597 5052 precum
3626 4987 3828 5030 reme-

2173 5059 2291 5121 diis
2335 5059 2654 5138 benignam
2702 5069 2761 5123 et
2808 5063 3006 5123 omnia
3057 5061 3203 5123 mihi
3254 5080 3541 5142 prospera
3593 5078 3827 5120 mecum

2173 5165 2446 5229 operare,
2481 5149 2841 5211 nominalem
2866 5149 3145 5231 operibus
3160 5151 3405 5228 gratiam
3436 5149 3826 5227 conﬁrmans;

2174 5256 2290 5319 qua
2323 5237 2587 5300 conﬁsus
2617 5239 2810 5300 refero
2840 5257 2909 5300 ac
2938 5239 3160 5302 scribo.

2404 5325 2551 5390 LIX.
2584 5329 2883 5408 zEngma
2913 5330 2979 5390 in
3000 5329 3313 5410 navigium
3341 5346 3421 5390 ex
3451 5326 3594 5389 alio.

2255 5413 2557 5478 Invenitur
2585 5417 2805 5479 animal
2839 5418 3112 5497 pedestre
3143 5417 3248 5480 sed
3274 5415 3515 5479 natatile
3545 5436 3560 5491 ;
3594 5414 3829 5476 anima-

2178 5515 2324 5581 tum,
2358 5504 2463 5567 sed
2496 5504 2723 5589 absque
2763 5507 2997 5582 anima;
3050 5506 3424 5591 inspiratum,
3460 5504 3565 5567 sed
3600 5503 3831 5584 absque

520 5680 585 5731 67
613 5705 701 5763 γρ,
730 5687 1129 5768 περιστέφοντες
1159 5684 1264 5743 τῶν
1295 5682 1600 5759 ὶτημάτων,
1686 5679 1751 5731 68
1780 5703 1867 5761 γρ.
1914 5680 2191 5758 παροιμίᾳ.
