4156 6378
295 415 454 480 1173

489 546 729 646 ξἘρπον,
763 557 991 636 βαδίζον,
1027 561 1112 616 καὶ
1141 574 1358 640 πτεροῖς
1389 561 1746 641 κεχρημένον.

293 640 448 704 1520
490 640 696 727 Ἄκουε,
742 648 830 703 καὶ
857 649 1114 729 θαύμαζε,
1147 650 1235 706 καὶ
1266 647 1404 708 δίδου
1430 640 1604 712 λύσιν,

333 760 406 794 η.

332 773 427 831 Ξ’.
486 795 514 827 α
547 775 635 837 Εἷς
660 776 748 830 τὸν
781 777 841 832 τὸ
870 777 995 833 αὐτὸ
1026 773 1091 832 δι’
1124 776 1339 858 ἐτέρων,
1371 780 1443 842 ὡς
1472 777 1650 859 ἕτερόν
1680 801 1728 835 τι
1757 800 1896 858 προ-

951 861 1238 926 ϐάλλοντα.
1277 889 1304 921 ιι

489 985 782 1064 Ἐδεξάμην
811 1011 869 1046 σε
900 993 1082 1048 καινὸν
1110 994 1171 1050 οὐ
1199 989 1420 1072 φέροντά
1447 1013 1521 1050 τι.

491 1079 564 1161 ρύ
592 1079 894 1160 πρόσφατος
924 1081 1048 1160 γὰρ,
1083 1079 1262 1159 ὥσπερ
1291 1081 1511 1161 αὐχεῖς,
1541 1077 1663 1136 ἀλλ’
1695 1077 1817 1144 ὅλος

493 1155 1006 1247 ίἘωλοςίέξίτηλος
1029 1155 1082 1225 έν
1115 1155 1295 1248 λόγοις
1321 1155 1499 1247 πάρει,

493 1257 636 1338 bino:
667 1255 908 1324 λυθείσης
937 1264 1015 1333 τῷ
1043 1259 1223 1338 χρόνῳ
1250 1259 1425 1338 σαπρὰ
1455 1257 1600 1332 ξύλα,

291 1343 447 1407 1525
487 1337 585 1435 Luc
615 1346 840 1435 vaoatydc
871 1368 950 1435 τις
980 1345 1250 1426 συλλέγων
1277 1369 1334 1403 τε
1364 1337 1450 1404 καὶ
1479 1345 1651 1435 λέγων
1676 1367 1692 1382 ⁰

505 1429 746 1512 Ανθρωπ’
775 1430 990 1509 ἄπελθε,
1026 1434 1125 1501 τὴν
1167 1435 1374 1514 σκάφην
1403 1434 1711 1514 ἀνατρέπεις
1745 1455 1758 1470 °

487 1520 720 1598 Φθείρειν
749 1522 848 1601 γὰρ
879 1524 1041 1590 αὐτὴν
1086 1521 1315 1603 μᾶλλον,
1341 1523 1379 1592 ἢ
1413 1523 1596 1596 σώζειν
1629 1524 1774 1605 ἔφυς,

491 1609 724 1691 ilicium:
753 1612 982 1691 πηγνὺς,
1012 1609 1195 1689 ῥᾳδίως
1232 1609 1276 1666 δ’
1309 1611 1456 1688 ὅμως
1483 1611 1643 1688 λύων,

496 1677 556 1755 Ἦ
583 1697 786 1772 μᾶλλον
817 1677 1021 1779 είπεϊν,¹
1045 1677 1373 1758 ᾧνδιασπῶν
1402 1708 1480 1775 τῷ
1509 1677 1712 1781 χρόνῳ.

289 1784 444 1849 1330
485 1786 634 1845 Οὕτω
663 1787 891 1855 σέσηπεν
925 1790 958 1856 ἡ
983 1790 1120 1867 σοφή
1146 1811 1238 1845 σου
1263 1791 1416 1846 πυθία
1445 1809 1457 1822 ⁸

485 1878 739 1954 Χρησμὸς
769 1875 823 1932 δὲ
853 1881 1031 1942 καινὸς
1065 1876 1308 1954 οὐδαμῶς
1341 1895 1355 1910 ⁸
1390 1880 1541 1943 κενὸς
1575 1877 1621 1934 δ’
1652 1879 1798 1955 ὅμως
1839 1901 1851 1914 ·

481 1963 546 2014 69
578 1955 768 2045 ’Ἡρως
797 1964 851 2022 δὲ
883 1963 1056 2046 δόξας,
1091 1965 1252 2046 λῆρος
1285 1967 1497 2047 εὑρέθης
1529 1968 1715 2042 μόνον,

603 2077 743 2144 ΞΑ’.
785 2110 810 2141 (ς
847 2089 930 2152 Εἷς
952 2089 1012 2144 τὸ
1043 2087 1352 2146 δεσποτικὸν
1382 2093 1542 2165 αἷμα.
1585 2111 1607 2146 ι

487 2201 576 2283 ἱΕν
606 2203 848 2280 οὐρανοῖς
878 2203 976 2278 μὲν
1002 2205 1367 2282 προσκυνητάς
1397 2203 1654 2283 ἀγγέλους

481 2271 620 2348 "East
649 2271 710 2348 τὸ
735 2271 918 2370 λύτρόν
948 2271 1054 2358 τῆς.
1078 2291 1213 2368 ἐμῆς
1248 2293 1430 2371 ψυχῆς
1447 2271 1530 2372 ’έχ
1534 2315 1609 2349 ειν

282 2377 438 2440 1535
483 2375 632 2435 Ἀλλ’
662 2380 729 2448 ἦν
763 2379 1004 2460 ἄμεινον,
1036 2383 1096 2436 τὸ
1124 2379 1193 2436 δι’
1225 2382 1283 2436 ὃν
1313 2382 1644 2462 παρεσχέθη,

482 2475 675 2548 Τοῦτον
701 2470 763 2525 τὸ
783 2467 947 2548 δῶρον
973 2483 1286 2548 προσκυνεῖν
1317 2468 1370 2526 ἐν
1400 2476 1472 2548 γῇ
1501 2472 1647 2527 κάτω
1677 2488 1690 2501 ⁸

486 2547 682 2633 εὈμυῦς
712 2555 766 2612 δὲ
796 2567 948 2616 τοῦτο
975 2565 1320 2637 προσκυνοῦσι
1352 2560 1440 2614 καὶ
1469 2559 1607 2639 νόες,

488 2645 738 2705 Ἐνταῦθα
768 2648 978 2710 σεπτῶς
1023 2657 1110 2706 νῦν
1141 2647 1638 2727 τεθησαυρισμένον.

485 2735 678 2816 Πρέπει
708 2737 810 2815 φάρ
841 2737 1029 2800 αὐτοὺς
1059 2739 1198 2812 αἷμα
1227 2743 1385 2812 τιμᾷν
1420 2737 1709 2812 Δεσπότου,

291 2823 446 2888 1540
489 2827 576 2889 Εἷς
608 2825 663 2880 ἓν
694 2822 760 2880 δι’
791 2826 946 2882 αὐτοῦ
975 2838 1092 2888 τοϊς
1123 2826 1338 2904 βροτοῖς
1370 2825 1758 2901 συνημμένους.

285 2992 496 3073 spiritu
525 3013 540 3074 ;
574 3009 815 3073 repens,
845 2992 1152 3072 gradiens,
1187 2999 1247 3055 et
1264 2992 1371 3054 alis
1390 3000 1587 3057 utens.
1613 2993 1789 3066 Audi,
1816 2993 1933 3055 mi-

278 3099 440 3148 rare.
475 3093 533 3143 et
562 3081 637 3143 da
668 3079 1050 3144 solutionem.

277 3169 396 3234 LX.
429 3170 500 3232 In
531 3189 668 3233 eum
715 3175 822 3252 qui
867 3171 1026 3233 idem
1067 3170 1212 3234 aliis
1259 3169 1487 3251 verbis,
1541 3171 1716 3250 quasi
1756 3170 1932 3235 aliud

854 3261 1004 3341 quid
1026 3261 1331 3341 proponit.

359 3353 576 3435 Excepi
611 3361 667 3415 te
681 3353 828 3415 nihil
848 3354 979 3415 novi
1000 3352 1316 3416 ferentem.
1344 3351 1472 3415 Non
1496 3353 1655 3415 enim
1689 3371 1928 3436 recens,

279 3449 341 3504 ut
369 3443 673 3523 gloriaris,
705 3442 810 3505 sed
844 3451 999 3504 totus
1028 3442 1278 3522 refotus,
1309 3441 1368 3503 in
1397 3441 1780 3505 sermonibus
1812 3461 1930 3504 nu-

282 3539 449 3612 gator
478 3532 644 3607 ades,
680 3551 858 3594 naves
886 3540 1178 3594 vetustate
1222 3531 1543 3594 confracta:
1584 3530 1822 3613 putrida
1851 3532 1930 3592 li-

278 3638 415 3698 gna,
448 3620 625 3683 veluti
677 3620 810 3702 quis
853 3621 1192 3700 naufragus,
1243 3620 1532 3698 colligens
1577 3639 1646 3682 ac
1698 3620 1926 3698 legens,

277 3707 487 3782 Homo,
524 3711 762 3786 recede,
817 3709 1096 3789 cymbam
1129 3709 1486 3788 corrumpis.
1522 3710 1729 3772 Potius
1767 3708 1929 3770 enim

276 3806 446 3860 natus
467 3817 532 3860 es
555 3818 684 3860 eam
718 3798 976 3877 perdere
1003 3818 1177 3881 quam
1209 3817 1468 3872 servare,
1501 3799 1760 3878 pessima
1775 3816 1926 3860 con-

277 3897 546 3964 nectens,
580 3887 833 3950 faciliter
877 3895 1074 3950 autem
1125 3887 1384 3964 solvens,
1447 3888 1560 3961 vel,
1620 3895 1683 3947 ut
1710 3885 1926 3948 melius

273 3976 494 4057 dicam,
527 3997 660 4038 cum
725 3985 992 4057 tempore
1044 3977 1416 4057 discerpens.
1460 3975 1546 4037 Ita
1578 3975 1802 4056 putruit
1829 3982 1929 4037 tua

270 4065 510 4146 sapiens
537 4065 736 4146 pythia
763 4085 776 4125 :
814 4065 1120 4127 oraculum
1153 4074 1348 4126 autem
1383 4083 1597 4134 novum
1629 4064 1880 4125 minime
1907 4082 1922 4128 :

268 4173 516 4216 vacuum
549 4173 713 4217 vero.
739 4153 930 4216 Heros
957 4154 1138 4232 visus,
1168 4162 1414 4233 nugator
1451 4160 1677 4215 tantum
1713 4153 1924 4214 inven-

275 4251 366 4304 tus
394 4262 483 4306 es.
510 4281 520 4293 -

553 4332 699 4394 LXI.
731 4333 803 4395 In
832 4332 1225 4395 D0minicum
1249 4332 1638 4410 sanguinem.

1655 423 1950 488 VERSUS
1993 424 2309 489 IAMBICI.

1961 563 2002 612 Α
2083 561 2176 614 ΞΒ
2189 546 2220 615 ’.
2262 576 2286 612 α
2323 559 2411 622 Εἷς
2440 558 2541 625 τὴν
2571 557 2828 616 Θεοτόκον
2863 556 3015 638 (36),
3045 560 3118 622 ὣς
3150 558 3203 615 ὲν
3233 557 3384 632 ὕπνῳ
3408 558 3620 617 ἀπεκα-

3517 426 3674 491 1174

2715 643 2909 726 mea.
2947 669 2976 701 ι

2224 765 2332 818 Οὐκ
2356 760 2424 828 ἦν
2453 757 2714 817 καθεύδειν
2745 761 2844 828 τὴν
2875 759 3240 841 φιλάνθρωπον
3272 761 3472 841 Κόρην,

2221 852 2337 906 Τῶν
2364 845 2718 905 εὐσεϐούντων
2749 849 3150 928 ἀγρυπνούντων
3178 849 3233 906 ἐν
3261 847 3471 930 φόϐοις,

2225 935 2354 995 Οὐδὲ
2385 935 2664 1016 προδοῦναι
2692 947 2785 996 τοῦ
2813 937 3037 1016 κράτους
3065 939 3162 1002 τὰς
3192 939 3344 1006 ἡνίας

2223 1029 2310 1092 Εἷς
2338 1039 2531 1108 χεῖρας
2561 1027 2778 1108 ἐχθρὰς,
2813 1025 3079 1103 δουλικὰς,
3112 1029 3200 1084 καὶ
3221 1026 3512 1108 βαρϐάρους
3547 1045 3565 1065 ⁶

2030 1112 2181 1176 1515
2223 1111 2370 1171 Ἀλλ’
2421 1117 2493 1181 εἰς
2550 1117 2704 1173 Δύσιν
2753 1113 3068 1191 σπεύδουσα,
3127 1118 3216 1173 καὶ
3272 1117 3403 1196 πρὸς
3459 1116 3559 1196 τὴν
3614 1115 3679 1168 70

3497 1193 3647 1282 ι”Εω

2219 1298 2306 1366 Τῷ
2333 1296 2434 1370 γῆς
2461 1299 2735 1372 κρατοῦντι
2765 1293 3050 1374 συμμαχεῖ
3080 1292 3421 1374 στεφηιρόρῳ,
3498 1253 3515 1282 ι
3557 1253 3670 1287 ,Ἴ

2146 1429 2148 1431 .
2222 1378 2456 1450 Εὐζωνον
2487 1379 2624 1438 οὕτω
2651 1383 2743 1439 τὸν
2772 1380 2964 1462 δρόμον
2994 1380 3291 1458 ποιουμένη
3325 1397 3341 1414 ⁸

2226 1469 2322 1528 Καὶ
2350 1476 2694 1550 μαρτυροῦσιν
2723 1473 2808 1537 οὒς
2838 1470 3107 1551 ἀφυπνίζει
3138 1470 3344 1551 φίλους.

2485 1557 2621 1630 ΞΓ’.
2662 1588 2692 1629 ι
2723 1571 2812 1632 Εἰς
2842 1570 2940 1637 τὴν
2972 1570 3161 1640 αὐτήν.
3199 1593 3226 1624 ι

2229 1663 2509 1736 Δραμοῦσα
2538 1659 2598 1714 τὸ
2628 1659 2746 1738 πρὶν
2777 1655 2829 1724 ἐξ
2862 1650 3030 1732 ιΕῴοις
3055 1660 3128 1722 εἰς
3163 1659 3343 1718 Δύσιν.

2027 1745 2180 1811 1550
2224 1747 2322 1805 Καὶ
2348 1747 2439 1803 σὺν
2467 1745 2586 1824 δίκῃ
2613 1749 2864 1805 κκείνασα
2894 1751 2985 1805 τὸν
3016 1749 3317 1830 μιαιφόνον,

2222 1837 2360 1918 ῌρὸς
2391 1837 2488 1904 τὴν
2516 1837 2708 1904 ἑαυτῆς
2738 1835 2882 1902 αὖθις
2913 1836 3156 1918 ἐκτρέχει
3185 1836 3366 1917 πόλιν,

2224 1915 2288 1982 Ἢ
2332 1925 2698 2000 παντάνασσα,
2728 1927 2817 1982 καὶ
2845 1915 3128 2006 τροπούται
3157 1915 3469 2005 βαρϐάρους,

2227 2013 2392 2095 δίκην
2420 2013 2501 2071 ἀεὶ
2545 2014 2772 2090 νέμουσα
2800 2021 2878 2090 τῷ
2921 2015 3236 2095 στεφηφόρῳ
3265 2031 3280 2046 ⁸

2222 2091 2388 2162 ιὈθεν
2417 2111 2651 2184 παριστᾷ
2691 2104 2777 2161 καὶ
2811 2091 3074 2184 γραφεῖσα
3101 2091 3194 2160 τὸν
3222 2101 3438 2182 δρόμον.

2019 2182 2161 2256 ΞΔ’.
2210 2211 2238 2250 ι
2272 2194 2361 2258 Εἷς
2392 2182 2512 2258 τοὺς
2542 2191 2632 2250 δύο
2663 2193 2842 2272 ἁγίους
2873 2182 3172 2274 Θεοδώρους
3200 2190 3357 2274 (37).
3395 2214 3424 2248 ι

2023 2279 2174 2346 1555
2219 2273 2310 2347 Ὠς
2339 2282 2591 2364 ἀγχίνους
2621 2283 2687 2352 ἦν
2718 2286 2745 2340 ὁ
2776 2284 3002 2363 γραφεὺς
3032 2273 3138 2342 τῶν
3168 2283 3408 2341 εἰκόνων.

2221 2369 2450 2434 Διπλοῧς
2481 2372 2580 2450 γὰρ
2611 2373 2790 2445 αὐτὸς,
2843 2379 3074 2449 πνεῦμα,
3120 2368 3245 2451 σάρξ
3273 2393 3330 2427 τε
3359 2371 3667 2451 τυγχάνων,

2221 2458 2435 2522 Διττοὺς
2481 2459 2652 2534 ἑαυτῴ
2692 2462 2815 2521 τοὺς
2841 2460 3183 2541 ὑπερμάχους
3214 2459 3428 2539 γράφει,

2219 2554 2306 2621 Τῷ
2335 2547 2433 2623 μὲν
2466 2549 2526 2604 τὸ
2556 2554 2734 2624 σῶμα,
2762 2555 2840 2623 τῷ
2867 2546 2921 2604 δὲ
2951 2548 3050 2616 τὴν
3081 2548 3267 2630 ψυχὴν
3296 2546 3493 2624 νέμων.

2239 2638 2377 2708 ΞΕ’.
2417 2671 2442 2704 «
2478 2649 2575 2713 Εἴς
2617 2671 2736 2706 τινα
2777 2649 3066 2726 τιμηθέντα
3108 2648 3376 2730 ἐξαίφνης.
3413 2674 3442 2706 ο

2218 2739 2596 2818 Μυστογράφος
2627 2739 2757 2820 χθὲς
2787 2740 3002 2819 εὐγενὴς
3031 2740 3260 2814 νεανίας,

2025 2827 2175 2892 1560
2219 2829 2318 2886 Καὶ
2346 2829 2580 2907 σήμερον
2610 2828 2858 2906 πάρεστιν
2889 2828 3120 2908 ἐξάκτωρ
3145 2828 3283 2891 νέος.

2083 2993 2357 3076 ιΧΙΙ.ξΙη
2379 2995 2740 3078 Deiparam,
2761 3001 2920 3060 utin
2937 2997 3168 3062 somnis
3196 2997 3463 3062 revelata
3489 3007 3596 3060 est.

2095 3083 2224 3146 Non
2250 3093 2376 3148 erat
2396 3086 2675 3148 humanae
2698 3085 2909 3166 virgini
2934 3086 3390 3168 quiescendum,
3416 3086 3560 3149 dum
3582 3085 3668 3168 pii

2014 3173 2325 3254 vigilarent
2356 3193 2489 3236 cum
2525 3183 2710 3255 metu,
2743 3194 2856 3238 nec
2886 3176 2949 3237 in
2979 3195 3190 3239 manus
3210 3175 3508 3251 inimicas,
3533 3193 3666 3239 ser-

2012 3261 2159 3324 viles
2176 3270 2236 3325 et
2251 3263 2553 3339 barbaras,
2571 3271 2742 3325 erant
2753 3263 3058 3328 tradenda;
3070 3265 3376 3346 potestatis
3389 3265 3662 3330 habena).

2009 3352 2085 3412 At
2110 3351 2170 3412 in
2201 3370 2474 3413 occasum
2509 3359 2568 3414 et
2596 3352 2669 3414 ad
2700 3368 2975 3415 auroram
3008 3353 3318 3427 festinans,
3352 3373 3530 3416 cursu
3551 3354 3666 3418 levi

2011 3440 2321 3521 velocique
2350 3440 2616 3515 veniens,
2668 3459 2803 3503 cum
2863 3441 3107 3505 domino
3167 3450 3347 3506 terrae
3376 3449 3661 3506 coronato

2011 3527 2302 3592 dimicat:
2368 3537 2429 3592 et
2500 3536 2809 3604 testantur,
2884 3549 3034 3612 quos
3088 3531 3315 3595 amicos
3367 3547 3662 3613 experge-

2010 3617 2172 3680 facit.

2519 3706 2717 3772 LXIII.
2750 3707 2828 3770 In
2857 3708 3148 3772 eamdem.

2090 3794 2406 3877 Postquam
2462 3796 2535 3858 ad
2580 3814 2858 3860 occasum
2914 3816 2983 3860 ex
3040 3816 3258 3861 aurora
3314 3798 3578 3861 cucurrit
3605 3807 3666 3861 et

2011 3885 2224 3947 merito
2295 3884 2610 3949 trucidavit
2670 3885 3026 3960 occisorem,
3085 3887 3162 3948 ad
3220 3905 3383 3949 suam
3442 3886 3662 3950 iterum

2011 3973 2222 4036 urbem
2255 3975 2519 4036 excurrit
2546 3976 2756 4056 regina
2786 3975 3321 4057 potens,lugatque
3349 3974 3659 4054 barbaros,

2007 4062 2313 4124 victoriam
2345 4071 2880 4144 sempercoronato
2903 4063 3174 4126 tribuens
3201 4086 3214 4122 :
3248 4063 3409 4127 unde
3426 4083 3664 4147 quoque

2009 4171 2249 4214 cursum
2277 4152 2520 4215 exhibet
2551 4154 2810 4235 depicta.

2228 4241 2429 4306 LXIV.
2478 4246 2554 4305 In
2582 4245 2738 4306 duos
2765 4251 3009 4306 sanctos
3042 4243 3410 4306 Theodoros.

2085 4329 2269 4402 Quam
2293 4330 2603 4393 solersfuit
2617 4333 2827 4394 harum
2843 4331 3172 4408 imaginum
3193 4330 3415 4412 pictor!
3433 4333 3662 4413 Duplex

353 4421 416 4482 In
440 4422 605 4484 ccelis
625 4421 843 4487 animae
864 4439 1012 4482 mea:
1035 4420 1288 4500 pretium
1313 4439 1365 4481 az
1393 4419 1558 4500 gelos
1579 4417 1924 4482 adoratores
1947 4445 1989 4495 ι)
2009 4418 2168 4480 enim
2200 4419 2353 4500 ipse,
2377 4419 2594 4500 spiritu
2618 4438 2918 4502 carneque
2938 4429 3242 4496 constans,
3262 4420 3531 4502 duplices
3543 4420 3662 4484 sibi

275 4512 494 4573 habere
507 4510 755 4573 decebat
781 4530 794 4570 :
821 4509 927 4571 sed
951 4509 1162 4572 melius
1180 4518 1306 4570 erat
1330 4527 1464 4570 eum
1490 4514 1732 4589 propter
1747 4527 1922 4590 quem

272 4603 497 4665 effusus
529 4609 640 4676 est,
667 4599 860 4682 ipsum
878 4599 934 4661 in
952 4609 1110 4661 terra
1131 4619 1346 4661 munus
1365 4599 1638 4661 adorare.
1661 4597 1922 4660 Verum--

270 4701 468 4754 tamen
502 4692 612 4752 hoc
642 4709 879 4771 quoque
933 4689 1196 4769 spiritus,
1257 4688 1354 4749 hic
1401 4686 1734 4749 honorifice
1767 4707 1924 4750 nunc

267 4779 742 4848 tbesaurizatum.
779 4779 1066 4840 adorant:
1102 4776 1378 4839 convenit
1407 4775 1567 4837 enim
1604 4794 1706 4836 eos
1739 4795 1919 4838 vene-

2011 4508 2200 4590 pingit
2228 4508 2633 4586 auxiliatores,
2667 4509 2806 4572 huic
2836 4510 3079 4592 quidem
3129 4527 3370 4591 corpus,
3404 4509 3492 4573 illi
3519 4528 3658 4572 vero

2007 4598 2262 4659 animam
2297 4597 2572 4660 tribuens

2045 4685 2211 4749 LXV.
2247 4687 2318 4748 In
2333 4687 2655 4765 quemdam
2678 4687 2758 4748 ad
2778 4687 3030 4750 honores
3058 4687 3257 4751 subito
3287 4687 3608 4751 devotum.

2084 4775 2450 4856 Mystagogus
2481 4775 2613 4837 heri
2642 4774 2863 4838 nobilis
2917 4777 3154 4855 juvenis
3201 4784 3351 4851 erat,
3388 4785 3448 4839 et
3475 4775 3658 4840 hodie

263 4871 381 4930 rari
414 4867 655 4933 Domini
687 4871 1063 4946 sangiunem,
1101 4885 1207 4947 per
1240 4885 1416 4947 quem
1451 4866 1510 4926 in
1545 4883 1725 4925 unum
1752 4884 1918 4927 mor-
2003 4883 2216 4926 recens
2246 4871 2484 4926 exactor
2514 4871 2628 4926 est.
2660 4863 2857 4928 Unum
2901 4866 3146 4947 quidem
3207 4866 3460 4948 transiit,
3493 4865 3657 4929 aliud

265 4959 478 5020 talibus
508 4965 882 5039 coaptantur.

807 5090 868 5140 70
898 5091 1023 5146 ἔσω.

341 5091 405 5142 69
445 5115 528 5173 γρ.
565 5090 715 5171 ἥρος.

2000 4962 2198 5016 autem
2228 4952 2424 5016 subito
2455 4953 2630 5016 vertit
2657 4975 2674 5034 ;
2702 4954 2810 5016 sed
2842 4961 2901 5016 et
2929 4955 3044 5018 hoc
3073 4956 3295 5018 iterum
3327 4974 3446 5018 non
3474 4955 3651 5036 longo

1511 5289 1524 5302 κ
1630 5219 1882 5283 Μεῑῑιιωὶ
1912 5219 2075 5282 Busti
2111 5228 2286 5282 notae.

543 5365 628 5424 El:
685 5362 782 5427 τὴν
841 5360 1120 5420 Θεοτόκον.
1181 5358 1438 5419 Zonaras
1514 5362 1658 5417 tom.
1727 5353 1804 5416 III
1862 5353 1920 5414 in
2007 5359 2164 5414 tasse
2193 5351 2402 5415 alludit
2431 5353 2528 5416 hic
2555 5351 2839 5416 Joannes.
2876 5351 3028 5415 Vide
3056 5352 3268 5416 Zonar.

352 5359 480 5441 (36)
543 5365 628 5424 Εἷς
685 5362 782 5427 τὴν
841 5360 1120 5420 Θεοτόκον.
1181 5359 1438 5419 Zonaras
1514 5362 1658 5417 tom.
1727 5359 1804 5416 ΙΙΙ
1862 5359 1920 5414 in

352 5459 494 5502 mne
553 5439 828 5514 Zimisca,
890 5438 1098 5501 scribit
1148 5436 1529 5499 Theodorum
1574 5437 1666 5515 τὸν
1697 5435 1750 5490 ὲν
1783 5437 1920 5514 μάρ-

2032 5370 2164 5414 asse
2193 5359 2402 5415 alludit
2431 5359 2528 5416 hic
2555 5359 2839 5416 Joannes.
2877 5359 3028 5415 Vide
3056 5359 3268 5416 Zonar.

2043 5513 2055 5515 _
2085 5436 2343 5515 (37)“1‘3;
2402 5437 2524 5498 τοὺς
2608 5433 2695 5491 δύο
2779 5436 2952 5515 ἁγίους
3037 5434 3358 5515 Θεοδώρους.
3429 5435 3659 5500 Horum

261 5435 494 5503 Joanne
553 5439 828 5514 Zimisca,
890 5438 1098 5501 scribit
1148 5436 1529 5499 Theodorum
1574 5437 1666 5491 τὸν
1697 5435 1750 5490 ὲν
1783 5437 1920 5514 μάρ-

264 5545 378 5578 τυτι
433 5523 773 5602 περιώνυμον
815 5512 1166 5602 imperatori
1215 5525 1420 5578 contra
1473 5514 1768 5578 Barbaros
1815 5512 1922 5596 pu-

2028 5513 2158 5602 tllel'
2203 5512 2398 5602 ᾁίοιιιδ
2451 5523 2539 5578 est
2652 5512 3044 5602 thatﬂli‘f‘fﬁ,
3084 5512 3244 5602 alter
3264 5532 3421 5602 vero
3443 5519 3656 5602 Τήρωγ,

262 5601 468 5686 gnanti
501 5592 720 5686 auxilio
748 5592 934 5686 fuisse
969 5597 1199 5686 :_idq_ue
1245 5605 1613 5686 compertum
1671 5592 1924 5686 θεῆς-ὀι
2003 5601 2073 5686 ut
2096 5593 2541 5686 distinguuntur
2572 5593 2674 5686 _in_‘
2703 5592 2882 5676 supra
2918 5592 3347 5686 dictaynovella
3373 5592 3658 5686 Mangelis

261 5673 564 5743 insomnio
592 5681 889 5760 religiosae
919 5673 1242 5760 cujusdam
1265 5673 1521 5760 feminae
1555 5675 1910 5760 Byzantina),
1996 5673 2313 5760 qomneni,
2347 5685 2405 5738 et
2435 5675 2588 5758 apud
2635 5673 3086 5739 Dam'ascenum’
3119 5674 3474 5739 monachum
3506 5674 3650 5740 Stu-

262 5762 357 5824 cui
389 5770 592 5825 sancta
617 5754 803 5826 Maria
829 5754 1120 5842 apparuit.
1159 5757 1245 5820 Ad
1282 5759 1430 5818 hanc
1461 5754 1769 5818 historiam
1801 5755 1916 5818 for-
2000 5754 2210 5818 ditem.
