4156 6378
328 430 478 495 1177

526 605 552 684 ;,
793 583 924 653 οΑζ
964 616 989 649 α
1024 597 1112 659 Εἰς
1141 596 1232 651 τὸν
1263 596 1441 654 αὐτόν.
1479 615 1507 654 ι

542 682 729 741 Αλλων
759 683 1038 759 Βασιλεὺς,
1070 686 1161 749 σὸς
1195 682 1246 739 δὲ
1278 687 1466 748 πιστὸς
1496 685 1731 766 οἰκέτης,

326 771 483 835 1600
526 764 586 832 Ὀ
617 776 679 831 τὸ
708 774 898 853 κράτος
929 787 1052 838 σατς
1096 774 1156 831 ἐκ
1199 781 1329 831 Θεοῦ
1372 773 1582 838 λιστατς
1615 764 1784 856 ἔχων,

528 860 782 944 Ἀδελφὸν
813 863 901 920 οὖν
931 861 1114 939 δίδωμι
1157 878 1275 928 τοῖς
1317 865 1576 931 ὑπηκόοις

328 950 486 1015 1602
529 953 739 1031 Χαίρων
766 952 989 1030 ἐμαυτὸν
1026 951 1154 1033 (41)
1183 955 1255 1017 εἷς
1286 953 1346 1010 τό
1377 976 1458 1010 σοι
1488 951 1639 1019 δόξαν
1667 954 1862 1034 φέρειν,

368 1038 485 1106 340
529 1043 627 1101 Καὶ
658 1043 752 1106 τὰς
796 1042 1111 1122 αὖγούστας,
1145 1044 1218 1107 ὡς
1250 1043 1527 1122 συνεργοὺς
1557 1040 1833 1118 λαμϐάνω,

526 1133 665 1211 Πρὸς
693 1131 792 1198 τὴν
824 1130 953 1197 ἴσην
984 1129 1165 1209 πρᾶξίν
1194 1153 1252 1188 τε
1282 1134 1368 1189 καὶ
1397 1130 1746 1212 λειτουργίαν,

527 1218 678 1301 ζΑλλ’
712 1218 918 1284 ἀντίδος
949 1220 1167 1299 μέγιστε
1201 1221 1572 1301 τροπαιοφόρε,

534 1292 751 1367 Ἅπασιν
778 1312 915 1386 ἡμῖν
943 1310 1040 1376 τὴν
1072 1308 1181 1366 ἅνω
1211 1310 1600 1390 σκηπτουχίαν.

610 1390 736 1462 ΟΒ’,
776 1423 803 1455 α
836 1396 1142 1475 ’Λμοιϐαϊοι
1173 1401 1245 1464 εἷς
1273 1402 1364 1456 τὸν
1390 1400 1695 1475 ἀσώματον.
1749 1423 1772 1459 ι

525 1489 613 1552 Τίς
657 1488 755 1557 τὴν
784 1486 1016 1568 ἄμορφον
1048 1488 1377 1568 ἐξεμόρφωσε
1406 1490 1559 1569 φύσιν
1596 1509 1612 1568 ς

360 1576 478 1640 345
528 1569 590 1636 Ἠ
619 1576 881 1642 δοξάσασα
907 1580 969 1635 τὸ
1000 1577 1185 1658 στέφος
1216 1575 1479 1657 Θεοδώρα.

526 1669 626 1726 Καὶ
667 1673 782 1732 πῶς
828 1665 1168 1745 ἆνιστόρησεν
1213 1665 1485 1746 ἄγνωστον
1512 1666 1633 1724 θέαν

525 1758 705 1822 Πίστις
735 1759 986 1834 κατορθοῖ
1014 1757 1187 1813 πάντα
1227 1763 1391 1813 ταῦτα
1420 1755 1631 1835 ῥαδίως.

521 1852 685 1903 Ποῖον
727 1844 781 1900 δὲ
815 1847 1000 1920 μισθὸν
1028 1846 1062 1913 ἡ
1090 1843 1419 1913 πανευσεϐὴς
1448 1844 1585 1903 θέλει
1621 1865 1637 1925 ;

522 1938 687 1991 Ποθεϊ
716 1936 818 2013 πρὸ
845 1934 1056 1991 πάντων
1101 1934 1341 2015 ψυχικὴν
1363 1935 1653 2015 σωτηρίαν.

363 2022 480 2086 350
523 2020 978 2103 Ἀρχιστράτηγε,
1012 2022 1222 2100 σπεῦδε,
1270 2023 1475 2103 πλήρου
1502 2025 1591 2080 τὸν
1636 2022 1798 2080 πόθον

621 2113 795 2192 πίστις
825 2111 888 2161 76
927 2113 1063 2192 αὕτη
1090 2112 1151 2160 ’Π
1181 2110 1487 2192 προξενήσει
1516 2114 1603 2168 καὶ
1631 2109 1772 2175 τόδε,

674 2191 803 2264 ΟΥ’,
846 2220 876 2261 (
926 2184 1101 2257 υΑλλοι
1147 2184 1234 2266 εἷς.
1259 2204 1351 2258 τὸν
1378 2202 1557 2261 κῦτόν.
1596 2224 1623 2256 »

516 2264 754 2371 ’,Εχουσα
779 2291 970 2371 θερμὸν
999 2264 1304 2370 προστάτην
1336 2290 1553 2348 ἐνταῦθά
1582 2311 1664 2349 σε.

524 2370 586 2436 Ἠ
617 2378 981 2442 πανσεϐαστὸς
1026 2380 1288 2458 αὒγούστα
1320 2378 1593 2459 Θεοδωρα,

531 2466 681 2528 Ἐκεῖ
712 2468 874 2525 πλέον
917 2490 975 2526 σε
1005 2482 1323 2548 προστατεῖν
1355 2474 1514 2537 σνότῆς
1543 2467 1707 2549 θέλει,

362 2560 481 2624 355
519 2559 951 2638 ίΑρχιστράτηγε
978 2562 1081 2614 τῶν
1113 2555 1221 2615 ἅνω
1248 2559 1675 2637 στρατευμάτων,

519 2627 680 2707 λὈταν
723 2645 966 2724 βασιλεὺς
997 2646 1227 2725 οιόρανῶν
1270 2649 1459 2727 κρίνων
1491 2647 1659 2718 κάτω,

524 2738 659 2816 Τοὺς
688 2742 791 2816 γῆς
822 2734 1062 2813 βασιλεῖς
1093 2738 1165 2800 εἰς
1195 2738 1363 2814 κρίσιν
1394 2738 1618 2816 φρικτὴν
1648 2736 1754 2815 ἄγῃ
1806 2755 1822 2773 ⁸

526 2812 670 2885 οὃθεν
704 2812 840 2905 ⁷παρ’
867 2826 1026 2891 οώτῆς
1056 2824 1142 2882 νῦν
1172 2812 1348 2883 λαϐὼν
1378 2812 1545 2907 δωρον
1577 2812 1717 2901 τόδε,

821 3015 1022 3081 LXXI.
1056 3016 1135 3080 In
1164 3016 1467 3079 eumdem.

398 3110 669 3175 Aliorum
717 3129 843 3188 rex,
879 3119 1015 3172 tuus
1034 3117 1227 3172 autem
1261 3109 1456 3196 ﬁdelis
1486 3128 1716 3186 servus,
1736 3110 2032 3196 quituisc

319 3199 599 3283 precibus
623 3219 658 3263 a
690 3203 813 3263 Deo
845 3206 1196 3280 potestatem
1224 3188 1438 3274 habeo,
1466 3199 1710 3261 fratrem
1741 3188 1879 3277 ergo
1898 3200 1972 3261 do

320 3289 599 3362 subditis,
632 3290 898 3370 gaudens
933 3288 994 3349 in
1029 3290 1141 3349 hoc
1173 3306 1267 3349 me
1313 3287 1419 3349 tibi
1450 3288 1700 3366 gloriam
1733 3290 1971 3363 aﬂ‘erre,

317 3387 495 3461 atque
523 3383 817 3458 Augustas
848 3384 913 3440 ut.
968 3376 1370 3440 auxiliatriccs
1422 3378 1494 3437 ad
1543 3395 1744 3457 parem
1777 3387 1972 3439 actum

319 3487 644 3549 paremque
697 3466 1026 3547 liturgiam,
1059 3485 1321 3527 assumo.
1382 3466 1468 3527 Tu
1528 3484 1688 3546 vero,
1722 3466 1976 3527 maxime

322 3557 761 3637 tropaeophore,
796 3555 969 3618 nobis
1028 3554 1309 3617 omnibus
1367 3573 1616 3633 regnum
1649 3574 1973 3636 supernum

324 3644 584 3707 vicissim
616 3646 906 3727 concede.

320 3736 542 3802 LXXII.
580 3739 975 3803 Alteruantes
1025 3755 1234 3800 versus
1276 3742 1341 3799 in
1371 3738 1819 3818 incorporalem
1849 3755 1969 3801 an-

1036 3829 1262 3906 gelum.

401 3920 546 3993 Quis
576 3920 952 3999 inﬁguratam
992 3919 1264 4000 ﬁguravit
1294 3928 1562 3982 naturam
1588 3919 1689 3981 ‘?--
1710 3919 1816 3982 Illa
1845 3941 1974 4002 quae

321 4028 603 4072 coronam
635 4007 945 4070 illustravit
975 4008 1310 4071 Theodora.
1348 4042 1427 4054 -—
1448 4006 1757 4080 Quomodo
1782 4010 1973 4089 expli-

322 4097 474 4160 cavit
505 4098 791 4160 visionem
820 4097 878 4158 in
911 4096 1207 4158 visibilem
1240 4096 1270 4156 ‘l
1300 4132 1375 4142 —
1408 4097 1586 4159 Fides
1620 4097 1745 4158 hac
1775 4099 1975 4161 omnia

320 4187 498 4250 facile
528 4186 751 4265 dirigit.
777 4224 853 4232 —
886 4185 1071 4258 Quam
1104 4194 1300 4248 autem
1336 4186 1674 4248 mercedem
1709 4185 1974 4266 piissima

314 4274 523 4357 cupit?
545 4311 618 4322 —
634 4275 863 4343 Anima;
885 4278 1133 4337 salutem
1155 4283 1289 4337 ante
1321 4276 1524 4337 omnia
1549 4275 1868 4339 desiderat.
1898 4313 1977 4324 -

230 4384 241 4395 ·
318 4364 1976 4444 Summeduxexercituum,euge,impledesiderium.—

319 4452 501 4516 Fides
531 4454 660 4534 ipsa
690 4454 804 4514 hoc
834 4454 1009 4515 etiam
1043 4453 1364 4535 praestabit.

703 4545 953 4610 LXXIII.
990 4547 1118 4608 Alii
1147 4548 1214 4608 in
1258 4546 1551 4610 eumdem.

399 4640 511 4704 Hic
537 4648 596 4703 te
617 4641 911 4704 fervidum
945 4639 1585 4720 defensoremihabens
1614 4642 1973 4705 venerabilis

323 4729 589 4809 Augusta
614 4729 950 4805 Theodora,
981 4729 1107 4789 illic
1140 4738 1195 4791 te
1254 4731 1439 4808 magis
1474 4728 1589 4790 sibi
1619 4730 1782 4811 cupit
1812 4732 1974 4793 auxi-

318 4819 619 4895 liaturum,
671 4837 904 4880 summa
955 4818 1072 4879 dux
1115 4836 1510 4898 Supernorum
1576 4822 1967 4896 exercituum,

322 4908 563 4988 quando
592 4927 694 4970 rex
717 4908 1002 4969 caalorum
1030 4906 1305 4968 deorsum
1320 4906 1779 4985 judicansterraa
1800 4928 1970 4989 reges

318 4996 393 5057 ad
441 4998 815 5058 tremendum
840 4995 1137 5076 judicium
1167 5007 1301 5072 aget
1335 5014 1348 5059 :
1385 4996 1544 5057 unde
1578 5016 1738 5058 nunc
1766 4998 1838 5059 ab
1870 4990 1971 5060 illa

319 5085 432 5148 hoc
449 5094 971 5167 munereaccepto,
995 5085 1553 5149 luncfervndetuere
1569 5084 1963 5149 donatricem.

403 5245 465 5295 76
506 5247 586 5307 ἴσ.
623 5248 777 5325 αὒτῇ,
863 5248 924 5296 ’77
950 5269 1036 5327 γρ.
1070 5245 1378 5328 προξενίσει.

1702 428 2000 495 VERSUS
2044 429 2368 494 IAMBICI.

3555 426 3584 489 1
3600 425 3721 492 1'78

2262 601 2481 669 θερμῶς
2510 594 2629 651 τότε
2660 599 2922 674 προστηθι
2951 601 3049 663 τῆς
3083 593 3439 675 δωρουμενης.

2059 675 2188 746 ΟΔ’,
2230 704 2254 741 α
2284 686 2372 747 Εἰς
2404 682 2581 751 δέησιν
2612 686 2713 741 ὑπὸ
2744 685 2862 750 τοὺς
2891 683 3055 749 πόδας
3088 694 3182 743 τοῦ
3214 691 3440 766 Χριστοῦ
3468 680 3720 759 κειμένου

2317 779 2410 830 τοῦ
2439 772 2723 854 βασιλέως,
2755 777 2828 839 ὡς
2872 773 2931 831 ἐκ
2958 782 3052 831 τοῦ
3092 775 3375 854 βασιλέως.
3426 799 3454 831 ιι

2100 860 2221 926 360
2261 862 2334 918 Σὺ
2375 859 2636 930 δεσπότην
2669 853 2735 940 με
2777 869 2884 919 τῶν
2914 867 3148 921 ’σεαυτοῦ
3177 853 3505 944 κτισμάτων,

2266 954 2366 1011 Καὶ
2405 959 2509 1009 τῶν
2542 952 2684 1030 ἐμῶν
2714 953 2949 1035 ἄρχοντα
2992 953 3284 1013 συνδούλων
3329 954 3445 1014 ’έθου
3478 972 3493 989 ⁸

2263 1037 2414 1120 Ἐγώ
2454 1040 2507 1098 δὲ
2540 1040 2723 1107 δοῦλος
2754 1045 2973 1121 εὑρεθεὶς
3006 1046 3284 1125 ἁμαρτίας,

2266 1131 2370 1194 Τὰς
2402 1131 2665 1228 μάστιγας
2696 1154 2813 1207 σου,
2850 1133 3091 1191 Δέσποτα
3134 1136 3310 1213 κριτὰ,
3355 1134 3555 1215 τρέμω.

2456 1230 2475 1233 _
2492 1227 2527 1233 ..
2693 1212 2709 1233 ι
2730 1230 2744 1233 _
2831 1221 2845 1233 ι
2950 1228 2975 1233 Α.
3058 1230 3073 1233 _
3198 1224 3208 1233 ι

2446 1221 2574 1279 ΟΕ’.
2613 1243 2643 1277 α
2693 1221 2786 1285 Ὠς
2828 1221 2888 1278 ἐκ
2916 1228 3014 1289 τῆς
3046 1224 3328 1282 Θεοτόκου.

2226 1310 2415 1387 Μήτηρ
2436 1330 2518 1389 σε,
2554 1308 2761 1383 τέκνον,
2794 1312 3010 1368 ἱκετεύει
3058 1311 3343 1392 Παρθένος,

2102 1395 2218 1460 365
2262 1398 2364 1454 Σὸν
2408 1400 2557 1461 οὗτος
2602 1397 2753 1478 ἔργον
2782 1398 2879 1458 κέίν
2910 1421 2958 1455 τι
2987 1400 3376 1479 προσκέκρουκέ
3406 1423 3512 1480 σοι,

2260 1488 2362 1542 Σὸν
2391 1484 2634 1561 πλάσμα,
2680 1489 2773 1543 σὸν
2802 1487 3035 1563 ποίημα,
3080 1499 3174 1548 σοῦ
3202 1488 3343 1558 πλὴν
3375 1488 3554 1547 οὐδένα

2263 1575 2391 1631 Θεὸν
2422 1575 2673 1659 γινώσκει
2705 1595 2718 1608 ’
2754 1574 2843 1640 δὸς
2873 1579 2934 1633 σὺ
2963 1578 3061 1646 τὴν
3091 1579 3378 1659 σωτηρίαν.

2259 1726 2283 1753 ﬂ
2382 1654 2527 1737 οςζ
2584 1686 2607 1720 α
2658 1655 2750 1730 Ὠς
2782 1665 2843 1721 ὲκ
2883 1677 2974 1725 τοῦ
2998 1654 3320 1748 Προδρόμου.
3356 1691 3384 1724 ι

2278 1756 2574 1832 Ανθρωπως
2618 1755 2704 1831 ἦν,
2738 1754 3099 1837 εὔσπλαγχνε,
3133 1758 3452 1836 συγγνώμην
3483 1757 3603 1839 ἔχε,

2261 1845 2405 1926 ζῶον
2436 1843 2532 1919 μὲν
2561 1843 2827 1901 εὖόλισθον
2859 1847 2932 1909 εἷς
2966 1847 3247 1926 ἁμαρτίαν,

1999 1912 2059 2022 Β.
2097 1929 2216 1993 370
2261 1913 2436 2022 Totam;
2465 1930 2520 1988 δὲ
2561 1934 2659 2002 τὴν
2691 1934 2791 2001 σὴν
2822 1912 3121 1993 uictura-5.x
3147 1912 3450 2015 ἠρνημένον
3488 1952 3500 1966 ·

2265 2012 2327 2078 (Η
2357 2021 2530 2103 πίστις
2562 2024 2743 2103 αὐτὸν,
2779 2025 3102 2103 μακρόθυμε,
3138 2012 3386 2083 σωσάτω.

2424 2101 2545 2173 ΟΖ’.
2600 2135 2628 2166 α
2666 2101 2756 2175 Ὡς
2789 2111 2847 2168 ἐκ
2894 2101 2989 2171 τοῦ
3034 2120 3281 2191 Χριστοῦ.
3319 2137 3348 2169 »

2256 2196 2421 2264 Αἰδώς
2464 2222 2521 2255 τε
2554 2203 2752 2281 μητρὸς
2795 2203 2883 2258 καὶ
2912 2202 3251 2281 παράκλησις
3281 2202 3432 2283 φίλου

2262 2288 2601 2363 Κάμπτουσιν
2631 2289 2725 2346 οὒκ
2754 2286 2972 2364 ἄκοντα,
3004 2292 3093 2347 καὶ
3118 2292 3349 2348 πείθουσί
3380 2313 3448 2367 με
3483 2309 3501 2328 ⁸

2099 2376 2220 2459 3ῖὸ
2264 2377 2353 2459 Εἷς
2384 2377 2482 2444 τὴν
2526 2379 2700 2457 χαρὰν
2730 2376 2936 2435 εἴσελθε
2964 2386 3058 2435 τοῦ
3087 2380 3181 2436 σοῦ
3229 2380 3437 2459 Κυρίου.

2158 2453 2169 2475 .
2309 2448 2336 2473 Α
2529 2448 2568 2457 η
2608 2448 2617 2457 -
2666 2468 2679 2484 ,
2892 2468 2915 2479 ς
3049 2469 3061 2485 .
3294 2448 3315 2488 ;
3519 2468 3528 2483 .

2059 2471 2148 2523 OH
2176 2510 2191 2525 .
2246 2484 2275 2524 (
2319 2464 2485 2523 Αλλοι
2519 2468 2589 2532 εἷς
2632 2489 2721 2524 τον
2766 2474 2992 2544 Σωτηρα
3036 2488 3109 2530 ως
3141 2467 3201 2523 ἐκ
3228 2491 3319 2527 του
3346 2467 3634 2544 βασιλεως.
3674 2488 3704 2529 )

2260 2558 2373 2613 Τῶν
2417 2556 2658 2616 ἀστάτων
2682 2556 2799 2631 »μὲν
2830 2554 2976 2615 οὐδὲν
3019 2558 3293 2627 αἰτήσαντι
3325 2580 3415 2633 μοι

2278 2654 2436 2721 Ομως
2461 2643 2689 2710 δέδωκας
2734 2646 2927 2720 πάντα,
2966 2647 3265 2726 Δημιουργέ
3294 2670 3416 2723 μου,

2250 2734 2399 2801 Ζωὴν
2444 2732 2498 2791 δὲ
2528 2736 2626 2802 τὴν
2657 2734 2913 2810 μένουσαν
2940 2732 3306 2811 ἓξαιτουμένῳ

2257 2822 2471 2882 Μᾶλλον
2498 2824 2891 2905 παρακλήθητι,
2922 2827 3009 2882 καὶ
3039 2824 3125 2891 δὶς
3157 2826 3254 2893 τὴν
3285 2827 3442 2907 χάριν

2055 3015 2412 3097 ΕΧΧΝῌη
2432 3024 2781 3082 orationem
2790 3020 3053 3097 jacentis
3074 3020 3185 3082 sub
3203 3020 3452 3099 pedibus
3482 3022 3710 3087 Christi

2540 3113 2704 3187 regis
2733 3105 3034 3186 (loquitur
3077 3108 3233 3187 rex).

2138 3197 2226 3259 Tu
2260 3217 2356 3260 me
2386 3217 2589 3278 regem
2622 3208 3030 3262 creaturarum
3056 3209 3292 3265 tuarum
3322 3222 3713 3286 meorumque

2057 3305 2476 3348 conservorum
2533 3287 2746 3350 ducem
2807 3288 3093 3368 posuisti:
3159 3307 3269 3367 ego
3320 3309 3460 3352 vero
3506 3310 3712 3354 servus

2056 3376 2331 3437 inventus
2343 3375 2594 3457 peccati,
2615 3376 3033 3457 castigationes
3056 3385 3204 3454 tuas,
3232 3379 3482 3442 Domine
3499 3380 3708 3460 judex,

2060 3473 2268 3527 "meo.
2399 3542 2613 3606 LXXV.
2653 3543 2964 3624 Tanquam
2995 3563 3033 3607 α
3081 3546 3371 3625 Dez‘para.

2134 3640 2325 3701 Mater
2346 3647 2421 3700 te.
2443 3645 2599 3713 nate,
2617 3638 2972 3719 suppliciter
2986 3640 3334 3720 oratVirgo.
3352 3641 3543 3703 Tuum
3558 3662 3709 3725 opus

2054 3734 2164 3801 est,
2199 3726 2308 3787 etsi
2330 3726 2471 3807 quid
2498 3735 2553 3788 te
2581 3726 2816 3800 laeserit,
2855 3735 2955 3788 tua
2988 3735 3284 3804 creatura,
3320 3736 3419 3790 tua
3443 3730 3710 3809 factura;

2055 3822 2357 3895 praeterje
2391 3815 2614 3876 nullum
2648 3815 2833 3876 Deum
2866 3816 3132 3894 agnoscit
3169 3836 3183 3877 :
3235 3825 3293 3879 tu
3325 3817 3401 3880 da
3430 3819 3706 3887 salutem.

2292 3908 2546 3973 LXXVI.
2613 3912 2926 3988 Tanquam
2971 3928 3009 3972 α
3051 3909 3461 3976 Ρνωειινεονε.

2137 4000 2327 4063 Homo
2361 4010 2507 4076 erat,
2543 4023 2577 4063 ο
2629 4002 2993 4078 misericors,
3050 4002 3479 4084 indulgentiam
3516 4008 3712 4085 habe;

2056 4089 2272 4151 animal
2304 4091 2543 4172 quidem
2565 4092 2636 4152 ad
2662 4100 2972 4173 peccatum
2997 4101 3123 4154 erat
3158 4095 3450 4175 proclive;
3475 4115 3712 4160 verum-

2058 4187 2255 4240 tamen
2298 4190 2458 4242 tuam
2489 4180 2671 4242 ﬁdem
2717 4182 2875 4243 haud
2931 4182 3164 4263 negavit
3202 4201 3215 4245 :
3281 4184 3430 4247 ﬁdes
3482 4204 3642 4265 eum,
3678 4208 3711 4249 ο

2060 4268 2550 4341 clementissime,
2578 4270 2800 4347 salvum
2833 4270 3030 4334 faciat.

2388 4361 2659 4425 LXXVII.
2700 4363 3022 4445 Tanquam
3057 4385 3095 4425 (ι
3125 4364 3388 4427 Christo.

1993 4450 2037 4499 D
2138 4453 2343 4518 Honor
2370 4456 2576 4516 matris
2606 4463 2665 4518 et
2696 4475 2913 4517 nomen
2945 4456 3123 4519 amici
3157 4477 3253 4518 me
3283 4457 3569 4522 libentem
3594 4463 3670 4525 tle
3695 4499 3708 4508 -

2054 4552 2219 4605 ctunt
2242 4559 2300 4607 et
2324 4545 2395 4606 ad
2420 4544 2872 4607 concessionem
2896 4547 3220 4608 adducunt.
3240 4546 3491 4610 Oﬁdelis
3514 4568 3705 4631 serve,

2053 4633 2301 4712 gratiam
2332 4634 2464 4694 istis
2498 4633 2794 4715 tribuens,
2829 4634 2889 4695 in
2920 4635 3203 4713 gaudium
3241 4638 3319 4697 tui
3354 4637 3591 4701 Domini
3626 4642 3710 4702 in-

2057 4723 2335 4801 gredere.

2056 4815 2354 4878 LXXXIII.
2389 4818 2521 4878 Atil
2560 4816 2641 4877 ad
2685 4816 3052 4880 salvatorem
3101 4826 3394 4898 tanquam
3440 4840 3517 4883 ea:
3548 4840 3704 4900 rege.

2135 4910 2505 4973 Caducorum
2526 4910 2766 4991 quidem
2795 4911 2942 4973 nihil
2973 4914 3706 4992 postulantemihiomnia.

2055 4998 2135 5060 mi
2157 4998 2419 5080 Creator,
2438 4999 2655 5061 dedisti
2679 5000 2883 5062 :sitam
2907 5011 3103 5062 autem
3122 5013 3459 5065 manentem
3478 5007 3709 5084 roganti

2054 5088 2239 5167 magis
2270 5089 2475 5150 adesto
2510 5087 2801 5169 propitius
2827 5099 2885 5152 et
2915 5091 2988 5151 da
3026 5092 3297 5170 gratiam.

1673 5410 1930 5473 Mattbaai
1960 5409 2127 5472 Busti
2156 5420 2330 5478 noue.
2428 5408 2437 5413 ’

400 5570 525 5652 (41)
556 5571 760 5651 Χαίρων
790 5570 1037 5647 ἐμαυτόν.
1072 5571 1324 5652 Versum
1368 5569 1542 5645 I603,
1596 5579 1657 5633 et
1709 5570 1976 5652 reliquos

320 5650 422 5731 qui
454 5649 687 5712 nuncin
714 5669 1007 5714 manuscr.
1038 5649 1445 5731 sequebantur
1476 5670 1675 5733 quaere
1697 5649 1970 5728 num.90,

2059 5570 2139 5632 ibi
2174 5573 2456 5715 πὶῖοζτούσι
2488 5574 2694 5649 πολλοῗ,
2731 5584 2788 5639 et
2836 5575 2920 5637 sic
2953 5575 3237 5656 deinceps
3286 5592 3473 5659 usque
3527 5575 3598 5636 ad

2061 5671 2195 5713 nem
2253 5674 2270 5715 Ι
2318 5673 2390 5715 ΙΊ.
3038 5693 3047 5699 θ
3096 5682 3099 5685 ’

2061 5671 2195 5713 nem
2236 5671 2390 5717 llDl'l.
3038 5693 3047 5699 σ
3096 5682 3099 5685 ’
