4156 6380
340 396 432 460 81

488 521 544 590 Ὀ
589 534 716 614 χθὲς
738 537 1024 623 βασιλεὺς,
1058 541 1086 595 ὁ
1118 539 1247 619 χθὲς
1274 540 1329 595 ἐν
1360 538 1483 617 δόξῃ
1509 542 1703 623 μέγας,

504 629 543 678 0
574 623 700 702 χθὲς
729 621 897 684 δοκῶν
941 632 1069 708 γῆς,
1100 628 1189 684 καὶ
1211 627 1481 696 θαλάσσης
1523 621 1811 700 δεσπότης.

481 718 730 797 Τοιοῦτον
760 713 1022 794 ἐτρύγησα
1050 725 1147 789 τῆς
1194 719 1451 797 ἁμαρτίας

482 796 735 889 Ἐνταῦθα
764 805 966 884 καρπόν
1003 821 1017 837 ⁸
1050 812 1156 863 τῶν
1181 804 1226 863 δ’
1258 796 1375 865 εκεῖ
1402 807 1602 865 πλείων
1630 808 1794 889 φόϐος

321 884 440 949 435
483 888 570 976 ξΕξ
599 892 674 947 ὧν
705 915 772 968 με
798 894 951 970 ῥῦσαι
981 893 1267 976 δημιουργὲ
1299 896 1490 976 Χριστέ
1521 884 1647 974 μου,

483 967 666 1073 ;Ρῦσαί
707 967 777 1056 με
799 967 888 1073 1
918 989 988 1060 σῇ
1017 967 1231 1063 δωρεάν·
1262 967 1653 1068 εὐσπλαγχνίᾳ,

498 1069 628 1155 Iam;
671 1091 738 1145 με
766 1069 980 1151 θάλπει,
1011 1073 1099 1128 καὶ
1140 1074 1272 1152 πρὸς
1300 1072 1368 1140 ἣν
1396 1073 1582 1151 βλέπω
1612 1076 1813 1155 μόνην,

522 1137 688 1225 ’Ἁλλτὶ
733 1159 832 1238 γὰρ
862 1137 1009 1257 ἐλπίς
1043 1137 1274 1255 ρνῦδαμοῦ
1302 1137 1594 1242 σωτηρίας.

844 1254 954 1305 ΠΒ’
990 1271 1020 1305 α
1052 1254 1279 1327 Ετεροι,
1334 1273 1363 1308 ι

479 1332 645 1422 ρῖμοι
686 1334 747 1394 τὸ
778 1336 959 1419 κέρδος
988 1346 1084 1397 τοῦ
1112 1338 1448 1420 ταλοιπώρου
1475 1365 1589 1422 ριου
1621 1360 1635 1374 ⁸

315 1420 439 1485 440
488 1405 684 1516 "lignea:
729 1405 918 1507 μικρὸν
946 1428 1000 1485 ἐν
1028 1405 1415 1511 πολυστρόφόις
1444 1405 1664 1516 τόχαις,

475 1513 624 1572 Εἶδον
652 1516 719 1573 τὰ
746 1518 944 1595 τερπνὰ
985 1518 1158 1575 πάντα
1187 1520 1274 1576 καὶ
1304 1513 1577 1584 τάναντία.

480 1606 615 1683 Πρὸς
645 1602 793 1672 δόξαν
824 1604 989 1686 ἤρθην
1034 1605 1273 1688 ἐκφυγὼν
1302 1606 1425 1682 ᾃδου
1455 1610 1647 1689 πύλας,

479 1696 577 1754 Καὶ
603 1696 847 1773 βασιλεὺς
878 1696 1102 1773 ἤκουσα,
1135 1699 1254 1780 φεῦ.
1282 1702 1370 1757 καὶ
1399 1700 1661 1772 δεσπότης
1697 1721 1711 1736 ⁸

476 1784 641 1843 Τανῦν
672 1784 781 1866 ἐγὼ
810 1787 907 1863 μὲν
935 1787 990 1845 ἐν
1020 1795 1187 1864 στενῷ
1215 1802 1404 1866 κεῖμαι
1441 1789 1593 1867 λίθῳ,

312 1871 432 1935 445
493 1879 741 1956 Αψυχος,
774 1873 991 1959 ἄπνους,
1018 1879 1091 1942 εἰς
1134 1878 1279 1935 κόνιν
1308 1877 1477 1945 λυθεὶς
1510 1882 1704 1958 μόνην,

473 1959 691 2021 Ἐκεῖνα
710 1961 757 2020 δ’
782 1964 847 2033 ἦν
880 1963 1105 2045 ὄνειρος.
1154 1964 1301 2024 οὐδὲν
1332 1992 1381 2025 τι
1427 1968 1587 2027 πλέον
1623 1987 1639 2006 ο

471 2049 619 2141 ΪΑλλ’
644 2055 691 2141 ,ὁ
719 2053 926 2121 πλασας
952 2076 1018 2131 με
1060 2069 1183 2121 ταῖς
1213 2056 1503 2138 ἆχράντοις
1533 2062 1687 2141 χερσὶ
1718 2084 1831 2136 σου,

472 2137 803 2200 ’Λνάπλασον
846 2144 1004 2202 πάλιν
1034 2167 1102 2221 με
1132 2147 1221 2203 τὸν
1262 2137 1572 2225 λελυμένον,

479 2231 578 2290 Καὶ
607 2228 694 2298 δὸς
736 2233 930 2309 βοηθὸν
959 2247 1147 2316 χεῖρα,
1181 2232 1267 2300 δός
1298 2259 1388 2313 μοι
1417 2237 1668 2316 κειμένῳ,

301 2318 423 2382 450
464 2320 562 2379 Καὶ
593 2318 765 2387 δεῖξον
793 2321 1082 2409 αὖθιςῴς
1127 2327 1187 2382 τὸ
1218 2326 1334 2407 σὸν,
1368 2325 1702 2409 πλαστουργέ
1732 2352 1855 2406 μου,

852 2400 982 2471 ΠΓ’.
1027 2434 1049 2467 ι
1089 2411 1274 2477 Αλλοι,
1313 2400 1340 2470 ii

471 2498 543 2554 Σὺ
572 2497 840 2575 βασιλεὺς,
875 2482 1113 2577 ⁵Ϋψιστε,
1147 2502 1234 2560 καὶ
1259 2505 1321 2560 σὺ
1353 2502 1638 2581 δεσπότης,

465 2592 615 2654 Ζωῆς
645 2588 904 2668 ὑπάρχων
937 2591 1148 2671 Κύριος,
1181 2593 1269 2649 καὶ
1295 2593 1521 2651 θανάτου
1557 2611 1570 2625 ’

464 2673 609 2754 Ἐγὼ
637 2673 692 2732 δὲ
719 2679 918 2746 θνητὴν
960 2678 1021 2735 ἐκ
1044 2683 1235 2760 φθορᾶς
1279 2680 1457 2739 λαϐὼν
1499 2684 1675 2763 φύσιν,

468 2762 689 2821 Μέλλων
715 2787 773 2821 τε
803 2769 989 2825 θᾶττον
1034 2769 1108 2832 εἷς
1137 2770 1329 2849 φθορὰν
1356 2762 1723 2851 ὑποστρέφειν,

297 2853 420 2917 455
464 2853 652 2921 Μάτην
680 2853 925 2931 βασιλεὺς
958 2855 1076 2937 (44)
1112 2859 1472 2935 ὠνομαζόμην
1499 2858 1622 2939 ἄρα,

300 2941 423 3005 Ἢθ
466 2942 673 3038 ξαίρων
704 2945 944 3024 ὀνείροις,
976 2947 1062 3005 καὶ
1100 2960 1282 3011 σκιαῖς
1311 2948 1647 3023 ἀσυστάτοις,

484 3032 527 3089 λ
556 3032 687 3111 πρὸς
714 3035 903 3112 μικρὸν
936 3034 1204 3114 τέρψαντα
1232 3037 1320 3093 καὶ
1349 3034 1606 3103 παίξαντα
1651 3058 1718 3113 με

1666 408 1967 475 VERSUS
2007 409 2324 473 IAMBIGI.

1930 600 1935 604 .
1971 548 2016 601 Α
2239 544 2529 624 Ἀπῆλθον,
2574 544 2868 611 ἑξέπτησαν
2904 543 2958 598 ἐν
2986 543 3188 622 βραχεῖ
3216 539 3397 622 χρόνῳ
3428 556 3441 572 ⁸

3533 396 3686 463 1182

2219 631 2371 707 Ἐμοὶ
2412 630 2457 687 δ’
2490 632 2700 713 ἀφῆκαν
2730 632 2821 697 τὰς
2853 629 2937 687 ἐπ’
2962 630 3152 689 αὐτοῖς
3186 628 3419 701 εὐθύνας,

2053 718 2174 786 ἳΞΟ
2223 722 2320 780 Καὶ
2350 721 2469 787 τοὺς
2498 710 2716 799 λόγους,
2767 720 2884 801 φεῦ,
2940 721 3051 775 τῶν
3107 724 3323 781 κακκῶς
3369 710 3687 882 πεῖραγμέ-

3481 824 3608 882 νων,

3481 824 3608 882 νων,

2222 898 2322 963 Οῧς
2354 899 2432 974 μὴ
2472 897 2538 950 80
2566 899 2828 979 βαρύνῃς,
2859 895 3147 976 δημιουργὲ
3176 918 3278 973 μου
3305 893 3449 953 τότε.

2221 986 2372 1045 Ἀλλ’
2403 989 2476 1052 ὡς
2509 988 2692 1068 κριτὴς
2722 986 3115 1068 εὕσπλαγχνος,
3147 984 3389 1052 ἱλάσθητί
3417 1004 3531 1059 μοι.

2239 1140 2263 1168 ﬂ
2585 1068 2721 1138 IIA'.
2761 1102 2786 1135 α
2822 1087 3031 1168 Ετεροι,
3073 1100 3099 1132 υ

2220 1165 2322 1250 [Ω]
2353 1169 2457 1225 τῶν
2501 1169 2738 1245 ματαίων
2766 1170 2852 1225 καὶ
2892 1166 3062 1224 κενῶν
3091 1166 3469 1246 φρονημάτων,

2218 1259 2541 1339 Πρόσκαιρος
2565 1258 2639 1316 ὢν
2671 1256 2940 1336 ἅνθρωπος
2970 1255 3216 1336 ἐφρόνουν
3246 1254 3408 1334 μέγα.

2057 1345 2176 1410 225
2222 1348 2319 1406 Καὶ
2352 1351 2453 1426 γῆς
2483 1348 2687 1427 βραχὺς
2718 1355 2850 1427 χοῦς
2859 1394 2876 1419 ,
2907 1350 3011 1423 γῆς
3057 1343 3382 1402 ἐπεσκόπουν
3412 1340 3570 1424 ἄκρα,

2220 1440 2403 1503 Ζητῶν
2431 1437 2499 1492 τὰ
2528 1434 2704 1508 κύκλῳ
2732 1440 2832 1502 τῆς
2861 1432 2993 1500 ὅλης
3025 1430 3339 1508 οἰκουμένης

2220 1526 2306 1590 Εἷς
2331 1523 2389 1580 ἒν
2418 1523 2645 1600 συνάψαι
2688 1538 2806 1588 τοῖς
2838 1522 2978 1602 ὅροις
3009 1533 3127 1586 τοῖς
3156 1526 3249 1577 τοῦ
3274 1520 3497 1599 κράτους
3535 1537 3549 1554 ⁸

2218 1611 2367 1670 Ἀλλ’
2412 1614 2701 1693 ἐκράτησεν
2730 1615 2765 1683 ἡ
2794 1614 2894 1691 πρὸ
2925 1620 3018 1670 τοῦ
3049 1608 3403 1691 κρατουμένη,

2214 1704 2314 1761 Καὶ
2346 1704 2474 1782 πρὸς
2505 1704 2686 1759 στενὸν
2719 1701 2876 1781 μέρος
2906 1723 2956 1757 τι
2990 1697 3344 1779 συγκλείσασά
3372 1719 3439 1773 με

2051 1789 2172 1855 930
2213 1791 2469 1850 Ἐνταῦθα
2500 1791 2691 1871 τέφραν
2735 1790 2847 1846 ἀντί
2875 1788 3131 1847 δεσπότου
3160 1788 3325 1868 φέρει.

2214 1882 2287 1938 Σὺ
2332 1878 2376 1938 δ’
2411 1883 2439 1938 ὁ
2474 1879 2683 1944 πλάσας
2717 1902 2783 1955 με
2812 1892 2936 1942 ταῖς
2967 1878 3254 1958 ἇχράντοις
3286 1878 3441 1957 χερσὶ
3471 1898 3587 1952 σου,

2211 1968 2550 2027 ’Ᾱνάπλασον
2578 1968 2738 2026 πάλιν
2770 1992 2837 2044 με
2869 1969 2998 2049 πρὸς
3020 1966 3312 2045 σωτηρίαν,

2212 2061 2314 2117 Καὶ
2345 2072 2462 2123 τοῖς
2491 2057 2743 2135 βλέπουσι
2776 2060 3061 2133 συμπαθῶς
3091 2079 3194 2132 μου
3223 2058 3315 2112 τὸν
3344 2055 3508 2135 τάφον

2206 2148 2411 2215 Φάνηθι
2434 2149 2522 2204 καὶ
2550 2148 2614 2204 σὺ
2644 2148 2920 2224 συμπαθὴς
2954 2146 3007 2201 ἐν
3036 2152 3104 2223 τῇ
3134 2145 3320 2225 κρίσει,

2008 2226 2139 2296 ΠΕ’.
2185 2258 2207 2291 σ
2246 2238 2334 2302 Εἰς
2356 2236 2456 2305 τὴν
2487 2236 2664 2293 εἰκόνα
2693 2238 2798 2292 τῶν
2828 2236 2987 2315 τριῶν
3018 2235 3205 2314 ἁγίων,
3267 2234 3331 2301 ἦν
3361 2231 3665 2313 ἐδωρήσατο

2464 2386 2473 2391 ,
2513 2332 2590 2400 τῷ
2634 2326 2771 2403 ἁγίῳ
2796 2325 3075 2403 Γρηγορίῳ
3101 2346 3155 2385 .»

2043 2413 2162 2477 935
2204 2413 2359 2492 Ἐμοὶ
2388 2416 2438 2471 τί
2468 2422 2654 2492 μεῖζον
2699 2421 2805 2471 τῶν
2834 2414 2977 2490 ἐμῶν
3007 2412 3361 2489 διδασκάλων,

2331 2502 2447 2561 οὒδὲ
2473 2490 2676 2581 κόσμον
2705 2504 2879 2561 πάντα
2905 2503 3198 2585 προκρίνειν
3231 2502 3369 2583 ἔχω,

2214 2576 2387 2669 Ὅμως
2416 2593 2471 2650 δὲ
2501 2576 2714 2675 φίλτρον
2757 2576 3316 2673 ἀνδρὸξὴγίασμένου.

2201 2679 2353 2739 Αἷδοϊ
2382 2688 2651 2761 κρατῆσαν
2673 2683 2890 2763 οἴχεται
2919 2682 3134 2744 τούτους
3164 2678 3293 2759 ἄγον
3323 2695 3336 2709 ⁶

2205 2770 2354 2852 Ἀλλ’
2377 2771 2600 2852 ἐντρύφα
2641 2774 2734 2830 τὶοι
2764 2776 2841 2846 τῷ
2869 2770 3020 2846 καλῴ
3049 2768 3222 2850 δώρῳ,
3270 2771 3460 2851 πάτερ,

2042 2857 2163 2923 240
2210 2843 2426 2918 υΗδιστα
2467 2843 2618 2919 τόνδε
2647 2863 2738 2919 τὸν
2766 2843 3070 2935 συνώνυμον
3099 2843 3336 2936 βλέπων,

2208 2951 2307 3009 Καὶ
2333 2952 2455 3016 τοὺς
2485 2951 2901 3029 συναυγάζοντας
2945 2948 3089 3024 αὐτῷ
3133 2948 3386 3030 φωσφόρο
3432 2972 3490 3014 υς
3527 2966 3545 2986 ⁶

2157 3106 2163 3112 ,
2211 3039 2365 3115 Ἐμοὶ
2395 3037 2440 3095 δ’
2485 3038 2578 3095 ἀπ’
2610 3039 2779 3096 αὒτῶν
2811 3039 2999 3117 μικρὸν
3029 3036 3232 3104 ἔξαιτοῦ
3264 3036 3448 3115 σέλας,

259 3204 435 3260 nator
463 3216 759 3280 apparens
796 3201 810 3261 ι
864 3199 1069 3264 Talem
1101 3202 1185 3264 ibi
1216 3203 1446 3284 peccati
1474 3203 1734 3266 fructum
1759 3223 1922 3267 mes-
1943 3216 1983 3266 C
2008 3206 2235 3270 tionem
2264 3206 2664 3287 reddendam,
2694 3206 2845 3269 sicut
2874 3213 2934 3268 et
2962 3206 3037 3268 de
3069 3206 3221 3268 male
3253 3205 3456 3286 gestis,
3483 3207 3660 3268 eheu!

259 3287 349 3349 sui
388 3307 407 3364 ;
437 3290 545 3348 sed
573 3287 649 3350 de
677 3288 797 3351 illis
829 3291 1019 3370 major
1046 3298 1135 3354 est
1162 3300 1378 3357 metus.
1404 3292 1451 3355 E
1480 3292 1695 3375 quibus
1724 3293 1917 3356 libera

263 3394 377 3452 me,
417 3383 651 3439 creator
679 3379 761 3439 mi
791 3378 1049 3461 Christe,
1109 3379 1299 3446 libera
1357 3401 1452 3444 me
1513 3394 1611 3445 tua
1663 3383 1920 3461 gratuita

261 3464 699 3543 misericordia,
736 3486 870 3548 quae
898 3487 994 3530 me
1024 3478 1262 3532 recreat
1311 3477 1373 3532 et
1424 3471 1496 3532 ad
1526 3490 1702 3552 quam
1735 3489 1917 3534 unam

259 3553 521 3635 reSpicio
557 3572 572 3617 :
609 3574 746 3637 spes
774 3557 935 3618 enim
966 3557 1081 3619 alia
1108 3558 1314 3620 salutis
1345 3577 1462 3620 non
1495 3560 1753 3640 est_ulla.

818 3649 1102 3714 LXXXII.
1138 3652 1360 3715 Aliud.

335 3741 539 3804 Triste
572 3742 928 3806 miserabilis
958 3745 1090 3807 vitae
1122 3744 1498 3807 commodum
1536 3747 1550 3807 Ξ
1612 3747 1921 3829 Paulisper

250 3830 313 3893 iu
341 3830 533 3894 variis
564 3830 820 3894 fortunis
850 3832 964 3895 vixi
991 3855 1006 3916 ;
1031 3835 1233 3896 omnia
1253 3835 1519 3897 secunda
1547 3835 1917 3918 adversaque

252 3920 373 3983 vidi
402 3942 416 4003 ;
448 3920 521 3982 ad
540 3920 815 3997 gloriam,
841 3923 1058 3985 inferni
1076 3923 1343 3986 faucibus
1365 3931 1629 4004 ereptus,
1649 3925 1911 3988 elevatus

253 4028 386 4072 sum
416 4030 433 4085 ;
456 4016 633 4089 atque
648 4028 751 4071 rex
775 4011 1150 4087 etdominus,
1178 4013 1331 4074 eheu
1358 4013 1372 4072 !
1400 4030 1528 4073 sum
1555 4014 1908 4095 appellatus.

255 4097 426 4161 Nnnc
456 4098 518 4160 in
549 4108 803 4177 angusto
847 4101 1045 4182 lapide
1085 4103 1286 4183 jaceo,
1350 4101 1654 4177 inanimis,
1688 4102 1914 4185 absque

253 4189 492 4269 spiritu,
510 4186 572 4247 in
588 4188 852 4250 cinerem
869 4190 1120 4252 solutus.
1144 4190 1248 4253 Illa
1270 4210 1406 4253 vero
1429 4191 1724 4252 somnium
1747 4202 1915 4255 erant

256 4284 313 4337 et
344 4277 498 4339 nihil
550 4277 828 4358 amplius.
880 4277 1020 4351 Sed,
1056 4298 1088 4341 ο
1122 4279 1344 4361 t11,“"qui
1377 4297 1470 4341 me
1502 4279 1622 4342 tuis
1651 4280 1912 4344 inteme-

256 4369 398 4428 ratis
425 4365 703 4427 manibus
726 4366 1053 4447 plasmasti,
1090 4387 1326 4430 rursum
1362 4367 1586 4448 plasma
1622 4387 1716 4430 me
1745 4370 1909 4432 solu-

253 4461 402 4531 tum,
443 4462 502 4516 et
546 4455 620 4516 da
676 4474 919 4517 manum
981 4455 1331 4536 abjutricem
1392 4458 1535 4518 mihi
1563 4458 1807 4539 jacenti,
1845 4472 1903 4523 et

250 4542 494 4619 iterum,
526 4544 608 4605 mi
641 4544 981 4625 plasmator,
1010 4556 1173 4608 tuum
1204 4546 1403 4608 lumen
1430 4546 1701 4609 ostende.

801 4638 1099 4703 LXXXIII.
1132 4640 1340 4703 Aliud.

328 4732 417 4795 Tu
441 4751 546 4795 rex
571 4740 629 4794 et
652 4733 992 4795 dominator
1014 4752 1102 4806 es,
1128 4753 1162 4794 ο
1189 4731 1674 4814 Αιιὶδείιῃε,’νὶιω
1689 4736 1911 4815 pariter

248 4828 306 4881 et
333 4821 546 4883 mortis
573 4822 873 4885 dominus.
934 4822 1059 4899 Ego
1125 4841 1294 4897 vero,
1356 4822 1458 4903 qui
1494 4824 1803 4886 mortalem
1837 4845 1910 4889 ex

247 4911 636 4992 corruptione
668 4921 937 4973 naturam
971 4930 1323 4993 acceperam
1357 4920 1415 4971 et
1475 4912 1535 4972 in
1567 4914 1906 4993 corruptio-

248 5016 384 5060 nem
417 5000 535 5061 cito
559 5000 883 5076 rediturus,
944 5001 1161 5062 frustra
1221 5001 1380 5080 regis
1441 5019 1658 5061 nomen
1698 5001 1904 5080 habui,

246 5088 859 5170 somniislevibusque
874 5090 1140 5169 gaudens
1155 5089 1402 5167 umbris,
1426 5108 1575 5171 quae,
1593 5097 1900 5171 postquam

246 5193 342 5236 me
398 5177 702 5258 paulisper
756 5178 1228 5255 delectaverunt,
1289 5189 1468 5261 atque
1512 5178 1806 5252 luserunt,
1842 5181 1904 5243 in

1997 3294 2403 3377 reliquerunt;
2431 3315 2608 3377 quam
2642 3305 2730 3370 tu,
2752 3294 3020 3376 Creator,
3045 3301 3190 3357 tunc
3216 3313 3334 3356 non
3352 3312 3656 3375 aggravas;

2000 3383 2127 3461 sed,
2161 3391 2225 3445 ut
2244 3383 2428 3464 judex
2460 3384 2826 3459 misericors,
2862 3383 3153 3446 miserere
3185 3382 3326 3446 mei.

2565 3477 2864 3540 LXXXIV.
2895 3477 3111 3539 Aliud.

2081 3564 2129 3629 Ο
2156 3584 2317 3628 vanae
2338 3565 2668 3648 inanesque
2697 3565 3129 3644 cogitationes!
3166 3565 3359 3628 Homo
3389 3582 3525 3628 cum
3555 3584 3619 3628 es

1997 3673 2127 3716 sem
2161 3655 2582 3737 temporarius,
2651 3674 2860 3733 magna
2911 3654 3273 3732 cegilabam,
3342 3661 3401 3715 et
3456 3656 3658 3717 brevis

2002 3751 2179 3807 terra),
2211 3744 2519 3824 particula,
2573 3746 2644 3806 ad
2704 3754 2972 3807 extrema
3022 3752 3196 3806 terrae
3255 3743 3655 3825 conjiciebam

2000 3835 2228 3915 oculos,
2264 3853 2331 3896 ea
2361 3853 2494 3914 quae
2524 3837 2702 3895 totius
2735 3833 2899 3895 orbis
2946 3833 3197 3895 circuitu
3250 3835 3652 3903 continentur.

1996 3921 2057 3983 in
2088 3942 2274 3984 unum
2306 3923 2460 3985 intra
2483 3923 2702 3985 limites
2732 3922 3011 4003 potentiae
3042 3934 3324 4003 coaptare
3356 3940 3650 4003 quaerens.

1995 4008 2111 4073 Sed
2139 4012 2404 4093 possedit
2428 4020 2563 4074 ante
2589 4030 2865 4092 possessa
2889 4019 2947 4072 et
2971 4030 3066 4072 me
3091 4012 3149 4073 in
3180 4025 3489 4090 angustam
3512 4030 3652 4091 par-

1996 4106 2113 4160 tem
2146 4100 2471 4177 inclusum,
2505 4101 2603 4162 hic
2632 4101 2899 4162 cinerem
2921 4118 3023 4180 pro
3042 4100 3417 4163 (lominatore
3439 4108 3650 4179 gestat.

1995 4188 2081 4250 Tu
2107 4208 2244 4251 vero
2267 4190 2370 4272 qui
2396 4210 2489 4253 me
2512 4192 2627 4252 tuis
2648 4190 3022 4253 intemeratis
3054 4189 3332 4256 manibus
3350 4189 3646 4271 formasti,

1994 4278 2065 4339 ad
2098 4279 2348 4342 Salutem
2378 4299 2472 4343 me
2503 4281 2781 4353 reforma,
2837 4298 3159 4361 meumque
3190 4279 3483 4341 tumulum
3516 4298 3649 4341 cum

1994 4370 2411 4449 compassione
2429 4369 2842 4444 cernentibus,
2858 4369 3118 4437 videaris
3132 4377 3190 4431 et
3206 4377 3262 4429 tu
3276 4368 3653 4457 compatiens

1929 4500 1971 4549 ο
1990 4459 2051 4521 in
2089 4458 2189 4519 die
2211 4459 2452 4538 judicii.

1993 4550 2263 4613 LXXXV.
2303 4552 2375 4613 Ι.ιι
2421 4555 2607 4615 trium
2664 4560 3016 4614 sanctorum
3075 4553 3430 4632 imaginem,
3466 4568 3649 4631 quam

2407 4650 2617 4704 sancto
2651 4644 2944 4723 Gregorio
2976 4642 3235 4703 dederat.

2070 4734 2217 4797 Mihi
2239 4734 2380 4816 quid
2407 4734 2557 4797 meis
2584 4734 2775 4814 majus
2792 4733 3113 4814 magistris,
3143 4733 3363 4815 quibus
3390 4753 3498 4795 nec
3521 4735 3641 4795 uni-

1989 4840 2234 4884 versum
2267 4823 2553 4884 mundum
2589 4832 3014 4903 anteponerem
3036 4824 3066 4882 ‘?
3098 4832 3505 4884 verumtamen
3535 4824 3645 4883 hn-

1993 4911 2171 4973 minis
2201 4912 2390 4973 sancti
2420 4911 2685 4985 dilectio,
2724 4912 3011 4991 pudorem
3048 4912 3313 4988 vincens,
3349 4909 3471 4973 abit
3504 4911 3649 4972 istos

1988 5000 2316 5063 abducens.
2337 4999 2739 5062 Nihilominus
2755 5003 2860 5062 hoc
2882 5001 3133 5082 pulchro
3152 5002 3306 5062 dono
3321 5000 3646 5079 delectare,

1990 5089 2649 5172 pater,jucundissime
2705 5097 2867 5150 tuum
2931 5091 3089 5151 hunc
3146 5109 3534 5172 zynonymum
3588 5104 3649 5153 et

1987 5182 2354 5244 collucentes
2383 5201 2519 5244 cum
2553 5201 2689 5263 ipso
2715 5182 3001 5245 luciferas
3030 5182 3468 5263 contemplans.
3502 5182 3647 5245 Mihi

243 5262 410 5329 brevi
432 5276 702 5349 tempore
726 5268 1124 5331 evolaverunt.
1152 5269 1296 5332 Mihi
1312 5276 1511 5332 autem
1534 5267 1608 5330 de
1633 5269 1779 5349 ipsis
1798 5288 1899 5332 ra-
1984 5279 2181 5334 autem
2211 5269 2281 5332 ab
2306 5270 2453 5352 ipsis
2485 5262 2725 5353 parvam
2750 5289 3006 5352 exposce
3034 5262 3357 5349 ﬂammam,
3385 5289 3516 5352 quae
3548 5290 3644 5333 me

321 5401 388 5452 80
418 5425 506 5482 γρ.
538 5404 801 5483 βαρύνεις,

1591 5534 1844 5599 Μαιηιωὶ
1877 5536 2037 5598 Busti
2068 5546 2244 5601 notae.
2981 5562 2988 5570 -
3022 5592 3025 5595 .
3624 5626 3627 5629 _

325 5662 458 5801 ἔνι)
506 5666 691 5734 Μάτην
734 5666 1000 5744 βκσιλεύς.
1035 5663 1292 5729 Versum
1323 5666 1442 5729 456
1488 5674 1544 5728 et
1584 5666 1850 5750 reliquos
1898 5689 1911 5733 t

246 5753 324 5803 Δα
379 5743 408 5800 δ
438 5744 711 5803 ιιελωδῶν.

2050 5671 2108 5734 in
2159 5664 2486 5757 exemplari
2525 5676 3157 5757 sequebantur-quaere
3189 5693 3353 5739 num.
3397 5674 3522 5753 40;
3557 5675 3639 5738 ibi

438 5744 711 5820 μελῳδῶν.
