4156 6378
284 360 444 429 1185

472 501 573 566 Οἷς
604 500 893 570 εὐδόκησας
923 500 1122 582 δωρέαν
1152 524 1221 579 με
1249 503 1549 563 πλουτίσαι.

486 587 669 657 Πολλὴ
715 590 874 670 χάρις
904 612 986 647 σοι
1029 589 1179 647 τοῦδε
1207 598 1303 649 τοῦ
1337 597 1560 672 τερπνοῦ
1588 591 1723 668 βίου,

320 673 441 740 300
486 679 586 737 Καὶ
613 683 714 746 τῆς
744 676 928 758 ἔμοιγε
956 677 1214 760 φιλτάτης
1236 678 1516 760 ἀπραξίας.

506 775 637 850 ictuc
666 765 847 834 ἄδοξός
878 768 1044 845 ἐστιν,
1090 767 1211 826 ἀλλ’
1241 768 1482 850 ἐλευθέρα
1516 789 1530 804 ·

485 834 637 920 Ἴσως
667 857 870 936 κρότων
914 834 1152 938 ἄμοιρος,
1187 857 1325 916 ἀλλὰ
1353 834 1441 916 καί
1471 859 1672 937 γθόνων
1715 880 1730 895 ο

485 944 682 1012 Κτῆσις
723 967 805 1009 τις
848 945 908 1003 οὒ
938 946 1217 1026 πρόσεστιν
1250 963 1268 1023 ;
1303 945 1419 1004 οὐδὲ
1447 943 1729 1028 φροντίδες,

484 1032 554 1116 ξίιῖ
586 1033 791 1110 μᾶλλον
834 1035 1114 1106 ἐκτήκουσι
1147 1038 1345 1116 σάρκας
1372 1035 1651 1110 δεσπότου,

318 1117 438 1183 305
481 1104 548 1213 :H
578 1104 684 1180 τῶν
727 1104 1100 1213 πρόσοντωνὴ
1130 1104 1380 1200 μετουσία
1409 1124 1585 1205 τρέφει
1619 1140 1633 1154 ⁸

502 1219 703 1268 Απεστι
732 1210 914 1292 κέρδος
951 1229 968 1287 ;
1012 1211 1152 1270 ἀλλὰ
1191 1215 1280 1271 καὶ
1311 1215 1605 1295 μοχθηρία,

485 1288 547 1384 ΓΗ
575 1301 750 1358 πάντα
777 1288 989 1380 κέρδους
1017 1288 1340 1383 ἐξανιχνεύει
1369 1288 1552 1384 ςὲἷςροὶι,

483 1378 545 1445 Ἦ
575 1378 855 1470 κερμάτων
876 1398 1040 1473 χνοῦν
1070 1378 1217 1449 οἶδεν
1247 1378 1510 1474 ἐκλείχειν
1541 1393 1702 1468 μόνη.

482 1480 554 1536 Οὔ
582 1494 870 1558 προσκυνεῖ
897 1502 998 1561 τις,
1046 1478 1162 1538 οὐδὲ
1191 1482 1418 1539 θωπεύει
1448 1482 1619 1563 τάχα,

319 1562 439 1627 310
481 1567 554 1624 Οὐ
580 1575 974 1647 προσκυνοῦμεν
1019 1572 1112 1626 οἶα
1132 1572 1306 1635 θῶπες
1347 1568 1527 1628 οὐδένα
1553 1591 1567 1603 ”

479 1651 630 1712 Ἀλλ’
659 1656 723 1706 82
751 1658 986 1736 εὖγενετς
1012 1657 1241 1726 ἅπαντες
1271 1661 1344 1724 ὡς
1375 1658 1488 1717 κατ’
1525 1661 1724 1722 εἰκόνα,

476 1744 727 1829 Προεδρία
752 1753 854 1803 ποῦ
881 1766 897 1826 ;
940 1749 1030 1804 καὶ
1056 1747 1122 1797 85
1149 1746 1457 1829 προσεδρεία
1485 1749 1635 1822 πότε,

481 1821 583 1898 ’Πς
624 1821 943 1904 πολλαπλῗψ
964 1835 1174 1895 σύνοιδα
1193 1821 1297 1905 ’τὴν
1340 1821 1549 1913 ἆηδίαν,

481 1925 619 2004 Πρὸς
648 1926 746 1993 τὴν
786 1925 989 1994 ἐκείνης
1019 1925 1216 1995 ἡδονὴν
1259 1927 1623 2007 μετρουμένην
1656 1946 1673 2009 ;

315 2011 437 2074 315
481 2012 714 2081 Πλοῦτος
756 2014 861 2094 ῥέει
891 2035 907 2096 ;
940 2021 1056 2080 πῶς
1090 2032 1107 2089 ;
1140 2016 1265 2097 οὐχὶ
1292 2018 1382 2074 καὶ
1406 2016 1730 2097 παραῤῥέει,

479 2101 723 2161 Μάλιστα
752 2105 843 2162 καὶ
865 2107 945 2168 τὶς
977 2105 1206 2164 ἀστάτου
1230 2104 1381 2186 φίλου
1411 2104 1569 2185 λόγος
1595 2125 1613 2187 ς

508 2200 584 2250 Εα
615 2191 909 2251 πλανᾶσθαι
939 2195 1059 2258 τοὺς
1087 2193 1335 2259 θέλοντας
1354 2194 1421 2245 84
1446 2195 1686 2271 εὖκόμως
1734 2211 1748 2224 ⁶

478 2283 552 2338 Σὺ
580 2279 627 2338 δ’
657 2282 715 2340 εὗ
741 2281 1012 2363 βεϐηκὼς,
1042 2289 1225 2359 κτῆμα
1252 2295 1487 2344 τοιοῦτον
1517 2285 1690 2366 πόθει,

469 2369 581 2429 Ἀεῖ
622 2374 854 2452 πεφυκὸς
882 2379 960 2449 τῷ
988 2371 1223 2454 φιλοῦντι
1249 2374 1594 2455 προσμένειν,

315 2458 441 2524 320
481 2458 634 2544 ἶΑλλ’
665 2463 822 2539 ὁγκον
853 2461 993 2540 αἴρει
1029 2482 1044 2497 ·
1076 2464 1164 2520 καὶ
1203 2462 1550 2537 καταστέλλει
1583 2463 1769 2544 πάλιν,

483 2540 576 2614 Ὧς
608 2557 818 2628 πνεῦμα
860 2552 1029 2632 φύσης
1074 2552 1238 2609 ἀσκὸν
1268 2553 1646 2632 ἐστερημένον,

481 2637 648 2724 ἶΑλλὰ
675 2640 874 2721 τρυφὴν
902 2638 1106 2698 δίδωσιν
1132 2659 1148 2677 ⁶
1184 2640 1357 2719 [ἀλλὰ]
1391 2646 1476 2699 καὶ
1505 2643 1672 2724 φθόην

488 2719 549 2784 Ὠ
581 2719 737 2787 ποῖον
768 2719 927 2793 εἶπας
961 2726 975 2788 ε
1021 2732 1109 2787 καὶ
1138 2732 1238 2811 γὰρ
1268 2730 1327 2789 οὔ
1374 2719 1579 2808 ψευδῶς
1607 2730 1764 2814 ἔφην,

479 2818 539 2873 Σ“
583 2815 629 2873 δ’
662 2818 686 2874 ἐ
728 2817 772 2853 ’τ
924 2824 952 2835 “
1128 2825 1153 2835 ⁴
1339 2827 1366 2837 “
1439 2820 1464 2837 ”

523 2841 554 2873 υ
690 2816 866 2891 ξευαζε
891 2817 1059 2876 ταλλα
1086 2842 1192 2877 των
1224 2842 1406 2877 κακων
1437 2843 1558 2899 οσα,

275 3029 388 3093 bus
410 3048 506 3093 me
527 3031 707 3112 gratis
737 3005 1105 3114 locupletare
1137 3032 1414 3114 dignatus
1458 3054 1546 3098 es.
1580 3035 1804 3116 iMnltae
1830 3035 1939 3100 tibi

277 3120 482 3222 gratiae
498 3121 574 3229 o'b
587 3122 743 3229 hanc
749 3122 1079 3229 jucundam
1091 3123 1269 3186 vitam
1286 3132 1342 3187 et
1354 3124 1505 3229 mihi
1519 3125 1935 3229 charissimum
1954 3178 1994 3229 C

274 3210 484 3273 otium.
517 3208 775 3291 Ingloria
805 3211 1054 3275 tersitan
1103 3221 1214 3291 est,
1268 3215 1375 3277 sed
1405 3214 1636 3292 libera;
1667 3215 1934 3278 forsitam

275 3299 596 3380 plausuum
630 3319 864 3382 expers,
927 3302 1033 3364 sed
1064 3309 1123 3365 et
1150 3302 1415 3368 invidiae.
1478 3304 1786 3368 Possessio
1815 3323 1936 3367 non

280 3398 369 3451 est
390 3388 424 3448 ‘2
442 3407 659 3470 nequa:
676 3409 858 3473 curae,
884 3410 1015 3472 quaa
1036 3393 1223 3473 magis
1252 3413 1465 3457 carnes
1494 3394 1754 3476 potentis
1778 3402 1935 3457 exte-

282 3485 494 3555 nuant,
557 3497 733 3561 quam
790 3480 1251 3544 redundantium
1305 3483 1681 3565 participatio
1729 3484 1935 3550 nutrit.

280 3567 467 3631 Abest
496 3568 727 3631 lucrum
758 3576 787 3633 ‘?
832 3570 952 3632 Sed
998 3590 1235 3652 quoque
1282 3573 1476 3647 labor,
1534 3572 1636 3654 qui
1662 3580 1937 3635 cunctam

278 3656 431 3720 lucri
445 3657 600 3721 viam
622 3657 883 3737 obsidet,
909 3660 1011 3740 qui
1034 3668 1259 3722 tantum
1281 3662 1396 3723 scit
1418 3680 1799 3724 nummorum
1823 3662 1935 3724 de-

273 3745 467 3809 libare
497 3747 901 3829 superﬁciem.
930 3748 1117 3812 Nemo
1150 3749 1301 3813 forte
1355 3751 1610 3815 odorat?
1638 3752 1715 3814 At
1744 3770 1939 3833 neque

275 3834 618 3901 blanditur:
647 3837 951 3900 neminem
980 3848 1043 3901 ut
1069 3839 1408 3903 adulatores
1440 3841 1758 3904 adoramus
1792 3839 1937 3918 ;sed

279 3944 494 3989 omnes
540 3935 823 4010 quantum
881 3927 956 3990 ad
1011 3928 1303 4008 imagines
1353 3930 1586 3994 nobiles
1629 3937 1791 3993 sunt.
1824 3928 1940 3993 Ubi

276 4016 728 4096 praeminentia
752 4017 786 4078 ‘I
808 4016 881 4079 Et
914 4027 1054 4082 tunc
1078 4019 1418 4083 sollicitudo
1437 4021 1608 4101 cujus
1628 4019 1702 4083 de
1725 4026 1939 4083 caetero

254 4104 436 4169 bene
465 4106 603 4169 n0vi
637 4100 1055 4190 incommoda,
1103 4108 1178 4170 ad
1212 4100 1647 4190 jucunditatem
1677 4110 1807 4190 ejus
1835 4128 1940 4173 ac-

278 4194 654 4257 commodata
682 4200 710 4259 ?
738 4196 788 4260 O
821 4195 1040 4260 divitiae
1066 4198 1262 4260 ﬂuunt
1292 4198 1323 4258 ‘2
1354 4197 1661 4272 Quomodo
1681 4198 1712 4259 ‘?
1735 4197 1945 4262 Nonne

279 4284 458 4346 etiam
488 4285 947 4365 praeterﬂuunt?
976 4286 1265 4365 Maxime;
1300 4298 1359 4352 et
1388 4307 1520 4371 quae
1549 4288 1943 4351 inconstantis

1629 364 1927 429 VERSUS
1958 360 2284 428 ‘IAMBICI.

3519 368 3675 435 1186

1957 516 1999 563 Α
2062 494 2182 561 325
2224 494 2312 556 Ἐν
2336 502 2422 563 οἷς
2454 500 2483 555 ὁ
2511 497 2737 563 πλοῦτος
2767 498 3021 566 δεξιοῦται
3050 501 3171 566 τοὺς
3200 500 3403 582 φίλους.

2213 588 2301 651 Τίς
2331 587 2421 645 οῦν
2452 589 2667 659 συνήσει
2696 608 2713 670 ς
2742 589 2822 654 τίς
2852 587 3145 647 διοπτεύσει
3176 590 3298 648 τάδε
3332 612 3350 673 ς

2215 675 2397 744 Πολλὴ
2441 677 2601 758 χάρις
2631 700 2714 735 σοι
2735 686 2840 736 τῶν
2871 678 3047 758 λόγων
3078 687 3208 737 Θεοῦ
3238 682 3400 760 Λόγε,

2217 769 2317 831 Οἷς
2360 765 2650 834 εὐδόκησας
2680 765 2880 848 δωρεάν
2910 791 2977 844 με
3004 767 3305 850 πλουτίσαι,

2223 856 2322 919 Οὓς
2352 853 2579 931 ἀξίωμα,
2612 854 2864 936 πλοῦτον,
2898 855 3157 934 εὔκλειαν,
3196 860 3404 939 θρόνον,

2060 939 2180 1006 330
2226 945 2324 1001 Καὶ
2354 951 2457 1002 πᾶν
2489 945 2570 1002 ὅτι
2599 945 2881 1025 κράτιστον
2905 948 3139 1026 ἡγοῦμαι
3172 949 3389 1024 μόνους,

2214 1034 2280 1115 Q'i
2327 1034 2420 1098 τὰς
2451 1034 2644 1115 ὀρέξεις
2675 1041 2782 1092 τῶν
2815 1035 2961 1112 ἐμῶν
2987 1036 3315 1113 θελημάτων

2223 1112 2555 1199 ιΡεμϐασμὸν
2579 1126 2674 1182 οὐκ
2702 1125 2827 1181 ἐῶσι
2859 1125 3091 1206 πάσχειν
3120 1112 3306 1205 ῥᾳδίως

2222 1212 2462 1297 Πίνοντὲς
2496 1215 2639 1272 αὐτοὶ
2666 1214 2840 1272 πάντα
2872 1217 3055 1295 ψυχῆς
3085 1218 3269 1297 πόθον,

2223 1295 2314 1371 Ὧς
2343 1308 2465 1372 τοὺς
2508 1310 2778 1382 ποταμοὺς
2808 1308 2843 1375 ἡ
2875 1306 3113 1364 θάλασσα
3152 1295 3275 1372 τοὺς
3304 1308 3450 1389 πέριξ
3498 1327 3512 1341 '

2058 1389 2177 1455 335
2219 1396 2278 1478 Εἰ
2308 1396 2385 1471 μή
2429 1418 2478 1452 τι
2509 1399 2703 1476 σαρκὸς
2732 1396 2968 1469 ἀσθενείᾳ
3010 1394 3326 1478 προσλάϐοι,

2223 1475 2314 1550 Ὠς
2343 1484 2534 1562 τέλμα,
2571 1475 2759 1565 μικρὸν
2788 1484 3043 1565 ἐκτραπὲν
3077 1487 3274 1567 ῥείθρου
3303 1475 3486 1568 μέρος.

2217 1571 2305 1640 Ἐξ
2333 1576 2408 1633 ὧν
2438 1574 2609 1654 ἔγωγε
2636 1576 2730 1640 τὰς
2760 1575 2998 1655 ἀφορμὰς
3026 1573 3336 1656 λαμϐάνων,

2209 1665 2432 1729 Τούτους
2463 1664 2676 1741 ἐμαυτῷ
2702 1666 2824 1728 τοὺς
2862 1663 3053 1740 νόμους
3081 1665 3145 1716 85
3171 1664 3286 1746 ἔχω
3317 1667 3559 1749 γράφειν,

2049 1748 2169 1813 339
2206 1749 2296 1809 Ἐν
2352 1758 2435 1818 οἷς
2491 1760 2786 1832 κρατοῦμαι
2848 1752 2995 1834 (45),
3048 1756 3137 1811 καὶ
3178 1762 3371 1834 ,κρατῶ
3426 1748 3549 1815 τῶν
3589 1760 3664 1812 ὧν

3394 1845 3561 1922 Ιθέμις
3573 1895 3587 1909 ,

2579 1920 2664 2008 4'.
2705 1952 2729 1989 α
2766 1933 2854 1997 Εἰς
2899 1932 3105 1993 ἑαυτόν.

2019 2018 2176 2083 1603
2219 2020 2507 2079 Πλουτοῦς-ι
2537 2020 2726 2079 πολλοὶ
2754 2019 2889 2102 (46)
2916 2067 2933 2084 .
2959 2028 3117 2102 παῦε,
3137 2024 3226 2079 καὶ
3243 2022 3318 2089 τίς
3348 2045 3439 2099 μοι
3469 2021 3667 2105 λόγος;

2220 2111 2480 2192 Πνωχοὺς
2505 2111 2605 2190 γὰρ
2633 2108 2752 2190 ἔχει
2782 2110 2985 2175 πάντας
3015 2108 3076 2176 ἆξ
3105 2109 3226 2167 ἴσου
3256 2112 3440 2192 τάφος,

2021 2195 2180 2260 1605
2224 2188 2462 2280 Ἀϐροῦς,
2492 2188 2711 2274 μέσους,
2755 2197 2947 2267 ἥττους
2977 2221 3035 2256 τε
3063 2202 3152 2258 καὶ
3177 2188 3549 2268 πενεστάτους,

2219 2295 2386 2370 ’ξανῦν
2428 2286 2484 2345 δὲ
2527 2288 2715 2354 παῖξαι
2748 2290 2936 2367 μικρὸν
2968 2289 3152 2353 αὐτοῖς
3183 2288 3398 2370 ἐνδίδου,

2225 2361 2359 2441 Ἕως
2390 2378 2545 2440 κενὰς
2576 2361 2820 2458 φέροντες
2848 2361 3142 2434 ἀἴσθωνται
3173 2378 3364 2459 χέρας,

2214 2464 2447 2531 Πολλοὺς
2473 2466 2646 2544 θρόνοι
2688 2465 2931 2546 φέρουσιν
2959 2465 3197 2542 ὑψηλοὺς
3239 2467 3374 2541 ἅνω,

2219 2553 2364 2634 Ἐγὼ
2392 2553 2447 2611 δὲ
2472 2557 2630 2634 γῆθεν
2650 2553 2889 2612 ἔκπαλαι
2919 2554 3320 2639 πεπλασμένος,

2019 2641 2178 2705 1610
2220 2645 2307 2710 Εἷς
2347 2649 2453 2723 γῆν
2480 2666 2539 2700 τε
2554 2644 2710 2724 νεύω,
2755 2645 2845 2701 καὶ
2872 2644 3020 2701 κάτω
3048 2650 3194 2715 ζητῶ
3226 2645 3431 2722 μένειν.

2133 2777 2137 2780 .
2218 2730 2285 2782 86
2313 2731 2500 2808 Πολλῷ
2541 2729 2597 2788 δὲ
2625 2741 2723 2799 τὴν
2754 2731 2970 2812 ἔπαρσιν
3011 2731 3237 2790 ἐκκλίνω
3265 2738 3418 2814 φωτὶ,

2225 2824 2313 2893 Μή
2342 2842 2456 2885 πως
2485 2822 2766 2886 σκοτωθεὶς
2794 2822 2985 2897 ὑψόθεν
3017 2824 3198 2902 χαμαὶ
3240 2823 3411 2901 πέσω,

2018 3036 2194 3111 mala,
2227 3034 2444 3117 quibus
2475 3035 2707 3098 fortuna
2761 3034 3192 3116 complectatnr
3240 3036 3489 3103 amicos.
3526 3039 3674 3114 Quis

2018 3125 2200 3206 igitur
2226 3124 2571 3197 intelliget?
2583 3123 2726 3198 Quis
2739 3123 2867 3187 haec
2881 3124 3286 3188 considerabit
3309 3126 3340 3187 ‘I
3355 3128 3550 3193 Multae
3571 3130 3682 3192 tibi

2016 3214 2240 3294 gratiae.
2274 3213 2384 3276 Dei
2413 3212 2698 3295 Verbum,
2730 3213 2806 3275 ob
2860 3214 3064 3287 verba,
3117 3214 3332 3295 quibus
3365 3236 3460 3278 me
3499 3221 3681 3296 gratis

2018 3304 2385 3386 locupletare
2415 3302 2693 3381 dignatus
2723 3321 2810 3379 es,
2837 3321 2968 3384 quae
3024 3303 3148 3364 sola
3178 3303 3547 3384 dignitatem,
3577 3308 3676 3370 di-

2018 3394 2211 3471 vitias,
2243 3392 2485 3474 famam,
2512 3395 2816 3469 thronum,
2842 3401 2901 3453 et
2922 3392 3340 3475 quodcumque
3360 3395 3674 3475 optimum,

2022 3482 2295 3545 existimo
2322 3500 2491 3564 ;qua3
2521 3500 2669 3544 meae
2698 3482 2913 3561 placita
2934 3482 3256 3544 voluntatis
3277 3502 3396 3544 non
3425 3485 3681 3548 faciliter

2021 3590 2223 3636 errare
2278 3573 2519 3643 sinunt;
2579 3570 2711 3652 ipsa
2762 3578 2951 3632 totum
3011 3579 3226 3634 animae
3283 3572 3674 3649 desiderium,

2020 3661 2176 3724 sicut
2220 3680 2387 3724 mare
2438 3661 2877 3723 circumdantes
2930 3661 3161 3737 ﬂuvios,
3224 3661 3530 3742 potantia;
3567 3663 3682 3726 nisi

2020 3750 2166 3832 quid
2196 3750 2392 3814 carnis
2423 3751 2733 3813 debilitate
2750 3757 3096 3831 praesumat,
3118 3749 3272 3812 sicut
3306 3767 3580 3813 caenosus
3601 3752 3684 3813 la-

2024 3859 2152 3918 cus,
2185 3840 2442 3922 aliquam
2475 3840 2683 3902 ﬂuenti
2738 3839 2970 3903 deviam
3026 3848 3300 3922 partem;
3363 3859 3433 3902 ex
3463 3840 3680 3921 quibus

2021 3950 2129 4011 ego
2182 3932 2446 3994 rationes
2502 3949 2837 4007 assumens,
2894 3931 3028 3994 illas
3082 3931 3475 4013 mihimetipsi
3521 3937 3682 4012 leges

2021 4020 2213 4083 habeo
2234 4020 2609 4101 scribendas,
2634 4018 2853 4101 quibus
2878 4019 3193 4083 contineor
3222 4028 3281 4083 et
3307 4039 3515 4083 eorum
3548 4040 3681 4103 quae

2022 4108 2185 4171 licita
2214 4117 2352 4172 sunt
2381 4109 2720 4172 facultatem
2753 4108 2971 4172 habeo.

2512 4196 2629 4261 XC.
2663 4197 2740 4261 In
2767 4199 3184 4279 semetipsum.

2104 4287 2336 4351 Divitiis
2365 4286 2670 4350 abundant
2698 4288 2889 4349 multi.
2923 4323 3003 4335 —
3029 4290 3147 4352 Cur
3175 4289 3288 4350 hoc
3310 4289 3485 4351 dico?
3524 4291 3680 4352 Pau-

274 4372 464 4435 amici
491 4372 643 4435 ratio
672 4373 703 4434 ‘?
735 4372 873 4436 Sine
898 4393 1102 4439 errare
1141 4377 1434 4442 volentes.
1485 4377 1578 4440 Tu
1626 4395 1764 4440 vero
1790 4377 1946 4439 bene
1967 4382 2011 4431 D
2031 4394 2204 4458 peres
2219 4377 2381 4440 enim
2413 4386 2662 4439 cunctos
2684 4377 2992 4458 aequaliter
3011 4375 3259 4441 habebit
3283 4378 3566 4456 tumulus,
3586 4378 3680 4441 di-

281 4462 563 4525 lundatus
591 4463 748 4526 hanc
776 4472 986 4547 exopta
1044 4467 1507 4547 possessionem,
1541 4485 1673 4548 quae
1703 4484 1944 4548 semper

283 4550 555 4631 diligenti
586 4571 936 4633 permanere
967 4555 1138 4619 solet.
1192 4554 1310 4618 Sed
1359 4556 1574 4617 fastum
1605 4555 1895 4617 extollunt
1922 4572 1936 4617 :

282 4648 344 4702 et
370 4659 613 4704 rursum
642 4641 1006 4723 deprimunt.
1043 4650 1107 4705 ut
1136 4643 1391 4726 Spiritus
1418 4653 1783 4707 utrem-aere
1813 4644 1940 4724 pri-

280 4739 502 4793 vatum.
539 4728 654 4794 Sed
685 4731 966 4795 libidines
997 4734 1254 4796 excitant
1281 4753 1295 4798 :
1321 4753 1526 4797 verum
1550 4742 1611 4797 et
1647 4751 1938 4796 consum-

281 4819 570 4899 ptionem.
603 4817 651 4883 Ο
681 4821 878 4903 qualia
900 4822 1134 4887 dixisti!
1168 4822 1243 4885 At
1272 4840 1412 4887 vero
1463 4844 1583 4887 non
1627 4820 1939 4885 mendacia

284 4906 522 4973 locutus
568 4926 726 4973 sum.
789 4908 879 4973 Tu
937 4929 1074 4975 vero
1155 4931 1404 4976 recense
1462 4920 1605 4995 quot
1676 4912 1796 4975 sint
1823 4911 1940 4974 alia

368 5078 436 5130 82
461 5103 550 5164 γρ.
578 5081 835 5164 εὐγενῶς.
916 5082 983 5133 8⁸5
1016 5083 1107 5164 νῖσ.
1140 5083 1476 5164 προσεδρεϊαι
1505 5085 1647 5160 πόθι,
1683 5084 1759 5141 ὧν
1801 5081 1967 5142 πολλ.

290 5157 344 5217 δὲ
374 5157 510 5242 φωτί
535 5162 637 5232 τὴν
657 5157 886 5243 ’ἔπαρσιν
916 5163 1163 5226 ἐκκλίνω.

2023 4465 2195 4541 vites,
2231 4465 2593 4541 mediocres,
2644 4465 3081 4547 inferioresque
3123 4483 3193 4527 ac
3241 4465 3678 4546 pauperrimos.

2023 4556 2197 4619 Nunc
2226 4562 2425 4617 autem
2454 4554 2541 4617 eis
2571 4554 2876 4635 paululum
2906 4555 3115 4616 ludere
3161 4554 3461 4634 permitte,
3487 4555 3683 4619 donec

2022 4662 2089 4707 se
2118 4662 2330 4707 manus
2377 4661 2589 4705 vacuas
2632 4642 2859 4705 habere
2920 4642 3199 4706 sentiant.
3240 4677 3303 4689 —
3345 4643 3561 4707 Multos
3617 4644 3681 4707 in

2020 4733 2202 4795 altnm
2234 4732 2523 4795 sublimes
2554 4733 2812 4794 evehunt
2842 4732 3067 4794 throni.
3129 4769 3207 4779 —
3263 4730 3387 4812 Ego
3433 4752 3574 4795 vero
3604 4734 3681 4797 de

2021 4831 2181 4884 terra
2202 4821 2345 4884 olim
2369 4822 2711 4903 plasmatus,
2739 4820 2815 4883 ad
2849 4828 3069 4884 terram
3111 4821 3336 4884 inclino
3358 4820 3676 4885 deorsum-

2022 4930 2138 4993 que
2167 4929 2415 4975 manere
2439 4912 2594 4975 volo.
2649 4910 2835 4974 Multo
2883 4910 3206 4993 splendore
3251 4911 3679 4974 circumdatam

2049 5080 2115 5131 84
2142 5080 2224 5147 ἴσ,
2258 5081 2512 5146 εὐκόλως.
2596 5082 2661 5132 85
2688 5080 2769 5143 ἴσ.
2801 5083 3019 5162 γράφειν
3049 5081 3186 5163 ἔχω.
3272 5080 3338 5132 86
3364 5083 3448 5145 ῗσ.
3496 5083 3682 5161 πολλῷ

1656 5295 1919 5363 Matthmi
1946 5296 2111 5361 Busti
2138 5303 2317 5364 notaa.

376 5464 663 5550 (45)_va_
694 5481 793 5550 01;
845 5480 1157 5550 κρατοῦμσι.
1230 5470 1485 5536 Versum
1554 5467 1677 5532 340
1745 5485 1945 5550 quaere

290 5547 565 5631 unum“
580 5595 609 5631 ,_
624 5546 710 5611 ibi
737 5550 826 5607 καὶ
852 5546 948 5616 τὰς
977 5546 1269 5631 αὐγούστας
1298 5555 1396 5619 ὡς.

370 5626 504 5707 (46)
548 5629 840 5689 Πλουτοῦσι
894 5626 1110 5712 παλλοί.
1139 5632 1381 5699 Littera;
1420 5650 1465 5712 Va
1512 5640 1572 5695 et
1618 5629 1657 5693 δ
1711 5645 1941 5712 reprae-

292 5714 532 5770 sentant
558 5727 847 5792 personas
865 5710 1096 5793 Dialogi
1123 5714 1292 5794 cujus
1311 5711 1585 5778 umbram
1609 5713 1708 5775 hic
1727 5709 1940 5774 habes.

2029 5469 2327 5551 Numeros
2343 5468 2735 5551 sequentibus
2757 5468 2822 5531 in
2839 5469 3108 5551 margine
3133 5467 3353 5533 frustra
3369 5485 3679 5551 apponere

2026 5548 2218 5610 nolui.
2247 5548 2446 5614 Nulla'
2476 5548 2636 5642 enim
2682 5549 2842 5642 inter
2863 5550 3047 5642 libros
3092 5548 3427 5642 impressos
3453 5548 3511 5642 et
3540 5549 3680 5642 cod2

2027 5647 2297 5773 manusc.
2331 5630 2595 5694 occurrit
2621 5632 2878 5714 amplius
2909 5630 3246 5696 differentia
3288 5638 3574 5714 quantum
3605 5632 3681 5699 ad

2027 5727 2096 5771 or
2140 5727 2325 5773 mem.

2027 5727 2300 5773 ormnem
2309 5757 2325 5774 ο
