4156 6380
454 358 607 423 1187
1701 350 2025 417 JOANNIS
2065 350 2095 412 Ε

2217 350 2633 416 HAITENSIS
3697 353 3727 417 1
3743 353 3858 419 188

681 513 749 561 ,ις
783 489 1053 557 αὐθαδείας
1085 489 1229 556 ἀξίαν
1260 487 1429 554 διδοὺς
1464 486 1615 555 δίκην
1650 507 1662 521 ·
2123 496 2165 545 Α
2392 489 2489 546 Καὶ
2520 488 2686 567 ψῆρες
2706 486 2990 567 ὀξύφωνον,
3023 485 3159 544 ἀλλὰ
3186 474 3495 569 κουφόνουν.

653 567 805 640 ηΟθεν
847 580 1107 647 ταπεινὴν
1152 578 1445 659 ἀσφάλειαν
1478 575 1738 655 ἐκλέγων,
2398 578 2615 659 Τούτοις
2646 576 2951 655 λογισμοῖς,
2989 577 3075 632 καὶ
3103 576 3284 654 λόγοις

644 676 787 746 Πεζῇ
817 667 1011 746 βαδίζω
1055 670 1216 740 πεζὸν
1248 669 1322 724 ὢν
1355 673 1499 740 ζῶον
1549 666 1699 747 φύσει
1736 682 1749 696 ⁸
2395 648 2570 744 ’Ἇγων
2600 665 2834 740 ἆμαυτὸν
2859 663 2943 745 9ί,
2975 664 3267 742 ἐκπεραίνω
3295 666 3386 721 τὸν
3413 666 3548 741 βίον.

654 765 789 815 nam
819 758 917 833 μὲν
946 758 1043 815 οὒκ
1073 755 1313 820 ἄποπτος
1344 759 1418 821 ὡς
1450 756 1510 812 ἐκ
1539 756 1643 812 τῶν
1675 751 1807 823 ἅνω,
2395 820 2418 833 ﬂ
2702 744 2833 831 4'A'.
2875 774 2899 811 α
2930 744 3024 818 Εἷς
3071 754 3277 817 ἑαυτόν,
3321 778 3344 812 υ

647 820 880 925 ῌολλοιϊς
924 845 980 903 δὲ
1007 848 1095 903 καὶ
1139 847 1373 904 κάτωθεν
1401 844 1476 902 ὣν
1506 820 1859 923 ἐγνωσμένος,
2395 820 2636 901 νΕλκουσι
2680 820 2871 921 βαθμοὶ
2907 859 2920 873 ⁸
2954 866 3249 925 προσσχες,
3282 844 3442 923 ἀθρόα
3470 844 3607 915 ζάλη
3640 862 3655 875 ⁸

646 920 701 1015 ςξ)
747 944 932 1013 μεῖζον
964 935 1088 993 οἶδα
1133 934 1336 1011 μᾶλλον
1383 937 1455 1000 εἰς
1499 920 1754 1012 εὗδοξίαν,
2391 933 2570 1015 Ψῆφοι
2600 920 2843 1013 φέρονται
2877 948 2892 963 ⁶
2940 920 3207 1014 «ungo-cpi}
3234 920 3551 1011 καταιγίδων
3588 951 3604 966 ⁶

652 1012 807 1087 εὅταν
834 1050 915 1092 τις
945 1029 1099 1092 αὐτὸς
1131 1026 1191 1082 ἐκ
1234 1033 1491 1085 ταπεινοῦ
1535 1025 1737 1106 χωρίου
2390 1012 2574 1101 Θρόνοι
2605 1012 2853 1080 καλοῦσιν
2889 1043 2901 1054 ⁸
2935 1022 2981 1078 ὧ
3008 1012 3326 1100 κυϐερνῆται,
3360 1020 3525 1097 βλέπε
3572 1039 3593 1058 ⁶

642 1119 780 1198 [lpos
810 1116 942 1193 ὕψος
972 1115 1277 1196 ἐκτείνοιτο,
1310 1117 1397 1172 καὶ
1429 1101 1577 1190 ’δοκῖξδ⁷
1604 1101 1798 1193 μέγας,
2398 1101 2551 1190 Ὀρᾷς
2584 1108 2709 1174 ὅσος
2739 1109 3006 1168 κύκλωθεν
3036 1110 3237 1190 ἠγέρθη
3269 1107 3473 1167 κλύδων
3507 1130 3523 1190 ς

650 1190 1134 1286 ζίὶσπερκολοσσὸς
1170 1190 1345 1281 μῆκος
1373 1206 1574 1261 οἰκεῖον
1609 1190 1896 1285 δτφέρων,
2388 1204 2649 1278 Σπεῦσον,
2679 1201 2860 1276 βοήθει
2905 1216 2918 1230 '
2954 1198 3196 1270 κλύζεταί
3225 1201 3400 1255 σοιτὸ
3433 1200 3661 1280 σκάφος.

645 1297 745 1374 ξαὶ
773 1285 939 1371 μήδὲν
968 1296 1040 1359 εἷς
1070 1292 1261 1374 δίαρμα
1290 1294 1507 1374 χρῄζων
1538 1299 1632 1351 τοῦ
1660 1293 1848 1353 τόπου.
2389 1285 2566 1345 Λαϐοῦ
2588 1286 2653 1337 92
2677 1287 2843 1345 τάλαν
2872 1289 3105 1368 τάχιστα
3134 1294 3240 1344 τῶν
3272 1294 3376 1345 σῶν
3408 1289 3632 1363 οἰάκων,

649 1368 790 1442 εὅσοι
817 1382 871 1439 δὲ
899 1368 1231 1459 κομπάζουσι
1276 1368 1530 1461 βαθμοῖς,
1581 1384 1667 1439 καὶ
1712 1384 1941 1462 θρόνοις,
2391 1382 2590 1448 Λακοῦ,
2624 1376 2874 1457 λογισμὲ,
2907 1378 3027 1457 πρὶν
3053 1375 3118 1426 93
3151 1380 3518 1457 παραχθὼμεν
3548 1378 3659 1454 βίᾳ.

645 1476 799 1531 Οὗτοι
827 1471 1053 1530 κολοιῶν
1099 1470 1251 1529 αὒδέν
1280 1473 1379 1528 εἰσι
1410 1470 1649 1549 βελτίους
2395 1472 2457 1549 ΔΗ
2486 1474 2588 1523 ποὺ
2614 1490 2665 1523 τι
2708 1466 2848 1541 κάμέ
2878 1480 3174 1543 συμπονεῖν
3206 1464 3507 1545 ἐπιτρέπεις
3532 1486 3548 1546 ;

641 1562 790 1642 ῌέγα
819 1563 1148 1642 φρονούντων
1192 1561 1252 1617 ἐκ
1277 1544 1499 1640 πτερδτς
1524 1560 1847 1640 ἀλλοτρίοις,
2394 1544 2485 1619 Ὠς
2518 1555 2610 1613 σῦν
2641 1554 2874 1621 κελεύεις
2902 1557 3174 1630 πείθομαι.
3211 1556 3307 1612 Καὶ
3332 1544 3402 1622 7δή
3433 1544 3556 1634 λέγέ
3591 1573 3607 1589 ⁸

642 1639 744 1707 Ὠν
767 1652 802 1718 ἡ
832 1639 994 1707 πάλιν
1029 1650 1261 1727 ψίλωσις
1290 1639 1534 1725 αἶσψύνει
1568 1639 1753 1709 πλέον.
2372 1645 2467 1727 ⁴Σὺ
2497 1644 2596 1712 τὴν
2628 1650 2851 1701 σεαυτοῦ
2881 1646 3120 1719 κοσμίως
3151 1642 3329 1720 βάδιζέ
3372 1667 3489 1719 μοι.

643 1739 759 1798 Τῶν
787 1738 851 1789 88
877 1723 1176 1818 προσθέτων
1206 1740 1306 1818 γὰρ
1353 1723 1658 1818 χρωμάτων
1690 1744 1758 1814 τῇ
1816 1738 2102 1817 συγκρίσει,
2372 1723 2577 1813 ⁸Ἀρκεῖ
2619 1734 2720 1813 γὰρ
2750 1734 2810 1790 ἃν
2836 1731 3097 1790 κάλλιστα
3140 1734 3227 1789 καὶ
3256 1734 3453 1800 ταύτην
3478 1732 3710 1814 δράμῃς,

648 1830 735 1892 Εἷς
767 1836 951 1905 μεῖζον
995 1828 1235 1906 ἐξάγουσι
1266 1828 1365 1894 τὴν
1394 1827 1684 1907 ἀμορφίαν.
2122 1822 2161 1872 Β
2382 1826 2607 1897 Βαθμῶν
2636 1820 2682 1878 δ’
2705 1823 2919 1879 ἐκείνων
2948 1825 3035 1879 καὶ
3063 1822 3261 1902 θρόνων
3291 1824 3422 1902 πρὸς
3453 1826 3542 1888 οὒς
3571 1825 3769 1904 πτύρῃ,

646 1916 818 1975 Ἀλλὰ
840 1916 905 1968 89
931 1918 1181 1996 κροτήσει
1211 1921 1313 1981 πᾶς
1343 1913 1512 1996 ὄχλος
1554 1916 1678 1979 τοὺς
1708 1914 1763 1995 ἐν
1794 1915 1963 1991 μέσῳ,
2389 1908 2588 1968 Πολλοὶ
2633 1913 2729 1987 μὲν
2774 1911 2907 1980 ἦσαν
2938 1911 3221 1991 ἐγκρατεῖς
3251 1913 3405 1992 χθὲς,
3440 1915 3523 1969 καὶ
3564 1912 3753 1991 πάλαι,

648 2008 823 2087 ἓίπὼν
854 2005 1044 2087 ὄχλον,
1078 2004 1339 2081 βέλτιστε,
1377 2006 1456 2080 μὴ
1488 2006 1635 2076 ζήτει
1665 2003 1850 2063 πλέον.
2390 1998 2588 2059 Πολλοί
2631 1998 2676 2057 δ’
2710 1998 2919 2057 ἔσονται
2950 2000 3251 2080 συῤῥέοντες
3280 2009 3358 2077 τῷ
3401 2002 3609 2080 χρόνῳ,

647 2078 843 2177 ”Οχλος
1179 2093 1336 2175 ἄλλο,
1369 2078 1513 2161 πλὴν
1543 2094 1707 2159 ὅντως
1752 2092 1941 2175 ὄχλος,
2394 2100 2436 2170 ῼ
2469 2093 2557 2147 καὶ
2592 2089 2985 2149 συνεκλείπουσι
3014 2078 3206 2156 πάντες
3233 2092 3288 2148 ἐν
3317 2078 3487 2172 μέρει,

646 2187 780 2249 Βοὲς
808 2185 1066 2247 ἀτάκτους
1094 2196 1212 2247 τοῖς
1242 2189 1489 2263 κρατοῦσι
1521 2183 1856 2263 προσνέμων,
2414 2188 2533 2245 Εως
2563 2183 2964 2252 καταντήσωσιν
2997 2182 3070 2245 εἷς
3098 2183 3275 2238 κοινὸν
3304 2180 3480 2262 τέλος,

643 2268 731 2343 Ὠς
772 2299 1069 2357 προσφορον
1109 2274 1175 2326 90
1204 2275 1460 2353 μείλιγμα
1490 2280 1589 2343 τῆς
1622 2274 1882 2355 ἐξουσίας,
2383 2267 2562 2336 Μηδὲν
2591 2267 2717 2349 παρ’
2759 2269 2933 2325 αὖτῶν
2975 2267 3316 2349 γερδάναντες
3346 2268 3477 2327 ἄλλο
3506 2291 3580 2345 τι,

639 2355 822 2423 Πλέονή
849 2364 903 2421 δὲ
925 2355 1113 2442 μηδὲν
1143 2363 1406 2421 συντελῶν
1451 2367 1554 2420 τῶν
1586 2365 1894 2444 χρησίμων,
2383 2355 2533 2425 Πλὴν
2561 2359 2656 2422 τὰς
2686 2355 2773 2414 ἐπ’
2804 2358 2986 2420 αὖτοϊς
3018 2357 3251 2431 εὐθύνας,
3277 2359 3366 2415 καὶ
3394 2360 3517 2421 τοὺς
3551 2357 3767 2436 λόγους,

643 2454 856 2513 Μᾶλλον
890 2456 988 2532 μὲν
1018 2454 1106 2511 οὖν
1138 2454 1364 2533 μέγιστα
1405 2454 1492 2510 καὶ
1522 2452 1779 2531 βλάπτειν
1809 2451 1982 2532 ἔχων.
2391 2444 2561 2543 ξΙλὲον
2592 2447 2888 2526 πικραίνειν
2917 2445 3134 2525 ὕστερον
3165 2447 3489 2527 πεφυκότας,

651 2551 801 2619 Φυσᾷ
827 2546 927 2625 γὰρ
958 2546 1144 2608 αὐτοὺς
1164 2557 1281 2607 τοῖς
1312 2541 1546 2606 ἐπαίνοις
1576 2542 1860 2617 πολλάκις,
2394 2534 2457 2591 Ἦ
2500 2536 2732 2612 σήμερον
2766 2534 3012 2614 τέρπουσι
3041 2536 3163 2600 τοὺς
3197 2535 3581 2611 κεκτημένους,

639 2620 853 2692 Πείθων
875 2620 1082 2690 άκουειν
1114 2635 1188 2698 ὡς
1218 2631 1440 2699 ἀληθεῖς
1471 2633 1593 2697 τοὺς
1620 2631 1835 2711 λόγους.
2393 2624 2649 2705 Τέρπουσι
2680 2625 2781 2703 γὰρ
2814 2620 2978 2700 [ἀλλ’]
3018 2624 3197 2703 ὥσπερ
3226 2624 3477 2711 ἄνθρακες
3505 2625 3703 2705 βρέφη,

636 2725 697 2781 Οἱ
724 2722 770 2779 δ’
813 2724 940 2779 είσίν
984 2720 1154 2797 οὐδὲν,
1184 2719 1329 2788 πλὴν
1361 2720 1522 2796 μόνον
1554 2722 1696 2777 κενοὶ
1726 2720 1912 2798 ψόφοι,
2391 2716 2523 2778 Τοὺς
2554 2714 2684 2794 πρὸς
2731 2714 2891 2789 μόνον
2937 2715 2998 2769 τὸ
3042 2711 3249 2770 στίλϐον
3278 2710 3757 2797 ἐκθαμϐουμένους,

636 2810 991 2891 Ἐπηρεασταῖ
1017 2817 1122 2867 τῶν
1151 2810 1318 2866 κενῶν
1344 2810 1726 2887 φρονημάτων,
2388 2806 2487 2863 Καὶ
2530 2805 2609 2880 μὴ
2642 2812 2968 2868 σκοποῦντας
3012 2805 3084 2868 ὡς
3116 2801 3233 2882 ἔχει
3265 2805 3353 2860 καὶ
3381 2806 3441 2860 τὸ
3471 2801 3691 2884 φλέγον,

638 2907 894 2973 Ψεῦσται,
926 2898 1142 2972 πλάνοι,
1176 2898 1391 2976 γόητες,
1427 2894 1640 2977 ἀνδράσι
1672 2897 1867 2978 γέλως,
2384 2895 2509 2978 [Ιρὶν
2550 2894 2611 2950 ἃν
2644 2892 2823 2949 παθών
2854 2913 2936 2955 τις
2967 2898 3083 2949 νοῦν
3128 2891 3358 2969 ἐνέγκοι,
3388 2894 3475 2948 καὶ
3507 2893 3691 2969 μάθοι.

638 2989 830 3069 Βόθρος
860 2968 906 3043 θ’
936 2968 1231 3067 ἀνάρθροις,
1262 2987 1352 3049 οἷς
1380 2968 1426 3042 ’ὁ
1454 2968 1716 3043 πιστεύων
1748 2968 1929 3052 ἄνους,
2384 2968 2579 3057 Eata),
2626 2980 2803 3046 καλῶς
2835 2981 3083 3062 εἴρηκας,
3133 2968 3297 3042 Ἀλλᾶ
3339 2983 3439 3061 γὰρ
3466 2968 3624 3040 πόθεν

653 3083 900 3158 Κραυγῆς
933 3075 987 3133 δὲ
1016 3075 1221 3144 πολλῆς
1250 3079 1310 3136 οὗ
1351 3076 1488 3137 πάνυ
1530 3077 1864 3157 φροντιστέον
1890 3095 1903 3109 ⁸
2131 3086 2170 3136 C
2401 3076 2472 3133 Τὸ
2501 3074 2593 3130 σὺν
2635 3069 2894 3129 τάλαντον
2926 3070 3226 3149 ἐμπορευσῃ
3256 3079 3349 3129 τοῦ
3376 3069 3541 3148 λόγου
3573 3093 3588 3153 ;

437 3255 634 3320 devito
665 3257 1107 3329 celsitudinem,
1136 3275 1213 3319 ne
1242 3255 1396 3317 forte
1451 3253 1723 3318 caacitate
1753 3256 2091 3335 perculsus,
2174 3249 2510 3316 curandum
2539 3256 2629 3312 est
2662 3268 2675 3307 :
2712 3253 2958 3310 sturnus
2986 3264 3221 3328 quoque
3244 3247 3545 3325 crepitans
3574 3246 3855 3312 imbecil-

428 3346 652 3427 justam
675 3345 972 3427 superbiae
996 3364 1239 3427 paenam
1260 3344 1454 3421 luens,
1481 3343 1647 3405 humi
1666 3334 1867 3406 cadam
1899 3344 2094 3408 :unde
2175 3341 2266 3404 lus
2294 3348 2407 3405 est.
2441 3337 2547 3400 His
2578 3356 2689 3418 ego
2736 3335 3066 3399 rationibus
3096 3343 3155 3398 et
3203 3334 3570 3415 argumentis
3604 3355 3699 3401 me
3726 3358 3831 3401 re-

436 3435 725 3498 humilem
759 3436 989 3515 eligens
1018 3435 1427 3507 securitatem,
1462 3432 1712 3513 pedibus
1740 3432 1960 3496 animal
1994 3454 2094 3516 pe-
2176 3449 2351 3510 gens,
2399 3429 2578 3492 vitam
2616 3445 2859 3508 perago.

437 3522 2096 3639 9ἐῖδῖῗὲἕνῗίῖῗὲτῖ,ῗῗξ¹έίῗῖ¹⁵-ίὲζ¹ἮῗἮέ¹ἓΨᾋΒῗ¹ζ⁵ἒῖίὶῗ¹ἓ³
2711 3558 2856 3624 XCI-
2907 3559 2981 3620 ιη
3020 3560 3314 3639 seipsum-

433 3622 713 3695 tanquam
738 3612 1218 3694 esuperioribus,
1240 3612 1345 3674 sed
1368 3610 1568 3672 multis
1585 3611 1865 3673 deorsum
1891 3620 2087 3675 notus:

434 3690 591 3783 quod
623 3690 970 3766 melius—ad
1008 3702 1258 3781 gloriam
1294 3718 1428 3763 esse
1479 3699 1630 3775 scio,
1691 3699 1927 3781 quando
1959 3702 2092 3782 quis
2253 3696 2526 3759 Trahunt
2554 3693 2857 3768 honores";
2884 3693 3071 3773 leave,
3115 3690 3285 3753 turbo
3294 3690 3508 3783 _v_elox.
3542 3691 3839 3773 Suffragia

431 3778 560 3871 ipse
591 3809 661 3853 ex
691 3791 974 3854 inferiore
1004 3778 1134 3854 loco
1183 3790 1255 3852 ad
1301 3788 1677 3851 altitudinem
1710 3778 2009 3851 ‘ascendi't
2032 3799 2092 3854 et
2170 3786 2463 3850 feruntur:
2490 3783 3270 3871 conspiranttempestates.
3293 3778 3520 3842 Throni
3540 3790 3776 3844 vocant:
3811 3802 3846 3844 ο

432 3870 682 3960 magnus
730 3888 994 3962 apparet,
1057 3880 1142 3943 uti
1191 3881 1455 3945 colossus
1514 3898 1681 3942 suam
1713 3897 1932 3959 gerens
1961 3881 2089 3944 cel-
2171 3876 2556 3956 gubernator,
2578 3874 2833 3935 intuere.
2859 3870 3666 3962 Yidesnequantussurrexit
3694 3872 3842 3934 ﬁuc-

428 3958 845 4032 situ'rlinemet
873 3969 1020 4031 nihil
1076 3969 1469 4031 elevationem
1519 3987 1553 4029 a
1602 3958 1733 4030 loco
1789 3977 2083 4031 mutuans.
2172 3958 3846 4042 tus?Festina,succurre;immergiturcymba.0cius,in-

432 4055 804 4139 Quicumque
833 4076 974 4119 vero
1003 4057 1285 4138 gradibus
1335 4064 1394 4119 et
1424 4057 1654 4118 thronis
1706 4056 2082 4140 superbiant,
2169 4052 2725 4133 felix,tuumaccipe
2743 4050 3485 4140 gubernaculumﬁccipe,
3512 4052 3686 4126 ratio,
3724 4053 3845 4132 pri-

432 4145 496 4207 hi
519 4146 666 4208 nihil
692 4137 973 4209 meliores
1002 4137 1140 4208 Sunt
1159 4146 1375 4220 corvis,
1401 4145 1502 4227 qui
1529 4145 1739 4227 pennis
1759 4137 2089 4226 gloriantur
2171 4161 2417 4224 usquam
2431 4143 2486 4203 vi
2504 4137 3244 4221 opprimamur.Numquid
3262 4147 3320 4201 et
3336 4158 3432 4201 me
3451 4157 3625 4201 vocas
3638 4141 3712 4203 ad
3729 4142 3827 4203 col
3841 4178 3863 4188 -

428 4234 662 4309 alienis,
695 4243 756 4297 et
776 4255 1012 4299 rursum
1039 4236 1165 4297 istis
1196 4236 1399 4297 nudati
1452 4234 1666 4316 majori
1725 4238 2087 4300 contumelia
2167 4229 2592 4295 laborandum?
2612 4227 3224 4318 Utjubes,pareo.Dic
3246 4247 3411 4318 ergo.
3438 4228 3525 4291 Tu
3540 4230 3855 4311 sapienter

431 4324 912 4388 confunduntur:
948 4325 1307 4387 factitiorum
1341 4323 1500 4386 enim
1539 4323 1803 4385 colorum
1837 4342 2085 4404 compa-
2171 4334 2333 4386 tuam
2364 4320 2603 4383 ambula
2649 4319 2850 4381 viam:
2906 4317 3129 4381 sufﬁcit
3160 4317 3322 4379 enim
3381 4319 3433 4379 si
3489 4337 3620 4380 eam
3654 4319 3846 4400 probe

427 4414 683 4515 ratione,
709 4414 995 4494 majorem
1021 4421 1379 4495 praesentant
1399 4412 1847 4478 informitatem.
1878 4447 1950 4459 -
1971 4414 2088 4477 Sed
2109 4465 2153 4515 Β
2174 4429 2509 4493 percurras.
2546 4408 2853 4473 Graduum
2876 4407 3336 4515 autem'illorum
3362 4426 3430 4469 ac
3483 4408 3847 4472 thronorum

430 4502 525 4564 his
551 4502 650 4584 qui
683 4513 819 4565 sunt
848 4504 907 4564 in
963 4503 1201 4585 publico
1243 4502 1484 4584 plaudet
1532 4501 1727 4563 omnis
1780 4501 1977 4564 turba.
2010 4495 2321 4582 —"quos
2350 4498 2725 4577 reformidas,
2748 4497 2922 4559 multi
2945 4496 3191 4578 quidem
3226 4496 3359 4558 heri
3392 4495 3710 4578 pridiequo
3741 4517 3856 4579 po-

427 4591 686 4655 Turbam
719 4593 970 4655 audiens
1001 4596 1245 4675 optime,
1310 4611 1429 4655 non
1488 4592 1749 4672 amplins
1801 4591 2083 4673 require:
2177 4598 2369 4654 tentes
2401 4598 2587 4659 erant,
2619 4588 2947 4675 muttivero
2974 4598 3511 4649 conrurrentcum
3560 4594 3855 4666 tempore,

430 4680 606 4743 turba
631 4700 890 4763 namque
923 4674 1071 4744 nihil
1127 4681 1287 4744 aliud
1344 4691 1455 4756 est,
1512 4699 1686 4763 quam
1720 4699 1856 4743 vera
1888 4680 2083 4755 turba,
2178 4697 2436 4761 quocum
2460 4679 2638 4740 etiam
2660 4676 2860 4738 cuncti
2907 4674 3201 4738 deficiunt
3222 4674 3286 4735 in
3308 4675 3527 4748 vicem,
3556 4676 3753 4738 donec
3783 4676 3859 4737 ad

429 4769 720 4832 clamores
768 4770 1219 4853 incompositos,
1274 4779 1553 4851 tanquam
1618 4769 1925 4852 proprium
1977 4788 2088 4851 po-
2179 4785 2564 4831 communem
2596 4764 2986 4847 pervenerint
3016 4764 3223 4839 linem,
3260 4763 3409 4824 nihil
3436 4763 3597 4825 aliud
3621 4782 3692 4826 ex
3738 4764 3861 4826 illis

427 4859 662 4923 testalis
693 4861 982 4937 lenimen,
1019 4860 1361 4942 potentibus
1386 4858 1772 4941 distribuens,
1802 4859 1951 4921 nihil
1980 4878 2089 4921 au-
2173 4857 2385 4920 lucrati
2408 4856 2524 4918 nisi
2547 4856 2622 4917 de
2651 4858 2737 4917 eis
2774 4853 3419 4929 rationesreddendas,
3452 4853 3638 4933 magis
3659 4862 3859 4916 autem

425 4956 548 5012 tem
577 4949 651 5011 ad
685 4948 1001 5012 utilitatem
1023 4951 1371 5026 conﬁciens,
1396 4949 1518 5011 imo
1548 4968 1769 5012 nocere
1792 4947 2089 5031 antiquis-
2172 4948 2249 5009 ad
2279 4946 2599 5009 crastinam
2630 4943 2862 5005 ducunt
2911 4942 3409 5022 amaritudinem,
3467 4961 3644 5023 quam
3676 4942 3860 5005 hodie

425 5037 641 5100 simum
668 5038 916 5101 habens.
949 5040 1086 5102 Illos
1109 5058 1367 5119 namque
1390 5058 1548 5120 saepe
1569 5038 1844 5100 laudibus
1892 5038 2084 5114 inﬂat,
2174 5035 2551 5118 possidentes
2583 5032 2906 5095 laatilicant.
2962 5032 3290 5095 Laetiﬁcant
3345 5031 3529 5106 enim,
3557 5032 3664 5094 sed
3696 5031 3862 5094 velut

424 5134 485 5191 et
505 5127 674 5209 quasi
703 5147 872 5191 veros
915 5128 1126 5191 suadet
1183 5128 1391 5191 audire
1430 5128 1785 5208 sermones};
1817 5126 1916 5189 isti
1946 5144 2084 5190 vero
2168 5121 2865 5201 carbonesinfantes,qui
2885 5120 3081 5182 solum
3103 5120 3857 5198 mirantumnitorem,nec

426 5208 577 5280 nihil
607 5227 747 5281 sunt
778 5216 892 5279 nisi
925 5218 1058 5280 vani
1086 5218 1701 5301 strepitus,vanarum
1750 5216 2085 5297 proditores
2167 5213 2699 5301 considerantesse
2719 5210 2897 5271 simul
2939 5210 3163 5301 ignem,
3221 5208 3433 5301 donec
3480 5211 3713 5291 patiens
3743 5209 3856 5271 ali-

426 5305 875 5386 cogitatiouum,
907 5296 1248 5379 mendaces,
1288 5305 1659 5379 seductores,
1695 5296 2078 5387 impostores,
2167 5303 2301 5386 quis
2333 5310 2596 5365 mentem
2623 5300 2889 5362 advertat
2919 5308 2977 5362 et
3019 5300 3233 5363 discat.
3283 5332 3364 5343 —
3388 5296 3568 5374 Esto;
3603 5299 3859 5380 pulchre

427 5394 700 5474 publicus
753 5396 932 5478 risus,
978 5416 1194 5478 puteus
1222 5405 1420 5459 autem
1479 5395 1803 5476 debilidus,
1863 5395 2083 5477 quibus
2166 5393 2389 5456 dixisti.
2425 5391 2542 5454 Sed
2575 5387 2879 5478 quomodo
2915 5397 3053 5478 tuo,
3089 5387 3270 5451 verbi
3297 5387 3525 5478 talento
3584 5389 3855 5469 negotia-

429 5483 675 5545 conﬁdit
693 5475 927 5548 amens.
944 5475 1028 5551 De
1052 5487 1236 5549 multo
1260 5504 1397 5549 vero
1419 5486 1669 5567 strepitu
1691 5475 1809 5546 non
1832 5475 2080 5548 omnino
2167 5482 2328 5546 beris
2348 5480 2380 5541 ‘?
2418 5515 2490 5528 -
2519 5478 2693 5553 Quali
2755 5476 2930 5542 verbi
2978 5477 3233 5554 talento,
3296 5475 3526 5541 habens
3556 5479 3806 5541 verbum
3824 5484 3857 5543 ?

510 5643 572 5693 ⁸⁷
616 5667 700 5723 γρ.
734 5644 899 5724 φέρω.
984 5648 1048 5698 88
1075 5672 1161 5729 γρ.
1195 5646 1549 5728 προσθέντων,
1634 5648 1699 5698 89
1722 5669 1806 5725 γρ.
1834 5654 2104 5725 κρατοῦσι.
2191 5645 2257 5696 90
2286 5668 2349 5726 γρ
2375 5644 2648 5723 μήλιγμα.
2736 5640 2792 5691 9ί
2827 5641 3042 5723 ἐκπεραί
3073 5663 3165 5701 ων.
3257 5639 3319 5690 9ὶ
3348 5662 3435 5721 γρ,
3463 5640 3692 5698 τάλαντο
3716 5640 3849 5725 τάχ.

431 5721 497 5777 93
534 5746 598 5805 γρ
609 5771 622 5787 .
654 5721 1009 5805 παραχώμεν,
