4156 6400
525 320 666 389 1191
1746 315 2069 399 JOANNIS
2111 321 2166 383 Ε

2282 320 2677 385 ΞΙΑΙΤΕΝΒΙΒ
3763 315 3789 379 1
3803 312 3923 377 192

729 450 882 538 Ὀρᾷς
911 462 1011 540 γὰρ
1040 458 1187 517 οὐδὲν
1232 464 1306 518 ὧν
1342 456 1565 535 νομίζεις
1594 456 1906 537 φασμάτων.
2195 468 2237 516 Α
2461 445 2525 512 Ἠ
2556 456 2887 534 πραγμάτων
2916 456 3064 536 φύσις
3094 452 3150 511 δὲ
3178 455 3277 522 τὴν
3305 454 3509 534 τροπὴν
3552 452 3693 532 ἔχει.

719 548 869 606 Οὕτω
897 547 952 606 δέ
980 573 1072 626 μοι
1106 552 1402 623 σκόπησον,
1425 550 1498 613 ὡς
1542 552 1721 626 σαφῶς
1769 546 1977 621 μάθοις.
2478 547 2757 623 Ανορωπος
2786 543 2884 624 ὢν,
2916 544 3181 623 ἄνθρωπε.
3225 541 3391 620 μηδὲν
3422 543 3528 624 φὴς
3571 541 3732 618 μέγα.

717 640 776 721 "1"!
803 636 953 703 δόξαν
996 643 1153 703 εἴπας
1188 661 1205 721 ς
1242 640 1364 719 οὒχὶ
1397 636 1497 705 τὴν
1528 634 1759 705 πλήθους
1788 633 2023 712 πλάνην,
2459 635 2532 690 Οὐ
2574 633 2823 710 πείσομαι
2848 636 2948 713 γὰρ
2977 640 3132 695 τοῦτο
3163 649 3177 663 ⁸
3215 632 3376 712 λῆρος
3404 632 3700 708 κομπάσαι,

720 708 815 783 "HV
845 728 932 784 καὶ
959 708 1290 808 πλανῶνται,
1308 708 1414 783 ’ξιαὶ
1445 724 1714 782 πλανῶσιν
1744 723 1947 804 ἐξίσους
2480 731 2595 786 Εως
2626 746 2706 787 τις
2738 724 2957 798 ἐμπνεϊ,
2989 725 3079 780 καὶ
3105 724 3196 780 τὸν
3223 721 3375 790 ἥλιον
3405 721 3612 798 βλέπει,

724 814 882 873 Οὐδὲν
911 818 1042 896 πρὸς
1065 819 1211 892 ἡμᾶς
1240 823 1399 873 τοῦτο
1420 815 1541 878 τοὺς
1571 811 1903 889 ᾐσθημένους
1933 826 1948 841 ⁸
2458 813 2665 892 Μάρτυς
2692 811 2748 868 δὲ
2778 813 2976 870 τούτων
3004 813 3159 876 αὐτὸς
3190 814 3341 877 οὗτος
3371 815 3399 869 ὁ
3428 814 3664 891 γράφων,

720 902 891 963 Πάλαι
934 906 1033 985 γὰρ
1055 904 1241 985 ἴσμεν,
1284 906 1363 967 τίς
1407 903 1503 979 μὲν
1547 900 1932 981 ἂκρεϐεστάτη,
2454 904 2644 985 ΞΙαθὼν
2689 902 2869 980 μαθών
2898 925 2976 977 τε,
3008 904 3097 960 καὶ
3125 901 3467 980 παλιλλογῶν
3495 899 3616 958 τάδε
3652 921 3666 936 ⁸

718 995 806 1059 Τίς
850 992 895 1050 δ’
928 972 987 1052 όῦ
1005 972 1522 1070 ’ματαίαιδόξαξκαὶ
1549 972 1927 1068 ψευδεστάτη..
2573 972 2701 1072 χθέέ
2731 992 2828 1068 μὲν
2860 972 2995 1049 ἄλλα
3022 995 3109 1049 καὶ
3138 997 3342 1074 φρονῶν
3370 972 3461 1072 iw,
3493 993 3581 1049 καὶ
3611 992 3853 1071 γράφων,

720 1086 857 1163 ligo;
901 1083 988 1140 οὖν
1017 1084 1221 1152 ἐκείνην
1249 1083 1423 1140 πάντα
1454 1081 1474 1123 ί
1507 1082 1783 1137 συντείνων
1811 1081 1969 1137 πόθον
2444 1064 2612 1159 ,θϐναρ
2640 1084 2872 1161 θεωρῶν,
2907 1084 2980 1145 ὡς
3010 1081 3202 1159 ἔοικεν,
3233 1084 3336 1162 οὐχ
3378 1080 3540 1161 ὕπαρ,

720 1152 941 1229 VH.an
970 1172 1143 1253 χαίρω
1167 1169 1290 1248 τῇδε
1320 1177 1388 1247 τῇ
1420 1168 1768 1246 ψευδωνόμῳ,
2456 1152 2767 1251 Τὼνημέχρι
2797 1152 2995 1235 παντὸς
3029 1152 3428 1252 ἐκτροπὴνΙτῶν
3457 1152 3788 1249 πραγμάτων
3821 1185 3835 1198 ⁸

720 1263 906 1318 Δίκαια
936 1264 1126 1324 ποιῶν,
1163 1262 1253 1325 Τίς
1284 1260 1384 1340 γὰρ
1417 1257 1635 1315 εἰδώλου
1664 1257 1848 1337 λόγος,
2457 1260 2555 1316 Καὶ
2597 1260 2694 1327 τὴν
2724 1270 2992 1340 παροῦσαν
3022 1261 3079 1317 εὖ
3119 1264 3454 1317 καθεστῶσαν
3484 1257 3719 1336 βλέπων,

717 1348 866 1416 Ἐξὸν
895 1352 1026 1429 πρὸς
1056 1351 1219 1418 αὐτὴν
1254 1351 1353 1417 τὴν
1385 1347 1634 1419 ἀλήθειαν
1664 1344 1877 1403 ϐλέπειν
1905 1363 1918 1408 2
2454 1348 2562 1415 Τὴν
2602 1349 2775 1428 οὔριον
2818 1351 3041 1425 μάταιος
3070 1351 3165 1407 οὐκ
3194 1350 3501 1409 ἐπεσκόπει.

714 1438 842 1498 Καθ’
873 1440 936 1506 ἧν
966 1438 1074 1517 ἐγὼ
1103 1439 1357 1518 μέγιστον
1393 1439 1643 1515 εὖροίμην
1672 1434 1852 1514 κλέος,
2457 1437 2640 1505 Μέσην
2668 1460 2726 1495 τε
2755 1440 2854 1506 τὴν
2881 1438 3149 1497 θάλασσαν
3192 1438 3350 1496 εἰσέτι
3380 1437 3580 1513 πλέων,

715 1528 949 1593 Αἷωνίως
977 1528 1165 1608 τέρπον
1194 1549 1284 1603 με,
1315 1529 1404 1584 καὶ
1423 1525 1826 1599 πληρεστάτως.
2459 1518 2549 1592 Ὠς
2579 1527 2726 1593 ἐντὸς
2756 1527 2933 1608 ὅρμων
2953 1527 3258 1608 ἐθρασύνετο
3282 1529 3532 1609 φθράσας.

717 1619 788 1675 TE
819 1626 906 1677 νῦν
934 1615 989 1674 δὲ
1019 1619 1205 1696 μικρὸν
1235 1626 1413 1696 τοῦτο,
1459 1616 1549 1672 καὶ
1571 1616 1701 1694 πρὸς
1732 1614 1933 1693 ἡμέραν
2456 1626 2700 1676 Τοιοῦτον
2731 1620 2766 1686 ἡ
2799 1617 3107 1693 βλάπτουσα
3134 1620 3223 1673 τὸν
3254 1624 3373 1674 νοῦν
3403 1618 3666 1696 κουφότης

714 1708 844 1770 Τοὺς
874 1708 947 1771 ὡς
986 1706 1126 1784 μέγα
1158 1704 1473 1785 στέργοντας
1506 1702 1631 1759 αὖτὸ
1657 1701 1911 1773 παιζέτω,
2458 1707 2628 1762 Πείθει
2658 1707 2909 1786 νομίζειν,
2943 1708 3016 1770 ὡς
3048 1708 3237 1763 ἑαυτοῦ
3262 1728 3341 1771 τις
3381 1718 3593 1784 κρατεῖ,

736 1804 853 1858 Εως
885 1795 1127 1852 ἂποπτὰν
1157 1795 1357 1859 πάντας
1386 1793 1573 1871 ἀθρόον
1603 1793 1777 1871 φύγοι,
2193 1786 2231 1834 Β
2457 1800 2554 1857 Καὶ
2581 1799 2670 1856 τὸν
2702 1799 2813 1875 βίον
2844 1801 3070 1874 τίθησιν,
3103 1802 3174 1865 ὡς
3200 1798 3235 1847 5
3276 1799 3418 1874 αὐτῷ
3461 1797 3631 1877 φίλον.

717 1884 1030 1950 Πεισθέντας
1074 1883 1173 1960 ὸψὲ
1196 1881 1230 1932 2
1255 1883 1419 1941 ταύτὰ
1452 1881 1721 1945 κάκείνους
1750 1880 1947 1959 λέγειν’
2453 1890 2552 1946 Τὸν
2598 1889 2769 1945 πάντα
2798 1887 2854 1944 δὲ
2886 1888 3171 1969 στρέφοντα
3203 1888 3492 1967 πανσόφοις
3521 1887 3727 1966 λόγοις,

722 1972 880 2053 Εὖγε,
912 1978 1205 2051 κρατοῦμεν
1236 1988 1253 2004 ⁸
1286 1973 1378 2028 οὐκ
1407 1970 1516 2027 ἔστι
1549 1969 1793 2049 τρικυμία
1826 1989 1842 2006 ⁸
2453 1978 2552 2034 Καὶ
2580 1977 2780 2042 πάντας
2811 1978 3086 2037 εὒθύνοντα
3122 1979 3252 2057 πρὸς
3279 1979 3340 2033 τὸ
3371 1976 3657 2058 συμφέρον,

717 2062 1078 2141 Ἐξημέρωται
1119 2062 1310 2127 πόντος
1341 2060 1692 2139 ἠγριωμένος,
2452 2067 2560 2125 Οὔκ
2588 2066 2790 2124 ἐννοεῖν
2820 2065 3051 2141 δίδωσιν,
3084 2070 3157 2132 ὡς
3189 2071 3249 2127 οὒ
3278 2066 3551 2147 φευκτέος,

720 2151 809 2216 Ἐξ
838 2152 1010 2231 οὖρίας
1040 2153 1068 2207 ὃ
1093 2149 1257 2214 πλοῦς
1300 2171 1357 2206 τε
1387 2156 1465 2223 τῷ
1496 2149 1683 2237 σκάφει
1713 2147 1896 2237 πέλινο
2439 2165 2587 2237 ἰΕως
2616 2155 2787 2213 λαθών
2819 2179 2899 2220 τις
2929 2157 3174 2237 ἐμπέσοι,
3206 2159 3293 2213 καὶ
3336 2157 3455 2237 νοῦν
3493 2154 3645 2213 λάϐοι
3686 2174 3699 2187 ⁸

719 2220 922 2320 Θάῤῥειι,
947 2238 1170 2319 λογισμέ
1201 2255 1215 2269 ⁸
1249 2240 1339 2297 σὺν
1372 2220 1489 2313 Θεῷ
1518 2220 1624 2316 γὰρ·
1644 2236 1916 2313 ἐμπλέεις⁸
2439 2220 2536 2301 ἸΟς
2565 2237 2704 2313 κάμὲ
2746 2238 2917 2293 πάντα
2944 2220 3033 2294 τὸν
3063 2220 3173 2317 πρὸ,
3193 2247 3287 2296 τοῦ
3315 2236 3506 2314 γλυκὺν
3536 2237 3648 2313 βὶον

715 2327 844 2406 Παρ⁹
875 2328 935 2385 οὗ
962 2330 1023 2384 τὸ
1051 2334 1199 2401 νικᾷν
1230 2327 1284 2383 ἐν
1313 2325 1482 2398 ζαλης
1508 2339 1717 2405 καιροῖς
1750 2324 1922 2406 ἔχεις,
2451 2324 2838 2405 Ἀπραγμόνως
2867 2328 3122 2401 ζήσαντα,
3152 2328 3241 2383 καὶ
3270 2325 3563 2404 γαληνίως,

516 2410 644 2498 4Β’.
686 2443 709 2477 α
749 2414 1045 2492 Παλινῳδία
1086 2419 1218 2495 πρὸς
1273 2425 1435 2475 ταῦτα
1480 2415 1612 2492 μετὰ
1654 2414 1753 2482 τὴν
1783 2418 2108 2496 χειροτονίαν
2134 2439 2157 2474 ι
2448 2415 2617 2472 Πάλαι
2647 2438 2704 2472 τε
2734 2418 2929 2497 χείρειν
2960 2423 3089 2473 πᾶσι
3119 2414 3290 2473 τοῖσδ’
3322 2416 3589 2495 εἰρηκότα,

712 2510 822 2567 Οὐκ
848 2506 987 2562 ἐστιν
1016 2507 1153 2575 ἡμῖν
1179 2505 1406 2584 ἀτρεκὴς
1435 2506 1585 2567 οὗτος
1615 2501 1797 2581 λόγος,
2450 2509 2708 2581 Βαθμοϊς.
2741 2518 3116 2584 προπομπαῖς,
3150 2504 3411 2581 ἀξιώμασι
3440 2504 3666 2585 θρόνοις,

712 2599 1014 2662 Ποιητικῶς
1044 2595 1145 2674 γὰρ
1188 2592 1414 2671 λάζομαι
1462 2596 1621 2669 μῦθον
1664 2591 1851 2674 πάλιν,
2447 2597 2590 2675 ᾼύτῃ
2622 2601 2799 2652 κακῶν
2828 2594 2963 2672 ζαλῃ
3007 2616 3064 2652 τε
3106 2598 3194 2653 καὶ
3223 2597 3491 2675 τρικυμία,

712 2682 832 2744 Οὔδ’
862 2672 1189 2760 ἐμπεδούμεν
1233 2684 1300 2741 τὰ
1342 2686 1443 2763 πρὸ
1472 2689 1565 2740 τοῦ
1608 2672 1894 2760 δεδογμένα
1930 2702 1943 2715 ⁸
2446 2672 2539 2741 Ὠν
2583 2683 2941 2765 ἐρπέπλησται
2971 2690 3116 2741 πᾶσα
3142 2672 3267 2750 δόξα
3288 2694 3382 2743 τοῦ
3408 2686 3544 2761 βίου,

714 2772 864 2830 Ἐπεὶ
893 2774 1109 2851 βροτοῖς
1137 2779 1241 2837 πᾶς
1286 2769 1677 2848 εὐμετάϐλητος
1709 2769 1890 2850 λόγος.
2451 2763 2580 2854 ᾙδη
2612 2763 2669 2828 τε
2700 2779 2849 2844 νικᾷν
2879 2775 2951 2837 εἱς
2983 2771 3134 2836 τέλος
3165 2772 3510 2854 πεπειμένον,

729 2860 867 2942 Ἐρῶ
894 2859 949 2917 δέ
981 2858 1206 2937 μᾶλλον,
1241 2863 1314 2926 ὡς
1342 2862 1369 2917 ὁ
1393 2861 1490 2937 μὲν
1518 2859 1677 2938 λόγος
1721 2860 1892 2935 μένει,
2447 2853 2562 2940 (Ὶις
2590 2863 2650 2919 ἃν
2679 2885 2761 2926 τις
2793 2861 2931 2919 ἔνθεν
2964 2866 3049 2926 οἷς
3094 2853 3500 2943 προγέγραπται
3519 2863 3663 2938 τότε,

510 3029 700 3112 gloria
717 3037 773 3092 te
797 3029 996 3103 ducet,
1024 3047 1139 3090 non
1154 3027 1275 3090 diei
1288 3028 1510 3090 tributo
1537 3027 2012 3093 contribuentem
2036 3029 2067 3090 ?
2087 3066 2155 3077 —
2184 3038 2224 3087 C
2248 3030 2409 3092 enim
2432 3029 2780 3093 mortalibus
2797 3037 2887 3093 est
2903 3029 3205 3092 mutabilis
3230 3030 3424 3093 omnis
3446 3048 3666 3094 sermo.
3683 3030 3905 3094 Dicant

511 3118 776 3200 Placide,
799 3117 1028 3194 infelix,
1074 3135 1321 3180 remane
1360 3115 1419 3179 in
1470 3117 1618 3182 locis
1646 3118 1761 3180 tuis
1789 3141 1802 3178 :
1829 3117 1980 3180 nihil
2004 3118 2164 3181 enim
2247 3137 2387 3182 vero
2413 3120 2606 3202 potius
2625 3138 2964 3182 sermonem
2988 3119 3231 3201 quidem
3266 3136 3536 3198 manere,
3554 3121 3660 3182 sed
3689 3138 3898 3182 rerum

512 3228 583 3272 ex
615 3206 1123 3290 phantasmatibus
1151 3207 1338 3270 vides.
1367 3204 1465 3268 Sic
1511 3214 1707 3269 autem
1735 3207 2072 3284 considera,
2102 3216 2167 3269 ut
2248 3223 2516 3271 naturam
2540 3208 2741 3271 subire
2764 3208 3178 3270 mutationem.
3206 3210 3396 3272 Homo
3410 3228 3543 3271 cum
3568 3210 3672 3285 sis,
3690 3210 3896 3284 homo,

511 3297 824 3360 manifeste
857 3296 1173 3359 erudiaris.
1228 3294 1379 3368 Quid
1421 3295 1670 3375 gloriam
1727 3294 2163 3359 dicisiNonne
2248 3298 2396 3360 nihil
2418 3298 2617 3378 magni
2640 3299 2987 3361 dicasznon
3041 3301 3201 3360 enim
3259 3298 3372 3360 hoc
3417 3298 3903 3377 credam:nugae

509 3386 908 3448 multitudinis
938 3403 1229 3461 errorem,
1266 3404 1382 3465 quo
1429 3385 1648 3466 pariter
1683 3384 2063 3466 decipiuntur
2092 3404 2160 3449 ac
2239 3388 2606 3468 jactitantur,
2626 3387 2766 3449 dum
2789 3388 2892 3468 qui
2910 3386 3096 3468 spirat
3116 3406 3185 3448 ac
3208 3388 3396 3450 solem
3418 3387 3653 3467 aSpicit.
3702 3387 3899 3450 Testis

509 3472 1277 3556 decipiuutiNihilhocad
1300 3474 1609 3536 noszolim
1629 3474 1789 3537 enim
1813 3474 2157 3552 didicimus,
2244 3485 2440 3539 autem
2498 3478 2770 3551 istorum,
2832 3476 2934 3557 qui
2990 3495 3122 3556 quae
3172 3494 3380 3556 passus
3429 3476 3641 3538 didicit
3685 3495 3755 3537 ac
3785 3477 3903 3538 ista

508 3582 643 3646 quae
674 3562 961 3646 perfecta,
994 3580 1125 3644 quae
1150 3580 1299 3624 vana
1354 3562 1651 3643 fallaxque
1705 3563 1784 3624 sit
1810 3562 2037 3643 gloria:
2070 3564 2160 3627 Ad
2245 3566 2584 3648 refert;qui
2605 3565 2848 3646 quidem
2881 3565 3009 3627 heri
3031 3565 3144 3627 alia
3157 3565 3449 3627 sentiebat
3469 3584 3537 3627 ac
3568 3565 3895 3646 scribebat,

506 3653 671 3715 illam
701 3652 879 3732 igitur
900 3671 1077 3714 omne
1104 3652 1472 3714 contendens
1494 3651 1883 3728 desiderium,
1917 3652 2164 3716 minime
2246 3654 2545 3717 somnium
2576 3654 2807 3729 videns,
2844 3662 2906 3715 ut
2927 3662 3194 3734 apparet,
3245 3673 3365 3715 non
3414 3653 3638 3717 realem
3671 3654 3895 3728 visum,

509 3742 586 3805 de
606 3743 717 3804 hac
750 3741 904 3804 male
932 3748 1143 3804 vocata
1170 3741 1421 3820 gaudeo.
1481 3740 1553 3803 Et
1608 3741 1845 3804 merito.
1880 3740 2160 3815 Quanam
2245 3763 2445 3806 rerum
2473 3743 2876 3806 omnimodam
2930 3743 3383 3823 explicationem
3436 3752 3495 3805 et
3539 3750 3899 3823 praesentem

511 3829 671 3891 enim
702 3827 958 3892 deidolo
980 3830 1130 3891 ratio
1175 3829 1449 3892 habenda
1496 3840 1609 3911 est,
1643 3849 1778 3892 cum
1804 3830 1998 3910 ipsam
2018 3831 2169 3896 veri-
2251 3833 2462 3895 videns
2491 3832 2926 3910 conﬁrmatum,
2956 3831 3274 3911 crastinam
3306 3849 3487 3892 vanus
3528 3850 3648 3892 non
3694 3830 3903 3893 intue-

514 3925 692 3981 tatem
721 3918 1065 3999 prospicere
1087 3918 1276 3982 licet?
1306 3919 1465 4001 apud
1511 3904 1688 4000 quam
1717 3904 1941 3982 utinam
1973 3920 2167 3983 maxi-
2251 3921 2445 3990 batur.
2474 3931 2533 3984 et
2563 3920 2760 3983 medio
2794 3904 2943 3982 mari
2967 3904 3268 4000 navigans,
3300 3928 3364 3981 ut
3387 3921 3509 3999 jam
3569 3920 3630 3981 in
3662 3928 3905 4000 portum

510 4023 674 4067 mum
697 4005 995 4069 inveniam
1023 4006 1427 4087 splendorem,
1481 4016 1711 4070 aeterne
1747 4008 2042 4089 pleneque
2067 4027 2165 4071 me
2248 4011 2573 4092 ingressus,
2599 4027 2847 4072 securus
2870 4020 3019 4071 erat.
3045 4007 3170 4071 Sim
3196 4018 3458 4071 mentem
3482 4010 3692 4071 ludens
3715 4007 3908 4070 mobi-

508 4093 904 4157 delectantem
932 4094 946 4154 !
980 4094 1131 4158 Illud
1154 4104 1352 4159 autem
1383 4096 1540 4177 quod
1593 4096 1893 4158 modicum
1925 4116 1995 4159 ac
2028 4117 2161 4159 mo-
2245 4100 2381 4163 litas
2406 4108 2681 4180 reputare
2721 4098 2930 4161 suadet
2958 4117 3257 4180 quemque
3286 4099 3379 4161 sui
3427 4098 3735 4160 dominum
3766 4115 3909 4160 esse

511 4191 893 4247 mentaueum
928 4192 1041 4260 est,
1083 4193 1351 4247 amantes
1399 4186 1595 4266 ipsum
1655 4186 1825 4266 quasi
1883 4205 2162 4267 magnum
2245 4190 2564 4271 vitamque,
2586 4189 2740 4251 sicut
2792 4188 2907 4270 ipsi
2955 4188 3177 4249 bonum
3238 4194 3349 4264 est,
3411 4195 3694 4251 statuere.
3725 4186 3905 4250 Illum

509 4272 731 4355 aliquid
765 4272 985 4373 laudat,
1010 4274 1202 4373 donec
1220 4293 1252 4336 e
1274 4283 1598 4373 conspectu
1620 4275 1795 4373 plane
1826 4277 2164 4373 fugia_t_om-
2185 4323 2230 4373 Β
2248 4287 2442 4341 autem
2475 4280 2577 4373 qui
2607 4284 2821 4373 cuncta
2847 4277 3218 4373 sapientibus
3246 4278 3421 4339 vertit
3456 4277 3809 4373 rationibus,
3844 4286 3911 4338 et

509 4379 644 4439 nes,
681 4380 816 4425 sero
843 4363 1051 4426 doctos
1082 4371 1140 4426 et
1170 4366 1334 4442 ipsos
1366 4364 1576 4429 eadem
1605 4366 1847 4428 dicere:
1874 4399 1951 4410 -—
1973 4367 2159 4445 Euge,
2185 4363 2226 4373 ”
2248 4387 2457 4431 omnes
2486 4368 2560 4430 ad
2592 4367 2909 4430 utilitatem
2939 4364 3167 4448 dirigit,
3218 4386 3338 4429 non
3369 4367 3628 4446 cogitare
3659 4365 3780 4439 dat,
3812 4373 3910 4426 ut-

510 4461 895 4534 praestamus:
914 4454 1037 4534 jam
1084 4473 1200 4515 non
1233 4462 1326 4517 est
1351 4462 1700 4535 tempestas.
1726 4454 1992 4527 Quiescit
2020 4472 2164 4516 exa-
2248 4466 2386 4539 pote
2406 4457 2509 4539 qui
2535 4476 2652 4519 non
2674 4455 2990 4535 fugiendus
3013 4464 3124 4537 est,
3145 4458 3340 4519 donec
3358 4457 3490 4537 quis
3512 4454 3910 4519 absconditus

508 4548 780 4622 speratus
811 4553 1047 4622 pontus,
1075 4543 1336 4624 navique
1354 4562 1562 4605 cursus
1600 4544 1818 4606 iterum
1844 4561 2165 4625 prosperus
2249 4547 2442 4625 cadat,
2469 4555 2523 4609 et
2549 4553 2810 4609 mentem
2836 4544 3181 4617 sumat.Qui
3204 4565 3298 4607 me
3318 4544 3906 4628 quoque,quitotam

509 4631 704 4693 datur.
753 4635 966 4707 Macte,
1011 4632 1201 4709 ratio;
1238 4632 1361 4695 Deo
1386 4632 1561 4715 duce,
1585 4634 1684 4714 qui
1710 4643 1765 4695 te
1783 4632 2070 4696 victorem
2100 4631 2163 4693 in
2246 4636 2422 4698 vitam
2454 4637 2709 4717 quietam
2742 4634 2906 4709 duxi,
2960 4634 3434 4715 jamdudumque
3493 4634 3587 4696 his
3620 4631 3909 4695 omnibus

510 4727 924 4801 tempestatum
956 4723 1239 4802 angustiis
1270 4722 1597 4804 praestabit,
1626 4722 1888 4802 navigas.
2241 4725 2661 4800 valedixeram,
2690 4722 3280 4804 gradibus,;pompis,
3304 4722 3709 4803 dignitatibus,
3732 4722 3912 4783 thro-

561 4813 738 4877 XCII.
764 4813 1103 4879 Palinodia
1130 4833 1319 4897 super
1344 4816 1441 4879 his
1464 4824 1599 4897 post
1626 4815 2097 4879 ordinationem.
2241 4814 2358 4891 nis,
2390 4814 2506 4896 ipsi
2537 4811 2874 4895 tempestati
2924 4811 3271 4893 turbinique
3328 4814 3645 4887 malorum,
3682 4809 3911 4891 quibus

588 4902 719 4965 Non
752 4912 841 4965 est
870 4913 1067 4968 rectus
1097 4905 1272 4968 nobis
1300 4905 1400 4967 hic
1460 4924 1658 4967 sermo
1687 4923 1701 4969 :
1744 4905 1980 4986 poetice
2010 4921 2175 4965 nam.
2257 4911 2470 4968 cuncta
2494 4905 2630 4967 vitze
2658 4905 2845 4982 gloria
2867 4900 3156 4981 repletur,
3190 4908 3249 4965 et
3270 4903 3395 4983 jam
3419 4902 3482 4965 in
3513 4902 3632 4963 ﬁne
3662 4901 3913 4961 vincere

507 5009 626 5075 que
655 5010 895 5057 resumo
926 4993 1104 5073 dicta,
1138 5013 1254 5059 nec
1293 5002 1430 5058 ante
1472 4994 1700 5076 prolata
1720 4993 2032 5056 confirmo.
2066 4991 2174 5054 Et-
2257 4992 2630 5058 confidebam
2671 4995 2972 5075 (tanquam
3003 4998 3069 5054 ut
3121 4992 3256 5073 quis
3302 4992 3444 5055 hinc
3499 4990 3718 5072 quibus
3745 5005 3913 5070 prae-

587 5177 606 5224 ‘l
657 5198 744 5254 γρ,
777 5186 1070 5237 συντεῖνον.
1156 5172 1189 5223 2
1217 5173 1524 5255 γροξταῦτα.
1609 5173 1643 5223 5
1669 5196 1757 5253 γρ.
1787 5175 1950 5248 αὐτῷ.

1858 5352 2114 5417 Μδιιὶιωὶ
2141 5352 2308 5418 Busti
2339 5362 2515 5417 notae.

506 5524 652 5585 οὐδὲν
695 5528 771 5581 ὧν
821 5524 997 5609 duxisti
1023 5523 1421 5609 ocio’hsids'vau.
1471 5524 1664 5609 Atque
1702 5523 1963 5609 _eosdem
2029 5542 2147 5587 ver-

2278 5523 2426 5609 .rde
2483 5524 2786 5609 Methodo,
2825 5525 2977 5609 haec
3031 5526 3279 5609 insuper
3335 5536 3643 5604 attexens,
3706 5527 3919 5609 ὄνειρον

508 5624 608 5667 sus
629 5613 837 5688 contra
864 5602 1145 5688 stolidum
1181 5603 1352 5667 illum
1383 5602 1752 5688 antiquitatis
1779 5612 2149 5688 contempto-

1383 5602 1752 5688 antiquitatis
1779 5612 2161 5688 cogntempto-
2245 5608 2507 5688 ὀρέστειον
2549 5604 2735 5687 διηγῇ,
2767 5606 3021 5671 Θέσσαλε.

509 5703 640 5752 rem
667 5684 1020 5749 Thessalum
1052 5692 1384 5767 opportune
1415 5684 1727 5769 usurpavit
1763 5684 2158 5750 Galenus'lib.
