4156 6382
270 394 422 461 1193

465 530 680 589 Μᾶλλον
711 530 758 587 δ’
785 532 989 590 ἐκεῖθεν
1021 533 1109 596 οἷς
1141 534 1540 615 προπέπρακται
1571 534 1750 615 μάθοι)

463 621 559 678 Καὶ
587 618 652 688 δὴ
682 623 814 699 πρὸς
843 620 975 696 ὕψος
1006 636 1198 702 χεῖρας
1222 622 1489 703 ἐξαίροντά
1517 645 1608 699 με,

462 710 558 765 Καὶ
587 707 652 776 δὴ
682 716 974 789 κρατοῦντα
1016 709 1278 786 σύμϐολον
1308 714 1456 779 νίκης
1488 711 1649 793 μέγα,

454 798 663 863 Φθάσας
692 805 922 878 κραταιᾷ
951 802 1096 880 χειρὶ
1125 808 1214 858 νῦν
1245 799 1626 880 συλλαμϐάνει,

458 887 557 968 ξςαὶ
585 889 682 957 τήν
728 887 1006 963 ἄκαμπτον
1037 887 1250 968 καρδίαν
1276 891 1494 966 κάμψας
1535 891 1641 967 βίᾳ,

457 957 626 1053 νΛγει,
659 975 802 1055 φέρει
831 997 912 1055 τε,
945 979 1032 1033 καὶ
1060 957 1262 1044 τίδησιν
1293 980 1365 1042 εἷς
1397 957 1579 1054 μέσον.

455 1067 556 1122 Τὸν
585 1063 834 1146 ἐκφυγεῖν
863 1063 1081 1132 δόξαντα
1109 1073 1212 1124 πᾶν
1242 1065 1345 1135 ἤδη
1378 1068 1562 1144 μέσον.

451 1159 566 1210 Τῶν
595 1155 714 1233 πρὶν
759 1152 802 1209 δ’
834 1154 1047 1211 ἐκείνων
1081 1155 1322 1214 ἆστάτων
1357 1156 1632 1232 ἐνυπνίων,

455 1243 552 1298 Καὶ
581 1246 687 1297 τῶν
730 1241 1026 1322 λογισμῶν,
1059 1248 1147 1307 σῖς
1177 1245 1400 1320 ἐμαυτὺν
1431 1247 1702 1326 ἐκράτουν,

452 1329 871 1388 Κατεσκέδασται
901 1333 1152 1412 σύγχυσίς
1180 1355 1284 1414 τις,
1317 1337 1404 1391 καὶ
1434 1335 1615 1415 ζόφος,

449 1417 552 1474 Οςῖ..
731 1427 756 1437 ~
1164 1426 1179 1442 η
1254 1425 1268 1442 \
1349 1423 1363 1442 9
1453 1424 1464 1446 Ι

497 1441 600 1474 διω
630 1427 761 1476 Θεου
791 1420 1092 1502 σφήλαντος
1124 1444 1310 1486 αυτους
1341 1426 1550 1502 αθροον,

449 1505 598 1563 Οῧτω
630 1515 759 1565 Θεοῦ
788 1509 1042 1589 φύραντος
1074 1509 1283 1588 ἀρρήτῳ
1310 1513 1516 1590 τρόπῳ,

451 1597 548 1654 Καὶ
577 1597 751 1653 πάντα
779 1597 1132 1678 συγχέαντος,
1167 1601 1240 1663 ὡς
1273 1600 1508 1678 ἀγνωσία

447 1683 702 1762 Σέϐοιμὲν
727 1687 906 1762 αὖτὸν,
939 1689 1012 1752 ὥς
1041 1711 1123 1753 τις
1167 1690 1292 1746 εἷπε
1321 1698 1427 1748 τῶν
1458 1690 1622 1749 πάλαι

405 1773 711 1854 Ἀλλότριος
743 1777 841 1852 μὲν
868 1777 1018 1856 (49),
1055 1777 1196 1846 πλὴν
1227 1778 1404 1843 καλῶς
1433 1779 1603 1838 δοκῶν
1632 1783 1813 1861 φάναι.

449 1873 551 1924 T06
579 1866 840 1940 Θαύματος
871 1867 970 1945 γὰρ
1000 1865 1140 1924 ἔνθεν
1174 1869 1317 1944 αὒτῴ
1344 1870 1404 1926 τὸ
1433 1868 1616 1950 πλέον,

451 1951 546 2040 ἰΕκ
573 1959 672 2021 τῆς
700 1952 927 2011 ἀϐύσσου
943 1961 1048 2012 τῶν
1076 1955 1288 2026 ἀδήλων
1315 1959 1612 2040 κριμάτων,

447 2030 542 2097 Ὠν
573 2041 712 2100 εἶδεν
744 2041 903 2109 οὐδεὶς
945 2046 1066 2110 τοὺς
1097 2030 1421 2124 ἀπορρήτόυξ
1452 2030 1645 2126 λόγους
1679 2068 1696 2086 ⁸

446 2133 544 2192 Οἷς
589 2131 710 2196 εἶξα
737 2131 887 2208 κάγω
921 2135 938 2162 ⁴
970 2133 1058 2190 καὶ
1100 2134 1150 2188 τί
1175 2135 1274 2212 γὰρ
1297 2138 1486 2191 παθεῖν
1516 2133 1640 2215 ἔδει,

445 2221 533 2282 Εἰς
574 2223 665 2276 τὸν
697 2218 952 2288 δυνάστην
983 2220 1284 2296 ἐμπεσόντα
1304 2224 1396 2278 τὸν
1427 2222 1634 2304 μέγανς

445 2311 640 2390 Ωὖκοῦν
670 2308 966 2389 ἐκάμφθην,
1000 2311 1088 2366 καὶ
1115 2312 1395 2390 κρατηθεὶς
1429 2311 1568 2368 ἂπαν

449 2388 710 2465 ι1⁸πῆλοον
884 2405 974 2455 τοῦ
1004 2388 1161 2478 ζυγοῦ
1178 2401 1238 2456 τὸ
1281 2401 1486 2481 φορτίον
1521 2417 1535 2431 ⁸

444 2488 542 2570 lia!
571 2487 768 2566 μάρτυς
800 2489 905 2564 είμὶ
947 2494 1038 2545 τοῦ
1068 2492 1398 2570 πανισχύρου
1425 2491 1672 2570 κράτους,

444 2561 506 2632 "0
535 2561 700 2655 ῥᾷστα
728 2583 901 2634 πᾶσαν
937 2561 1447 2660 ἐκϐιάζεταιηφύσιν,

441 2664 548 2724 Κᾶν
592 2665 894 2745 σκληρότης
924 2689 1003 2724 τις
1047 2669 1366 2748 αὐτόχρημα
1393 2670 1651 2750 τυγχάνοι

441 2753 588 2812 Ἀλλ’
607 2755 664 2812 οἵ
706 2777 786 2820 τις
821 2760 985 2836 αὐχεῖ
1014 2756 1224 2836 στεῤῥὸς
1249 2759 1391 2816 εἶναι
1419 2761 1510 2824 τὰς
1553 2759 1766 2840 φρένας,

441 2846 538 2902 Καὶ
568 2857 687 2908 τοῖς
716 2843 996 2923 λογισμοῖς
1027 2844 1278 2926 ἀσφαλῶς
1319 2845 1624 2924 βεϐηκέναι,

437 2931 704 2991 Ἐντεωεν
727 2935 791 2989 ἃν
822 2933 1087 2991 παίδευσιν
1119 2935 1376 3015 ἄρχουσαν
1409 2935 1584 2996 λάϐοι.

438 3023 526 3090 Μὴ
557 3022 752 3103 σφόδρα
780 3023 1013 3103 Θαῤῥεϊν,
1049 3022 1184 3100 μηδέ
1227 3026 1489 3082 πιστεύειν
1518 3025 1676 3106 ἄγαν,

1660 391 1958 465 mustis
1997 384 2289 464 IAMBIC!

1941 549 1982 597 Α
2200 521 2299 614 μίΩς
2327 544 2446 597 τοῖς
2490 533 2680 590 ἑαυτοῦ
2701 534 2962 614 χρήσεται
2992 535 3176 592 πάντω
3218 538 3428 612 νὸμοις.

3492 393 3648 470 1194

2198 611 2386 686 Ἀλλος
2419 622 2518 702 γὰρ
2548 611 2714 702 ἡμῖν,
2730 611 2800 687 ’ὃς
2843 624 2905 680 τὸ
2933 630 3040 680 πᾶν
3068 622 3185 704 ἔχει
3228 611 3442 705 κράτος,

2195 705 2324 794 [Ιαρ’
2355 712 2414 766 οὗ
2441 710 2604 786 μόνον
2634 707 2718 767 δεῖ
2746 712 3007 792 προσφυὲς
3036 719 3220 784 ζητεῖν
3262 711 3424 794 πέρας

2199 780 2456 864 iniam;
2486 801 2632 875 ἡμᾶς
2661 780 2858 865 παντὸς
2888 780 3066 881 έργου,
3096 803 3184 859 καὶ
3213 780 3398 884 λόγόυ,

2189 890 2392 952 Παντὸς
2423 895 2622 946 σκοποῦ
2650 909 2706 946 τε
2735 891 2823 946 καὶ
2849 889 3130 970 λογισμοῦ,
3166 893 3254 949 καὶ
3283 891 3496 972 δρόμου,

2190 973 2339 1032 Ἐπεὶ
2367 977 2484 1034 καθ’
2515 979 2672 1034 αὑτὸν
2703 976 2850 1036 οἶδεν
2893 978 3057 1044 οὐδεὶς
3087 981 3149 1036 οὗ
3177 979 3385 1061 τρέχει,

2190 1065 2313 1142 Πρὶν
2343 1066 2406 1122 ἃν
2435 1067 2604 1124 θανών
2633 1088 2714 1131 τις
2743 1079 2937 1147 πεῖραν
2979 1066 3083 1134 ἕξοι
3110 1075 3217 1126 τῶν
3247 1068 3411 1146 ὅλων,

2187 1147 2393 1234 ζΑρχῆς
2425 1157 2579 1231 ὁμου,
2612 1155 2796 1220 τέλους
2824 1178 2883 1213 τε
2911 1159 2999 1214 καὶ
3026 1158 3134 1214 τῶν
3157 1158 3212 1215 ἐν
3241 1159 3391 1234 μέσῳ
3421 1175 3438 1192 ⁶

2191 1220 2262 1298 ’λ’
2285 1220 2399 1324 ἱρὴ
2431 1220 2754 1310 σκοποῦντας
2789 1245 3176 1327 εὐλαϐεστέρως
3206 1220 3379 1328 ἔγειν,

2185 1330 2298 1416 Ἀεὶ
2325 1335 2387 1390 τὸ
2417 1333 2613 1410 μέλλον
2642 1337 2880 1416 χρηστὸν
2912 1333 3330 1412 ἐξαιτουμένους.

2173 1411 2299 1495 4Γ’.
2329 1442 2352 1477 ιι
2388 1424 2476 1485 Εἰς
2519 1425 2617 1491 τὴν
2646 1411 2740 1483 τοῦ
2770 1411 3136 1505 νομοφύλακος
3168 1425 3384 1505 νεαράν.
3422 1451 3450 1482 ι

2181 1509 2348 1574 Αὐτὸς
2375 1514 2651 1582 σκοπήσας
2681 1519 2901 1593 πρᾶγμα
2930 1520 3084 1591 κοινῇ
3111 1515 3398 1595 συμφέρον,

2183 1597 2350 1663 Αὐτὸς
2377 1599 2594 1675 βασιλεῖ
2615 1602 2679 1656 τὸ
2711 1601 2972 1670 σκοπηθὲν
3003 1603 3283 1682 γνωρίσας,

2182 1689 2345 1752 Αὐτός
2375 1709 2432 1744 τε
2463 1690 2674 1769 πείσας,
2708 1690 2864 1753 αὒτός
2895 1689 3038 1747 ἐστιν
3067 1692 3096 1748 ὁ
3125 1692 3365 1771 γράφων.

2179 1799 2207 1831 α
2270 1781 2356 1841 Εἰς
2415 1778 2508 1834 τὸν
2563 1775 2797 1858 δεύτερον
2840 1778 3000 1858 λόγον
3068 1781 3159 1836 τὸν
3216 1781 3288 1843 εἰς
3345 1781 3435 1837 τὸν
3506 1801 3636 1858 τρο-

2613 1869 2924 1948 παιοφόρον,
2978 1891 3008 1923 ι

2184 1959 2321 2037 sua;
2352 1955 2380 2010 ὁ
2411 1955 2597 2034 μικρὸς
2627 1954 2779 2036 ἔργον
2806 1956 3031 2037 ἑσπέρας
3061 1955 3219 2034 λόγος
3253 1972 3268 1986 ⁸

2191 2023 2330 2101 ’ὅθεν
2375 2023 2580 2123 βραγξὺς
2610 2023 2667 2100 τέ
2697 2023 2786 2102 καὶ
2815 2045 2880 2101 τὰ
2909 2023 3041 2125 πρὸς
3072 2023 3203 2113 τέλη
3233 2046 3406 2109 νόθος,

2183 2129 2352 2211 Εἴπερ
2383 2130 2582 2188 δίκαιον
2611 2131 2863 2212 λοιδόρως
2893 2133 3082 2191 καλεῖν
3111 2133 3291 2208 νόθον,

2183 2221 2281 2302 Τὸν
2315 2219 2367 2286 ἐξ
2396 2217 2620 2300 ἀδελφοῦ
2651 2235 2846 2302 μοῖραν
2877 2220 3247 2301 ἠρανισμένον.

2184 2299 2332 2372 ιΕνὸς
2360 2309 2460 2388 γὰρ
2490 2299 2650 2389 ἄμφω
2677 2299 2875 2389 πατρὸς
2908 2299 3056 2375 δ’ντες
3087 2313 3135 2367 οἱ
3163 2309 3340 2390 λόγοι,

1983 1763 2117 1849 4Δό

2181 2395 2500 2479 ζΑδελφικῶς
2528 2397 2766 2477 θαρῤοὗσι
2791 2399 2889 2467 τήν
2930 2399 3230 2460 κοινωνίαν.

1981 2475 2088 2560 4Ε’
2123 2503 2154 2546 (
2181 2463 2294 2544 Ὀτι
2337 2463 2544 2555 άπέστη
2741 2463 2858 2555 τῆς*
2901 2491 3210 2569 συγγραφῆς
3278 2499 3372 2550 τοῦ
3426 2489 3627 2573 χρονο-

2645 2594 2647 2597 '
2667 2579 2891 2660 γράφου.
2928 2600 2953 2636 ι

2180 2655 2236 2723 ’0
2264 2667 2590 2746 συγγραφεὺς
2627 2655 2815 2744 ψεύδος
2847 2667 2944 2744 μὲν
2973 2669 3067 2725 οὒκ
3095 2666 3285 2748 εἴρηκέ
3313 2693 3400 2728 πω
3430 2687 3447 2703 ⁹

2176 2754 2440 2812 Ψεύσαιτο
2470 2755 2616 2831 μέντ’
2645 2754 2707 2812 ἂν
2740 2754 2792 2812 ἕν
2823 2778 2884 2834 γε
2912 2769 3032 2819 τοῖς
3057 2755 3271 2822 λοιποῖς
3301 2757 3482 2840 λόγοις

2173 2841 2324 2929 ρῦτω
2353 2842 2644 2924 φιλούντων
2674 2851 2780 2902 τῶν
2810 2843 3135 2902 κελευόντων
3157 2844 3305 2929 τάδε,

2172 2918 2265 3016 ξὶν
2295 2918 2413 2997 τούς
2443 2933 2645 2990 ἐπαίνοι
2675 2933 2939 3014 ἐντρυφῶν
2966 2935 3029 2991 τὸ
3061 2932 3286 3016 βιϐλίον,

2183 3000 2352 3096 si...
2382 3020 2416 3070 4
2445 3020 2615 3087 ἔδοξεν
2646 3000 2972 3102 ἐνδεὲσοὲερον
2998 3000 3174 3102 λέγειν
3206 3043 3222 3059 ο

233 3189 494 3271 scriptus
515 3191 612 3271 sit,
638 3192 831 3272 potius
843 3199 1038 3257 autem
1065 3194 1233 3257 illinc
1273 3193 1488 3277 quibus
1517 3195 1591 3256 sit
1619 3193 1886 3276 praedes-
1907 3205 1946 3256 C
1971 3185 2153 3250 habet
2175 3188 2524 3268 Potentiam.
2542 3208 2576 3251 a
2592 3207 2708 3271 quo
2728 3197 2955 3252 tantum
2968 3209 3298 3254 nosomnes
3321 3193 3627 3275 proprium

233 3279 484 3355 tinatus,
517 3279 754 3363 discat,)
788 3300 922 3344 cum
947 3283 1070 3362 jam
1103 3283 1163 3345 in
1212 3285 1396 3346 altum
1429 3302 1642 3346 manus
1675 3283 1890 3347 tende-

237 3367 374 3430 bam
409 3377 468 3430 et
497 3389 774 3448 magnum
808 3371 1076 3434 victoriae
1113 3373 1451 3453 symbolum
1497 3373 1887 3454 occupabam,

234 3458 368 3539 ipse
395 3477 575 3520 manu
595 3459 732 3520 forti
755 3461 1126 3541 praeveniens
1143 3463 1412 3544 corripit;
1431 3470 1512 3544 et,
1536 3462 1892 3526 indomitum

235 3547 292 3608 vi
313 3547 566 3610 domans
597 3548 886 3626 animum,
921 3550 1060 3627 agit,
1086 3550 1222 3626 fert,
1261 3559 1320 3613 et
1348 3551 1408 3613 in
1440 3551 1701 3614 medium
1728 3552 1892 3634 ponit

232 3634 404 3698 illum
430 3637 532 3716 qui
552 3638 679 3717 jam
711 3656 888 3700 omne
921 3639 1221 3720 publicum
1249 3640 1531 3721 effugisse
1575 3641 1690 3702 sibi
1719 3641 1893 3722 plane

231 3724 570 3789 videbatur.
603 3725 859 3788 Istorum
892 3736 1088 3790 autem
1125 3731 1487 3792 incertorum
1521 3731 1892 3792 somniorum

232 3821 293 3876 et
305 3816 604 3877 rationum
630 3816 845 3895 quibus
869 3835 964 3879 me
985 3817 1359 3880 continebam
1376 3819 1892 3881 evanuitconfusio

229 3901 503 3983 quaedam
521 3911 580 3965 et
602 3903 1043 3980 obscuritas,ita
1063 3905 1182 3968 Deo
1196 3907 1392 3968 statim
1413 3907 1892 3981 easubvertente,

226 3992 314 4054 ita
344 3993 471 4056 Deo
529 3992 817 4055 ineffabili
875 3993 1049 4056 modo
1106 3996 1507 4058 confundente
1563 4004 1892 4078 cunctaque

229 4083 553 4158 miscente,
609 4090 674 4143 ut
727 4083 1061 4162 ignorantia
1115 4101 1473 4147 veneremur
1521 4104 1682 4165 eum,
1741 4087 1894 4150 sicut

228 4171 1355 4256 aitantiquorumquidam,extraneus,
1401 4174 1506 4238 sed
1547 4175 1892 4258 quioptime

228 4261 460 4323 dixisse
474 4259 851 4341 videtur.Ipsi
871 4280 1125 4344 namque
1137 4264 1465 4342 praesertim
1483 4265 1715 4326 miratio
1732 4266 1892 4328 venit

229 4367 302 4412 ex
335 4350 706 4412 occultorum
733 4349 940 4431 abysso
982 4351 1370 4431 judiciorum,
1427 4371 1678 4435 quorum
1713 4373 1889 4416 nemo

1975 3277 2155 3340 ﬁnem
2182 3280 2470 3356 omnium,
2505 3280 2729 3362 Operis,
2762 3281 3082 3358 sermonis,
3112 3283 3420 3364 propositi,
3452 3284 3629 3348 ratio-

1975 3365 2069 3429 nis
2100 3375 2159 3429 et
2185 3386 2420 3450 cursus,
2445 3387 2714 3451 querere
2738 3369 3190 3450 oportet.Nemo
3220 3371 3404 3450 enim,
3425 3373 3629 3454 prius-

1973 3475 2149 3538 quam
2183 3457 2472 3520 moriatur
2500 3457 2890 3540 omniumque
2918 3459 3097 3538 inilii,
3128 3459 3288 3542 ﬁnis,
3315 3468 3373 3522 et
3402 3463 3628 3526 medio-

1972 3564 2106 3608 rum
2137 3546 2564 3628 experientiam
2594 3547 2890 3623 habuerit,
2946 3549 3059 3611 scit
3111 3568 3228 3631 quo
3260 3549 3452 3615 vadat.
3484 3551 3625 3624 Quae

1977 3635 2423 3699 considerantes
2493 3637 2669 3699 decet
2747 3654 2858 3698 nos
2939 3655 3116 3717 agere
3183 3637 3621 3721 circunspecte,

1975 3740 2214 3806 semper
2244 3725 2412 3788 utilia
2441 3725 2838 3808 deprecantes
2866 3725 3087 3790 futura.

2215 3817 2415 3882 XCIII.
2446 3820 2521 3882 In
2547 3818 3018 3899 Nomophylacis
3054 3819 3379 3884 novellam.

2051 3897 2159 3960 Ille
2191 3899 2447 3980 quirem
2504 3897 2783 3962 omnibus
2832 3897 3048 3963 utilem
3103 3901 3273 3976 vidit,
3332 3901 3466 3983 ipso
3519 3903 3623 3984 qui

1973 3985 2156 4048 visam
2185 3987 2311 4066 regi
2341 3988 2760 4066 manifestaviv,
2795 3995 2854 4052 et
2908 3989 3039 4070 ipse
3094 3989 3196 4071 qui
3249 3990 3459 4070 suasit,
3487 3991 3623 4074 ipso

1976 4084 2066 4138 est
2087 4075 2188 4156 qui
2216 4076 2442 4139 scribit.

1973 4163 2172 4229 XCIV.
2193 4165 2268 4228 In
2280 4166 2610 4230 secundum
2625 4182 2975 4230 sermonem
2994 4167 3062 4230 in
3086 4167 3619 4250 Trapwophorum.

2052 4258 2240 4322 Unius
2271 4279 2419 4341 opus
2442 4278 2707 4342 vespera;
2731 4278 2948 4342 parvus
2969 4277 3200 4324 sermo:
3245 4263 3408 4325 unde
3428 4262 3626 4329 brevis

1975 4356 2085 4424 est,
2111 4357 2170 4411 et
2189 4349 2252 4410 in
2277 4349 2363 4411 eis
2393 4369 2525 4431 quae
2569 4357 2706 4412 sunt
2751 4347 2827 4411 ad
2867 4349 3047 4411 ﬁnem
3069 4357 3269 4426 notus,
3301 4353 3350 4414 si
3379 4353 3623 4432 quidem

225 4444 393 4502 novit
413 4438 744 4502 ineffabiles
763 4439 1043 4501 calculos.
1070 4439 1296 4513 Quibus
1348 4449 1408 4504 et
1440 4461 1547 4522 ego
1579 4443 1754 4506 cessi.
1789 4442 1890 4507 Ut-
1911 4438 2194 4520 "justum
2226 4447 2315 4502 est
2343 4439 2636 4518 injuriose
2664 4455 2876 4500 vocare
2925 4439 3200 4520 nothum,
3259 4439 3362 4520 qui
3391 4450 3621 4519 partem

225 4529 374 4610 quid
406 4528 566 4590 enirn
598 4528 866 4590 dolorem
896 4535 1034 4591 ante
1055 4532 1281 4609 Regem
1303 4549 1584 4610 magnum
1606 4533 1829 4596 cadens
1858 4531 1890 4593 εν

220 4615 416 4698 Igitur
448 4618 709 4680 domitus
738 4635 870 4681 sum
924 4625 984 4680 et
1037 4619 1282 4680 omnino
1337 4621 1526 4682 victus
1578 4621 1708 4702 jugi
1735 4641 1887 4684 onus

217 4707 347 4787 jam
385 4707 616 4786 subegi.
649 4705 722 4768 Et
751 4707 918 4769 testis
978 4725 1110 4769 sum
1169 4707 1548 4771 validissimae
1578 4711 1879 4790 potentiae,

225 4815 364 4877 quae
396 4805 668 4858 cunctam
701 4805 994 4876 naturam,
1022 4797 1133 4857 etsi
1165 4796 1423 4858 maxima
1446 4798 1697 4861 durities
1715 4800 1878 4876 insit,

222 4885 408 4949 facile
429 4885 691 4966 subjicit.
717 4886 1000 4948 Attamen
1028 4886 1078 4947 si
1099 4886 1231 4966 quis
1250 4904 1314 4948 se
1341 4887 1510 4948 ﬁrmo
1525 4888 1724 4949 animo
1752 4907 1885 4952 esse

221 4975 538 5055 gloriatur,
576 4982 633 5038 et
660 4973 991 5036 rationibus
1018 4993 1084 5037 se
1131 4975 1358 5037 ﬁrmari
1409 4975 1634 5052 credat,
1669 4977 1885 5041 exinde

221 5064 538 5126 sufﬁciens
559 5063 833 5145 accipere
853 5071 1048 5143 potest
1084 5061 1528 5142 documentum,
1555 5074 1620 5127 ut
1643 5084 1761 5128 non
1785 5067 1882 5128 ni-

223 5154 344 5216 mis
367 5155 632 5217 conﬁdat
661 5172 772 5216 nec
797 5152 976 5214 nimis
996 5161 1197 5233 speret
1225 5173 1289 5215 se
1333 5154 1459 5217 suis
1486 5153 1720 5235 legibus
1748 5175 1883 5217 om-

218 5243 372 5307 nino
389 5243 729 5319 fruendum.
755 5243 927 5307 Alius
947 5243 1107 5304 enim
1133 5241 1304 5306 nobis
1332 5252 1444 5327 est,
1478 5244 1582 5326 qui
1609 5255 1883 5308 cunctam

301 5383 336 5432 4
366 5405 455 5462 γρ.
494 5381 696 5450 ἔδοξαν.

1971 4549 2043 4592 ex
2069 4529 2252 4592 fratre
2310 4529 2555 4591 sortitus
2603 4535 2712 4590 est.
2775 4525 2964 4590 Unius
3021 4529 3179 4590 enim
3232 4528 3415 4608 patris
3443 4529 3622 4594 ambo

1969 4637 2102 4682 cum
2137 4635 2452 4680 sermones
2508 4617 2652 4694 sint,
2709 4615 2974 4678 fraterne
3029 4615 3454 4683 communitate
3483 4639 3624 4684 con-

1969 4708 2207 4859 militi}.
2244 4794 2393 4857 Cum
2418 4814 2456 4856 a
2483 4793 2784 4872 scriptura
2813 4792 3252 4876 chronographi
3280 4793 3537 4862 destitit.

2047 4883 2317 4965 Scriptor
2373 4879 2752 4946 mendacium
2809 4881 3052 4963 quidem
3105 4901 3397 4964 nusquam
3428 4885 3614 4952 dixit:

1967 4973 2324 5036 mentiretur
2335 4979 2529 5034 autem
2545 4971 2607 5031 in
2625 4969 2874 5050 reliquis
2889 4971 3292 5050 sermonibus,
3317 4972 3398 5035 ita
3414 4992 3619 5039 aman-

1968 5062 2125 5125 tibus
2146 5061 2245 5142 qui
2263 5060 2632 5142 jubentista,
2659 5077 2912 5138 quorum
2961 5060 3235 5124 laudibus
3275 5061 3388 5124 etsi
3408 5070 3608 5126 tume-

1967 5160 2092 5215 scat
2129 5151 2389 5224 libellus,
2428 5169 2547 5212 non
2592 5157 2790 5209 tamen
2819 5149 3180 5212 sufﬁcientia
3224 5149 3427 5214 dicere
3462 5153 3620 5216 visus

1969 5250 2080 5306 est.
2102 5239 2375 5303 Facultas
2387 5240 2546 5302 enim
2561 5238 2876 5320 plausuum
2891 5239 3229 5303 satietatem
3255 5240 3465 5305 nescit.
3481 5240 3619 5306 Haec

1599 5459 1860 5528 Mattbaei
1889 5454 2053 5521 Busti
2080 5461 2258 5518 notae.

473 5623 498 5655 α
530 5597 838 5692 ξλλλότριρς
869 5599 999 5692 μέν,
1026 5623 1053 5655 ιο
1088 5597 1295 5692 Eurip.
1327 5597 1554 5692 Hecub.

300 5678 425 5753 (50)
464 5703 492 5736 α
530 5678 646 5738 Ὅτε
671 5678 896 5759 ,ἀπέστη
937 5685 1062 5747 τῆς.
1128 5705 1156 5736 ι
1219 5678 1334 5742 Pro
1391 5689 1484 5739 τοῦ
1513 5678 1881 5759 χρονογράφου

215 5777 598 5842 reponerem
642 5758 898 5823 libenter
938 5768 1030 5816 τοῦ
1073 5761 1422 5838 Μοναμάχου.
1474 5758 1661 5840 cupio
1719 5761 1880 5820 enim

551 5895 808 5961 Ρλιηοι..
839 5892 950 5962 Gn.
981 5892 1148 5962 CXX.

1961 5588 2172 5653 audire
2233 5605 2370 5651 eum
2423 5584 2818 5646 παλινωδοῦντα
2873 5587 3003 5662 πρὸς
3045 5584 3145 5653 τὴν
3197 5584 3474 5644 κολακήίαν
3518 5587 3616 5654 τὴν

1964 5669 2154 5736 ἀνέδην
2182 5671 2372 5726 οὑτωσὶ
2415 5667 2781 5747 γεγενημένην
2792 5713 2808 5729 .

3048 5877 3126 5944 38
