4156 6384
480 360 636 425 1195

683 489 922 557 Ἐξουσία
947 493 1150 572 κρότων
1178 490 1278 570 γὰρ
1312 491 1405 546 οὑκ
1435 486 1581 546 οἶδεν
1609 487 1787 566 κόρον.

677 584 874 640 Οὐκοῦν
904 583 1133 662 ἀφείσθω
1159 588 1324 637 ταῦτα
1352 593 1471 642 τοῖς
1502 578 1785 656 ἐγκωμίοις

683 663 746 728 Ἡ
778 672 1054 752 συγγραφὴ
1090 668 1185 749 [δὲ]
1220 672 1297 746 μὴ
1328 668 1677 748 προχωρείτω
1706 664 1891 752 πλέον.

681 763 787 817 οὒκ
817 750 1015 840 εὒφυιῖᾑς
1050 761 1149 838 γὰρ
1178 761 1308 837 πρὸς
1337 759 1404 813 τὰ
1426 755 1518 813 τοῦ
1548 753 1764 831 ψεύδους
1810 750 1951 831 ἔχει,

687 849 865 924 Νόμος
895 871 952 904 τε
982 851 1177 915 ταύτην
1210 848 1469 926 ἐκτροπῆς
1499 844 1806 923 ἀποτρέπει,

688 937 944 995 Ἐνταῦθα
972 939 1142 995 τοίνυν
1170 940 1261 993 τὸν
1291 935 1481 1015 δρόμον
1523 935 1678 1005 παύει
1708 932 1861 1007 τέως,

691 1014 824 1092 "Em;
852 1028 971 1084 κατ’
1003 1028 1118 1084 εὐθὺ
1161 1025 1233 1100 δῷ
1263 1048 1340 1092 τις
1370 1027 1503 1101 αὒτῇ
1529 1025 1590 1081 τὺ
1618 1023 1853 1102 τρέχειν.

586 1105 710 1202 4ς·
746 1135 773 1174 ι
808 1117 893 1181 Εἷς
935 1118 1000 1172 τὰ
1030 1114 1324 1195 δωρηθέντα
1346 1127 1555 1190 μηναϊα
1581 1115 1653 1175 εἷς
1686 1112 1952 1190 Εὐχαίτα.
1993 1132 2021 1163 ι

686 1186 894 1280 νΥμνων
926 1186 1157 1261 ἐπελθὼν
1186 1186 1493 1283 ἡμερησίων
1522 1198 1752 1278 βίϐλους,

690 1294 869 1352 nasi»
890 1314 946 1349 τε
977 1295 1177 1351 τούτων
1209 1294 1306 1360 τὴν
1339 1292 1545 1372 γραφὴν
1575 1289 1840 1368 ἐπιξέσας,

687 1386 783 1440 Καὶ
813 1398 1000 1463 χεῖρα,
1044 1385 1133 1439 καὶ
1162 1390 1303 1462 νοῦν,
1334 1385 1406 1445 ὡς
1440 1382 1584 1454 ἐνῆν,
1619 1379 1935 1458 καταρτίσας

694 1472 871 1553 Δῶρον
902 1474 934 1523 5
960 1472 1095 1553 φθκῳ
1123 1470 1306 1548 δίδωμι
1335 1473 1423 1528 καὶ
1452 1468 1589 1546 μέλα
1619 1468 1844 1548 πρέπον,

687 1568 774 1640 Τῷ
803 1568 1181 1640 προστατοῦντι
1218 1567 1311 1617 τοῦ
1341 1560 1504 1616 τόπου
1534 1557 1871 1638 στειρηφόρῳ,

692 1636 775 1716 ’ὸς
819 1636 960 1708 ἔνδον
992 1653 1131 1706 οἰκεῖ
1159 1648 1320 1716 τῆσδε
1350 1654 1446 1714 τῆς
1480 1636 1763 1713 ἐκκλησίας
1801 1662 1813 1675 ⁸

691 1738 770 1795 Δι’
802 1742 862 1795 οὖ
892 1741 1111 1819 τύχοιμι
1141 1745 1239 1806 τῆς
1263 1739 1531 1816 ἀκηράτου
1561 1733 1760 1812 βίϐλου,

687 1836 768 1906 Τῇ
798 1830 939 1908 χειρὶ
967 1836 1063 1908 τού
1087 1827 1384 1891 πλάσαντος
1414 1823 1867 1905 ἐγγεγραμμένος,

963 1907 1087 1993 4Ζ’.
1128 1940 1156 1971 α
1190 1919 1279 1980 Εἷς
1323 1917 1389 1972 τὰ
1430 1915 1583 1977 αὐτὰ,
1622 1936 1647 1971 ι

694 2011 767 2066 Οὐ
797 2005 969 2064 πολλὰ
1000 2008 1118 2083 μὲν,
1150 2006 1403 2084 κράτιστα
1431 2005 1603 2061 πάντα
1631 2003 1680 2058 δ’
1708 2000 1882 2059 ἐνθάδε
1920 2017 1933 2031 ⁸

693 2096 802 2153 Οὒκ
826 2096 886 2151 ἃν
913 2097 1011 2175 γὰρ
1040 2096 1205 2175 εὕροις
1236 2094 1477 2174 ἂλλαχου
1506 2094 1571 2150 τὰ
1599 2091 1815 2170 βελτίω.

694 2183 1026 2260 Ἐκουλόμην
1058 2183 1112 2240 δὲ
1140 2191 1304 2240 ταῦτα
1333 2184 1428 2259 μὲν
1458 2184 1649 2246 τύπους
1682 2180 1857 2256 μένειν

697 2274 1055 2355 Ἀντιγράφων
1088 2287 1226 2331 εῖναι
1257 2270 1312 2328 δὲ
1343 2273 1442 2339 τὴν
1472 2270 1776 2351 ὑπουργίαν,

761 2355 895 2440 μί’,
932 2383 962 2424 (
998 2366 1084 2427 Εἷς
1114 2364 1181 2419 τὰ
1208 2360 1545 2441 διορθωθέντα
1589 2357 1787 2436 βιϐλία,
1823 2380 1851 2412 ιι

691 2452 873 2515 Καλὴν
902 2450 1142 2515 δεδωκὼς
1167 2465 1289 2514 ταῖς
1318 2448 1515 2527 βίϐλοις
1539 2448 1845 2528 ὑπουργίαν,

695 2544 864 2607 Αὐτὸς
895 2542 1130 2621 πονηρὰν
1162 2537 1535 2621 ἀντιλαμϐάνω
1563 2540 1744 2619 χάριν.

687 2632 803 2689 Τῶν
834 2631 932 2706 μὲν
974 2620 1073 2709 γὰρ
1100 2627 1206 2697 ἤδη
1235 2620 1328 2693 τὰς
1360 2629 1542 2691 νόσους
1575 2627 1833 2702 ὶασάμην,

693 2721 838 2798 Ἐγὼ
880 2718 934 2775 δὲ
966 2719 1280 2793 συντέτηκα,
1308 2720 1396 2774 καὶ
1437 2724 1613 2782 κακῶς
1645 2715 1784 2795 ἔχω,

689 2811 884 2868 Κόπων
912 2811 974 2865 τὸ
1005 2815 1160 2884 σῶμα
1191 2804 1474 2886 συντριϐεὶς
1505 2806 1726 2885 ἀμετρίᾳ
1759 2822 1775 2837 ⁸

691 2897 845 2955 Ἀλλ’
877 2901 924 2953 οἱ
953 2902 1250 2978 τρυφῶντες
1284 2895 1336 2952 ἐν
1367 2895 1549 2957 πόνοις
1581 2893 1899 2972 ἀλλοτρίοις,

488 3055 668 3135 igitur
695 3054 1065 3136 panegyricis
1093 3052 1504 3116 dimittantur:
1556 3051 1800 3114 historia
1850 3069 1990 3113 vero
2022 3067 2141 3110 non

1706 353 2031 420 JOANNIS
2076 350 2639 416 EUCHAITENSIS

3721 343 3889 407 1196

2425 483 2524 541 Καὶ
2558 494 2681 546 ταῖς
2706 480 2865 557 ἐμαῖς
2895 479 3147 546 πλέοντες
3192 479 3331 537 εὔδια
3360 479 3569 560 ζάλαις,

2422 573 2559 649 Πρὸς
2589 572 2773 650 Κύριου
2806 570 3074 647 μέμνησθε
3110 576 3204 627 τοῦ
3245 571 3604 646 κεκμηκότος.

2581 650 2710 735 ζθ’,
2741 681 2764 716 α
2798 662 2882 724 Εἰς
2911 662 3035 724 τοὺς
3078 659 3428 723 ἀποστόλους.
3464 678 3494 718 )

2418 757 2647 829 Σταυροῖ
2679 748 2874 827 Πέτρον
2901 746 2934 797 6
2962 747 3241 829 κύμϐαχον
3273 749 3325 805 ἐν
3361 741 3542 825 Ῥώμῃ
3570 748 3749 827 Νέρων
3787 767 3800 780 ·

2421 829 2601 913 Ῥώμη
2631 838 2761 918 ξίφει
2790 840 3083 909 θνήσκοντα
3111 840 3202 894 τὸν
3235 837 3438 897 Παῦλον
3470 838 3677 915 βλέπει.

2415 926 2444 975 7
2476 930 2754 1007 Εἰρηνικὸς
2785 927 3005 994 τέθνηκε
3042 925 3165 1006 (51)
3202 932 3408 990 Λουκᾶς
3437 927 3490 982 ὲν
3522 925 3686 983 τέλει.

2416 1018 2565 1082 Ζωῆς
2595 1016 2627 1065 3
2655 1015 2815 1072 ὕπνον
2845 1017 3093 1095 πρύτανιν
3124 1017 3284 1072 ὑπνοῖ
3313 1020 3609 1080 Ματθαϊος,

2417 1105 2628 1183 Μάρκον
2658 1108 2878 1162 θανατοϊ
2908 1103 3075 1181 δῆμος
3107 1103 3511 1183 ’Λλεξα-ιδρέων.

2421 1205 2454 1251 ι’
2499 1197 2515 1217 ‘
2596 1195 2609 1214 ‘
2654 1198 2682 1251 θ
2720 1197 2777 1236 ~‘
2888 1202 2912 1212 ”
3046 1197 3059 1217 ‘
3200 1197 3214 1216 ‘
3292 1193 3305 1214 ’
3386 1196 3410 1233 η’
3594 1214 3609 1229 ⁸

2435 1217 2518 1252 χαι
2547 1219 2625 1270 μη
2690 1219 2823 1252 αδων
2853 1202 2941 1272 ζη,
2976 1218 3062 1252 και
3091 1199 3260 1251 θανων
3314 1204 3545 1263 Ιωαννης

2423 1285 2703 1363 Ζταυροῦσί
2731 1305 2787 1339 τε
2832 1298 2977 1363 τρεῖς
3012 1282 3189 1363 ἄνδρες
3220 1287 3366 1359 ὁμῶς
3410 1283 3661 1363 Ἀνδρέαν
3696 1302 3709 1314 ·

2420 1379 2668 1451 Νεκροῦσι
2696 1371 2927 1453 λόγχαις
2959 1374 3049 1428 τὺν
3080 1378 3273 1448 Θωμᾶν
3306 1371 3359 1427 ἐν
3391 1371 3566 1446 Ἰνδίᾳ.

2426 1460 2821 1540 Βαρθολομαῖος
2852 1469 3117 1539 σταυρικῴ
3146 1463 3361 1532 θνήσκει
3393 1462 3570 1537 πάθει,

2428 1560 2461 1607 Κ
2504 1551 2519 1571 ‘
2586 1552 2601 1571 κ
2724 1551 2734 1573 Ι
2954 1584 2957 1587 ι
3018 1574 3027 1588 ν
3173 1550 3252 1587 ἐν
3413 1553 3423 1572 1

2472 1573 2522 1605 αι
2551 1573 2642 1607 τον
2672 1558 2889 1625 Σιμωνα
2918 1552 3139 1630 στααρὸς
3171 1572 3340 1628 εςαγει
3370 1552 3504 1627 βιου,

2425 1639 2682 1733 λξρὶχαιρα
2711 1639 2888 1715 τέμνει
2923 1641 3043 1703 τοὺς
3077 1637 3331 1697 Ἰακώϐου
3361 1637 3608 1719 δρόμους,

2481 1737 2595 1784 Ισον
2630 1728 2809 1807 Πέτρῳ
2852 1727 3025 1784 δίδωσι
3055 1727 3325 1791 Φίλιππος
3356 1729 3540 1808 μόρον.

2301 1806 2357 1874 Ρ¹
2419 1841 2447 1873 α
2485 1819 2572 1880 Εἰς
2621 1819 2713 1873 τὸν
2740 1806 2988 1897 νᾶγγελον
3049 1819 3141 1875 τὸν
3198 1806 3473 1893 ἱστάμενον
3548 1816 3644 1883 ἔξω
3701 1822 3803 1884 τῆς

2909 1906 3083 1974 πύλης
3096 1952 3107 1965 .
3150 1929 3172 1962 ι

2422 1993 2819 2075 Ούρανοϐἆμον,
2865 2001 2978 2061 πῶς
3008 1995 3301 2075 παραυλεῖς
3336 1994 3554 2077 ἒνθᾶδες

2427 2086 2524 2142 Καὶ
2554 2086 2630 2147 τίς
2663 2086 2690 2140 ὁ
2721 2085 2928 2165 χάρτης
2964 2104 2979 2165 ς
3014 2085 3064 2140 τί
3103 2081 3157 2139 δέ
3188 2106 3271 2141 σοι
3293 2085 3361 2141 τὰ
3389 2085 3623 2164 γραπτέα
3650 2105 3666 2165 ς

2427 2175 2682 2254 μίσθωμα
2713 2176 2865 2239 τιθεὶς
2895 2186 3013 2237 τοῖς
3044 2174 3293 2254 νενηφόσι
3326 2175 3532 2254 μόνοις,

2425 2244 2675 2337 νΑμισθον
2706 2261 2900 2341 ἀφίημι
2933 2262 3031 2329 τὴν
3061 2244 3334 2340 ῥᾳθυμίαν,

2336 2340 2458 2412 ΡΑ’,
2499 2374 2526 2405 α
2563 2352 2651 2412 Εὶς
2681 2340 2779 2417 τὴν
2809 2351 3057 2426 βάπτισιν
3085 2358 3178 2409 τοῦ
3208 2358 3436 2429 Χριστοῦ
3464 2352 3704 2431 ἡρωϊκά.
3740 2376 3769 2408 ι

2425 2441 2675 2516 Μίγνυται
2733 2436 2826 2495 ὡδι
2885 2438 3080 2515 ἄμικτα
3111 2456 3127 2473 ⁸
3202 2441 3348 2519 φύσις
3408 2439 3731 2521 φλογόεσσα,
3797 2435 3891 2499 καὶ

3588 2528 3749 2609 [ὑγρά
3783 2550 3800 2565 '

2385 2624 2490 2695 Πῦρ
2518 2617 2767 2684 θεότητος
2799 2615 2980 2691 ἄυλον,
3016 2615 3276 2696 Ἰορδάνου
3305 2639 3361 2674 τε
3390 2619 3618 2697 ῥέεθρον,

2387 2698 2508 2768 ΓΒ’,
2549 2729 2571 2763 a
2608 2708 2693 2771 Εἷς
2739 2707 2856 2763 τινὰ
2887 2709 3127 2787 μοναχὸν
3159 2712 3443 2764 σιωπῶντα
3471 2705 3646 2774 δῆθεν.
3688 2730 3713 2765 υ

2422 2804 2580 2876 Σιγᾷς
2611 2798 2779 2876 Πάτερ
2809 2796 3074 2874 βέλτιστε,
3110 2796 3275 2873 μηδὲν
3308 2821 3396 2873 μοι
3428 2800 3640 2879 γράφων
3668 2819 3682 2879 ;

2431 2886 2500 2942 Εὖ
2528 2885 2675 2964 δρᾷς,
2707 2891 2905 2950 σιώπα,
2954 2887 3051 2945 Καὶ
3095 2888 3196 2965 γὰρ
3227 2885 3279 2952 ἐξ
3308 2887 3615 2968 ἐπωνύμου,

2226 3046 2549 3128 pestatibus
2603 3047 2922 3128 tranquille
2997 3047 3304 3126 navigatis,
3364 3056 3500 3110 ante
3556 3047 3880 3114 Dominum

489 3145 745 3227 amplius
778 3145 1080 3224 procedat.
1114 3142 1245 3205 Non
1269 3142 1427 3206 enim
1461 3141 1719 3221 ingenue
1749 3148 1887 3203 nata
1929 3138 2201 3230 εει-ςιόο
2226 3137 2525 3200 extenuati
2558 3144 3105 3230 memoresestote.

485 3226 668 3297 verba
696 3234 1019 3308 mendacii,
1048 3234 1262 3315 lexque
1293 3252 1420 3296 eam
1445 3252 1479 3294 a
1500 3231 1730 3293 fallacia
1764 3229 2004 3293 avertit.
2027 3226 2137 3289 Hic

485 3324 666 3404 igitur
693 3342 932 3386 cursum
964 3323 1139 3400 sistit,
1188 3323 1379 3387 donec
1426 3322 1558 3403 quis
1618 3330 1676 3383 et
1706 3328 1864 3383 recte
1894 3335 2139 3382 currere

489 3414 689 3476 doneL

753 3518 952 3583 XCVI.
985 3518 1062 3582 1η
1090 3517 1325 3581 Menam
1350 3517 1671 3581 Eua/mitis
1698 3517 1865 3580 data.

568 3627 938 3705 Hymnorum
952 3625 1435 3707 quotidianorum
1458 3623 1624 3685 libris
1639 3623 1939 3703 perlectts,
1983 3632 2136 3685 tota-

493 3733 608 3796 que
625 3716 866 3777 illorum
893 3715 1186 3795 scriptura
1210 3721 1500 3788 correcta,
1523 3732 1756 3775 necnon
1778 3731 1954 3773 manu
1973 3731 2131 3774 men-

492 3814 669 3884 teque
699 3823 807 3885 pro
836 3823 1008 3885 posse
1038 3803 1386 3874 conciliatis,
1423 3820 1757 3883 munusque
1791 3802 1959 3864 valde
1988 3821 2137 3864 con-

486 3894 737 3955 veniens
766 3893 1026 3969 dilecto;
1063 3900 1308 3972 patrono
1358 3891 1474 3953 loci
1523 3899 1829 3962 coronato,
1856 3890 1955 3972 qui
1980 3891 2138 3952 intra

485 3982 661 4043 istam
695 3982 1010 4044 ecclesiam
1038 3980 1351 4055 inhabitat,
1411 3980 1630 4042 oﬂ‘ero:
1682 3999 1792 4061 per
1820 3999 1994 4061 quem
2028 3980 2139 4041 im-

490 4070 726 4132 mortali
759 4071 933 4151 libro,
960 4089 1139 4133 manu
1171 4069 1543 4149 plasmatoris
1573 4068 1893 4150 inscriptus
1923 4068 2137 4148 dignus

485 4158 729 4222 habear.

1008 4250 1240 4317 XCVII.
1271 4251 1349 4314 1η
1380 4252 1610 4315 eadem.

569 4339 699 4403 Non
733 4343 936 4414 multa,
970 4342 1077 4405 sed
1125 4342 1347 4422 optima
1402 4349 1540 4403 sunt
1594 4340 1692 4402 hic
1749 4341 1987 4402 omnia:
2019 4360 2138 4402 non

490 4431 649 4493 enim
684 4432 829 4494 alibi
859 4433 1109 4495 meliora
1138 4432 1431 4495 invenies.
1468 4430 1750 4493 Volebam
1783 4440 1978 4493 autem
2012 4432 2139 4493 haec

490 4539 736 4611 manere
760 4530 926 4604 typos
957 4530 1015 4584 et
1036 4522 1462 4603 exemplarium
1498 4539 1629 4583 esse
1659 4519 1946 4582 subsidio.

850 4628 1103 4693 XCVIII.
1137 4628 1213 4691 In.
1239 4634 1539 4692 correctos
1568 4627 1776 4691 libros.

568 4731 794 4795 Bonam
829 4752 961 4795 cum
980 4732 1252 4795 dederim
1274 4750 1520 4813 operam
1552 4731 1745 4812 libris,
1769 4732 1896 4812 ipse
1928 4731 2140 4793 malam

486 4821 716 4903 accipio
764 4821 1312 4885 renumerationem
1344 4868 1359 4895 ,
1407 4820 1644 4881 illorum
1709 4820 1868 4880 enim
1903 4819 2142 4881 morbos

482 4908 606 4990 jam
630 4911 870 4992 quidem
884 4910 1086 4973 curavi
1111 4910 1275 4990 ;ipse
1291 4929 1432 4971 vero
1445 4910 1756 4982 dissolvor,
1786 4917 1867 4989 et,
1895 4926 2143 4989 corpore

490 5000 717 5061 morbis
738 5000 988 5063 inﬁnitis
1008 5001 1282 5074 contrito,
1312 4999 1466 5060 male
1519 4998 1732 5060 habeo.
1769 4997 1884 5060 Sed
1919 5015 2019 5058 vos
2044 4997 2145 5077 qui

490 5088 803 5151 laboribus
834 5088 1047 5151 alienis
1077 5088 1329 5151 dulciter
1354 5086 1646 5164 fruimini,
1692 5087 1961 5166 meisque
1991 5093 2142 5146 tem-

571 5224 606 5273 5
633 5246 718 5303 γρ,
752 5223 925 5304 φίλου.
1011 5221 1045 5271 6
1066 5246 1152 5303 γρ.
1184 5221 1479 5299 κύμϐαχος.

2725 3225 2907 3288 XCIX
2963 3225 3039 3287 In
3069 3226 3392 3306 apostolos.

2299 3314 2504 3376 Romae
2531 3312 2772 3376 Petrum
2806 3315 2997 3396 capite
3047 3315 3325 3378 deorsum
3376 3317 3664 3397 cruciﬁgit
3692 3320 3878 3383 Nero.

2196 3401 2406 3466 'Roma
2434 3404 2683 3467 Paulum
2718 3422 2861 3467 ense
2890 3412 3164 3467 necatum
3227 3410 3438 3468 cernit.
3475 3408 3730 3470 Paciﬁco
3761 3410 3885 3472 ﬁne

2219 3493 2476 3574 quiescit
2507 3495 2715 3557 Lucas.
2750 3497 3038 3559 Somnum
3086 3495 3220 3557 vitae
3270 3495 3707 3559 consolatorem
3737 3500 3884 3562 Mat-

2222 3584 2411 3645 ttaeus
2423 3583 2664 3644 dormit.
2683 3586 2939 3645 Marcum
2962 3583 3181 3645 occidit
3200 3583 3742 3648 Alexandrinorum
3770 3606 3883 3668 po-

2222 3672 2395 3753 pulus
2425 3690 2440 3746 ;
2470 3680 2529 3733 et
2554 3691 2671 3733 non
2695 3680 2962 3734 mortuus
2977 3672 3139 3749 vivit,
3168 3673 3278 3735 etsi
3300 3682 3569 3736 mortuus
3589 3674 3879 3741 Joannes.

2222 3759 2612 3839 Cruciligiunt
2646 3768 2770 3822 tres
2807 3761 2917 3822 viri
2957 3761 3258 3823 Andream
3285 3760 3611 3836 ;Thomam
3632 3763 3694 3825 in
3716 3763 3888 3827 India

2222 3850 2445 3912 lanceis
2470 3849 2843 3913 interimunt.
2873 3851 3329 3913 Barlholomeus
3358 3851 3554 3913 crucis
3578 3853 3880 3933 supplicio

2221 3939 2507 4019 moritur;
2535 3937 2914 4001 etSimonem
2946 3958 2979 4001 e
3008 3941 3124 4001 vita
3164 3957 3306 4003 crux
3366 3940 3587 4004 educit.
3622 3941 3877 4005 Gladius

2220 4027 2423 4091 Jacobi
2452 4046 2692 4089 cursum
2723 4028 3016 4105 succidit;
3051 4037 3109 4091 et
3137 4028 3450 4111 Philippus
3511 4031 3780 4095 eamdem
3810 4052 3883 4096 ac

2222 4119 2433 4180 Petrus
2460 4116 2637 4178 habet
2660 4124 2910 4179 sortem.

2401 4204 2463 4269 C.
2500 4205 2576 4267 In
2606 4205 2891 4285 angelum
2918 4214 3098 4270 extra
3123 4217 3375 4287 portam
3403 4216 3686 4283 stantem,

2303 4295 2420 4353 Cur
2477 4292 2597 4365 hic,
2658 4294 2947 4368 coelicola,
3004 4295 3330 4358 consistis?
3409 4295 3689 4370 Quaenam
3748 4299 3879 4361 haec

2166 4387 2209 4435 D
2228 4379 2476 4443 charta?
2505 4380 2655 4453 Quid
2690 4381 2797 4443 tibi
2827 4381 3209 4445 scribendum
3231 4391 3260 4447 ‘?
3318 4387 3650 4449 Mercedem
3700 4390 3878 4449 attri-

2221 4468 2412 4531 buens
2442 4469 2584 4530 solis
2605 4468 3005 4552 vigilantibus,
3039 4471 3262 4553 absque
3296 4474 3573 4537 mercede
3605 4474 3882 4537 indolen-

2222 4558 2360 4620 tiam
2396 4558 2652 4621 dimitto.

2367 4646 2460 4709 CI.
2493 4649 2565 4710 In
2588 4647 2959 4729 baptismum
2990 4650 3221 4713 Christi
3241 4670 3452 4716 versus
3479 4655 3733 4719 heroici.

2303 4737 2413 4799 Hic
2445 4738 2820 4799 insociabilia
2851 4738 3217 4801 miscentur:
3251 4741 3438 4819 ignita
3467 4762 3599 4806 cum
3634 4743 3883 4806 humida

2223 4835 2474 4889 natura:
2504 4826 2656 4905 ignis
2687 4827 3011 4889 divinitatis
3058 4828 3453 4911 incorporeus
3511 4843 3568 4896 et
3597 4831 3881 4897 Jordanis

2226 4917 2533 4977 ﬂuentum.

2398 5002 2623 5086 CIILIn
2646 5005 2971 5086 quemdam
2999 5007 3365 5071 monachum
3391 5011 3693 5075 silentem.

2256 5088 2265 5095 ’
2309 5083 2481 5162 Siles,
2509 5082 2683 5150 Pater
2711 5085 2961 5167 optime,
2997 5094 3057 5149 et
3085 5087 3234 5150 nihil
3263 5089 3409 5153 mihi
3439 5090 3698 5156 scribis?
3721 5091 3883 5183 bene

1566 5221 1597 5269 7
1624 5220 1707 5284 'ia.
1743 5222 2010 5301 εἰρηνικῷ.
2095 5219 2129 5269 8
2158 5220 2238 5283 ῗσ.
2276 5222 2526 5300 πρύτανιν
2554 5223 2715 5279 ὓπνον
2760 5225 2854 5285 ὑπ.

1851 5352 2107 5416 Μειῑὴωί
2134 5352 2300 5417 Busti
2328 5361 2501 5416 notae.

605 5489 704 5571 51)
745 5513 766 5545 ¢
806 5492 1081 5571 Eipnvmbc
1111 5491 1353 5571 τέθνηκε.
1392 5485 1650 5571 {Video
1685 5484 2043 5548 dissidentes
2072 5486 2146 5548 de

496 5568 563 5633 S.
592 5566 753 5658 Luca
782 5566 1131 5658 sententias.
1182 5568 1486 5658 Nonnulli,
1548 5566 1654 5629 sed
1686 5585 1940 5658 numero
1968 5580 2145 5658 atque

494 5648 844 5711 auctoritate
881 5650 1228 5722 inferiores,
1290 5650 1353 5711 in
1410 5665 1641 5710 summa
1673 5654 1983 5709 senectute
2015 5648 2146 5708 sine

496 5728 774 5810 martyrio
806 5728 1152 5792 defunctum
1212 5747 1345 5793 esse
1397 5727 1689 5803 scribunt,
1749 5744 1998 5809 quorum
2028 5727 2143 5789 for-

2228 5495 2384 5577 tasse
2414 5489 2728 5577 sententiae
2754 5490 2907 5553 favet
2934 5490 3316 5577 hic___no_ste_r,
3352 5500 3411 5577 et
3436 5493 3523 5577 sic
3551 5495 3876 5577 legendum

2225 5576 2317 5708 iest
2340 5571 2610 5710 εἰρηνικῷ,
2644 5570 2820 5634 aliter
2852 5570 3013 5633 enim
3039 5571 3187 5634 illud
3245 5572 3298 5630 ἐν
3330 5574 3468 5632 τέλει
3501 5575 3598 5639 hic
3616 5570 3879 5660 'prorsus

2247 5666 2373 5710 me
2404 5695 2418 5710 .

2247 5666 2418 5727 riget.
