4156 6378
421 386 575 453 1203

1516 397 1574 459 J.
1619 397 2011 461 XIPHILINI
2054 393 2166 457 GP.
2214 395 2733 462 PATRIARCHIE

3667 392 3693 454 1
3706 385 3828 454 204

420 537 480 594 et
504 529 628 593 Deo
688 531 1052 611 edocemur;
1110 539 1172 595 et
1227 532 1292 594 in
1346 532 1886 611 adhortationibus,
1944 537 2002 595 et
2031 525 2082 586 in

2176 524 2340 606 ἔργων
2371 531 2512 610 παρὰ
2558 538 2650 588 τοῦ
2721 532 2970 611 Σωτῆρος
3042 533 3197 606 ἡμῶν
3254 534 3341 587 καὶ
3399 538 3530 589 Θεοῦ
3584 523 3825 583 διδασκό-

418 617 714 682 doctrinis
743 620 891 696 suis,
927 627 991 684 et
1018 621 1079 683 in
1106 620 1441 699 miraculis,
1492 641 1526 685 a
1561 623 1898 686 minoribus
1930 620 2085 685 inci-

420 707 592 790 piens
649 709 939 772 Dominus
1000 710 1075 773 ad
1133 712 1363 791 majora
1401 712 1692 795 procedit,
1758 722 1817 776 et
1871 719 1939 774 ut
1983 727 2092 793 per

418 796 708 879 quosdam
768 798 990 879 gradus
1044 799 1119 862 ab
1209 801 1632 865 humilioribus
1687 801 1960 866 ascendit
2018 797 2093 860 ad

417 886 771 963 excelsiora,
805 894 864 949 et
895 888 1119 951 sensim
1149 889 1461 952 hominum
1497 910 1692 969 genus
1738 890 1980 955 adducit
2013 886 2087 950 ad

417 974 745 1038 divinitatis
774 994 899 1038 suae
924 977 1177 1054 gloriam
1213 986 1272 1040 et
1321 979 1593 1043 notitiam
1653 991 1712 1044 et
1743 977 2053 1044 meditatio
2073 1012 2093 1027 -

418 1082 584 1127 nem.
641 1063 712 1127 Et
769 1074 1024 1146 possunt
1085 1066 1328 1147 quidem
1380 1069 1507 1131 hac
1569 1069 1794 1152 ubique
1856 1078 1912 1132 et
1952 1065 2096 1130 alibi

417 1151 703 1224 inveniri,
741 1154 1075 1234 praesertim
1106 1174 1245 1218 vero
1276 1156 1337 1218 in
1371 1160 1676 1239 proposito
1698 1151 1892 1222 nobis
1921 1175 2093 1235 argu-

2173 621 2304 707 ΕΞ
2341 636 2353 649 ·
2414 621 2501 675 καὶ
2576 620 2660 676 ἐπὶ
2730 625 2835 675 τῶν
2905 619 3364 700 παραγγελμάτων
3440 618 3517 693 δὲ,
3601 619 3690 674 καὶ
3744 614 3832 669 ἐπὶ

2170 706 2277 764 τῶν
2334 706 2669 786 διδαγμάτων
2731 712 2910 784 αὐτοῦ,
2998 711 3086 765 καὶ
3140 708 3226 766 ἐπὶ
3310 715 3415 765 τῶν
3470 726 3835 786 τερατουργη-

2176 787 2357 873 μάτων
2442 798 2549 855 ἀπὸ
2617 804 2723 855 τῶν
2778 799 3091 878 κατωτέρων
3160 799 3459 879 ἀρχόμενος
3544 800 3571 853 6
3648 795 3830 872 Κύριος

2176 885 2368 958 ϐαδίζει
2442 887 2525 945 ἐπὶ
2580 889 2644 945 τὰ
2699 891 2937 965 μείζονα,
2986 890 3075 944 καὶ
3117 888 3296 965 ὥσπερ
3347 885 3432 945 διά
3487 907 3642 943 τινων
3693 884 3828 959 βαθ-

2175 975 2362 1057 μίδων,
2411 977 2516 1033 ἀπὸ
2544 983 2651 1034 τῶν
2709 976 3085 1057 εὐτελεστέρων
3136 975 3403 1033 ἀναϐαίνει
3457 976 3543 1033 ἐπὶ
3572 975 3638 1029 τὰ
3678 974 3826 1047 ὕψη-

2176 1065 2389 1147 λότερα,
2447 1068 2534 1123 καὶ
2589 1067 2726 1123 κατὰ
2779 1068 2967 1145 μικρὸν
3020 1067 3202 1145 ἀνάγει
3259 1067 3320 1123 τὸ
3376 1067 3481 1121 τῶν
3536 1060 3828 1141 ἀνθρώπων

2177 1154 2328 1234 γένος
2396 1153 2480 1211 ἐπὶ
2536 1157 2634 1223 τὴν
2706 1157 2805 1221 τῆς
2882 1156 3131 1222 θεότητος
3188 1159 3346 1215 αὐτοῦ
3400 1152 3550 1219 δόξαν
3614 1171 3672 1207 τε
3741 1150 3829 1205 καὶ

417 1250 643 1308 mento.
675 1242 876 1305 Primo
934 1244 1094 1306 enim
1156 1244 1219 1306 in
1271 1247 1591 1325 desperato
1627 1256 1684 1311 et
1746 1247 2082 1329 gravissimc

2180 1250 2374 1324 γνῶσιν
2406 1246 2493 1301 καὶ
2541 1243 2762 1307 ἔννοιαν.
2822 1247 2920 1303 Καὶ
2973 1245 3084 1301 ἔστι
3121 1246 3220 1320 μὲν
3272 1242 3609 1322 πολλαχόθεν
3663 1245 3826 1297 ταῦτα

416 1331 626 1395 morbo
637 1332 1098 1396 resurrectionis
1120 1335 1237 1397 vim
1252 1335 1702 1399 subostenditet
1718 1336 2082 1419 praaindical.

2181 1337 2269 1392 καὶ
2323 1333 2569 1414 ἑτέρωθεν
2647 1336 2838 1414 εὑρεῖν,
2909 1331 3180 1415 ἐξαιρέτως
3253 1332 3307 1389 δὲ
3376 1334 3464 1389 καὶ
3549 1332 3652 1387 ἀπὸ
3729 1331 3828 1394 τῆς

415 1420 705 1485 Dominus
726 1422 1071 1504 imper-bans
1099 1423 1277 1498 febri,
1312 1426 1475 1489 Petri
1524 1417 1762 1489 socrum
1791 1427 2082 1488 violenter

2171 1423 2520 1504 προκειμένης
2577 1426 2715 1499 ἡμῖν
2772 1424 3090 1487 ὑποθέσεως,
3169 1430 3413 1503 Πρῶντον
3483 1420 3581 1497 μὲν
3632 1420 3731 1497 γὰρ
3764 1417 3817 1472 ἐν

411 1511 635 1587 urenti,
663 1518 723 1575 et
743 1515 1088 1592 aegrotantis
1118 1513 1491 1577 sanationem
1519 1516 1607 1578 sic
1636 1516 1981 1597 perﬁciens,
2018 1519 2082 1574 ut

2171 1512 2551 1592 ἔιπεγνωσμένῃ
2603 1514 2692 1570 καὶ
2748 1514 2930 1592 βαρείᾳ
2979 1514 3121 1588 τόσῳ
3175 1514 3275 1580 τὴν
3328 1516 3427 1578 τῆς
3480 1509 3819 1568 ἀναστάσεως

417 1600 810 1682 praesentibus
856 1600 1201 1665 ministrare
1262 1603 1522 1684 potuerit
1583 1596 1715 1686 quae
1739 1606 1863 1685 jam
1916 1604 1979 1665 in
2010 1620 2081 1663 eo

2171 1601 2487 1660 ὅποδεικνύει
2572 1603 2661 1659 καὶ
2756 1603 3123 1681 προιμιάζεται
3208 1605 3235 1658 6
3310 1602 3499 1679 Κύριος
3586 1596 3829 1671 δύναμιν,

416 1696 545 1782 erat
575 1695 640 1782 ut
665 1697 1023 1782 moreretur.
1062 1689 1292 1782 Deinde
1324 1691 1597 1782 nonnihil
1632 1692 1772 1782 huic
1802 1689 2081 1782 potentiae

2174 1691 2494 1767 ἐπιτιμὴσας
2553 1699 2629 1766 τῷ
2687 1698 2919 1771 πυρετῷ,
3011 1689 3248 1772 σφοδρῶς
3327 1696 3427 1758 τῆς
3481 1696 3573 1746 τοῦ
3631 1688 3828 1764 Πέτρου

415 1775 623 1858 adjicit
650 1786 711 1841 et
739 1777 814 1840 ad
845 1778 1199 1841 miraculum
1230 1780 1424 1859 majus
1446 1781 1721 1861 procedit
1742 1780 2082 1843 misericors

2176 1783 2424 1861 πενθερὰν
2495 1779 2899 1860 καταφλέγοντι,
2959 1782 3048 1837 καὶ
3116 1780 3375 1846 τοσαύτην
3430 1780 3660 1847 ποιήσας
3730 1774 3828 1841 τὴν

414 1865 729 1929 Dominus.
760 1866 858 1930 Ad
887 1867 1264 1931 centurionis
1296 1869 1457 1931 enim
1496 1889 1749 1950 puerum
1771 1869 2082 1934 admodum

2175 1875 2272 1940 τῆς
2333 1871 2486 1929 νόσου
2543 1871 2887 1945 μετάστασιν,
2940 1873 3014 1933 ὡς
3071 1872 3159 1926 καὶ
3241 1868 3506 1925 διακονεῖν
3564 1880 3681 1930 τοῖς
3711 1885 3823 1920 πα-

417 1963 806 2038 aegrotantem
838 1965 898 2019 et
926 1956 1335 2040 desperatum,
1393 1967 1451 2020 et
1502 1966 1800 2021 extremos
1832 1960 2087 2040 spiritus

415 2046 741 2108 ducentem
775 2051 834 2107 et
863 2048 1051 2126 portis
1083 2045 1297 2109 inferis
1343 2047 1469 2126 jam
1503 2048 2085 2130 appropinquantem

416 2134 736 2199 advocatur
765 2133 1061 2198 Dominus
1090 2144 1148 2196 et
1178 2134 1482 2199 illiadesse
1501 2156 1611 2218 per
1642 2138 2084 2219 providentiam

414 2223 684 2305 cupiens,
717 2230 964 2304 propter
982 2241 1192 2304 preces
1219 2225 1404 2288 simul
1427 2233 1485 2288 et
1506 2226 1686 2289 fidem
1718 2229 2084 2292 centurionis

421 2312 683 2377 dicentis
706 2332 722 2375 :
746 2337 773 2368 α
792 2312 1069 2383 Domine,
1092 2320 1319 2377 tantum
1339 2314 1437 2377 dic
1461 2316 1663 2388 verbo,
1689 2324 1748 2379 et
1776 2317 2087 2382 sanabitur

418 2420 567 2485 puer
598 2419 767 2464 meus
796 2422 826 2464 ›
869 2420 978 2464 suo
1028 2402 1194 2483 jassu
1257 2403 1573 2468 suscitavit
1628 2405 1794 2468 illum
1829 2409 1931 2488 qui
1955 2409 2082 2489 jam

424 2491 751 2554 moriturus
784 2500 914 2554 erat
941 2510 1064 2554 non
1091 2492 1386 2556 accedens
1408 2494 1479 2556 ad
1515 2495 1734 2572 locum,
1753 2498 1857 2559 sed
1876 2516 1909 2559 e
1945 2499 2083 2561 lon-

416 2581 641 2663 ginquo
671 2580 980 2661 aegrotanti
1038 2583 1289 2644 sanitem
1350 2582 1615 2666 mittens,
1667 2604 1737 2647 ea
1775 2585 1905 2668 ipsa
1934 2588 2082 2651 hora

418 2671 742 2754 quajussus
767 2669 985 2745 exibat,
1004 2678 1066 2733 et
1115 2690 1321 2734 servus
1364 2691 1398 2734 a
1420 2673 1630 2736 morbo
1652 2674 1938 2739 liberatus
1967 2687 2078 2753 est,

421 2768 482 2823 et
508 2760 585 2822 ad
618 2759 880 2841 priorem
903 2768 962 2822 et
984 2760 1297 2824 meliorem
1320 2761 1632 2824 sanitatem
1685 2772 1745 2827 et
1787 2767 2079 2829 constitu-

423 2850 647 2913 tionem
702 2848 905 2913 rediit.
967 2847 1014 2913 Ο
1066 2851 1270 2930 jussus
1329 2851 1640 2931 potentia!
1704 2873 1846 2917 vere
1910 2878 1933 2914 ιι
1972 2875 2081 2919 vox

423 2938 682 3017 virtutis,
715 2956 826 2999 vox
852 2938 982 3013 Dei,
1022 2962 1046 2999 υ
1101 2940 1607 3019 quemadmodum
1664 2941 1806 3004 dicit
1839 2954 2077 3009 sanctus

424 3028 612 3093 David
638 3049 652 3086 :
693 3047 723 3088 ‹
741 3026 897 3090 Ecce
920 3026 1086 3089 dabit
1105 3046 1309 3090 vocem
1339 3047 1508 3091 suam
1531 3049 1736 3093 vocem
1762 3032 2012 3096 virtutis.
2040 3056 2070 3098 ›

2207 1967 2348 2017 οὖσιν
2380 1960 2655 2039 ἐνισχῦσαι
2710 1960 2807 2026 τήν
2861 1957 2963 2027 ἤδη
3020 1957 3466 2038 προσδοκωμένην
3501 1955 3586 2036 (3)
3636 1954 3830 2022 τεθνή-

2207 1983 2348 2017 ουσιν
2380 1983 2655 2039 ενισχυσαι
2710 1983 2807 2026 την
2861 1983 2963 2027 ηοη
3020 1983 3466 2038 προσοοκωμενην
3501 1983 3586 2036 ιο)
3636 1983 3830 2022 www.-

2174 1983 2346 2107 ἕεσθαι
2396 2064 2408 2077 ·
2468 2049 2590 2105 εἶτα
2636 2048 2822 2127 μικρόν
2881 2071 2930 2105 τι
2982 2055 3051 2125 τῇ
3110 2045 3322 2122 δυνάμει
3379 2046 3708 2125 προστίθητι,
3742 2042 3832 2099 καὶ

2170 2140 2255 2204 ἐπὶ
2327 2144 2514 2215 μεῖζον
2557 2138 2719 2193 πάλιν
2760 2140 2933 2212 θαῦμα
3004 2136 3285 2217 προχωρεῖ
3344 2138 3371 2192 ὁ
3434 2133 3822 2214 φιλάνθρωπος.

2168 2232 2306 2310 Πρὸς
2360 2231 2477 2309 λγὰρ
2561 2231 2651 2285 τὸν
2727 2236 2819 2285 τοῦ
2895 2228 3287 2307 ἑκατοντάρχου
3357 2225 3523 2283 παῖδα
3580 2230 3829 2281 νοσοῦντα

2167 2319 2350 2384 δεινῶς
2432 2321 2518 2376 καὶ
2550 2317 3002 2398 ·ἀπαγορευθέντα
3080 2315 3205 2387 ἤδη,
3290 2317 3379 2372 καὶ
3472 2317 3537 2371 τὰ
3619 2314 3826 2393 ἔσχατα

2167 2409 2416 2489 πνέοντα,
2465 2410 2554 2465 καὶ
2613 2421 2734 2472 ταῖς
2791 2416 2883 2466 τοῦ
2941 2405 3064 2480 ᾅδου
3120 2405 3312 2469 πύλαις
3372 2404 3654 2483 ἐγγίσαντα
3683 2401 3829 2468 κλη-

2165 2501 2270 2564 θεὶς
2353 2501 2380 2555 6
2447 2498 2746 2570 Δεσπότης,
2821 2498 2909 2553 καὶ
2997 2495 3384 2575 παααγενέσθαι
3472 2496 3601 2573 πρὸς
3674 2492 3829 2551 αὐτὸν

2166 2591 2520 2664 οἰκονομικῶς
2579 2588 3027 2666 προθυμούμενος,
3076 2584 3160 2641 διὰ
3229 2587 3328 2653 τὴν
3413 2584 3630 2650 αἴτησιν
3685 2580 3834 2657 ὅμως

2164 2680 2253 2735 καὶ
2290 2676 2375 2757 (4)
2408 2678 2508 2745 τὴν
2552 2676 2729 2733 πίστιν
2774 2682 2867 2731 τοῦ
2916 2676 3335 2755 ἑκατοντάρχου,
3391 2673 3630 2734 εἰπόντος
3661 2670 3831 2748 αὒτῷ,

2170 2792 2199 2824 ιι
2262 2768 2444 2847 Κύριε,
2506 2767 2621 2823 εἰπὲ
2644 2766 2813 2844 λόγῳ,
2875 2767 2963 2823 καὶ
3000 2766 3293 2835 ’ἰαθήσεται
3352 2767 3379 2820 6
3424 2776 3556 2825 παῖς
3604 2783 3727 2836 μου.
3797 2783 3827 2813 n

2163 2865 2241 2933 τῷ
2295 2846 2671 2937 προστάγματι
2726 2854 2809 2936 (5)
2871 2855 3034 2931 μόνον
3110 2855 3269 2913 αὐτοῦ
3326 2853 3521 2919 ἀνέστη
3580 2852 3671 2906 τὸν
3729 2846 3835 2917 ἤδη

2160 2945 2355 3029 σχεδὸν
2447 2946 2739 3003 ἀποθανεῖν
2833 2944 3241 3020 πιστευόμενον,
3336 2942 3470 3019 μηδὲ
3528 2939 3830 3007 πλησιάσας

2160 3027 2297 3100 ὅλως
2327 3043 2405 3112 τῷ
2443 3036 2615 3115 τόπῷ,
2665 3033 2802 3091 ἀλλὰ
2874 3033 3150 3113 πόρρωθεν
3209 3029 3580 3099 ἐξαποστείλας
3611 3031 3708 3096 την
3739 3027 3831 3082 εὖ·

423 3116 614 3214 Sim_ul
647 3134 716 3180 ac
738 3115 1068 3214 enimdirit
1090 3117 1377 3214 Dominus
1399 3121 1784 3214 Centurioni:
1827 3147 1853 3179 (ι
1888 3122 2073 3207 Vade,

2171 3128 2385 3191 :wcrciav
2439 3132 2516 3199 τῷ
2570 3125 2830 3200 κάμνοντι
2891 3122 2943 3180 ἒν
3006 3122 3141 3200 αὐτῇ
3201 3128 3271 3199 τῇ
3321 3121 3452 3200 ὣρᾳ,
3522 3117 3637 3175 καθ’
3669 3118 3737 3185 ἦν
3768 3118 3827 3171 τὸ

422 3215 482 3271 et
507 3207 662 3270 sicut
713 3205 1044 3282 credidisti,
1106 3207 1207 3269 ﬁat
1261 3206 1390 3287 tibi,
1450 3231 1474 3269 ιι
1512 3209 1756 3272 morbus
1814 3205 2077 3279 statima

2171 3217 2477 3297 πρόσταγμα
2537 3212 2754 3292 γέγονε,
2821 3213 2910 3269 καὶ
2967 3214 2995 3268 6
3080 3210 3263 3274 δοῦλος
3342 3209 3672 3288 ἠλευθερώθη
3727 3210 3827 3272 τῆς

419 3315 608 3381 puero
636 3299 913 3361 recessit.

421 3389 581 3458 ἦλθεν
646 3390 824 3468 ὑγείαν
880 3389 969 3446 καὶ
1021 3386 1367 3449 κατάστασιν.

2157 3306 2334 3380 νόσου,
2368 3306 2456 3361 καὶ
2515 3305 2647 3383 πρὸς
2721 3303 2822 3370 τὴν
2897 3300 3155 3381 προτέραν
3205 3303 3295 3358 καὶ
3351 3300 3622 3380 κρείττονα
3652 3297 3821 3353 ἐπαν-

1454 3398 1496 3443 Ω
1540 3391 1950 3469 προστάγματος
2005 3394 2225 3472 δύναμις
2268 3401 2282 3456 l
2333 3391 2498 3457 ὅντως
2563 3415 2591 3448 ιι
2636 3392 2788 3472 φωνὴ
2847 3390 3114 3466 δυνάμεως
3158 3392 3193 3458 ἡ
3243 3390 3395 3471 φωνὴ
3448 3397 3542 3447 τοῦ
3600 3392 3759 3457 Θεοῦ,
3797 3407 3826 3439 ι

420 3479 596 3542 καθὼς
652 3476 795 3557 λέγει
852 3480 881 3535 6
942 3477 1091 3556 ἅγιος
1152 3475 1329 3553 Δαϐὶδ,
1400 3500 1424 3536 ιι
1488 3476 1618 3536 Ἰδοὺ
1651 3479 1735 3560 (6)
1797 3479 1957 3574 δώσει
1995 3485 2094 3553 τὴν
2150 3484 2329 3565 φωνὴν
2388 3486 2550 3541 αὐτοῦ
2605 3482 2789 3561 φωνὴν
2846 3478 3141 3556 δυνάμεως.
3214 3503 3242 3534 ,υ
3310 3480 3449 3554 Ἀμα
3500 3479 3607 3574 γιὶιρ⁵
3645 3476 3835 3574 τῷτίῗ

422 3582 548 3626 πεῖν
572 3569 664 3626 τὸν
697 3568 973 3635 Δεσπότην
1006 3568 1135 3643 πρὸς
1178 3569 1269 3625 τὸν
1294 3568 1710 3649 ἑκατόνταρχον,
1749 3593 1777 3626 α
1816 3564 2038 3650 ΓῨπιπιγε,
2072 3564 2173 3630 acati,
2199 3576 2271 3639 ὡς
2300 3570 2640 3647 ἐπίστευσας,
2678 3572 2960 3648 γενηθήτω
2993 3592 3100 3641 σοι,
3143 3592 3166 3627 ιι
3200 3572 3287 3626 καὶ
3317 3571 3352 3637 ἡ
3383 3570 3533 3631 νόσος
3563 3566 3706 3629 εὗθὺς
3728 3564 3837 3620 ἀπὸ

417 3665 511 3715 τοῦ
536 3654 723 3722 παιδὸς
752 3657 1137 3737 ὑπεχώρησεν.

497 3745 734 3813 Beinde
766 3753 825 3808 et
843 3764 948 3827 per
969 3745 1277 3827 cujusdam
1302 3745 1552 3829 majoris
1575 3747 1851 3810 miraculi
1870 3767 2079 3831 opera-

418 3837 646 3901 tionem
676 3853 847 3900 suam
879 3835 1172 3899 Dominus
1202 3835 1478 3917 praestitit
1534 3845 1910 3919 potestatem,
1944 3857 2079 3900 cum

417 3928 480 3989 in
505 3925 717 3991 urbem
734 3925 908 3989 Naim
933 3925 1239 4005 ingressus
1263 3933 1443 3989 esset.
1472 3925 1679 3989 Viduas
1709 3927 1868 3989 enim
1891 3927 2078 3989 ﬁlium

418 4014 792 4093 defunctum,
827 4023 888 4077 et
934 4030 969 4076 a
1024 4013 1208 4075 multo
1260 4014 1383 4094 jam
1415 4022 1688 4092 tempore
1719 4016 2074 4096 expositum,

418 4113 479 4167 et
507 4104 610 4186 qui
631 4104 756 4184 jam
812 4101 1192 4176 eti‘erebatur,
1255 4102 1608 4165 mirabiliter
1660 4104 1989 4181 suscitavit,
2023 4113 2082 4167 et

417 4193 595 4256 matri
616 4191 899 4272 restituit,
928 4198 993 4253 ut
1024 4190 1315 4253 hodierna
1343 4190 1646 4271 Evangelii
1676 4193 1850 4255 lectio
1881 4192 2078 4255 mani-

414 4281 738 4347 festissime
769 4280 1029 4344 ostendit
1058 4280 1152 4341 his
1183 4280 1419 4343 verbis:
1463 4305 1486 4336 ιι
1541 4280 1608 4343 In
1650 4281 1749 4345 illo
1784 4293 2076 4363 tempore,

414 4372 608 4455 inquit
627 4371 797 4434 divus
826 4392 857 4433 ›
892 4371 1083 4435 Lucas
1133 4371 1514 4449 evangelista,
1580 4394 1604 4430 ιι
1641 4373 1764 4436 ibat
1806 4373 1984 4437 Jesus
2013 4373 2075 4435 in

2171 4397 2353 4450 ττατα,
2412 4372 2579 4438 οὕτως
2623 4373 2826 4454 ἔχουσα
2861 4390 2875 4404 '

2243 3752 2384 3809 Εἶτα
2443 3751 2533 3806 καὶ
2585 3747 2654 3805 δι’
2714 3748 2897 3829 ἐτέρας
2980 3749 3217 3824 μείζονος
3265 3748 3675 3821 θαυματοποιίας
3734 3744 3836 3811 τὴν

2162 3845 2321 3901 αὐτοῦ
2376 3842 2698 3919 παρίστησιν
2783 3842 2811 3895 ὁ
2898 3841 3088 3917 Κύριος
3162 3837 3375 3912 δύναμιν
3450 3836 3504 3892 ἐν
3558 3842 3625 3912 τῇ
3678 3833 3833 3891 πόλει

2163 3928 2499 4006 ἐπιδημὴσας
2558 3932 2717 3988 Ναίν.
2785 3928 2890 3996 Τῆς
2948 3931 3126 4009 χήρας
3155 3930 3254 4006 γὰρ
3304 3928 3393 3983 τὸν
3449 3928 3556 3982 υἱὸν
3628 3924 3835 3998 ἀποψύ-

2165 4017 2350 4094 ξαντα,
2423 4019 2509 4074 καὶ
2568 4018 2654 4074 ἐπὶ
2708 4016 2876 4075 πολὺν
2934 4018 3128 4097 χρόνον
3200 4016 3279 4096 (Ἰ)
3347 4015 3685 4094 προτεθέντα,
3742 4013 3833 4069 καὶ

2163 4109 2237 4171 εὶς
2280 4109 2370 4163 τὸν
2399 4107 2563 4187 τάφον
2624 4107 2967 4185 ἀπαγόμενον
3009 4104 3137 4181 ἢδη,
3184 4103 3487 4185 παραδόξως
3544 4103 3827 4179 ἀνέστησε,

2161 4199 2250 4256 καὶ
2304 4193 2547 4253 ἀπέδωκε
2623 4219 2691 4274 τῃ
2784 4198 2944 4275 μητρὶ
3024 4200 3205 4274 αὐτοῦ,
3267 4197 3336 4260 ὡς
3403 4196 3437 4262 ἡ
3498 4191 3823 4272 προκειμένη

2162 4288 2398 4363 σήμερον
2468 4286 2735 4364 περικοπὴ
2809 4277 2901 4341 τοῦ
2958 4283 3278 4363 Εὐαγγελίου
3344 4281 3572 4350 δηλώσει
3653 4279 3823 4359 σαφέ-

2947 4382 3095 4448 (Τῷ
3157 4373 3239 4453 (8)
3298 4379 3465 4451 καιρῷ
3522 4371 3724 4447 ἐκείνῷ,
3796 4390 3820 4424 ι

416 4461 628 4550 urbem
656 4479 788 4550 quae
815 4476 1056 4550 vocatur
1082 4458 1276 4550 Naim,
1308 4460 1540 4550 etibant
1569 4480 1709 4524 cum
1739 4462 1841 4524 illo
1882 4462 2067 4524 disci--

2171 4466 2312 4550 ρησὶν
2389 4465 2418 4519 6
2461 4464 2720 4543 θεηγόρος
2795 4469 3023 4535 Λουκᾶς,
3106 4482 3136 4522 ι
3178 4462 3465 4541 ἆπορεύετο
3517 4463 3544 4517 6
3617 4459 3827 4526 Ἰησοῦς

416 4549 540 4633 puli
569 4549 713 4612 satis
744 4549 911 4612 multi
939 4559 997 4612 et
1028 4547 1202 4610 turba
1251 4548 1517 4630 copiosa.
1540 4553 1614 4613 Ut
1634 4559 1830 4614 autem
1854 4570 2072 4633 appro-

2171 4547 2231 4618 iit;
2261 4550 2418 4608 πόλιν
2470 4551 2815 4627 μαλουμένην
2876 4556 3040 4625 Ναῖν,
3116 4554 3204 4608 καὶ
3262 4551 3664 4629 συνεπορεύοντο
3695 4553 3837 4633 αὐτῷ

416 4639 721 4722 pinquavit
733 4637 1201 4720 porlaacivitatis,
1219 4638 1725 4702 ecceeiferebatur
1737 4640 2076 4720 defunctus,

2171 4645 2213 4701 οἱ
2286 4643 2519 4716 μαθηταὶ
2578 4645 2738 4700 αὐτοῦ
2808 4642 2999 4712 ἱκανοὶ,
3059 4642 3147 4696 καὶ
3186 4638 3354 4720 ὄχλος
3407 4639 3568 4702 πολύς
3608 4658 3620 4669 ·
3677 4641 3747 4701 ὡς
3778 4636 3834 4693 δὲ

419 4728 579 4792 ﬁlius
604 4728 820 4791 unicus
850 4726 1022 4790 matri
1078 4744 1221 4803 suae,
1286 4734 1344 4789 et
1406 4728 1535 4790 haec
1587 4740 1717 4791 erat
1767 4730 1944 4792 vidua
2026 4737 2082 4792 et

2171 4728 2357 4809 ἤγγισε
2427 4736 2496 4807 τῇ
2556 4729 2696 4807 πύλῃ
2755 4737 2853 4807 τῇς
2905 4728 3114 4794 πόλεως
3173 4729 3275 4808 (9),
3348 4728 3455 4785 ἰδοὺ
3513 4727 3843 4804 ἐξεκομίζετο

417 4884 750 4967 num.262,
773 4891 998 4947 tantum
1024 4882 1259 4967 legitur.
1275 4887 1549 4967 Uterquae
1561 4885 1770 4962 codex,
1793 4895 1858 4947 ut
1874 4856 2074 4949 statim

2244 4884 2329 4967 (6)
2375 4905 2403 4946 α
2435 4884 2567 4945 ἰδοὺ
2598 4886 2779 4949 δώσει.
2821 4885 3041 4967 »Ρεεὼ
3073 4902 3254 4966 LXVII,
3284 4884 3386 4967 34.

418 4968 493 5030 ab
514 4965 687 5029 initio
707 4984 1010 5028 moneam.
1034 4963 1291 5028 subinde
1319 4963 1634 5046 corruptus
1649 4974 1760 5048 est,
1787 4968 2078 5045 integrius
2242 4963 2319 5108 ξ)
2352 4987 2375 5021 ιι
2402 4968 2740 5045 Προτεθέντα.
2769 4994 2795 5023 ι)
2826 4966 3093 5028 Verbum
3121 4963 3425 5047 proprium
3454 4965 3530 5025 de
3554 4964 3833 5026 mortuis.

420 5058 647 5108 tamen.
676 5045 1087 5108 etdilizentius
1116 5045 1375 5108 scriptus
1417 5056 1505 5107 est
1538 5046 1720 5108 orior.
1760 5066 1900 5108 num
1933 5047 2076 5108 262.
2158 5063 2220 5108 v.
2301 5047 2445 5108 uhn.
2472 5047 2545 5108 ad
2572 5045 2814 5108 IEliam.
2837 5046 2910 5108 V.
2937 5046 3008 5108 H.
3042 5046 3146 5108 lib.
3173 5063 3214 5108 Ι.
3264 5064 3394 5108 can.
3439 5063 3535 5108 ενι
3573 5045 3833 5108 Lvsiam.

420 5058 647 5128 tamen,
676 5045 1087 5128 etdiligentius
1116 5045 1375 5128 scriptus
1417 5045 1514 5107 est
1536 5046 1720 5128 prior,
1747 5045 1900 5108 Vnum
1933 5047 2076 5128 262,
2158 5063 2220 5122 v,
2248 5045 2445 5128 Kuhn,
2472 5047 2545 5128 ad
2572 5045 2814 5128 Alliam.
2837 5045 3146 5128 νχΗηιὼξ.
3173 5063 3214 5121 I,
3237 5045 3412 5128 cap.
3439 5063 3535 5128 xvi
3573 5045 3837 5128 Lysiam,

419 5147 598 5213 quem
629 5124 728 5213 hic
759 5141 1000 5213 semper
1017 5125 1265 5213 appello
1297 5128 1429 5213 cod.
1460 5124 1852 5213 Af‘Alterum,
1874 5124 2082 5213 quiest
2162 5127 2408 5213 p.__151_._
2431 5126 2575 5213 edit.
2604 5125 2731 5213 Va_n
2754 5129 2864 5190 der
2883 5124 3651 5213 Heid._['lato_in'l?hzedone
3677 5125 3834 5204 §64,

420 5204 589 5272 num.
615 5206 719 5281 46,
751 5204 985 5288 appello
1015 5204 1218 5288 B._‘Ac
1247 5205 1435 5267 codex
1465 5204 1704 5288 quidem
1731 5208 1797 5267 B.
1823 5204 2081 5287 scriptus
2162 5204 2311 5288 edit.
2345 5207 2545 5269 Fisch.
2581 5216 2641 5270 et
2669 5207 2904 5271 Isaeum.
2939 5226 3000 5288 p.
3038 5208 3138 5288 67,
3180 5206 3323 5288 edit.
3358 5205 3496 5268 Ald.

420 5297 515 5353 est
538 5306 573 5350 a
600 5285 927 5369 Benedicto
949 5285 1210 5369 quodam
1233 5302 1388 5347 anno
1412 5285 1544 5366 post
1560 5287 1862 5369 Christum
1877 5285 2077 5369 natum

2171 5365 2197 5369 _
2245 5287 2318 5369 (8)
2357 5313 2379 5344 ι
2411 5295 2693 5369 Τῴ-καιρῴ
2722 5285 2993 5364 ἐκείνῳᾙ»
3031 5285 3129 5349 Sic
3152 5287 3504 5369 plerumque
3530 5287 3803 5369 incipiun

421 5369 605 5449 15,52,
646 5366 839 5431 codex
868 5384 1009 5430 vero
1039 5366 1113 5431 A.
1146 5365 1657 5429 exeunte’saeculo
1689 5384 1788 5443 xv,
1822 5367 2082 5449 scriptus
2164 5365 2467 5449 PericOpae
2486 5365 2945 5448 Evangeliorum
2974 5365 3795 5449 inLectionariisGraeco’rum

421 5448 676 5530 videtur.
841 5525 879 5530 ί,
1204 5525 1257 5530 __
1375 5526 1389 5530 _
1453 5525 1492 5530 __
1896 5528 1912 5530 ξ
1949 5446 1964 5449 ⁷

2171 5464 2229 5530 νε
2255 5446 2398 5512 Luc.
2430 5464 2536 5523 vn,
2576 5446 2676 5530 il,
2705 5468 2877 5530 seqq,
2930 5446 3056 5510 ubi
3091 5455 3203 5523 est,
3259 5451 3347 5505 καὶ
3416 5449 3627 5528 ἐγένετο
3670 5449 3723 5507 ὲν
3804 5456 3841 5527 ᾖ

504 5529 593 5609 (3)
625 5552 652 5585 ιι
687 5525 1053 5609 Τεθνήξεσθαι,
1112 5550 1137 5588 ιι
1199 5525 1299 5591 Sic
1357 5525 1497 5590 dedi
1559 5544 1668 5607 pro
1730 5528 2097 5606 τεθνήξασθαι,
2180 5527 2325 5596 ἑξῆς,

424 5606 582 5693 quod
611 5614 736 5693 erat
765 5606 830 5670 in
861 5607 997 5693 cod.
1133 5689 1189 5693 __
1229 5687 1268 5693 __
1388 5691 1395 5693 ξ
1563 5606 1575 5607 ί
1621 5690 1629 5693 _
1838 5688 1860 5693 __
2044 5691 2053 5693 _

2179 5688 2194 5693 _
2242 5610 2326 5691 (9)
2361 5630 2388 5693 9
2432 5606 2586 5693 Ἰδού.
2624 5633 2652 5666 ι)
2678 5608 3099 5693 Apud_Lucam
3132 5614 3244 5693 est,
3276 5631 3364 5693 και
3394 5607 3683 5693 ἰδούηΜοχ
3715 5608 3831 5693 ibi.

525 5689 589 5770 4)
631 5712 659 5745 ιι
699 5685 1013 5770 Ὅμωςκαί,
1048 5712 1077 5745 ι
1133 5687 1333 5751 Malim
1378 5691 1513 5770 ὁμου
1550 5690 1663 5769 καὶ,
1694 5695 1796 5750 aut
1824 5688 1935 5765 ἅμα
1964 5691 2076 5752 καί,

2171 5685 2316 5751 dem'
2343 5688 2515 5751 deest
2543 5691 2700 5769 ἀνήρ.
2734 5685 2921 5752 Paulo
2953 5694 3106 5769 post,
3159 5690 3246 5745 καὶ
3296 5688 3430 5754 αὕτη
3476 5691 3645 5770 χήρα,
3681 5698 3740 5751 et
3773 5691 3840 5759 ἧν

531 5767 593 5852 5)
633 5792 661 5827 ι
695 5767 1070 5852 Προστάγματι
1114 5770 1299 5852 μόνον.
1375 5791 1400 5827 ι)
1420 5848 1435 5852 _
1461 5767 1671 5852 Ferte;
1700 5770 2078 5852 προστάγματι
2164 5771 2255 5826 σὺν
2300 5775 2457 5846 αὐτῇ.

624 5845 758 5916 Μοί
783 5845 963 5914 etiam
995 5845 1125 5931 pro
1151 5850 1360 5920 ἀνήστη
1420 5847 1537 5929 legi
1577 5845 1757 5911 debet
1787 5845 2077 5917 ἀνέστησε,
