4156 6382
1144 333 1175 351 ἢ

298 410 450 477 1⁸205

1748 411 2087 478 ORATION
2097 412 2199 475 ES.

3525 411 3686 491 1206

291 545 426 625 ἀνὴρ
470 547 761 615 τεθνηκὼς.
824 550 930 612 οἰὸς
989 549 1284 626 μονογενὴς
1343 555 1410 625 τῇ
1461 548 1621 627 μητρὶ
1650 546 1833 627 αὐτοῦ,
1866 546 1949 603 καὶ

2040 542 2229 605 tristia
2270 541 2520 605 civitatis
2580 544 2763 606 multa
2813 563 2947 608 cum
3007 545 3129 609 illa.
3190 545 3260 607 Et
3314 545 3524 608 videns
3554 564 3686 608 eam

294 634 425 701 αὐτὴ
457 636 626 715 χήρα,
661 637 749 692 καὶ
791 635 959 716 δ’χλος
1013 643 1111 704 τῆς
1172 636 1378 701 πόλεως
1435 638 1611 699 ἱκανὸς
1665 636 1756 691 σὺν
1788 638 1944 712 αὐτῇ,

296 725 392 780 Καὶ
419 722 541 780 ἰδὼν
573 725 736 792 αὐτὴν
800 726 918 806 (10)
952 730 979 784 ὁ
1026 725 1231 794 Ἰησοῦς
1286 725 1684 806 ἐσπλαγχνίσθη
1739 725 1823 783 ἐπ’
1854 730 1948 784 αῦ-

292 812 391 879 τὴν
419 814 508 870 καί
536 814 690 871 εἶπεν
721 818 878 896 αὐτῇ,
927 817 1014 884 Μὴ
1071 816 1252 878 κλαῖε.
1314 818 1411 874 Καὶ
1440 814 1740 895 προσελθὼν
1770 815 1948 893 ἥψατο

290 905 389 969 τῆς
435 909 589 982 σοροῦ
620 919 634 933 ·
699 907 746 961 οἱ
804 903 859 962 δὲ
915 906 1265 984 βαστάζοντες
1321 904 1576 973 ἔστησαν.
1638 907 1739 965 Καὶ
1798 906 1945 979 εἶπε,

294 989 570 1072 Νεανίσκε,
628 995 709 1051 σοὶ
780 993 946 1075 λέγω,
1041 994 1304 1074 ἐγέρθητι,
1379 997 1467 1050 καὶ
1562 994 1863 1053 ἀνεκάθισεν
1920 997 1948 1050 ὁ

289 1085 493 1162 νεκρὸς,
555 1087 643 1142 καὶ
711 1084 905 1167 ἤρξατο
943 1085 1182 1163 ,λαλεϊν,
1260 1087 1349 1144 καὶ
1405 1084 1596 1144 ἔδωκεν
1651 1089 1807 1147 αὐτὸν
1877 1092 1945 1164 τῇ

291 1174 452 1249 μητρὶ
484 1174 662 1235 αὐτοῦ.
743 1198 772 1231 ι
825 1168 883 1235 ιΟ
927 1176 1287 1258 μεγαλουργὸς
1345 1178 1472 1239 Θεὸς
1532 1178 1619 1235 καὶ
1670 1179 1945 1244 Δεσπότης

288 1262 376 1317 καὶ
438 1263 624 1342 Κύριος
684 1266 839 1340 ἡμῶν
897 1264 1103 1334 Ἰησοῦς
1168 1267 1389 1346 Χριστὸς
1444 1271 1617 1342 θαῦμα
1674 1267 1812 1345 μέγα
1846 1288 1945 1322 τε-

289 1365 595 1430 ρατουργεϊ.
654 1355 744 1411 καὶ
809 1360 1065 1426 ζωοποιεῖ
1119 1357 1155 1424 ἡ
1185 1356 1322 1436 ζωὴ,
1381 1357 1469 1413 καὶ
1524 1356 1707 1428 ἀνιστᾷ
1752 1356 1786 1422 ἡ
1817 1354 1916 1411 ἀνά

288 1458 497 1513 στασις,
529 1442 617 1498 καὶ
688 1444 870 1523 νεκρὸν
926 1443 1112 1524 ἐγείρει
1164 1445 1294 1522 πρὸς
1348 1444 1481 1524 (11)
1529 1445 1704 1524 ταφὴν
1734 1443 1947 1522 ἀπαγό-

290 1547 473 1609 μενον,
531 1532 621 1587 καὶ
674 1531 782 1589 ἀπὸ
836 1539 930 1591 τοῦ
986 1534 1252 1610 θαύματος
1312 1534 1495 1591 τούτου
1551 1542 1830 1593 πιστοῦται
1861 1533 1950 1589 καὶ

2029 630 2224 706 Jesus,
2262 631 2677 694 misericordia
2706 641 2900 695 motus
2930 640 3021 696 est
3048 653 3230 715 super
3258 634 3420 697 illam
3454 642 3511 697 et
3541 634 3690 697 dixit

2031 720 2120 783 illi
2147 721 2315 782 :Noli
2335 722 2505 783 flere.
2527 721 2598 783 Et
2644 723 2938 785 accedens
2971 723 3162 802 tetigit
3183 724 3468 796 loculum,
3497 731 3556 786 et
3586 724 3686 804 qui

2031 828 2166 871 eum
2190 810 2505 891 portabant
2525 817 2839 876 steterunt.
2868 811 2944 874 Et
2960 811 3144 873 dixit:
3174 812 3689 887 Adolescens,tibi

2032 898 2187 975 dico,
2225 917 2402 977 surge
2451 908 2510 963 et
2530 901 2756 963 resedit
2786 891 2906 982 qui"
2936 908 3064 963 erat
3120 909 3388 962 mortuus
3420 910 3477 963 et
3507 900 3686 982 coepit

2033 987 2196 1069 loqui
2226 995 2283 1050 et
2312 989 2477 1051 dedit
2504 989 2673 1051 illum
2705 991 2879 1051 matri
2909 1008 3051 1052 suae.
3093 1012 3115 1049 ι)
3154 989 3266 1062 Qui
3295 1009 3508 1070 magna
3536 1009 3687 1071 ope-

2030 1083 2196 1137 ratur
2248 1074 2409 1139 Deus
2467 1085 2526 1140 et
2582 1080 2872 1141 Dominus
2928 1085 3132 1140 noster
3187 1076 3362 1140 Jesus
3418 1078 3690 1143 Christus

2029 1164 2380 1227 miraculum
2396 1185 2671 1246 magnum
2686 1166 2887 1240 efﬁcit,
2905 1166 3229 1230 etviviﬁcat
3245 1167 3363 1228 vita
3377 1175 3433 1229 et
3445 1168 3691 1231 suscitat

2027 1254 2416 1331 resurrectio,
2454 1265 2514 1318 et
2546 1265 2849 1318 mortuum
2904 1256 3121 1317 excitat
3170 1255 3273 1337 qui
3303 1256 3690 1337 sepeliendus

2032 1342 2392 1405 eﬂ‘erebatur
2421 1351 2479 1405 et
2506 1345 2619 1407 hoc
2642 1344 2930 1407 miraculo
2950 1345 3125 1407 ﬁdem
3148 1354 3207 1406 et
3238 1345 3687 1425 persuasionem

2032 1431 2206 1493 nobis
2230 1432 2446 1512 ingerit
2470 1434 2808 1497 communis
2857 1452 3032 1515 quam
3080 1442 3457 1514 expectamus
3484 1452 3690 1505 resur:

2031 1521 2317 1583 rectionis
2349 1530 2407 1583 et
2438 1521 2792 1584 universalis
2812 1532 3178 1585 mortuorum
3201 1522 3689 1596 resurrectionis,

286 1620 617 1698 πληροφορεϊ
687 1621 786 1689 τὴν
855 1621 1305 1701 προσδοκωμένην
1390 1624 1576 1691 κοινὴν
1666 1623 1949 1679 ἀνάστασιν

2038 1618 2093 1672 et
2114 1628 2278 1671 suam
2302 1611 2592 1675 viviﬁcam
2627 1612 2960 1674 etdivinam
2998 1612 3503 1674 resurrectionem
3530 1631 3690 1693 pras-

284 1706 373 1760 καὶ
425 1707 712 1777 καθολικὴν
769 1699 970 1790 ἔγερσιν
1035 1712 1139 1769 τῶν
1211 1718 1432 1792 νεκρῶν,
1495 1713 1582 1769 καὶ
1638 1719 1737 1779 τὴν
1795 1716 1949 1775 αὐτοῦ

2038 1699 2317 1792 ostendit,
2350 1707 2406 1762 et
2425 1708 2685 1792 nostram
2711 1720 2817 1782 per
2838 1700 2998 1792 illam
3022 1701 3504 1783 redemptionem
3534 1701 3689 1792 etli-

285 1796 558 1881 ζωηφόρον
607 1800 694 1855 καὶ
747 1786 887 1857 θείαν
942 1800 1226 1858 ἀνάστασιν
1299 1786 1648 1881 προδεικνύει,
1707 1802 1796 1858 καὶ
1849 1800 1949 1867 τὴν

2038 1786 2326 1881 bertatem
2365 1796 2421 1850 et
2476 1790 2729 1851 salutem
2788 1798 2843 1851 et
2900 1789 3079 1854 vitam
3135 1798 3417 1852 aeternan
3479 1789 3690 1851 subin-

285 1878 351 1936 δι’
409 1888 571 1954 αὐτῆς
619 1886 876 1969 λύτρωσιν
934 1892 1023 1947 καὶ
1092 1875 1385 1970 ἐλευθερίαν
1463 1875 1644 1965 ἡμῶν-
1678 1890 1949 1970 ῦπεμφαί-

2038 1875 2249 1970 dic_at._
2282 1879 2361 1941 Ut
2418 1878 2579 1970 enim
2639 1878 3172 1970 apprOpinquabat,
3230 1878 3446 1970 inquit,
3506 1886 3691 1970 porta:

288 1991 363 2028 νει
393 1975 481 2031 καὶ
540 1978 828 2060 σωτηρίαν,
885 1980 973 2036 καὶ
1042 1980 1185 2051 ζωὴν
1236 1981 1335 2047 τὴν
1393 1980 1634 2041 αἰώνιον.
1698 1969 1791 2043 εΩιτ
1849 1978 1949 2056 γὰρ

2038 1965 2306 2047 civitatis,
2341 1984 2483 2030 ecce
2514 1967 2601 2028 vir
2643 1968 3003 2031 efferebatur
3050 1975 3319 2029 mortuus
3348 1967 3695 2047 unigenitus

290 2058 508 2142 ἤγγισε,
541 2055 701 2148 φησὶ,
745 2055 824 2146 τῇ*
870 2068 1011 2147 πύλῃ
1067 2074 1165 2137 τῆς
1233 2067 1466 2143 πόλεως,
1531 2067 1639 2124 ἰδοὺ
1697 2066 1832 2144 ἀνὴρ
1862 2055 1949 2132 EE-

2038 2056 2236 2148 matris
2261 2074 2404 2119 suae.
2428 2057 2944 2148 Appropinquavit
2960 2064 3143 2138 portae
3155 2055 3406 2148 civitatis
3427 2055 3697 2148 Christus

290 2145 565 2227 εκομίζετο
607 2145 875 2224 τεθνηκὼς
933 2145 1041 2222 υἱὸς
1103 2158 1396 2235 μονογενὴς
1450 2164 1518 2234 τῇ
1575 2157 1737 2234 μητρὶ
1768 2155 1945 2215 αὒτοῦ.

2038 2146 2310 2235 etiDeus
2365 2156 2597 2235 noster,
2659 2145 3026 2235 portaervitae
3084 2153 3141 2207 et
3199 2145 3686 2235 immortalitatis,

308 2244 510 2319 Ηγγισε
581 2250 650 2320 τῇ
697 2244 840 2323 πύλῃ
896 2252 996 2314 τῆς
1053 2233 1262 2310 πόλεως
1320 2248 1462 2303 Να³ιν
1496 2233 1549 2302 ίὸ
1598 2233 1820 2325 Χριστὸς
1863 2244 1949 2300 καί

2038 2242 2090 2295 et
2116 2234 2583 2325 lamentajussit
2639 2234 2955 2325 comprimi
3013 2235 3146 2325 vitm
3195 2233 3696 2325 datoraRetinuit

292 2330 421 2393 Θεὸς
477 2333 654 2408 ἡμῶν,
703 2336 738 2403 ἡ
781 2322 923 2403 πύλη
965 2341 1063 2404 τῆς
1122 2341 1266 2407 ζωῆς
1324 2337 1413 2391 καὶ
1468 2337 1566 2403 τῆς
1642 2322 1946 2408 ἀθανασίας,

2038 2322 2194 2384 enim
2256 2323 2476 2384 mortui
2533 2324 2806 2386 lecticam
2863 2323 3187 2386 adveniens
3261 2322 3576 2405 Dominus,
3637 2332 3695 2386 et

290 2419 378 2473 καὶ
409 2421 500 2476 τὸν
557 2424 745 2501 θρῆνον
802 2423 1072 2483 ἐκέλευσεν
1129 2426 1157 2482 ὀ
1211 2423 1490 2497 ζωπδότης
1554 2421 1945 2483 συστέλλεσθαι.

2038 2411 2290 2501 iacentis
2322 2412 2498 2475 matri
2552 2413 2746 2491 dixit;
2807 2438 2831 2469 (ι
2890 2412 3026 2475 Noli
3080 2414 3249 2492 ﬂere,
3297 2411 3551 2485 mulier;
3585 2412 3696 2475 sed

291 2500 710 2591 'Exp’it'qcsyép
764 2518 863 2581 τὴν
918 2513 1103 2582 κλίνην
1173 2520 1266 2572 τοῦ
1333 2512 1649 2580 τεθνηκότος
1700 2511 1948 2579 ἀπαντή-

2038 2500 2222 2563 dolori
2256 2502 2432 2564 ﬁnem
2465 2502 2724 2583 impone.
2770 2506 2883 2582 Ego
2939 2502 3098 2564 enim
3156 2519 3287 2563 sum
3319 2502 3693 2565 resurrectio

289 2617 384 2660 σας
429 2600 457 2654 ὁ
520 2589 820 2676 Δεσπότης,
878 2605 966 2661 καὶ
1025 2610 1090 2681 τῇ
1149 2606 1311 2684 μητρὶ
1367 2604 1458 2660 τοῦ
1514 2601 1759 2678 κειμένου
1802 2603 1947 2662 εἶπε,

2038 2597 2095 2653 et
2125 2589 2260 2651 vita.
2293 2590 2726 2684 Desine_igitur
2757 2590 3101 2684 lamentari,
3158 2599 3213 2651 et
3246 2608 3486 2684 gemere
3520 2598 3579 2651 et
3607 2590 3694 2652 la-

437 2686 619 2764 κλαῖε,
677 2691 722 2748 ὦ
782 2693 934 2768 γύναι
1004 2679 1276 2758 ἀλλὰῗδὸςί
1327 2694 1559 2773 ἡσυχίαν
1615 2698 1692 2765 τῷ
1748 2688 1949 2749 πένθει.

2038 2696 2264 2760 crymas
2297 2680 2463 2741 siste.
2498 2679 2765 2742 Solvetur
2797 2680 2958 2743 enim
3026 2687 3265 2742 tuarum
3294 2679 3687 2773 lacrymaru_r_n

295 2771 439 2854 Ἐγὼ
464 2778 564 2858 γάρ
595 2781 702 2856 εἰμι
731 2783 766 2850 ἡ
796 2766 1111 2847 -ἆνάστασις
1168 2784 1256 2839 καὶ
1312 2784 1348 2851 ἡ
1602 2785 1804 2836 Παῦσαι
1837 2777 1949 2834 τοί-

2038 2786 2212 2858 causa
2239 2777 2298 2829 et
2354 2778 2741 2858 convertetur
2794 2769 2964 2831 dolor
3013 2777 3150 2830 tuus
3193 2769 3253 2830 in
3281 2768 3587 2858 gaudium.
3620 2766 3692 2829 Et

293 2886 379 2921 νυν
435 2869 542 2922 τῶν
593 2867 854 2949 ὀδυρμῶν,
900 2873 1096 2929 παῦσαι
1165 2879 1270 2930 τῶν
1325 2873 1553 2951 θρήνων,
1614 2871 1702 2926 καὶ
1750 2872 1946 2935 στῆσον

2038 2856 2325 2951 accedens
2355 2857 2550 2951 tetigit
2579 2859 2866 2951 loculum.
2927 2858 2999 2920 Et
3030 2865 3324 2921 steterunt
3353 2856 3689 2951 qui_porta-

290 2953 357 3008 τά
385 2950 579 3035 δάκρυα
614 2973 629 2988 ⁶
663 2945 944 3030 λυθήσεται
1006 2962 1106 3041 γάρ
1165 2982 1257 3018 σου
1312 2945 1419 3015 τέῦν
1476 2957 1714 3038 δακρύων
1741 2958 1776 3024 ἦ
1809 2955 1947 3034 πρό-

2038 2945 2198 3041 bant,
2229 2947 2539 3041 stupefacti
2571 2955 2629 3015 et
2680 2947 2837 3041 intra
2883 2966 2949 3010 se
2988 2955 3345 3041 quaerentes
3373 2945 3508 3027 quis
3531 2953 3692 3009 esset

292 3034 493 3122 φθίσις,
521 3048 609 3104 καὶ
665 3034 1125 3122 μεταϐληθήσεται
1180 3051 1241 3106 τὸ
1283 3048 1471 3112 πένθος
1516 3034 1610 3107 σοῦ
1648 3048 1720 3111 εἷς
1750 3044 1947 3125 χαράν.

2038 3034 2136 3125 ille
2161 3043 2219 3097 et
2238 3055 2354 3116 qua
2376 3035 2451 3098 de
2475 3056 2653 3098 causa
2677 3036 2969 3115 tetigisset
2988 3036 3277 3099 loculum.
3303 3036 3450 3098 Cum
3496 3045 3692 3099 autem

298 3133 399 3188 Καὶ
455 3136 754 3216 προσελθὼν
802 3137 982 3215 ἥψατο
1047 3143 1151 3204 τῶς
1223 3145 1402 3218 σοροῦ,
1457 3138 1546 3194 καὶ
1631 3123 1859 3201 ἔστησαν
1906 3150 1949 3203 οῖ

2038 3123 2493 3218 circumstarent
2513 3126 2684 3218 valde
2713 3125 2972 3195 attoniti,
3000 3134 3057 3187 et
3075 3125 3219 3206 quid
3238 3125 3503 3218 futurum
3521 3133 3696 3218 esset

463 3189 748 3216 ’Ἰ””””’ῗ“”’
810 3189 981 3215 ’⁸Τ’“’”
1059 3189 1149 3204 ’-ν
1227 3189 1402 3218 "l'"!
1464 3189 1545 3194 7""
1637 3189 1714 3191 ‘7‘
1748 3189 1850 3201 ’γννή
1919 3189 1949 3203 Ἷ

293 3220 643 3296 βαστάζοντες
722 3226 1142 3304 ἐκπληττόμενοι
1227 3228 1316 3284 καὶ
1399 3224 1792 3304 διαποροῦντες,
1864 3221 1949 3291 Τίς

2038 3213 2242 3274 videre
2264 3223 2573 3296 cuperent,
2604 3215 2901 3277 allocutus
2933 3222 3022 3276 est
3054 3189 3350 3275 mortuum
3397 3212 3692 3297 Christus,

292 3309 432 3391 ἐστιν
462 3315 637 3378 οὗτος,
696 3317 783 3372 καὶ
838 3315 924 3373 ἐπὶ
986 3300 1085 3373 τίνι
1135 3319 1320 3390 σκὸπῷ
1374 3300 1695 3390 ἥψατο-τῆς
1740 3318 1948 3391 σοροῦ;

2039 3310 2097 3363 ει
2115 3300 2196 3363 ait
2219 3319 2233 3364 :
2261 3302 2435 3364 «Tibi
2456 3304 2615 3384 dico,
2640 3303 3014 3377 adolescens,
3039 3320 3241 3381 surge,
3275 3324 3300 3358 ι»
3330 3310 3389 3363 et
3411 3304 3491 3365 ita
3512 3304 3692 3366 verbo

296 3390 389 3465 Ὠς
434 3399 488 3458 δὲ
557 3403 925 3484 περιμένοντες
983 3405 1117 3473 ἦσαν
1201 3405 1335 3481 μετὰ
1406 3399 1665 3479 θάμϐους,
1723 3390 1946 3464 πολλοῦ,

2038 3400 2095 3454 et
2138 3392 2444 3484 manibus“
2475 3403 2774 3457 mortuum
2819 3392 3147 3473 suscitavit,
3212 3400 3271 3454 et
3328 3392 3689 3484 loquebatur

291 3491 379 3546 καὶ
433 3489 564 3548 ἰδεῖν
624 3481 960 3572 προσεδόκων
1043 3496 1106 3550 τὸ
1186 3492 1617 3569 συμϐησόμενον,
1705 3488 1947 3569 ἐφώνησε

2038 3499 2233 3544 coram
2262 3481 2563 3547 omnibus.
2625 3486 2769 3545 Cum
2828 3489 3028 3545 autem
3068 3488 3273 3563 posset
3332 3481 3513 3544 verbo
3566 3484 3694 3546 solo

294 3580 384 3637 τὸν
413 3582 596 3661 νεκρὸν
626 3570 932 3662 ὁ-Χριστὸς,
982 3584 1071 3640 καὶ
1100 3584 1247 3640 εἷπε’
1312 3583 1404 3638 Σοὶ
1461 3579 1625 3661 λέγω,
1686 3578 1949 3652 νεανίσκε,

2038 3570 2388 3662 miraculum
2412 3571 2679 3662 Christus
2701 3573 2966 3648 efﬁcere,
2995 3571 3180 3651 tangit
3205 3579 3401 3632 tamen
3419 3571 3693 3635 lecticam

295 3659 559 3748 ἐγέρθητι,
617 3674 705 3729 καὶ
734 3659 897 3730 ὀὕτω
967 3673 1121 3753 λόγῳ·
1166 3673 1253 3729 καὶ
1312 3673 1421 3751 ἁφῇ
1477 3672 1566 3726 τὸν
1612 3659 1821 3748 νεκρὸν
1864 3666 1949 3733 ἐξ·

2038 3668 2098 3721 ut
2126 3660 2423 3722 discamus
2453 3659 2671 3724 Christi
2692 3662 2803 3724 Dei
2836 3662 3021 3723 nostri
3078 3679 3296 3741 corpus
3321 3679 3540 3741 corpus
3561 3680 3693 3724 esse

297 3757 577 3836 ανέστησε,
638 3763 725 3818 καὶ
812 3761 988 3818 ἐλάλει
1066 3761 1289 3819 ἐνώπιον
1354 3760 1592 3822 πάντων.
1655 3757 1952 3833 Δυνάμενος

297 3843 351 3901 δὲ
391 3845 547 3929 λόγῳὶ
589 3850 736 3925 μόνῳ
790 3856 1011 3918 ποιῆσαι
1068 3852 1130 3908 τὸ
1199 3854 1374 3927 θαῦμα
1416 3853 1444 3906 ὁ
1514 3849 1758 3929 Χριστὸς,
1805 3844 1952 3921 ὅμως

297 3934 518 3994 ἅπτεται
555 3944 654 4007 τῆς
714 3939 899 4008 κλίνης
959 3938 1084 4021 (12)
1145 3937 1230 3996 διὰ
1284 3941 1366 4015 τὸ,
1428 3937 1520 3995 ἵνα
1550 3938 1822 4014 μάθωμεν,
1869 3934 1950 3991 ὅτι

297 4026 358 4081 τὸ
389 4030 543 4102 σῶμα
574 4036 798 4109 Χριστοῦ
852 4036 946 4087 τοῦ
1002 4037 1135 4096 Θεοῦ
1191 4031 1369 4104 ἡμῶν,
1428 4027 1584 4103 σῶμά
1644 4025 1771 4083 ἐστιι
1809 4024 1952 4097 ζωῆς

299 4117 386 4173 καὶ
414 4117 693 4184 ἀθανασίας
725 4135 741 4149 ⁶
775 4121 865 4177 καὶ
913 4120 994 4176 ὅτι
1053 4119 1205 4184 αὖτὸς
1254 4118 1394 4175 ἐστιν
1452 4120 1480 4174 ὁ
1510 4117 1786 4197 καταρχὰς
1814 4136 1951 4195 χερ-

297 4206 378 4260 σὶν
408 4205 693 4287 ἀχράντοις
719 4210 847 4288 (13)
894 4211 1211 4289 θεουργικῶς
1278 4205 1571 4270 διαπλάσας
1601 4207 1690 4262 τὸν
1748 4201 1952 4283 ἅνθρω-

299 4316 420 4369 πον,
480 4299 568 4354 καὶ
635 4306 712 4374 τῷ
758 4303 883 4372 θειῳ
935 4300 1022 4356 καὶ
1083 4305 1245 4379 νοερῷ
1300 4297 1638 4378 ἐμφύσηματι
1694 4293 1953 4374 ψυχώσας

297 4384 384 4439 ταὶ
413 4385 633 4456 ζωώσας
663 4388 818 4447 αὐτόν
853 4405 865 4420 °
928 4390 1016 4445 καὶ
1071 4386 1153 4444 ὅτι
1210 4388 1366 4451 αὒτὸς
1424 4386 1582 4443 πάλιν
1628 4384 1841 4463 ὕστερον
1873 4380 1957 4438 διὰ

2036 3749 2170 3812 vitae
2213 3758 2271 3811 et
2298 3749 2793 3828 immortalitatis;
2829 3760 2887 3814 et
2928 3752 3125 3832 ipsum
3158 3768 3290 3811 esse
3320 3749 3421 3830 qui
3464 3750 3538 3812 ab
3570 3750 3690 3812 ini-

2037 3837 2117 3899 tio
2151 3838 2478 3918 impollutis
2510 3839 2784 3902 manibus
2815 3840 3012 3902 divina
3043 3848 3170 3901 arte
3225 3838 3529 3903 hominem
3561 3840 3689 3902 for-

2037 3926 2239 4002 mavit,
2273 3935 2331 3990 et
2361 3928 2558 3991 divino
2584 3928 3044 3993 etintellectuali
3065 3928 3277 4008 spiritu
3304 3947 3439 3990 eum
3460 3928 3694 3991 anima-

2034 4020 2115 4080 vit
2144 4027 2199 4081 et
2230 4020 2562 4103 viviﬁcavit,
2586 4031 2763 4104 atque
2802 4024 2997 4104 ipsum
3031 4020 3320 4101 deinceps
3348 4038 3457 4101 per
3489 4020 3693 4083 tubam

2038 4110 2358 4171 humanam
2385 4119 2654 4173 naturam
2683 4114 3106 4175 suscitaturum
3157 4128 3315 4191 esse,
3348 4117 3407 4172 et
3450 4110 3693 4173 unicui-

2036 4216 2151 4278 que
2188 4199 2361 4278 juxla
2385 4219 2564 4281 opera
2594 4220 2700 4263 sua
2725 4201 3123 4264 redditurum.
3175 4199 3364 4261 Judex
3414 4199 3572 4260 enim
3607 4207 3693 4261 est

2034 4288 2296 4348 vivorum
2331 4298 2390 4351 et
2420 4297 2815 4373 mortuorum,
2841 4297 2900 4351 et
2924 4290 3053 4371 ipse
3085 4295 3174 4350 est
3203 4288 3294 4349 via
3333 4295 3391 4349 et
3433 4289 3691 4364 veritas;

2039 4395 2234 4457 neque
2256 4377 2514 4456 egebunt
2540 4389 2775 4442 rectore
2805 4380 2906 4460 qui
2952 4396 3088 4439 eum
3121 4384 3469 4457 sequentur.
3495 4375 3558 4437 Si
3580 4394 3692 4438 au-

299 4474 590 4555 σάλπιγγος
646 4479 745 4545 τὴν
801 4478 1128 4556 ἀνθρωπίνην
1201 4478 1350 4556 φύσιν
1422 4475 1606 4551 μέλλει
1654 4473 1949 4538 ἀναστῆσαι

2038 4473 2160 4526 tem
2193 4472 2280 4526 cst
2310 4468 2547 4557 veritas,
2573 4468 2720 4530 nihil
2754 4468 2974 4557 habent
2996 4465 3135 4557 falsi
3150 4484 3282 4545 quae
3338 4463 3410 4524 ab
3435 4483 3505 4525 eo
3537 4464 3705 4557 dicta,

296 4566 384 4622 καὶ
434 4566 638 4646 ἐγεῖραι
699 4569 788 4624 καὶ
869 4565 1151 4626 ἀποδοῦναι
1232 4566 1440 4639 ἑκάστῳ
1495 4566 1631 4622 κατὰ
1688 4563 1755 4619 τὰ
1826 4560 1951 4639 ἔργα

298 4658 477 4715 αὖτοῦ.
527 4657 720 4735 Κριτὴς
781 4657 882 4735 γάρ
975 4656 1086 4712 ἐστι
1141 4656 1352 4727 ζώντων
1439 4655 1527 4711 καὶ
1583 4658 1802 4733 νεκρῶν,
1865 4652 1951 4706 καὶ

298 4746 454 4809 αύτδς
511 4746 651 4804 ἐστιν
705 4749 740 4814 ἡ
790 4744 910 4810 ὁδὸς
969 4746 1057 4804 καὶ
1107 4746 1169 4823 ἡ,
1200 4743 1444 4817 ἀλήθεια,
1504 4745 1561 4800 εὖ
1603 4740 1950 4811 δεηθήσονται

297 4843 390 4894 τοῦ
443 4844 904 4915 χειραγωγοῦντος
959 4836 1006 4891 οὶ
1084 4831 1489 4895 ἀκολουθοῦντες
1542 4833 1708 4905 αύτῷ,
1782 4829 1843 4886 El
1898 4824 1953 4882 δὲ

298 4926 387 4980 καὶ
415 4923 656 4999 ἀλήθεια,
706 4927 765 4982 οὗ
821 4921 1032 5003 ψεῦδος,
1089 4924 1155 4981 τὰ
1210 4920 1495 5000 λεγόμενα,
1568 4920 1656 4975 καὶ
1702 4916 1952 4995 μακάριοι

300 5016 346 5069 οἱ
375 5021 530 5071 τοῦτο
584 5014 919 5077 πιστεύοντες
981 5032 995 5045 ·
1050 5013 1093 5068 εἰ
1148 5010 1203 5066 δὲ
1258 5012 1346 5067 καὶ
1400 5010 1536 5083 ζωὴ,
1596 5006 1693 5065 κᾶν
1744 5004 1951 5062 ἀποθά-

299 5126 453 5178 νωσι,
510 5106 758 5176 ζήσονται
817 5106 864 5160 οἱ
924 5100 1266 5180 ’πληροῦντες
1291 5100 1384 5164 τὰς
1444 5097 1618 5180 ἁγίας⁸
1646 5095 1804 5152 αὐτοῦ
1864 5092 1955 5149 ἐν·-

299 5177 483 5268 τολὰς,
533 5195 706 5257 καθὼς
762 5191 921 5249 πάλιν
977 5177 1222 5270 ἀλλαχοῦ
1290 5187 1433 5267 λέγει
1471 5204 1483 5217 ·
1538 5209 1565 5240 ιι
1605 5177 1662 5244 ²Ο
1692 5181 1954 5241 πιστεύων

300 5284 373 5347 εἷς
432 5283 551 5359 ἐμὲ,
610 5283 706 5340 κᾶν
751 5280 1014 5356 ἀποθάνῃ,
1076 5281 1316 5350 ζήσεται.
1376 5279 1497 5351 Καὶ,
1556 5275 1646 5335 ἐάν
1717 5294 1797 5336 τις
1864 5271 1956 5326 τὸν

299 5372 428 5448 ἐμὸν
484 5370 643 5451 λόγον
723 5370 961 5449 τηρήσῃ,
1039 5368 1260 5425 θάνατον
1339 5371 1398 5427 οὐ
1457 5367 1534 5444 μὴ
1590 5364 1837 5443 θεωρήσῃ
1886 5360 1958 5423 εἰς

388 5547 508 5632 (10)
542 5570 573 5611 ‹
610 5539 667 5609 ὀ
714 5546 939 5632 Ἰησοῦς.
976 5566 1005 5608 ι
1040 5545 1214 5630 Apud
1246 5547 1461 5610 Lucam
1510 5549 1539 5603 ὁ
1583 5546 1793 5625 Κύριος.
1824 5539 1956 5604 Mox

302 5628 408 5689 ἐπ”
430 5632 589 5709 αὒτῇ,
624 5635 687 5691 et
714 5628 1040 5691 ἀνεκάθισεν.

387 5707 579 5792 (1υά
626 5711 761 5792 Πρὸς
805 5709 1000 5792 τειξρήν.
1027 5728 1070 5792 _»
1107 5707 1293 5773 Paulo
1324 5718 1485 5782 ante,
1520 5708 1649 5792 πρὸς

387 5730 475 5792 με
494 5730 517 5790 )
551 5734 579 5766 α
626 5730 761 5789 ιιρος
805 5730 1000 5788 ταφην.
1040 5730 1070 5766 n
1108 5730 1293 5773 raulo
1324 5730 1485 5782 ante,
1594 5730 1649 5772 ος

386 5790 749 5872 (12)«Αιὰτὸ.
776 5808 807 5850 ι
832 5787 972 5853 Ηωο
991 5788 1204 5852 abesse
1223 5730 1652 5873 poterant?”

1690 5705 1879 5785 τάφον.
1919 5780 1932 5793 .

1654 5793 1807 5850 tasse
1819 5799 1939 5847 8οη
1949 5814 1968 5828 ·

2036 4562 2193 4629 sunt,
2243 4562 2302 4616 et
2330 4555 2483 4617 beati
2529 4557 2631 4636 qui
2662 4557 2721 4618 id
2753 4555 3053 4634 credunt;
3089 4554 3139 4614 si
3170 4571 3307 4614 vero
3341 4559 3430 4614 est
3477 4554 3695 4629 etvita,

2036 4643 2269 4705 etiamsi
2314 4647 2530 4708 mortui
2587 4646 2829 4722 fuerint,
2893 4645 3110 4716 vivent,
3174 4643 3277 4723 qui
3332 4650 3537 4703 sancta
3565 4643 3696 4724 ejus

2036 4733 2314 4795 mandata
2341 4735 2671 4816 adimplent
2694 4756 2709 4808 ;
2735 4726 3238 4816 quemadmodum
3263 4739 3322 4793 et
3342 4731 3484 4791 alibi
3505 4730 3651 4794 dicit
3676 4749 3690 4795 :

2041 4845 2067 4877 ι
2103 4820 2216 4893 Qui
2244 4823 2433 4884 credit
2462 4824 2524 4885 in
2551 4843 2667 4905 me,
2703 4824 2879 4886 etiam
2913 4822 2965 4884 si
2996 4831 3269 4882 mortuus
3292 4819 3491 4895 fuerit,
3515 4820 3690 4895 vivet,

2038 4911 2096 4973 Si
2127 4911 2259 4991 quis
2290 4930 2629 4975 sermonem
2664 4932 2867 4975 meum
2914 4909 3262 4989 servaverit,
3286 4915 3533 4970 mortem
3574 4928 3694 4971 non

2037 4999 2260 5061 videbit
2282 5001 2342 5061 in
2360 5013 2678 5066 aeternum.
2709 5022 2739 5063 ›
2760 5000 3082 5082 Accipiunt
3100 4996 3342 5078 quidem
3366 4996 3429 5058 in
3450 4996 3711 5069 auribus.

2040 5089 2147 5150 Dei
2178 5089 2423 5151 verbum
2457 5098 2515 5153 et
2543 5091 2845 5154 daemones
2863 5102 2924 5153 et
2952 5086 3230 5151 homines
3259 5084 3516 5166 improbi
3547 5086 3695 5162 ;sed

2041 5197 2160 5240 non
2183 5178 2243 5240 in
2265 5180 2473 5243 auditu
2492 5188 2717 5242 tantum
2739 5180 2852 5242 levi
2872 5176 3079 5241 salutis
3110 5182 3331 5236 nostrae
3347 5192 3545 5236 sermo
3579 5182 3691 5252 est,

2043 5285 2241 5347 neque
2261 5268 2322 5329 in
2347 5269 2620 5331 doctrina
2640 5278 2869 5331 tantum
2891 5267 3011 5328 vita
3028 5272 3138 5338 est,
3166 5263 3272 5324 sed
3296 5270 3355 5324 et
3376 5263 3436 5323 in
3467 5262 3700 5325 audito-

2040 5375 2174 5420 rum
2205 5357 2616 5422 observatione
2646 5366 2704 5422 et
2733 5355 3181 5440 adimpletione.
3238 5353 3485 5414 Mortem
3518 5351 3698 5431 igitur

2039 5544 2243 5621 pserat
2268 5536 2638 5620 Xiphilinus,
2668 5537 2804 5595 διατί
2829 5538 2990 5621 ξένοι.

2126 5619 2175 5699 (4
2191 5616 2257 5698 3)
2288 5642 2319 5699 ft
2351 5608 2707 5698 δεουργικέῦςι
2748 5641 2772 5679 ο
2827 5608 3065 5682 Divina
3116 5620 3267 5679 arte.
3321 5608 3695 5676 vocabulum

2047 5698 2245 5760 minus
2274 5698 2578 5779 frequens.
