4156 6380
463 341 620 424 ηοτ

1575 351 1631 414 J.
1676 352 2069 416 XIPHILINI
2113 353 2227 416 GP.
2275 353 2742 416 PARIARCHA!

3655 290 3661 295 ψ
3699 343 3866 410 1208

460 493 583 538 non
614 475 837 540 videbit
864 478 928 541 in
956 486 1248 542 aeternum
1279 481 1382 562 qui
1423 481 1684 542 ﬁrmiter
1719 481 1923 545 divina
1954 501 2113 564 prae-

2202 485 2286 538 νὸν
2318 483 2480 540 αἰῶνα
2531 504 2554 539 υ
2597 483 2682 538 Δέ·
2955 485 2969 499 ⁸
3087 486 3100 528 ἶ
3200 485 3264 518 τ-
3346 485 3422 522 ~‘~
3479 505 3508 518 -
3545 491 3565 501 '
3602 488 3727 536 Geo”
3762 477 3864 534 λό-

2491 529 2503 541 .
2671 505 2856 562 Αονται
2911 506 3009 558 μεν
3061 506 3132 548 ε.ς
3189 506 3300 540 ω.α
3357 506 3436 539 μοι
3491 505 3571 541 κου
3703 506 3733 538 υ

459 571 632 646 cepta
657 573 716 627 et
735 569 1015 631 mandata
1036 568 1254 633 Christi
1279 569 1536 632 custodit
1595 569 1733 632 Haec
1755 581 1951 634 autem
1978 571 2125 635 dicit

459 651 778 737 Dominus,
811 674 932 718 non
984 658 1230 720 omnino
1275 658 1442 721 carni
1511 667 1764 722 mortem
1817 661 2116 737 auferens,

460 744 566 806 sed
591 751 846 807 mortem
881 765 1001 810 non
1052 747 1180 827 jam
1237 756 1490 811 mortem
1524 767 1657 811 esse
1704 759 2012 830 reputans,
2063 759 2124 813 ut

461 831 644 898 Deus.
661 835 872 916 Neque
896 835 1058 898 enim
1081 843 1309 899 tantum
1341 839 1465 900 Deo
1498 837 1670 900 facile
1700 847 1790 900 est
1820 850 2120 902 mortuum

458 929 520 985 et
545 932 921 1004 corruptum,
967 926 1476 1008 quemadmodum
1532 927 1771 1005 accidit,
1796 929 2116 1006 viviﬁcare,

457 1011 564 1073 sed
590 1011 768 1074 etiam
812 1014 970 1094 quod
995 1034 1112 1076 non
1132 1015 1297 1077 estin
1320 1017 1769 1094 generationem
1795 1019 2116 1081 adducere.

459 1099 531 1163 Et
570 1099 706 1164 ideo
737 1102 978 1183 quidem
1010 1102 1190 1166 dicit:
1230 1129 1258 1160 α
1309 1103 1698 1181 Adolescens,
1762 1107 1871 1168 tibi
1902 1108 2032 1170 dico
2065 1117 2123 1171 et

458 1187 691 1278 impero
717 1209 919 1271 surge.
946 1216 970 1250 ι
999 1190 1136 1254 Tibi
1153 1203 1387 1255 mortuo
1407 1193 1543 1256 dico
1569 1211 1719 1270 ;non
1743 1196 1991 1259 alteram
2015 1217 2122 1278 pro

457 1277 652 1342 altera
678 1278 901 1343 induco
923 1281 1018 1344 vel
1042 1280 1274 1364 inspiro
1322 1281 1582 1344 animam
1611 1302 1626 1360 ;
1683 1285 1955 1347 eamdem
1981 1277 2121 1349 vero

451 1365 639 1448 jubeo
670 1386 806 1431 mea
832 1370 1052 1432 virtute
1099 1378 1158 1432 et
1185 1378 1475 1452 potestate
1517 1373 1778 1452 regredi.
1804 1373 2121 1438 Viviﬁcare

463 1463 522 1520 et
552 1456 792 1538 evigila,
808 1458 990 1540 jussit
1009 1458 1302 1522 Dominus
1330 1468 1386 1522 et
1404 1479 1613 1522 servus
1633 1461 1860 1524 obediit
1883 1465 2120 1527 Domini

455 1547 758 1629 mandato,
795 1555 854 1610 et
875 1547 1174 1612 animatus
1197 1558 1258 1612 et
1280 1557 1502 1611 motum
1524 1551 1831 1632 accipiens
1863 1554 2112 1630 resedit,

455 1641 516 1699 et
543 1635 720 1717 coepit
750 1637 912 1720 loqui
944 1656 1150 1701 coram
1181 1638 1344 1701 omni
1376 1640 1622 1720 populo,
1653 1659 1728 1702 ne
1749 1641 1884 1722 quis
1913 1644 2115 1724 suspi-

457 1731 698 1786 caretur
725 1725 948 1788 malum
999 1727 1274 1807 spiritum
1334 1726 1675 1809 ingressum
1722 1732 1852 1810 ejus
1903 1751 2116 1813 corpus

457 1816 734 1896 movisse,
765 1822 826 1876 et
866 1833 975 1896 per
1004 1801 1434 1896 deceptionem'
1453 1827 1513 1879 et
1561 1801 1772 1880 dolurri
1795 1837 1921 1882 rem
1953 1801 2116 1883 acci-
2141 1801 2178 1848 Β

457 1900 642 1965 disse.
669 1901 1046 1985 Quapropter
1061 1903 1290 1967 resedit
1306 1913 1574 1967 mortuus
1593 1915 1651 1968 et
1676 1907 2031 1989 loquebatur
2057 1920 2120 1973 ut

459 1989 541 2054 de
571 1992 876 2054 communi
914 1999 974 2054 et
1022 1991 1347 2055 universali
1406 2002 1776 2058 mortuorum
1837 2015 2117 2062 resurre-

460 2079 725 2143 ctionem
750 2079 929 2142 fidem
949 2080 1195 2145 faceret.
1220 2079 1356 2143 Haec
1380 2083 1539 2143 enim
1571 2083 1738 2162 signa
1762 2094 1930 2148 erant
1948 2088 2119 2150 ﬁrma

461 2175 691 2233 ctcerta
703 2169 1186 2234 resurrectionis.
1200 2172 1434 2252 Corpus
1453 2171 1613 2233 enim
1632 2191 1750 2234 non
1765 2174 2114 2253 animatum,

455 2276 655 2342 neque
683 2258 896 2323 sedere
927 2277 1123 2340 neque
1151 2259 1316 2341 loqui
1347 2277 1556 2321 revera
1586 2269 1800 2342 potest.
1833 2262 2005 2326 Unde
2063 2273 2121 2328 et

456 2347 623 2411 dedit
647 2346 816 2410 illum
851 2348 1026 2410 matri
1055 2366 1178 2411 suae
1205 2349 1278 2411 ad
1333 2349 1623 2428 majorem
1653 2351 1848 2415 adhuc
1879 2360 2121 2434 persua-

457 2438 691 2501 sionem
716 2443 775 2498 et
804 2437 1010 2500 ﬁdem.

2207 594 2302 649 γον
2334 573 2418 627 καὶ
2475 569 2719 647 δαίμονες
2776 575 2863 629 καὶ
2918 569 3178 652 ἅνθρωποι
3235 571 3449 652 φαῦλοι,
3509 569 3626 626 ἀλλ’
3686 570 3779 625 οῦκ
3810 567 3866 622 ἐν

2207 661 2455 740 ἀκροάσει
2487 661 2649 736 μόνον
2705 661 2839 739 ψιλῃ
2897 667 2996 729 τῆς
3057 664 3321 741 σωτηρίας
3379 663 3407 717 6
3450 659 3632 740 λόγος,
3665 655 3779 717 οῦδὲ
3809 657 3865 712 ἐν

2207 751 2355 827 μόνῳ
2405 757 2483 825 τῷ
2538 753 2730 826 μαθεῖν
2786 753 2822 820 ἡ
2877 752 3015 832 ζωὴ,
3088 749 3206 807 ἀλλ’
3266 750 3319 808 ἐν
3374 751 3451 826 τῷ
3508 749 3737 829 τηρῆσαι
3775 746 3865 803 καὶ

2205 840 2485 922 πληρῶσαι
2541 843 2603 898 τὸ
2660 842 2934 905 ἀκουσθέν.
2995 843 3231 899 Θάνατον
3282 843 3452 898 τοίνυν
3509 843 3568 897 οῦ
3616 839 3694 915 μὴ
3721 841 3862 895 θεω-

2205 933 2350 1010 Ρῆσῖλ
2422 933 2495 994 εἷς
2548 933 2640 989 τὸν
2697 932 2864 988 αἰῶνα
2934 935 2962 988 6
3046 929 3258 1008 βέϐαιος
3339 929 3503 1012 φύλαξ
3559 930 3664 986 τῶν
3711 929 3864 984 θείων

2204 1017 2430 1076 ἐντολῶν
2501 1021 2588 1078 καὶ
2679 1021 3105 1100 προσταγμάτων
3175 1027 3266 1076 τοῦ
3371 1027 3618 1093 Χριστοῦ.
3689 1022 3861 1074 Ταῦτα

2205 1107 2259 1165 δὲ
2302 1108 2444 1187 λέγει
2489 1112 2516 1165 ὁ
2570 1110 2780 1188 Κύριος,
2841 1110 2964 1190 ούχὶ
3021 1110 3232 1173 πάντως
3289 1109 3517 1188 ἀναιρῶν
3575 1109 3636 1163 τὸ
3671 1105 3860 1162 τεθνά-

2205 1220 2289 1254 ναι
2359 1199 2534 1277 σαρκὶ,
2609 1196 2746 1254 ἀλλά
2801 1199 2893 1256 τὸν
2967 1199 3210 1272 θάιατον,
3274 1199 3497 1254 θάνατον
3581 1197 3722 1252 εἶναι
3781 1193 3860 1269 μη

2203 1285 2571 1366 λογιζόμενος,
2624 1289 2700 1351 ὡς
2757 1287 2886 1352 Θεός
2941 1286 3092 1366 (14)⁶
3167 1285 3284 1346 οὔδε
3341 1287 3420 1361 τῷ
3475 1292 3591 1360 Θεῷ
3645 1286 3705 1340 τὸ
3767 1303 3856 1337 νε-

2203 1377 2352 1454 κρὸν,
2410 1377 2539 1432 καθὸ
2610 1375 2865 1457 πέφυκεν,
2924 1375 3060 1434 ἀλλὰ
3090 1378 3178 1434 καὶ
3231 1377 3293 1432 τὸ
3333 1377 3410 1450 μή
3461 1373 3519 1430 ὅν
3591 1372 3734 1451 ἄγειν
3786 1373 3858 1434 εἷς

2202 1463 2432 1542 γένεσιν,
2510 1465 2597 1520 καὶ
2646 1465 2707 1520 τὸ
2761 1465 3187 1546 κατεφθαρμένον
3264 1461 3494 1527 εὒκόλως
3548 1469 3856 1534 ζωοποιεῖν.

2205 1552 2304 1608 Διὰ
2360 1553 2460 1631 γὰρ
2517 1558 2674 1610 τοῦτο
2749 1554 2837 1609 καὶ
2925 1551 3095 1632 λέγει,
3179 1553 3456 1632 Νεανίσκε,
3544 1552 3623 1608 σοὶ
3692 1547 3856 1627 λέγω,

2200 1641 2291 1696 καὶ
2359 1642 2442 1697 σοὶ
2515 1642 2854 1722 προστάσσω,
2943 1641 3205 1722 ἐγέρθητι.
3294 1643 3410 1715 Σοὶ,
3490 1641 3568 1714 τῷ
3616 1643 3859 1696 τεθνεῶτι

2200 1728 2344 1809 λέγω
2378 1745 2390 1759 ⁸
2441 1735 2546 1811 οὐχ
2575 1729 2756 1810 ἐτέρατ
2786 1731 2897 1788 ἀνθ’
2942 1731 3120 1810 ἐτέρας
3155 1731 3353 1808 εἰσάγω
3411 1730 3446 1798 ἢ
3504 1729 3716 1806 ἐμπνέω
3747 1732 3858 1802 ψυ-

2203 1827 2312 1898 χὴν
2365 1818 2512 1896 (15),
2586 1819 2749 1887 αῦτὴν
2823 1819 3188 1896 ἀνακαλοῦμαι
3248 1817 3570 1882 δεσποτικῶς
3629 1824 3698 1894 τῇ
3753 1816 3859 1892 ἐμῇ

2202 1905 2416 1982 δυνάμει
2471 1907 2823 1988 ὑποστρέψαι,
2897 1909 3146 1976 Ζωώθητι
3225 1910 3314 1965 καὶ
3407 1908 3669 1986 ἐγέρθητι,
3731 1905 3855 1962 ἐκέ-

2202 1995 2382 2056 λευσεν
2414 1999 2442 2052 6
2504 1998 2808 2078 Δεσπότης,
2863 1999 2953 2054 καί
3017 2002 3046 2055 6
3105 1997 3285 2061 δοῦλος
3341 1999 3606 2068 ὑπήκουσε
3665 2003 3740 2070 τῷ
3765 2001 3860 2051 τοῦ

2207 2087 2477 2145 Δεσπότου
2532 2089 2924 2167 προστάγματι,
2977 2089 3065 2145 καὶ
3124 2089 3416 2169 ψυχωθεὶς,
3483 2089 3574 2145 καὶ
3627 2088 3858 2154 κινηθεὶς

2201 2175 2498 2256 ἀνεκάθισε,
2558 2178 2645 2233 καὶ
2713 2175 2906 2256 ἤρξατο
2975 2175 3160 2234 λαλεῖν
3231 2177 3458 2258 ἐνώπιον
3514 2178 3710 2240 παντὸς
3766 2182 3858 2232 τοῦ

2200 2262 2352 2340 λαοῦ,
2384 2263 2478 2320 ἵνα
2509 2267 2586 2341 μή
2611 2289 2691 2329 τις
2720 2265 2985 2344 ὑπολάϐῃ,
3043 2265 3123 2323 ὅτι
3179 2274 3388 2341 πνεῦμα
3443 2265 3570 2346 (16)
3603 2266 3856 2346 πονηρίας

2198 2352 2507 2411 δπεισελθὸν
2555 2357 2615 2412 τὸ
2683 2361 2839 2432 σῶμα
2909 2356 3142 2430 ἐκίνησε,
3213 2358 3301 2413 καὶ
3381 2356 3518 2414 κατὰ
3571 2357 3856 2436 φαντασίαν

2199 2441 2384 2501 λοιπὸν
2429 2445 2516 2500 καὶ
2547 2443 2758 2512 ἀπάτην
2812 2447 2873 2500 τὸ
2933 2452 3152 2525 πρᾶγμα
3221 2445 3528 2525 γεγένηται.
3569 2446 3667 2501 Διὰ
3706 2455 3857 2505 τοῦτο

455 2529 544 2586 καὶ
586 2527 889 2585 ἀνεκάθισεν
920 2530 949 2585 6
977 2530 1159 2605 νεκρὸς
1201 2530 1290 2585 καὶ
1332 2527 1509 2590 ἐλάλει
1538 2504 1670 2608 πρὸς
1701 2530 2062 2613 πληροφορίαν
2090 2534 2188 2599 τῆς
2218 2537 2404 2600 κοινῆς
2447 2533 2535 2589 καὶ
2565 2504 2847 2602 καθολικῆς
2879 2504 3134 2614 ἐγέρσέῶς
3164 2504 3269 2592 τῶν
3300 2504 3524 2614 νεκρῶν.
3553 2540 3727 2592 Ταῦτα
3756 2535 3858 2613 γὰρ

455 2632 664 2695 σημεῖα
690 2623 790 2684 τῆς
821 2617 1159 2682 ἀναστάσεως
1193 2617 1377 2694 βέϐαια
1406 2620 1494 2675 καὶ
1523 2619 1737 2700 ἀσφαλῇ
1771 2640 1788 2657 ⁸
1836 2629 1992 2698 σῶμα
2021 2624 2120 2702 γὰρ
2152 2619 2388 2701 ἄψυχον,
2421 2620 2535 2679 οὔτε
2565 2621 2742 2700 λέγειν
2772 2621 2983 2680 δύναται
3015 2629 3083 2700 τῇ
3113 2622 3332 2695 ἀληθείᾳ
3361 2639 3373 2652 ⁸
3409 2621 3525 2680 ὅθεν
3558 2625 3646 2679 καὶ
3666 2620 3857 2678 ἔδωκεν

462 2709 620 2768 αὐτὸν
647 2713 716 2784 τῇ
761 2708 922 2786 μητρὶ
970 2710 1128 2767 αὺτοῦ
1157 2709 1288 2786 πρὸς
1319 2707 1535 2765 πλείονα
1566 2708 1928 2791 πληροφορίαν
1957 2713 2045 2768 καὶ
2075 2712 2352 2773 πίστωσιν,

540 2797 861 2878 Postquam
921 2793 1082 2856 enim
1141 2794 1497 2856 miraculum
1558 2795 1705 2857 illud
1777 2799 2004 2876 grande
2057 2799 2119 2860 in

457 2887 733 2950 timorem
751 2890 812 2954 et
837 2889 1146 2964 stuporem
1173 2901 1383 2945 omnes
1433 2883 1540 2964 qui
1575 2885 1825 2947 aderant
1847 2887 2112 2964 adduxit,

2285 2795 2505 2866 Ἐπειδὴ
2557 2797 2610 2854 δὲ
2653 2801 2715 2855 τὸ
2769 2799 3055 2880 παράδοξον
3127 2809 3221 2860 τοῦ
3277 2801 3512 2881 μέγαλου
3593 2801 3857 2877 θαύματος

2202 2887 2388 2944 τούτου
2444 2889 2518 2950 εἰς
2562 2885 2724 2968 φόϐον
2795 2891 2880 2946 καὶ
2943 2890 3270 2958 κατάπληξιν
3319 2892 3440 2955 τοὺς
3503 2891 3623 2947 τότε
3666 2891 3861 2968 παρόν-

458 2970 1140 3058 gloriﬁcaveruntDeum
1155 2971 1427 3033 dicentes
1450 2993 1464 3030 :
1515 2996 1540 3028 (ι
1562 2975 1860 3054 Propheta
1871 2995 2117 3056 magnus

2202 2997 2294 3040 τας
2351 2975 2554 3056 ἤγαγεν
2612 2975 2874 3054 ἅπαντας,
2947 2981 3036 3037 καὶ
3133 2979 3374 3052 ἐδόξαζον
3423 2981 3514 3036 τὸν
3587 2981 3717 3036 Θεὸν
3773 2978 3858 3036 λέ-

458 3061 715 3128 snrrexit
737 3059 798 3122 in
812 3059 1011 3138 nobis,
1037 3068 1099 3122 et
1115 3059 1365 3123 visitavit
1385 3059 1545 3122 Deus
1567 3063 1854 3142 papulum
1877 3085 2112 3128 suum.»

456 3150 741 3218 Nondum
771 3148 932 3212 enim
981 3147 1252 3212 notitiam
1309 3148 1608 3212 habebant
1657 3151 1732 3213 de
1787 3154 2024 3217 Christo
2055 3164 2119 3217 ut

457 3244 585 3309 Deo
605 3239 936 3305 Salvatore.
961 3240 1244 3303 Attamen
1266 3258 1386 3301 non
1410 3258 1655 3321 parvum
1685 3250 2116 3324 erat,magnum

459 3331 810 3414 prophetam
843 3336 902 3392 et
930 3327 1163 3392 caeteris
1194 3329 1502 3410 prapbetis
1528 3337 1588 3392 et
1611 3328 1740 3410 ipso
1775 3330 2119 3410 legislature

454 3423 658 3503 Moyse
688 3420 982 3500 majorem
1011 3417 1265 3480 credere
1310 3418 1653 3496 Dominum,
1689 3427 1749 3481 et
1771 3422 1996 3484 sensim
2027 3424 2119 3485 via

458 3508 856 3593 procedentes
877 3513 937 3570 et
967 3507 1354 3570 excelsiorem
1386 3507 1604 3571 adduci
1634 3510 2020 3588 sententiam,
2059 3520 2120 3575 et

455 3602 650 3665 Deum
682 3614 1031 3661 esseverum
1063 3596 1338 3660 credere.
1364 3597 1438 3660 Et
1460 3597 1603 3660 exiit
1635 3598 1791 3660 fama
1812 3601 1990 3681 hujus
2011 3602 2121 3663 mi-

453 3689 645 3753 raculi
672 3689 736 3751 in
784 3687 1124 3775 universam
1147 3685 1411 3775 Judaeam
1443 3695 1503 3750 et
1551 3687 1613 3749 in
1642 3704 1882 3752 omnem
1915 3692 2116 3775 regio-

459 3797 601 3843 nem
631 3776 911 3839 vicinam.
942 3774 1084 3838 Ideo
1117 3774 1278 3837 enim
1311 3775 1531 3838 multos
1562 3784 1744 3839 testes
1801 3778 1978 3859 hujus
2029 3774 2120 3844 rei

458 3867 754 3944 adhibuit,
802 3885 879 3928 ne
907 3865 1091 3927 invidi
1119 3863 1311 3928 Judaei
1359 3865 1712 3928 calumniari
1745 3874 1802 3928 et
1833 3869 2118 3932 miracula

458 3957 654 4022 celare
667 3955 980 4038 cupientes
993 3954 1054 4016 id
1073 3955 1311 4016 efﬁcere
1335 3963 1600 4035 possent.
1629 3955 1795 4018 Adeo
1827 3959 1983 4020 enim
2017 3959 2114 4019 di-

457 4045 690 4125 vulgata
706 4051 796 4105 est
816 4043 994 4124 hujus
1013 4041 1232 4105 mortui
1246 4042 1709 4105 resurrectionis
1727 4045 1948 4108 famaet
1962 4047 2117 4109 ultra

457 4133 798 4199 universam
827 4130 1046 4196 Iudaeae
1071 4130 1326 4192 vicinam
1357 4134 1695 4210 regionem,
1748 4141 1810 4194 ut
1831 4152 2020 4215 usque
2041 4137 2114 4198 ad

459 4240 636 4288 aures
662 4220 906 4283 Joannis
934 4219 1213 4302 Baptistae
1235 4219 1298 4281 in
1315 4219 1550 4282 deserto
1580 4220 1870 4283 versantis
1897 4241 2111 4304 perve-

2199 3085 2408 3143 γοντες,
2437 3065 2517 3121 ὅτι
2569 3087 2597 3119 α
2630 3069 2916 3147 Προφήτης
2955 3069 3122 3148 μέγας
3178 3070 3460 3148 ἐγήγερται
3524 3069 3578 3125 ἐν
3608 3071 3769 3144 ἡμῖν,
3821 3093 3850 3124 ι

2198 3155 2285 3212 καὶ
2314 3151 2394 3210 ὅτι
2445 3154 2829 3232 «ἐπεσκέψατο
2865 3160 2893 3214 6
2925 3160 3052 3224 Θεὸς
3109 3160 3200 3215 τὸν
3256 3157 3384 3215 λαὸν
3413 3159 3596 3219 αὐτοῦ.
3635 3180 3662 3212 ι
3697 3155 3858 3216 Οὔπω

2198 3244 2299 3322 γὰρ
2327 3247 2488 3324 εἶχον
2549 3242 2752 3301 ἔννοιαν
2808 3248 2880 3312 ὡς
2937 3248 3054 3327 περὶ
3112 3255 3244 3305 Θεοῦ
3297 3247 3390 3305 τοῦ
3441 3252 3691 3327 Σωτῆρος
3723 3255 3857 3326 Χρι-

2199 3342 2324 3393 στοῦ
2354 3349 2368 3364 ⁶
2404 3331 2551 3409 ὅμως
2602 3331 2720 3391 οὐδὲ
2770 3343 2925 3393 τοῦτο
2977 3339 3165 3416 μικρὸν
3207 3337 3272 3405 ἦν
3327 3338 3388 3393 τὸ
3445 3337 3610 3415 μέγαν
3639 3338 3855 3418 προφή-

2198 3444 2296 3490 την
2357 3423 2446 3479 καὶ
2487 3425 2699 3498 μείζονα
2754 3430 2868 3500 μῶν
2929 3424 3132 3483 λοιπῶν
3199 3425 3511 3507 προφητῶν,
3585 3427 3670 3481 καὶ
3702 3427 3857 3483 αὐτοῦ

2202 3517 2295 3569 τοῦ
2349 3509 2637 3587 νομοδότου
2703 3513 2938 3580 Μωσέως
3023 3516 3251 3590 νομίζειν
3341 3516 3430 3570 τὸν
3495 3514 3705 3594 Κύριον,
3765 3537 3853 3571 και

2197 3601 2332 3658 κατὰ
2375 3603 2561 3681 μικρὸν
2634 3601 2739 3678 ὁδῷ
2793 3600 3169 3683 προϐαίνοντας
3225 3605 3313 3660 καὶ
3385 3606 3456 3668 εἷς
3523 3602 3856 3682 ὑψηλοτέραν

2200 3688 2456 3758 ἀναϐῆναι
2541 3693 2642 3760 τὴν
2729 3691 2956 3774 ἔννοιαν,
3030 3695 3117 3750 καὶ
3197 3695 3325 3750 Θεὸν
3383 3698 3522 3750 εἶναι
3581 3701 3855 3751 πιστεῦσαι

2200 3778 2470 3847 ἀληθινὸν.
2514 3782 2612 3840 Καὶ
2641 3779 2852 3849 ἐξῆλθεν
2897 3786 2924 3839 6
2954 3782 3112 3862 λόγος
3162 3789 3252 3839 τοῦ
3305 3784 3572 3862 θαύματος
3644 3783 3698 3840 έν
3743 3782 3848 3860 ὅλῃ

2199 3873 2266 3944 τῇ
2304 3865 2524 3941 Ἰουδαίᾳ
2553 3870 2640 3925 καὶ
2709 3871 2855 3948 πάσῃ
2924 3877 2991 3947 τῇ
3034 3872 3344 3951 περιχώρῳ.
3408 3872 3506 3926 Διὰ
3561 3871 3659 3950 γὰρ
3701 3878 3854 3928 τοῦτο

2200 3954 2430 4022 πολλοὺς
2501 3955 2783 4038 ἐπεφέρετο
2841 3959 3105 4038 μάρτυρας
3163 3966 3254 4015 τοῦ
3339 3959 3675 4039 πράγματος,
3735 3959 3850 4036 ἵνα,

2200 4047 2287 4102 καὶ
2343 4045 2656 4122 βουλόμενοι
2702 4052 2748 4105 οἱ
2807 4049 3062 4125 βάσκανοι
3138 4046 3380 4108 Ἰουδαῖοι
3439 4046 3737 4106 διαϐάλλειν
3767 4051 3855 4105 καὶ

2199 4135 2548 4213 ὑποκρύπτειν
2605 4137 2672 4192 τὰ
2737 4137 3005 4214 θαύματα,
3101 4138 3178 4214 μὴ
3279 4137 3528 4217 ίσχύωσι.
3591 4145 3852 4195 Τοσοῦτον

2198 4224 2298 4301 γὰρ
2355 4222 2648 4291 ἐπλατύνθη
2693 4228 2721 4280 6
2792 4225 2951 4305 λόγος
3013 4232 3110 4294 τῆς
3194 4225 3451 4306 ἐγέρσεως
3520 4234 3613 4283 τοῦ
3671 4228 3853 4306 νεκροῦ

459 4311 639 4377 nerit.
691 4309 842 4373 Tres
897 4319 1094 4372 autem
1151 4309 1631 4372 resurrectiones
1672 4310 1841 4372 factae
1895 4321 2036 4374 sunt
2081 4333 2116 4374 a

2202 4313 2284 4367 καὶ
2354 4311 2597 4369 ἐπέκεινα
2691 4312 2788 4382 τῆς
2875 4314 3006 4383 ὅλης
3092 4316 3394 4396 περιχώρου
3417 4321 3514 4383 τῆς
3602 4314 3849 4380 Ἰουδαίας

457 4399 767 4486 prophetis
793 4406 932 4463 ante
979 4399 1204 4461 Christi
1259 4398 1607 4474 adventum,
1673 4406 1731 4460 et
1760 4408 2013 4482 quatuor
2036 4403 2110 4464 ab

455 4494 588 4574 ipso
617 4489 878 4553 Christo.
929 4489 1016 4554 Ac
1076 4489 1268 4570 prima
1321 4487 1566 4570 quidem
1621 4489 1978 4553 resurrectio
2005 4490 2116 4554 fuit

457 4581 563 4644 ﬁlii
592 4579 923 4662 Sarephtiaa
969 4577 1262 4656 mulieris,
1323 4595 1498 4659 quem
1560 4574 1718 4640 Elias
1769 4580 2113 4658 suscitavit;

457 4669 724 4734 secunda
750 4669 856 4731 lilii
886 4667 1301 4744 Sunamitidis,
1334 4687 1510 4749 quam
1541 4677 1828 4748 operatus
1863 4678 1953 4733 est
1985 4669 2112 4732 Eli-

457 4776 652 4834 saaus;
687 4757 882 4834 tertia,
912 4775 1089 4838 quam
1114 4756 1310 4819 effecit
1323 4765 1625 4819 mortuum
1647 4757 1842 4820 Elisaai
1865 4777 2110 4838 corpus.

456 4847 771 4928 Duplicem
830 4846 992 4909 enim
1049 4845 1306 4909 obtinuit
1361 4845 1606 4926 gratiam
1660 4846 1932 4920 Elisaeus,
1987 4846 2117 4910 Elia

459 4935 874 5017 sublatoneo
893 4945 952 5000 et
1000 4944 1267 5000 mortuus
1315 4944 1614 4998 mortuum
1637 4937 1939 5000 suscitavit
1982 4955 2116 4999 cor-

458 5028 590 5113 peri
619 5046 726 5090 suo
755 5026 1123 5107 impositum.
1153 5024 1370 5099 Quarta
1415 5025 1778 5089 resurrectio
1803 5026 2116 5107 prasentis

456 5115 858 5184 adolescentis
887 5123 998 5194 est,
1029 5133 1160 5200 qua:
1205 5115 1398 5197 prima
1453 5133 1488 5176 a
1537 5115 1968 5197 Christojt'acta
1999 5123 2112 5180 est.

540 5296 666 5379 (14)
701 5293 873 5379 «om
890 5302 968 5370 τῷ
992 5302 1130 5376 Θεῷ.
1163 5312 1194 5353 ι
1217 5290 1523 5379 Sententia
1536 5294 2109 5376 videturpostulare,

459 5372 660 5458 Οὒγέιρ
690 5377 852 5452 μόνον
881 5397 959 5458 τῳ
990 5372 1111 5458 Θεῇ
1148 5406 1225 5418 --
1270 5372 1485 5458 εἶξκολον
1511 5372 1822 5449 ζωοποιεῖν,

597 5403 660 5458 ap
690 5403 852 5452 μονον
881 5403 959 5450 τῳ
990 5403 1107 5450 σεῳ
1148 5406 1225 5418 ⁸-⁵·
1270 5403 1485 5434 ευχοΑΟν
1511 5403 1754 5449 (θωοποιει

560 5403 662 5528 I5)
693 5479 718 5514 ι
755 5457 951 5525 Λῦτήν.
1004 5474 1034 5516 ι
1067 5456 1244 5519 Forte
1271 5453 1408 5513 ἀλλά
1436 5458 1533 5525 τὴν
1566 5459 1754 5528 αὒτήν,

566 5458 662 5528 15)
693 5479 718 5514 ι
755 5458 951 5525 Λῦτήν.
1004 5474 1034 5516 ι
1067 5458 1244 5519 Forte
1271 5458 1408 5513 ἀλλά
1436 5458 1533 5525 τὴν
1566 5459 1754 5528 αὒτήν,

508 5458 732 5682 ὲξές(
763 5544 975 5613 Πνεῦμα
1001 5537 1281 5616 πονηρίας.
1318 5559 1346 5592 ι
1382 5543 1594 5614 Πνεῦμα
1637 5538 1892 5618 πονηρὸν,
1945 5536 2107 5615 ἤγουν

457 5615 746 5778 διάῗῖἳῆςζ
774 5687 865 5763 Ὠς
888 5697 976 5753 καὶ
1002 5727 1082 5742 -
1108 5693 1482 5775 διατρίϐοντος.
1541 5696 1652 5760 Hic
1679 5695 1915 5762 videtur
1941 5697 2106 5760 exci-

2195 4399 2429 4478 ἐγένετο,
2475 4401 2550 4463 ὡς
2594 4401 2712 4475 (17)
2761 4403 2849 4459 καὶ
2906 4404 3067 4484 μέχρι
3124 4410 3224 4471 τῆς
3267 4404 3432 4471 ἀκοῆς
3490 4403 3732 4466 Ἰωάννου
3762 4413 3853 4461 τοῦ

2197 4495 2491 4545 Βαπτιστου
2555 4491 2627 4554 είς
2685 4492 2779 4558 τὴν
2866 4491 3071 4572 ἅρημον
3155 4491 3534 4570 διατριϐόντος.
3583 4503 3736 4573 Τρεῖς
3794 4492 3849 4549 δὲ

2198 4575 2500 4641 ἐναστάσεις
2557 4577 2799 4656 ἐγένοντο
2857 4604 2999 4660 παρα
3067 4588 3171 4637 τῶν
3216 4582 3506 4661 προφητῶν
3589 4584 3690 4662 πρὸ
3754 4583 3849 4650 τῆς

2199 4673 2428 4739 Χριστοῦ
2485 4670 2794 4749 παρουσίας,
2870 4671 2957 4726 καὶ
3040 4671 3289 4749 τέσσαρες
3373 4670 3499 4750 παρ’
3547 4671 3707 4728 αὑτοῦ
3759 4683 3851 4733 τοῦ

2198 4762 2444 4831 Χριστοῦ.
2548 4758 2646 4814 Καὶ
2739 4759 2924 4838 πρώτη
2994 4759 3092 4836 μὲν
3152 4759 3437 4823 ἀνάστασις
3520 4767 3611 4816 τοῦ
3661 4759 3846 4826 παιδὸς

2195 4847 2297 4910 τῆς
2347 4843 2467 4924 (10)
2512 4848 2836 4926 Σαραφθίας,
2897 4850 2954 4904 ὃν
3029 4841 3210 4912 Ἠλίας
3269 4847 3526 4915 ἀνέστησε
3564 4871 3579 4886 ·
3642 4848 3851 4929 δευτέρα

2195 4935 2232 5002 ἡ
2262 4940 2352 4991 τοῦ
2407 4933 2596 5001 παιδὸς
2619 4940 2718 5003 τῆς
2791 4935 3163 5013 Σουμανίτιδος
3240 4936 3359 5018 (19)
3416 4939 3480 5004 ἣν
3537 4936 3849 5005 Ἐλισσαῖος

2200 5022 2660 5104 ἐθαυματούργησε
2697 5045 2711 5062 ν
2746 5036 2896 5107 τρίτη
2922 5026 3000 5108 δὲ,
3055 5028 3120 5093 ἣν
3161 5027 3222 5082 τὸ
3292 5028 3474 5106 νεκρὸν
3536 5027 3663 5107 (20)
3697 5033 3852 5104 σῶμα

2198 5119 2292 5171 τοῦ
2333 5111 2635 5171 Ἐλισσαίου
2705 5113 2948 5182 ἐποίησε.
3024 5113 3250 5174 Διπλοῦν
3296 5116 3396 5195 γὰρ
3461 5113 3614 5172 ἔλαϐε
3647 5120 3705 5174 τὸ
3734 5118 3850 5196 χά-

2197 5292 2358 5357 disse
2387 5295 2577 5375 φθάσαι
2635 5290 3022 5375 Occasionem
3081 5291 3259 5375 hujus
3305 5291 3626 5375 _sententiaa
3660 5292 3849 5375 dede-

2192 5384 2334 5436 runt
2361 5371 2452 5451 ea,
2485 5391 2619 5455 qua;
2646 5374 2804 5455 apud
2863 5373 3082 5435 Lucam
3142 5371 3226 5432 ibi
3285 5372 3361 5434 de
3391 5371 3622 5436 Joanne
3651 5372 3850 5453 subji-

2194 5463 2455 5517 ciuntur.

2271 5537 2399 5617 (18(
2433 5556 2464 5597 (
2494 5538 2814 5617 Σαραφθίαςᾼ.
2855 5557 2884 5590 ι)
2920 5530 3182 5617 I_I_l_l_{eg.
3214 5533 3496 5617 XVII,__92.

2305 5617 2395 5693 19)
2431 5640 2459 5673 α
2493 5611 2892 5692 Σουμανίτιδος.
2937 5611 3189 5695 I_Y_l3eg.
3221 5629 3304 5688 IV,
3344 5613 3421 5676 32
3453 5630 3624 5695 seqq.

2267 5691 2391 5775 (20)
2424 5699 2495 5756 Τὸ
2525 5691 2709 5777 νεκρὸν
2730 5704 2914 5772 σῶμα.
2949 5691 3026 5756 IV
3057 5692 3203 5775 Reg.
3236 5709 3342 5770 xu,
3377 5695 3480 5757 91.
