4156 6388
312 365 332 428 1
346 367 464 434 209

1778 369 2120 441 OBATION
2124 378 2236 441 ES.

3534 369 3694 436 1210

300 525 464 582 ρισμα
508 505 536 560 ὁ
588 503 893 571 Ἐλισσαῖος
948 506 1338 588 ἀναληφθέντος
1393 506 1524 586 (21)
1585 499 1791 568 Ἠλιοῦ.
1859 509 1950 565 Διᾶ

2042 505 2161 571 Sed
2193 527 2312 573 non
2343 519 2407 574 ut
2434 511 2594 575 Elias
2619 518 2678 575 et
2706 512 2953 574 Elisaeus
2985 529 3094 593 per
3115 529 3322 592 preces
3357 518 3416 573 et
3447 508 3691 571 invoca-

300 601 454 652 τοῦτο
510 595 598 649 καὶ
658 596 837 672 νεκρὸς
895 593 989 669 ὢν,
1068 596 1250 676 νεκρόν
1307 595 1596 663 ἀνέστησεν
1665 596 1950 654 ἐπιτεθέντα

2047 597 2240 662 tiones
2261 609 2557 664 mortuum
2580 602 2750 664 illum
2771 602 3076 664 suscitavit
3098 600 3386 675 Christus,
3421 599 3526 661 sed
3551 615 3693 679 pro-

301 688 377 756 τῷ
432 682 648 758 σώματι
707 688 888 746 αὐτοῦ.
948 685 1185 764 Τετάρτη
1242 685 1555 758 ἀνάστασις,
1610 687 1645 754 ἡ
1701 693 1793 742 τοῦ
1849 708 1959 743 πα-

2046 687 2176 768 pria
2207 698 2495 770 potestate
2527 700 2586 754 et
2618 691 2892 772 imperio.
2953 691 3168 763 Quinta
3215 686 3573 752 resurrectio
3605 692 3696 747 est

302 769 482 850 ρόντος
578 773 874 853 νεανίσκου,
954 775 988 842 ἡ
1058 775 1280 852 πρώτως
1338 773 1600 853 γενομένη
1657 777 1799 856 παρὰ
1869 785 1950 835 τοῐ

2044 776 2179 840 tiliae
2205 769 2393 857 Jairi;
2427 789 2590 844 sexta
2621 769 2826 846 Lazari
2859 780 3234 860 quatriduani
3268 802 3283 860 ;
3345 777 3594 860 septima
3628 793 3696 838 ea

303 867 528 939 Χριστοῦ
561 875 575 890 ⁹
615 859 735 917 ἀλλ’
768 863 873 943 οὐχ
903 865 977 930 ὡς
1007 860 1190 930 Ἠλίας
1236 864 1273 931 ἣ
1316 861 1639 930 Ἐλασσαϊος
1671 863 1755 921 διὰ
1785 887 1956 944 προσ-

303 956 472 1032 ευχῆς
544 953 633 1010 καὶ
718 954 1106 1031 παρακλήσεως
1181 955 1438 1024 ἀνέστησε
1507 958 1597 1014 τὸν
1669 958 1958 1025 τεθνηκότα

299 1047 482 1098 τοῦτον
541 1043 570 1098 6
640 1045 888 1124 Χριστὸς,
963 1043 1085 1101 ἀλλ’
1169 1048 1478 1111 αὖθεντικῶς
1512 1055 1554 1081 ·”
1601 1046 1823 1122 πέμπτη
1901 1045 1956 1102 δὲ

296 1128 582 1194 ἀνάστασις
636 1132 671 1200 ἡ
728 1137 828 1199 τῆς
886 1135 1138 1214 θυγατρὸς
1195 1142 1287 1191 τοῦ
1346 1135 1561 1215 Ἰαείρου
1589 1152 1605 1168 ⁶
1665 1136 1796 1203 ἕκτη
1862 1143 1955 1193 τοῦ

297 1219 558 1298 Λαζάρου,
605 1227 696 1278 τοῦ
757 1223 1119 1302 τετραημέρου
1153 1241 1166 1254 '
1213 1222 1415 1302 ἑϐδόμη
1472 1227 1508 1294 ἡ
1569 1225 1622 1282 ἐν
1666 1233 1744 1300 τῷ
1801 1226 1952 1284 πάθει

295 1316 389 1366 τοῦ
439 1318 690 1393 Χριστοῦ,
745 1311 920 1370 πολλὰ
972 1316 1196 1392 σώματα
1236 1317 1358 1373 τότε
1400 1323 1504 1374 τῶν
1546 1316 1953 1394 κεκοιμημένων

296 1397 462 1476 ἁγίων
503 1400 804 1481 ἠγέρθησαν
847 1400 966 1478 (22)
999 1424 1018 1485 ς
1088 1409 1173 1469 οἷς
1243 1404 1670 1473 ἐπηκολούθησεν
1714 1403 1876 1484 ὀγδόη
1919 1405 1956 1472 ἡ

296 1494 388 1545 τοῦ
435 1489 622 1568 Κυρίου
663 1491 975 1557 ἀνάστασις.
1045 1492 1194 1552 Ἀλλ’
1266 1499 1318 1552 αἱ
1363 1495 1460 1572 μὲν
1503 1495 1638 1552 ἑπτά
1684 1491 1809 1574 (23)
1855 1497 1955 1551 θα-

297 1576 441 1652 νάτῳ
483 1577 643 1637 πάλιν
687 1578 1059 1661 διεδέχθησαν,
1105 1587 1140 1653 ἡ
1185 1583 1240 1640 δὲ
1285 1583 1474 1664 ὀγδόη,
1551 1584 1788 1664 ἀνωτέρα
1855 1587 1955 1640 θα-

2043 885 2174 947 quae
2203 867 2264 929 in
2296 870 2574 949 passione
2607 870 2828 934 Christi
2859 871 3010 932 facta
3042 880 3132 932 est
3165 888 3178 932 :
3237 869 3419 930 multa
3444 883 3694 945 corpara

2040 963 2381 1020 sanctorum
2415 961 2516 1040 qui
2545 959 2942 1032 dormiebant,
2979 965 3435 1021 resurrexerunt
3465 978 3480 1038 ;
3518 972 3692 1036 quam

2040 1053 2242 1106 secuta
2297 1054 2386 1108 est
2437 1055 2661 1128 octava,
2720 1047 2960 1110 Domini
3036 1047 3222 1128 ipsius
3306 1045 3690 1108 resurrectio.

2040 1131 2284 1214 Septem
2318 1135 2434 1198 illae
2463 1136 2702 1218 quidem
2734 1146 2926 1198 morte
2953 1155 3158 1198 rursus
3183 1138 3482 1212 absorpta:
3499 1141 3636 1196 sunt
3672 1154 3686 1214 ;

2036 1230 2239 1286 octava
2269 1232 2465 1287 autem
2498 1229 2668 1290 morti
2694 1227 2968 1306 superior
2993 1226 3340 1306 permansit.
3365 1223 3508 1297 Quae
3529 1223 3689 1284 enim

2037 1312 2111 1374 ad
2145 1322 2412 1376 octavum
2445 1317 2723 1380 sazculum
2758 1315 3080 1377 fieridebet
3100 1324 3469 1376 mortuorum
3486 1329 3694 1374 resur—

2039 1401 2256 1478 rectio,
2289 1423 2407 1465 non
2430 1405 2554 1485 jam
2617 1414 2809 1468 morte
2865 1404 3257 1478 resecabitur,
3289 1403 3390 1465 sed
3425 1402 3689 1463 indissoe

2040 1489 2242 1553 lubilis
2271 1493 2386 1555 erit
2416 1503 2474 1555 et
2505 1504 2751 1557 aeterna.
2774 1495 3076 1558 Conemur
3097 1513 3203 1573 ego
3229 1501 3288 1554 et
3311 1491 3690 1565 nos,fratres,

2039 1579 2335 1644 viviﬁcare
2363 1591 2423 1644 et
2451 1584 2742 1646 suscitare
2786 1592 3017 1645 nostras
3076 1583 3305 1645 animas
3327 1583 3450 1662 jam
3484 1599 3689 1642 emor-

297 1666 474 1744 νάτου,
521 1666 803 1745 διέμεινεν.
854 1665 916 1730 Ἠ
960 1675 1059 1753 γὰρ
1102 1675 1237 1731 κατὰ
1277 1677 1370 1732 τὸν
1414 1673 1598 1754 ὄγδοον
1629 1671 1754 1754 (2-4)
1793 1676 1950 1732 αἰῶνα

2042 1676 2170 1730 tuas
2200 1678 2260 1732 et
2285 1671 2346 1732 in
2377 1681 2568 1735 morte
2605 1673 2870 1754 sepultas
2920 1679 3163 1753 propter
3213 1681 3472 1753 peccata.
3505 1672 3692 1732 Acce-

293 1755 560 1832 μέλλουσα
601 1759 839 1837 γενέσθαι
900 1769 1006 1822 τῶν
1071 1771 1268 1843 νεκρῶν
1327 1765 1640 1843 ἀνάστασις,
1713 1766 1808 1822 οὐκ
1877 1763 1950 1821 ἔτι

2042 1759 2274 1835 damus,
2303 1780 2525 1843 quaeso,
2562 1764 2800 1841 fratres,
2833 1763 2909 1828 ad
2941 1763 3260 1825 Dominum
3291 1763 3392 1842 qui
3422 1768 3688 1822 mortuos

293 1819 306 1832 .
615 1819 626 1837 .
991 1819 998 1822 τ
1108 1819 1229 1843 κτη
1336 1819 1640 1843 νηγηηητ,
1888 1819 1928 1821 κ-

291 1846 500 1920 θανάτῳ
569 1845 972 1924 διακοπήσεται,
1046 1851 1184 1910 ἀλλὰ
1255 1853 1582 1919 ἀκατάλυτος
1649 1852 1796 1911 ἔσται
1865 1854 1950 1910 καὶ

2042 1819 2402 1928 vivificatjet
2428 1861 2565 1914 ante
2596 1871 2731 1915 eum
2767 1819 3144 1934 procidamus
3166 1861 3223 1913 et
3245 1819 3690 1932 lacrymasfun-

289 1935 496 2002 αἰώνιος
538 1936 689 2014 (25).
738 1939 1133 2018 Σπουδάσωμεν
1176 1944 1348 2000 τοίνυν
1391 1943 1482 2000 καὶ
1523 1945 1714 2020 ἡμεῖς,
1790 1940 1950 1999 ἀδελ-

2042 1941 2268 2002 damus.
2301 1940 2470 2004 Nunc
2497 1943 2658 2004 enim
2716 1961 2868 2023 opus
2920 1950 3009 2004 est
3065 1941 3440 2003 confessione
3473 1961 3489 2017 ;
3523 1957 3685 2000 nunc

291 2024 397 2104 φοὶ,
444 2031 775 2097 ζωοποιῆσαι
819 2031 907 2086 καὶ
949 2030 1246 2098 ἀναστῆσαι
1293 2032 1388 2096 τὰς
1433 2032 1696 2111 ἡμετέρας
1767 2033 1949 2112 ψυχὰς

2042 2048 2186 2109 opus
2212 2037 2302 2092 est
2332 2031 2633 2112 precibus,
2698 2049 2858 2094 nunc
2913 2031 3308 2112 lacrymarum
3366 2036 3600 2110 tempus
3632 2035 3694 2090 et

291 2115 681 2194 νενεκρωμένας
749 2115 852 2186 ἤδη
923 2120 1011 2176 καὶ
1079 2119 1512 2196 τεθανατωμένας
1585 2135 1707 2185 ταῖς
1775 2122 1950 2199 ἀμαρ-

2042 2118 2400 2196 singultuum
2419 2128 2474 2182 et
2491 2121 2706 2202 luctus;
2724 2139 2881 2183 nunc
2899 2129 3274 2182 conteramus
3293 2119 3476 2180 corda
3487 2125 3689 2179 nostra

289 2203 449 2269 τίαις.
496 2205 905 2284 Προσέλθωμεν,
952 2209 1269 2290 παρακαλῶ,
1303 2218 1382 2286 τῷ
1411 2211 1532 2274 τοὺς
1575 2211 1789 2291 νεκροὺς
1819 2210 1948 2290 (26)

291 2297 638 2370 ζωογονοῦντι
711 2297 981 2379 Δεσπότῃ,
1067 2300 1156 2356 καὶ
1229 2298 1612 2379 προσπέσωμεν
1683 2303 1827 2374 αὐτῷ
1867 2295 1956 2356 καὶ

291 2380 760 2461 προσ-κλαύσωμεν,
833 2393 936 2445 Νῦν
1009 2389 1109 2468 γὰρ
1181 2389 1338 2470 χρεία
1407 2388 1842 2469 ἐξομολογησεως
1899 2391 1954 2447 ἐν

291 2475 370 2543 τῷ
413 2472 631 2550 παρόντι
689 2473 788 2549 βίῳ
818 2491 834 2506 ·
909 2482 996 2532 νῦν
1067 2479 1225 2557 χρεία
1293 2477 1496 2558 εύχων,
1563 2487 1649 2538 νῦν
1719 2476 1953 2558 δακρύων

2038 2205 2729 2272 Dominuminvocantes.
2756 2213 2777 2270 l
2784 2229 2884 2291 pse
2906 2209 3065 2271 enim
3089 2217 3178 2271 est
3203 2208 3454 2270 tristitia;
3475 2215 3693 2269 nostrae

2038 2295 2333 2375 liberatio,
2370 2311 2428 2360 et
2453 2299 2654 2361 laetitia
2685 2299 2997 2361 etlibertas
3011 2299 3442 2361 etresurrectio
3467 2319 3481 2378 ;
3507 2297 3693 2376 glori-

2038 2386 2307 2461 ficemus,
2334 2388 2569 2465 fratres,
2597 2409 2713 2451 non
2735 2407 2838 2451 ore
2855 2397 3076 2450 tantum
3095 2396 3152 2449 et
3170 2386 3367 2462 labiis,
3393 2387 3496 2448 sed
3511 2385 3696 2448 corde

2038 2476 2111 2537 ab
2143 2478 2310 2539 omni
2338 2478 2763 2542 incredulitate
2794 2479 3040 2553 mundo,
3103 2485 3163 2539 et
3215 2478 3333 2538 vita
3357 2477 3604 2557 Optima,
3637 2485 3694 2537 et

291 2560 473 2638 καιρὸς
533 2563 620 2618 καὶ
679 2571 978 2642 στεναγμοῦ
1042 2568 1132 2622 καὶ
1192 2566 1436 2640 πένθους,
1512 2569 1616 2624 καὶ·
1655 2570 1950 2648 συντρίψω-

2042 2565 2560 2646 irreprehensibili
2616 2567 2855 2630 vivendi
2911 2569 3167 2643 ratione,
3226 2566 3364 2648 quia
3420 2566 3507 2627 sic
3536 2565 3694 2626 Deus

291 2669 388 2737 μεν
420 2649 514 2714 τὰς
557 2648 770 2730 καρδίας
817 2655 973 2729 ἡμῶν
1035 2656 1128 2712 τὸν
1186 2657 1464 2724 Δεσπότην
1522 2655 1950 2734 ἐπικαλούμενοι.

2042 2654 2434 2733 glorificatur.
2472 2658 2550 2721 Ut
2577 2657 2841 2724 videant.
2873 2657 3088 2737 inquit,
3123 2673 3304 2736 opera
3339 2663 3542 2715 nostra
3569 2653 3698 2732 pul-

291 2736 456 2827 ἒαὐτὸς
516 2740 615 2818 γὰρ
687 2743 722 2810 ἡ
799 2740 1056 2823 λύτρωσις
1113 2750 1212 2813 τῆς
1285 2745 1485 2827 λύπης,
1541 2747 1631 2803 καὶ
1687 2749 1832 2826 χαρὰ
1872 2745 1950 2804 καῖ

2043 2743 2211 2820 chra,
2249 2752 2306 2806 et
2335 2745 2671 2825 gloriﬁcent
2718 2736 2974 2808 Patrem,
3005 2757 3274 2807 nostrum
3307 2743 3407 2825 qui
3437 2743 3498 2804 in
3531 2743 3698 2805 ccelis

289 2823 548 2918 ἐλευθερία
636 2832 726 2887 καὶ
813 2833 951 2913 ζωὴ,
1041 2835 1130 2891 καὶ
1214 2823 1525 2900 ἀνάστασις.
1618 2823 1950 2918 Δοξάσωμεν,

2043 2842 2157 2914 est,
2184 2823 2384 2897 omnia
2411 2836 2484 2897 ad
2515 2835 2763 2916 gloriam
2793 2836 2901 2899 Dei
2935 2823 3343 2916 perficiamus,
3375 2841 3433 2894 et
3461 2833 3522 2894 in
3544 2851 3694 2894 con-

287 2914 501 3005 ἀδελφοί
583 2941 706 2995 μου,
798 2921 876 2996 μὴ
965 2924 1192 2999 στόματι
1280 2925 1441 3000 μόνον
1526 2927 1613 2982 καὶ
1696 2914 1950 3005 χείλεσιν,

2044 2924 2177 2984 trito
2209 2932 2266 2986 et
2317 2914 2540 2987 humili
2577 2926 2758 2988 corde
2818 2914 3148 2988 clamemus
3205 2924 3474 2986 dicentes
3503 2941 3695 2984 unus-

289 3004 426 3094 ἀλλὰ
472 3005 596 3086 (27)
640 3013 841 3089 καθαρᾷ
898 3011 1081 3092 καρδίᾳ
1134 3015 1225 3071 καὶ
1287 3015 1465 3082 πάσης
1528 3004 1806 3089 ἀπαθείας,
1868 3019 1950 3073 καῖ

2042 3013 2340 3094 quisque:
2397 3039 2423 3071 α
2480 3013 2718 3090 Libera,
2755 3014 3030 3088 Domine,
3087 3032 3122 3076 ει
3182 3014 3404 3074 framea
3433 3009 3692 3072 animam

294 3093 377 3152 διὰ
441 3097 557 3173 βίου
611 3099 821 3177 ἀρίστου
880 3103 969 3157 καὶ
1041 3101 1308 3166 πολιτείας
1365 3103 1800 3182 ἀκαταγνώστου,
1873 3104 1950 3162 ὅτι

2042 3093 2257 3178 meam,
2291 3110 2350 3165 et
2379 3103 2453 3165 de
2485 3122 2662 3166 manu
2691 3103 2856 3165 canis
2886 3103 3122 3165 unicam
3157 3120 3377 3163 meam.
3411 3099 3483 3161 Et
3513 3117 3695 3161 exilu-

293 3183 477 3274 ob'rw;
517 3189 544 3243 6
610 3190 738 3254 Θεὸς
796 3185 1066 3262 δοξάζεται
1099 3190 1238 3265 (28).
1318 3183 1410 3255 Ὠς
1481 3191 1542 3249 ἂν
1585 3190 1768 3272 ἴδωσι,
1799 3195 1950 3274 φησὶ,

292 3275 356 3330 τὰ
398 3273 536 3332 καλὰ
567 3274 695 3355 ἔργα
736 3278 914 3354 ἡμῶν,
971 3281 1059 3337 καὶ
1101 3277 1356 3346 δοξάσωσι
1398 3281 1491 3338 τὸν
1548 3281 1756 3360 Πατέρα
1798 3284 1953 3358 ἡμῶν

292 3365 384 3420 τὸν
412 3363 466 3421 ἐν
496 3380 613 3431 τοῖς
646 3367 917 3447 οὐρανοῖς,
950 3369 1123 3428 πάντα
1167 3372 1240 3434 εἷς
1298 3368 1448 3437 δόξαν
1507 3377 1636 3428 Θεοῦ
1693 3369 1951 3451 διαπρατ-

290 3453 524 3531 τώμεθα,
601 3458 690 3515 καὶ
764 3457 820 3513 ἐν
877 3459 1302 3538 συντετριμμένῃ
1371 3461 1460 3516 καὶ
1518 3460 1952 3537 τεταπεινωμένῃ

298 3544 478 3625 καρδίᾳ
543 3549 675 3628 πρὸς
745 3546 904 3604 αὐτὸν
973 3547 1356 3625 ἀναϐοήσωμεν
1429 3547 1672 3628 λέγοντες
1731 3549 1952 3613 ἕκαστος

299 3635 450 3709 ἡμῶν
483 3651 497 3665 ⁹
539 3659 566 3690 α
588 3627 803 3714 γῬὗσαι,
828 3637 1002 3716 Κύριε,
1042 3634 1173 3717 (29)
1202 3639 1308 3694 ἀπὸ
1336 3627 1596 3718 ῥομφαίας
1640 3638 1738 3705 τὴν
1767 3641 1951 3719 ψυχήν

297 3746 418 3798 μου,
450 3726 537 3782 καὶ
566 3724 626 3782 ἐκ
674 3726 860 3806 χειρὸς
903 3728 1057 3790 κυνὸς
1103 3728 1194 3783 τὸν
1253 3727 1520 3806 μονογενῆ
1579 3749 1702 3803 μου.
1766 3750 1794 3783 ι
1856 3730 1954 3786 Καὶ

294 3815 649 3872 είσακούσεται
681 3818 709 3871 6
754 3816 906 3890 Θεὸς,
953 3817 1042 3872 καὶ
1085 3820 1144 3874 οὗ
1177 3815 1308 3896 (30)
1357 3817 1605 3894 μακρύνει
1655 3815 1754 3882 τὴν
1811 3818 1952 3892 βοή-

291 3907 433 3960 θειαν
505 3906 660 3962 αὐτοῦ
715 3902 804 3984 ἀφ’
875 3906 1029 3980 ἡμῶν
1102 3908 1130 3962 6
1207 3904 1507 3971 ἀνεξίκακος
1565 3906 1774 3984 Κύριος,
1834 3905 1954 3962 ἀλλ’

291 3993 625 4075 ἐλευθερώσει
695 3997 838 4071 ἡμᾶς
910 3996 1088 4063 πάσης
1166 3996 1331 4077 όργῆς
1403 3998 1491 4054 καὶ
1547 3993 1782 4053 κινδύνου
1867 3998 1955 4053 καὶ

293 4085 652 4164 στενοχωρίας
714 4086 800 4141 καὶ
852 4083 1105 4161 θλίψεως,
1171 4089 1258 4144 καὶ
1315 4085 1636 4166 λυτρώσεται
1689 4091 1788 4154 τῆς
1859 4109 1953 4143 τυ-

2038 3191 2161 3252 diet
2190 3193 2370 3273 Deus,
2405 3201 2463 3254 et
2493 3212 2611 3254 non
2644 3193 2881 3255 differet
2909 3191 3193 3254 auxilium
3225 3209 3395 3251 suum
3448 3207 3554 3270 pro
3586 3205 3693 3267 pa-

2039 3279 2246 3342 tientia
2269 3299 2374 3342 sua
2395 3281 2706 3357 Dominus,
2735 3291 2794 3344 et
2815 3282 3094 3345 liberabit
3117 3299 3226 3342 nos
3249 3279 3322 3342 ab
3346 3277 3510 3340 omni
3534 3278 3623 3339 ira
3636 3285 3695 3339 et

2038 3369 2302 3448 periculo
2333 3379 2391 3433 et
2419 3371 2708 3450 angustiis
2740 3379 2798 3433 et
2828 3372 3170 3449 afflictione,
3205 3377 3263 3431 et
3291 3369 3550 3430 redimet
3586 3385 3696 3428 nos

2037 3476 2069 3520 a
2100 3459 2432 3538 tyrannide,
2468 3468 2526 3520 et
2553 3459 2626 3520 ab
2657 3461 2891 3522 insidiis
2912 3458 3316 3540 etabinjuriis
3347 3464 3688 3519 nostrorum

2037 3546 2354 3609 visibilium
2389 3559 2447 3610 et
2477 3548 2865 3612 invisibilium
2915 3548 3320 3621 inimicorum,
3380 3555 3438 3607 et
3467 3545 3698 3606 auferet

2038 3655 2146 3696 nos
2179 3637 2353 3699 morti
2406 3637 2658 3700 funestze
2715 3639 2966 3720 peccati,
3027 3648 3089 3701 et
3145 3635 3466 3718 participes
3517 3633 3697 3696 faciet

2037 3726 2208 3804 regni
2238 3727 2520 3802 ccelestis,
2554 3729 2695 3809 quia
2735 3729 2866 3809 ipse
2924 3737 3014 3791 est
3070 3726 3433 3788 resurrectio
3467 3732 3525 3785 et
3555 3723 3692 3804 vita,

2038 3815 2304 3879 Christus
2335 3825 2392 3878 et
2422 3817 2579 3879 Deus
2632 3827 2877 3896 noster;
2939 3817 3052 3899 ipsi
3102 3815 3423 3878 reddamus
3455 3813 3694 3893 gratias,

2037 3925 2173 3968 cum
2208 3905 2398 3985 ipsius
2429 3906 2722 3988 principio
2753 3917 2998 3970 carente
3029 3909 3202 3970 Patre
3234 3914 3290 3967 et
3313 3902 3695 3967 sanctissimo

2037 4002 2096 4056 et
2125 3995 2350 4074 optimo
2383 4005 2440 4057 et
2468 3997 2802 4059 vivificante
2846 3996 3098 4077 Spiritu,
3149 4013 3309 4056 nunc
3341 4001 3402 4056 et
3425 4009 3692 4073 semper,

2037 4093 2096 4147 et
2124 4084 2185 4145 in
2218 4085 2434 4147 saecula
2460 4087 2834 4148 sweulorum.
2873 4088 3090 4149 Amen.

289 4170 517 4252 ραννίδος
571 4173 658 4230 καὶ
706 4173 987 4239 ἐπιθέσεως
1038 4177 1127 4233 καὶ
1182 4174 1387 4254 βλάϐης
1447 4181 1552 4233 τῶν
1607 4179 1812 4256 ὁρατῶν
1856 4178 1944 4234 καὶ
1989 4177 2226 4256 ἀοράτων
2283 4176 2488 4256 ἐχθρῶν
2545 4179 2723 4258 ἡμῶν,
2786 4181 2872 4235 καὶ
2916 4177 3172 4244 ἐξελεῖ-ται
3231 4178 3372 4250 ἡμᾶς
3430 4183 3524 4232 τοῦ
3581 4195 3694 4250 χα-

292 4261 456 4319 λεποῦ
511 4263 733 4320 θανᾶτου
791 4269 891 4332 τῆς
963 4266 1246 4344 ἁμαρτίας,
1309 4268 1397 4323 καὶ
1454 4267 1737 4330 κοινωνοὺς
1810 4267 2024 4336 ποιήσει
2082 4287 2181 4334 της
2237 4267 2472 4344 οὗρανίου
2542 4270 2700 4327 αἰτῶ
2754 4268 3046 4347 βασιλείας,
3120 4266 3199 4322 ὅτι
3244 4266 3398 4326 αὗτός
3457 4263 3598 4318 ἐστιν
3655 4265 3688 4328 ἡ

294 4351 579 4416 ἀνάστασις
625 4354 712 4409 καὶ
767 4355 802 4421 ἡ
861 4355 995 4428 ζωὴ,
1059 4357 1086 4411 6
1147 4357 1370 4434 Χριστὸς
1428 4357 1516 4412 καὶ
1576 4358 1706 4419 Θεὸς
1797 4358 1974 4435 ἡμῶν,

2053 4356 2141 4410 καὶ
2226 4358 2367 4428 αὐτῷ
2447 4358 2544 4424 τὴν
2621 4358 2957 4436 εὒχιαριστίαν
3043 4355 3396 4434 προσάγωμεν
3456 4352 3547 4407 σὺν
3618 4357 3695 4423 τῷ

292 4439 512 4520 ἀνάρχῳ
541 4440 700 4498 αὐτοῦ
731 4444 913 4523 Πατρὶ,
945 4444 1033 4500 καὶ
1062 4450 1139 4519 τῷ
1168 4445 1410 4523 παναγίῳ
1460 4446 1547 4502 καὶ
1604 4445 1786 4524 ἀγαθῷ
1830 4446 1924 4501 καὶ
1953 4451 2084 4523 ὁ,ζωο
2097 4449 2222 4516 ποιῷ
2257 4444 2546 4524 Πκιεύματι,
2579 4454 2666 4504 νῦν
2699 4447 2786 4500 καὶ
2829 4445 2928 4519 ἀεὶ,
2976 4446 3064 4500 καὶ
3093 4446 3166 4507 εἷς
3195 4444 3316 4504 τοὺς
3350 4443 3542 4502 αἰῶνας
3587 4445 3691 4495 τῶν

294 4529 522 4589 αἰώνων.
570 4526 743 4603 Ἀμήν
755 4575 766 4587 .

615 4625 910 4690 ΚΥΡΙΑΚῌ
956 4609 1042 4677 m'
1083 4630 1211 4680 Tor
1256 4629 1624 4681 MATOAIOI‘.

732 4727 762 4768 (
792 4696 966 4788 Ἠχος
997 4698 1072 4788 γ’,
1119 4710 1333 4768 ἑωθινὸν
1375 4701 1453 4774 α’,
1491 4730 1522 4771 ι

373 4798 532 4858 Ούδὲν
615 4796 735 4876 (31)
811 4797 978 4861 οὕτως
1048 4796 1162 4854 οἶδε
1233 4798 1446 4879 θολοῦν,
1518 4800 1785 4878 ἀγαπητοὶ
1858 4793 1948 4856 καὶ

399 4967 500 5049 21)
541 4991 570 5024 ι
605 4966 810 5049 Ἠλιοῦ.
835 4989 862 5022 ι
881 4963 1229 5049 Sicsaepein
1241 4966 1374 5028 cod.
1391 4967 1606 5047 legitur
1621 4966 1946 5045 ριόἮλίου,

401 5046 500 5123 22)
541 5070 564 5105 σ
590 5052 689 5113 Οἷς
724 5046 1174 5128 ἐπηκολούθησεν.
1213 5071 1241 5103 ι»
1275 5052 1371 5128 οἷς
1405 5046 1550 5110 ferri
1580 5054 1771 5128 potest
1807 5067 1822 5108 :
1856 5053 1947 5111 αἷς

295 5127 491 5191 tamen
521 5128 742 5192 rectius
771 5127 986 5207 referri
1017 5133 1214 5207 potest
1242 5127 1316 5189 ad
1347 5127 1689 5191 ἀναστάσεσι,

372 5209 491 5292 (23)
533 5233 561 5266 α
594 5210 816 5283 Θανάτῳ
857 5205 1418 5290 πάλινίδιεδέχθησαν,
1457 5232 1481 5268 ι
1520 5209 1756 5272 Θάνατος
1786 5205 1948 5264 διεδέ-

288 5289 432 5356 ξατο.
471 5289 480 5292 ⁷
586 5347 610 5370 ﬂ

365 5370 489 5450 (24)
529 5394 556 5426 α
586 5352 802 5448 ’ὃγδοον
823 5371 1007 5429 αἰῶνα.
1029 5387 1060 5450 ξ
1090 5367 1342 5430 Videtur
1358 5387 1497 5450 ergo
1527 5367 1947 5450 Xiphilinusin

281 5448 378 5514 his
406 5448 480 5512 ad
514 5449 674 5515 8000
703 5467 924 5512 annum
956 5449 1184 5530 referre
1215 5451 1395 5512 finem
1429 5448 1860 5530 hujus'mundi.

370 5531 557 5613 (25)__¢
591 5530 988 5613 Σπουδᾴσομεν.
1029 5555 1056 5587 ιι
1085 5529 1274 5613 Hicin
1293 5528 1559 5613 margine
1575 5531 1707 5613 cod.
1730 5528 1948 5608 legitur

285 5609 645 5682 ἠθικόνΝεεη
674 5609 736 5672 in
767 5611 886 5691 ﬁne
917 5609 1284 5691 singularum
1315 5609 1446 5674 fere
1482 5611 1846 5691 orationum,
1873 5627 1944 5670 ex

286 5691 646 5775 imitatione,
681 5687 1041 5775 ut‘videtur;
1083 5691 1510 5775 Cbrysostomi,
1571 5692 1645 5754 de
1676 5687 1944 5753 moribus

291 5773 562 5858 quadam
593 5771 921 5856 praecipere
950 5771 1126 5839 solet.

2395 4618 2755 4684 DOMINICA
2788 4619 2890 4683 XII
2923 4619 3314 4683 MATTHIEI.

2314 4708 2437 4772 Vox
2467 4713 2671 4787 tertia,
2701 4712 3072 4772 matutinum
3115 4712 3406 4789 primum.

2120 4797 2278 4860 Nihil
2307 4799 2388 4860 ita
2417 4800 2770 4882 corrumpit,
2802 4800 3038 4875 fratres,
3075 4809 3132 4860 et
3170 4797 3450 4861 obscurat
3480 4798 3693 4859 huma-

2143 4967 2236 5042 26)
2276 4992 2302 5024 (ι
2337 4976 2714 5048 Ζωογονοῦντι,
2757 4993 2780 5027 ι)
2818 4987 2924 5049 pro
2956 4977 3324 5042 ζωοποιοῦντι.

2181 5051 2237 5128 ἶ)
2276 5054 2547 5128 αῨΚαθαρᾷ
2577 5049 2759 5128 καρδίᾳ
2802 5047 2906 5106 ἀπὸ
2948 5052 3124 5117 πάσης
3166 5050 3443 5113 ἀπαθείας.
3499 5071 3521 5104 v
3559 5047 3697 5108 Haec

2032 5127 2193 5188 haud
2225 5127 2406 5190 dubie
2437 5127 2712 5209 ecrrupta
2737 5138 2893 5190 sunt.
2918 5130 3095 5192 Forte
3119 5148 3259 5208 ergo
3277 5127 3692 5200 scribendum,

2031 5217 2156 5288 est;
2208 5213 2418 5288 Καθαρᾷ
2448 5207 2633 5288 καρδία
2662 5211 2767 5267 ἀπὸ
2810 5211 2988 5278 πάσης
3038 5207 3299 5279 ἀπειθίας,
3357 5216 3454 5269 aut
3493 5212 3695 5288 καθαρᾷ

2029 5287 2215 5367 καρδίᾳ
2244 5286 2421 5356 πάσης
2479 5286 2770 5369 ἀπειθείας,
2829 5301 2932 5352 aut
2988 5293 3190 5368 καθαρᾷ
3243 5289 3424 5380 καρδίᾳ
3481 5289 3574 5380 καὶ
3612 5286 3696 5342 διὰ

2029 5366 2207 5436 πάσης
2239 5370 2514 5434 ἀπαθείας.
2564 5366 2827 5439 SCilicél,
2892 5377 2953 5430 ut
2996 5366 3220 5426 ἀπάθεια
3280 5366 3358 5429 sit
3414 5369 3526 5428 hoc
3561 5366 3692 5427 loco

2031 5452 2199 5530 ejus,
2219 5449 2507 5530 quiliber
2536 5459 2624 5530 est
2654 5469 2686 5510 a
2723 5450 2918 5530 pravis
2947 5449 3132 5510 animi
3158 5443 3692 5510 commotionibus.

2114 5521 2294 5602 (2.8)}
2333 5521 2423 5594 ιΩς
2456 5529 2515 5587 ἄν
2547 5521 2738 5589 ἴδωσι..
2778 5554 2803 5587 n
2855 5531 3059 5591 Matth.
3092 5546 3150 5603 ν,
3188 5530 3282 5590 16.

2113 5608 2231 5692 (⁸29)
2273 5635 2296 5664 υ
2337 5610 2472 5667 Ἀπὸ
2515 5611 2795 5692 ῥομφαίας.
2848 5635 2874 5666 ιι
2910 5609 3064 5673 Psal.
3095 5626 3218 5684 xvi,
3255 5608 3356 5669 21.

2112 5689 2231 5771 (30)
2266 5712 2290 5747 (ί
2327 5692 2612 5771 Μακρύνει.
2633 5689 2682 5751 ⁷)
2716 5692 2892 5771 Forte
2923 5703 3204 5771 μακρυνεϊ,

2114 5768 2238 5851 (3t)
2274 5789 2305 5831 ‹
2335 5767 2463 5830 οὒδὲ
2494 5771 2683 5836 οὕτως.
2734 5795 2758 5832 ι
2797 5770 2934 5835 Haec
2964 5767 3152 5834 oratio
3190 5767 3255 5832 in
3288 5767 3422 5832 cod.
3455 5768 3558 5847 46,
3589 5767 3684 5836 bis
