4156 6378
264 382 416 449 1213

1696 381 1901 447 ORAT
1909 379 2133 445 IONES
2145 423 2159 441 .

3489 385 3639 451 1214

257 518 415 583 θῆσαι
445 514 729 591 ἐκώλυσεν,
760 518 833 581 ὡς
880 520 915 587 ἡ
962 519 1192 598 σήμερον
1251 518 1767 598 ἀναγνωσθησομένη
1818 520 1905 574 εὖ·

2004 509 2129 590 μιῘά
2159 510 2300 574 boni
2329 512 2541 574 faciam
2571 521 2635 575 ut
2687 513 2936 576 habeam
2994 513 3179 576 vitam
3240 520 3523 577 aeternam
3556 519 3583 575 ?
3618 538 3643 567 »

261 604 522 684 αγγελικὴ
551 608 815 685 περικοπὴ
847 607 1100 682 δηλώσει,
1133 607 1296 675 οὕτως
1326 608 1525 687 ἔχουσα
1550 625 1564 638 ’
1606 632 1634 663 α
1667 616 1754 684 Τῷ
1782 608 1912 687 (37)

260 702 427 774 καιρῷ
497 696 680 771 ἐκείνῳ
750 698 1014 764 νεανίσκος
1084 721 1164 762 τις
1233 697 1494 778 προσῆλθε
1549 706 1625 773 τῷ
1702 707 1912 779 Χριττῷ

261 792 562 862 γονυπετῶν
620 787 709 843 καὶ
766 785 959 866 λέγων.
1025 786 1315 847 Διδάσκαλε
1368 789 1552 869 ἀγαθὲ,
1611 791 1662 845 τί
1719 789 1910 867 ἀγαθὸν

263 876 493 949 ποιήσω,
530 875 621 931 ’ίνα
647 874 762 955 ἔχω
791 879 931 948 ζωὴν
958 878 1166 934 αἰώνιον
1202 897 1217 958 ;
1272 901 1295 932 υ
1354 880 1453 936 Τὸν
1496 879 1765 935 νεανίσκον
1794 878 1911 934 τού-

262 984 377 1042 τον,
408 965 500 1019 τὸν
547 964 901 1044 προσελθόντα
951 974 1028 1041 τῷ
1084 968 1313 1045 Χριστῷ,
1375 968 1513 1031 τινὲς
1567 970 1640 1033 ὡς
1685 966 1909 1023 ὕπουλον

261 1053 350 1108 καὶ
403 1055 634 1131 πονηρὸν
692 1055 780 1111 καὶ
856 1056 1168 1134 πειράζοντα
1248 1058 1339 1113 τὸν
1410 1058 1632 1135 Χριστὸν
1688 1053 1908 1112 διαϐάλ-

266 1137 438 1202 λουσι.
472 1142 542 1199 Τὸ
581 1140 635 1198 δέ
677 1140 870 1210 ἀληθὲς
902 1147 998 1223 οὐχ
1052 1142 1216 1208 οὕτως
1266 1143 1408 1224 ἔχει,
1453 1143 1591 1200 ἀλλὰ
1647 1142 1909 1224 φιλάργυ-

265 1251 352 1308 ρον
384 1229 479 1305 μέΛ
533 1232 619 1288 καὶ
676 1233 974 1311 χρημάτων
1031 1231 1215 1292 δοῦλον
1270 1233 1448 1298 καλῶς
1502 1232 1562 1290 ἄν
1612 1256 1692 1298 τις
1738 1234 1907 1312 εἴποι,

264 1317 492 1376 ὕπουλον
561 1318 614 1375 δὲ
688 1324 776 1378 καὶ
850 1324 1083 1400 πονηρὸν
1152 1325 1239 1380 καὶ
1293 1324 1605 1403 πειράζοντα
1649 1323 1909 1397 οὐδαμῶς.

266 1409 369 1466 Καὶ
413 1410 525 1492 ’γὰρ
567 1412 595 1466 6
639 1412 862 1490 Χριστὸς
919 1410 1233 1492 φιλάργυρον
1290 1413 1433 1468 εἶναι
1503 1421 1689 1471 τοῦτον
1741 1410 1912 1490 ἤλεγ-

267 1494 373 1562 ξεν.
411 1489 468 1557 Ὀ
500 1497 554 1555 δὲ
613 1489 994 1579 εὗαγγελιστῆς
1036 1489 1239 1565 Λουκᾶς
1296 1501 1532 1582 ἄρχοντα
1586 1501 1727 1581 λέγει
1783 1489 1910 1559 τοῦ-

266 1608 357 1642 τον
388 1588 531 1644 εῖναι
572 1596 678 1646 τῶν
709 1588 971 1646 Ἰουδαίων
1007 1609 1025 1626 ⁸
1076 1592 1164 1647 καὶ
1193 1593 1220 1647 6
1263 1589 1643 1670 εὖαγγελιστὴς
1703 1592 1914 1671 Μάρκος

266 1674 434 1756 λέγει,
518 1675 599 1733 ὅτι
670 1676 939 1754 ἐμϐλέψας
1012 1681 1154 1754 αὒτῷ
1224 1683 1252 1737 6
1324 1678 1549 1755 Ἰησοῦς,
1638 1681 1917 1760 ἠγάπησεν

1995 602 2164 664 Hunc
2196 603 2633 665 adolescentem
2669 604 2768 685 qui
2800 605 2870 665 ad
2906 605 3207 667 Christum
3233 604 3484 667 accessit
3505 622 3655 664 non-

1996 692 2141 753 nulli
2172 702 2233 753 ut
2266 711 2504 774 pravum
2540 703 2599 756 et
2629 694 2967 775 improbum
2999 701 3059 756 et
3086 695 3387 758 Christum
3407 701 3649 754 tentan-

1996 788 2111 842 tem
2144 783 2604 845 calumniantur.
2638 783 2724 845 Re
2752 785 2993 865 quidem
3050 803 3207 853 vera,
3261 803 3379 845 non
3426 784 3538 844 hoc
3572 782 3651 841 ita

1995 888 2061 930 se
2082 869 2279 952 habet,
2308 871 2410 932 sed
2437 891 2569 933 eum
2597 873 2862 952 pecuniae
2883 873 3138 934 amicum
3161 872 3500 933 divitiarum
3518 890 3645 931 ser-

1993 976 2128 1018 vum
2162 959 2341 1021 fuisse
2373 960 2526 1022 bene
2556 962 2800 1023 dixeris.
2841 981 3080 1041 pravum
3113 969 3309 1023 autem
3341 969 3399 1022 et
3440 959 3647 1041 perdi-

1995 1059 2123 1113 tum
2154 1058 2213 1109 et
2244 1057 2596 1112 tentatorem
2631 1051 2899 1114 minime.
2931 1052 3165 1114 Etenim
3200 1050 3648 1114 Christusillum

1995 1147 2056 1200 ut
2089 1140 2358 1220 pecuniae
2388 1140 2624 1202 avidum
2684 1142 3001 1222 vituperat.
3059 1145 3243 1203 Lucas
3287 1139 3650 1219 evangelista

1997 1249 2129 1296 eum
2161 1232 2303 1295 dicit
2334 1253 2464 1295 esse
2492 1232 2833 1295 Judaeorum
2855 1235 3103 1315 ducem;
3135 1243 3191 1295 et
3219 1235 3649 1296 Marcusevan-

1996 1322 2204 1400 gelista
2234 1322 2624 1397 dicitJesum,
2653 1332 2962 1405 postquam
2993 1325 3159 1384 illum
3185 1322 3435 1383 intuitus
3468 1329 3645 1391 esset,

1996 1410 2163 1471 illum
2198 1412 2501 1474 dilexisse.
2538 1412 2687 1475 Inde
2718 1413 2900 1491 igitur
2950 1412 3332 1476 manifestum
3378 1419 3465 1472 est
3497 1410 3647 1471 ado-

1997 1499 2325 1563 lescentem
2358 1500 2601 1563 aliunde
2634 1502 2855 1564 bonum
2890 1521 3023 1563 esse
3070 1509 3127 1563 et
3156 1501 3330 1562 vitam
3363 1508 3645 1562 aeternam

1998 1590 2277 1670 cupiisse,
2313 1591 2570 1653 avaritias
2598 1600 2794 1654 autem
2825 1593 3026 1672 spinas
3060 1591 3315 1652 fertilem
3340 1589 3495 1649 illius
3515 1588 3650 1649 ani—

2001 1699 2113 1741 mre
2144 1690 2360 1742 terram
2395 1681 2655 1744 foedasse
2690 1701 2703 1744 :
2749 1708 2770 1738 α
2807 1683 2967 1746 Dixit
2998 1688 3192 1742 autem
3228 1680 3331 1741 illi.
3371 1677 3522 1751 Quid
3557 1696 3650 1738 me

267 1765 449 1827 αὐτόν.
510 1767 758 1823 Φαίνεται
816 1768 986 1825 τοίνυν
1041 1769 1147 1825 ἀπὸ
1201 1770 1409 1849 τούτου,
1466 1770 1547 1826 ὅτι
1592 1768 1761 1827 τᾶλλα
1819 1771 1915 1846 μὲν

2004 1771 2224 1831 bonum
2254 1769 2404 1831 dicis
2432 1771 2462 1831 ‘?
2494 1789 2666 1831 nemo
2699 1771 2908 1851 bonus,
2947 1770 3058 1831 nisi
3095 1772 3250 1831 Deus
3283 1768 3467 1830 solus.
3509 1791 3532 1822 υ

270 1852 429 1920 καλὸς
483 1855 550 1923 ἧν
609 1859 638 1912 6
691 1856 978 1932 νεανίσκος,
1037 1860 1125 1915 καὶ
1180 1864 1323 1930 ζωῆς
1377 1859 1623 1935 ἐπεθύμει
1676 1861 1911 1939 αἰωνίου,

264 1944 299 2011 ἡ
331 1941 385 1999 δὲ
441 1941 565 2023 (38)
624 1944 821 2002 ἄκανθα
872 1952 970 2013 τῆς
1027 1946 1363 2027 φιλαργυρίας
1420 1951 1577 2005 αὒτοῦ
1604 1949 1705 2017 τὴν
1746 1949 1914 2007 λιπα-

268 2034 362 2112 ρὰν
410 2031 630 2114 ἄρουραν
673 2038 768 2104 τῆς
825 2040 1010 2117 ψυχῆς
1067 2037 1226 2094 αὒτοῦ
1281 2036 1604 2113 ἐλυμήνατο.
1675 2060 1703 2094 α
1752 2030 1810 2096 Ὀ
1858 2036 1913 2093 δὲ

268 2122 424 2178 εἶπεν
479 2127 643 2198 αὐτῷ,
701 2124 760 2181 Τί
814 2146 881 2200 με
938 2125 1110 2204 λέγεις
1174 2125 1417 2206 ἀγαθὸν;
1475 2125 1638 2190 οὐδεὶς
1693 2127 1913 2207 ἀγαθὸς,

268 2213 311 2268 εἰ
334 2212 412 2287 μὴ
455 2216 537 2276 εἷς
569 2215 597 2269 6
641 2213 795 2278 Θεός.
849 2236 872 2271 ι)
936 2215 1096 2271 Φύσει
1149 2216 1246 2292 μὲν
1275 2216 1466 2295 ἀγαθὸς
1499 2217 1656 2293 μόνος
1688 2221 1716 2273 6
1749 2217 1910 2281 Θεός⁶

158 2351 177 2355 -
268 2301 459 2380 γνώμῃ
502 2299 557 2358 δὲ
607 2301 793 2367 ἆθαθὸς
844 2304 1005 2380 μόνος
1062 2307 1090 2361 6
1146 2308 1466 2381 θεομίμητος
1522 2307 1719 2385 γίνεται
1754 2324 1767 2340 ’
1831 2309 1917 2364 οὒ-

268 2389 371 2454 δεὶς
402 2389 456 2446 δὲ
487 2392 605 2448 οὔτε
633 2390 835 2467 ὑλικὸς,
894 2393 1012 2450 οὔτε
1067 2392 1223 2458 ἄυλος
1279 2394 1472 2473 ἀγαθός
1529 2395 1639 2452 ἐστι
1697 2395 1911 2475 κυρίως,

268 2482 312 2536 εἶ
368 2482 446 2556 μὴ
503 2481 665 2557 μόνος
722 2484 750 2538 6
806 2483 957 2547 Θεός.
1022 2484 1165 2539 Διότι
1227 2491 1304 2558 τῷ
1356 2485 1453 2559 μὲν
1509 2486 1646 2541 κατὰ
1702 2486 1851 2566 φύσιν
1878 2488 1912 2554 ἦ

270 2570 560 2650 ἄγαθότης,
591 2572 679 2627 καὶ
709 2569 793 2627 διὰ
821 2579 976 2629 τοῦτο
1006 2572 1369 2652 ἆτρεπτοτάτη
1406 2593 1419 2608 ·
1452 2587 1570 2638 τοῖς
1621 2573 1675 2631 δὲ
1734 2572 1916 2639 ἄλλοις

269 2666 428 2716 πᾶσιν
487 2662 702 2738 ὁρατοῖς
759 2664 846 2721 καὶ
922 2660 1166 2742 ἆοράτοις
1250 2664 1386 2720 κατὰ
1454 2665 1775 2744 προαίρεσιν,
1835 2663 1920 2721 διὰ

270 2754 428 2806 τοῦτο
482 2752 708 2829 τρεπτή.
798 2752 896 2810 Καὶ
952 2751 1066 2808 ἐπεὶ
1132 2752 1300 2809 τοίνυν
1359 2756 1510 2817 οὗτος
1565 2756 1593 2809 6
1650 2755 1916 2818 νεανίσκος

268 2836 538 2917 ἄνθρωπον
591 2838 774 2903 ἁπλῶς
850 2841 940 2897 τὸν
1023 2844 1248 2921 Χριστὸν
1326 2840 1691 2919 ὑπελάμϐανεν
1750 2844 1913 2913 εἶναι,

266 2929 354 2983 καὶ
395 2927 590 3006 ἀγαθὸν
648 2931 802 2986 αὐτὸν
861 2928 1129 3011 ἐκάλεσεν,
1187 2935 1291 3011 οὐχ
1345 2934 1420 2995 ὡς
1477 2933 1628 3012 Θεὸν,
1685 2931 1806 2989 ἀλλ’
1848 2935 1918 2999 ὡς

268 3019 561 3100 ἄνθρωπον,
625 3023 712 3077 καὶ
759 3022 831 3084 ὡς
875 3020 966 3077 ἕνα
1014 3027 1119 3078 τῶν
1162 3022 1288 3102 παρ’
1350 3013 1607 3102 Ἑϐραίοις
1664 3022 1917 3081 διδασκάο

2080 1863 2305 1922 Natura
2335 1860 2575 1940 quidem
2607 1860 2768 1922 solus
2796 1860 2954 1921 Deus
2987 1860 3176 1920 bonus
3208 1866 3334 1938 est;
3371 1856 3651 1936 opinione

1998 1965 2139 2008 vero
2164 1949 2328 2009 solus
2372 1947 2566 2010 bonus
2614 1950 2678 2010 fit
2733 1950 2833 2031 qui
2890 1948 3078 2010 Deum
3136 1947 3425 2007 imitatur.
3461 1945 3651 2007 Nemo

2000 2037 2161 2097 enim
2192 2056 2389 2118 neque
2416 2057 2741 2120 corporeus
2772 2055 2967 2120 neque
3000 2035 3442 2116 integerreipsa
3461 2033 3653 2094 bonus

2000 2133 2110 2194 est,
2137 2125 2251 2187 nisi
2280 2126 2443 2187 solus
2474 2126 2653 2189 Deus.
2689 2130 2827 2191 Ideo
2858 2146 2990 2209 quae
3018 2125 3347 2188 secundum
3380 2131 3650 2184 naturam

1998 2222 2090 2274 est
2107 2214 2341 2278 bonitas
2368 2224 2610 2298 propter
2632 2219 2744 2279 hoc
2762 2217 2957 2296 ipsum
2982 2225 3071 2278 est
3095 2211 3537 2276 indefectibilis.
3566 2212 3645 2272 Ex

1997 2303 2130 2366 aliis
2160 2313 2355 2366 autem
2383 2305 2659 2368 omnibus
2689 2306 2789 2387 qui
2839 2325 2967 2367 eam
3024 2312 3267 2386 propter
3296 2301 3648 2362 electionem

2001 2394 2123 2454 sive
2154 2394 2509 2467 visibilibus,
2543 2396 2666 2458 sive
2699 2394 3101 2456 invisibilibus
3121 2391 3310 2453 sortiti
3330 2399 3489 2471 sunt,
3514 2389 3648 2451 ideo

2002 2481 2178 2543 etiam
2214 2492 2403 2563 potest
2431 2484 2744 2565 decidere;
2766 2492 2825 2545 et
2853 2487 3130 2565 quoniam
3162 2480 3263 2540 ille
3294 2479 3649 2541 adolescens

2002 2572 2302 2635 Christum
2362 2593 2591 2635 merum
2652 2574 2958 2635 hominem
3016 2588 3148 2632 esse
3203 2568 3540 2649 suspicatur
3595 2574 3653 2627 et

2003 2659 2225 2722 bonum
2257 2662 2423 2724 illum
2454 2672 2638 2738 vocat,
2675 2683 2792 2725 non
2818 2663 3112 2735 utDeum,
3141 2659 3244 2721 sed
3272 2656 3649 2719 uthominem

2004 2758 2060 2811 et
2091 2771 2273 2813 unum
2334 2772 2403 2814 ex
2454 2752 2722 2815 Hebraeis
2780 2751 3152 2824 doctoribus,
3215 2747 3356 2809 inde
3386 2745 3656 2827 sequitur

2003 2840 2303 2903 Christum
2336 2860 2441 2923 pro
2473 2844 2575 2904 tali
2608 2842 2892 2924 Opinione
2938 2848 3001 2902 ut
3047 2838 3353 2901 hominem
3384 2853 3518 2900 cum
3549 2834 3653 2899 illo

2003 2949 2341 2992 sermonem
2378 2932 2643 2995 habere:
2703 2933 2822 2996 Cur
2880 2950 2974 2992 me
3034 2929 3184 2991 dicis
3240 2927 3486 2999 bonum,
3518 2943 3652 2985 cum

2002 3020 2111 3081 sim
2142 3020 2308 3102 juxta
2340 3031 2493 3083 tuam
2529 3022 2878 3104 Opinionem
2909 3022 3124 3081 homo:
3161 3026 3221 3079 ut
3250 3018 3430 3079 homo
3458 3014 3651 3088 enim,

268 3106 401 3182 λῶν,
435 3108 623 3166 λοιπὸν
653 3111 739 3167 καὶ
767 3113 795 3166 6
844 3112 1068 3190 Χριστὸς
1113 3112 1245 3190 πρὸς
1297 3113 1395 3179 τὴν
1455 3112 1704 3179 τοιαύτην
1761 3117 1915 3173 αὐτοῦ

2004 3130 2121 3172 ηοη
2152 3131 2281 3173 sum
2316 3112 2507 3173 bonus
2541 3134 2555 3193 ;
2593 3121 2655 3174 ut
2699 3112 2857 3176 Deus
2874 3130 3032 3183 vero,
3067 3110 3429 3169 immensum
3462 3104 3651 3166 habeo

268 3196 561 3279 ὑπόληψιν,
607 3201 681 3263 ὡς
733 3196 1003 3278 ἅνθρωπος
1059 3202 1200 3274 αὐτῷ
1257 3198 1580 3277 διαλέγεται,
1644 3201 1795 3258 Διατί
1852 3224 1917 3278 με

270 3285 443 3366 λέγεις
497 3288 714 3366 ἀγαθὸν,
767 3288 1037 3368 ἄνθρωπον
1109 3288 1235 3346 ὄντα
1290 3291 1427 3347 κατὰ
1487 3290 1587 3347 τὴν
1631 3291 1732 3358 σὴν
1780 3292 1918 3348 ὑπό-

269 3375 435 3453 ληψιν
471 3398 486 3458 ;
532 3380 604 3442 ὡς
638 3379 734 3455 μὲν
775 3381 874 3459 γὰρ
907 3379 1200 3459 ἅνθρωπος,
1238 3382 1332 3437 οὒκ
1382 3381 1487 3455 εἰμὶ
1542 3380 1735 3458 ἀγαθός
1768 3396 1783 3410 ⁹
1846 3384 1919 3445 ὡς

271 3462 326 3521 δὲ
358 3468 509 3547 θεὸς,
543 3465 756 3548 ἄπειρον
822 3468 936 3550 ἔχω
978 3471 1038 3524 τὸ
1093 3473 1190 3537 τῆς
1248 3468 1574 3547 ἀγαθότητος
1633 3469 1865 3549 πέλαγος
1903 3490 1915 3502 ·

275 3553 434 3629 μόνος
476 3556 576 3635 γὰρ
632 3558 821 3637 κυρίως
892 3558 1085 3637 ἀγαθὸς
1144 3560 1171 3614 6
1229 3558 1381 3622 Θεός,
1428 3567 1592 3616 Τοῦτο
1649 3556 1703 3613 δὲ
1759 3560 1921 3616 εἰπὼν

273 3645 301 3699 6
332 3647 579 3725 Χριστὸς,
633 3648 692 3704 οὐ
732 3648 853 3711 τοὺς
904 3647 1205 3727 ἀνθρώπους
1263 3647 1591 3725 ἀπεστέρησε
1646 3653 1746 3714 τῆς
1788 3648 1921 3725 ἀγα-

273 3732 520 3816 θότητος,
553 3734 689 3793 ἀλλὰ
713 3738 830 3816 περὶ
887 3740 984 3806 τῆς
1046 3738 1233 3816 κυρίως
1290 3736 1620 3815 ἀγαθότητος
1672 3735 1916 3802 ἐδίδαξεν,

278 3807 303 3831 η
502 3807 511 3810 ν
783 3807 793 3816 .
1114 3807 1123 3816 .
1341 3807 1352 3815 .

291 3832 415 3899 Αμα
457 3822 627 3882 δὲκαὶ
670 3827 768 3894 τὴν
819 3826 1098 3884 κολακείαν
1161 3826 1414 3883 ἀπώσατο
1472 3828 1560 3883 καὶ
1618 3824 1918 3883 ἐπαίδευσεν

271 3914 438 3988 ἡμᾶς,
512 3916 589 3990 μὴ
641 3917 1101 3994 συγκατατίθεσθαι
1159 3929 1277 3979 τοτς
1338 3915 1594 3980 ἐπαίνοις,
1660 3938 1687 3970 α
1744 3919 1802 3973 Εἰ
1862 3915 1916 3972 δὲ

268 4002 437 4067 θέλεις
482 4005 734 4063 εἰσελθεῖν
765 4009 836 4071 εἰς
880 4008 977 4076 τὴν
1034 4008 1197 4081 ζωὴν,
1229 4010 1462 4086 τήρησον
1492 4008 1585 4070 τὰς
1617 4006 1856 4072 ἐντολάς·
1882 4032 1908 4062 n

270 4090 413 4172 λέγει
444 4098 606 4176 αὖτῷ,
646 4121 674 4152 α
708 4099 869 4162 Ποίας
903 4117 918 4177 ;
958 4120 986 4154 (ι
1020 4102 1137 4180 Οὐχ
1165 4101 1239 4162 ὡς
1276 4098 1532 4177 πειράζων
1576 4100 1604 4154 6
1646 4098 1914 4160 νεανίσκος

274 4188 423 4269 εἶπε,
476 4191 654 4264 ποίας,
716 4188 837 4245 ἀλλ’
891 4189 1099 4265 ἐνόμισε
1156 4188 1297 4268 παρὰ
1348 4188 1441 4252 τὰς
1486 4188 1705 4263 νομικὰς
1762 4187 1916 4245 ἐντο-

270 4277 388 4352 λὰς,
438 4278 617 4358 ἐτέρας
671 4280 815 4336 εἶναι
873 4277 1091 4341 ἐντολὰς
1158 4278 1251 4342 τὰς
1310 4277 1616 4356 εἷσαγούσας
1688 4279 1759 4341 εἷς
1818 4279 1919 4343 τὴν

272 4370 416 4440 ζωὴν
443 4371 543 4437 τὴν
586 4369 819 4430 αἰώνιον,
889 4391 916 4423 α
976 4360 1033 4426 ῩΟ
1092 4366 1146 4424 δὲ
1192 4366 1398 4434 Ἰησοῦς
1444 4368 1569 4424 εἶπε
1611 4369 1695 4439 τὸ,
1731 4370 1802 4424 Οὔ
1829 4391 1920 4447 φο-

2005 3199 2284 3261 bonitatis
2310 3201 2578 3281 pelagus.
2600 3201 2771 3265 Solus
2794 3200 2952 3261 enim
2982 3216 3118 3260 vere
3140 3198 3334 3259 bonus
3352 3202 3442 3256 est
3472 3194 3650 3256 Deus.

2002 3289 2065 3352 Id
2100 3309 2238 3351 vero
2294 3291 2503 3352 dicens
2558 3292 2849 3365 Christus,
2911 3308 3026 3351 non
3088 3286 3363 3348 homines
3392 3283 3659 3345 bonitate

2005 3380 2296 3454 destituit,
2332 3380 2433 3441 sed
2471 3399 2573 3442 eos
2604 3380 2805 3441 docuit
2860 3398 2992 3461 quae
3022 3395 3159 3440 vera
3189 3375 3263 3436 sit
3295 3374 3554 3436 bonitas.
3587 3371 3659 3433 Et

2005 3469 2183 3530 simul
2210 3469 2526 3531 blanditias
2550 3469 2789 3548 repulit,
2816 3479 2873 3530 et
2899 3466 3223 3530 noslaudes
3247 3483 3364 3525 non
3387 3479 3655 3544 quaerere

2006 3567 2207 3621 monet
2235 3581 2247 3618 :
2279 3586 2307 3614 ε
2333 3559 2396 3622 Si
2420 3559 2579 3621 enim
2604 3559 2690 3620 vis
2710 3560 2766 3620 in
2792 3560 2967 3621 vitam
2991 3555 3247 3637 ingredi,
3283 3571 3453 3615 serva
3481 3569 3653 3613 man-

2004 3648 2163 3728 data,
2205 3673 2228 3704 ‹‹
2265 3649 2477 3729 inquit.
2521 3676 2545 3704 «
2586 3648 2727 3722 Quae
2755 3648 2786 3708 ?
2846 3672 2869 3707 ι)
2905 3650 3033 3709 Non
3066 3655 3131 3708 ut
3164 3652 3395 3706 lentans
3418 3641 3658 3722 juvenis

2003 3737 2151 3798 dixit
2181 3755 2195 3800 :
2255 3757 2387 3819 quae
2419 3755 2433 3812 ;
2487 3738 2592 3799 sed
2649 3738 2869 3819 putavit
2901 3756 3032 3799 esse
3063 3743 3274 3816 praeter
3308 3732 3457 3811 legis
3485 3750 3657 3793 mau-

2003 3827 2165 3903 data,
2200 3828 2314 3889 alia
2346 3828 2623 3889 mandata
2652 3830 2711 3889 in
2744 3828 2918 3889 vitam
2951 3836 3233 3888 aeternam
3265 3821 3658 3885 introducen-

2002 3916 2118 3979 tia:
2154 3943 2178 3971 α
2203 3916 2589 3980 Jesusautem
2616 3919 2802 3980 dixit:
2857 3917 2984 3979 Non
3009 3915 3288 3994 occides;
3343 3931 3459 3972 non
3491 3910 3662 3971 adul-

2000 4006 2222 4075 terabis
2239 4027 2257 4082 ,'
2274 4026 2390 4067 non
2416 4007 2633 4069 furtum
2651 4008 2861 4089 facies;
2882 4026 2994 4067 non
3019 4005 3230 4066 falsum
3250 3999 3661 4066 testimonium

1999 4096 2208 4177 dices;
2244 4098 2468 4158 honora
2516 4106 2740 4178 patrem
2775 4105 2940 4159 tuum
2975 4103 3032 4159 et
3064 4103 3315 4156 matrem
3343 4100 3500 4152 tuam
3530 4111 3545 4171 ;
3609 4099 3667 4149 et

2001 4185 2214 4265 diliges
2247 4185 2583 4264 proximum
2616 4196 2804 4263 tuum,
2866 4186 3018 4249 sicut
3074 4184 3357 4265 teipsum.
3392 4180 3544 4242 Dicit
3578 4178 3664 4238 illi

2001 4274 2354 4337 adolescens
2379 4297 2393 4357 ;
2417 4277 2552 4339 Hzec
2578 4277 2775 4339 omnia
2800 4276 3026 4338 servavi
3050 4294 3118 4336 ex
3135 4274 3448 4353 juventute
3465 4287 3657 4331 mea.»

2005 4363 2355 4427 Summatim
2417 4367 2563 4446 legis
2623 4368 2904 4428 mandata
2960 4362 3327 4427 adolescenti
3388 4360 3665 4439 proponit

275 4459 495 4537 νεύσεις,
544 4461 604 4516 οὒ
649 4458 978 4538 μοιχεύσεις,
1032 4460 1091 4514 οὗ
1137 4455 1376 4531 κλέψεις,
1440 4480 1497 4513 ου
1554 4454 1915 4536 ψευδομαρτυ-

2004 4456 2306 4536 sapienter
2335 4457 2628 4523 Christus.
2666 4476 2736 4517 ea
2766 4456 2941 4517 simul
2975 4458 3199 4516 honore
3256 4449 3655 4519 circumdans,

276 4550 473 4627 ρήσεις.
506 4548 643 4622 Τίμα
690 4550 780 4603 τὸν
824 4547 1025 4625 πατέρα
1082 4568 1175 4602 σου
1217 4547 1305 4603 καὶ
1358 4547 1456 4612 τὴν
1501 4546 1707 4624 μητέρα
1765 4567 1857 4602 σου
1906 4565 1915 4577 ·

2007 4562 2083 4605 ne
2134 4545 2471 4606 contrarius
2531 4547 2644 4623 legi
2706 4546 3058 4613 videretur;
3118 4541 3295 4602 simul
3345 4546 3542 4601 autem
3592 4544 3665 4627 ut

273 4626 361 4693 καὶ
404 4637 699 4716 ἀγαπήσεις
750 4637 842 4692 τὸν
899 4635 1124 4702 πλησίον
1189 4658 1281 4690 σου
1340 4637 1413 4698 ὡς
1467 4635 1707 4693 σεαυτόν.
1769 4634 1915 4712 Λέγει

2009 4634 2351 4695 ostenderet
2375 4652 2512 4694 eum
2538 4636 2637 4714 qui
2656 4654 2718 4696 se
2739 4635 2797 4694 in
2824 4635 2915 4711 leg
2936 4658 2947 4674 ι
2968 4632 3294 4712 perfectum
3317 4647 3447 4689 esse
3461 4626 3668 4687 crede-

275 4727 419 4802 αὒτῷ
488 4729 515 4782 6
590 4727 857 4789 νεανίσκος
891 4742 905 4758 ·
982 4725 1160 4779 Πάντα
1217 4731 1379 4780 ταῦτα
1451 4720 1786 4803 ἐφυλαξάμην
1867 4724 1915 4778 ἐκ

2008 4730 2120 4793 ret,
2146 4723 2319 4782 vilem
2342 4740 2473 4783 esse
2496 4724 2582 4783 vel
2607 4723 2760 4803 quod
2783 4722 2851 4783 ad
2874 4720 3229 4800 evangelicae
3246 4716 3662 4794 legisinitinm.

276 4816 526 4883 νεότητός
572 4839 697 4891 μου.
735 4838 761 4869 ι)
797 4815 901 4878 Τὰς
960 4812 1479 4893 κεφαλαιωδέστερας
1533 4813 1640 4868 τῶν
1695 4820 1915 4886 νομικῶη

2015 4810 2251 4873 Sciebat
2281 4810 2464 4885 enim,
2501 4820 2562 4871 ut
2594 4812 2927 4892 prwvislens
2957 4811 3136 4883 Deus,
3161 4809 3324 4870 illum
3354 4824 3669 4886 reSponsu-

277 4905 503 4963 ἐντολῶν
545 4904 803 4983 προτείνει
861 4910 938 4978 τῷ
992 4904 1248 4976 νεανίσκῳ
1307 4903 1654 4976 οἰκονομικῶς
1708 4903 1736 4957 6
1794 4908 1915 4980 Χρι-

2015 4919 2148 4961 rum
2182 4919 2314 4962 esse
2348 4901 2626 4962 mandata
2656 4920 2721 4962 se
2752 4910 3097 4962 exsecutum
3152 4916 3284 4960 esse
3316 4905 3373 4959 et
3400 4896 3667 4957 custodi-

277 4997 423 5075 στὸς,
470 4994 584 5070 ἅμα
634 4995 733 5069 μὲν
777 5000 947 5069 τιμῶν
992 4992 1176 5063 αὒτὰς,
1230 4990 1322 5046 ἵνα
1381 4991 1459 5065 μὴ
1531 4987 1655 5065 δόξῃ
1700 4988 1915 5046 ἐναντίος

2019 4990 2170 5050 visse
2203 5009 2269 5051 ex
2303 4989 2703 5052 adolescentia
2734 5010 2860 5051 sua.
2900 4990 3038 5051 [dcc
3070 4998 3124 5051 et
3156 5006 3332 5048 unam
3385 5006 3450 5046 ex
3486 5003 3668 5075 evanf

277 5091 354 5159 τῷ
409 5086 557 5160 νόμῳ
591 5103 604 5116 '
650 5083 761 5158 ἅμα
819 5082 872 5138 δὲ
916 5084 1025 5157 καὶ,
1084 5080 1177 5136 ἵνα
1219 5078 1355 5161 (39)
1401 5076 1562 5158 δείξῃ,
1593 5077 1673 5135 ὅτι
1705 5081 1733 5135 6
1776 5079 1830 5135 ἐν
1856 5088 1915 5154 τῇ

2018 5079 2227 5159 gelicis
2259 5078 2490 5148 legibus
2543 5079 2908 5160 protendens
2970 5076 3256 5142 Dominus
3301 5074 3667 5137 adolescenti

277 5174 425 5249 νόμῳ
468 5175 691 5249 νομίζων
720 5173 860 5229 εἶναι
890 5170 1115 5245 τέλειος,
1163 5171 1236 5231 εἰς
1280 5172 1381 5235 τὴν
1426 5167 1603 5247 ἀρχὴν
1635 5175 1726 5224 τοῦ
1771 5167 1915 5247 εὐαγ-

2024 5168 2295 5249 ρθευηίω
2338 5168 2574 5230 avidum
2632 5169 2793 5229 illum
2853 5188 2984 5229 esse
3037 5166 3293 5230 convicit
3340 5172 3673 5246 Opportune

278 5262 492 5341 γελικοῦ
560 5263 725 5338 νόμου
799 5260 994 5330 ἀτελής
1049 5258 1217 5319 ἐστιν.
1294 5255 1582 5334 Ἐγίνωσκε
1667 5258 1790 5336 γὰρ,
1863 5262 1908 5314 ὡ

2026 5266 2084 5319 et
2111 5258 2417 5318 evidenter
2438 5258 2703 5319 ostendit
2720 5258 3020 5318 avaritiam
3046 5274 3258 5317 omnes
3277 5254 3524 5314 virtutes
3539 5252 3669 5330 pol-

279 5353 628 5432 προγνώστης
698 5353 851 5432 Θεὸς,
932 5348 1013 5405 ὅτι
1097 5348 1265 5411 οὕτως
1350 5346 1786 5425 ἀποκριθήσεται,
1859 5349 1915 5407 ὅτ

2028 5347 2214 5420 luere,
2249 5354 2307 5407 et
2360 5345 2499 5406 inde
2547 5346 2886 5426 fugiendam
2954 5355 3012 5408 et
3067 5341 3474 5424 repellendam
3520 5341 3672 5400 hanc

2109 5523 2231 5603 (38)
2264 5544 2291 5583 α
2345 5532 2388 5582 Η
2418 5523 2473 5581 δὲ
2518 5524 2738 5582 ἄκανθα.
2790 5543 2817 5578 ι
2857 5522 3183 5603 Eleganter
3220 5520 3353 5603 hac
3375 5519 3544 5582 dixit.

2106 5598 2239 5697 (:39).
2268 5626 2290 5696 (ε
2349 5616 2445 5697 1ναὶ
2465 5603 2624 5697 δείξῇ,
2661 5604 2739 5660 ὅτι
2782 5598 3119 5697 ξέν.“ιξ’8ί⁹ς
3150 5601 3291 5697 dedi
3323 5601 3397 5663 de
3427 5598 3670 5663 meo.'In

2023 5681 2156 5750 cod.
2191 5684 2400 5747 vitiose
2430 5684 2757 5764 legebatur:
2795 5681 2896 5743 "Im
2926 5683 3049 5761 δόξῃ
3080 5681 3161 5738 ὅτι
3191 5682 3267 5738 ἐν.

359 5528 477 5602 (37)
510 5552 538 5586 α
565 5537 652 5604 Τῷ
680 5530 848 5608 καιρῷ
872 5528 1076 5604 ἐκείνῳ.
1101 5551 1129 5581 ι
1156 5527 1361 5608 Matth.
1389 5528 1623 5608 xtx,__16
1649 5526 1945 5608 seqq.Sic

276 5609 573 5691 incipiunt
586 5610 737 5672 hanc
754 5605 1091 5690 pericapam
1112 5607 1502 5670 Lectionaria.
1518 5605 1662 5668 Nam
1687 5605 1750 5668 in
1766 5605 1941 5670 editis

274 5709 397 5753 non
430 5691 649 5770 legitur
679 5713 743 5769 γο
757 5713 839 5747 Iun
849 5697 981 5747 ετῶν
993 5734 1008 5749 .
