4156 6388
481 366 634 432 1215

1561 370 1617 434 J.
1666 369 2053 435 XIPHILINI
2095 374 2211 437 CP.
2256 374 2774 441 PATRIARCHE

3707 384 3815 449 ιρι
3840 385 3883 451 6

474 501 859 584 cupiditatem
877 502 1161 598 jussit.Ut
1185 502 1345 566 enim
1362 503 1520 598 dixit
1532 505 1966 598 adolescens,si
1980 504 2124 598 legis

2216 510 2531 589 κατώρθωσε
2602 512 2696 576 τὰς
2751 512 2967 579 ἐντολὰς
3037 517 3125 573 καὶ
3185 515 3434 598 ἐφύλαξεν
3500 517 3561 575 ἐκ
3601 519 3875 588 νεότητος.

473 599 770 688 ριάθρθρῐε
793 593 1072 688 custodit,
1109 612 1322 688 magna
1360 594 1606 688 omnino
1643 595 1930 688 implevit.
1967 593 2124 688 Quo-

2223 600 2321 654 Διά
2377 607 2534 657 τοῦτο
2576 603 2662 659 καὶ
2710 602 2834 677 μίαν
2892 610 2997 661 τῶν
3058 593 3412 685 εὐαγγελικῶν
3454 608 3681 668 ἐντολῶν
3737 633 3879 688 προ-

472 684 650 745 modo
681 690 878 745 autem
911 683 1101 764 potuit
1131 683 1232 745 ille
1263 684 1624 765 proximum,
1658 693 1725 747 ut
1753 685 2016 766 seipsum
2049 685 2136 747 di-

470 770 658 851 ligere
687 770 737 833 si
760 772 887 851 ipse
909 772 1151 854 quidem
1176 772 1343 835 dives
1372 782 1549 841 esset.
1596 774 1900 854 proximus
1939 782 2132 835 autem

470 867 725 941 pauper?
747 860 932 923 Nemo
952 861 1111 923 enim
1128 862 1464 943 proximum
1480 862 1740 943 diligens
1755 870 1818 923 ut
1835 862 2125 943 seipsum,

470 948 741 1027 proximo
766 949 887 1011 vult
909 968 1041 1012 esse
1065 950 1487 1014 ditior.Omnis
1511 959 1707 1014 autem
1731 953 1907 1013 homo
1933 952 2131 1031 proxi-

469 1055 600 1098 mus
632 1038 870 1100 dicitur.
924 1040 997 1102 Et
1034 1040 1085 1102 si
1119 1040 1435 1102 amavisset
1486 1040 1818 1121 proximum
1858 1040 2124 1120 juvenis,

470 1126 788 1207 participes
810 1146 1015 1189 eorum
1056 1149 1188 1209 qua;
1209 1128 1487 1201 habebat,
1521 1128 1763 1191 fecisset
1796 1147 2003 1209 parum
2038 1129 2126 1191 vel

468 1215 615 1277 nihil
644 1215 954 1278 habentes.
976 1218 1130 1291 Quid
1174 1218 1353 1296 igitur
1382 1226 1440 1279 et
1468 1217 1671 1280 dicere
1691 1218 1976 1298 juvenem
2009 1217 2127 1279 im-

469 1305 722 1386 plevisse
743 1306 933 1369 ethoc
976 1315 1339 1388 praceptum
1383 1315 1442 1370 et
1479 1308 1596 1370 alia
1628 1306 1776 1388 legis
1808 1316 2125 1389 praecepta,

466 1403 533 1457 ut
547 1395 786 1475 juvenis
817 1414 884 1458 se
926 1396 1273 1478 implevisse
1301 1396 1655 1460 asserebat?
1679 1396 1931 1459 Amabat
1967 1398 2127 1459 enim

465 1484 798 1565 proximum
829 1484 983 1548 sicut
1014 1486 1311 1568 seipsum,
1340 1487 1446 1549 sed
1470 1486 1549 1548 ita
1572 1492 1635 1549 ut
1662 1486 1813 1548 nihil
1847 1486 1933 1548 illi
1960 1486 2130 1551 noci-

464 1574 521 1635 vi
567 1574 837 1648 inferret,
885 1593 1006 1637 non
1039 1584 1098 1639 et
1140 1576 1309 1638 illum
1366 1577 1739 1656 propriarum
1790 1574 2129 1637 divitiarum

467 1668 818 1749 participem
867 1668 1112 1733 faceret.
1146 1670 1209 1733 Id
1262 1669 1423 1731 enim
1471 1668 1727 1731 sublime
1762 1676 1819 1731 et
1849 1684 2127 1748 magnum

466 1768 523 1821 et
554 1757 801 1821 Judaica
831 1760 1107 1822 vecordia
1138 1759 1342 1823 altius.

466 1848 632 1914 δόλως
668 1848 918 1932 ἔχοντας,
956 1853 1017 1908 Σί
1046 1852 1134 1909 οὖν
1165 1851 1305 1909 ἔστιν
1358 1853 1553 1933 εἰπεῖν,

466 1941 538 2003 ὡς
570 1938 820 2020 ἐνεχώρει
851 1942 970 1999 τότε
999 1947 1281 2022 κατορθοῦν
1328 1943 1487 2004 αὒτάς
1525 1958 1539 1972 ⁸

2216 692 2390 752 τείνας
2447 697 2523 765 τῷ
2591 692 2847 766 νεανίσκῳ
2916 697 2944 750 ὁ
3033 696 3244 775 Κύριος,
3306 696 3623 778 φιλάργυρον
3686 697 3879 777 ἤλεγξε

2218 787 2400 867 τοῦτον
2461 781 2603 836 εἶναι
2643 800 2656 814 ⁸
2720 782 3030 862 εὐαφόρμως
3084 783 3139 840 δὲ
3192 787 3280 842 καὶ
3324 790 3561 865 καθαρῶς
3598 786 3729 867 (40)
3760 790 3881 844 ’ὓπ-

2219 865 2376 933 ἔδειξε
2462 868 2559 936 τὴν
2631 868 2972 952 φιλαργυρίαν
3055 874 3229 938 πάσας
3304 865 3713 951 λυμαινομένηνγ
3776 878 3877 941 τὰς

2212 956 2424 1036 ἀρετὰς,
2469 959 2557 1015 καὶ
2618 959 2723 1016 ἀπὸ
2792 962 2976 1018 τούτου
3032 985 3254 1042 φεκικτον
3306 966 3368 1020 τὸ
3419 973 3656 1023 τοιοῦτον
3708 967 3874 1030 πάθος

2211 1046 2298 1101 καὶ
2331 1045 2688 1124 ἀποτρόπαιον
2745 1046 3047 1127 διωρ’σκτο.
3110 1053 3295 1116 Καθὼς
3330 1051 3447 1131 (41)
3508 1051 3563 1110 δὲ
3634 1055 3789 1110 εἶπεν
3845 1058 3876 1110 ὁ

2214 1134 2501 1208 νεανίσκος,
2538 1136 2580 1191 εἰ
2610 1134 2828 1215 ἐφύλαξε
2856 1139 2952 1200 τὰς
3006 1149 3099 1198 τοῦ
3141 1141 3302 1215 νόμου
3361 1140 3599 1215 ἐντολὰς,
3660 1142 3872 1220 μεγάλα

2213 1223 2425 1287 πάντως
2457 1225 2794 1304 κατώρθωσε.
2843 1228 2966 1290 Πῶς
3007 1225 3062 1283 δέ
3106 1226 3302 1309 ἴσχυσε
3351 1229 3557 1294 ἐκεῖνος
3587 1235 3862 1310 κατορθῶ-

2214 1333 2301 1368 σαι
2329 1313 2391 1368 τὸ
2420 1312 2631 1392 ἀγαπᾷν
2677 1316 2769 1370 τὸν
2820 1313 3069 1397 πλησίον,
3130 1320 3203 1381 ὡς
3260 1320 3467 1397 ἑαυτὸν,
3515 1319 3668 1400 εἴπερ
3712 1323 3872 1387 αὐτὸς

2215 1402 2311 1477 μὲν
2366 1400 2616 1467 πλούσιος
2643 1403 2735 1478 ἦν,
2768 1406 2796 1460 6
2826 1402 2881 1461 δὲ
2911 1403 3138 1473 πλησίον
3186 1409 3409 1489 πτωχός
3445 1429 3460 1489 ;
3524 1407 3701 1476 Οὒδεὶς
3771 1411 3874 1490 γὰρ

2212 1490 2434 1569 ἀγαπῶν
2478 1494 2569 1548 τὸν
2624 1491 2854 1560 πλησίον
2897 1496 2971 1558 ὡς
3016 1496 3225 1571 ἑαυτὸν,
3288 1496 3677 1579 πλαυσιώτερος
3731 1498 3873 1556 θέλει

2213 1580 2356 1636 εἶναι
2400 1579 2493 1636 τοῖ’)
2561 1580 2787 1648 πλησίον
2824 1600 2839 1615 ⁸
2884 1589 2990 1646 πᾶς
3026 1583 3152 1659 (4Q)
3192 1583 3246 1641 δὲ
3305 1585 3574 1666 ἅνθρωπος
3644 1586 3873 1655 πλησίον

2211 1666 2423 1746 λέγεται
2494 1671 2583 1726 καὶ
2637 1672 2680 1726 εἰ
2734 1671 2921 1749 ἠγάπα
2997 1674 3113 1731 τὸνκ
3160 1673 3387 1742 πλησίον
3469 1678 3497 1732 6
3568 1677 3863 1751 νεανίσκος,

2211 1757 2486 1836 ἐμερίσατο
2535 1758 2619 1834 ἂν,
2668 1759 2766 1817 ὅσα
2813 1761 3067 1829 ἐκέκτητο
3110 1766 3241 1842 πρὸς
3291 1766 3415 1828 τοὺς
3458 1764 3611 1843 ὀλίγα
3671 1766 3707 1835 ἢ
3764 1768 3861 1823 οὒ-

1599 1852 1679 1908 δτι
1738 1852 2053 1929 κατώρθωσε
2110 1847 2197 1905 καὶ
2253 1848 2454 1914 ταύτην
2509 1849 2607 1915 τὴν
2662 1849 2905 1924 ἐντολὴν,
2965 1853 3054 1907 καὶ
3109 1853 3195 1919 τὺς
3267 1852 3433 1918 ἀλλας
3491 1857 3531 1921 ὁ,
3569 1856 3869 1929 νεανίσκος,

1597 1942 1780 2024 ἠγάπα
1830 1940 1926 2015 μὲν
1971 1940 2069 2016 γὰρ
2110 1938 2203 1994 τὸν
2250 1936 2479 2003 πλησίον
2534 1940 2607 2002 ὡς
2654 1939 2859 2012 ἑαυτὸν,
2907 1938 3028 1995 ἀλλ’
3072 1941 3210 1997 ὥστε
3242 1940 3408 2017 μηδὲν
3439 1943 3580 2018 αὐτῷ
3607 1942 3869 2023 βλαϐερὸν

468 2027 805 2095 ἐνδείξασθαι.
839 2034 898 2089 οὔ
925 2032 1055 2108 μὴν,
1089 2032 1226 2090 ὥστε
1256 2026 1673 2111 συμμερίσασθαι
1713 2036 1852 2106 αὒτῷ
1881 2030 1971 2087 τὸν
2001 2026 2134 2085 ἴδιον
2164 2025 2389 2084 πλοῦτον
2425 2044 2439 2057 ·
2472 2034 2626 2085 τοῦτο
2657 2029 2756 2109 γὰρ
2785 2031 2991 2106 ὑψηλὸν
3024 2034 3109 2089 καὶ
3140 2032 3277 2112 μέγα
3332 2034 3419 2089 καὶ
3451 2038 3550 2099 τῆς
3593 2032 3871 2102 ίουδαϊκῆς

469 2143 510 2199 χ
515 2118 832 2194 αμαιζηλίας
862 2122 1144 2203 ἀνώτερον,

544 2206 867 2273 Videamus
897 2219 954 2273 et
983 2230 1114 2291 nos,
1148 2214 1362 2275 fratres
1389 2210 1698 2293 Evangelii
1728 2208 2121 2291 discipuli,an
2144 2213 2182 2262 Β

465 2298 798 2381 proximum
832 2300 987 2363 sicut
1017 2322 1123 2364 nos
1146 2322 1417 2381 amenus,
1456 2310 1518 2365 et
1560 2320 1635 2364 an
1665 2300 1833 2363 illum
1879 2298 2124 2382 partici-

466 2408 601 2468 pem
650 2389 936 2455 faciamus
984 2392 1281 2455 bonorum
1326 2412 1459 2474 quae
1507 2410 1542 2455 a
1582 2391 1704 2455 Deo
1756 2389 2120 2470 accepimus.

465 2477 641 2541 Pauci
690 2489 886 2544 autem
945 2489 1107 2563 sunt,
1144 2491 1207 2545 ut
1257 2482 1496 2563 opinor,
1559 2481 1601 2543 ii
1642 2480 1744 2563 qui
1787 2478 1967 2541 hodie
2009 2480 2125 2541 hoc

467 2567 808 2631 mandatum
841 2570 1450 2654 adimplent.Quando
1490 2580 1688 2634 autem
1726 2570 1840 2632 hoc
1873 2568 2120 2630 manda-

462 2664 587 2719 tum
609 2677 725 2720 non
743 2659 919 2721 modo
936 2679 1052 2722 non
1071 2659 1533 2741 implemus,sed
1550 2660 1727 2721 etiam
1755 2656 2009 2738 proximi
2025 2656 2124 2718 bo-

463 2765 540 2808 na
556 2746 1267 2830 abripimus,etinjuriam
1306 2750 1362 2812 ei
1401 2750 1653 2811 facimus
1679 2759 1738 2809 et
1781 2766 1919 2808 eum
1954 2745 2123 2808 laedi-

466 2854 621 2910 mus,
639 2844 698 2897 et
718 2837 1159 2900 calumniamur
1177 2846 1234 2900 et
1258 2837 1676 2919 opprimimus,
1696 2854 1814 2917 qua
1830 2835 2127 2897 sententia

464 2933 528 2986 et
556 2941 730 3004 pmna
752 2944 871 2986 non
894 2944 1100 2988 sumus
1124 2926 1328 3006 digni?
1364 2948 1389 2985 ι
1411 2924 1697 3005 Quidjam
1722 2943 1817 2985 me
1838 2924 2117 2987 deficit?»

464 3012 615 3086 Quid
633 3013 781 3075 mihi
804 3013 996 3089 deest,
1023 3014 1219 3097 inquit
1255 3014 1388 3077 ille?
1425 3014 1550 3077 Hoc
1577 3013 1787 3076 dicens
1816 3013 2119 3092 significa-

462 3102 563 3165 bat
583 3102 1052 3184 ostendebatque
1082 3123 1148 3166 se
1179 3108 1466 3185 majorem
1499 3122 1719 3184 cupere
1753 3112 1812 3164 et
1839 3110 2122 3184 appetere

461 3192 739 3255 virtutem
771 3215 783 3253 :
819 3217 847 3249 α
874 3192 1031 3255 Dixit
1054 3193 1138 3256 illi
1163 3196 1332 3257 Jesus
1359 3216 1371 3253 :
1403 3193 1465 3256 Si
1496 3193 1581 3255 vis
1612 3192 1910 3273 perfectus
1958 3209 2117 3273 esse,

461 3282 631 3360 vade,
663 3282 855 3345 vende
883 3282 1402 3364 quahabes,etda
1418 3280 1807 3364 pauperibus,
1842 3288 1902 3343 et
1924 3280 2117 3342 habe-

462 3371 552 3433 bis
577 3371 920 3433 thesaurum
944 3371 1005 3432 in
1031 3371 1213 3452 caelis,
1250 3379 1310 3434 et
1339 3371 1585 3433 veniens
1617 3386 1871 3451 sequere
1926 3386 2044 3430 me.
2085 3394 2108 3424 »ι

465 3463 611 3525 Cum
642 3458 814 3529 bona,
854 3459 1076 3523 divitia;
1110 3479 1353 3542 nempe,
1395 3458 1759 3541 impedirent
1803 3456 2177 3543 quominusc

464 3549 659 3629 ipsum
692 3558 1067 3631 sequeretur,
1086 3549 1259 3631 jubet
1280 3549 1550 3614 Christus
1564 3552 1846 3627 juvenem
1872 3565 1943 3609 ea
1970 3566 2118 3609 ven-

465 3638 608 3701 dere
641 3646 701 3700 et
731 3639 873 3701 dare
904 3640 1288 3721 pauperibus,
1338 3648 1397 3702 et
1431 3639 1517 3702 sic
1558 3636 1898 3717 expeditum
1950 3637 2121 3716 sequi

464 3728 957 3809 ipsum.Habebis
974 3738 1173 3792 autem
1197 3726 1717 3804 thesaurum,dicit
1747 3725 2120 3788 adolescenti

464 3817 775 3883 Dominus.
810 3827 873 3881 ut
903 3818 1032 3897 ejus
1083 3819 1386 3882 avaritiam
1438 3816 1868 3888 consolaretur,
1912 3813 2120 3894 illique

466 3906 854 3987 polliceretur
900 3926 966 3970 se
1012 3926 1249 3970 rursum
1292 3906 1825 3969 thesaurizaturum
1879 3922 2011 3965 esse
2063 3910 2121 3965 et

467 3995 709 4075 quidem
745 3996 1374 4060 melioreslhesauros.
1402 3995 1468 4058 In
1491 3995 1660 4059 ccelis
1682 3993 1869 4074 enim,
1901 3992 2117 4073 inquit,

466 4082 716 4147 habebis
739 4084 1407 4148 thesaurum.Ostendit
1426 4093 1622 4146 autem
1648 4100 1754 4161 per
1784 4082 1909 4143 haec
1942 4080 2121 4143 verba

468 4179 736 4254 paratum
771 4190 1010 4252 semper
1049 4172 1122 4235 iis
1151 4174 1253 4253 qui
1302 4192 1430 4235 eam
1483 4180 1789 4234 merentur
1830 4170 2120 4231 bonarum

466 4260 765 4323 actionum
796 4264 1162 4325 mercedem.
1190 4283 1217 4321 α
1237 4261 1502 4325 Veniens
1531 4279 1783 4341 sequere
1816 4277 1933 4331 me,
1973 4284 1999 4314 ››
2034 4259 2120 4319 di-

470 4350 624 4413 citur
654 4368 760 4431 pro
792 4348 1032 4412 ambula
1078 4351 1139 4413 in
1194 4360 1339 4413 mea;
1383 4350 1513 4412 vita:
1562 4347 1847 4427 vestigiis,
1884 4355 1942 4409 et
1974 4347 2123 4407 meis

468 4439 700 4517 legibus
730 4439 1104 4521 obtempera.
1133 4440 1196 4505 Id
1223 4448 1278 4502 te
1300 4440 1487 4511 deest,
1526 4439 1628 4521 qui
1657 4438 1804 4518 legis
1829 4443 2122 4517 praecepta

467 4527 833 4608 adimplesti.
861 4562 936 4572 —
967 4552 994 4585 α
1028 4531 1346 4611 Postquam
1378 4537 1573 4591 autem
1609 4528 1735 4590 haec
1783 4525 1965 4588 verba
2010 4543 2120 4586 au-

468 4616 579 4679 diit
605 4616 959 4679 adolescens
988 4617 1135 4679 abiit
1181 4618 1389 4682 tristis.
1437 4615 1706 4680 Habebat
1755 4614 1913 4677 enim
1966 4611 2123 4674 bona

468 4705 688 4768 multa:
723 4729 746 4762 ι
783 4706 1018 4777 Quanto
1068 4707 1294 4787 majora
1343 4705 1708 4788 possidebat,
1743 4711 1902 4783 tanto
1935 4702 2123 4778 magis

465 4812 677 4855 eorum
699 4811 907 4855 servus
929 4794 1324 4858 erat.Etenim
1353 4796 1687 4858 divitiarum
1712 4798 2117 4887 augmentum,

2210 4792 2408 4887 ἀπῆλθε
2439 4792 2765 4871 λδπούμενος
2803 4816 2816 4830 ο

461 4890 845 4959 augmentum
878 4881 1022 4943 facit
1046 4884 1324 4946 avaritiaa.
1359 4884 1547 4948 Causa
1576 4882 1760 4959 igitur
1790 4880 1969 4959 hujus
1990 4878 2122 4940 tris-

464 4970 612 5033 titiae
648 4979 709 5035 et
755 4970 1104 5035 diffidentiae
1144 4982 1270 5035 erat
1318 4990 1534 5054 magna
1584 4970 1922 5034 divitiarum
1982 4986 2123 5048 pos-

466 5060 679 5125 sessio.
713 5059 858 5125 Cum
892 5061 1051 5123 enim
1097 5082 1216 5124 non
1268 5071 1469 5145 posset
1497 5062 1691 5144 sequi,
1727 5059 1875 5123 abiit
1909 5057 2116 5119 tristis.

465 5183 546 5197 —
569 5171 592 5207 α
617 5148 789 5213 Jesus
805 5156 1001 5213 autem
1024 5150 1173 5213 dixit
1201 5151 1514 5234 discipulis
1552 5151 1675 5213 suis
1705 5168 1720 5214 :
1757 5152 1953 5213 Amen
1984 5146 2118 5208 dico

704 5349 727 5384 α
759 5333 1033 5410 Καθαρ·ἷ›ς,
1061 5354 1089 5386 ι)
1117 5331 1157 5393 ί.
1194 5348 1247 5392 e.
1283 5337 1484 5410 σαφῶς.
1537 5327 1637 5391 Sic
1687 5326 1785 5390 hic
1833 5346 1992 5409 saepe
2034 5329 2123 5391 uti

473 5405 625 5467 solet
654 5407 767 5470 hoc
793 5405 1103 5472 vocabulo.

557 5484 682 5565 (41)
741 5506 771 5545 (
818 5492 1000 5555 Καθὼς
1050 5488 1103 5546 δὲ
1161 5490 1497 5565 κατώρθωσε.
1547 5511 1574 5542 n
1611 5488 1750 5550 Haec
1782 5486 1912 5552 sine
1943 5488 2123 5550 dubio

472 5573 760 5649 corrupta
780 5575 939 5649 sunt,
974 5586 1084 5649 nec
1119 5566 1484 5649 adjuvatihic
1513 5566 1696 5649 codex
1722 5567 1907 5649 B.qui
1928 5569 1987 5630 in
2008 5570 2124 5632 alia

473 5641 677 5731 omnia
703 5641 978 5731 discedit.
1011 5641 1315 5711 Forte'hic
1366 5648 1529 5731 locus
1580 5648 1666 5708 sic
1697 5641 1978 5731 constitui
2014 5669 2123 5731 po-

474 5727 630 5787 test:
695 5724 880 5793 Καλῶς
930 5727 985 5785 δὲ
1042 5731 1213 5787 εἰπεῖν
1257 5732 1286 5786 6
1343 5729 1635 5804 νεανίσκος,
1692 5730 1747 5785 Ei
1777 5724 2125 5807 ἐφύλαξα’τας

2291 2188 2504 2281 Ἰδωμεν
2533 2207 2620 2264 καὶ
2670 2209 2859 2283 ἡμεῖς,
2915 2207 3128 2290 ἀδελφοί
3192 2232 3312 2285 μου,
3373 2212 3420 2267 οἱ
3473 2218 3567 2266 τοῦ
3624 2210 3834 2290 Εὗαγγε

2208 2294 2319 2352 λίου
2372 2295 2482 2375 143)
2543 2295 2794 2372 μάλιστα,
2858 2302 2901 2355 εἰ
2963 2300 3256 2378 ἀγαπῶμεν
3311 2301 3429 2365 τοὺς
3502 2298 3726 2368 πλησίον
3787 2303 3863 2366 ὡς

2207 2386 2447 2459 ἑαυτοὺς,
2533 2387 2619 2442 καὶ
2687 2389 3075 2464 συμμερίζομεν
3148 2393 3356 2470 αύτοῖς,
3446 2389 3581 2469 ἅπερ
3663 2389 3868 2471 ἔχομεν

2206 2476 2375 2554 ἀγαθά
2405 2476 2464 2532 ἐκ
2508 2484 2662 2540 Θεοῦ,
2726 2475 2926 2558 Ὀλίγοι
2970 2478 3024 2536 δέ
3056 2482 3209 2553 εἰσιν,
3269 2484 3343 2544 ὼς
3388 2482 3582 2558 νομίζω
3626 2484 3671 2539 οἱ
3713 2481 3868 2551 πλη-

2207 2553 2415 2644 ροῦντες
2474 2568 2708 2646 σήμερον
2760 2553 2959 2636 ταύτην
3015 2570 3115 2637 την
3174 2569 3419 2641 ἐντολήν.
3447 2553 3585 2628 ⁷⁵οτε
3643 2569 3698 2626 δὲ
3728 2570 3869 2647 μηδὲ

2205 2655 2402 2721 ταύτην
2470 2656 2569 2723 τὴν
2628 2654 2847 2724 ἐντολὴν
2905 2665 3183 2739 ποιοῦμεν,
3257 2658 3393 2717 ἀλλά
3468 2662 3555 2717 καὶ
3624 2660 3690 2716 τὰ
3758 2668 3866 2718 τῶν

2205 2741 2433 2810 πλησίον
2491 2746 2813 2826 ἀρπάζομεν,
2874 2749 2963 2804 καὶ
3025 2746 3305 2824 ἀδικοῦμεν
3357 2751 3443 2805 καὶ
3501 2748 3862 2811 πλεονεκτοῦ-

2207 2852 2328 2911 μεν,
2402 2834 2490 2889 καὶ
2555 2830 2908 2911 διαϐέλλομεν
2987 2838 3075 2892 καὶ
3133 2842 3573 2916 στενοχωροῦμεν
3648 2836 3864 2911 αὖτοὺς,

2206 2922 2359 2987 ποίας
2418 2920 2704 3001 καταδίκης
2773 2926 2875 2980 ’καὶ
2950 2924 3223 2989 κολάσεως
3311 2929 3405 2984 οὒκ
3461 2925 3622 3001 ἐσμὲν
3677 2924 3861 3007 ἅξιοι;

2212 3033 2239 3063 ι
2273 3010 2333 3068 Τί
2375 3009 2451 3067 ἔτι
2504 3013 2725 3092 ὑστερῶ,
2771 3032 2795 3069 ι
2840 3015 2900 3071 Τί
2927 3012 3206 3091 λείπομαι,
3262 3013 3407 3093 λέγει
3466 3017 3493 3071 6
3550 3015 3863 3095 νεανίσκος;

2205 3106 2370 3157 Τοῦτο
2418 3098 2472 3156 δὲ
2521 3104 2671 3158 ειπὸν
2730 3101 2974 3183 ἐνέφηνε,
3018 3105 3108 3160 καὶ
3164 3102 3433 3179 ἠδήλωσε,
3483 3102 3565 3159 ὅτι
3622 3105 3864 3181 μείζονος

2203 3186 2448 3264 ἐπιθυμεῖ
2491 3191 2578 3247 καὶ
2620 3190 2816 3271 ἐφίεται
2892 3192 3108 3271 ἀρετῆς.
3173 3216 3197 3248 ιι
3280 3200 3397 3272 Εφη
3457 3196 3599 3268 αὐτῷ
3656 3195 3684 3249 6
3742 3190 3865 3259 ’1η-

2202 3288 2323 3343 σοῦς
2357 3295 2371 3311 ⁸
2426 3281 2481 3337 Ei
2510 3278 2678 3343 θέλεις
2736 3279 2936 3344 τέλειος
2985 3282 3151 3357 εἶναι,
3199 3281 3392 3360 ὕπαγε,
3449 3282 3705 3349 πώλησόν
3768 3304 3865 3338 σου

2202 3368 2267 3423 τὰ
2295 3370 2628 3449 ὑπάρχοντα,
2687 3372 2776 3427 καὶ
2831 3369 2918 3435 δὸς
2963 3385 3236 3451 πτωχοῖς,
3282 3374 3370 3427 καὶ
3412 3370 3545 3438 ἕξεις
3600 3373 3864 3449 θησαυρὸν

2203 3456 2256 3512 ὲν
2317 3459 2584 3539 οὐρανοῖς,
2652 3461 2741 3516 καὶ
2795 3459 2963 3539 δεῦροι
3023 3460 3297 3517 ἀκολούθει
3355 3484 3470 3537 μοι.
3548 3484 3576 3515 ››
3645 3458 3864 3528 Ἐπειδῆ

2201 3546 2267 3604 τὰ
2317 3548 2651 3628 ὑπάρχοντα,
2712 3548 3005 3630 τουτέστιν,
3060 3553 3089 3607 6
3148 3548 3373 3613 πλοῦτος
3430 3548 3681 3626 ἐμπόδιον
3724 3550 3863 3617 ἦσαν

2201 3645 2294 3694 τοῦ
2349 3635 2721 3709 ἀκολουθῆναι,
2779 3637 2981 3695 κελεύει
3042 3639 3070 3695 ό
3151 3641 3375 3719 Χριστὸς
3458 3647 3537 3709 τῷ
3607 3640 3869 3712 νεανίσκῳ

2200 3722 2448 3793 πωλῆσαι
2481 3734 2643 3783 ταῦτα
2669 3729 2758 3784 καὶ
2797 3726 2973 3784 δοῦναι
3017 3740 3289 3807 πτωχοῖς,
3336 3731 3424 3785 καὶ
3484 3728 3650 3791 οὕτως
3707 3726 3869 3786 ἐλευ-

2201 3816 2492 3892 θερωθῆναι
2542 3818 2629 3872 καὶ
2677 3815 2984 3874 ἀκολουθεῖν
3030 3817 3193 3891 αὐτῷ.
3266 3815 3407 3883 Εξεις
3464 3815 3518 3873 δὲ
3573 3818 3861 3896 θησαυρὸν,

2202 3903 2327 3959 εἷπε
2382 3910 2460 3977 τῷ
2530 3907 2786 3979 νεανίσκῳ
2862 3908 2889 3962 6
2970 3907 3179 3985 Κύριος,
3241 3907 3709 3986 παραμυθούμενος
3764 3906 3867 3973 τὴν

2201 3990 2637 4071 φιλοχρηματίαν
2690 3994 2868 4065 αὒτοῦ,
2930 3998 3017 4051 καὶ
3072 3993 3560 4076 ἐπαγγελλόμενος,
3618 3994 3699 4050 ὅτι
3756 3998 3865 4061 θη-

2204 4082 2434 4159 σαυρίσει
2467 4081 2645 4157 πάλιν,
2702 4085 2790 4139 καὶ
2841 4087 2901 4143 ού
2956 4083 3110 4140 τοῦτο
3167 4084 3352 4159 μόνον,
3398 4083 3537 4141 ἀλλὰ
3593 4083 3866 4164 κρείττονα

2202 4169 2484 4247 θησαυρόν.
2550 4170 2639 4228 Ἐν
2694 4176 2896 4251 οὖρανῷ
2981 4174 3102 4252 γὰρ,
3177 4173 3354 4247 εἶπεν,
3417 4172 3498 4229 ὅτι
3557 4172 3687 4239 ἕξεις
3755 4175 3863 4240 θη-

2205 4258 2417 4337 σαυρόν.
2482 4258 2751 4330 Ἐδήλωσε
2810 4260 2865 4317 δὲ
2907 4260 2992 4319 διὰ
3048 4262 3232 4318 τούτου
3278 4265 3365 4319 καὶ
3419 4265 3515 4330 τὴν
3565 4261 3863 4337 ἀποκειμέ-

2204 4369 2301 4414 νην
2332 4347 2411 4402 ἀεὶ
2459 4362 2577 4411 τοῖς
2631 4348 2795 4414 ἀξιοις
2853 4348 3084 4426 ἀμοιϐὴν
3134 4356 3240 4406 τῶν
3285 4351 3731 4431 κατορθωμάτων,
3791 4352 3865 4409 Τὸ

2213 4455 2237 4490 α
2291 4443 2453 4515 Δεῦρο
2486 4437 2759 4495 ἀκολούθει
2793 4461 2907 4519 μοι,
2948 4464 2971 4497 υ
3008 4439 3122 4495 ἀντὶ
3149 4446 3243 4496 τοῦ
3287 4438 3469 4511 Βάδιζε
3525 4438 3643 4496 κατ’
3704 4440 3865 4519 ἴχνος

2203 4529 2301 4587 τῆς
2348 4525 2483 4601 ὲμῆς
2515 4526 2813 4608 πολιτείας,
2846 4530 2934 4585 καὶ
2981 4527 3254 4586 ἀκολούθει
3314 4543 3435 4593 ταῖς
3494 4529 3652 4602 ἐμαῖς
3710 4528 3865 4584 ἐντο-

2204 4612 2355 4677 λαῖς.
2417 4623 2581 4673 Τοῦτο
2637 4618 2738 4695 γάρ
2809 4639 2889 4674 σοι
2948 4616 3117 4674 λείπει
3189 4618 3282 4681 τὰς
3357 4618 3575 4693 νομικὰς
3645 4616 3862 4680 ἐντολὰς

2204 4704 2620 4782 κατορθώσαντι.
2672 4729 2694 4760 ιι
2734 4704 2993 4771 Ἀκούσας
3054 4704 3109 4762 δὲ
3164 4709 3192 4762 6
3249 4708 3515 4771 νεανίσκος
3557 4709 3646 4763 τὸν
3677 4706 3860 4784 λόγον,

2876 4796 2944 4863 ἦν
2974 4796 3073 4873 γὰρ
3103 4794 3247 4875 ἔχων
3277 4797 3529 4871 κτήματα
3582 4794 3778 4853 πολλά.
3825 4816 3856 4854 »

2212 4865 2362 4940 ς’οσον
2394 4884 2520 4963 εἶχε
2553 4883 2727 4942 πολλὰ
2776 4887 2803 4941 6
2857 4865 3172 4954 vazvt'caoc,‘
3210 4891 3457 4941 τοσοῦτον
3516 4887 3700 4948 αὐτοῖς
3744 4882 3863 4941 ἐδε-

2205 4969 2433 5028 δούλωθο
2468 4990 2480 5001 ·
2532 4976 2622 5031 καὶ
2667 4975 2767 5053 γὰρ
2837 4976 2870 5041 ἡ
2932 4974 3210 5051 προσθήκη
3266 4980 3357 5029 τοῦ
3411 4971 3643 5031 πλούτου
3694 4995 3864 5051 προσ-

2202 5062 2374 5129 θήκην
2428 5076 2575 5119 ποιεῖ
2641 5068 2741 5130 τῆς
2814 5061 3154 5142 φιλαργορίας
3188 5076 3201 5090 '
3292 5060 3507 5140 γέγονεν
3580 5062 3669 5119 οὖν
3725 5062 3867 5118 αἰτία

2203 5155 2302 5217 τῆς
2375 5149 2544 5220 λύπης
2603 5155 2688 5210 καὶ
2765 5152 2861 5220 τῆς
2931 5152 3195 5215 ἀπειθείας
3277 5152 3312 5219 ἡ
3392 5150 3863 5226 πολυκτημοσύνη.

2205 5336 2296 5387 τοῦ
2340 5331 2502 5405 νόμου
2533 5329 2767 5397 ἐντολὰς.
2805 5330 3013 5410 μεγάλα
3043 5330 3253 5391 πάντως
3286 5329 3632 5408 κατώρθωσα.

2288 5409 2416 5489 (42)
2458 5434 2484 5465 α
2521 5418 2629 5474 Πᾶς
2673 5411 2728 5468 δὲ
2773 5408 3040 5488 ἅνθρωπος
3091 5408 3316 5477 πλησίον
3366 5408 3599 5488 λέγεται,
3639 5433 3665 5464 ι
3699 5416 3863 5489 ΔΗωθ,

2209 5489 2270 5573 ni
2301 5485 2489 5559 fallor,
2527 5490 2738 5573 abesse
2771 5485 3063 5573 poterant.
3094 5489 3291 5566 Certe,
3320 5485 3494 5570 quam
3516 5488 3639 5550 vim
3654 5485 3865 5552 hiaba-

2201 5569 2347 5632 bere
2380 5572 2630 5649 possint,
2669 5569 2787 5634 non
2821 5571 3113 5650 intelligo.

2285 5650 2413 5792 (43)
2453 5675 2480 5706 α
2507 5660 2608 5711 T06
2642 5652 2960 5731 Εὐαγγελίοο
2990 5650 3245 5728 μάλιστα.
3308 5673 3331 5707 u
3394 5650 3575 5713 Forte
3614 5668 3720 5733 pro
3752 5653 3868 5729 μά-

2285 5754 2363 5789 πτα
2419 5732 2720 5792 eaendum
2753 5733 3013 5792 μαθηταί.

2209 5730 2363 5789 λιστα
2394 5730 2720 5812 legendum
2753 5730 3013 5810 μαθηταί.
