4156 6386
3762 376 3934 446 1220

514 370 672 437 1219
1600 380 1654 443 J.
1707 370 2092 444 XIPHILINI
2139 379 2252 443 GP.
2300 374 2838 445 PATRIARCHzE.

502 507 674 587 juxta
723 504 923 567 divum
966 505 1348 585 Gregorium,
1391 507 1529 570 mali
1585 508 1822 571 initium
1881 521 1972 574 est
2029 514 2147 578 bon

2233 531 2386 589 .ρων,
2447 512 2611 591 σχοίη
2661 513 2748 568 καὶ
2803 514 2894 568 τὸν
2957 513 3086 567 Θεὸν
3130 513 3323 589 βοηθὸν
3367 511 3452 569 ἐπὶ
3499 518 3568 588 τῇ
3624 511 3930 590 ἀπαλλαγῇ

494 594 828 674 Διιθξςιιεοιὶο.
866 594 930 657 In
963 594 1119 657 bono
1154 595 1317 659 enim
1346 596 1676 661 immobilis
1713 600 1885 661 statio
1932 601 2147 666 initiun

2260 601 2352 657 τοῦ
2380 602 2615 657 τοιούτου
2662 602 2880 665 πάθους.
2929 600 3151 680 Λέγουσι
3199 599 3254 657 δὲ
3305 601 3412 682 ὅτι,
3458 601 3549 657 ἐὰν
3607 602 3781 659 πάντα
3839 608 3930 676 τῷ

510 685 575 746 ﬁt
605 685 866 748 malitiae.
892 684 1200 757 Quomodo
1231 695 1427 748 autem
1457 687 1676 748 bonum
1713 689 1971 769 negliget
2000 692 2141 755 boni

2258 697 2372 764 Θεῷ
2398 690 2525 770 (48)
2562 688 2774 763 δυνατὰ,
2810 689 3026 748 δυνατὸν
3070 690 3168 772 ἄρα
3224 695 3302 767 τῷ
3331 699 3447 767 Θεῷ
3475 692 3564 748 καὶ
3605 693 3666 749 τὸ
3721 692 3923 753 κακόν.

509 782 599 836 tas
619 773 650 835 ?
682 777 883 837 Potest
909 775 1070 837 enim
1101 775 1343 855 quidem
1377 776 1578 839 omnia
1608 777 1792 860 Deus,
1830 780 2147 845 vultauten

2254 780 2506 858 Λέγουσιν
2563 780 2652 836 οὖν
2720 782 2852 860 πρὸς
2913 782 3123 855 αὐτοὺς,
3182 780 3262 837 ὅτι
3315 783 3376 838 τὸ
3446 783 3610 838 κακὸν
3666 783 3762 837 οὒκ
3803 779 3925 836 ἔστι

511 862 667 925 bona
693 874 752 926 et
793 864 1040 947 optima.
1930 943 1952 949 Δ

2251 867 2548 949 δυνάμεως,
2608 868 2726 925 ἀλλ’
2759 867 3069 945 ἀδυναμίας,
3109 871 3205 926 Διά
3261 881 3413 931 τοῦτο
3441 872 3530 927 καὶ
3562 873 3590 926 6
3624 867 3785 926 Δαϐὶδ
3812 870 3920 932 τὰς

510 956 769 1034 ἁμαρτίας
833 943 1113 1047 ῶνόμασεν
1167 955 1455 1029 ἀσθενείας,
1528 957 1689 1014 εἰπών
1724 974 1736 987 ⁶
1820 982 1846 1014 α
1928 943 2033 1017 ’ὸτι
2086 943 2486 1027 ἐπληθύνθησαν
2534 943 2664 1031 ’(49)
2721 960 2772 1013 αἱ
2827 943 3086 1016 ἀσθένειαι
3142 960 3312 1016 αὐτῶν
3350 976 3364 991 ⁶
3435 983 3464 1014 io
3526 959 3624 1016 Καὶ
3682 960 3709 1014 6
3763 961 3922 1020 θεῖος

509 1044 715 1109 Παῦλος
777 1044 944 1125 λέγει,
983 1063 1007 1105 ιι
1044 1028 1238 1103 ⁸δντων
1286 1044 1410 1125 (50)
1472 1048 1625 1123 ἡμῶν
1681 1048 1933 1121 ἀσθενῶν,
1995 1048 2160 1127 ἤγουν
2220 1046 2576 1125 ἁμαρτωλῶν,
2623 1050 2651 1104 ὁ
2709 1049 2930 1127 Χριστὸς
2989 1048 3118 1128 ὑπὲρ
3160 1046 3366 1105 ἀσεϐῶν
3409 1048 3658 1107 ἀπέθανε.
3723 1070 3750 1104 ι
3811 1049 3920 1104 Καὶ

510 1133 881 1214 ἀλλοτρόπως,
926 1136 1061 1191 κατά
1086 1137 1176 1191 τὸν
1209 1142 1365 1192 Θεῖον
1398 1137 1709 1215 Γρηγόριον,
1743 1136 1914 1219 Ἀρχὶν
1950 1146 2039 1197 τυῦ
2069 1145 2235 1195 κακοῦ
2264 1138 2323 1194 τὸ
2354 1135 2620 1211 ἀμελῆσαι
2651 1146 2744 1195 τοῦ
2771 1137 2968 1215 ἀγαθοῦ
3001 1156 3015 1170 ’
3051 1140 3085 1205 ἡ
3118 1138 3217 1216 γὰρ
3248 1137 3301 1193 ἐν
3331 1144 3409 1213 τῷ
3435 1135 3586 1211 καλῷ
3616 1134 3741 1215 (51)
3776 1135 3918 1190 στά-

510 1246 617 1294 σις,
665 1226 849 1289 κακίας
882 1224 1027 1305 ἀρχὴ
1059 1225 1281 1303 γίνεται,
1329 1226 1450 1289 Πῶς
1481 1223 1535 1281 δὲ
1578 1226 1837 1301 ἀμελήσει
1868 1238 1961 1287 τοῦ
1990 1228 2185 1307 ἀγαθοῦ
2227 1229 2262 1295 ἡ
2294 1226 2558 1304 ἀγαθότης
2585 1245 2599 1305 ;
2640 1226 2863 1282 Δύναται
2909 1226 3006 1302 μὲν
3037 1228 3136 1304 γὰρ
3179 1227 3353 1284 πάντα
3382 1228 3410 1282 6
3449 1226 3579 1289 Θεός
3617 1241 3629 1254 '
3663 1222 3914 1300 βούλεται

509 1310 563 1368 δὲ
594 1313 659 1368 τὰ
690 1310 872 1393 ἄριστα
901 1316 989 1369 καὶ
1016 1314 1081 1370 τὰ
1110 1314 1302 1393 ἀγαθά.

589 1399 752 1478 Ideo,
786 1402 1021 1477 fratres,
1056 1422 1191 1464 cum
1222 1403 1410 1466 simus
1438 1402 1684 1479 inﬁrmi,
1718 1405 1793 1466 ad
1838 1404 2027 1467 Deum
2061 1426 2147 1487 qu

2332 1405 2430 1461 Διά
2457 1411 2635 1479 τοῦτο,
2682 1402 2895 1485 ἀδελφοί
2951 1426 3072 1481 μου,
3131 1408 3209 1479 τῷ
3264 1405 3437 1462 πάντα
3490 1402 3759 1477 δυναμένῳ
3789 1408 3914 1475 Θεῷ

508 1499 703 1572 potest
756 1492 956 1553 omnia
1012 1492 1400 1575 accedamus,
1456 1495 1734 1574 potentiae
1786 1495 2147 1577 acquirenda

2246 1492 2478 1555 ἀσθενως
2539 1491 2755 1573 ἔχοντες
2826 1493 3224 1572 προσέλθωμεν,
3270 1492 3539 1569 δυνάμεως
3596 1492 3770 1570 ἕνεκα,
3817 1491 3912 1547 καὶ

509 1599 710 1657 causa,
734 1587 793 1643 et
813 1587 950 1641 ante
974 1598 1109 1642 eum
1132 1581 1237 1664 qui
1258 1581 1666 1661 indigentibus
1682 1582 1967 1645 auxilium
2004 1604 2147 1664 pra}-

2244 1588 2321 1656 τῷ
2376 1595 2493 1646 τοῖς
2567 1582 2787 1661 ἀπόροις
2848 1583 3015 1663 πόρον
3075 1582 3366 1662 παρέχοντι
3421 1583 3556 1658 μετὰ
3600 1601 3912 1659 συντετριμ-

508 1669 708 1745 stabit,
725 1669 904 1732 corde
928 1668 1181 1733 contrito
1200 1670 1603 1751 procidamus,
1629 1679 1687 1733 et
1729 1682 1792 1735 ut
1823 1673 1896 1735 ab
1936 1674 2010 1735 iis
2032 1693 2147 1755 qua

2245 1670 2414 1745 μένης
2484 1668 2696 1751 καρδίας
2753 1671 3158 1752 προσπέσωμεν,
3216 1673 3304 1728 καὶ
3363 1673 3451 1727 τὸν
3521 1670 3574 1737 ἐξ
3630 1669 3909 1748 ἁμαρτιῶν

509 1778 579 1821 ex
612 1759 871 1840 peccatis
896 1758 1171 1821 oriuntur
1191 1758 1426 1821 divitias
1448 1760 1775 1823 liberemur
1796 1781 1931 1824 eum
1956 1782 2147 1844 prece

2244 1758 2472 1817 πλοῦτον
2541 1762 2890 1842 ἀποκουφίσαι
2959 1758 3441 1836 ἐκδυσωπήσωμεν,
3510 1759 3655 1824 ὅπως
3744 1778 3905 1813 πτω-

2318 1852 2331 1865 ι
2616 1851 2626 1865 Ι
2809 1852 2821 1863 I
2905 1849 2928 1865 ﬂ
3025 1850 3075 1865 ΑΙ
3300 1857 3322 1865 ,ο
3445 1849 3463 1865 ς
3524 1851 3534 1865 Ι
3713 1846 3733 1865 ‘

507 1867 663 1926 mur,
719 1850 1027 1930 culparum
1097 1856 1341 1928 egentes
1404 1849 1539 1912 facti
1599 1850 1880 1914 virtutum
1941 1852 2147 1915 divitiis

2243 1852 2335 1929 χοὶ
2392 1851 2738 1926 πταισμάτων
2799 1849 3199 1931 ἀναδειχθέντες
3256 1857 3333 1925 τῷ
3404 1849 3617 1923 πλούτῳ
3672 1846 3904 1905 πλουτι-

505 1938 846 2018 repleamur
876 1944 1056 2016 atque
1093 1937 1173 1998 ita
1205 1937 1370 1999 dilati
1397 1937 1459 1999 in
1504 1957 1715 2000 manus
1749 1941 1858 2003 Dei
1890 1942 2157 2023 depona-

505 2045 640 2089 mus
660 2027 920 2101 divitias,
955 2026 1230 2087 manibus
1259 2028 2160 2112 pauperum-easdistribuentes

507 2124 566 2178 et
599 2117 910 2180 thesauros
948 2115 1009 2177 in
1055 2115 1221 2177 caelis
1270 2115 1710 2198 nobismetipsis
1746 2119 2155 2182 thesaurizan-

509 2214 619 2269 tes.
648 2205 815 2268 Tunc
837 2223 974 2267 vere
996 2204 1209 2266 divites
1232 2204 1628 2281 inveniemur,
1651 2207 1953 2270 neminem
1972 2209 2158 2272 refor-

506 2295 802 2357 midantes
822 2294 923 2376 qui
946 2293 1452 2357 indefectibilibus
1468 2309 1528 2357 et
1547 2295 1923 2359 manentibus
1938 2298 2159 2361 divitiis

505 2384 843 2459 insidietur,
870 2392 927 2446 et
952 2391 1258 2445 manentes
1295 2392 1353 2445 et
1388 2404 1504 2445 non
1532 2385 1868 2448 diffluentes
1906 2388 2156 2451 habebi-

506 2493 637 2536 mus
667 2494 737 2537 ex
767 2475 879 2535 hoc
912 2472 1071 2535 bono
1103 2474 1379 2536 thesauro
1404 2474 1673 2549 delicias,
1707 2476 1767 2536 in
1801 2477 2035 2539 Christo
2067 2479 2156 2542 Je-

505 2583 576 2626 su
605 2563 859 2626 Domino
892 2569 1118 2639 nostro;
1151 2582 1327 2643 quem
1361 2563 1531 2626 decet
1570 2564 1757 2643 gloria
1797 2575 1855 2627 et
1898 2576 2156 2647 potestas

501 2673 634 2716 cum
668 2653 841 2716 Patre
872 2661 930 2716 et
959 2662 1160 2714 sancto
1194 2651 1441 2733 Spiritu,
1485 2672 1645 2716 nunc
1693 2662 1777 2736 et.
1801 2673 2064 2737 semper,
2098 2664 2157 2719 et

500 2744 561 2806 in
593 2744 808 2806 saecula
836 2742 1214 2805 saeculorum.
1248 2743 1462 2805 Amen.

843 2830 1202 2895 DOMINIGA
1232 2830 1539 2906 QUINTA,
1574 2830 1807 2895 LUCIE.

1004 2930 1148 2991 Post
1177 2929 1632 2993 Ascensionem.

584 3029 749 3092 Bona
767 3027 1010 3107 quidem
1033 3033 1171 3088 sunt
1192 3034 1250 3088 et
1266 3026 1433 3088 utilia
1455 3026 1655 3089 omnia
1674 3026 1872 3090 divina
1914 3030 2154 3094 oracula

2240 1937 2448 2002 σθέντες
2514 1941 2587 2003 εἷς
2652 1953 2845 2021 χεῖρας
2906 1947 3038 1998 Θεοῦ
3091 1941 3157 1995 τὰ
3208 1941 3466 2020 χρήματα
3518 1936 3899 2017 παραθώμεθα,

2240 2029 2395 2106 γερσὶ
2466 2030 2710 2099 πενήτων
2771 2031 2902 2086 αὒτά
2970 2029 3310 2105 ἀποθέμενοι,
3370 2030 3458 2085 καὶ
3500 2030 3621 2091 τοὺς
3666 2027 3718 2084 ἐν
3776 2036 3903 2087 τοῖς

2241 2121 2488 2195 οὖρανοκ
2536 2119 2826 2197 θησαυροὺς
2899 2119 3109 2183 ἑαυτοῖς
3169 2119 3707 2197 ἀποθησαυρίσαντες.
3765 2114 3904 2171 Τότε

2240 2204 2454 2272 ἀληθῶς
2526 2209 2913 2286 εὑρεθησόμεθα
2971 2206 3238 2282 πλούσιοι,
3309 2204 3487 2264 οὒδένα
3544 2209 3636 2264 τὸν
3679 2201 3903 2262 ἐπιϐου-

2240 2293 2458 2352 λεύοντα
2515 2304 2593 2372 τῷ
2639 2297 2889 2370 ἀκενώτῳ
2944 2298 3030 2353 καὶ
3089 2296 3299 2372 μένοντι
3342 2294 3559 2369 πλούτῳ
3611 2295 3900 2376 ὑφόρώμε-

2242 2408 2344 2456 νοι,
2376 2388 2462 2442 καὶ
2493 2387 2751 2462 μένουσαν
2795 2388 2882 2442 καὶ
2939 2383 3302 2464 ἀδιάῤῥευστον
3349 2387 3449 2453 τὴν
3506 2385 3591 2441 ἐπὶ
3621 2386 3790 2458 τούτῳ
3818 2394 3903 2462 τῷ

2239 2473 2418 2552 ἀγαθῷ
2458 2479 2705 2556 θησαυρῷ
2731 2476 2930 2556 τρυφὴν
2986 2477 3074 2532 καὶ
3106 2474 3224 2554 (ὓῖ)
3279 2474 3569 2531 ἀπόλαυσιν
3598 2473 3806 2550 ἕξομεν,
3840 2475 3899 2533 ὲν

2239 2570 2450 2643 Χριστῷ
2502 2563 2677 2632 ἰησου
2719 2573 2796 2640 τῷ
2854 2564 3023 2644 Κυρίῳ
3073 2567 3228 2640 ἡμῶν
3263 2582 3275 2595 ·
3323 2568 3369 2639 ᾧ
3411 2564 3600 2644 πρέπει
3656 2562 3774 2629 δόξα
3806 2567 3898 2621 καὶ

2238 2657 2427 2735 κράτος
2463 2658 2553 2713 σὺν
2578 2665 2655 2732 τῷ
2702 2659 2884 2737 Πατρὶ,
2930 2657 3019 2712 καὶ
3071 2663 3150 2731 τῷ
3206 2657 3339 2734 ἁγίῳ
3369 2656 3656 2736 Πνεύματι,
3690 2661 3775 2712 νῦν
3806 2658 3899 2712 καὶ

2237 2745 2337 2821 ἀεὶ,
2371 2748 2457 2802 καὶ
2492 2748 2565 2811 εἷς
2597 2748 2715 2811 τοὺς
2747 2748 2938 2809 αἰῶνας
2968 2746 3073 2801 τῶν
3106 2746 3330 2808 αἰώνων,
3366 2742 3564 2820 Ἀμήν,

2694 2846 2989 2910 meum;
3034 2847 3072 2895 Ε
3088 2830 3119 2914 ’,
3169 2846 3418 2898 ΛΟΥΚΑ.

2711 2958 2739 2989 ιι
2772 2935 2919 2990 Μετά
2960 2934 3059 3001 τὴν
3111 2938 3348 3009 Υψωσιν.
3386 2956 3415 2989 ι

2319 3024 2517 3105 Ἀγαθά
2553 3026 2677 3108 (53)
2713 3028 2807 3105 μὲν
2837 3028 3010 3084 πάντα
3049 3028 3115 3084 τὰ
3170 3031 3289 3083 θεῖα
3320 3025 3476 3105 λόγια
3518 3027 3605 3082 καὶ
3634 3024 3890 3105 ἐπωφελῆ

504 3118 580 3180 iis
611 3118 712 3197 qui
745 3125 1003 3179 mentem
1036 3116 1343 3193 adhibent,
1379 3116 1482 3179 sed
1515 3115 1616 3179 illa
1638 3117 1770 3180 aliis
1792 3118 2147 3182 mirabiliora

2237 3129 2354 3181 τοῖς
2380 3115 2758 3196 προσέχουσιν,
2814 3116 2995 3174 ἐκεῖνα
3052 3113 3106 3173 δὲ
3155 3114 3317 3172 πλέον
3371 3116 3475 3172 τῶν
3533 3113 3711 3171 ἄλλων
3766 3118 3889 3173 θαυ-

504 3216 563 3271 et
591 3207 850 3284 utiliora,
901 3225 1030 3287 quae
1072 3207 1401 3268 animarum
1450 3207 1727 3270 ordinant
1759 3227 1957 3271 mores
1997 3218 2055 3271 et
2081 3209 2154 3272 ad

500 3298 732 3360 virtutis
785 3296 1150 3359 desiderium
1212 3304 1272 3358 et
1332 3295 1716 3377 cupiditatem
1777 3299 2037 3361 excitant
2095 3307 2154 3362 et

499 3388 641 3450 mali
672 3387 1056 3468 rejectionem
1109 3393 1166 3448 et
1205 3385 1486 3465 effugium
1529 3396 1888 3467 proponunt.
1924 3387 2064 3451 ldeo
2096 3399 2153 3453 et

498 3476 786 3539 Dominus
810 3496 930 3538 non
952 3484 1141 3537 cessat
1165 3494 1272 3536 nos
1290 3475 1363 3536 ad
1386 3474 1607 3536 bonum
1635 3476 1861 3538 hortari
1882 3485 2153 3541 etosten-

498 3567 644 3629 dere
667 3586 736 3628 ea
757 3585 887 3647 quae
909 3565 982 3627 ad
1007 3565 1256 3626 salutem
1282 3564 1553 3639 tendunt,
1577 3573 1636 3626 et
1653 3583 1723 3626 ea
1740 3585 1873 3645 quae
1904 3566 1976 3628 ad
2004 3586 2147 3648 per-

494 3656 783 3718 ditionem
814 3656 1056 3716 ducunt.
1095 3654 1161 3717 Et
1189 3654 1429 3735 quidem
1461 3672 1569 3715 nos
1596 3653 1668 3715 ad
1703 3655 1975 3716 virtutem
2011 3675 2145 3736 pro-

496 3753 712 3822 movet,
739 3744 929 3807 avitio
961 3754 1154 3806 autem
1187 3744 1557 3818 dehortatur,
1585 3759 1642 3807 et
1682 3752 1933 3825 utroque
1969 3746 2144 3808 modo

497 3848 763 3897 nostram
784 3842 950 3896 curat
967 3834 1240 3896 salutem.
1274 3831 1359 3894 Ne
1390 3832 1549 3893 enim
1602 3833 1897 3914 possimus
1944 3834 2144 3897 dicere

496 3924 664 3987 illum
697 3924 852 3985 bona
882 3923 1122 4003 quidem
1171 3930 1553 3999 monstrasse,
1605 3923 1680 3985 de
1731 3923 1901 3985 malis
1943 3935 2140 3987 autem

495 4013 758 4087 siluisse,
786 4021 949 4074 etne
983 4021 1225 4092 propter
1254 4012 1367 4073 hoc
1416 4012 1478 4072 in
1530 4011 1751 4073 malum
1802 4012 2148 4076 incidamus

495 4110 773 4182 tanquam
805 4101 1024 4162 malum
1064 4103 1423 4180 ignorantes,
1455 4101 1590 4162 ideo
1644 4108 1704 4162 et
1751 4121 1882 4181 qua;
1912 4103 2147 4167 virtutis

494 4210 677 4273 opera
704 4191 846 4267 sint,
881 4200 939 4253 et
969 4208 1100 4271 quae
1130 4189 1274 4261 vitii,
1326 4190 1500 4251 nobis
1532 4191 1813 4262 ostendit,
1854 4191 1973 4252 alia
2013 4194 2147 4255 aliis

495 4281 792 4343 contraria
839 4298 1171 4361 opponens.
1224 4279 1287 4342 ld
1329 4280 1410 4339 ita
1460 4297 1524 4340 se
1570 4278 1793 4341 habere
1839 4281 2147 4344 manifeste

493 4372 768 4433 ostendet
796 4371 976 4432 hodie
1008 4368 1310 4451 proposita
1337 4367 1635 4448 Evangelii
1681 4368 1877 4444 lectio,
1913 4389 2043 4450 quae
2071 4373 2144 4434 ad

2238 3206 2539 3285 μασιώτερα
2599 3208 2687 3285 καὶ
2757 3204 3161 3286 ὠφελιμώτερα,
3222 3204 3319 3262 ὅσα
3375 3211 3479 3263 τῶν
3538 3209 3730 3285 ψυχῶν
3787 3205 3885 3282 ῥυ-

2234 3296 2401 3369 θμίζει
2456 3297 2521 3351 τὰ
2589 3295 2717 3368 ἤθη,
2782 3297 2869 3352 καὶ
2941 3297 3071 3375 πρὸς
3151 3300 3249 3362 τῆς
3305 3294 3496 3373 ἀρετῆς
3561 3291 3886 3360 διανίστησιν

2232 3382 2407 3463 ἔφεσιν
2436 3387 2525 3441 καὶ
2552 3384 2849 3461 ἐπιθυμίαν,
2906 3387 2994 3441 καὶ
3047 3385 3146 3452 τὴν
3203 3389 3301 3451 τῆς
3360 3383 3546 3447 κακίας
3577 3384 3885 3449 ὑποτίθησιν

2231 3471 2503 3542 ἀποϐολὴν
2554 3476 2641 3531 καὶ
2697 3474 2998 3555 ἀποφυγήν,
3083 3475 3180 3530 Διά
3244 3473 3399 3529 τοῦτο
3469 3473 3557 3528 καὶ
3613 3475 3641 3528 6
3695 3473 3886 3551 Κύριος

2231 3563 2291 3619 οὗ
2345 3568 2566 3619 παύεται
2625 3563 2705 3619 ἀεὶ
2760 3565 2826 3626 τὰ
2884 3562 3069 3620 δέοντα
3126 3565 3261 3639 ἡμῖν
3318 3567 3585 3642 παραινῶν
3627 3561 3714 3619 καὶ
3756 3563 3889 3616 ὑπο-

2229 3650 2478 3709 δεικνύων
2539 3654 2603 3710 τά
2646 3676 2702 3710 τε
2754 3655 2885 3732 πρὸς
2943 3653 3206 3732 σωτηρίαν
3278 3652 3627 3729 συντείνοντα,
3687 3652 3776 3706 καὶ
3819 3651 3887 3705 τὰ

2227 3744 2357 3821 πρὸς
2420 3742 2689 3801 ἀπώλειαν
2748 3743 2995 3823 φέροντα,
3059 3744 3147 3799 καὶ
3202 3743 3267 3798 τά
3335 3742 3432 3817 μὲν
3502 3744 3634 3820 πρὸς
3689 3740 3885 3818 ἀρετὴν

2226 3834 2677 3913 προτρεπόμενος,
2755 3833 2823 3888 τὰ
2893 3830 2947 3888 δὲ
3018 3834 3090 3897 εἷς
3169 3833 3357 3888 κακίαν
3422 3830 3881 3910 ἀποτρεπόμενος,

2224 3923 2313 3979 καὶ
2376 3922 2701 4002 ἑκατέρωθεν
2768 3923 2905 3997 ἡμῖν
2958 3922 3056 3990 τὴν
3114 3921 3376 4001 σωτηρίαν
3431 3918 3884 4000 πραγματευόμε-

2228 4033 2335 4077 νος.
2374 3996 2474 4070 ’ἱνα
2502 3996 2602 4092 γάρ
2647 4013 2724 4089 μὴ
2782 4010 2981 4092 ἔχομεν
3040 3996 3381 4092 λέγειν,’ὅτι
3440 3996 3504 4069 τά
3555 3996 3652 4086 μὲν
3708 4008 3883 4086 ἀγαθὰ

2228 4099 2443 4174 ἐδίδαξε,
2487 4103 2553 4158 τα
2579 4100 2635 4157 δὲ
2682 4101 2854 4181 φαῦλα
2915 4102 3289 4177 ἀπεσιώπησε,
3336 4101 3424 4157 καὶ
3466 4097 3550 4155 διὰ
3592 4105 3746 4156 τοῦτο
3778 4119 3882 4153 πε-

2229 4191 2557 4270 ριπίπτωμεν
2585 4205 2701 4256 τοῖς
2744 4204 2961 4265 κακοῖς,
2993 4194 3066 4255 ὡς
3124 4187 3338 4271 ἄγνοιαν
3396 4188 3638 4269 ἔχοντες,
3695 4187 3883 4246 τούτου

2227 4280 2386 4359 χάριν
2438 4282 2525 4336 καὶ
2582 4281 2647 4336 τὰ
2697 4280 2794 4348 τῆς
2839 4280 3055 4360 ἀρετῆς,
3106 4282 3195 4338 καὶ
3249 4282 3315 4336 τα
3372 4279 3471 4346 σῆς
3528 4280 3715 4339 κακίας
3748 4273 3881 4347 ἐδή-

2228 4367 2420 4446 λωσεν,
2497 4367 2751 4439 ἀλλήλοις
2842 4370 2997 4433 τιθεὶς
3087 4371 3153 4427 τὰ
3236 4369 3441 4426 ἐναντία
3528 4364 3877 4446 παράλληλα.

492 4461 705 4525 divites
735 4469 794 4523 et
824 4428 1434 4542 paupelresrattineant
1466 4428 1746 4539 edocens,
1782 4428 1994 4521 divitiis
2015 4461 2145 4541 qui-

2235 4442 2489 4535 "011(54)
2532 4468 2695 4517 ταῦτα
2724 4458 2889 4523 οὕτως
2935 4458 3075 4540 ἔχει,
3126 4458 3275 4524 δείξει
3332 4462 3573 4537 καθαρῶς
3608 4428 3735 4537 ι(55)
3791 4458 3879 4512 καὶ

490 4552 628 4613 dem
652 4569 904 4613 monens
942 4564 1006 4610 ut
1034 4548 1280 4610 delicias
1324 4557 1382 4610 et
1426 4547 1570 4609 alias
1615 4546 1745 4609 vitm
1796 4547 2054 4611 fallacias
2085 4558 2144 4613 et

2233 4549 2257 4615 ἦ
2306 4549 2533 4624 σήμερον
2582 4549 2955 4629 προθησομένη
3010 4547 3329 4627 εὗαγγελικῂ
3392 4547 3661 4626 ὑπόθεσις,
3706 4543 3874 4600 πλου-

486 4640 980 4702 inhumanitatem
1003 4638 1620 4721 oderint,modestiam
1645 4645 1838 4700 autem
1860 4646 1916 4699 et
1937 4638 2140 4702 huma-

2233 4637 2363 4699 πίους
2394 4638 2483 4693 καὶ
2523 4636 2755 4705 πένητας
2812 4638 2877 4694 τὰ
2935 4636 3056 4717 (56)
3102 4638 3436 4716 προ-τήκοντα
3476 4632 3870 4708 ἐκδιδάσκουσα,

487 4731 732 4793 nitatem
757 4730 1216 4811 amplectantur;
1243 4739 1497 4810 egentes
1523 4737 1809 4791 autemet
1843 4747 2138 4810 pauperes

488 4821 750 4883 edocens
782 4840 900 4882 non
929 4820 1197 4881 animum
1228 4819 1493 4899 abjicere
1511 4818 2137 4899 propterinsanabiles

487 4914 852 4991 paupertatis
883 4928 1080 4991 casus,
1104 4909 1206 4971 sed
1241 4928 1346 4971 eos
1372 4927 1664 4987 generose
1702 4908 1857 4969 ferre
1897 4915 1955 4969 et
2000 4927 2134 4970 cum

568 5088 697 5169 (48)
725 5113 753 5145 ι
779 5098 895 5167 Θεῷ
918 5090 1130 5152 δυνατά,
1168 5115 1191 5151 ι)
1214 5089 1439 5169 Amce,
1456 5087 1615 5169 quod
1635 5086 1791 5169 haud
1814 5085 1997 5149 dubie
2011 5105 2138 5168 pro-

485 5177 617 5251 pter
646 5169 906 5232 vicinum
936 5170 1152 5229 δυνατὸν
1182 5168 1493 5251 exciderat
1519 5168 1593 5251 in
1624 5168 2135 5251 codice,psenten-

486 5248 567 5312 tia
595 5251 678 5312 ita
713 5251 1071 5330 postulante,
1105 5250 1335 5314 addidi.
1394 5248 1576 5313 Paulo
1640 5258 1773 5331 post
1800 5249 1975 5312 etiam
2006 5258 2135 5330 post

486 5332 760 5408 ὠνόμασεν
788 5331 881 5412 adj
892 5332 982 5393 eci
1013 5334 1275 5397 ἀσθενίας.

569 5412 688 5489 (49)
728 5434 757 5466 (ι
783 5409 1248 5489 ίΕπληθόνθησαν.
1286 5432 1315 5472 ι
1356 5409 1513 5474 Psal.
1547 5429 1643 5489 xv,
1681 5411 1737 5476 3.

569 5413 688 5570 (49}
728 5434 757 5466 α
780 5413 1248 5504 ⁸ἰῐίπληθιῖινθησαν.
1286 5432 1315 5472 )
1356 5413 1513 5474 Psal.
1547 5429 1643 5489 XV,

564 5491 665 5567 (50
719 5515 747 5547 α
801 5502 981 5550 Οντων
1012 5496 1178 5570 ὅμῶν,
1221 5516 1243 5550 ι
1280 5492 1453 5552 Rom.
1484 5509 1544 5569 V,
1582 5495 1680 5557 16.

555 5570 691 5707 ἐξῆ)
728 5595 757 5628 α
806 5574 1023 5638 Στάσις.
1084 5600 1111 5632 ιι
1196 5584 1384 5651 Εγουν,
1431 5574 1493 5628 τὸ
1524 5574 1602 5648 μὴ
1632 5576 1949 5654 προκόπτειν
1977 5574 2031 5630 ἐν
2062 5582 2137 5650 τῷ

590 5675 656 5707 ω.

484 5669 656 5707 καλω.

736 5750 766 5789 κ
795 5735 999 5815 Τρυφὴν
1030 5739 1115 5793 καὶ
1147 5733 1459 5793 ἀπόλαυσιν.
1501 5757 1524 5794 ιι
1588 5736 1794 5818 Τρυφὴν
1821 5733 2031 5798 addidi
2059 5752 2131 5796 ex

2221 4728 2309 4783 xn‘t
2349 4728 2470 4791 τοὺς
2520 4727 2615 4803 μὲν
2672 4725 2951 4792 πλουσίους
3013 4728 3110 4794 τὴν
3156 4726 3352 4805 τρυφὴν
3409 4726 3494 4780 καὶ
3557 4723 3655 4789 τὴν
3712 4719 3878 4789 ἄλλην

2220 4817 2431 4883 ἀπάτην
2480 4827 2573 4877 τοῦ
2614 4818 2726 4894 βίου
2771 4815 2931 4874 ἔτιδὲ
2980 4820 3069 4874 καὶ
3126 4818 3224 4885 τὴν
3281 4814 3652 4894 ἀπανθρωπίαν
3697 4826 3873 4889 μισεῖν

2220 4904 2621 4985 ἐκπαιδεόουσα,
2672 4910 2771 4975 τήν
2818 4905 2873 4964 δὲ
2930 4906 3240 4986 αὐτάρκειαν
3294 4906 3383 4962 καὶ
3434 4905 3533 4973 τὴν
3576 4902 3871 4983 φιλανθρω-

2221 5106 2495 5246 οοῖθέῖἀ
2533 5165 2731 5248 Ἀγαθά
2761 5169 2882 5244 μέν.
2920 5191 2944 5225 υ
2974 5165 3165 5248 Etiam
3197 5166 3324 5227 haec
3352 5162 3550 5248 oratio
3572 5162 3790 5243 legitur
3812 5160 3873 5222 in

2219 5244 2483 5339 coda,
2516 5244 2726 5339 estque
2738 5251 2898 5339 haec,
2937 5248 2999 5309 ni
3028 5246 3222 5339 f_allo_r_,
3248 5245 3513 5339 omnium
3536 5244 3709 5339 longe
3730 5261 3875 5339 pira»

2216 5323 2578 5419 stantissima
2611 5323 2681 5391 ex
2711 5330 2811 5406 iis,
2858 5323 2992 5411 qua:
3046 5330 3106 5388 in
3161 5327 3252 5388 his
3304 5325 3534 5389 duobus
3565 5323 3877 5386 codicibus

2225 5416 2631 5490 reperiuntur.

2307 5489 2434 5571 (54)
2476 5513 2498 5546 α
2555 5504 2646 5549 Οτι
2677 5502 2861 5554 ταῦτα,
2902 5489 3136 5571 [Forte
3168 5490 3247 5545 ὃτι
3279 5486 3547 5571 ςδὲ-τσιῦτα.

2466 5596 2493 5627 ιι
2528 5576 2800 5653 Καθαρῶς.
2841 5594 2866 5630 ιι
2904 5570 2976 5646 ν,
3013 5569 3085 5632 ad
3118 5578 3267 5631 orat.
3299 5567 3371 5645 ll,
3407 5575 3531 5653 not.
3571 5567 3667 5630 lt).

2299 5652 2423 5731 (56)
2462 5673 2486 5709 α
2536 5654 2609 5710 Τὰ
2653 5650 3040 5732 προσθήκοντα.
3078 5676 3105 5708 ι
3162 5659 3327 5731 Εγουν
3359 5650 3677 5719 καθήκοντα,
