4156 6442
288 415 430 482 1221

282 555 405 610 πίαν
466 552 754 623 ἀσπάζεται
791 569 804 582 ⁸

286 643 365 719 μὴ
417 644 765 699 καταπίπτειν
802 641 929 721 (57)
987 655 1110 705 ταῖς
1182 647 1278 712 τῆς
1349 644 1528 709 πενίας
1618 643 1930 712 ἀνηκέστοις

287 745 607 812 συμφοραῖς,
653 729 1048 802 ἐκδιδάσκουσα,
1094 730 1230 787 ἀλλὰ
1291 734 1463 812 φέρειν
1521 735 1770 811 γενναίως
1816 728 1933 807 μετ’

288 820 650 900 εὐχαριστίας,
702 834 822 886 τπι”ς
870 821 1265 901 χρηστοτάταις
1317 820 1487 878 ἐλπίσι
1541 819 1933 913 τῶννμειηλόν-

289 931 395 965 των
471 909 679 986 ἀγαθῶν
751 910 849 976 τὴν
921 909 1254 989 παράκλησιν
1328 910 1579 991 ἔχοντας.
1668 907 1810 968 ’Ἐστι
1882 907 1936 964 δὲ

290 999 533 1061 ὑπόθεσις
576 997 826 1055 πλουσίου
881 1001 969 1056 καὶ
1016 1000 1247 1067 πένητος
1303 1000 1569 1058 πολιτείαν
1613 998 1935 1079 διηγουμένη

292 1086 559 1169 διάφορον,
619 1098 712 1148 τοῦ
783 1091 878 1165 μὲν
931 1094 999 1165 τῇ
1040 1096 1206 1169 τρυφῇ
1263 1088 1699 1169 βεϐαπτισμένου,
1746 1097 1840 1147 τοῦ
1881 1086 1935 1144 δὲ

292 1184 360 1254 τῇ
418 1176 548 1257 (58)
597 1178 748 1251 πενίᾳ
802 1178 1236 1258 κατεστιγμένοι),
1292 1181 1379 1236 καὶ
1436 1178 1684 1258 ἐκατέρου
1737 1179 1937 1237 τούτων

294 1265 532 1333 ἀντάξιον
604 1273 704 1333 τῆς
790 1266 1057 1331 πολιτείας
1144 1266 1512 1334 ἀντιλαϐόντος
1596 1269 1934 1345 ἀντάμειψιν,

294 1357 368 1419 ὡς
444 1356 573 1413 αὒτὰ
658 1354 888 1424 δηλώσει
965 1358 1030 1413 τὰ
1096 1356 1409 1436 εὖαγγελικὰ
1494 1359 1520 1435 ιΞ
1545 1359 1705 1433 ξματα
1772 1356 1938 1419 οὕτως

294 1443 514 1527 ἔχοντα.
568 1452 595 1501 ὰ
646 1448 802 1503 Εἶπεν
845 1449 873 1502 6
933 1447 1119 1524 Κύριος
1174 1448 1274 1514 τὴν
1330 1444 1636 1527 παραϐολὴν
1687 1446 1885 1512 ταύτην
1921 1463 1934 1477 ⁸

294 1514 598 1614 Ἱνθρωπός
669 1558 748 1599 τις
811 1534 930 1614 (59)
999 1514 1065 1602 ἦν
1139 1514 1417 1599 πλούσιος¹
1445 1538 1532 1592 καὶ
1590 1533 1940 1591 ἐνεδιδύσκετο

296 1627 560 1705 πορφύραν
652 1627 740 1681 καὶ
823 1626 1035 1701 βύσσον,
1140 1627 1541 1706 εὐφραινόμενος
1639 1625 1941 1704 καθημέραν

294 1713 575 1794 λαμπρῶς,
637 1716 862 1794 Πτωχὸς
922 1712 976 1770 δέ
1030 1737 1109 1778 τις
1174 1716 1237 1782 ἦν
1290 1715 1509 1791 ὀνόματι
1567 1716 1823 1794 Λάζαρος,
1884 1715 1943 1777 ὃς

1738 414 2076 480 ORATION
2088 415 2191 478 ES.

874 554 993 617 τοὺς
1079 553 1305 633 ἀπόρους
1385 552 1440 611 δὲ
1507 559 1595 613 καὶ
1653 552 1930 634 πτωχοὺς,

2032 544 2347 624 gratiarum
2397 546 2630 609 actione
2685 555 2749 607 ut
2793 547 3262 610 consolationem
3316 548 3671 612 adhibentes

3513 416 3668 483 l222

2012 635 2343 696 futurorum
2380 634 2670 697 bonorum
2709 636 2989 716 optimam
3019 657 3209 718 spem.
3236 637 3536 719 Evangelii
3558 660 3671 701 au-

2018 732 2137 786 tem
2160 724 2456 805 proposita
2474 724 2650 787 lectio
2674 726 2870 787 divitis
2892 736 2949 787 et
2970 728 3250 807 pauperis
3275 728 3451 790 vitam
3483 729 3667 791 dissi-

2018 815 2222 876 milem
2260 823 2480 896 narrat,
2508 815 2684 877 unius
2718 816 2959 896 quidem
3007 817 3068 878 in
3115 817 3347 879 deliciis
3374 818 3671 893 immersi,

2017 904 2264 966 alterius
2319 914 2518 968 autem
2571 906 2768 987 inopi:
2826 914 2886 968 et
2941 916 3203 986 egestate
3264 908 3564 983 notabilis,
3614 917 3671 972 et

2018 993 2326 1075 utriusque
2358 996 2592 1075 dignam
2622 997 2756 1059 vitze
2781 1014 2904 1058 suae
2926 997 3475 1060 remunerationem
3504 1000 3667 1060 acci-

2020 1082 2258 1163 pientis,
2284 1083 2680 1147 utostendunt
2702 1086 3042 1165 evangelica
3064 1087 3240 1148 verba
3265 1088 3351 1149 sic
3393 1088 3619 1167 digesta
3656 1108 3670 1152 :

2029 1195 2048 1228 α
2079 1172 2238 1236 Dixit
2263 1174 2551 1237 Dominus
2583 1174 2922 1256 parabolam
2966 1175 3176 1237 istam:
3207 1177 3396 1239 Homo
3430 1178 3669 1256 quidam

2021 1269 2148 1323 erat
2176 1262 2341 1325 dives
2367 1272 2424 1324 et
2452 1263 2817 1325 induebatur
2836 1283 3096 1345 purpura
3120 1273 3178 1327 et
3202 1265 3400 1347 bysso,
3427 1268 3673 1349 epulans

2020 1350 2285 1432 quotidie
2315 1353 2647 1431 splendide.
2685 1352 2756 1415 Et
2786 1361 2912 1415 erat
2938 1353 3176 1434 quidam
3212 1355 3525 1419 mendicus
3560 1377 3671 1419 no-

2022 1439 2185 1501 mine
2218 1443 2470 1503 Lazarus
2494 1443 2591 1523 qui
2609 1442 2850 1522 jacobat
2878 1443 2948 1503 ad
2971 1443 3220 1523 januam
3263 1444 3412 1524 ejus,
3450 1446 3674 1509 ulceri-

2022 1528 2132 1590 bus
2163 1530 2392 1611 plenus,
2423 1538 2481 1592 et
2507 1532 2754 1612 cupiens
2785 1530 3037 1592 saturari
3081 1532 3156 1593 de
3206 1533 3381 1595 micis
3410 1554 3539 1615 quae
3569 1554 3673 1597 ca-

2024 1617 2244 1680 debant
2274 1619 2349 1681 de
2381 1638 2589 1682 mensa
2634 1620 2853 1682 divitis.
2897 1645 2919 1679 »
2959 1619 3180 1683 Volens
3233 1623 3519 1685 Dominus
3568 1644 3677 1685 nos

2025 1706 2183 1769 inter
2213 1727 2319 1769 nos
2352 1709 2797 1771 communicare
2847 1726 2904 1772 et
2949 1708 3199 1789 diligere
3231 1721 3289 1773 et
3314 1731 3580 1791 erogare,
3618 1722 3677 1776 et

295 1801 549 1870 ἐϐέϐλητο
588 1805 661 1867 εἷς
703 1805 795 1860 τὸν
841 1803 1057 1860 πυλῶνα
1100 1804 1257 1863 αὐτοῦ
1311 1802 1620 1879 ἡλκωμένος
1672 1805 1760 1860 καὶ
1820 1803 1941 1859 ἐπι-

2032 1796 2535 1860 immisericordes
2564 1798 2804 1873 docere,
2836 1817 2972 1880 quae
3002 1799 3074 1859 iis
3104 1800 3379 1863 accidere
3393 1801 3674 1877 debeant,

293 1897 472 1969 θυμῶν
502 1897 858 1974 χορτασθῆναι
902 1893 1007 1950 ἀπὸ
1048 1900 1153 1950 τῶν
1213 1896 1426 1973 ψυχίων
1482 1900 1586 1949 τῶν
1643 1894 1942 1951 πιπτόντων

297 1983 402 2039 ἀπὸ
430 1987 530 2050 τῆς
582 1982 844 2062 τραπέζης
900 1992 994 2041 τοῦ
1035 1981 1307 2043 πλουσίου.
1371 2006 1399 2037 to
1466 1982 1640 2039 Θέλων
1684 1986 1711 2039 6
1758 1985 1942 2063 Κύριος

295 2072 633 2136 κοινωνικοὺς
683 2073 825 2148 ἡμᾶς
883 2072 1025 2128 εἶναι
1074 2073 1161 2129 καὶ
1219 2070 1578 2151 φιλαλλήλους
1640 2074 1727 2128 καὶ
1785 2094 1944 2148 μετα-

295 2160 559 2232 δοτικοὺς,
614 2163 701 2218 καὶ
757 2158 1031 2218 παιδεῦσαι
1073 2162 1192 2226 τοὺς
1243 2159 1633 2237 ἀναλεήμονας,
1694 2166 1787 2219 οἷα
1844 2161 1943 2218 αύ-

297 2264 415 2315 τοϊς
458 2248 845 2331 ἀποϐήσονται,
906 2252 994 2307 καὶ
1050 2249 1245 2317 διδάξαι
1305 2248 1487 2327 πάλιν,
1533 2252 1654 2315 τοὺς
1697 2274 1944 2308 κακοπα-

294 2344 530 2413 θοῦντας,
580 2343 673 2397 οἷα
744 2339 1151 2413 εύπαθήσουσιν,
1221 2340 1351 2419 ὑπὲρ
1410 2342 1483 2395 ὧν
1539 2339 1755 2397 ἐνταῦθα
1807 2342 1944 2397 ὑπο-

297 2428 531 2505 μένουσι,
593 2431 682 2485 τὸν
740 2428 993 2485 πλούσιον
1022 2436 1091 2507 τῇ
1122 2427 1465 2509 ἀσπλαγχ-ιίᾳ
1512 2430 1600 2485 καὶ
1655 2428 1829 2506 πολλῇ
1877 2436 1946 2507 τῇ

298 2518 664 2597 ἀπανθρωπίᾳ,
720 2520 808 2574 καὶ
850 2520 939 2575 τὸν
982 2520 1207 2598 πτωχὸν
1262 2525 1331 2595 τῇ
1384 2518 1573 2595 ἀπορίᾳ
1626 2520 1714 2574 καὶ
1769 2518 1945 2596 πολλῇ

297 2614 366 2686 τῇ
422 2608 669 2687 καρτερίᾳ
725 2605 1095 2687 παραϐολικῶς
1137 2610 1272 2683 ἡμῖν
1337 2609 1408 2670 εἷς
1448 2610 1608 2663 τύπον
1640 2607 1828 2686 ἀρετῆς
1860 2618 1947 2670 καὶ

296 2696 485 2759 κακίας
516 2696 797 2776 πανσόφως
827 2697 1241 2777 ύπεζωγράφησε
1275 2717 1290 2732 ο
1336 2697 1424 2752 καὶ
1478 2696 1568 2750 τὸν
1623 2696 1719 2769 μὲν
1776 2695 1947 2754 πλού-

300 2807 412 2843 σιον
495 2784 783 2861 ἀνωνύμως
868 2784 1182 2863 παρέλαϐεν,
1258 2788 1329 2851 ὡς
1387 2782 1522 2861 μηδέ
1595 2784 1736 2849 ἄξιον
1808 2788 1949 2865 παρὰ

2026 1898 2087 1946 et
2115 1904 2321 1948 rursus
2345 1886 2578 1949 miseris
2598 1888 2917 1949 ostendere
2949 1887 3088 1968 quid
3123 1888 3263 1951 boni
3310 1908 3413 1952 eos
3445 1900 3681 1954 maneat

2028 1992 2135 2055 pro
2171 1976 2338 2038 malis
2366 1996 2497 2058 qua:
2527 1977 2702 2038 hisin
2733 1976 2908 2039 terris
2947 1976 3227 2050 subeunt,
3263 1979 3504 2042 divitem
3540 1981 3675 2062 qui-

2028 2064 2164 2125 dem
2191 2065 2357 2126 valde
2389 2066 2936 2128 immisericordem
2970 2075 3030 2129 et
3055 2065 3479 2141 inhumanum,
3525 2088 3678 2150 pau—

2030 2171 2234 2234 perem
2267 2173 2403 2216 vero
2434 2155 2604 2217 valde
2634 2153 2875 2235 inopem
2904 2162 2961 2216 et
2987 2156 3310 2237 patientem
3340 2158 3680 2236 parabolice

2028 2241 2201 2303 nobis
2229 2242 2288 2303 in
2320 2243 2659 2324 exemplum
2690 2243 2920 2305 virtutis
2969 2252 3028 2305 et
3079 2244 3317 2306 malitiae
3357 2246 3679 2327 sapientis-

2028 2329 2180 2392 sime
2210 2330 2478 2413 depin’xit
2508 2333 2581 2394 Et
2611 2332 2851 2392 divitem
2885 2331 3131 2411 quidem
3164 2333 3389 2414 absque
3440 2335 3681 2396 nomine

2028 2420 2374 2499 assumpsit,
2424 2429 2483 2480 et
2538 2419 2848 2499 indignum
2909 2416 3008 2501 qui
3059 2440 3093 2482 a
3147 2424 3268 2485 Deo
3317 2423 3682 2505 nominetur,

2022 2507 2188 2588 juxta
2216 2508 2371 2589 quod
2408 2528 2513 2589 per
2544 2509 2892 2589 prophetam
2923 2510 3071 2572 dicit
3108 2530 3122 2571 :
3170 2534 3198 2565 α
3232 2508 3403 2573 Haud
3454 2531 3685 2574 memor

2034 2616 2135 2659 ero
2164 2599 2472 2659 nominum
2504 2616 2711 2660 eorum
2745 2616 2851 2678 per
2882 2597 3038 2660 labia
3068 2609 3322 2682 mea,et,
3351 2601 3524 2681 periit
3553 2621 3651 2665 me

2033 2686 2225 2749 moria
2253 2687 2380 2766 ejus
2426 2705 2556 2748 cum
2587 2687 2807 2749 sonitu.
2847 2712 2873 2743 υ
2910 2689 3139 2750 Nomen
3167 2698 3361 2750 autem
3409 2691 3686 2772 pauperis

2034 2788 2346 2858 memorat,
2381 2776 2659 2858 quoniam
2682 2776 2978 2856 justorum
3013 2778 3256 2840 nomina
3282 2779 3342 2840 in
3374 2780 3529 2842 libro
3556 2782 3688 2843 vita:

302 2881 432 2931 Θεοῦ
479 2874 842 2949 ὀνομάζεσθαι,
918 2876 1049 2931 καθὰ
1106 2877 1193 2931 καὶ
1249 2873 1332 2931 διὰ
1386 2880 1477 2931 τοῦ
1522 2876 1800 2954 Προφῆτου
1852 2875 1947 2932 λέ-

2032 2863 2319 2946 inscripta
2347 2874 2504 2927 sunt.
2539 2863 3056 2954 Hebraicajautem
3096 2867 3334 2928 traditio
3368 2869 3546 2930 habet
3569 2873 3686 2933 La-

302 2986 383 3044 γει
418 2980 433 2994 ⁸
477 2986 500 3020 α
536 2967 608 3022 Ob
637 2964 715 3039 μὴ
752 2963 869 3044 (60)
929 2968 1149 3039 μνησθῶ
1202 2966 1307 3021 τῶν
1365 2952 1835 3039 ὀνομάτωνναύτῶν
1868 2964 1948 3021 διὰ

2033 2972 2231 3015 zarum
2291 2954 2607 3035 quemdam
2652 2972 2783 3016 esse
2831 2952 3690 3037 Jerosolymis,incarnationis

302 3053 531 3136 χειλέων
564 3077 684 3131 μου,
718 3043 806 3112 καὶ
837 3054 1081 3111 ἀπώλετο
1123 3057 1185 3112 τὸ
1234 3056 1571 3133 μνημόσυνον
1617 3054 1736 3132 (61)
1793 3057 1948 3114 αἶ)τοῦ

2034 3043 2275 3107 Domini
2306 3043 2499 3108 nostri
2524 3052 2814 3124 tempore,
2849 3043 2910 3105 in
2944 3045 3429 3126 extremainopia
3461 3047 3688 3127 degen-

304 3144 425 3222 μετ’
456 3142 619 3224 ἤχου,
656 3168 683 3199 ι)
740 3150 842 3202 Τοῦ
883 3142 938 3200 δὲ
983 3145 1243 3219 ὀνόματος
1291 3147 1612 3221 μνημονεύει
1656 3154 1747 3203 τοῦ
1789 3145 1948 3213 πένη-

2035 3141 2178 3224 tem,
2215 3133 2388 3224 cujus
2412 3141 2468 3194 et
2497 3132 2767 3224 meminit
2795 3131 3085 3224 Dominus
3119 3135 3460 3224 utgratiosi
3491 3145 3549 3197 et
3584 3156 3687 3217 pa-

300 3256 412 3313 τος,
444 3214 627 3302 ἐπειδὴ
670 3231 1031 3313 τιῦνύδικαίων
1074 3235 1139 3290 τὰ
1193 3235 1431 3310 ὀνόματα
1491 3236 1543 3291 ἐν
1599 3234 1766 3313 βίϐλῳ
1812 3241 1948 3307 ζωῆς

2033 3222 2235 3284 tientis
2252 3209 2309 3284 et
2328 3222 2750 3301 longaminiter
2768 3209 3308 3313 omnemjustitiam
3335 3232 3395 3287 et
3412 3209 3685 3288 virtutem

311 3283 388 3300 --ς
445 3283 627 3302 ηπ--.
683 3283 770 3290 υτ.
824 3283 1026 3290 ---η-..-
1086 3283 1138 3290 -α
1197 3283 1431 3310 -.-μ-,η
1492 3283 1540 3291 -.
1599 3283 1763 3313 rm”,
1812 3283 1948 3307 νη,

300 3283 716 3403 ἀπόγράφονται.
790 3297 941 3403 ’,Εχει
1002 3320 1055 3378 δὲ
1111 3325 1199 3379 καὶ
1253 3326 1287 3391 ἡ
1352 3314 1608 3403 Ἐϐραϊκῆ
1638 3324 1948 3404 παράδοσις,

2036 3312 2358 3393 operantis:
2375 3283 2572 3376 »ἔδειιί
2592 3283 3107 3392 enim,inquit,qui
3122 3312 3683 3392 timentDominum,

302 3414 537 3491 Λάζαρον
597 3412 740 3469 εἶναί
794 3434 910 3468 τινα
972 3411 1025 3467 ἐν
1072 3404 1452 3492 Ἱεροσολύμοις
1506 3416 1640 3470 κατά
1695 3416 1786 3471 τὸν
1828 3436 1953 3470 και-

304 3503 391 3583 ρδν
448 3507 547 3569 τῆς
606 3500 1051 3581 ἐνανθρωπήσεως
1103 3512 1194 3560 τοῦ
1250 3503 1436 3581 Κυρίου
1494 3502 1548 3558 ἐν
1612 3502 1820 3583 ἐσχάτῇ
1864 3525 1957 3560 πε-

304 3593 387 3649 νία
432 3588 702 3670 διάγοντα,
756 3595 815 3649 οὔ
853 3594 939 3647 καὶ
984 3591 1302 3666 μνημονεύει
1357 3591 1481 3671 (62)
1528 3594 1555 3647 6
1624 3592 1833 3671 Κύριος,
1879 3593 1952 3655 ὡς

307 3679 620 3760 εὐχαρίστου
673 3681 761 3736 καὶ
816 3690 1144 3759 καρτερικοῦ,
1226 3682 1313 3736 καὶ
1388 3681 1737 3758 μακροθύ;;.·.›ς
1792 3680 1950 3759 ἐργα-

306 3768 527 3844 ζομένου
568 3774 742 3825 πᾶσαν
800 3766 1133 3837 δικαιοσύνην
1178 3771 1267 3826 καὶ
1324 3769 1543 3847 ἀρετήν,
1620 3794 1646 3825 α
1694 3770 1951 3849 Μακάριοι

305 3859 405 3938 γὰρ
448 3860 628 3938 φησὶν,
677 3861 722 3915 οἱ
753 3856 1067 3939 φοϐούμενοι
1111 3861 1200 3916 τὸν
1247 3860 1454 3939 Κύριον,
1511 3861 1599 3916 καὶ
1657 3861 1716 3916 τὸ
1747 3859 1953 3935 μνημό-

306 3970 462 4006 συνον
518 3950 688 4005 αὐτῶν
745 3948 891 4023 μένει
950 3951 1020 4015 εἰς
1062 3950 1153 4005 τὸν
1210 3951 1395 4029 αἰῶνα,
1453 3950 1540 4005 καὶ
1587 3947 1705 4028 (63)
1762 3951 1952 4025 μνήμῃ

304 4037 505 4096 δικαίου
566 4038 684 4115 μετ’
756 4038 1057 4118 ἐγκωμίων,
1114 4040 1223 4119 καὶ,
1297 4041 1369 4102 εἰς
1429 4037 1553 4119 (64)
1614 4038 1953 4115 μνημόσυνον

306 4128 517 4186 αἰώνιον
549 4128 694 4184 ἔσται
716 4125 932 4195 δικαίος.
980 4152 1008 4183 ι
1076 4120 1133 4186 Ὀ
1178 4130 1275 4205 μὲν
1333 4128 1421 4185 οὖν
1466 4127 1713 4191 πλούσιος
1744 4129 1952 4208 πορφύ-

308 4239 404 4296 ραν
431 4219 519 4275 καὶ
571 4217 759 4294 βύσσον
811 4216 1185 4299 ἐνεδιδύσκετο,
1230 4216 1441 4274 πολλῶν
1501 4217 1691 4296 ἐτέρων
1748 4239 1960 4295 γυμνη-

310 4307 568 4365 τευόντων
622 4309 710 4364 καὶ
765 4308 1058 4386 ῥυγούντων
1118 4309 1207 4364 καὶ
1280 4308 1442 4388 ψύχει
1506 4308 1593 4363 καὶ
1661 4307 1802 4386 κρύει
1846 4328 1959 4372 πη-

2039 3411 2096 3463 et
2126 3401 2412 3463 memoria
2439 3420 2645 3463 eorum
2679 3409 2876 3461 manet
2906 3400 2965 3460 in
3000 3410 3314 3479 aeternum,
3339 3412 3420 3479 et,
3456 3423 3687 3467 memo-

2040 3491 2129 3553 ria
2137 3491 2285 3571 justi
2315 3511 2449 3553 cum
2477 3490 2771 3563 laudibus,
2809 3498 2887 3562 et,
2918 3490 2979 3549 in
3009 3491 3303 3553 memoria
3323 3502 3545 3555 zelerna
3579 3498 3692 3556 erit

2033 3579 2476 3660 justus.»Dives
2508 3580 2683 3657 igitur
2713 3596 2976 3659 purpura
3004 3586 3061 3640 et
3090 3579 3265 3660 bysso
3295 3580 3683 3660 induebatur,

2035 3689 2169 3731 cum
2204 3670 2371 3731 multi
2402 3669 2501 3731 alii
2534 3668 2678 3729 nudi
2709 3676 2906 3731 essent
2956 3678 3015 3729 et
3046 3671 3328 3748 rigereut,
3365 3680 3426 3736 et
3475 3673 3693 3753 frigore

2036 3765 2094 3818 et
2122 3755 2254 3834 gelu
2284 3755 2811 3837 hiererent,etipse
2830 3756 3138 3819 mendicus
3161 3757 3413 3822 Lazarus
3438 3761 3509 3822 ad
3545 3781 3687 3843 por-

2038 3855 2156 3908 tam
2196 3845 2371 3925 hujus
2414 3845 2675 3927 improbi
2706 3852 2762 3907 et
2797 3846 3014 3926 perditi
3045 3862 3105 3909 et
3138 3846 3448 3911 inhumani
3482 3861 3539 3913 et
3569 3851 3688 3912 im-

2037 3934 2442 3996 misericordis
2464 3935 2672 4015 jacens
2723 3944 2781 3998 et
2834 3935 3199 4013 angustiatus
3243 3945 3301 3999 et
3356 3940 3573 4003 nudus.
3622 3940 3693 4002 Et

2037 4024 2275 4105 quidem
2310 4023 2473 4086 dives
2494 4024 2605 4086 iste
2619 4023 2886 4104 quotidie
2915 4024 3691 4106 splendiduserat,epulans

2038 4122 2096 4176 et
2129 4113 2428 4177 luxuriose
2459 4122 2517 4176 et
2544 4123 2890 4193 sumptuose
2924 4122 3098 4175 terra:
3120 4124 3177 4176 et
3204 4116 3381 4178 maris
3400 4119 3694 4181 reditibus

2046 4204 2271 4276 fruens,
2323 4203 2489 4266 dives
2536 4213 2595 4265 et
2622 4202 2855 4265 deliciis
2886 4204 3159 4268 afﬂuens.
3185 4207 3519 4284 Totaigitur
3539 4208 3692 4269 divi-

2048 4294 2120 4355 tis
2140 4313 2283 4356 cura
2311 4294 2470 4356 circa
2489 4293 2824 4355 vestimenti
2851 4294 3345 4371 magnificentiam
3368 4305 3425 4358 et
3454 4317 3693 4362 mensas

311 4395 605 4477 γνυμένων,
652 4398 739 4453 καὶ
765 4381 950 4456 μύτοῦ
1019 4395 1084 4465 δὴ
1139 4404 1231 4453 τοῦ
1288 4406 1512 4477 πτωχοῦ
1568 4397 1802 4476 Λαζάρου
1830 4396 1948 4475 πρὸς

2046 4392 2104 4445 et
2125 4384 2329 4464 epulas
2364 4382 2731 4445 versabatur.
2780 4381 3034 4444 Lazarus
3083 4384 3695 4465 veroinopiaetmor-

312 4489 403 4544 τὸν
461 4486 676 4544 πυλῶνα
730 4487 914 4543 τούτου
959 4494 1052 4543 τοῦ
1106 4484 1285 4543 ἀδίκου
1346 4487 1432 4542 καὶ
1488 4486 1819 4564 κακοτρόπου
1874 4486 1948 4541 καΤ

2044 4472 2121 4564 bo
2141 4472 2446 4534 confectus
2476 4473 2547 4564 ad
2572 4472 2748 4534 istius
2769 4470 3007 4551 jacebat
3023 4471 3358 4564 ja.nuam,et
3379 4475 3578 4537 omnia
3594 4494 3663 4564 _su

314 4575 671 4652 ἀνελεήμονος
715 4576 802 4633 καὶ
830 4574 1181 4655 ἀσπλάγχνου
1236 4572 1568 4651 βεϐλημένου
1624 4575 1711 4630 καὶ
1771 4595 1957 4629 στενο-

314 4665 658 4746 χωρουμένου
687 4666 774 4722 καὶ
825 4665 1261 4744 γυμνητεύοντος.
1338 4665 1436 4722 Καὶ
1490 4666 1517 4719 6
1575 4664 1670 4739 μὲν
1714 4661 1962 4726 πλούσιος

316 4758 466 4819 οὗτος
523 4752 639 4811 καθ’
682 4753 884 4833 ἡμέραν
940 4752 1182 4833 λαμπρὸς
1240 4753 1329 4833 ἧν,
1392 4752 1821 4832 εὖφραινόμενος,
1873 4753 1960 4807 καὶ

312 4844 534 4907 ἀσώτως
588 4846 677 4901 καὶ
729 4842 1029 4909 πολυτελῶς
1113 4849 1217 4899 τῶν
1286 4847 1384 4909 τῆς
1460 4846 1561 4920 γῆς
1617 4843 1703 4897 καὶ
1761 4839 1961 4898 θαλάσ-

315 4957 415 4999 σης
470 4930 742 5013 προσόδων
812 4939 1180 5013 κατατρυφῶν,
1255 4930 1481 4989 πλοῦτον
1550 4932 1638 4986 καὶ
1717 4953 1963 4987 καταπο-

316 5023 513 5085 λαύων.
548 5024 670 5102 Περὶ
712 5033 876 5082 ταῦτα
919 5023 1017 5102 γὰρ
1073 5024 1108 5090 ἡ
1151 5028 1295 5078 πᾶσα
1320 5027 1415 5078 τοῦ
1456 5018 1706 5077 πλοτσίου
1734 5018 1957 5092 σπουδὴ,

318 5113 438 5192 περί
519 5134 575 5169 τε
651 5115 940 5189 ἱματισμοῦ
1017 5109 1361 5169 πολυτέλειαν
1415 5112 1505 5167 καὶ
1562 5108 1821 5189 τραπέζας
1877 5112 1967 5166 καὶ

317 5204 556 5279 κώμους.
606 5193 664 5260 Ὀ
714 5201 769 5259 δὲ
827 5203 1062 5279 Λάζαρος
1099 5201 1253 5274 πενίᾳ
1292 5200 1380 5258 καὶ
1424 5199 1564 5273 νόσῳ
1618 5200 1966 5279 τετρυχωμέ-

397 5380 528 5461 (57)
564 5399 588 5437 ι
639 5380 1018 5444 Καταπίπτειν.
1055 5404 1084 5436 ιι
1130 5380 1415 5461 Animum
1446 5375 1728 5461 abjicere.

627 5465 785 5535 Πενίᾳ
811 5462 1245 5541 κατεστιγμένου.
1298 5486 1325 5518 ι
1386 5458 1592 5540 Inopia
1625 5463 1972 5539 elegestate

318 5540 602 5606 notabilis
613 5584 629 5600 .
644 5582 689 5623 ,π
1048 5540 1051 5541 ν

584 5646 613 5678 α
665 5626 947 5704 Ανθρωπός
977 5646 1057 5689 τις
1100 5624 1188 5692 ἧν,
1214 5647 1253 5704 3
1287 5620 1431 5685 Luc.
1465 5637 1589 5704 XVI,
1625 5620 1719 5683 19.

397 5702 526 5790 (60)
580 5728 602 5762 ι
641 5707 714 5765 Οὔ
756 5702 835 5783 μὴ
879 5709 1120 5783 μνησθῷ.
1157 5728 1179 5763 ι
1213 5702 1374 5767 Psal.
1406 5718 1508 5780 xv,
1540 5702 1601 5766 4.

2044 4552 2227 4646 bibat,
2248 4572 2368 4646 non
2404 4552 2576 4646 modo
2594 4570 2740 4646 quae
2770 4552 3156 4646 paupertatis,
3192 4553 3304 4646 sed
3331 4562 3382 4614 el
3420 4574 3551 4646 qua;
3592 4558 3689 4617 in-

2045 4633 2344 4716 ﬁrmitatis
2375 4640 2563 4716 erant.
2594 4630 2662 4692 Et
2688 4630 2964 4716 cupiebat
2989 4634 3245 4716 saturari
3270 4635 3345 4716 de
3372 4630 3541 4697 micis
3558 4654 3687 4716 quae

2044 4713 2343 4797 cadebant
2375 4713 2469 4797 de
2502 4730 2710 4797 mensa
2755 4711 2975 4797 divitis.
3026 4713 3217 4797 Nemo
3249 4714 3407 4797 enim
3441 4711 3691 4797 erat—qui

2045 4793 2365 4874 quidquam
2399 4791 2518 4854 cibi
2549 4791 2634 4852 illi
2664 4794 2983 4874 praeberet,
3004 4794 3103 4853 sed
3128 4795 3365 4874 jacebat
3388 4796 3588 4857 multis
3606 4791 3696 4857 ul-

2046 4872 2282 4957 ceribus
2312 4874 2591 4943 refertus,
2618 4883 2677 4957 et
2690 4872 3164 4957 consolationem
3197 4877 3381 4937 multa
3412 4896 3479 4937 ex
3526 4885 3692 4957 parte

2045 4956 2343 5047 accipiens
2391 4972 2586 5047 neque
2626 4953 2807 5047 ulloa
2838 4953 3104 5047 quolibet
3151 4974 3430 5047 sermone
3478 4953 3694 5047 dignus

2048 5033 2307 5110 habitus,
2326 5033 2533 5097 morbo
2555 5033 2951 5106 detinebatur,
2973 5042 3030 5094 et
3059 5034 3213 5098 fame
3241 5033 3688 5112 absumebatur,

2049 5115 2224 5179 Dives
2253 5124 2450 5196 autem
2483 5114 2886 5196 delectabatur
2914 5116 3180 5196 quotidie
3212 5126 3268 5178 et
3297 5117 3360 5179 in
3384 5117 3613 5180 luxuria
3635 5126 3695 5179 et

2050 5197 2342 5261 ebrietate
2372 5195 2687 5259 otiabatur.
2724 5193 2909 5257 Tanta
2933 5193 3097 5258 enim
3134 5205 3261 5260 erat
3303 5198 3500 5262 divitis
3548 5217 3689 5261 cru-

2297 5400 2318 5432 σ
2358 5377 2632 5435 Ἀπώλετο
2660 5378 2720 5434 τὸ
2747 5381 3104 5455 μνημόσυνον.
3144 5377 3356 5457 »Ρεει
3391 5399 3476 5457 lx,
3506 5380 3567 5445 7.

2162 5456 2265 5538 62)
2302 5477 2333 5517 (
2365 5459 2694 5535 Μνημονεύει
2729 5474 2743 5490 ⁶
2784 5482 2808 5517 ν
2847 5460 3063 5517 ἐνταῦθα
3092 5456 3339 5520 scilicet.

2129 5539 2244 5620 (63)
2281 5562 2309 5593 α
2339 5541 2543 5620 ἕνήμη
2574 5538 2795 5602 δικαίου.
2832 5564 2859 5597 ι)
2898 5538 3183 5620 Proverb.
3217 5556 3291 5620 Χ,
3315 5540 3373 5603 ’7.

2132 5617 2252 5698 (64)
2286 5642 2313 5674 α
2338 5617 2431 5684 Εἰς
2462 5621 2823 5697 μνημοσύνον.
2863 5644 2887 5679 ν
2925 5618 3081 5684 Psal.
3114 5635 3233 5699 CXI,
3263 5617 3328 5689 ’6.
