4156 6392
481 368 638 434 1223
1556 373 1613 434 J.
1663 372 2056 436 XIPHILINI
2096 375 2106 429 t

2193 416 2209 433 .
2260 372 2777 436 PATRIARCHE
3712 381 3877 446 1224

466 490 702 566 delitas.
729 503 860 565 Non
894 505 1053 566 enim
1090 502 1482 584 prosperitate
1514 503 1730 566 melior
1743 503 1989 566 affectus
2010 497 2106 563 est.

2209 517 2295 558 νος
2356 491 2611 560 ἐϐέϐλητο
2679 495 2811 572 πρὸς
2873 497 2962 552 τὸν
3019 496 3238 555 πυλῶνα
3312 501 3492 581 αὐτου,
3554 503 3641 558 καὶ
3696 504 3875 561 πάντα

465 593 570 654 sed
601 594 892 656 remansit
924 583 1161 668 eﬂ‘erus,
1195 583 1359 654 imno
1388 611 1527 654 vero
1573 592 1737 654 omni
1775 593 1901 655 fera
1957 595 2106 656 fero-

2205 583 2504 664 ὑπέμεινεν,
2552 587 2611 641 οὗ
2654 584 2817 659 μόνον
2846 586 2912 641 τὰ
2941 585 3038 653 τῆς
3068 589 3275 662 πενίας,
3333 587 3471 646 ἀλλὰ
3513 591 3600 647 καὶ
3641 592 3707 648 τὰ
3765 599 3872 660 τῆς

460 680 610 742 cior.
629 680 780 744 «Sed
806 690 1052 745 etcanes
1064 681 1372 744 venientes
1392 681 1696 761 lingebant
1711 682 1910 745 ulcera
1927 684 2106 763 ejus.x

2205 672 2514 752 ἀῤῥωστίας,
2560 674 2648 728 καὶ
2717 671 2961 750 ἐπεθύμει
3019 679 3382 756 χορτασθῆναι
3437 679 3544 735 ἀπὸ
3601 685 3704 738 τῶν
3764 686 3869 757 ψι-

461 768 909 851 Compatientes
941 771 1128 850 magis
1159 789 1340 834 canes
1373 779 1431 833 et
1462 770 1844 833 humaniores
1870 789 1935 834 se
1958 761 2106 852 “prm-

2204 765 2340 843 χίων
2411 766 2513 818 τῶν
2556 761 2860 821 πιπτόντων
2905 764 3011 822 ἀπὸ
3053 771 3152 833 τῆς
3218 766 3483 845 τραπέζης
3541 776 3632 826 τοῦ
3688 769 3868 830 πλου-

457 849 807 941 δοηιήιιοιῑι
838 861 1026 924 dives.
1048 849 1244 925 Canes
1273 859 1514 942 quidem
1546 861 1746 924 ulcera
1791 867 1849 922 et
1875 849 2106 922 vulnera

2203 855 2314 908 σίου
2349 871 2361 883 °
2423 849 2584 916 οὐδείς
2628 850 2681 907 δὲ
2749 852 2816 920 ἧν
2873 856 2900 910 6
2955 855 3210 936 παρέχων
3270 861 3436 936 αὐτῷ,
3496 857 3634 915 ἀλλὰ
3691 858 3866 918 ἔκειτο

460 939 738 1029 pauperis
758 951 1061 1030 lingebant
1082 970 1200 1012 non
1225 939 1509 1012 nocentes
1534 969 1726 1032 neque
1747 951 2106 1032 mordentes,

2199 939 2374 997 ἕλκεσι
2452 940 2646 1032 βρύων-
2677 940 2939 1023 πολλοῖς,
3024 947 3112 1001 καὶ
3177 949 3506 1026 παρηγορίαν
3575 946 3864 1025 οὐδαμόθεν

459 1037 562 1098 sed
597 1039 766 1119 quasi
795 1041 1186 1103 condolentes
1217 1048 1274 1101 et
1325 1039 1528 1119 lingua
1559 1049 1785 1120 partem
1833 1040 2114 1102 afﬂictam

458 1125 746 1201 foventes,
783 1138 842 1190 et
891 1130 1202 1191 vulnerum
1263 1148 1539 1190 cruorem
1589 1129 1996 1210 detergentes,
2058 1137 2117 1190 et

460 1217 687 1278 sensim
717 1216 980 1280 dolorem
1012 1219 1378 1282 alleviantes.
1407 1217 1580 1280 Dives
1609 1227 1804 1280 autem
1839 1217 2114 1281 immise-

456 1303 648 1366 ricors
681 1315 803 1368 erat
838 1316 898 1370 et
924 1307 1320 1388 implacabilis
1358 1327 1427 1370 ac
1473 1327 1550 1370 ne
1605 1308 1826 1370 vultum
1869 1307 2112 1390 quidem

456 1393 706 1457 hilarem
741 1398 984 1476 pauperi
1019 1397 1404 1478 monstrabat,
1440 1417 1643 1478 neque
1673 1416 1815 1460 voce
1842 1416 1976 1460 cum
2008 1398 2110 1460 illo

2199 1028 2516 1111 δεχόμενος,
2565 1027 2679 1086 οὐδὲ
2710 1029 2870 1108 λόγου
2902 1032 3045 1096 τινὸς
3075 1032 3200 1112 παρ’
3258 1034 3464 1100 οὐδενὸς
3527 1035 3858 1115 ἀξιούμενος,

2197 1126 2264 1197 τῇ
2307 1119 2446 1194 νόσῳ
2499 1119 2806 1200 κατείχετο,
2865 1124 2953 1178 καὶ
3012 1129 3088 1197 τῷ
3159 1123 3302 1200 λιμῷ
3357 1127 3736 1206 κατετρύχετο.
3800 1120 3860 1186 Ὀ

2197 1209 2250 1266 δὲ
2323 1208 2574 1274 πλούσιος
2605 1207 2795 1290 ἐτρύφα
2843 1209 2962 1268 καθ’
3020 1212 3222 1292 ἡμέραν
3279 1216 3366 1270 καὶ
3422 1214 3523 1295 65)
3585 1216 3640 1271 ἐν
3708 1217 3854 1273 ἀσωο

2195 1299 2328 1362 τίαις
2392 1299 2481 1354 καὶ
2550 1297 2732 1372 μέθαις
2803 1299 3064 1380 ἐσχόλαζε
3099 1317 3112 1331 ⁸
3181 1304 3412 1370 τοσαύτη
3485 1307 3585 1385 γὰρ
3657 1308 3692 1374 ἡ
3765 1314 3860 1364 τοῦ

2195 1387 2445 1446 πλουσίου
2516 1387 2733 1462 ὠμότης
2768 1403 2781 1418 ’
2859 1389 2974 1446 οὐδὲ
3046 1393 3146 1471 γὰρ
3212 1393 3313 1449 ὑπὸ
3397 1398 3498 1460 τῆς
3575 1394 3858 1474 εὐημερίας

456 1475 1160 1569 communicabat,neque
1191 1475 1454 1568 pannum
1487 1475 1574 1549 illi
1605 1487 1770 1548 dedit
1814 1497 1918 1552 aut
1954 1486 2106 1549 obo-

2191 1477 2412 1555 βελτίων
2470 1475 2706 1554 ἐγένετο,
2789 1477 2908 1534 ἀλλ’
2979 1478 3160 1555 ἔμενεν
3223 1481 3634 1561 ὲκθηριώμενος,
3709 1483 3855 1560 μᾶλ-

454 1570 578 1634 lum
607 1583 709 1636 aut
743 1595 981 1656 parvum
1020 1566 1535 1658 panis—frustulum
1567 1576 1754 1649 dedit,
1780 1577 1886 1639 sed
1909 1576 2106 1640 omnia

2192 1568 2285 1625 λον
2341 1566 2395 1622 δὲ
2467 1567 2555 1622 καὶ
2623 1566 2804 1645 θηρίου
2862 1571 3059 1633 παντὸς
3119 1569 3518 1651 χαλεπώτερος.
3597 1593 3626 1633 (
3691 1571 3858 1630 Ἀλλὰ

458 1661 620 1724 solus
651 1654 758 1743 per
786 1665 986 1746 gulam
1020 1654 1328 1729 stomacho
1359 1665 1624 1729 demisit.

2191 1664 2278 1721 καὶ
2322 1661 2368 1716 οἱ
2398 1656 2549 1716 κύνες
2601 1654 2888 1735 ἐρχόμενοι
2947 1659 3238 1739 ἀπέλειχον
3287 1663 3355 1716 τὰ
3411 1660 3542 1728 ἕλκη
3602 1662 3779 1722 αύτοῦ.
3823 1684 3850 1720 1

455 1755 880 1835 Συμπαθέστεροι
926 1761 971 1814 οἱ
1014 1759 1164 1823 κύνες
1208 1767 1300 1816 τοῦ
1329 1756 1581 1814 πλουσιου
1611 1759 1697 1813 καὶ
1737 1755 2216 1837 φιλανθρωπότεροι
2248 1752 2518 1834 φαίνονται
2553 1761 2567 1776 ⁸
2586 1748 2649 1837 *οἱ
2681 1746 2778 1822 μὲν
2804 1750 2904 1827 γὰρ
2933 1749 3084 1814 κύνες
3114 1751 3177 1805 τὰ
3208 1749 3340 1818 ἕλκη
3369 1753 3457 1808 καὶ
3486 1753 3551 1808 τὰ
3579 1753 3856 1831 τραύματα

454 1847 546 1897 τοῦ
577 1833 813 1909 πένητος.
849 1845 1085 1926 ἕλειχον,
1132 1850 1221 1905 οὔό
1265 1844 1587 1925 ἀδικοῦντες,
1633 1833 1762 1902 οῦδὲν
1793 1833 2092 1920 δάκνοντες,
2128 1833 2248 1902 ἀλλ’
2279 1845 2393 1898 οἷον
2454 1833 2868 1926 συναλγοῦντες,
2917 1841 3005 1895 καὶ
3048 1840 3416 1926 θεραπεύοντες
3447 1846 3516 1917 τῇ
3543 1839 3760 1919 γλώττῃ
3790 1844 3856 1899 τὸ

454 1928 673 2009 λυποῦν,
721 1935 807 1989 καὶ
835 1936 927 1990 τὸν
963 1921 1145 2016 ’ἰχῶρα
1174 1943 1278 1992 τῶν
1321 1921 1634 2014 τραυμάτων
1665 1935 2101 2014 ἆποσμήχοντες,
2136 1935 2226 1992 καὶ
2253 1930 2426 2011 ἡρέμα
2455 1924 2550 1987 τὰς
2579 1921 2762 1989 ὀδύνας
2791 1925 3237 2008 ἐπικουφίζοντες.
3275 1921 3331 1986 Ὀ
3359 1927 3414 1985 δὲ
3446 1928 3695 1994 πλούσιος
3730 1929 3852 2009 (66)

457 2017 775 2094 ἀσυμπαθὴς
817 2021 881 2090 ἧν
924 2013 1375 2105 καῖγᾶμείλικτος,
1400 2025 1487 2081 καὶ
1519 2023 1631 2081 068s
1661 2023 1810 2100 ἅμμα
1841 2013 2020 2103 ἱλαρὸν
2047 2031 2125 2099 τῷ
2153 2023 2341 2089 πένητι
2372 2013 2684 2105 ἐχαρίσατο,
2729 2019 2789 2074 οὗ
2815 2015 2975 2096 λόγου
3000 2017 3318 2094 μετέδωκεν,
3351 2020 3410 2076 οὒ
3437 2019 3597 2096 ῥάκος
3642 2018 3850 2098 ἒπέῤῥι-

457 2110 554 2181 qm
587 2108 644 2164 οὗ
687 2107 908 2168 δέδωκεν
939 2111 1149 2188 ὀϐολὸν,
1196 2115 1256 2170 οὖ
1284 2101 1544 2194 τεμάχιον
1576 2111 1732 2193 ἄρτου
1762 2101 1971 2193 μικρὸν,
2003 2111 2142 2170 ἀλλὰ
2167 2112 2340 2170 πάντα
2366 2115 2436 2184 τῇ
2485 2101 2584 2174 ἷδίᾳ
2626 2107 2838 2186 γαστρὶ,
2893 2109 2967 2172 ὣς
3014 2107 3067 2165 ἐν
3123 2106 3430 2189 πανδοχείφ
3478 2106 3563 2165 διὰ
3617 2113 3716 2178 τῆς
3758 2121 3855 2171 τοῦ

458 2197 728 2278 φάρυγγος
760 2202 946 2280 χώνης
978 2202 1304 2282 ἐπέῤῥιπτεν.

537 2290 774 2371 Pauper
800 2299 996 2353 autem
1030 2291 1301 2368 Lazarus,
1336 2312 1474 2356 cum
1519 2301 1678 2357 tanta
1727 2301 2029 2376 pateretur
2059 2300 2106 2355 el

2288 2282 2344 2348 Ὀ
2375 2288 2444 2346 δὲ.
2485 2288 2652 2356 πένης
2710 2285 2827 2364 (67)
2873 2285 3109 2365 Λάζαρος
3165 2294 3393 2344 τοσαῦτα
3450 2288 3702 2368 πάσχων,
3761 2289 3852 2344 καὶ

455 2376 516 2438 in
547 2380 722 2441 tantis
753 2380 925 2442 malis
952 2391 1306 2456 versaretur,
1355 2402 1471 2444 non
1506 2373 1956 2464 blasphemavit,
1992 2403 2106 2446 non

2196 2378 2250 2436 ἐν
2319 2392 2436 2443 τοῖς
2495 2378 2750 2440 τοιούτοις
2828 2375 3086 2455 ὑπάρχων
3145 2373 3363 2456 δεινοῖς,
3425 2378 3520 2433 οὒκ
3577 2374 3854 2457 ἐϐλασφή-

457 2467 830 2545 convitiatus,
868 2489 986 2532 non
1018 2470 1358 2550 indignatus
1389 2481 1499 2548 est,
1533 2463 1653 2534 non
1699 2473 2106 2555 murmuravit,

2195 2490 2388 2543 μησεν,
2469 2465 2585 2524 οὐδὲ
2648 2463 3005 2544 ἐλοιδόρησεν,
3095 2466 3190 2522 οὐκ
3262 2465 3657 2545 ἠγανάκτησεν,
3731 2464 3850 2522 οὐδὲ

455 2574 575 2617 non
615 2557 848 2620 divitias
896 2559 1062 2620 diviti
1102 2560 1455 2640 objurgavit,
1503 2561 1808 2623 neminem
1861 2553 2106 2623 omnino

2191 2556 2498 2635 ἐγόγγυσεν,
2560 2557 2619 2612 οὗ
2661 2556 2760 2622 τὴν
2821 2555 3019 2634 τρυφὴν
3073 2561 3164 2610 τοῦ
3226 2553 3488 2612 πλουσίου⁴
3539 2554 3846 2631 ἐμέμψατο,

2198 2645 2308 2664 ,πυ
2401 2647 2422 2664 ,ρ
2633 2646 2645 2662 ι
2757 2651 2782 2661 -
2895 2643 2908 2662 .
2949 2646 2974 2664 η
3032 2643 3043 2664 .
3367 2643 3376 2661 ν
3639 2645 3660 2664 η
3787 2646 3800 2663 .

456 2645 894 2724 condemnavit,
937 2657 1039 2711 aut
1078 2648 1186 2710 Dei
1217 2649 1647 2730 providentiam
1677 2651 2103 2732 reprehendit;

454 2735 558 2797 sed
590 2755 723 2798 cum
759 2738 941 2799 multa
975 2739 1259 2818 patientia
1288 2739 1588 2804 sustinuit.
1649 2739 1788 2803 Ideo
1831 2747 1890 2802 et
1938 2761 2104 2803 mor-

455 2830 621 2886 tuum
652 2825 820 2888 illum
853 2828 1049 2906 angeli
1090 2837 1506 2909 susceperunt.
1538 2828 1598 2892 Si
1631 2830 1792 2891 enim
1834 2849 2104 2892 murmu-

452 2925 616 2975 rator
647 2927 706 2976 et
736 2915 1118 2996 blasphemus
1167 2917 1401 2998 fuisset,
1456 2937 1575 2979 non
1630 2927 1790 2980 tanto
1849 2919 2100 2994 honore,

455 3020 649 3084 neque
679 3005 1030 3083 angelorum
1061 3009 1339 3069 comitatu
1369 3007 1585 3088 dignus
1632 3008 1868 3071 habitus
1917 3017 2102 3074 esset.

460 3111 490 3152 (
519 3091 763 3155 Factum
797 3102 884 3157 est
914 3105 1133 3171 autem,
1159 3096 1373 3178 inquit,
1410 3106 1475 3159 ut
1504 3107 1838 3161 moreretur
1869 3099 2106 3161 mendi-

453 3200 562 3244 cus
588 3190 645 3244 et
677 3191 1010 3264 portaretur
1037 3185 1109 3247 ab
1150 3187 1379 3266 angelis
1410 3187 1472 3248 in
1526 3186 1720 3250 sinum
1769 3187 2043 3252 Abrahae.
2077 3214 2099 3248 ι)

454 3269 564 3334 Vix
595 3273 916 3354 aliquando
945 3294 980 3336 a
1009 3294 1218 3356 magna
1251 3277 1612 3357 paupertatis
1641 3295 1709 3339 ac
1741 3277 1933 3340 morbi
1967 3297 2104 3360 pro-

452 3362 606 3424 cella
628 3363 916 3426 liberatus
949 3384 1175 3446 pauper
1201 3369 1458 3429 Lazarus
1479 3366 1541 3428 in
1574 3366 1955 3448 tranquillum
1974 3385 2107 3448 por-

452 3457 576 3514 tum
602 3454 888 3533 pervenit.
923 3453 1034 3527 Qui
1065 3455 1224 3518 enim
1258 3456 1319 3516 in
1349 3455 1470 3518 Deo
1503 3475 1639 3538 spes
1668 3475 1805 3519 suas
1855 3466 2102 3538 ponunt,

451 3540 524 3601 iis
555 3561 863 3622 pinnarum
894 3551 951 3606 et
973 3563 1376 3607 aerumnarum
1409 3545 1545 3608 ﬁnis
1571 3554 1663 3608 est
1707 3565 1778 3608 ex
1816 3547 1910 3608 his
1927 3548 2102 3610 terris

2189 2645 2308 2702 ἀλλ’
2369 2647 2485 2703 οὔτε
2542 2646 2660 2704 τινὰ
2717 2651 2821 2700 τῶν
2885 2643 3173 2723 ἀνθρώπων
3251 2643 3573 2724 κατέκρινεν,
3636 2645 3672 2711 ἣ
3745 2646 3848 2711 τὴν

2188 2736 2438 2814 πρόνοιαν
2498 2734 2778 2810 ἐμέμψατο
2845 2739 2936 2788 τοῦ
3008 2739 3163 2806 Θεοῦ,
3222 2731 3359 2788 ἀλλὰ
3417 2734 3552 2808 μετὰ
3634 2731 3847 2800 πολλῆς

2186 2829 2284 2891 τῆς
2346 2823 2656 2903 φιλοσοφίας
2711 2821 2974 2900 ἐκαρτέρει
3010 2837 3025 2852 ⁸
3098 2819 3182 2878 διὰ
3262 2832 3413 2881 τοῦτο
3485 2823 3574 2878 καὶ
3645 2821 3848 2878 ἀποθα-

2189 2914 2344 2970 νόντα
2392 2913 2548 2968 αὖτὸν
2593 2915 2639 2969 οἱ
2698 2909 2922 2990 ὂίγγελαι
2976 2908 3252 2990 ἐδέχοντο.
3300 2913 3359 2969 Εἰ
3402 2912 3501 2990 γὰρ
3528 2911 3596 2979 ἦν
3639 2933 3845 2990 γογγυ-

2193 3002 2324 3070 στὴς
2369 3003 2457 3059 καὶ
2485 3001 2825 3082 βλάσφημος,
2860 3002 2954 3057 οὒκ
3003 2998 3064 3055 ἂν
3120 3001 3381 3067 τοσαύτης
3423 3004 3585 3078 τιμῆς
3615 3001 3845 3080 ἠξιώθη,

2192 3093 2280 3148 καὶ
2330 3093 2429 3158 τῆς
2488 3092 2630 3170 παρᾶ
2671 3091 2778 3148 τῶν
2821 3088 3065 3168 ἀγγέλων
3116 3087 3442 3171 δορυφορίας.
3511 3111 3536 3146 α
3598 3088 3848 3168 Ἐγένετο

2189 3181 2313 3262 γὰρ,
2369 3181 2550 3261 φησὶν,
2603 3180 2892 3238 ἀποθανεῖν
2937 3180 2997 3235 τὸ
3053 3181 3277 3259 πτωχὸν
3333 3181 3423 3236 καὶ
3480 3179 3843 3260 ἀπενεχθῆναι

2187 3272 2290 3326 ὑπὸ
2358 3277 2464 3326 τῶν
2523 3267 2764 3348 ἀγγέλων
2810 3270 2883 3332 εἰς
2939 3269 3030 3325 τὸν
3081 3268 3282 3326 κόλπον
3341 3277 3433 3327 τοῦ
3491 3266 3758 3348 Ἀϐραάμ,
3811 3292 3839 3325 ι

2189 3358 2355 3424 Μόλις
2428 3361 2557 3418 ποτὲ
2601 3361 2708 3416 ἀπὸ
2751 3361 2849 3425 τῆς
2893 3356 3102 3425 πσλλῆς
3148 3357 3314 3428 ζάλης
3371 3357 3466 3425 τῆς
3530 3359 3712 3422 πενίας
3757 3359 3846 3414 καὶ

2185 3454 2284 3516 τῆς
2337 3450 2494 3508 νύσου
2565 3452 2593 3506 6
2667 3448 2832 3515 πένης
2906 3449 3142 3527 Λάζαρος
3217 3449 3414 3525 ῥυσθεὶς
3474 3449 3546 3512 εἷς
3617 3450 3706 3503 τὸν
3765 3445 3846 3504 εὖ·

2187 3536 2294 3595 διον
2326 3538 2445 3618 (68)
2503 3537 2695 3614 λιμένα
2748 3539 3080 3607 κατήντησε.
3128 3547 3257 3600 Τοῖς
3319 3537 3418 3615 γὰρ
3473 3538 3568 3601 τὰς
3629 3532 3844 3599 ἐλπίδας

452 3629 743 3710 migratio,
779 3640 842 3694 ut
872 3653 980 3696 nos
1010 3634 1184 3696 docet
1215 3633 1495 3697 Salomon
1521 3635 1731 3699 dicens
1753 3635 1942 3699 :aVisi
1966 3644 2103 3699 sunt

2191 3626 2368 3708 ἔχουσι
2428 3629 2569 3708 παρὰ
2631 3635 2707 3702 τῷ
2753 3633 2868 3702 Θεῷ
2929 3625 3053 3706 (69)
3097 3627 3417 3701 μετάστασις
3488 3627 3685 3703 γίνεται
3736 3633 3844 3682 τῶν

450 3720 638 3783 oculis
662 3722 1075 3804 insipientium
1100 3724 1248 3785 mori
1283 3732 1341 3786 et
1366 3725 1699 3787 existimata
1739 3734 1830 3788 est
1856 3727 2100 3788 afﬂictio

448 3810 710 3873 ransitus
730 3812 993 3889 illorum,
1033 3821 1091 3874 et
1123 3813 1282 3894 quod
1315 3833 1350 3876 a
1380 3815 1554 3877 nobis
1587 3823 1676 3877 est
1705 3815 1865 3878 inter
1895 3824 2098 3878 exter-

451 3898 841 3963 minium.llli
861 3911 1058 3965 autem
1089 3913 1224 3965 sunt
1247 3904 1310 3964 in
1342 3921 1505 3983 pace.
1550 3905 1784 3967 Etenim
1818 3906 1870 3967 si
1901 3924 2103 3968 coram

448 3988 794 4052 hominibus
821 4000 1112 4055 tormenta
1142 3993 1299 4072 passi
1331 4002 1490 4070 sunt,
1525 4013 1662 4076 Spes
1693 3995 1934 4056 illorum
1984 3997 2101 4057 im-

453 4079 810 4144 mortalitate
841 4081 1016 4161 plena
1039 4089 1190 4144 est.»
1215 4086 1399 4145 Datur
1429 4086 1587 4145 enim
1612 4085 1730 4146 illis
1747 4084 2105 4165 aequivalens

452 4168 646 4248 poenis
694 4170 1118 4233 consolationis
1158 4190 1458 4249 mensura,
1494 4172 1640 4246 imo,
1689 4175 1880 4253 major
1927 4192 2106 4255 quam

450 4273 556 4336 pro
605 4257 1061 4320 adversitatibus
1091 4259 1427 4322 retributio.
1489 4261 1657 4324 Decit
1705 4263 1866 4324 enim
1925 4261 2102 4326 Chri-

447 4351 614 4409 stus:
657 4373 684 4404 «
711 4346 1048 4410 Mensuram
1074 4348 1404 4412 confertam
1432 4358 1490 4412 et
1521 4350 1756 4431 plenam
1791 4349 2017 4412 dabunt
2046 4351 2108 4412 in

448 4434 649 4499 sinum
679 4446 962 4502 vestrum.
999 4462 1022 4496 ι)
1051 4438 1344 4504 Caeterum
1385 4449 1443 4502 et
1470 4442 1724 4502 Lazarus
1747 4459 1854 4521 per
1871 4449 2110 4502 sanctos

446 4527 689 4605 angelos
711 4529 1029 4591 translatus
1049 4535 1139 4590 est
1157 4529 1220 4590 in
1245 4529 1438 4600 sinum
1468 4529 2115 4611 Abrahae.Quicunque

451 4624 648 4677 autem
702 4635 996 4699 pauperes
1056 4627 1432 4681 murmurant
1477 4626 1536 4682 et
1590 4618 2010 4700 blasphemant
2061 4638 2120 4700 et

452 4703 840 4785 indignantur
895 4715 955 4769 et
1009 4707 1398 4788 impatienter
1449 4709 1650 4773 ferunt
1695 4717 2024 4788 egestatem
2072 4709 2118 4780 ii

451 4813 569 4856 non
602 4797 782 4859 modo
808 4815 840 4858 e
864 4797 963 4859 tali
991 4797 1178 4876 gloria
1201 4797 1483 4862 decident
1504 4805 1564 4859 et
1586 4797 1974 4875 aberrabunt,
2006 4798 2110 4861 sed

2183 3721 2361 3777 πόνων
2419 3721 2507 3776 καὶ
2563 3724 2846 3799 συμφορῶν
2917 3721 2950 3786 ἡ
3025 3717 3256 3775 ἐντεῦθεν
3314 3715 3609 3792 ἀποδημία,
3670 3717 3847 3779 καθὼς

2184 3813 2273 3866 καὶ
2316 3813 2344 3866 6
2390 3809 2644 3886 Σολομῶν
2676 3807 2905 3864 διδάσκει
2949 3807 3144 3887 λέγων,
3180 3805 3358 3872 ἔδοξαν
3392 3805 3514 3886 (70)
3545 3805 3599 3861 ἐν
3642 3805 3846 3885 ὀφθαλ-

2188 3913 2315 3976 μοῖς
2387 3900 2628 3979 ἀφρόνων
2698 3898 2960 3978 τεθνάναι,
3050 3899 3138 3953 καὶ
3207 3895 3452 3973 ἐλογίσθη
3521 3895 3756 3959 κάκωσις
3809 3897 3845 3963 ἡ

2184 3987 2354 4054 ἔξοδος
2412 3991 2606 4068 αὐτῶν,
2666 3990 2753 4044 καὶ
2808 3989 2842 4056 ἡ
2885 3987 2976 4069 ἀφ’
3033 3989 3189 4062 ἡμῶν
3257 3987 3442 4065 πορεία
3497 3985 3791 4064 σύννριμμα
3829 4000 3843 4014 ⁸

2186 4081 2232 4136 οἱ
2297 4077 2351 4134 δέ
2406 4079 2535 4135 εἰσιν
2594 4077 2648 4132 ἐν
2716 4079 2924 4158 εἰρήνῃ,
2973 4078 3070 4136 Καὶ
3114 4075 3214 4155 γὰρ
3258 4074 3312 4130 ἐν
3352 4074 3472 4150 ὄψει
3531 4073 3843 4154 ἀνθρώπων,

2189 4168 2276 4224 ἐὰν
2321 4166 2676 4241 κολασθῶσιν,
2734 4169 2768 4235 ἡ
2826 4167 2975 4231 ἐλπὶς
3036 4166 3208 4222 αὐτῶν
3265 4164 3546 4228 ἀθανασίας
3607 4162 3844 4242 πλήρης.

2195 4255 2398 4314 Δίδοται
2441 4258 2540 4335 γὰρ
2584 4261 2767 4320 αὐτοῖς
2815 4257 2933 4336 (71)
2989 4255 3178 4322 ἐπίσης
3211 4267 3329 4317 τοῖς
3388 4254 3572 4317 πόνοις
3623 4255 3684 4310 τὸ
3741 4253 3846 4329 μέ-

2191 4370 2312 4427 τρον
2341 4345 2436 4413 τῆς
2481 4345 2892 4426 παρακλήσεως,
2951 4343 3154 4421 μᾶλλον
3198 4341 3276 4420 δὲ,
3325 4345 3411 4400 καὶ
3467 4342 3679 4405 πλείους
3739 4343 3847 4398 τῶν

2193 4437 2369 4492 πόνων
2433 4437 2485 4490 αἱ
2539 4433 2778 4510 ἁμοιϐαί,
2853 4434 3007 4513 Λέγει
3079 4434 3178 4513 γὰρ
3224 4436 3252 4490 6
3307 4435 3556 4512 Χριστὸς,
3619 4430 3699 4487 ὅτι
3744 4431 3847 4508 μέ-

2198 4547 2320 4603 τρον
2379 4521 2509 4604 (72)
2565 4524 2916 4602 πεπιεσμένον
2974 4525 3062 4581 καὶ
3112 4522 3599 4603 ὑπερεκχυνόμενον
3654 4519 3848 4578 δώσου-

2199 4637 2282 4671 σιν
2327 4616 2401 4678 είς
2433 4615 2523 4670 τὸν
2553 4613 2753 4672 κόλπον
2783 4617 2954 4691 ὑμῶν.
3001 4615 3200 4670 Λοιπὸν
3249 4615 3337 4668 καὶ
3392 4614 3420 4668 6
3465 4611 3699 4688 Λάζαρος
3763 4607 3845 4666 διὰ

2197 4705 2303 4762 τῶν
2345 4703 2510 4783 ἁγίων
2581 4703 2822 4783 ἀγγέλων
2893 4704 3245 4774 ἀπενήνεκται
3305 4702 3378 4765 είς
3447 4701 3568 4764 τοὺς
3613 4699 3844 4763 κόλπους

2195 4803 2287 4853 τοῦ
2333 4793 2596 4875 ’Λϐραάμη
2651 4806 2779 4854 Οσοι
2823 4795 2877 4853 δὲ
2923 4796 3210 4876 γογγυσταὶ
3266 4801 3370 4851 τῶν
3430 4795 3697 4869 πενήτων,
3758 4793 3843 4848 καὶ

443 4883 684 4945 aeiernis
714 4885 905 4966 poenis
952 4895 1009 4948 et
1046 4889 1358 4951 tormentis
1404 4888 1736 4952 tradentur.
1772 4887 2105 4951 Audiamus

2193 4885 2526 4967 βλάσφημοι,
2597 4887 2685 4943 καὶ
2740 4885 3180 4965 ἀγανακτοῦντες,
3257 4885 3345 4940 καὶ
3415 4883 3844 4963 δυσχεραίνοντες

443 4973 543 5053 qui
565 4974 768 5036 miseri
792 4987 852 5036 et
879 4975 1151 5040 infelices
1169 4996 1395 5056 sumus,
1413 4996 1608 5058 neque
1641 4977 2025 5057 indignemur
2044 4978 2100 5039 si

2191 4977 2370 5044 ἐπὶτῆ
2413 4980 2588 5056 πενίᾳ,
2637 4977 2696 5032 οὺ
2737 4978 2898 5050 μόνον
2954 4980 3054 5043 τῆς
3111 4973 3364 5041 τοιαύτης
3421 4971 3575 5040 δόξης
3631 4973 3844 5029 ἀποπε-

444 5061 656 5144 inopes
686 5072 745 5126 et
771 5064 1118 5128 at'tlicti.Per
1147 5067 1363 5130 multas
1396 5066 1556 5131 enim
1589 5066 2006 5129 tribulationes
2042 5073 2102 5129 et

2191 5075 2398 5126 σοῦνται
2469 5066 2554 5120 καὶ
2628 5062 2752 5144 (73)
2835 5064 3319 5143 ἀποστοχήσωσιν,
3387 5059 3525 5117 ἀλλὰ
3581 5060 3667 5115 καὶ
3725 5071 3845 5123 ταῖς

529 5244 641 5315 (65)
682 5269 704 5301 ι
739 5247 837 5324 Καὶ
871 5245 948 5306 ἐν.
987 5268 1010 5302 ι)
1049 5243 1331 5307 Usitatius
1363 5246 1488 5308 fere
1516 5247 1569 5304 ἐν
1602 5245 1915 5308 omittitur.

2265 5243 2386 5324 (69)
2425 5266 2453 5306 ⁸(
2485 5242 2841 5324 Μεῖσὲστασις.
2879 5263 2909 5304 )
2943 5222 3131 5321 ἸΕγουν
3161 5238 3476 5324 ἀπαλλαγή,

527 5323 652 5405 (66)
713 5349 740 5383 α
775 5323 1115 5402 Ἀσυμπαθὴς
1145 5327 1210 5394 ἧν
1254 5329 1342 5383 καὶ
1371 5327 1699 5402 ἀμείλικτος.
1739 5352 1766 5383 ιο
1815 5327 1989 5402 Ecce,
2035 5333 2099 5388 ut
2267 5319 2391 5405 (³70)
2435 5347 2458 5382 s
2514 5323 2696 5388 Εδοξεν
2732 5345 2784 5401 ἓν
2817 5319 3140 5405 ὀφθαλμοῖς,
3177 5346 3201 5379 ε
3242 5319 3381 5405 Sap.
3411 5321 3594 5405 [ἰῇ-⁵2.

527 5349 652 5405 (00)
713 5349 740 5383 α
795 5349 1115 5402 Λσυμπαυης
1145 5350 1210 5394 ην
1254 5349 1342 5383 και
1371 5349 1699 5402 αμειΛικτος,
1739 5352 1766 5383 »
1816 5349 1989 5402 ncce,
2035 5349 2099 5388 υι
2307 5349 2391 5405 Ιυ)
2435 5349 2458 5382 ε
2515 5349 2696 5388 ιοοςεν
2732 5349 2784 5401 ιξν
2817 5349 2845 5380 ο
2885 5349 3140 5399 υαλμοις,
3177 5349 3201 5379 »
3242 5349 3381 5400 Bap.
3413 5349 3500 5395 ιιι,
3533 5349 3594 5384 2:.

447 5420 582 5487 mos
612 5423 719 5484 per
747 5415 945 5487 partes
976 5405 1234 5487 oratorie
1264 5407 1538 5487 explicet.
2262 5349 2390 5486 (⁵71)
2420 5427 2451 5468 (
2486 5405 2732 5487 Ἐπίσης.
2770 5428 2798 5460 ιι
2838 5349 2937 5466 §ic
2967 5404 3110 5465 dedi
3137 5421 3207 5466 ex
3236 5401 3370 5464 cod.
3407 5403 3470 5463 Β.
3510 5402 3575 5463 In
3599 5398 3736 5463 cod.
3766 5405 3840 5465 A.

529 5483 648 5566 {67)
686 5510 713 5541 α
748 5483 807 5542 ίΟ
840 5484 894 5542 δὲ
925 5486 1090 5566 πένης
1120 5483 1380 5566 Λάζαροξ.
1415 5508 1443 5548 ›
1479 5487 1669 5550 Etiam
1703 5487 1830 5551 haec
1861 5505 2093 5550 morum

2191 5483 2394 5566 vitiose
2427 5484 2810 5566 ενοιέπίσοις,

447 5561 673 5645 notatio
699 5566 853 5645 bene
884 5583 948 5629 se
980 5565 1178 5631 habet.
1268 5561 1276 5566 ⁷

2272 5565 2396 5645 (72)
2434 5591 2455 5623 o
2495 5565 2694 5645 Μέτρον
2726 5565 3126 5645 πεπιεσμένον,
3152 5589 3179 5621 »
3215 5563 3360 5626 Luc.
3393 5578 3476 5643 VI,
3510 5561 3607 5623 38.

511 5569 673 5625 itatio
699 5569 853 5626 bene
884 5583 948 5629 se
980 5569 1178 5631 habet.

530 5643 652 5722 (68)
694 5669 720 5700 α
764 5644 944 5704 anm
973 5646 1184 5723 λιμένα.
1249 5672 1276 5703 »
1337 5649 1522 5711 Bene,
1584 5651 1732 5713 Nam
1781 5655 1958 5714 antea
1986 5652 2100 5728 περὶ

511 5721 611 5782 λης
643 5722 892 5782 dixerat.

2272 5569 2367 5637 (7‘2
2434 5591 2455 5623 ιι
2495 5569 2694 5645 Μέτρον
2726 5569 3100 5643 πεπιεσμένον.
3152 5589 3179 5621 »
3215 5569 3360 5626 Luc.
3393 5578 3476 5643 VI,
3510 5569 3607 5623 38.

2270 5569 2396 5728 (73)
2436 5673 2463 5705 α
2492 5645 2996 5726 ’Λποστοχήσωσιν,
3032 5670 3055 5704 ι)
3089 5644 3268 5708 Forte
3297 5645 3716 5724 ἀστοχήσουσιν,

448 5723 611 5791 ζάλης
643 5723 892 5786 dixerat.
