4156 6376
249 421 405 488 1225
491 502 496 507 δ

1719 412 2153 485 ΟΒΆΤῙΟΝΕΒ

3477 415 3635 502 ιξρθ

240 561 474 624 αἰωνίαις
544 557 793 619 κολάσεσι
861 559 950 616 καὶ
1031 558 1307 637 τιμωρίαις
1393 556 1884 637 παραπεμφθήσον-

1971 544 2330 637 tentationes
2369 547 2604 623 oportet
2631 559 2742 609 nos
2779 543 3020 637 intrare
3045 546 3111 611 in
3136 563 3398 628 regnum
3434 553 3627 634 coelo-

241 668 352 709 ται.
409 639 710 725 Ἀκούωμεν
769 651 817 707 οἱ
873 646 1250 728 δυστυχοῦντες
1306 648 1394 704 καὶ
1450 645 1888 728 δυσπραγοῦντες,

241 739 331 795 καὶ
387 739 464 815 μὴ
520 739 904 817 ἀγανακτῶμεν
960 736 1242 813 πενόμενοι
1289 738 1378 793 καὶ
1415 733 1740 812 θλιϐόμενοι,
1794 735 1894 790 Διᾶ

241 827 342 907 γὰρ
371 826 584 885 πολλῶν
632 826 864 903 θλίψεων
906 828 994 884 καὶ
1037 831 1345 905 πειρασμῶν
1392 822 1477 882 δεῖ
1519 825 1664 901 ἡμᾶς
1716 821 1892 879 εἰσελ-

238 920 354 974 θεῖν
407 919 481 982 εἰς
530 918 630 986 τὴν
685 917 955 994 βασιλείαν
1009 922 1114 974 τῶν
1171 919 1400 996 οὐρανῶν
1461 933 1475 948 ⁶
1535 912 1792 977 πλούσιας
1838 909 1894 968 δὲ

237 1007 328 1063 καὶ
383 1014 587 1087 τρυφῶν
641 1006 908 1072 δυσκόλως
965 1005 1018 1064 ἐν
1076 1010 1209 1084 αὐτῇ
1265 1004 1636 1063 εἰσελεύσεται.
1701 1004 1761 1061 Εἰ
1815 1001 1893 1078 μὴ

239 1096 340 1175 γὰρ
393 1103 499 1154 τῶν
545 1094 796 1154 κινδύνων
846 1105 939 1155 τοῦ
985 1096 1099 1173 βίου
1144 1095 1330 1154 τούτου
1371 1095 1462 1152 καὶ
1515 1099 1621 1150 τῶν
1667 1090 1893 1167 θλίψεων

239 1183 622 1263 ἀπογεύσονται
671 1186 760 1242 καὶ
807 1188 854 1242 οἱ
911 1183 1174 1261 πλούσιοι,
1238 1190 1336 1252 τῆς
1393 1185 1534 1246 θείας
1581 1185 1725 1254 ζωῆς
1773 1201 1896 1237 κοι-

239 1279 477 1342 νωνῆσαι
534 1273 656 1355 (74)
705 1277 800 1334 οὒκ
842 1275 1051 1355 έχουσι.
1105 1273 1367 1354 Μακάριοι
1404 1271 1459 1328 δὲ
1501 1271 1591 1329 καὶ
1641 1272 1688 1327 οἰ
1723 1267 1896 1326 πλού-

239 1384 343 1421 σιοι
391 1367 437 1421 οἰ
483 1361 741 1428 κινδύνοις
789 1365 877 1421 καὶ
933 1375 1256 1443 πειρασμοῖς
1313 1362 1742 1441 περιπίπτοντες,
1802 1358 1890 1414 καὶ

236 1451 290 1509 ἐν
360 1466 483 1518 ταῖς
551 1450 1047 1529 ἐπισυμϐαινούσαις
1135 1463 1433 1532 συμφοραῖς
1514 1447 1888 1526 ὑπομένοντες,

231 1543 322 1598 καί
387 1547 694 1618 πεινῶντες,
766 1542 856 1599 καὶ
927 1538 1208 1618 διψῶντες,
1268 1541 1358 1597 καὶ
1410 1535 1734 1616 θλιϐόμενοι,
1797 1534 1886 1591 καὶ

231 1631 743 1711 στενοχωρούμενοι,
831 1631 920 1687 καὶ
1002 1633 1437 1710 εὐχαριστοῦντες
1523 1627 1576 1685 ἐν
1659 1624 1879 1684 ἅπασιν.

235 1697 346 1777 “Et:
571 1697 682 1777 ὀὖν
727 1697 832 1780 ὀὒκ
886 1719 1044 1796 ἐσμὲν
1066 1697 1339 1799 Νᾶκριϐεϊς
1396 1723 1500 1776 τῶν
1555 1714 1882 1800 πραγμάτων

1971 657 2130 702 rum.
2167 636 2343 700 Dives
2371 640 2572 697 autem
2605 643 2666 698 et
2691 635 2796 718 qui
2832 636 3065 704 ieliciis
3087 641 3274 704 atlfuit
3297 642 3542 709 difﬁcile
3563 645 3630 709 in

1971 729 2118 792 illud
2150 725 2417 790 intrabit.
2458 723 2586 788 Nisi
2637 726 2798 788 enim
2848 727 3027 808 hujus
3077 730 3216 794 vitae
3263 733 3531 815 pericula
3573 741 3634 800 et

1975 819 2338 884 tentationes
2369 825 2427 882 et
2458 817 2877 882 tribulatioues
2907 823 3272 898 gustaverint
3300 836 3362 888 et
3389 825 3630 904 divites,

1974 909 2191 972 divinae
2222 907 2377 970 illius
2421 905 2553 969 vitae
2605 907 2926 990 participes
2982 910 3114 973 ﬁeri
3173 931 3292 976 non
3325 920 3625 995 poterunt.

1975 998 2141 1062 Beati
2165 1015 2306 1060 vero
2339 1003 2400 1059 et
2429 995 2641 1059 divites
2671 997 2773 1078 qui
2798 997 2861 1060 in
2890 1000 3157 1080 pericula
3181 1009 3239 1065 et
3267 1004 3629 1069 tentationes

1974 1087 2268 1162 incidunt,
2284 1086 2419 1148 vitae
2435 1086 2777 1148 etmiserias
2788 1089 3090 1168 patienter
3109 1090 3333 1174 ferunt,
3361 1101 3420 1155 et
3435 1094 3629 1157 usuri-

1978 1186 2103 1252 unt,
2127 1185 2184 1240 et
2199 1177 2432 1258 sitiunt,
2466 1176 2880 1259 etaftlguntur,
2897 1186 2954 1240 et
2974 1186 3302 1257 arctautur,
3325 1189 3386 1244 et
3403 1183 3627 1260 gratias

1978 1274 2160 1346 agunt
2212 1265 2275 1327 in
2320 1263 2621 1327 omnibus.
2675 1266 2809 1329 Non
2859 1285 3066 1329 sumus
3115 1268 3311 1333 adhuc
3367 1271 3628 1334 accurati

1974 1373 2179 1418 rerum
2202 1353 2614 1434 inquisitores,
2633 1371 2829 1435 neque
2844 1355 3077 1434 judicia
3096 1357 3625 1442 Deipenetramus,

1973 1444 2077 1506 sed
2113 1463 2297 1506 unum
2328 1451 2555 1504 tantum
2610 1442 2766 1506 scire
2810 1443 3124 1520 debemus,
3173 1465 3393 1529 nempe
3422 1451 3623 1512 omnia

1973 1533 2048 1594 ad
2076 1541 2344 1595 nostram
2373 1531 2692 1593 utilitatem
2745 1550 2781 1595 a
2831 1534 2956 1597 Deo
2986 1534 3294 1600 distribui.
3327 1536 3391 1600 Si
3419 1544 3622 1601 autem

1966 1621 2126 1684 ferre
2156 1627 2564 1702 paupertatem
2594 1638 2987 1702 nequeamus,
3021 1630 3082 1686 et
3103 1624 3331 1687 idcirco
3352 1625 3626 1706 indigne-

1967 1729 2123 1786 mur,
2139 1709 2783 1773 audiamusDominum
2797 1711 3632 1795 dicentemzalnspicitevolas

231 1797 523 1889 ἐξετασταὶ,
589 1807 705 1869 οὐδὲ
761 1809 1092 1888 γινώσκομεν
1145 1797 1210 1864 τὰ
1258 1809 1486 1888 κρίματα
1537 1812 1692 1883 Θεοῦ,
1746 1798 1884 1858 ἀλλὰ

1971 1797 2091 1860 tilia
2107 1799 2266 1889 coeli;
2287 1817 2482 1880 neque
2505 1806 2732 1889 serunt,
2756 1818 2954 1880 neque
2975 1807 3229 1878 metunt,
3251 1821 3446 1884 neque
3469 1821 3617 1865 con-

235 1897 395 1972 μόνον
475 1877 662 1955 εἰδέναι
734 1877 1036 1976 ὀψείλομεν,
1123 1897 1203 1954 ὅτι
1272 1877 1445 1954 πάντα
1511 1890 1884 1976 συμφερόντως

1971 1877 2284 1967 gregantin
2303 1877 2547 1970 horrea,
2571 1895 2628 1950 et
2649 1887 2825 1950 Pater
2839 1877 3310 1953 nostercoeleslis
3328 1877 3616 1973 pascitea,

233 1987 369 2061 ἡμῖν
413 1985 616 2043 ἐκεῖθεν
663 1975 788 2066 (76)
839 1988 1220 2063 οἰκονομεῖται.
1275 1986 1333 2044 Εἰ
1376 1983 1430 2041 δὲ
1477 1983 1650 2064 φέρειν
1699 1982 1760 2038 ού
1789 1975 1882 2036 δυ·-

233 2074 461 2150 νάμετθα
503 2076 603 2143 τὴν
671 2076 879 2156 πενίαν,
948 2077 1037 2132 καὶ
1105 2073 1190 2134 διὰ
1253 2083 1406 2134 τοῦτο
1444 2073 1881 2156 ἀγανακτοῦμεν,

231 2161 542 2241 ἀκούσωμεν
614 2173 709 2224 τοῦ
764 2151 949 2244 Κυρίον
1007 2163 1257 2244 λέγοντος
1287 2183 1302 2199 ·
1357 2185 1384 2218 α
1444 2151 1778 2237 Ἐμϐλέψατε
1826 2155 1900 2218 εἰς
1951 2155 2018 2212 τὰ
2075 2157 2289 2214 πετεινὰ
2332 2167 2426 2217 τοῦ
2474 2161 2694 2237 ούρανοῦ
2745 2173 2760 2190 ⁸

531 2253 648 2310 οὔτε
703 2253 1014 2332 συνάγουσιν
1074 2256 1147 2318 εἰς
1214 2254 1312 2317 τὰς
1366 2253 1665 2325 ἀποθήκας,
1725 2246 1814 2305 καὶ
1868 2245 1896 2301 6
1920 2247 2100 2326 Πατὴρ
2127 2249 2283 2322 ἡμῶν
2314 2249 2341 2304 6
2370 2247 2606 2327 οὐράνιος
2658 2245 2832 2328 τρέφει
2862 2245 2994 2306 αύτά
3022 2271 3052 2305 3
3095 2267 3110 2282 '
3145 2247 3262 2308 οἶδε
3297 2249 3398 2330 γὰρ
3432 2251 3462 2308 6
3491 2253 3618 2308 Σω-

232 2254 452 2330 ρίζουσιν
462 2301 478 2334 ,

1967 1975 2089 2038 Scit
2120 1977 2282 2039 enim
2313 1975 2580 2040 Salvator
2607 1984 2815 2040 noster
2843 1976 3188 2044 benefactor
3213 1999 3324 2043 nos
3345 1981 3622 2044 omnibus

1965 2064 2235 2146 indigere
2257 2074 2316 2128 et
2338 2085 2446 2148 pro
2461 2067 2678 2129 animae
2698 2073 2918 2130 nostra
2933 2069 3394 2133 necessitatibus
3409 2071 3612 2136 donat.

2821 2157 2938 2216 οὔτε
2997 2161 3294 2239 σπείρουσιν
3349 2158 3469 2218 οὔτε
3523 2165 3616 2219 θε-

228 2343 328 2421 τὴρ
359 2333 514 2418 ἡμῶν
559 2343 649 2399 καὶ
696 2341 999 2422 εύεργέτης,
1047 2341 1128 2400 ὅτι
1177 2343 1362 2424 χρείαν
1391 2340 1593 2421 ἔχομεν
1638 2337 1876 2413 πάντων,
1897 2333 1986 2389 καὶ
2014 2335 2149 2391 κατὰ
2177 2337 2239 2391 τὸ
2268 2335 2526 2415 συμφέρον
2551 2341 2657 2424 τῆς
2687 2339 2872 2424 ψυχῆς
2900 2335 3100 2399 δίδωσι.

311 2453 340 2486 3
402 2429 658 2489 Ἀπέθανε
721 2452 747 2489 ι
795 2428 874 2511 δὲ,
920 2433 1073 2512 φησὶ,
1140 2452 1165 2488 α
1224 2431 1314 2488 καὶ
1369 2432 1398 2487 ὁ
1454 2429 1734 2500 πλούσιος,
1795 2426 1885 2484 καί

226 2518 424 2599 ἐτάφη.
483 2542 513 2576 »
565 2517 742 2583 Οὐδεὶς
792 2522 820 2576 6
869 2521 1272 2600 προηγούμενος
1321 2527 1415 2578 τοῦ
1464 2517 1737 2592 πλουσίου,
1788 2520 1883 2576 ού-

228 2606 331 2671 δεὶς
394 2611 423 2665 6
496 2607 814 2688 δορυφορῶν,
885 2609 1120 2690 καθάπερ
1189 2610 1280 2666 τὸν
1339 2609 1602 2688 Λάζαρον.
1662 2603 1884 2673 Ἐπειδή

229 2697 329 2777 γὰρ
359 2695 412 2754 ἐν
442 2704 520 2773 τῷ
549 2699 647 2774 βίῳ
703 2699 875 2773 τούτῳ
914 2697 1146 2762 πολλοὺς
1195 2698 1326 2779 ἔσχε
1379 2698 1502 2761 τοὺς
1533 2696 1881 2777 δορυφοροῦν-

229 2807 325 2851 τας
382 2789 410 2843 6
465 2786 716 2852 πλούσιος
765 2787 853 2844 καὶ
908 2787 1030 2851 τοὺς
1077 2788 1486 2868 θεραπεύοντας,
1542 2786 1697 2855 ἡνίκα
1758 2783 1877 2866 (77)

228 2877 318 2932 καὶ
369 2876 500 2956 πρὸς
548 2877 611 2932 τὸ
657 2874 810 2939 τέλος
856 2874 1069 2957 ἔφθασε,
1123 2877 1321 2955 γυμνὸς
1369 2877 1458 2934 καὶ
1505 2873 1705 2954 ἕρημος
1751 2875 1884 2936 πάν-

226 2985 334 3020 των
366 2965 576 3045 γέγονε,
629 2963 832 3041 μᾶλλον
871 2963 927 3020 δὲ
973 2968 1063 3022 καὶ
1107 2967 1242 3042 μετὰ
1285 2965 1386 3033 τὴν
1428 2966 1691 3045 βραχεῖαν
1737 2964 1882 3021 ἐκεί-

228 3075 326 3120 νην
378 3053 556 3110 ἄνεσιν
632 3054 790 3126 (ἅπας
857 3053 958 3133 γὰρ
1027 3055 1056 3111 6
1124 3055 1306 3134 παρὼν
1377 3055 1489 3132 βίος
1544 3054 1750 3134 βραχὺς
1805 3054 1884 3129 τῷ

227 3141 476 3220 μέλλοντι
533 3143 992 3224 συγκρινόμενος),
1041 3144 1115 3208 εἰς
1162 3144 1263 3211 τὴν
1318 3145 1532 3202 αἰωνίαν
1580 3145 1882 3214 κατήντησε

225 3230 471 3298 κόλασιν.
518 3240 784 3292 Σκοπεττε
840 3231 920 3311 δὲ,
976 3240 1092 3298 πῶς
1148 3233 1234 3292 ἐπὶ
1285 3243 1377 3293 τοῦ
1433 3231 1684 3294 πλουσίου
1738 3234 1881 3313 ταφὴ

226 3321 498 3405 τέτακται,
528 3325 704 3388 καθὼς
751 3326 780 3381 6
831 3320 990 3380 Δαϐἰδ
1033 3322 1203 3404 λέγει,
1253 3345 1282 3381 α
1333 3319 1434 3383 Καὶ
1488 3322 1622 3403 (78)
1651 3325 1698 3380 οἱ
1725 3323 1881 3403 τάφοι

227 3415 399 3471 αὐτῶν
431 3414 586 3470 οἰκίαι
618 3415 691 3478 εἰς
721 3413 811 3471 τόν
847 3415 1034 3474 αἰῶνα.
1090 3438 1120 3470 3
1178 3413 1411 3477 Θάνατος
1439 3413 1538 3492 γὰρ
1565 3425 1685 3477 τοῖς
1716 3412 1883 3470 ἀπανα-

226 3501 452 3581 θρώποις
523 3503 612 3560 καὶ
681 3503 978 3580 ὠμοτάτοις
1049 3502 1320 3567 πλουσίοις
1386 3503 1447 3558 τὸ
1501 3499 1879 3581 ἀπαλλαγῆναι

227 3599 321 3650 τοῦ
349 3612 596 3668 σωματος
629 3610 647 3629 ⁸
699 3591 1026 3673 ἀπέρχονται
1079 3592 1179 3672 γὰρ
1229 3591 1291 3648 ἐκ
1338 3595 1537 3671 τρυφῆς
1585 3592 1658 3654 εἰς
1707 3589 1880 3648 κόλα-

226 3699 334 3760 σιν,
364 3678 425 3735 ὲα
467 3677 620 3748 δόξης
670 3681 743 3745 εἰς
789 3681 1026 3762 ἀτιμίαν,
1074 3681 1136 3739 ἐκ
1175 3683 1349 3763 φωτὸς
1397 3682 1470 3744 εἰς
1518 3680 1737 3746 σκότος.
1782 3679 1881 3736 Διά

225 3777 381 3828 τοῦτο
410 3769 591 3850 εἶπεν,
641 3769 723 3827 ὅτι
773 3770 942 3852 ἐτάφη
1006 3786 1022 3802 ⁰
1073 3769 1274 3846 δηλῶν,
1322 3773 1396 3836 ὡς
1447 3772 1483 3839 ἡ
1534 3771 1690 3851 ψυχὴ
1723 3773 1881 3830 αὐτοῦ

223 3859 319 3914 τὸν
345 3858 655 3916 κατώτατον
699 3860 789 3916 καὶ
834 3858 1048 3941 ζοφώδη
1091 3860 1253 3917 τόπον
1301 3857 1520 3940 ἔλαχεν.
1579 3855 1747 3915 Ἀλλὰ
1792 3858 1882 3915 καὶ

222 3944 313 4003 ὅτε
360 3942 453 4019 ’έζη
501 3950 528 4004 6
574 3946 851 4022 πλούσιος,
900 3951 975 4013 ὡς
1018 3949 1072 4007 ἐν
1118 3951 1355 4026 μνήματι
1400 3947 1878 4029 κατορωρυγμένην

220 4036 352 4118 εἶχε
379 4035 478 4104 τὴν
527 4035 657 4094 ἰδίαν
703 4039 914 4119 ψυχὴν,
968 4039 1083 4097 άντί
1130 4039 1299 4118 τάφου
1342 4039 1402 4094 τὸ
1451 4043 1607 4106 σῶμα
1654 4037 1878 4117 περιφέ-

219 4147 350 4206 ρων.
406 4125 504 4182 Διὰ
549 4134 704 4184 τοῦτο
747 4129 836 4184 καὶ
892 4129 921 4183 6
973 4128 1234 4208 μακάριος
1295 4123 1456 4183 Δαϐὶδ
1508 4125 1652 4205 λέγει
1713 4141 1729 4157 ⁸
1789 4126 1880 4194 Μὴ

218 4213 385 4295 φοϐοῦ
419 4213 569 4296 (79),
625 4213 752 4272 ὅταν
800 4215 1078 4296 πλουτήσῃ
1128 4217 1428 4298 ἅνθρωπος,
1480 4215 1516 4285 ἣ
1573 4213 1698 4274 ὅταν
1728 4214 1880 4283 πλη-

2052 2445 2081 2478 α
2115 2426 2380 2486 Mortuus
2402 2430 2516 2499 est,
2545 2423 2763 2504 inquit,
2793 2432 2850 2486 et
2871 2424 3058 2500 dives,
3089 2432 3148 2488 et
3167 2425 3436 2508 sepultus
3457 2434 3568 2492 est.
3587 2448 3613 2487 ι

1964 2509 2150 2572 Nemo
2181 2511 2424 2575 divitem
2460 2512 2767 2593 praecedit,
2807 2532 2984 2576 nemo
3017 2531 3155 2577 eum
3178 2515 3520 2591 comitatur,
3551 2523 3618 2578 ut

1967 2603 2272 2664 Lazarum.
2331 2604 2651 2682 Postquam
2708 2602 2870 2665 enim
2928 2603 2992 2664 in
3051 2605 3163 2666 hac
3217 2605 3340 2666 vita
3401 2605 3621 2667 multos

1966 2690 2256 2753 satellites
2287 2698 2346 2752 et
2375 2689 2736 2753 domesticos
2783 2689 2992 2754 habuit
3038 2692 3227 2768 dives,
3274 2694 3512 2774 quando
3543 2693 3620 2756 ad

1967 2778 2147 2841 ﬁnem
2182 2780 2468 2860 pervenit,
2504 2780 2699 2842 nudus
2729 2789 2787 2842 et
2816 2779 3094 2842 omnibus
3125 2781 3397 2844 desertus
3425 2782 3617 2844 factus

1966 2876 2079 2949 est,
2111 2868 2232 2930 imo
2264 2869 2442 2931 etiam
2497 2876 2627 2949 post
2673 2868 2853 2931 breve
2903 2870 3018 2932 hoc
3050 2869 3243 2932 otium
3275 2873 3424 2949 (tota
3455 2870 3618 2933 enim

1964 2976 2228 3039 praesens
2279 2959 2396 3019 vita
2449 2957 2647 3021 brevis
2696 2966 2788 3020 est
2836 2958 3052 3021 futurae
3110 2965 3494 3040 comparata),
3549 2959 3614 3022 in

1965 3053 2217 3110 aeternas
2251 3065 2454 3127 poenas
2493 3047 2790 3128 pervenit.
2822 3045 3030 3110 Videte
3075 3054 3274 3110 autem
3322 3048 3620 3130 quomodo

1964 3135 2161 3198 divitis
2191 3136 2497 3216 sepultura
2515 3136 2892 3217 disponatur,
2913 3138 3083 3217 juxta
3104 3137 3343 3199 Davidis
3363 3156 3570 3199 vocem
3602 3154 3618 3200 :

1970 3247 1998 3281 α
2028 3224 2316 3305 Sepulcra
2347 3242 2577 3300 eorum,
2610 3226 2822 3288 domus
2872 3224 3110 3287 illorum
3144 3227 3204 3286 in
3236 3233 3551 3289 aeternum.
3585 3245 3617 3288 ι

1962 3315 2124 3377 Mors
2154 3321 2246 3375 est
2275 3311 2436 3374 enim
2484 3312 2825 3374 inhumanis
2859 3320 2919 3374 et
2944 3313 3382 3376 crudelissimis
3413 3313 3620 3377 diviti-

1963 3400 2078 3465 bus
2110 3420 2145 3462 a
2173 3419 2423 3482 corpore
2454 3401 2740 3482 separari.
2764 3401 3003 3464 Abeunt
3025 3401 3188 3464 enim
3214 3420 3284 3463 ex
3309 3401 3542 3465 deliciis
3561 3402 3624 3464 in

1963 3491 2363 3570 punitionem,
2398 3508 2468 3552 ex
2499 3490 2688 3569 gloria
2707 3491 2768 3552 in
2794 3490 3080 3567 dedecus,
3105 3509 3177 3553 ex
3201 3491 3336 3552 luce
3362 3491 3424 3552 in
3448 3499 3621 3553 tene-

1961 3579 2122 3645 bras.
2156 3579 2409 3660 Propter
2436 3579 2552 3640 hoc
2582 3578 2730 3641 dicit
2758 3579 2925 3641 illum
2981 3579 3288 3660 sepultum
3319 3597 3478 3660 esse,
3511 3597 3616 3641 os-

1962 3669 2216 3732 tendens
2237 3669 2370 3748 ejus
2385 3671 2640 3729 animam
2657 3667 2931 3729 infimum
2950 3676 3007 3730 et
3024 3667 3408 3729 tenebrosum
3425 3668 3623 3730 locum

1962 3758 2234 3821 sortitam
2262 3774 2415 3819 esse.
2472 3755 2590 3819 Sed
2635 3756 2811 3818 etiam
2865 3756 3101 3838 quando
3158 3757 3393 3820 vivebat
3422 3757 3614 3834 dives,

1964 3846 2268 3928 propriam
2296 3846 2555 3908 animam
2587 3852 2868 3927 tanquam
2899 3846 2961 3907 in
2995 3855 3384 3908 monumento
3416 3846 3622 3909 delos-

1961 3955 2089 3998 sam
2119 3934 2376 3998 habebat
2408 3953 2513 4015 pro
2567 3937 2844 4014 sepulcro
2901 3954 3123 4016 corpus
3153 3934 3615 3998 circumferens.

1962 4025 2104 4089 ldeo
2135 4024 2341 4088 beatus
2371 4022 2565 4087 David
2595 4023 2741 4085 dicit
2765 4043 2781 4088 :
2804 4021 2934 4087 «Ne
2961 4024 3260 4100 timueris,
3293 4043 3431 4086 cum
3459 4025 3626 4087 dives

1962 4115 2151 4177 factus
2203 4112 2387 4176 fuerit
2437 4112 2646 4187 homo,
2701 4119 2762 4174 et
2812 4132 2947 4174 cum
3001 4112 3402 4193 multiplicata
3449 4112 3632 4176 fuerit

1963 4205 2152 4284 gloria
2180 4202 2392 4264 domus
2419 4201 2552 4281 ejus
2580 4218 2598 4277 ;
2661 4201 2942 4282 quoniam
2975 4220 3115 4265 cum
3153 4201 3472 4277 interierit,
3505 4219 3629 4265 non

221 4306 426 4373 θυνθείη
454 4307 490 4374 ἡ
539 4303 662 4372 δόξα
704 4315 798 4366 τοῦ
853 4307 1007 4365 οἴκου
1053 4312 1236 4389 αὐτοῦ,
1283 4305 1364 4364 ὅτι
1412 4310 1508 4366 οῦκ
1556 4304 1608 4363 ἐν
1638 4312 1716 4382 τῷ
1743 4305 1884 4362 ἀπο-

1971 4294 2199 4356 auferet
2236 4291 2461 4367 omnia,
2511 4309 2706 4372 neque
2748 4290 3079 4355 descendet
3112 4309 3250 4389 cum
3301 4308 3384 4389 eo_
3437 4290 3628 4389 gloria

222 4395 470 4466 θνήσκειν
528 4396 684 4454 αὒτὸν
739 4395 972 4473 λήψεται
1042 4397 1110 4453 τὰ
1178 4397 1375 4478 πάντα,
1435 4392 1552 4454 οὐδὲ
1607 4417 1884 4474 συγκατα-

1971 4384 2123 4463 ejus.
2142 4407 2170 4440 ι
2185 4381 2295 4444 Hic
2315 4380 2476 4443 enim
2497 4379 2699 4442 omnia
2710 4379 3017 4460 relinquit,
3033 4386 3091 4441 et
3109 4378 3254 4440 inde
3267 4378 3462 4440 nudus
3474 4378 3622 4455 abit,

1988 4479 2030 4492 _‘
2061 4479 2077 4492 ι
2097 4491 2102 4492 ,
2120 4489 2151 4492 Α-
2169 4489 2201 4492 __
2227 4469 2366 4492 -,,.2_
2385 4476 2468 4492 ι..-
2484 4468 2640 4492 Δῖι--..
2709 4489 2719 4492 -
2744 4470 3007 4492 ιι-..ι-----
3035 4474 3117 4492 Α-..
3145 4475 3335 4492 ---ιΑμ
3365 4474 3415 4492 ,ι
3436 4467 3596 4492 .12----

224 4480 447 4554 6ήσεται
513 4488 657 4560 αὒτῷ
711 4487 748 4554 ἡ
830 4467 953 4552 δόξα
1023 4490 1201 4548 αύτοῦ.
1255 4467 1510 4546 Ἐνταῦθα
1563 4485 1663 4564 γὰρ
1687 4467 1884 4541 ’πάντα

1977 4479 2038 4535 et
2061 4469 2368 4534 tormentis
2385 4468 2661 4564 traditur.
2689 4470 3008 4564 (“Mortuus
3024 4474 3119 4564 est
3143 4475 3339 4564 autem
3360 4474 3417 4528 et
3431 4467 3619 4564 dives,
3651 4535 3656 4540 ,

224 4555 641 4655 καταλιμπάνει,
708 4574 797 4631 καὶ
867 4575 1066 4655 γυμνὸς
1139 4574 1340 4632 ἐκεῖθεν
1413 4555 1734 4654 ἀπέρχεται,
1802 4573 1884 4630 καί

1976 4569 2035 4624 et
2063 4560 2340 4655 sepultus
2351 4564 2464 4655 est.
2501 4581 2530 4614 ι»
2563 4555 2877 4655 Mendicus
2900 4556 3142 4638 quidem
3166 4555 3387 4617 dicitur
3413 4555 3630 4655 deces-

223 4666 294 4738 τῇ
319 4643 536 4718 κολάσει
580 4643 948 4744 πάραδίδοτάιξ
1003 4686 1032 4721 α
1079 4662 1338 4722 Ἀπέθανε
1395 4661 1449 4718 δὲ
1637 4665 1666 4720 6
1716 4643 1884 4720 πλού-

1976 4649 2151 4730 sisse,
2174 4645 2370 4710 exsilii
2401 4652 2673 4725 tempore
2699 4646 2968 4727 impleto,
2990 4652 3362 4744 commutans
3385 4663 3489 4726 pro
3508 4643 3627 4708 vita

222 4732 336 4816 σιος
368 4753 458 4809 καὶ
487 4732 683 4835 ἐτάφη..
723 4777 752 4811 3
803 4745 860 4813 Ὀ
908 4754 1004 4832 μὲν
1051 4756 1273 4835 πτωχὸς
1305 4751 1619 4821 τελευτῆσαι
1650 4751 1884 4834 λέγεται,

1974 4737 2304 4802 secundum
2327 4751 2570 4797 carnem
2601 4733 2974 4814 spiritualem
2995 4733 3204 4798 vitam.
3226 4732 3404 4796 Dives
3424 4740 3622 4796 autem

214 4841 308 4896 τὸν
352 4842 548 4923 χρόνον
599 4821 706 4911 ἱτῆς
751 4821 962 4913 πλάντλς
1018 4821 1334 4923 πληρῶσας,
1387 4845 1476 4900 καὶ
1525 4821 1884 4925 πεταλλάξας,

1975 4829 2038 4892 ἱη
2069 4825 2484 4889 incredulitate
2528 4823 2864 4886 immoritur
2915 4829 2976 4886 et
3005 4822 3234 4886 interit.
3275 4846 3304 4880 α
3329 4821 3403 4884 Et
3433 4825 3494 4885 in
3523 4822 3625 4925 in-

214 4911 479 5000 ἆντιὶτέῆς
535 4933 677 4991 κατὰ
720 4935 890 5013 σάρκα
921 4911 1078 5012 ήξωῇς
1122 4911 1226 5002 τὴν
1273 4911 1637 5008 πνευματικήν
1683 4947 1698 4963 ⁸
1755 4934 1783 4988 6
1833 4911 1884 4989 δέ

1971 4918 2134 4981 ferno
2166 4917 2404 4980 elevans
2435 4915 2639 4978 oculos
2669 4933 2831 4996 suos,
2863 4933 3000 4977 cum
3031 4922 3190 4977 esset
3213 4915 3278 4974 in
3308 4911 3624 4975 tormentis

1964 5007 2116 5073 vidit
2143 5004 2449 5068 Abraham
2475 5023 2509 5066 a
2536 5005 2733 5085 longe,
2769 5009 2829 5065 et
2854 5002 3140 5066 Lazarum
3188 5004 3253 5064 in
3282 5003 3416 5065 sinu
3448 5003 3624 5083 ejus;

1967 5107 2030 5161 et
2048 5097 2181 5178 ipse
2210 5095 2475 5158 clamans
2505 5093 2650 5157 dixit
2680 5113 2700 5155 :
2753 5092 2932 5156 Pater
2975 5092 3303 5168 Abraham,
3337 5091 3631 5154 miserere

1969 5184 2088 5248 mei
2117 5191 2177 5248 et
2207 5185 2380 5247 mitte
2400 5187 2704 5259 Lazarum,
2727 5191 2792 5244 ut
2815 5182 3067 5262 intingat
3087 5190 3423 5245 extremum
3450 5178 3628 5260 digiti

1968 5275 2064 5338 sui
2090 5273 2156 5336 in
2183 5289 2398 5356 aquam
2451 5279 2511 5336 et
2558 5271 2876 5353 refrigeret
2921 5272 3180 5351 linguam
3230 5285 3452 5356 meam,
3487 5269 3627 5352 quia

214 5013 470 5085 πλούσιος
526 5027 597 5091 τῆ
670 5021 887 5097 ἀπιστίᾳ
958 5023 1276 5104 νενέκρωται
1344 5022 1434 5078 καὶ
1502 5019 1881 5081 τεθανάτωται.

229 5124 255 5162 α
331 5111 430 5166 Καὶ
501 5109 554 5169 ἐν
622 5119 700 5189 τῷ
759 5111 860 5192 ᾅδῃ
915 5113 1112 5194 ἐπάρας
1181 5113 1308 5178 τοὺς
1366 5109 1668 5193 ὀφθαλμοὺς
1726 5113 1886 5170 αὐτοῦ

219 5194 478 5284 ὑπάρχων
529 5199 586 5256 ἒν
646 5199 918 5282 ϐασάνοις,
991 5205 1087 5284 ὁρᾷ
1153 5205 1246 5262 τὸν
1303 5200 1547 5278 Ἀϐραὰμ
1601 5199 1708 5257 ἀπὸ
1771 5221 1884 5276 μα-

219 5282 430 5366 κρόθεν,
493 5290 583 5346 καὶ
639 5291 874 5372 Λάζαρον
931 5292 985 5351 ἐν
1025 5282 1163 5358 -τοτς
1216 5291 1439 5356 κόλποις
1495 5294 1656 5350 αὐτοῦ
1721 5308 1738 5324 ⁸
1794 5290 1885 5347 καὶ

222 5373 383 5440 αὒτὸς
430 5379 682 5454 φωνήσας
729 5381 856 5441 εἷπε
907 5398 923 5415 ⁸
974 5381 1148 5464 Πάτερ
1195 5379 1462 5463 Ἀϐραὰμ,
1520 5378 1742 5450 ἐλέησόν
1789 5399 1885 5460 με»

2057 5546 2246 5628 (77)(
2282 5533 2465 5628 Ἠνίκα
2488 5545 2600 5628 καὶ.
2635 5561 2669 5607 3
2699 5544 2801 5604 Καί
2845 5541 2962 5607 hoc
3007 5542 3140 5608 loco
3183 5539 3381 5608 omitti
3432 5545 3632 5628 potest

1967 5623 2322 5703 auctoritate
2351 5623 2488 5688 cod.
2518 5623 2590 5689 B.

2056 5708 2188 5792 (13)
2219 5728 2249 5762 α
2284 5707 2383 5792 ira:
2411 5706 2732 5792 auratac”
2745 5701 3170 5792 _l?sa1_._n.vm,
3200 5701 3302 5768 12.

2055 5781 2176 5871 (πο)
2205 5804 2240 5850 ε
2271 5785 2362 5856 Μὴ
2389 5781 2582 5865 φοϐοῦ.’
2612 5807 2640 5843 ι
2673 5782 2858 5863 ibid.,
2888 5783 2993 5850 ιτ.

309 5551 441 5643 (Ζ
482 5577 508 5613 α
541 5559 649 5617 Οῦκ
677 5559 886 5643 ἔχουσι.
901 5567 954 5643 ξ
985 5560 1210 5638 Malim,
1232 5562 1346 5643 ,οὐχ
1373 5559 1567 5643 ἕξουσι,

309 5584 418 5634 (μι-
482 5584 508 5613 u
541 5584 649 5617 υυκ
678 5584 703 5617 ε
749 5584 886 5624 ουσι.
921 5584 953 5619 3
985 5584 1210 5638 manu],
1241 5584 1346 5643 ουχ
1373 5584 1567 5629 εςουσι.

225 5584 650 5797 eo;
679 5584 793 5706 οξν.
831 5665 863 5701 3
893 5639 996 5707 Sic
1014 5640 1250 5708 correxi
1270 5659 1380 5726 pro
1404 5642 1491 5702 ἐπὶ
1505 5640 1620 5726 οὖν,
1647 5636 1807 5724 quod
1827 5637 1891 5704 in

306 5759 800 5888 555E410“.
839 5777 1235 5888 ι-νΗγουνᾼάπὸ
1256 5809 1352 5864 τοῦ
1382 5809 1540 5868 Θεοῦ,

2061 5856 2167 5871 “’
2403 5856 2416 5865 ’
2838 5856 2853 5863 ⁷
3308 5856 3391 5925 39

1968 5367 2204 5432 crucior
2224 5355 2290 5426 in
2305 5363 2420 5426 hac
2440 5363 2702 5427 ﬂamma.
2729 5385 2759 5421 ι
2783 5363 3038 5425 Lazarus
3060 5358 3308 5442 quidem
3329 5355 3628 5441 insupre-
3741 5446 3744 5448 γ
