4156 6386
548 414 701 481 i227

1617 410 1673 478 εἰ.
1720 412 2111 478 XIPHILINI
2154 412 2269 477 GP.
2314 409 2832 476 PATRIARGHzE

3760 410 3788 474 1
3800 404 3933 473 228

542 567 682 612 nam
705 547 993 612 elevation
1003 563 1097 611 em
1116 546 1274 610 venit
1306 566 1321 623 ;
1343 545 1507 609 dives
1526 552 1725 610 autem
1745 546 1804 607 in
1822 544 2181 627 profundis-
2203 603 2204 607 η

2291 547 2354 604 ιαὶ
2401 545 2615 622 πέμψον
2668 544 2927 623 Λάζαρον,
2978 542 3070 599 ἵνα
3124 542 3274 620 βάψῃ
3334 544 3397 600 16
3452 541 3609 624 ἄκρον
3665 553 3758 602 τοῦ
3822 541 3935 598 δα-

545 638 763 701 simum
793 637 1160 700 barathrum.
1195 635 1326 699 Non
1349 637 1607 700 Lazarus
1623 635 1771 698 vidit
1792 634 2058 699 divitem.
2078 635 2191 708 Qui

547 727 706 789 enim
737 724 801 787 in
834 725 969 789 luce
999 733 1163 801 sunt,
1217 743 1320 788 eos
1350 725 1451 806 qui
1490 733 1648 787 stant
1675 726 1738 786 in
1772 723 2038 787 tenebris
2071 743 2191 786 non

544 814 867 896 aspiciunt,
900 814 1008 876 sed
1055 814 1219 876 dives
1269 813 1551 877 Lazarum
1604 813 1783 889 videt,
1838 813 1942 895 qui
1971 821 2098 876 erat
2128 812 2191 875 in

545 904 681 966 sinu
708 903 985 980 Abrahae,
1018 909 1084 965 ut
1113 922 1184 965 eo
1217 903 1403 981 magis
1452 903 1770 967 crucietur.
1819 903 1964 966 Cum
1994 918 2190 982 angu-

547 992 829 1056 stiaretur
859 993 1025 1054 dives
1040 999 1098 1055 et
1121 991 1467 1055 terribiliter
1487 992 1622 1071 igne
1642 992 2030 1073 cruciaretur,
2058 1011 2190 1071 sup-

548 1081 767 1171 plicem
797 1100 1011 1171 vocem
1037 1082 1110 1144 ad
1139 1081 1440 1171 Abraham
1474 1081 1625 1171 tollit
1655 1081 1904 1145 dicens:
1962 1102 1986 1138 ι
2020 1079 2195 1141 Pater

546 1170 876 1249 Abraham,
909 1171 1202 1233 miserere
1234 1170 1375 1247 mei,
1410 1177 1467 1233 et
1497 1170 1662 1232 mitte
1695 1172 1980 1233 Lazarum
2013 1175 2078 1231 ut
2108 1171 2195 1231 in-

550 1259 734 1338 tingat
760 1266 1090 1322 extremum
1121 1259 1288 1338 digiti
1312 1258 1405 1322 sui
1440 1259 1503 1320 in
1553 1278 1767 1341 aquam
1794 1267 1852 1322 et
1880 1258 2196 1338 refrigeret

547 1346 808 1428 linguam
835 1366 1050 1425 meam,
1071 1348 1209 1429 quia
1231 1347 1466 1411 crucior
1486 1348 1549 1409 in
1568 1348 1680 1410 hac
1702 1350 1964 1411 flamma.
1994 1371 2016 1405 ο
2041 1346 2196 1428 Apta

552 1455 699 1501 sane
720 1437 906 1500 verba
933 1438 1007 1499 ad
1055 1436 1352 1500 Abraham
1406 1436 1469 1498 in
1523 1438 2108 1500 commiserationem
2138 1441 2198 1496 et

549 1526 808 1607 gemitus
836 1526 1278 1608 attrahendum,
1310 1525 1417 1588 sed
1470 1533 1667 1588 tanem
1726 1544 1803 1588 ne
1833 1525 1921 1588 sic
1951 1524 2195 1607 quidem

550 1614 831 1678 auxilium
866 1615 1115 1679 invenit.
1150 1614 1552 1697 Inopportuna
1574 1615 1734 1678 enim
1757 1624 1884 1678 erat
1902 1612 2192 1689 invitatio,

551 1702 746 1784 primo
776 1702 1019 1784 quidem
1068 1709 1314 1784 propter
1357 1702 1781 1765 intermedium
1828 1702 2193 1777 barathrum,

552 1790 773 1854 deinde
802 1799 1047 1872 propter
1074 1792 1340 1854 dolores.
1399 1816 1428 1847 α
1479 1792 1752 1856 Clamans
1781 1799 1977 1853 autem
2008 1789 2192 1851 dixit:

2273 634 2466 692 κτύλου
2511 637 2667 693 αὐτοῦ
2722 631 2932 696 ὕδατος.
2979 634 3068 689 καὶ
3108 632 3384 711 καταψύξῃ
3432 656 3534 709 μου
3582 634 3681 700 τὴν
3736 631 3938 711 γλῶσ-

2273 746 2394 797 σαν,
2427 721 2507 779 ὅτι
2538 721 2800 797 ὀδυνῶμαι
2849 722 2903 777 ἐν
2952 727 3021 799 τῇ
3067 720 3224 801 φλογὶ
3265 724 3453 798 ταύτῃ,
3510 745 3538 777 n
3590 713 3647 780 ιΟ
3681 721 3776 797 μὲν
3811 720 3940 779 Λά-

2272 818 2427 892 ζαρος
2485 813 2558 875 εἷς
2616 810 2749 886 ὕψος
2807 809 2964 878 ἦλθεν
3021 810 3333 890 ὑπέρτατον,
3382 813 3410 867 6
3448 808 3504 867 δὲ
3551 810 3801 874 πλούσιος
3859 811 3937 871 εἰς

2273 902 2412 980 χάος
2458 900 2770 977 βαθύτατον,
2822 903 2939 979 Οὐχ
2986 901 3014 954 6
3073 900 3306 979 Λάζαρος
3354 897 3467 956 εἶδε
3516 900 3605 956 τὸν
3647 897 3938 960 πλούσιον.

2275 992 2335 1047 Οἱ
2363 991 2462 1069 γὰρ
2511 989 2564 1045 ἐν
2614 994 2691 1063 τῷ
2737 989 2869 1068 φωτὶ
2921 988 3043 1051 τοὺς
3092 986 3146 1042 ἒν
3196 988 3371 1045 σκότει
3426 989 3658 1052 ἑστῶτας
3709 989 3767 1045 οὗ
3797 986 3939 1064 βλέ-

2274 1100 2461 1137 πουσιν
2493 1094 2509 1111 °
2544 1075 2665 1133 ἀλλ’
2714 1080 2742 1133 6
2790 1076 3038 1140 πλούσιος
3087 1077 3177 1133 τὸν
3228 1079 3465 1157 Λάζαρον
3512 1074 3694 1155 βλέπει
3726 1077 3778 1135 ἒν
3810 1089 3939 1138 τοῖς

2274 1165 2499 1231 κόλποις
2567 1164 2693 1223 ὄντα
2748 1175 2843 1223 τοῦ
2901 1162 3161 1244 Ἀϐραάμ,
3219 1166 3309 1221 ἵνα
3359 1166 3612 1242 μειζόνως
3660 1165 3938 1244 κατατρύ-

2276 1277 2466 1335 χητσι,
2520 1252 2609 1311 Ἐν
2657 1254 2940 1334 ἀμηχανίᾳ
2984 1254 3086 1311 τινὶ
3136 1253 3211 1311 ὢν
3262 1256 3289 1310 6
3345 1253 3623 1330 πλούσιος,
3683 1256 3773 1311 καὶ
3831 1251 3943 1309 δει-

2278 1351 2379 1408 νῶς
2411 1343 2934 1422 ἀποτηγανιζόμενος
2988 1342 3113 1424 (80)
3161 1344 3426 1423 ἱκετηρίαν
3478 1356 3619 1401 κινετ
3661 1345 3793 1423 πρὸς
3844 1344 3942 1399 τὸν

2278 1430 2522 1513 ’Λϐραὰμ
2592 1431 2764 1513 λέγων
2828 1451 2841 1465 ·
2910 1454 2937 1488 α
3002 1432 3172 1511 Πάτερ
3230 1430 3493 1512 Ἀϐραὰμ,
3551 1431 3768 1499 ἐλέησόν
3844 1432 3941 1511 με,

2274 1524 2364 1580 καὶ
2391 1523 2603 1599 πέμψον
2652 1529 2910 1602 Λᾶζαρον,
2960 1522 3051 1579 ἵνα
3100 1519 3248 1598 ϐάψῃ
3295 1524 3357 1578 16
3410 1522 3568 1602 ἄκρον
3615 1531 3708 1581 τοῦ
3737 1519 3944 1578 δακτύ-

2277 1611 2371 1672 λου
2422 1616 2579 1673 αὐτοῦ
2624 1611 2833 1692 ὕδατος,
2883 1613 2973 1668 καὶ
3026 1609 3301 1688 καταψύξῃ
3360 1633 3460 1688 μου
3495 1612 3605 1692 ,τὴν
3656 1610 3936 1690 γλῶσσαν,

2280 1700 2362 1758 6'1:
2414 1699 2678 1779 ὀδυνῶμαι
2727 1700 2782 1756 ἐν
2954 1698 3109 1781 φλογὶ
3159 1704 3347 1776 ταῦτῃ,
3407 1723 3431 1757 ι
3490 1691 3663 1757 Ἱκανὰ
3711 1700 3779 1757 τὰ
3837 1699 3947 1776 ῥή-

2283 1811 2425 1866 ματα
2482 1791 2556 1854 εἷς
2602 1790 2925 1866 συμπάθειαν
2981 1790 3070 1846 καὶ
3119 1788 3303 1845 οἶκτον
3354 1790 3445 1845 τὸν
3492 1786 3731 1867 ’Λϐραὰπ
3772 1786 3947 1868 ἐφελ-

552 1880 845 1944 Miserere
893 1881 1034 1959 mei,
1089 1884 1265 1942 Pater
1351 1880 1672 1957 Abraham,
1726 1888 1784 1942 et
1832 1880 1998 1941 mitte
2026 1879 2204 1941 Laza-

2291 1879 2558 1960 κύσασθαι,
2619 1874 2738 1935 ἀλλ’
2791 1876 2938 1954 ὅμως
2996 1874 3112 1936 ουδὲ
3168 1874 3336 1941 οὕτως
3392 1875 3648 1957 ὠφέλειαν
3694 1875 3891 1957 εῧρατο
3929 1891 3944 1904 ⁸

555 1986 717 2045 rum,
744 1990 774 2031 ›
814 1970 983 2032 illum
1014 1988 1361 2051 pauperem,
1388 1989 1567 2051 quem
1590 1977 1648 2032 et
1671 1970 1834 2051 prius
1854 1968 2201 2033 exsecrabar

560 2065 621 2119 et
646 2077 723 2120 ne
753 2059 1045 2122 micarum
1077 2059 1318 2140 quidem
1352 2058 1428 2121 de
1458 2077 1665 2121 mensa
1686 2077 1821 2122 mea
1851 2057 2201 2139 participem

555 2145 844 2212 faciebam
876 2169 892 2225 ;
942 2147 1042 2210 illo
1098 2167 1257 2210 nunc
1305 2166 1472 2230 egeo.
1505 2147 1720 2212 Videte
1748 2148 2047 2230 quomodo
2065 2165 2201 2211 eum

561 2237 962 2300 constraverit
1008 2237 1267 2320 punitio,
1321 2238 1624 2319 quomodo
1668 2256 1804 2301 eum
1856 2236 2086 2317 punitio
2136 2235 2209 2299 ad

558 2334 822 2388 mentem
851 2327 1151 2390 saniorem
1178 2326 1506 2402 reduxerit,
1540 2325 1840 2407 quomodo
1873 2324 2209 2407 proximum

560 2414 703 2476 olim
735 2416 1089 2496 praeterierit
1119 2423 1177 2478 et
1208 2435 1367 2477 nunc
1396 2434 1429 2477 a
1453 2415 1629 2495 longe
1644 2415 1912 2489 advocet,
1948 2422 2008 2476 et
2028 2430 2205 2495 quem

561 2504 1667 2585 saepiusingrediensetegrediensnon
1681 2503 2031 2585 aspiciebat,
2049 2521 2207 2565 nunc

562 2592 838 2655 eumdem
858 2594 1091 2656 eminus
1106 2593 1390 2660 ardenter
1406 2592 1711 2674 suspiciat.
1726 2592 2044 2654 (Miserere
2063 2591 2202 2668 mei,

562 2687 623 2743 et
651 2681 818 2744 mitte
850 2685 1159 2745 Lazarum.
1181 2702 1212 2742 ιο
1248 2681 1420 2744 Modo
1450 2681 1668 2761 quaeris
1701 2679 2202 2756 misericordiam,

560 2769 794 2851 quando
817 2770 944 2849 jam
992 2789 1111 2832 non
1154 2777 1245 2832 est
1291 2769 1718 2831 misericordia;
1765 2770 2039 2849 tempus!
2077 2768 2206 2831 Non

560 2857 779 2919 audisti
800 2857 1120 2920 Dominum
1144 2859 1477 2920 dicentem:
1515 2856 1821 2921 Judicium
1852 2858 1984 2921 sine
2022 2859 2207 2921 mise-

562 2945 822 3008 ricordia
851 2953 940 3008 est
970 2944 1055 3007 illi
1084 2946 1185 3027 qui
1204 2965 1322 3007 non
1340 2945 1482 3007 fecit
1500 2945 1973 3008 misericordiam
1995 2944 2020 3009 ?
2040 2946 2208 3009 Nunc

2282 1967 2499 2047 ἄκαιρος
2547 1967 2648 2047 γὰρ
2690 1968 2726 2035 ἡ
2773 1964 3107 2046 παράκλησις
3160 1983 3175 1998 ⁸
3223 1967 3283 2022 16
3332 1965 3453 2047 μὲν,
3505 1962 3588 2022 διὰ
3636 1967 3697 2022 τὸ
3744 1962 3950 2040 μεταξὺ

2283 2056 2421 2136 χάος
2450 2073 2465 2089 ⁸
2498 2058 2559 2112 τὸ
2607 2053 2683 2136 δὲ,
2733 2053 2818 2111 διὰ
2865 2055 2965 2122 τὴν
3011 2052 3220 2122 ὀδύνην,
3276 2078 3303 2110 α
3353 2055 3614 2124 Φωνήσας
3672 2053 3725 2109 δὲ
3757 2054 3893 2111 εἶπε
3930 2070 3951 2089 ⁸

2293 2141 2547 2211 Ἐλέησόν
2579 2164 2668 2221 με,
2700 2143 2865 2222 πάτερ
2913 2140 3175 2222 Ἀϐραάμ,
3233 2144 3321 2199 καὶ
3349 2142 3560 2218 πέμψον
3612 2142 3880 2222 Λάζαρον,
3918 2164 3947 2195 ι

2293 2231 2498 2289 ἐκεῖνον
2547 2234 2638 2290 τὸν
2694 2231 2923 2310 πένητα,
2971 2229 3030 2286 ὅν
3075 2232 3164 2287 καὶ
3207 2228 3591 2306 ἐϐδελυττόμην
3645 2232 3706 2286 τὸ
3761 2232 3957 2309 πρότε-

2291 2344 2403 2403 ρον,
2454 2322 2542 2378 καὶ
2591 2318 2706 2381 οὒδὲ
2754 2326 2859 2377 τῶν
2909 2320 3015 2376 ἀπὸ
3059 2324 3162 2387 τῆς
3205 2319 3468 2399 τραπέζης
3519 2316 3813 2394 μετεδίδουν
3865 2323 3958 2394 ψι-

2290 2413 2449 2492 χίων,
2535 2409 2734 2469 ἐκείνου
2814 2407 3020 2484 δέομαι,
3110 2407 3364 2489 Βλέπετε,
3434 2414 3549 2473 πῶς
3620 2405 3952 2467 συνέστειλεν

2288 2502 2445 2558 αὐτὸν
2491 2501 2526 2567 ἡ
2585 2500 2833 2577 τιμωρία,
2883 2504 3000 2561 πῶς
3054 2498 3089 2566 ἡ
3147 2495 3322 2572 θλίψις
3380 2498 3537 2555 αὐτὸν
3597 2496 3949 2577 ἐσωφρόνισε,

2288 2586 2515 2656 πλησίον
2575 2586 2698 2669 (81)
2752 2587 2878 2644 ὄντα
2935 2586 3255 2667 παρέτρεχε,
3316 2587 3403 2642 καὶ
3448 2584 3705 2665 μακρόθεν
3758 2583 3952 2664 καλεῖ,

2288 2686 2400 2757 νῦν,
2452 2677 2541 2733 καὶ
2598 2677 2656 2732 ὃν
2727 2673 2988 2739 πολλάκις
3062 2675 3436 2755 εἰσερχόμενος
3506 2676 3595 2731 καί
3652 2670 3954 2754 ἐξερχόμε-

2287 2787 2376 2829 νος
2407 2764 2523 2842 (82)
2552 2768 2657 2845 οὐχ
2707 2766 2869 2844 ἐώρα,
2922 2772 3107 2823 τοῦτον
3152 2763 3410 2842 μακρόθεν
3459 2760 3586 2820 ὄντα
3636 2761 3752 2839 μετ’
3804 2762 3957 2841 ἀκρι-

2288 2849 2432 2917 ϐείας
2477 2851 2685 2929 βλέπει.
2740 2850 2998 2918 Ἐλέησόν
3050 2873 3141 2932 με,
3199 2852 3289 2908 καὶ
3341 2849 3555 2927 πέμψον
3617 2850 3882 2929 Λάζαρον.
3923 2872 3950 2903 π

2289 2938 2509 3021 ’Λρτίως
2580 2949 2764 3014 ζητεῖς
2833 2942 2925 2997 τὸν
2984 2938 3156 3022 ἔλεον,
3215 2939 3303 2997 ὅτε
3355 2942 3539 3020 καιρὸς
3599 2937 3776 3022 ἐλέους
3853 2942 3951 2997 οὒκ

566 3041 627 3096 te
655 3034 922 3115 poenitet,
957 3017 1239 3115 cum'jam
1274 3054 1393 3097 non
1432 3040 1526 3097 est
1553 3034 1916 3115 poenitentiae
1948 3043 2204 3117 tempus.

2291 3017 2469 3111 ’ἐστιν;
2530 3036 2623 3091 οὒκ
2676 3030 2907 3098 ἤκουσας
2965 3039 3057 3088 τοῦ
3114 3017 3299 3108 Κυρίου
3343 3017 3594 3107 λέγοντος
3652 3047 3666 3061 ·
3720 3017 3783 3085 Ἡ
3836 3029 3948 3105 κρί-

563 3121 693 3184 Νοη
711 3123 873 3185 estin
895 3123 1132 3187 inferno
1163 3123 1483 3201 confessio,
1501 3142 1620 3185 non
1633 3133 1722 3185 est
1743 3115 2204 3187 commiseratio.

2291 3142 2373 3184 σις
2421 3119 2638 3185 ἀνίλεώς
2689 3118 2816 3200 (83)
2873 3118 2983 3175 ἐστι
3038 3125 3115 3194 τῷ
3170 3118 3247 3195 μὴ
3277 3120 3559 3188 ποιήσαντι
3588 3115 3784 3196 ἕλεοςς
3846 3125 3951 3175 Νῦν

563 3208 632 3273 In
660 3211 898 3275 inferno
930 3213 1114 3288 enim,
1147 3211 1358 3294 inquit,
1392 3198 1524 3293 quis
1547 3212 1927 3275 conﬁtebitur
1952 3215 1981 3274 ?
2016 3212 2082 3276 In
2106 3213 2204 3275 lin-

2295 3222 2596 3290 μετανοετς,
2649 3208 2737 3266 ὅτε
2782 3212 2877 3267 οὒκ
2921 3206 3029 3264 ἔστι
3087 3207 3362 3283 μετάνοια.
3418 3210 3525 3265 Οὐκ
3573 3205 3711 3263 ἔστιν
3771 3203 3829 3260 ἐν
3880 3209 3958 3278 τῷ

566 3317 686 3381 gua
715 3301 963 3382 punitur
988 3302 1155 3364 dives
1183 3320 1291 3383 per
1312 3320 1491 3381 quam
1515 3300 1762 3364 delicias
1778 3302 2031 3383 accepit.
2056 3305 2204 3367 Gut-

2295 3296 2395 3376 ᾇδῃ
2444 3297 2858 3377 ἑκομολόγησις,
2907 3300 3003 3355 οὒκ
3040 3295 3153 3352 ἔστι
3203 3294 3498 3371 συμπάθεια
3555 3312 3570 3330 ’
3623 3294 3679 3351 ἐν
3727 3294 3831 3383 γὰρ
3879 3298 3955 3367 τῷ

564 3395 687 3452 tam
717 3408 883 3471 aquae
906 3390 1072 3471 petit,
1099 3381 1410 3471 postquam
1430 3408 1506 3452 ne
1531 3390 1759 3468 frigidae
1780 3381 2021 3472 quidem
2046 3411 2204 3473 aquae

2295 3384 2419 3468 ᾃδῃ,
2477 3389 2629 3467 φησὶ,
2682 3388 2762 3450 τίς
2820 3384 3266 3473 ἐξομολογήσεται
3321 3383 3439 3461 (84)
3472 3402 3488 3464 ;
3516 3383 3665 3473 ,Τὴν
3705 3381 3954 3473 γλῶσσαν

566 3469 814 3541 calicem
839 3469 1062 3540 sitienti
1077 3469 1266 3542 dedit.
1286 3478 1370 3540 Ea
1394 3486 1485 3540 est
1501 3498 1761 3557 congrua
1780 3469 2204 3558 remuneratio,

2295 3474 2573 3558 κολάζεται
2606 3478 2634 3532 6
2683 3473 2963 3555 πλούσιος,
3011 3471 3078 3530 δι’
3119 3478 3185 3543 ἧς
3228 3473 3327 3541 τὴν
3374 3472 3573 3552 τρυφὴν
3627 3469 3948 3538 ἐλαμϐανεν.

565 3565 671 3629 ille
702 3566 858 3647 ignis
887 3572 947 3628 et
974 3566 1076 3628 illa
1103 3569 1165 3628 in
1186 3566 1426 3629 inferno
1448 3585 1643 3649 poena,
1670 3567 1873 3648 lingua
1896 3569 2053 3630 sicca
2079 3557 2204 3649 gut-é

2299 3557 2501 3623 (Ρανίδα
2548 3571 2704 3636 ζητεῖ
2747 3562 2958 3640 ὕδατος,
3014 3560 3197 3630 ἐπειδὴ
3256 3560 3371 3622 οὐδὲ
3428 3562 3684 3641 ποτήριον
3741 3565 3951 3641 ψυχροῦ

567 3654 750 3717 tulam
778 3654 844 3716 in
872 3657 1337 3718 consolationem
1389 3662 1697 3737 appetens.
1732 3658 1848 3719 Pro
1882 3648 2126 3719 tibicine
2157 3667 2204 3721 el

2295 3652 2482 3718 ὕδατος
2536 3660 2615 3729 τῷ
2669 3651 2888 3728 διψῶντι
2939 3649 3256 3729 μετέδωκεν.
3312 3650 3457 3717 Αὕτη
3515 3652 3550 3719 ἡ
3606 3648 3945 3717 κατάλληλος

567 3742 819 3805 musicis
840 3744 1181 3809 lamentatio
1211 3766 1227 3821 ;
1250 3763 1357 3825 pro
1370 3743 2014 3821 immodicaebrietate,
2035 3753 2204 3824 guttae

2295 3740 2552 3806 ἀντίδοσις
2601 3758 2615 3773 ’
2673 3743 2736 3798 16
2790 3750 2891 3822 πῦρ
2947 3740 3122 3797 ἐκεῖνο
3177 3742 3267 3798 καὶ
3323 3739 3359 3808 ἦ
3415 3738 3470 3795 ἒν
3523 3739 3646 3812 ᾇδου
3701 3737 3948 3816 κόλασις,

540 3827 959 3894 desiderium.
1022 3836 1132 3894 Pro
1186 3833 1439 3913 impuris
1496 3832 1856 3913 spectaculis
1909 3835 2204 3914 profunda

2296 3829 2512 3909 γλῶσσα
2581 3828 2874 3911 κατάξηρος
2946 3835 3137 3910 μικρᾶς
3206 3826 3407 3907 ῥανίδος
3482 3829 3554 3891 εἷς
3627 3828 3956 3906 παραμυθίαν

567 3918 832 3982 tenebrae
854 3941 869 3981 :
888 3938 995 4001 pro
1016 3921 1278 3983 insomni
1308 3920 1628 4002 voluptate,
1656 3922 1948 3984 insomnis
1973 3924 2204 3987 vermis.

2298 3919 2643 4000 ἐπιθυμοῦσα,
2693 3919 2807 3975 ἀντὶ
2849 3926 2940 3976 τοῦ
2990 3918 3221 3986 αὐλητοῦ
3271 3916 3383 3997 (85)
3426 3918 3514 3974 καὶ
3558 3921 3662 3973 τῶν
3714 3916 3955 3994 ὀργάνων

575 4005 1770 4094 sDixitautemAbrahaszili,recordare
1780 4011 1919 4091 quia
1930 4014 2204 4094 recepisti

2297 4010 2326 4065 6
2381 4008 2677 4088 στεναγμός
2737 4023 2753 4038 ⁸
2814 4007 2928 4065 ἀντὶ
2995 4014 3090 4072 τᾶς
3157 4005 3385 4085 ἀμέτρου
3455 4003 3645 4081 μέθης,
3708 4003 3953 4094 ἐπιθυμία

569 4093 729 4156 bona
755 4095 820 4156 in
846 4097 964 4158 vita
992 4105 1111 4178 tua,
1147 4106 1206 4158 et
1232 4097 1485 4159 Lazarus
1518 4098 1793 4161 similiter
1822 4100 2019 4178 mala;
2056 4092 2204 4165 nunc

2297 4097 2552 4175 σταγόνος
2610 4113 2624 4128 ⁸
2684 4097 2798 4154 ἀντὶ
2856 4102 2962 4155 τῶν
3016 4095 3257 4176 ἀσελγῶν
3302 4094 3602 4169 θεαμάτων,
3654 4094 3715 4149 τὸ
3762 4092 3952 4154 σκότος

570 4190 769 4246 autem
790 4184 891 4247 hic
906 4184 1371 4247 consolationem
1402 4184 1601 4260 habet,
1638 4193 1701 4248 tu
1729 4205 1867 4250 vero
1899 4188 2204 4255 cruciaris.

2295 4186 2358 4243 τὸ
2413 4185 2541 4260 βαθύ
2597 4204 2611 4220 ο
2667 4183 2781 4242 ἀντὶ
2833 4190 2934 4253 τῆς
2966 4187 3262 4261 ἀκοιμήτου
3308 4182 3606 4263 ἐπιθυμίας,
3658 4182 3686 4238 ὀ
3715 4180 3952 4257 ἀκοίμη-

569 4271 1032 4336 Consideremus
1047 4273 1760 4356 patriarchzebonitatem.
1781 4275 1910 4338 Non
1931 4278 2081 4340 dixit
2102 4279 2204 4358 illi;

2296 4296 2389 4339 τος
2424 4273 2658 4342 σγώληξ.
2725 4297 2754 4330 α
2810 4284 2947 4333 Eme
3001 4272 3055 4330 δὲ
3095 4271 3336 4354 Ἀϐραὰμ
3367 4289 3382 4304 ⁸
3416 4270 3631 4352 Τέκνον,
3667 4271 3950 4349 μνήσθητι,

566 4360 900 4425 Inhumane
921 4370 981 4425 et
1000 4358 1283 4444 crudelis,
1308 4382 1429 4425 non
1453 4363 1797 4427 erubescis?
1818 4383 1939 4427 non
1968 4368 2204 4432 confun-

2297 4363 2378 4420 ὅτι
2437 4361 2701 4427 ἀπέλαϐες
2749 4364 2810 4421 σὺ
2854 4365 2919 4421 τὰ
2970 4365 3141 4445 ἀγαθά
3180 4386 3274 4423 σου
3321 4362 3375 4419 ἐν
3422 4367 3491 4437 τῇ
3537 4366 3649 4438 ζωῇ
3696 4382 3811 4440 σου,
3864 4360 3951 4416 καὶ

554 4450 730 4513 .deris
746 4449 779 4510 ?
802 4450 1120 4513 Meministi
1151 4470 1309 4513 nunc
1342 4450 1721 4512 humanitatis
1743 4459 1804 4513 et
1834 4455 2204 4519 commisera-

2300 4453 2535 4532 Λάζαρος
2566 4454 2763 4529 ὁμοίως
2812 4454 2878 4511 τά
2921 4455 3061 4511 κακά
3112 4474 3126 4488 ·
3179 4463 3267 4513 νῦν
3319 4450 3373 4508 δὲ
3425 4449 3509 4507 ὅδε
3540 4447 3952 4530 παρακαλεῖται,

568 4539 746 4602 tionis
763 4548 822 4602 et
840 4539 1264 4603 consolationis
1281 4539 1312 4601 ‘I
1335 4539 1495 4602 Nihil
1515 4540 1629 4603 tale
1652 4541 1882 4606 locutus
1905 4552 1997 4605 est
2016 4545 2204 4625 justus

2298 4543 2361 4598 σὺ
2409 4539 2463 4596 δὲ
2515 4539 2780 4605 ὀδυνᾶσαι,
2844 4564 2873 4603 ι
2923 4542 3295 4620 Ἐννοήσωμεν
3342 4551 3435 4600 τοῦ
3480 4540 3812 4621 πατριάρχου
3855 4538 3951 4605 τὴν

566 4628 892 4711 Abraham,
953 4629 1058 4691 sed
1117 4630 1305 4692 ﬁlium
1348 4629 1516 4690 illum
1581 4628 1872 4695 nominat.
1934 4633 2215 4697 Animam

567 4719 731 4782 enim
762 4719 1104 4800 depressam
1136 4738 1257 4781 non
1286 4719 1520 4791 allides,
1553 4719 1744 4800 inquit
1773 4720 2035 4801 sapiens.
2073 4722 2215 4785 Suf-

568 4806 695 4870 ﬁcit
720 4806 811 4869 illi
841 4825 946 4869 sua
975 4826 1176 4889 paena.
1207 4806 1435 4871 Etideo
1458 4806 1602 4868 dicit
1628 4824 1641 4870 :
1683 4832 1711 4864 (ί
1737 4809 1874 4887 Fili,
1897 4812 2217 4875 recordare

567 4897 707 4977 quia
719 4894 1001 4977 recepisti
1016 4897 1281 4960 bonatua
1307 4896 1368 4957 in
1379 4895 1494 4957 vita
1515 4903 1634 4970 tua,
1654 4895 1757 4957 ille
1773 4904 1966 4959 autem
1984 4900 2157 4962 mala.
2181 4921 2211 4963 lt

567 4983 699 5049 Non
720 4985 908 5050 dixit:
935 4985 1115 5068 bona,
1138 4985 1246 5049 sed
1268 4985 1423 5049 bona
1444 4994 1575 5062 tua,
1601 4984 1662 5046 id
1687 4993 1797 5064 est,
1824 5005 1954 5067 quae
1976 4999 2220 5069 reputas

650 5154 775 5236 (80)
811 5175 843 5217 (
873 5156 1446 5238 ’ἑπρῖεηγὲινιζάμενοςο
1480 5178 1510 5213 π
1535 5132 1760 5238 ξἩγοῦἳ
1779 5236 1787 5238 Α
1806 5156 1862 5214 ἐν
1890 5160 2010 5238 πυρὶ
2039 5161 2218 5237 βασα-

569 5234 1054 5319 ῃζόμενοςηγὶίὶ.
1100 5234 1227 5319 Jer.
1280 5254 1443 5319 xxix,
1500 5235 1596 5312 17,
1628 5243 1688 5296 et
1741 5234 2099 5319 Macabivil,
2155 5246 2214 5302 5.

570 5312 766 5382 Glass.
799 5314 985 5379 Labb.
1015 5317 1265 5394 τηγανίζο
1300 5337 1313 5351 ·
1349 5316 1524 5394 frigo.

650 5396 772 5477 (81)
807 5419 837 5479 ιε
869 5396 1111 5479 ῌλησίονᾼ
1135 5420 1163 5454 »
1197 5428 1278 5441 ——
1328 5416 1352 5454 α
1408 5396 1616 5473 βλέπει.
1678 5420 1703 5454 υ
1756 5400 1968 5479 Magna
1995 5401 2081 5464 vis
2108 5401 2223 5464 hoc

571 5470 702 5535 loco
737 5470 797 5537 in
823 5475 917 5536 his
941 5476 1252 5541 ἀντιθέτοις.
1408 5470 1418 5473 ”
1820 5516 1837 5523 -

649 5553 776 5644 (82(
801 5578 838 5644 ξ
874 5555 1263 5636 Εἰσερχόμενος
1314 5576 1345 5610 ι
1397 5588 1479 5601 —
1517 5556 1657 5636 ἐώρα
1707 5557 2042 5638 Βεϐλημένον
2091 5563 2223 5644 πρὸς

570 5630 662 5688 τὸν
686 5632 925 5698 πυλῶνα,

656 5710 786 5794 (83)
825 5733 850 5770 α
888 5706 951 5771 Ἠ
980 5715 1148 5796 κρίσις
1193 5714 1441 5782 avum.
1501 5739 1532 5776 »
1591 5717 1799 5783 Jacobi
1855 5720 1982 5786 haec
2038 5720 2225 5787 verba

2299 4630 2602 4709 ἀγαθότητα
2650 4652 2661 4664 ⁸
2716 4637 2810 4693 οὒκ
2861 4633 3015 4691 εἶπεν
3069 4638 3236 4714 αὐτῷ,
3292 4631 3636 4709 Ἀπάνθρωπε
3686 4630 3773 4685 καὶ
3818 4625 3949 4704 ὠμὲ,

2299 4724 2392 4779 οὐκ
2448 4719 2703 4801 ἐρυθριᾷς,
2774 4727 2868 4782 οὒκ
2937 4724 3211 4804 αἰσχύνῃς
3272 4718 3664 4802 φιλανθρωπίας
3720 4727 3807 4779 νῦν
3861 4714 3948 4804 μέ-

2298 4832 2495 4885 μνησαι
2564 4814 2652 4868 καὶ
2723 4803 3043 4890 συμπαθείας
3115 4814 3203 4870 καὶ
3286 4808 3725 4890 παρακλήσεως;
3797 4803 3945 4866 Οὐδὲν

2296 4910 2533 4959 τοιοῦτον
2588 4900 2869 4984 ἐφθέγξατο
2914 4907 2942 4961 6
2997 4901 3193 4968 δίκαιος
3251 4898 3514 4980 Ἀϐραὰμ,
3573 4897 3711 4956 ἀλλὰ
3772 4897 3947 4955 τέκνον

2299 4992 2545 5067 ὀνομάζει
2579 5007 2593 5023 ⁸
2630 4998 2814 5074 ψυχὴν
2864 4992 2988 5074 (86)
3038 4996 3139 5074 γὰρ
3190 4988 3656 5065 τεταπεινωμένην
3687 4989 3765 5065 μὴ
3801 5004 3953 5066 προσε-

2302 5167 2459 5244 sunt,
2483 5178 2628 5244 _cap.
2657 5161 2726 5244 _2,
2755 5181 2826 5244 _v.
2876 5161 2975 5240 13,
3029 5182 3163 5244 quae
3206 5157 3534 5244 dives_iste
3587 5158 3696 5244 vix_
3728 5154 3956 5237 poterat

2301 5236 2622 5325 audivisse.
2657 5237 2908 5325 Videtur
2936 5236 3075 5325 erg?)
3111 5242 3303 5325 potius
3333 5238 3409 5303 ad
3441 5236 3796 5303 sententiam
3827 5249 3956 5296 res-

2304 5263 2622 5305 auumsse.
2669 5263 2908 5304 vwemr
2936 5263 3004 5305 er
3044 5264 3075 5304 ο

2304 5324 2560 5404 perisse,
2594 5340 2773 5404 quam
2804 5263 3109 5387 adverﬁa.

2545 5425 2573 5457 α
2607 5401 2695 5467 Τίς
2727 5402 3195 5484 ἐξομολογήσεται,
3234 5427 3259 5463 ι
3294 5401 3449 5477 Psal,
3483 5417 3562 5477 VI,
3598 5401 3658 5484 _5.
3763 5475 3817 5484 __
3861 5472 3898 5484 υ

2388 5472 2518 5565 (85)
2559 5500 2592 5565 ς
2621 5472 3019 5565 Τοῖξ-αὒλητοόξ
3041 5508 3064 5545 υ
3102 5483 3200 5548 Sic
3228 5472 3479 5564 uterque
3508 5472 3718 5543 codex.
3763 5472 3958 5538 Malim

2307 5562 2506 5643 tamen
2536 5562 2748 5643 plurali
2781 5582 3029 5626 numero
3059 5572 3164 5633 τῶν
3191 5562 3459 5633 αὐλητῶν.

2392 5642 2519 5726 (8.6)
2538 5637 2598 5726 ἀ,
2618 5647 2805 5726 ψυχὴν
2830 5677 2884 5691 ’-
2912 5645 3278 5726 περσταράξης
3310 5666 3339 5726 ξ
3376 5642 3535 5726 _Haec
3551 5637 3798 5726 _videtur
3823 5650 3956 5726 rne—

2392 5667 2519 5723 (Ουλ
2557 5667 2585 5698 α
2618 5667 2689 5719 qm
2735 5667 2805 5713 ην
2830 5677 2884 5691 --
2912 5669 2953 5703 π
2987 5667 3278 5726 οσταραςης
3310 5667 3339 5706 D
3397 5667 3535 5707 11336
3567 5667 3797 5701 νιυυιυι·
3826 5667 3881 5697 ιιι

2308 5722 2555 5787 moriter
2582 5667 2933 5789 laudavisse.
2956 5668 3144 5793 eForte
3172 5723 3419 5807 respicit
3448 5722 3522 5787 ad
3546 5719 3673 5802 Syr.
3706 5733 3787 5794 iV,
3822 5715 3881 5779 3.
