4156 6380
345 351 502 432 1233,
1833 358 1984 426 ΟΒΑ

2107 358 2172 423 ιΝ
2177 357 2266 420 ES
3599 355 3748 425 1234

339 489 369 544 6
417 487 706 563 πλούσιος,
750 491 840 547 καὶ
892 493 921 547 6
974 499 1068 549 τοῦ
1117 491 1355 570 Λαζάρου
1400 492 1519 570 πρὶν
1569 497 1911 572 καταφρονῶν
1955 489 1979 546 ἐ

2108 489 2341 566 'uerant,
2374 488 2417 551 ii
2445 495 2506 550 et
2533 489 2740 568 gloriae
2768 494 3134 572 spectatores
3176 490 3344 554 fiant.
3379 490 3533 564 Quid
3562 490 3749 572 igitur

345 583 422 653 τῷ
489 576 692 638 πυλῶνι
769 581 929 638 αὐτοῦ
995 577 1241 653 κειμένου
1306 579 1395 635 καὶ
1477 577 1859 656 λιμώττοντος,
1919 588 1986 638 νῦε

2100 577 2457 640 Abraham?«
2479 579 2716 642 Habent
2731 583 2992 660 Moysem
3014 585 3071 640 et
3089 579 3741 661 prophetas;»Moysem

348 665 540 746 ἐτέρων
613 667 855 725 ἀπόντων
927 668 1184 748 φροντίζει
1253 669 1343 725 καὶ
1410 667 1714 748 παρακαλεῖ
1766 671 1989 749 πεμφθῆι

2102 678 2148 730 et
2182 669 2501 748 prophetas
2533 668 2739 730 dicens
2769 667 3024 731 Mosaica
3055 677 3112 729 et
3143 668 3488 749 prophetica
3519 668 3743 750 scripta

349 777 432 812 ναι
480 758 570 812 τὸν
625 758 862 837 Λάζαρον
921 757 980 813 ἐκ
1031 763 1134 813 τῶν
1194 763 1388 836 νεκρῶν
1444 759 1518 820 εἰς
1573 758 1663 813 τὸν
1711 758 1868 815 οἶκον
1913 767 1990 816 τοί

2104 765 2150 819 et
2175 757 2470 836 dogmata.
2504 761 2640 823 Non
2673 764 2920 838 tantum,
2946 756 3161 837 inquit,
3197 765 3282 832 tu,
3316 757 3503 832 dives,
3529 756 3745 821 fratres

348 846 546 923 πατρὸς
604 848 783 908 αὖτοῦ,
860 847 958 904 Καὶ
1033 849 1137 926 οὐχ
1205 841 1389 909 ἁπλῶς
1459 844 1550 902 ἕνα
1619 852 1725 903 τῶν
1782 851 1989 926 νεκρῶν,

2102 853 2224 907 tuos
2276 864 2468 928 curas,
2529 854 2814 927 quantum
2865 846 2966 928 qui
3010 846 3151 907 fecit
3197 865 3297 908 eos
3345 846 3523 910 Deus.
3575 846 3743 909 Mille

351 931 488 988 ἀλλὰ
553 933 646 989 τὸν
713 933 970 1012 Λάζαρον,
1045 931 1192 996 ὅπως
1264 932 1327 989 ἂν
1397 932 1582 990 ἴδωσιν
1653 935 1808 994 αὐτὸν
1876 955 1992 990 στε-

2101 933 2249 996 enim
2271 933 2524 995 instituit
2546 935 2663 996 illis
2687 934 3018 1014 magistros.
3051 933 3224 994 Dives
3245 943 3444 994 autem
3475 953 3489 993 ε
3525 955 3548 989 α
3587 930 3742 1008 Νοη,

349 1021 650 1102 φανωθέντα
701 1023 788 1078 καὶ
842 1022 896 1078 ἐν
945 1019 1070 1098 δόξῃ
1119 1022 1208 1078 καὶ
1258 1023 1429 1100 ὑγείᾳ,
1489 1025 1537 1080 οἱ
1593 1020 1789 1087 ἰδόντες
1846 1023 1990 1080 αὺτὸν

2103 1030 2255 1100 )ater
2276 1021 2601 1098 Abraham,
2639 1049 2665 1081 ιι
2721 1023 2886 1086 dicit.
2942 1022 3086 1087 Cum
3145 1022 3302 1083 enim
3334 1021 3464 1103 ipse
3493 1020 3744 1084 audiens

350 1109 406 1166 ἐν
456 1109 640 1186 ἀτιμίᾳ
685 1110 774 1167 καὶ
827 1109 1110 1189 ἆῤῥωστίᾳ,
1159 1111 1248 1166 καὶ
1294 1113 1340 1166 οἱ
1393 1117 1491 1179 τῆς
1539 1112 1721 1176 πενίας
1770 1113 1991 1191 γενόμε-

2104 1110 2430 1192 Scripturas
2461 1113 2692 1175 diflisus
2748 1121 2910 1175 esset
2957 1120 3017 1173 et
3063 1111 3288 1173 fabulas
3337 1129 3564 1174 esseea
3613 1130 3745 1192 quae

350 1222 429 1258 νοι
478 1199 759 1280 μάρτυρες,
815 1200 958 1259 οὗτοὶ
1004 1201 1251 1292 καὶντῆς
1295 1197 1450 1267 δόξης
1496 1199 1752 1279 γένωνται
1799 1202 1991 1263 θεαταί,

2103 1200 2364 1262 licebant
2389 1201 2772 1280 credidisset,
2800 1201 3029 1262 similes
3061 1199 3176 1260 sibi
3195 1217 3338 1270 esse
3363 1199 3580 1262 fratres
3602 1217 3744 1260 suos

349 1290 410 1346 Τί
449 1288 537 1346 οὖν
593 1289 622 1344 6
671 1286 965 1369 Ἀϐραάμ;
1018 1311 1046 1342 α
1105 1286 1324 1369 Ἔχουσι
1377 1288 1570 1346 Μωσέα
1599 1291 1687 1346 καὶ
1714 1291 1835 1354 τοὺς
1867 1312 1990 1369 προ-

2101 1290 2333 1370 putavit,
2369 1299 2427 1352 et
2473 1309 2543 1352 ex
2596 1291 2792 1373 seipso
2840 1290 3143 1372 judicans,
3196 1287 3433 1350 dicebat
3461 1307 3563 1349 eos
3621 1305 3742 1350 non

348 1379 544 1458 φήτας.
582 1399 611 1432 ι
664 1376 859 1434 Μωσέα
909 1375 1033 1456 (96)
1077 1378 1166 1434 καὶ
1208 1379 1330 1442 τοὺς
1372 1377 1636 1459 προφέτας
1691 1377 1887 1458 λέγων,
1932 1378 1989 1434 τᾶ

2099 1379 2391 1440 iudituros
2421 1399 2553 1442 esse
2585 1380 2946 1461 Scripturas,
2985 1376 3488 1458 quemadmodum
3521 1383 3580 1436 et
3609 1375 3740 1457 ipse

350 1467 602 1542 μωσαϊκὰ
650 1467 740 1523 καὶ
780 1466 1086 1547 προφητικὰ
1114 1466 1498 1546 συγγράμματα
1545 1467 1632 1523 καὶ
1678 1464 1991 1546 διδάγματα.

2095 1484 2198 1531 non
2215 1469 2484 1530 audierat
2510 1491 2525 1547 ;
2557 1492 2580 1527 α
2603 1468 2720 1532 Sed
2749 1467 2940 1550 siquis
2954 1486 3020 1529 ex
3041 1466 3290 1529 mortuis
3311 1482 3588 1528 resurrex
3599 1465 3736 1546 erit,

351 1559 458 1614 Οὔκ
509 1554 668 1632 οὕτω,
732 1555 862 1634 φησί
918 1554 1068 1634 (97),
1128 1555 1211 1630 σὺ,
1271 1554 1517 1637 πλούσιε,
1566 1557 1852 1635 φροντίζεις
1899 1562 2004 1614 τῶν
2090 1557 2361 1622 credent.
2399 1583 2425 1616 ι

349 1643 620 1724 ἀδελφῶν,
677 1646 752 1708 ὡς
797 1646 825 1700 6
872 1645 1102 1714 ποιήσας
1153 1643 1339 1707 αὐτοὺς
1396 1644 1526 1708 Θεός
1589 1663 1605 1680 ⁸
1659 1645 1868 1724 μυρίους
1925 1646 2026 1725 γὰρ
2057 1645 2346 1714 ἐπέστησεν
2388 1652 2572 1712 αὐτοῖς
2611 1646 2974 1714 διδασκάλους.
3025 1639 3082 1705 Ὀ
3130 1645 3184 1703 δὲ
3227 1645 3503 1721 πλούσιος,
3542 1665 3568 1702 ι
3605 1646 3740 1725 Οὖχί

347 1732 512 1812 πάτερ
562 1730 822 1812 Ἀϐραὰμ,
873 1731 1041 1811 λέγει.
1092 1750 1123 1792 ι
1179 1729 1395 1799 Ἐπειδὴ
1439 1733 1539 1813 γὰρ
1585 1735 1741 1797 αὒτὸς
1793 1733 1998 1790 ἀκούων
2035 1739 2142 1790 τῶν
2194 1742 2410 1816 Γραφῶν
2456 1737 2689 1811 ἠπίστει,
2745 1738 2932 1813 μύθους
3001 1737 3144 1794 εἶναι
3203 1735 3409 1813 ἐνόμιζε
3459 1735 3527 1791 τὰ
3573 1733 3738 1813 λεγό-

351 1842 506 1898 μενα,
556 1822 753 1898 ὁμοίως
810 1819 960 1902 ἔχειν
1002 1822 1091 1878 καὶ
1147 1821 1267 1885 τοὺς
1315 1820 1571 1900 ἀδελφοὺς
1626 1819 2014 1897 ὑπελάμϐανεν,
2080 1826 2167 1880 καὶ
2238 1822 2326 1904 ἀφ’
2399 1825 2584 1883 ἑαυτοῦ
2650 1826 2836 1904 κρίνων
2910 1824 3122 1904 ἔλεγεν,
3206 1824 3286 1882 ὅτι
3345 1827 3440 1884 οὒκ
3491 1821 3736 1881 ἀκούουσι

346 1917 451 1967 τῶν
480 1916 722 1990 Γραφῶν,
775 1910 954 1991 ὥσπερ
1003 1910 1093 1967 οὖν
1135 1909 1251 1970 οὐδὲ
1299 1911 1454 1976 αὐτός
1501 1929 1518 1946 ⁸
1556 1929 1586 1971 (
1616 1909 1767 1967 Ἀλλ’
1794 1911 1884 1966 ἐάν
1913 1933 1994 1975 τις
2019 1911 2080 1970 ἐκ
2109 1920 2303 1991 νεκρῶν
2335 1913 2559 1991 ἀναστῇ,
2592 1915 2978 1976 πιστεύσουσιν,
3019 1938 3065 1969 »-

427 2007 664 2059 Τοιοῦτοι
692 1999 783 2056 καὶ
809 2010 897 2060 νῦν
945 2001 1094 2077 εἰσιν,
1141 2002 1198 2058 οἲ
1242 1999 1455 2080 λέγουσι
1506 2015 1520 2031 ⁶
1574 2001 1662 2064 Τίς
1692 1997 1805 2057 εἶδε
1830 2000 1896 2056 τὰ
1938 1999 2056 2064 ἐνΒ

2155 2000 2384 2063 Revera
2411 2009 2470 2063 et
2515 2021 2673 2064 nunc
2713 2011 2850 2064 sunt
2881 2002 2983 2084 qui
3015 2002 3258 2065 dicant:
3311 1999 3456 2074 Quis
3481 1997 3630 2061 vidit
3658 2015 3731 2063 ea

349 2086 499 2162 ᾅδου,
565 2090 644 2151 τίς
714 2087 917 2147 ἐκεῖθεν
983 2089 1146 2147 ἐλθὼν
1216 2087 1542 2168 ἀπήγγειλεν
1599 2091 1779 2170 ἡμϊν;
1832 2087 1990 2146 Ἀλλᾶ

2090 2108 2212 2170 qua:
2233 2098 2371 2151 sunt
2386 2090 2447 2151 in
2468 2091 2704 2154 inferno
2719 2092 2744 2153 Υ
2761 2091 2906 2166 Quis
2931 2092 3071 2154 inde
3095 2091 3338 2154 rediens
3358 2087 3731 2152 annuntiavit

345 2177 718 2236 ἀκουσάτωσαν
762 2187 856 2238 τοῦ
894 2175 1136 2258 Ἀϐραάμ
1187 2196 1202 2212 ⁸
1254 2177 1335 2235 ὅτι
1385 2180 1428 2234 εἰ
1479 2185 1584 2235 τῶν
1635 2178 1856 2258 Γραφῶν
1903 2181 1986 2236 οὐκ

2089 2179 2310 2241 nobis?
2359 2181 2478 2242 Sed
2536 2180 2778 2243 audiant
2821 2181 3267 2244 Abrahamum:
3331 2179 3384 2242 si
3431 2179 3730 2260 Sripturas

345 2265 632 2342 ἀκούομεν,
666 2263 780 2325 οὐδὲ
827 2279 947 2331 τοῖς
997 2266 1058 2324 ἐκ
1105 2263 1228 2338 ᾃδου
1277 2265 1590 2346 ἐρχομένοις
1619 2266 1986 2348 πιστεύσομεν,

2086 2287 2197 2329 nov
2226 2268 2555 2346 audiamus,
2590 2289 2782 2351 neque
2816 2289 2884 2332 ex
2915 2270 3149 2333 inferno
3181 2267 3556 2332 venientibus
3589 2286 3727 2330 cre-

349 2355 448 2413 Καὶ
501 2365 658 2414 τοῦτο
704 2353 976 2426 ἐδήλωσαν
1035 2359 1082 2414 οἱ
1117 2353 1387 2432 Ἰουδαῖοι,
1451 2355 1646 2419 οἵτινες
1697 2353 1810 2411 ἐπεὶ
1869 2353 1990 2436 (98)

2085 2356 2312 2419 demus.
2331 2357 2455 2419 Hoc
2483 2367 2540 2420 et
2564 2359 3155 2422 ostenderuntJudazi
3177 2376 3437 2441 quoque,
3457 2358 3561 2439 qui
3590 2375 3726 2418 cum

347 2450 452 2500 τῶν
509 2449 728 2524 Γραφῶν
779 2447 877 2504 οὐκ
921 2442 1136 2520 ἤκουον,
1195 2442 1310 2504 οὐδὲ
1356 2445 1569 2523 νεκροὺς
1615 2441 1812 2508 ἰδόντες
1859 2442 1988 2500 ἀνα-

2084 2445 2379 2526 Sripturas
2423 2467 2544 2509 non
2573 2448 2961 2524 audivissent,
2994 2467 3189 2530 neque
3221 2457 3532 2527 postquam
3559 2463 3725 2507 mor-

351 2532 572 2596 στάντας
641 2531 970 2608 ἐπίστευσαν,
1045 2531 1183 2589 ἀλλὰ
1262 2533 1350 2590 καὶ
1414 2534 1503 2588 τὸν
1573 2532 1812 2610 Λάζαρον
1877 2531 1992 2588 ἀνε-

2083 2541 2212 2596 tuos
2243 2543 2624 2616 resurgentes
2645 2537 2873 2615 videre,
2900 2537 3305 2616 crediderunt,
3331 2535 3436 2597 sed
3457 2543 3515 2596 et
3542 2534 3724 2596 Laza-

348 2619 466 2677 λεϊν
495 2620 802 2702 ἐπεχείρουν
851 2621 999 2703 (99),
1051 2623 1140 2679 καὶ
1191 2621 1245 2679 ἐν
1293 2628 1372 2697 τῷ
1423 2628 1628 2701 σταυρῷ
1656 2619 1872 2679 πολλῶν
1901 2642 1989 2677 νε-

2082 2641 2210 2684 rum
2241 2623 2582 2687 interﬁcere
2611 2625 2804 2688 conati
2831 2634 2991 2702 sunt,
3017 2633 3077 2693 et
3123 2624 3389 2706 quamvis
3430 2623 3494 2686 in
3524 2623 3723 2685 cruci-

349 2716 488 2790 κρῶν
559 2709 918 2791 ἀναστάντων,
989 2711 1134 2776 ὅπως
1191 2724 1310 2776 τοῖς
1367 2709 1687 2774 ἀποστόλοις
1738 2710 1990 2767 ἐπετίθεν-

2084 2713 2292 2776 ﬁxione
2315 2714 2481 2774 multi
2511 2714 3201 2792 mortuiresurrexerint,
3219 2721 3416 2776 tamen
3427 2712 3725 2796 apostolos

347 2821 408 2856 το
457 2799 533 2875 (1)
593 2800 966 2880 φονικώτερον.
1027 2802 1086 2858 Εἰ
1141 2797 1194 2855 δὲ
1250 2799 1442 2879 ὠφέλει
1485 2802 1629 2876 ἡμᾶς
1673 2801 1747 2864 εἷς
1795 2801 1988 2874 πίστιν,

2080 2803 2373 2881 persecuti
2404 2811 2540 2864 sunt
2587 2803 2765 2865 caedis
2812 2803 3104 2865 avidiores
3152 2802 3314 2864 facti.
3365 2801 3440 2864 Et
3497 2802 3546 2862 si
3578 2801 3721 2882 quid

349 2889 436 2944 καὶ
464 2896 619 2947 τοῦτο
662 2887 826 2945 ἐποίει
877 2887 940 2944 ἂν
986 2889 1242 2969 συχνάκις
1290 2891 1318 2944 6
1368 2888 1581 2968 Κύριος,
1631 2897 1719 2946 νῦν
1766 2885 1820 2944 δὲ
1851 2885 1990 2947 οὐδὲν

2080 2909 2186 2952 nos
2217 2891 2522 2971 adjuvaret
2548 2892 2695 2954 illud
2739 2893 2812 2954 ad
2845 2893 3049 2969 linem,
3083 2893 3308 2955 faceret
3337 2910 3496 2972 saepe
3522 2889 3721 2953 Domi-

348 2976 514 3039 οὕτως
587 2976 810 3058 ὠφελεῖ,
881 2979 954 3040 ὡς
1006 2979 1042 3045 ἡ
1099 2983 1204 3034 τῶν
1264 2983 1482 3056 Γραφῶν
1537 2975 1759 3057 ἀκριϐὴς
1817 2975 1989 3056 ἔρευνα

2078 2999 2210 3042 nus.
2245 2980 2414 3042 Nunc
2445 2989 2642 3044 autem
2673 2981 2822 3043 nihil
2847 2981 2928 3043 ita
2955 3000 3064 3043 nos
3096 2983 3353 3062 adjuvat,
3387 2987 3454 3044 ut
3479 2980 3719 3058 Sriptu-

351 3065 439 3120 καὶ
498 3063 751 3130 ἐξέτασις.
826 3067 1053 3145 Νεκροὺς
1124 3063 1179 3121 δὲ
1249 3065 1462 3137 ἀνιστᾷν
1518 3064 1798 3144 ἐσοφίσατο
1848 3065 1912 3121 ἂν
1967 3067 1992 3122 6

2082 3089 2274 3132 rarum
2308 3079 2584 3134 accurata
2613 3070 2984 3150 investigatio
3033 3077 3091 3132 et
3122 3069 3540 3152 perscrutatio.
3575 3071 3723 3129 Mor-

347 3151 613 3233 διάϐολος,
669 3155 758 3210 καὶ
810 3152 893 3210 διὰ
937 3155 1135 3211 τούτων
1198 3153 1493 3221 ἐπλάνησεν
1542 3153 1604 3209 ἂν
1650 3155 1772 3218 τοὺς
1825 3153 1988 3224 ἀνοή-

2080 3165 2210 3220 tuos
2241 3159 2528 3222 suscitare
2559 3159 2812 3222 subdole
2856 3166 3103 3221 conatus
3130 3151 3310 3222 esset
3337 3167 3396 3221 et
3423 3155 3717 3231 diabolus,

345 3263 488 3315 τους,
551 3243 670 3322 περὶ
722 3249 828 3299 τῶν
879 3243 934 3299 ἐν
989 3241 1113 3315 ᾆδον)
1190 3241 1429 3322 δόγματα
1485 3240 1602 3307 ἄξια
1654 3247 1754 3309 τῆς
1803 3242 1986 3305 οἰκείας

2082 3265 2144 3308 ac
2181 3266 2288 3324 per
2315 3267 2418 3309 eos
2451 3249 2691 3312 insanos
2713 3249 2772 3309 in
2799 3267 3063 3311 errorem
3091 3250 3386 3328 traxisset,
3404 3248 3480 3310 de
3501 3246 3723 3327 iisquae

347 3332 711 3412 κατασπείρων
766 3333 976 3396 κακίας.
1053 3338 1170 3390 Τῶν
1241 3329 1296 3387 δὲ
1354 3337 1573 3411 Γραφῶν
1627 3332 1790 3410 ὑγιῶς
1842 3330 1988 3410 ἐρευ-

2082 3335 2136 3396 in
2167 3336 2400 3398 inferno
2431 3344 2567 3398 sunt
2597 3337 2820 3398 malitia
2869 3356 2975 3399 sua
3026 3336 3203 3416 digna
3233 3337 3508 3415 dogmata
3534 3334 3723 3396 semi-

345 3419 619 3494 νωμένων,
682 3419 828 3479 οὐδὲν
895 3421 1068 3501 ἰσχύει
1135 3430 1371 3480 τοιοῦτον
1443 3420 1774 3501 σοφίσασθαι.
1831 3422 1986 3476 Λῦται

2078 3444 2227 3487 nans
2275 3427 2334 3490 Si
2358 3433 2555 3488 autem
2578 3426 2904 3506 Scriptura}
2925 3433 3086 3488 recte
3109 3427 3544 3504 examinentur,
3569 3421 3719 3484 nihil

348 3509 446 3586 γάρ
518 3510 614 3564 εἶσι
681 3508 877 3590 λύχνος
958 3511 1045 3567 καὶ
1117 3517 1252 3591 φῶς,
1325 3510 1414 3566 καὶ
1481 3509 1666 3566 τούτου
1722 3510 1989 3588 φαίνοντος

2082 3514 2418 3592 hujusmodi
2453 3514 2702 3578 subdole
2746 3521 2976 3576 tentare
3024 3514 3199 3578 valet.
3244 3513 3366 3575 Illae
3395 3513 3555 3575 enim
3585 3519 3723 3574 sunt

343 3598 371 3652 6
441 3595 678 3685 κλέπτης
741 3598 825 3677 (‘2)
893 3599 1128 3678 φαίνεται
1199 3599 1286 3656 καὶ
1355 3597 1663 3678 εὑρίσκεται.
1735 3597 1984 3674 Φύγωμει

2079 3604 2167 3664 fax
2204 3611 2259 3664 et
2289 3604 2510 3680 lumen,
2535 3624 2650 3685 quo
2672 3615 2998 3684 apparente
3020 3610 3266 3685 apparet
3287 3603 3380 3665 fur
3409 3609 3468 3666 et
3496 3602 3720 3680 detegi-

342 3685 452 3761 οὖν,
485 3683 695 3766 ἀδελφοί
743 3709 866 3762 μου,
917 3697 1011 3747 τοῦ
1057 3686 1308 3748 πλουσίου
1351 3688 1451 3755 τὴν
1495 3687 1743 3762 μίμησιν,
1776 3687 1864 3742 καὶ
1890 3685 1983 3753 τὴν

2078 3700 2188 3753 tur.
2265 3683 2583 3772 Fugiamns
2651 3683 2850 3772 igitur,
2937 3683 3177 3768 fratres,
3264 3692 3460 3754 divitis
3540 3691 3719 3771 hujus

339 3773 536 3834 ἐκείνου
605 3774 976 3856 ἀπανθρωπίαν
1061 3779 1374 3853 μισήσωμεν
1446 3793 1463 3808 ⁸
1537 3774 1864 3850 ζηλώσωμεν
1933 3771 1980 3830 δὲ

2073 3771 2430 3862 exemplum,
2458 3790 2515 3843 et
2537 3783 2666 3862 ejus
2684 3771 3181 3845 inhumanitatem
3209 3781 3344 3844 odio
3369 3781 3714 3844 habeamus.

342 3862 439 3929 τὴν
518 3872 612 3923 τοῦ
678 3865 916 3944 Λαζάρου
985 3864 1295 3947 φιλοσοφίαν
1364 3865 1452 3922 καὶ
1517 3865 1815 3944 καρτερίαν.
1888 3863 1983 3919 Διὰ

2075 3870 2440 3933 ιίΕηιιιιθῐηυι·
2466 3880 2660 3934 autem
2693 3872 2891 3934 Lazari
2921 3872 3360 3954 philosophiam
3384 3878 3444 3932 et
3478 3870 3716 3952 patien-

343 3953 441 4031 γὰρ
496 3963 650 4013 τοῦτο
703 3963 867 4013 ταῦτα
922 3958 1252 4036 προείρηται,
1308 3954 1402 4010 ἵνα
1458 3954 1536 4030 μὴ
1604 3954 1671 4009 τὰ
1726 3953 1856 4012 αὐτὰ
1909 3959 1984 4027 τῷ

2076 3959 2234 4022 tiam.
2271 3959 2353 4021 Ea
2400 3961 2561 4022 enim
2615 3961 2896 4041 praedicta
2926 3953 3100 4036 sunt,
3151 3979 3228 4022 ne
3278 3959 3487 4023 eadem
3537 3978 3717 4040 quam

342 4038 574 4115 πλουσίῳ
602 4042 876 4119 πάθωμεν.
939 4047 998 4102 Εἰ
1052 4047 1151 4124 γὰρ
1200 4042 1441 4101 ἐϐούλετο
1485 4041 1732 4121 κολάσαι,
1785 4042 1880 4097 οὒκ
1925 4039 1983 4098 ἂν

2078 4049 2240 4111 dives
2271 4049 2581 4130 patiamur.
2615 4038 2710 4112 Si
2760 4051 2920 4112 enim
2969 4051 3144 4112 vallet
3175 4049 3413 4131 punire,
3442 4038 3576 4110 noni
3592 4050 3719 4111 haec

339 4139 496 4188 τοῦτα
526 4144 782 4210 μροετπεν
835 4147 850 4162 ⁸
903 4131 1086 4202 ἐπειδὴ
1137 4131 1191 4190 δὲ
1239 4143 1402 4192 τυῦτο
1443 4136 1502 4191 0-5
1550 4129 1819 4210 βούλεται,
1863 4130 1980 4186 τού-

2075 4129 2447 4219 praediCeret.
2470 4137 2615 4202 Cum
2647 4147 2845 4202 autem
2875 4141 2936 4201 id
2967 4159 3086 4201 non
3110 4129 3270 4215 velit,
3304 4139 3529 4202 idcirco
3560 4157 3714 4220 prae-

339 4239 431 4277 του
481 4220 639 4299 χάριν
673 4219 962 4308 προλέγει,
1022 4221 1114 4279 ’ίνα
1172 4228 1240 4300 τῇ
1276 4221 1558 4304 προῤῥήσει
1606 4217 1980 4308 σωφρονισθέν-

2078 4217 2244 4302 dicit,
2278 4235 2340 4288 ut
2383 4227 2768 4308 praedictione
2817 4228 2918 4290 illa
2965 4222 3265 4308 sapientes
3309 4229 3470 4304 facti,
3523 4217 3719 4308 ipsum

339 4329 426 4372 τες
497 4308 594 4375 τὴν
665 4307 750 4365 διὰ
819 4320 911 4370 τοῦ
991 4312 1304 4392 πράγματος
1387 4322 1578 4390 πεῖραν
1643 4307 1980 4382 ἐκκλίνωμεψ

2079 4307 2552 4396 experimentum
2602 4317 2994 4379 declinemus.
3033 4307 3462 4398 Respiciamus,
3515 4307 3715 4396 igitur,

339 4393 726 4473 Ἀνανήψωμεν
769 4401 961 4474 τοίνυν,
1009 4400 1304 4479 ἀγαπητοὶ,
1353 4401 1442 4457 καὶ
1491 4398 1592 4463 ἕως
1649 4397 1830 4477 καιρός
1879 4396 1980 4452 ἐστι

2076 4393 2434 4484 charissimi,
2469 4415 2527 4468 et
2555 4407 2694 4468 dum
2726 4415 2960 4488 tempus
2982 4418 3073 4469 est
3096 4393 3487 4486 pdenitentiw,
3513 4393 3717 4486 culpas

341 4487 643 4562 μετανοίας,
703 4489 797 4552 τὰς
855 4489 1110 4568 ἁμαρτίας
1165 4490 1574 4569 ἀπονιψώμεθα,
1628 4488 1715 4543 καὶ
1763 4485 1843 4562 μὴ
1891 4485 1982 4553 τὴν

2074 4491 2404 4575 abluamus,
2439 4513 2632 4576 neque
2681 4485 2938 4575 patulam
2991 4502 3047 4556 et
3092 4485 3269 4556 latam
3299 4493 3535 4556 malitia:
3561 4485 3715 4555 viam

337 4573 600 4630 πλατεῖαν
655 4579 743 4632 καὶ
785 4577 1085 4658 εύρύχωρον
1130 4582 1230 4644 τῆς
1284 4579 1469 4642 κακίας
1523 4574 1664 4656 ὁδὸν,
1715 4579 1816 4641 τῆς
1873 4595 1978 4630 στε-

2076 4589 2336 4670 augustze
2367 4573 2424 4642 et
2470 4573 2647 4644 arcta:
2685 4573 2980 4646 vvirtutum
3031 4583 3139 4644 vim
3187 4583 3594 4663 praeferamus.
3653 4583 3717 4648 Si

336 4667 434 4730 τῆς
509 4665 595 4720 καὶ
663 4663 1016 4740 τεθλιμμένης
1104 4673 1210 4722 τῶν
1278 4667 1476 4746 ἀρετῶν
1547 4665 1977 4746 προτιμήσωμεν.

2076 4669 2238 4729 enim
2269 4679 2328 4731 et
2355 4671 2469 4732 lata
2527 4683 2583 4732 et
2628 4672 2817 4735 facilis
2868 4679 2957 4734 est
2997 4671 3237 4734 malitiae
3263 4672 3374 4748 via,
3407 4673 3717 4735 nihilomi-

338 4753 396 4843 Εἰ
454 4753 555 4832 γὰρ
597 4755 685 4810 καὶ
741 4752 973 4811 πλατεῖα
1011 4752 1091 4834 (3)
1138 4756 1225 4810 καὶ
1268 4753 1512 4832 ἐνειμένη
1555 4756 1591 4822 ἡ
1647 4758 1746 4820 τῆς
1800 4752 1979 4814 κακίας

2076 4776 2184 4818 nus
2214 4757 2276 4819 in
2309 4768 2534 4823 arctum
2563 4761 2743 4823 finem
2774 4761 3042 4838 vertitur,
3087 4761 3161 4822 ad
3191 4761 3404 4823 animae
3431 4761 3717 4843 perditio-

336 4838 480 4916 ὁδὸς,
512 4840 630 4898 ἀλλ’
679 4844 754 4907 εἰς
803 4845 985 4902 στενὸν
1033 4845 1377 4925 καταστρέφει
1419 4843 1596 4919 τέλος,
1649 4841 1734 4900 ἐπὶ
1761 4841 1862 4908 τὴν
1889 4845 1977 4907 τῆς

2073 4864 2211 4907 nem
2241 4847 2466 4911 ducens
2519 4856 2578 4911 et
2629 4851 2702 4914 ad
2754 4851 3023 4914 divinum
3069 4849 3329 4914 tribunal
3378 4838 3712 4914 arcessens.

422 5027 547 5109 (96)
582 5051 622 5112 α-
645 5028 838 5112 Lisco-£1
868 5032 956 5088 καὶ
983 5065 1064 5076 -
1091 5029 1404 5111 δίδάγματα.
1438 5051 1468 5092 ι
1495 5028 1992 5109 Hacinterpreta-

2080 5031 2189 5112 λεῒν
2221 5037 2279 5093 et
2309 5030 2622 5112 ἐπετίθεντο,
2642 5027 2835 5112 habet
2863 5029 3166 5112 ἐπεπήδων,
3191 5028 3348 5111 quod
3379 5046 3498 5091 non
3523 5027 3721 5112 minus

342 5106 531 5192 tione,
565 5109 626 5170 ni
656 5108 850 5192 fallor,
884 5106 1281 5192 supersedere
1313 5119 1563 5192 poterat.
1791 5106 1810 5109 “
2077 5111 2217 5174 huic
2248 5112 2375 5172 loco
2409 5106 2703 5192 convenit,
2741 5129 2916 5191 quam
2973 5106 3288 5189 ἐπετίθεντο,
3339 5117 3516 5192 atque
3542 5108 3719 5172 etiam

423 5189 547 5283 t9?!
577 5214 603 5245 α
635 5191 804 5283 ῬΙισίε
840 5216 864 5246 ι’
901 5189 1288 5283 diritati“?
1314 5189 1388 5254 εκ
1418 5191 1553 5254 οοά·
1586 5193 1653 5253 Β·
1691 5269 1707 5283 .
1755 5271 1768 5283 .
1976 5268 1992 5283 .

1098 5192 1288 5283 adjeci
1314 5189 1388 5254 ex
1418 5191 1553 5254 cod.
1586 5193 1653 5253 B.
1691 5269 1707 5283 .
1755 5271 1768 5283 _
1976 5268 1992 5283 _
2080 5192 2363 5283 majorem
2393 5191 2517 5283 vim
2541 5191 2739 5254 habet.

423 5270 552 5350 (98)
593 5290 622 5331 ‹
655 5269 826 5354 Ἐπεί.
852 5295 892 5354 ί»
928 5270 1025 5354 Sic
1053 5265 1194 5335 dedi
1221 5272 1296 5336 de
1347 5292 1503 5350 meo,
1554 5290 1661 5353 pro
1688 5269 1795 5348 ἐπὶ,
1837 5268 1996 5354 quod

1755 5271 1795 5348 ὶ,
1837 5268 1996 5354 quod
2277 5297 2305 5329 α
2341 5265 2398 5332 ιΟ
2427 5273 2686 5341 κλέπτης.
2708 5291 2756 5354 μ)
2788 5271 3087 5344 Ἀπατεὼν,
3112 5273 3396 5354 σοφιστής.

344 5349 599 5435 uterque
634 5352 820 5435 codex
850 5351 1050 5435 habet.
1170 5433 1181 5435 _
1344 5433 1352 5435 Α
1489 5349 1494 5350 ί
1554 5349 1647 5435 -ᾉ-
1700 5431 1723 5435 _
1855 5349 1876 5354 ⁷

2088 5433 2098 5435 Α
2163 5352 2240 5430 (3)
2277 5375 2299 5410 ι
2338 5356 2396 5412 Εἰ
2422 5355 2521 5435 γὰρ
2551 5355 2638 5411 καὶ
2666 5351 2918 5413 πλατεῖα.
2955 5373 2984 5413 )
3004 5352 3120 5435 -Καί
3147 5349 3351 5435 addidi
3383 5370 3452 5414 ex
3483 5349 3616 5415 θοὰ.
3649 5351 3720 5415 Β.

428 5369 480 5412 3r
525 5369 599 5412 lle
634 5369 820 5413 (:0an
850 5369 1050 5414 Habet.

428 5369 555 5533 (δὲ)
595 5453 619 5488 σ
655 5433 890 5512 Λάζαρον
928 5433 1136 5490 ἀνελεῖν
1167 5433 1496 5515 ἐπεχείρουν.
1536 5456 1560 5490 η
1595 5433 1670 5496 ν.
1693 5431 1865 5496 Joan.
1889 5448 1995 5509 XII,

429 5559 445 5571 .
478 5510 851 5569 ἐοουλεύσαντο
882 5513 937 5570 δὲ
966 5517 1033 5571 οἱ.
1069 5537 1124 5571 κ.
1154 5538 1208 5571 τ.
1240 5514 1296 5571 λ.

2163 5369 2240 5430 (ὅ)
2277 5375 2299 5410 ι
2338 5369 2396 5412 Et
2422 5369 2521 5435 γαρ
2551 5369 2638 5411 και
2666 5369 2918 5413 πλατεῖα.
2955 5373 2984 5413 ›
3022 5369 3119 5412 Καί
3147 5369 3351 5414 auum!
3383 5370 3452 5414 ex
3483 5369 3616 5415 eoa.
3649 5369 3720 5415 ις.

2081 5433 2214 5496 Mox
2248 5435 2482 5495 correxi
2511 5451 2748 5571 quoque
2797 5451 2868 5494 ex
2911 5433 3120 5495 eodem
3171 5432 3382 5524 ἐπίτὴν
3408 5437 3720 5522 τῆσψυχῆς

2079 5521 2386 5571 καταντῶσα
2412 5515 2532 5571 ἆπώ
2570 5536 2705 5571 ειαν.
2755 5531 2861 5571 nro
2905 5511 3120 5571 auibus
3164 5521 3374 5571 vxtnose
3421 5512 3634 5571 legitur
3663 5527 3720 5571 1n

352 5509 452 5594 10,
472 5509 851 5594 ἐϐουλεύσαντο
882 5513 937 5570 δὲ
966 5517 1033 5589 οἱ,
1069 5537 1124 5594 κ,
1154 5538 1208 5578 τ.
1240 5509 1305 5576 λζ
1356 5509 1364 5514 ’
1397 5593 1400 5594 ν
1902 5593 1911 5594 7

2082 5509 2705 5594 muwaiazﬁmbkm},
2755 5531 2861 5594 pro
2905 5511 3120 5594 quibus
3164 5510 3374 5574 vitiose
3421 5509 3723 5594 legitur'in

431 5591 539 5738 (Ῑέ
556 5616 585 5649 α
617 5590 968 5653 Ἐπετίθεντο.
999 5618 1026 5650 ι
1053 5593 1154 5656 Sic
1174 5593 1407 5659 correxi
1424 5612 1530 5677 pro
1551 5594 1859 5658 ἐπιτίθεντο.
1881 5593 1994 5658 Co-

431 5692 462 5736 x
547 5722 560 5738 .
594 5671 834 5737 omissis
863 5673 1167 5738 omnibus.
1201 5693 1335 5738 cum
1378 5675 1658 5738 leguntur
1679 5674 1838 5738 inter
1863 5675 1991 5735 ἀνε-

2078 5593 2210 5658 cod.
2271 5595 2340 5656 A.
2396 5593 2518 5654 Ἐπὶ
2564 5600 2664 5663 τῆς
2715 5589 2900 5675 ψυχῆς
2923 5589 3258 5652 ’καταντῶσα
3307 5595 3380 5658 εἰς
3427 5589 3719 5652 ἀπώλειαν.

347 5671 462 5738 dei
489 5671 560 5738 B.
594 5671 834 5737 omissis
863 5673 1167 5753 omnibus,
1201 5693 1335 5759 quae
1378 5671 1658 5758 leguntur
1679 5674 1838 5740 inter
1863 5675 1991 5735 ἀνε-
