4156 6380
394 386 417 450 1
431 384 549 451 235

1464 387 1523 448 J.
1570 383 1959 449 XIPHILINI
1999 384 2114 448 ΟΡ.
2160 379 2679 448 ΡΑΤΒΙΑΒῧΗιΕ

3613 379 3771 447 1236

390 518 611 583 Contra
628 524 824 583 autem
846 519 1129 599 angustia;
1155 518 1386 581 virtutis
1406 516 1468 581 in
1495 525 1659 580 vasta
1684 517 1815 580 loca
1835 518 2030 582 dedu-

2133 523 2302 600 Ρυχῆς
2356 523 2671 576 καταντῶσα
2727 516 3020 597 ἀπώλειαν,
3081 519 3169 574 καὶ
3225 518 3356 597 πρὸς
3413 518 3480 574 τὰ
3528 516 3645 574 ἐκεῖ
3697 515 3774 573 δι-

392 615 536 671 cnnt
594 615 653 671 et
712 607 948 685 ﬁniunt,
1014 608 1257 670 multam
1325 614 1461 689 post
1524 608 1650 670 haec
1701 608 2037 688 praebentes

2133 608 2413 688 ιαιωτήρια
2446 606 2538 688 (4)
2575 605 2801 687 φέρουσα
2855 621 2870 637 ⁸

2925 607 3196 666 τοῦνανιόν
3238 604 3293 663 δὲ
3337 607 3399 664 τὸ
3452 608 3633 665 στενὸν
3666 610 3770 673 τῆς

392 696 686 779 requiem.
717 701 810 762 Ne
840 697 1019 777 igitur
1064 697 1173 758 viae
1224 696 1411 758 initiis
1462 696 1846 778 decipiamur.
1882 697 2034 770 Quid

2133 698 2309 776 ἱρετῆς
2365 698 2439 760 εἷς
2487 698 2811 776 εὐρυχωρίαν
2859 695 3054 774 ἀπάγει
3107 695 3196 751 καὶ
3252 694 3570 775 καταλήγει,
3624 693 3767 752 πολ-

394 786 555 849 enim
569 786 840 862 interest,
856 785 1135 865 agedum,
1155 791 1463 866 postquam
1482 784 1784 865 paululum
1806 792 2037 865 tempo-

2133 787 2217 855 ίὴν
2265 786 2503 867 παρέχον
2553 786 2688 861 μετὰ
2732 794 2898 844 ταῦτα
2944 786 3043 853 τὴν
3100 784 3298 848 ἄνεσιν,
3358 786 3447 853 Μὴ
3502 785 3593 842 οὖν
3648 797 3768 847 τοῖς

391 874 478 938 ris
504 874 597 936 via
645 876 762 937 lata
791 874 1314 949 ambulaverimns,
1346 874 1409 935 in
1438 872 1791 954 perditionis
1824 873 2033 953 praeci-

2133 876 2413 956 πιροοιμίοις
2467 874 2562 954 (5)
2610 874 2991 950 ἀπατηθῶμεν.
3037 881 3203 932 Ποῖον
3246 875 3344 954 γὰρ
3393 871 3606 957 ὄφελος,
3655 873 3771 931 εἰπέ

393 961 603 1042 pitium
632 961 853 1025 deferri
871 965 902 1025 ?
931 962 1099 1035 Quod
1121 962 1281 1025 enim
1303 962 1599 1024 somnium
1628 960 1702 1023 ad
1729 963 2033 1024 veritatem

396 1057 510 1125 est,
539 1049 602 1111 id
634 1068 897 1131 praesens
919 1051 1037 1113 vita
1063 1050 1136 1112 ad
1188 1050 1446 1112 futuram
1493 1051 1887 1113 mansionem.
1921 1050 2037 1112 Sed

395 1138 470 1200 ad
498 1138 809 1220 utriusque
840 1139 1018 1201 ﬁnem
1050 1139 1468 1220 respicientes,
1502 1138 1776 1201 virtntem
1808 1139 2039 1220 ample-

398 1232 651 1290 ctamur.
681 1229 758 1291 Et
790 1227 840 1289 si
870 1230 1242 1310 opportnerit
1280 1235 1523 1309 propter
1550 1244 1681 1291 eam
1703 1228 1764 1288 in
1788 1227 2042 1290 infortu-

396 1315 564 1377 nium
592 1315 896 1398 incedere,
947 1336 1023 1379 ne
1070 1317 1548 1398 despondeamns
1592 1316 1881 1391 animum,
1933 1316 2039 1379 sed

398 1403 599 1465 omnia
626 1422 915 1483 generose
944 1405 1225 1479 feramus,
1251 1405 1581 1467 futurorum
1612 1404 1904 1466 bonorum
1936 1421 2042 1485 spe

395 1489 681 1569 roborati,
715 1502 773 1555 et
790 1501 982 1555 ratum
1005 1492 1293 1556 habentes
1315 1495 1505 1556 Deum
1529 1512 1638 1554 nos
1659 1493 1721 1554 in
1751 1492 2038 1555 tentatio-

396 1598 506 1644 nes
534 1580 803 1645 incidere
845 1581 981 1645 ideo
1028 1582 1395 1663 permittere,
1449 1589 1515 1644 ut
1559 1581 1657 1644 hic
1689 1580 1958 1643 mundati
1982 1589 2042 1643 et

397 1686 636 1731 omnem
660 1670 941 1733 malitiam
963 1670 1336 1751 abjicientes,
1361 1688 1568 1751 puram
1592 1678 1785 1732 etnon
1802 1670 2039 1732 mistam

397 1755 692 1820 bonorum
737 1758 1193 1821 retributionem
1238 1758 1623 1839 accipiamus.
1677 1757 1741 1820 Si
1771 1759 2041 1820 volumns

395 1845 576 1926 igitur
601 1846 765 1909 illam
798 1847 1094 1925 obtinere,
1114 1847 1473 1909 laboriosam
1503 1855 1562 1909 et
1580 1865 1846 1909 severam
1865 1846 2041 1909 vitam

2124 986 2239 1041 μοι,
2310 966 2442 1045 πρὸς
2507 962 2684 1041 ὀλίγον
2758 963 2858 1032 τὴν
2928 964 3227 1044 εὐρύχωρον
3299 962 3632 1040 βαδίσαντας.
3694 965 3770 1027 εἷς

2121 1053 2359 1132 κρημνὸν
2425 1049 2691 1115 ἀπωλείας
2781 1056 3192 1133 κατενεχθῆναι,
3263 1049 3527 1131 καὶίῶαρ,
3585 1054 3655 1114 ὡς
3705 1052 3777 1106 εί-

2121 1154 2269 1222 πεῖν,
2356 1142 2736 1221 τρυφήσαντες,
2822 1138 3087 1220 ἀπέραντα
3169 1141 3533 1217 βασανίζεσθαι
3625 1138 3773 1219 (ὅπερ

2122 1230 2223 1309 γὰρ
2278 1227 2363 1310 (6)
2420 1227 2545 1309 ὄναρ
2599 1229 2731 1308 πρὸς
2785 1225 3057 1310 ἀλήθειαν,
3126 1239 3279 1288 τοῦτο
3337 1230 3365 1284 6
3419 1228 3601 1307 παρὼν
3661 1228 3775 1305 βίος

2122 1320 2254 1397 πρὸς
2304 1318 2402 1386 τὴν
2450 1316 2745 1395 μέλλουσαν
2796 1315 3115 1399 διαγωγὴν),
3165 1316 3302 1375 ἀλλὰ
3353 1318 3484 1396 πρὸς
3533 1317 3600 1374 τὰ
3641 1316 3772 1383 τέλη

2123 1406 2383 1487 ἑκατέρων
2438 1406 2761 1487 ἀφορῶντες,
2818 1406 2917 1473 τὴν
2987 1406 3179 1487 ἀρετὴν
3236 1406 3619 1486 ἀπασώμεθα,
3676 1403 3774 1461 κᾶν

2121 1492 2211 1572 δέῃ
2255 1497 2401 1572 ἡμᾶς
2449 1508 2748 1575 συμφοραῖς
2797 1492 2882 1551 διὰ
2924 1495 3123 1563 ταύτην
3173 1507 3506 1575 περιπεσεῖν,
3555 1495 3633 1570 μὴ
3675 1493 3773 1550 ἐκ-

2122 1584 2469 1664 κακήσωμεν,
2539 1582 2676 1640 ἀλλὰ
2744 1591 2994 1663 γενναίως
3050 1584 3261 1641 ἅπαντα
3320 1583 3585 1663 φέρωμεν,
3645 1594 3770 1645 ταῖς

2121 1677 2227 1729 τῶν
2281 1671 2582 1747 μελλόντων
2640 1670 2813 1729 ἐλπίσι
2870 1673 3202 1751 νευρούμενοι
3260 1672 3373 1752 (7),
3427 1673 3516 1728 καὶ
3571 1669 3774 1750 πληροο

2123 1761 2461 1841 φορούμενοι,
2493 1763 2569 1825 ὡς
2614 1759 2699 1840 (8)
2742 1775 2861 1825 τοῖς
2900 1774 3222 1840 πειρασμοῖς
3266 1763 3409 1836 ἡμᾶς
3456 1761 3769 1817 ὑποπίπτειν

2124 1851 2153 1905 6
2223 1852 2353 1913 Θεὸς
2424 1863 2722 1930 συγχωρεῖ,
2792 1848 2887 1906 ἵνα
2968 1850 3184 1908 ἐνταῦθα
3261 1849 3626 1929 καθαρθέντες,
3683 1848 3775 1903 καὶ

396 1933 779 2012 inchoemus,
803 1954 916 1999 nec
932 1954 1087 2017 aegre
1106 1944 1166 1998 et
1186 1935 1565 2016 impatienter
1584 1936 1842 1997 feramus
1874 1936 2037 2000 cala-

2133 1942 2300 1993 πᾶσαν
2368 1928 2564 1995 κακίαν
2618 1928 3006 2018 ἀποϐαλόντες,
3077 1939 3306 2019 καθαρὰν
3375 1928 3464 1995 καὶ
3551 1937 3773 2013 ἔμικτον

401 2020 640 2085 mitates
670 2030 729 2085 et
759 2023 1051 2101 miserias,
1087 2032 1225 2085 utet
1246 2024 1527 2086 auxilium
1549 2024 1621 2086 ad
1649 2041 1747 2086 eas
1770 2024 2043 2085 ferendas

398 2127 857 2192 consequamur,
894 2120 953 2175 et
977 2112 1039 2175 in
1059 2111 1193 2175 sinu
1211 2111 1469 2175 Abrahae
1492 2113 1958 2195 repuiescamus,
1980 2112 2043 2173 in

400 2196 635 2262 Christo
665 2201 803 2264 Iesu
830 2200 1082 2264 Domino
1114 2208 1343 2278 nostro,
1376 2200 1471 2265 cui
1493 2201 1682 2283 gloria
1709 2203 1772 2263 in
1800 2200 2041 2264 saecula.

397 2289 612 2352 Amen.

2125 2026 2226 2093 τὴν
2278 2031 2382 2084 τῶν
2438 2026 2647 2104 ἀγαθῶν
2702 2025 2946 2104 λάϐωμεν
3004 2026 3285 2089 ἀντίδοσιν.
3336 2028 3393 2085 Εἰ
3442 2025 3529 2083 οὗν
3581 2023 3775 2084 ϐουλό-

2128 2117 2259 2189 μεθα
2319 2118 2516 2182 ταύτης
2576 2116 2876 2197 ἐπιτυχεῖν,
2948 2118 3039 2173 τὸν
3092 2116 3340 2173 ἐπίπονον
3396 2116 3484 2172 καὶ
3540 2112 3774 2193 σκληρὸν

2125 2202 2236 2279 βίον
2286 2202 2549 2280 ἑλώμεθα,
2595 2206 2683 2261 καὶ
2735 2206 2813 2281 μὴ
2864 2204 3382 2280 ἀποδυσπετήσωμεν
3429 2201 3510 2281 (9)
3574 2203 3625 2262 ἐν
3652 2216 3773 2265 τοῖς

2124 2303 2468 2369 πειρασμοῖς,
2531 2293 2604 2356 ὡς
2662 2291 2725 2349 ἂν
2792 2296 2882 2350 καὶ
2937 2296 3035 2364 τὴν
3094 2295 3341 2370 βοήθειαν
3394 2294 3526 2372 πρὸς
3582 2292 3771 2354 αὐτοὺς

398 2376 835 2459 ἐπισπασώμεθα,
908 2382 997 2437 καὶ
1050 2380 1106 2437 ἐν
1174 2393 1291 2446 τοῖς
1360 2389 1453 2441 τοῦ
1523 2378 1764 2459 Ἀϐραὰμ
1827 2379 2047 2444 κόλποις
2090 2378 2533 2457 ἀναπαυσώμεθα.
2582 2380 2637 2440 ἐν
2691 2389 2901 2462 Χριστῷ
2954 2381 3132 2453 Ἰησοῦ
3180 2388 3258 2457 τῷ
3316 2384 3485 2461 Κυρίω
3538 2380 3694 2455 ἡμῶν
3754 2396 3770 2413 ·

397 2467 444 2540 ᾧ
470 2467 506 2536 ἡ
536 2464 657 2534 δόξα
685 2468 758 2531 εἰς
788 2467 910 2532 τοὺς
941 2470 1157 2532 αἰῶνας.
1194 2466 1390 2545 Ἀμήν,

665 2606 1033 2674 DOMINICA
1062 2607 1366 2674 TERTIA.
1397 2607 1785 2674 MATTIUEI.

585 2712 716 2778 Vox
781 2716 1069 2780 secunda.
1146 2718 1520 2780 Matutinum
1590 2718 1865 2780 tertium.

481 2845 744 2908 Avaritia
773 2846 923 2910 nihil
954 2855 1043 2910 est
1071 2847 1365 2911 funestius
1409 2847 1680 2930 nihilque
1727 2856 1818 2910 est
1845 2867 2049 2914 amore

405 2931 741 2996 divitiarum
757 2937 948 3016 pejus.
978 2936 1199 2999 Domus
1215 2935 1383 3000 enim
1397 2943 1545 2999 totas
1569 2937 1777 2999 evertit
1806 2945 1863 2999 et
1890 2937 2050 3001 bella

405 3037 619 3101 magna
649 3022 948 3107 excitavit,
982 3032 1041 3087 et
1072 3024 1251 3087 urbes
1300 3043 1337 3086 a
1383 3025 1782 3088 fundamentis
1812 3029 2022 3089 evertit

2027 3077 2112 3145 3C.

2477 2608 2771 2674 xrpuxu
2802 2590 2883 2667 ν’.
2918 2611 3047 2663 Tor
3077 2610 3441 2666 mmemor.

2653 2698 2827 2791 Ἦχος
2856 2699 2930 2775 ϐ’.
2965 2712 3178 2768 ἑωθινὸν
3208 2699 3265 2790 γ’

2213 2853 2322 2918 Τῆς
2392 2850 2730 2931 φιλαργυρίας
2785 2851 2917 2933 (10)
2990 2851 3134 2912 οὐδέν
3204 2851 3314 2909 ἐστι
3371 2851 3776 2934 χαλεπώτερον,

2129 2939 2217 2995 καὶ
2271 2944 2372 3007 τῆς
2436 2939 2867 3020 φιλοχρηματίας
2924 2939 3070 3001 οὐδὲν
3126 2941 3353 3021 ὑπάρχει
3414 2939 3700 3021 δεινότερον
3761 2959 3778 2975 ⁸

2132 3025 2314 3091 οἴκους
2380 3029 2479 3108 γὰρ
2548 3028 2872 3110 ὁλοκλήρους
2943 3030 3290 3109 κατέστρεψε,
3360 3031 3449 3087 καὶ
3513 3029 3782 3107 πολέμους

406 3110 704 3200 etfratres
733 3112 890 3176 inter
937 3132 1004 3177 se
1051 3114 1113 3175 in
1162 3114 1429 3176 furorum
1479 3115 1620 3196 egit,
1670 3122 1728 3176 et
1758 3117 2044 3195 patresin

2133 3116 2394 3194 μεγάλους
2454 3117 2661 3185 ἐκίνησε
2720 3117 2865 3200 (Η),
2923 3120 3012 3176 καὶ
3066 3118 3248 3183 πόλεις
3299 3118 3359 3175 ἐκ
3411 3116 3612 3198 ϐάθρων
3654 3118 3782 3176 ἀνέ-

404 3196 556 3260 ﬁlios
577 3199 835 3281 impulit,
861 3208 921 3264 et
948 3202 1314 3266 lenissimam
1343 3203 1657 3265 hominum
1689 3210 1958 3269 naturam
1982 3205 2046 3267 in

402 3302 617 3375 saevam
646 3289 915 3372 mutavit,
943 3297 1003 3353 et
1034 3297 1312 3355 sexcenta
1340 3290 1457 3353 alia
1480 3292 1635 3354 mala
1663 3301 1906 3373 operata
1935 3302 2044 3375 est,

401 3373 723 3440 Avaritiam
754 3396 1006 3460 magnus
1034 3380 1256 3444 Paulus
1276 3379 1536 3442 radicem
1569 3381 1834 3443 omnium
1866 3373 2047 3445 malo?

402 3482 560 3543 rum,
594 3473 653 3527 et
680 3467 1005 3530 secundam
1033 3467 1425 3531 idololatriam
1459 3470 1799 3550 appellavit,
1831 3469 2051 3553 quippe

407 3570 542 3636 qua:
598 3554 942 3619 hominibus
1010 3557 1259 3620 suadeat
1325 3565 1393 3621 ut
1448 3556 1669 3620 divitiis
1725 3559 2045 3637 conﬁdant,

404 3659 601 3722 neque
625 3642 691 3704 in
741 3642 932 3706 Deum
971 3663 1140 3727 spem
1181 3664 1348 3707 suam
1390 3654 1629 3727 ponant.
1650 3646 1735 3708 Ac
1752 3647 2047 3728 quemad-

403 3729 649 3793 modum
704 3730 1032 3795 idololatrae
1072 3741 1374 3797 creaturas
1403 3742 1764 3799 venerantur
1818 3746 1875 3799 et
1931 3754 2051 3799 non

401 3815 618 3895 Deum,
649 3818 735 3882 ita
764 3838 977 3886 avarus
1006 3839 1149 3884 auro
1182 3823 1367 3885 servit
1397 3832 1458 3887 et
1486 3842 1606 3886 non
1640 3823 1898 3889 Christo.
1930 3824 2052 3887 Sed

402 3906 768 3990 studeamns,
790 3908 1181 3989 dilectissimi,
1201 3911 1377 3974 talem
1388 3911 1690 3987 morbum,
1704 3920 1767 3974 ut
1784 3913 2051 3977 omnium

402 3993 696 4057 malorum
752 3996 1041 4080 radicem,
1115 3999 1359 4062 omnino
1429 4018 1503 4062 ex
1560 4004 1778 4063 nostris
1834 4001 2051 4064 animis

405 4082 757 4163 exstirpare,
788 4092 857 4147 nt
905 4087 968 4147 in
1016 4089 1294 4167 praesenti
1342 4088 1461 4150 vita
1509 4090 1708 4151 omnia
1751 4109 1881 4170 quae
1908 4089 2051 4152 inde

406 4170 683 4233 oriuntur
713 4172 866 4235 mala
911 4171 1223 4254 fugiamus,
1276 4184 1334 4238 et
1388 4176 1564 4240 futuri
1615 4177 1816 4239 saeculi
1847 4196 2052 4259 poenas

402 4276 474 4322 ac
504 4260 795 4343 supplicia
817 4262 1099 4327 vitemus.
1129 4264 1219 4327 Ab
1248 4266 1363 4327 hac
1394 4265 1638 4328 avaritia
1684 4277 1744 4329 et
1775 4267 2051 4331 omnibus

2129 3211 2311 3285 τρεψε,
2362 3207 2450 3262 καὶ
2496 3205 2750 3288 ἀδελφοὺς
2791 3205 2911 3265 κατ’
2961 3206 3209 3278 ἀλλήλων
3256 3205 3500 3283 ἐξέμηνε,
3552 3208 3639 3264 καὶ
3666 3230 3781 3265 πα-

2130 3294 2285 3374 τέρας
2354 3296 2492 3352 κατὰ
2554 3295 2752 3354 τέκνων
2816 3294 3077 3377 ἐξήγειρε,
3133 3297 3222 3353 καί
3270 3297 3370 3363 τὴν
3427 3297 3780 3377 ἡμερωτάτην

2129 3389 2236 3440 τῶν
2306 3383 2592 3463 ἀνθρώπων
2662 3385 2811 3465 φύσιν
2876 3384 3207 3466 ἐξεθηρίωσε,
3278 3386 3365 3442 καὶ
3436 3386 3591 3465 μυρία
3644 3383 3783 3444 ἄλλα

2133 3473 2275 3529 κακὰ
2320 3473 2728 3552 κατειργάσατο.
2783 3473 2893 3542 Τὴν
2949 3473 3286 3554 φιλαργυρίαν
3338 3476 3367 3531 6
3420 3473 3589 3552 μέγας
3640 3482 3781 3534 [116-

2128 3558 2224 3625 λος
2272 3561 2414 3639 ῥίζαν
2462 3568 2568 3619 τῶν
2615 3568 2790 3619 κακῶν
2841 3563 3052 3638 μάντων
3100 3564 3369 3639 ὠνόμασε,
3420 3564 3509 3619 καὶ
3539 3561 3782 3643 δευτέραν

2136 3647 2563 3730 εἰδωλολατρείαν
2609 3650 2880 3727 ἐκάλεσεν,
2940 3654 3013 3717 ὡς
3069 3653 3345 3712 πείθουσαν
3402 3653 3523 3716 τοὺς
3574 3653 3783 3733 ἀνθρώ-

2134 3760 2265 3803 πους
2305 3740 2549 3820 χρήμασι
2595 3740 2924 3820 πεποιθέναι,
2977 3744 3065 3799 καὶ
3103 3742 3182 3818 μὴ
3210 3747 3296 3819 ξτῇ
3351 3743 3425 3805 εἷς
3458 3743 3586 3799 Θεὸν
3616 3740 3788 3799 ἐλπίδι

2133 3826 2341 3907 θαῤῥεῖν
2400 3843 2415 3859 ⁸
2477 3830 2565 3885 καὶ
2620 3828 2702 3886 ὅτι
2756 3830 2991 3911 καθάπερ
3035 3835 3082 3890 οἱ
3130 3829 3505 3911 εἰδωλολάτραι
3550 3832 3616 3888 τὰ
3663 3834 3785 3889 κτί-

2135 3937 2312 3993 σματα
2342 3913 2604 3991 σέϐονται,
2657 3918 2745 3974 καὶ
2795 3922 2855 3978 οὒ
2900 3920 2991 3976 τὸν
3041 3922 3194 3996 Θεὸν,
3252 3919 3389 3977 οὕτω
3414 3921 3503 3977 καὶ
3533 3922 3561 3977 6
3590 3919 3787 4000 φιλάρ-

2134 4027 2291 4085 γυρος
2318 4012 2396 4081 τῷ
2437 4012 2621 4086 χρυσῷ
2662 4007 2919 4089 πείθεται,
2969 4010 3055 4065 καὶ
3102 4013 3161 4069 οὗ
3208 4016 3285 4084 τῷ
3332 4015 3564 4089 Χριστῷ.
3620 4006 3788 4066 Ἀλλὰ

2135 4091 2537 4174 σπουδάσωμεν,
2609 4094 2899 4174 ἀγαπητοὶ,
2984 4098 3082 4166 τὴν
3146 4098 3394 4165 τοιαύτην
3465 4097 3642 4176 νόσον,
3712 4099 3785 4161 ὡς

2137 4182 2276 4258 ῥίζαν
2347 4182 2558 4239 πάντων
2627 4189 2733 4240 τῶν
2799 4190 2978 4241 κακῶν
3051 4184 3324 4265 πρόῤῥιζον
3382 4186 3629 4262 ἐκτεμεῖν
3677 4186 3784 4242 ἀπὸ

2133 4276 2238 4327 τῶν
2268 4270 2540 4351 ἡμετέρων
2589 4275 2802 4353 ψυχῶν,
2852 4275 2927 4337 ὡς
2974 4272 3037 4330 ἂν
3084 4276 3172 4331 καὶ
3218 4274 3271 4332 ἐν
3314 4282 3391 4351 τῷ
3437 4275 3785 4354 παρόντι

403 4345 547 4409 inde
577 4348 906 4413 orientibus
956 4352 1129 4415 malis
1176 4351 1434 4416 liberare
1482 4373 1592 4416 nos
1640 4354 1843 4417 volens
1873 4354 2045 4417 Chri-

403 4443 526 4466 ιιι-υ-
585 4439 889 4466 ...ιιι-.--Α-ᾹΞ-
947 4441 1222 4466 _..-__..SL
1269 4442 1438 4466 __-_L-
1523 4442 1679 4466 n:__2.
1722 4443 2002 4466 n__-_:_-_s_

2139 4345 2319 4416 πάντα
2353 4345 2449 4415 τὰ.
2474 4360 2534 4416 ἐκ
2579 4345 2794 4428 ταύτης.
2821 4362 3054 4440 φυόμενα
3108 4362 3251 4421 δεινά
3291 4345 3648 4444 διαφύγωμεν,
3685 4345 3785 4420 καὶ

402 4443 549 4523 stus,
583 4439 895 4521 sequentia
946 4441 1224 4523 proponit
1268 4442 1467 4505 verba.
1522 4442 1682 4505 Dixit
1717 4443 2043 4506 Dominus:

409 4544 440 4586 ‹
460 4522 728 4590 Lucerna
747 4528 1013 4611 corporis
1033 4522 1124 4592 est
1143 4531 1373 4596 oculus.
1395 4531 1457 4595 Si
1483 4531 1689 4594 oculus
1716 4539 1848 4593 tuus
1874 4532 2051 4598 fuerit

402 4611 677 4694 simplex,
722 4622 911 4680 totum
965 4636 1184 4700 corpus
1233 4627 1395 4683 tuum
1446 4620 1713 4684 lucidum
1771 4622 1937 4697 erit;
1996 4623 2049 4685 si

399 4707 599 4765 autem
626 4705 831 4768 oculus
874 4714 1008 4769 tuus
1052 4707 1232 4771 fuerit
1277 4728 1557 4791 nequam,
1613 4718 1802 4773 totum
1831 4728 2048 4791 corpus

398 4795 567 4853 tuum
596 4793 974 4858 tenebrosum
1006 4796 1142 4864 erit.
1192 4798 1257 4860 Si
1305 4817 1445 4879 ergo
1475 4800 1677 4862 lumen
1707 4798 1864 4881 quod
1897 4799 1958 4860 in
1988 4806 2045 4862 te

399 5046 431 5105 λ
483 4967 569 5120 (4⁷)
607 4991 636 5027 α
667 4974 1049 5054 Δικαιωτήρια.
1073 4997 1103 5030 ιι
1142 4979 1486 5058 Δικαστήρια,
1518 4979 1918 5059 βασανιστήρια,
1954 5003 2053 5039 κο-

434 5070 534 5107 αστ
577 5073 686 5120 ρια.

434 5070 686 5131 αστηρια.

479 5129 630 5215 (ξμς
658 5141 791 5197 Τοῖς
820 5137 1142 5215 προοιμίοις.
1183 5156 1207 5193 ιι
1242 5134 1433 5215 Initiis
1467 5136 1572 5198 viae
1604 5144 1662 5199 et
1692 5137 1944 5204 itineris.

601 5233 630 5267 α
684 5221 824 5292 Οπερ
843 5210 989 5296 γάρ(
1019 5239 1043 5274 ι)
1079 5219 1184 5296 ra?
1211 5214 1413 5296 addidi
1444 5235 1514 5278 ex
1544 5218 1614 5281 Β.

477 5289 562 5379 ρ(
600 5312 628 5346 α
662 5289 1029 5379 Νευρούμενοι.
1054 5289 1510 5379 ,η-Αίῖοῃῐξιιῐηειιί,
1548 5298 1940 5379 corroborati.
1972 5299 2045 5365 V.

624 5388 688 5462 p.
801 5366 1340 5462 6,503,531,989,
1366 5366 1759 5462 ed_i_t_'._(:‘.plon._
1780 5380 2045 5462 Allobrg.

397 5447 667 5539 4613,.ét
694 5450 965 5539 Alciphr.
1002 5447 1107 5518 lib.
1143 5454 1245 5539 III,
1278 5447 1388 5534 Ep.
1423 5454 1621 5534 XLIX,
1651 5478 1710 5539 p,
1732 5459 1870 5539 386,
1897 5447 2052 5539 σῶᾷα

398 5556 495 5616 -Δ
505 5529 725 5616 νεότητι.
742 5529 844 5589 καί
858 5534 1008 5611 ἀκμῇ
1037 5529 1411 5616 νευροκύμενον
1421 5584 1435 5598 .

601 5630 630 5663 α
663 5607 1156 5695 ῌληροφορούμενόι
1185 5607 1284 5681 ὡς.
1333 5617 1768 5695 ξ-Πεπεισμένοι,
1802 5621 1906 5685 ὅτι,

669 5684 1256 5783 Ἀπόδυῖεξειτετζῖήσωμεν.Δ
1275 5718 1304 5751 ι
1338 5693 1462 5783 Nec
1484 5684 1721 5783 aegrest
1737 5684 2052 5781 impatien-

401 5764 503 5827 ter
518 5764 779 5830 feramus
809 5764 1172 5837 calamitates
1202 5780 1265 5837 et
1320 5764 1613 5844 miserias.
1643 5764 1900 5844 Utunthr
1930 5764 2046 5848 hoc

2139 4447 2237 4514 τὴν
2304 4447 2358 4503 ἐν
2429 4454 2508 4523 τῷ
2577 4447 2825 4525 μέλλοντι
2895 4454 3043 4509 αἰῶνι
3115 4449 3475 4533 διαδράσωμεν
3528 4453 3785 4531 τιμωρίαν

2138 4536 2227 4592 καὶ
2287 4533 2526 4596 κόλασιν.
2585 4538 2792 4607 Ταύτης
2847 4544 2947 4608 τῆς
3006 4540 3370 4621 φιλαργυρίας,
3429 4542 3516 4598 καὶ
3571 4541 3786 4597 πάντων

2134 4629 2240 4681 τῶν
2293 4624 2353 4681 ἐκ
2407 4626 2603 4695 ταύτης
2645 4634 2824 4686 κακῶν
2868 4629 3165 4696 ἀπαλλάξαι
3209 4628 3528 4693 ϐουλόπενος
3590 4628 3714 4709 (12)
3756 4632 3786 4686 6

2134 4713 2385 4794 Χριστὸς,
2453 4715 2521 4771 τὰ
2582 4716 2900 4798 προκείμενα
2969 4727 3133 4779 ταῦτα
3206 4720 3480 4798 προρίθησι
3543 4718 3782 4796 ῥήματι.

2129 4802 2300 4860 Εἶπεν
2329 4804 2358 4859 6
2389 4803 2576 4883 Κύριος
2606 4819 2620 4835 ⁸
2660 4827 2688 4860 α
2740 4796 2796 4864 ²Ο
2835 4804 3031 4887 λύχνος
3079 4806 3126 4888 (4
3143 4806 3208 4888 3)
3231 4796 3325 4866 τοῦ
3353 4807 3602 4883 σώματός
3648 4807 3786 4863 ἐστιν

2141 4977 2426 5074 vacabulo
2469 4979 3039 5074 gregarLDaz’ianz.
3067 5000 3152 5074 Ap.
3359 4984 3462 5074 37,
3510 4991 3569 5074 et
3612 4983 3784 5074 Diog.

2141 5061 2431 5141 Lae_rt._p.
2463 5062 2565 5136 61,
2599 5061 2661 5123 in
2690 5061 2824 5125 Vita
2875 5061 3157 5128 Socratis.
3208 5062 3363 5127 Hinc
3407 5061 3785 5133 ἀποδυσπέτῆ-

2135 5138 2557 5223 mcinOpusc.
2594 5143 2774 5223 myth.
2809 5144 2997 5206 Galei.
3033 5161 3094 5222 ι).
3126 5144 3266 5207 234.

2138 5299 2150 5311 _
2216 5220 2338 5311 (10)
2379 5220 2534 5311 ἀρῆς
2557 5220 2918 5304 φιλάργυρίας.
2943 5248 2966 5281 ιι
2992 5220 3184 5287 Etiam
3207 5226 3334 5289 haec
3354 5224 3543 5289 oratio
3566 5224 3785 5306 legitur

2133 5318 2197 5467 in
2213 5299 2706 5467 (ﬁag._'Bi_l9XéPOV¢
2737 5384 2998 5464 μεγάλους
3028 5386 3260 5454 ἐκίνησε.
3298 5405 3326 5446 1
3378 5384 3648 5463 Πολέμους
3680 5409 3785 5467 λα’

2133 5458 2325 5526 λεποὺς
2355 5458 2698 5527 ἀνεῤῥίπισεν,
2733 5458 2793 5524 Β.

2213 5541 2344 5639 ςίὲ)
2383 5565 2411 5597 α
2445 5541 2765 5611 Ἀπολλάξαι
2794 5545 3135 5626 βουλόμενος.
3161 5571 3190 5604 ι
3216 5544 3468 5609 Videtur
3491 5544 3786 5608 excidisse

2132 5622 2342 5783 ἡμῗίθ)
2372 5724 2403 5758 α
2438 5693 2495 5762 '0
2523 5701 2741 5787 λύχνος.
2776 5703 2981 5769 Matth.
3015 5723 3096 5786 v1,
3128 5705 3208 5770 22
3232 5725 3402 5789 seqq.
