4156 6386
448 313 611 389 1939
1532 315 1588 377 J.
1642 311 2032 378 XIPHILINI
2072 311 2124 376 Ci

2231 308 2744 375 PATRIARGILE
3667 304 3831 370 1240

451 454 640 511 estote
668 446 828 511 oculi
855 465 978 510 non
1022 444 1290 510 tenebris
1341 443 1527 525 pleni,
1579 459 1775 524 neque
1808 441 2124 522 praesidesl

2212 446 2260 502 αὶ
2314 451 2428 526 φῶς
2481 445 2607 507 ὅλου
2655 455 2749 506 τοῦ
2804 446 3007 520 κόσμου
3052 443 3332 511 ἐτέθησαν.
3387 443 3485 500 Διὰ
3532 451 3689 502 τοῦτο
3741 441 3834 498 καὶ

449 535 591 600 mali
621 535 960 599 videamini.
994 535 1061 598 Si
1090 534 1250 597 enim
1281 533 1398 596 tale
1451 539 1540 595 est
1569 533 1793 615 lumen,
1827 531 2091 594 tenebrae

2212 541 2349 614 te.er
2379 539 2562 600 αὐτοῖς
2612 533 2998 616 παραγγέλλων
3047 531 3081 591 ὅ
3125 533 3313 613 Κύριος
3361 546 3377 565 ⁰
3439 555 3467 587 α
3518 530 3644 590 Ἐάν
3671 534 3834 608 ὑμεῖς

446 633 681 709 quantae
710 625 938 689 erunt?
994 649 1018 682 ε
1071 623 1260 688 Nemo
1309 629 1505 703 potest
1553 620 1786 684 duobus
1833 620 2090 683 dominis

2212 630 2333 691 τῆτε
2400 626 2488 683 καὶ
2556 626 2634 702 μὴ
2703 629 2964 706 τραπῆτε,
3025 630 3137 704 φῶς
3194 621 3340 687 ὄντες
3399 631 3493 682 106
3548 622 3826 698 σώματος,

440 707 668 778 servire
700 732 716 791 ;
748 723 847 776 aut
876 713 1038 778 enim
1068 731 1256 776 unum
1309 711 1446 773 odio
1477 709 1720 773 habebit
1751 716 1809 772 et
1837 710 2089 772 alterum

2212 713 2280 769 ἰοὺ
2329 711 2452 771 ὅλον
2509 716 2573 771 τὸ
2627 719 2784 790 σῶμα
2839 722 2932 773 106
2984 712 3190 788 κόσμου
3245 712 3570 792 πεφώτισται
3622 726 3637 741 ⁸
3685 711 3731 766 εἰ
3775 707 3838 764 δὲ

447 803 693 884 diliget;
724 811 825 865 aut
850 822 1038 866 unum
1089 799 1406 865 sustinebit
1451 805 1510 862 et
1536 800 1788 861 alterum
1819 807 2092 862 contem-

2212 815 2329 878 μεϊς
2386 801 2520 866 ἅλας
2573 802 2721 867 ὄντες
2773 805 3108 882 πωρανθῆτε,
3167 803 3254 858 καὶ
3316 808 3429 882 φῶς
3487 799 3634 864 ὄντες
3695 821 3838 856 σκο-

450 900 573 954 net.
605 892 733 954 Non
765 891 1008 972 potestis
1036 890 1159 954 Deo
1186 887 1412 952 servire
1437 895 1496 951 et
1527 905 1900 950 mammonae.
1934 908 1964 948 ›

2212 893 2411 966 ισθῆτε,
2468 893 2530 948 τὸ
2573 892 2764 955 σκότος
2821 891 2983 948 πόσον
3040 890 3345 968 γενήσεται,
3400 889 3428 944 ὅ
3477 889 3586 946 ἐστι
3635 892 3662 944 ὁ
3709 888 3844 944 κόσ-

449 1005 575 1058 μος.
639 975 696 1041 ζΟ
747 981 801 1038 δὲ
853 981 1019 1060 μέγας
1073 981 1125 1039 ἐν
1193 978 1434 1057 θεολογίᾳ
1496 977 1786 1057 Γρηγόριος
1846 979 1934 1034 καὶ
1987 981 2130 1040 θε⁴ος
2193 980 2385 1059 Πατὼρ
2454 982 2606 1056 ἡμῶν
2672 990 2836 1040 ταῦτα
2904 1001 3034 1058 φησι
3104 990 3223 1043 τοῖς
3293 978 3596 1058 ἱερωμένοις
3667 983 3783 1050 Θεῷ
3819 995 3837 1009 ·

452 1063 612 1147 ’Υμτν
641 1069 785 1150 λέγω
829 1068 1059 1147 μάλιστα
1105 1081 1224 1133 τοῖς
1253 1079 1345 1128 106
1389 1068 1653 1146 βήματος,
1711 1065 1979 1145 ὀφθαλμὸν
2029 1068 2170 1124 εἶναι
2227 1069 2304 1143 μὴ
2390 1069 2607 1135 σκότους
2655 1068 3056 1148 πεπλησμένον,
3145 1064 3282 1144 μηδὲ
3376 1066 3642 1147 πρόεδροι,
3745 1074 3846 1124 106

449 1169 616 1220 κακοῦ
653 1161 962 1240 φαινοίμεθα
999 1157 1156 1238 (18),
1209 1159 1268 1216 Εἴ
1314 1157 1414 1236 γὰρ
1453 1157 1514 1212 τὸ
1558 1162 1670 1235 φῶς
1719 1166 1954 1215 τοιυῦτον
1993 1155 2145 1236 (19),
2192 1158 2254 1213 τὸ
2323 1159 2511 1224 σκότος
2579 1159 2795 1239 πόσονς
2888 1182 2916 1214 ι
2971 1155 3148 1222 Οὐδεὶς
3201 1155 3412 1214 δύναται
3468 1155 3578 1218 δυσὶ
3642 1156 3842 1235 κυρίοις

445 1249 730 1329 δουλεύειν,
793 1249 830 1318 ἢ
887 1250 987 1328 γὰρ
1043 1249 1133 1306 τὸν
1191 1245 1282 1302 ἕνα
1337 1247 1577 1321 μισήσει,
1635 1245 1724 1302 καὶ
1777 1246 1868 1302 τόν
1926 1243 2101 1326 ἕτερον
2154 1246 2448 1329 ἀγαπήσει,
2515 1251 2551 1320 ἦ
2605 1250 2720 1313 ἑνὸς
2771 1246 3059 1326 ἀνθέξεται,
3131 1247 3221 1304 καὶ
3277 1245 3454 1327 ἑτέρου
3504 1245 3844 1326 καταφρονή-

445 1361 527 1396 σει
560 1358 574 1372 °
606 1342 664 1398 οὗ
699 1337 918 1397 δάνασθε
949 1344 1065 1412 Θεῷ
1095 1333 1352 1395 δουλεύειν
1383 1335 1470 1390 καὶ
1499 1339 1752 1409 μαμωνᾷ.
1790 1352 1820 1392 ›

527 1426 769 1490 Duobus
825 1425 1087 1488 dominis
1161 1420 1458 1486 contraria
1517 1420 1875 1501 jubentibus
1931 1440 2106 1484 nemo

2271 1428 2478 1505 Κυρίοις
2531 1424 2670 1485 δυσὶν
2728 1427 2935 1487 ἐναντία
2983 1425 3348 1483 ἐπιτάττουσιν
3405 1423 3572 1488 οὐδεὶς
3629 1422 3846 1483 δυναται

441 1522 640 1596 potest
695 1514 941 1590 servire,
1003 1511 1111 1574 sed
1168 1510 1422 1572 alterum
1492 1507 1799 1597 sustinens
1857 1509 2106 1588 ejusque

2212 1512 2483 1596 Όυλεῦσαι,
2540 1515 2678 1573 ἀλλὰ
2744 1525 2839 1575 106
2899 1516 3016 1579 ἐνὸς
3069 1515 3456 1597 ἀντεχόμενος,
3514 1515 3603 1571 καὶ
3659 1514 3849 1569 τούτου

447 1601 723 1664 mandata
751 1618 1105 1682 exsequens,
1157 1598 1427 1685 alterum
1457 1596 1706 1658 omnino
1721 1605 2098 1685 contemnet,

2212 1601 2404 1683 πληρῶν
2461 1605 2527 1662 τὰ
2579 1605 2876 1682 θελήματα,
2929 1613 3023 1664 106
3071 1596 3250 1685 ἑτέρου
3306 1605 3517 1667 πάντως
3570 1623 3844 1680 καταφρο-

447 1695 508 1750 et
530 1689 782 1751 alterum
814 1687 1059 1750 omnino
1091 1685 1322 1764 diliget,
1379 1683 1627 1772 alterum
1663 1682 1799 1746 odio
1833 1683 2099 1772 habebit.

2215 1682 2359 1765 ἥσει,
2407 1695 2497 1749 καὶ
2541 1696 2630 1750 τὸν
2678 1695 2770 1750 ἕνα
2817 1694 3084 1772 ἀγαπήσει
3136 1682 3371 1766 πάντως,
3421 1694 3512 1748 τὸν
3561 1689 3614 1746 δὲ
3665 1690 3846 1768 ἕτερον

442 1777 562 1838 Sed
593 1794 789 1856 neque
821 1773 1108 1856 possibile
1157 1779 1247 1834 est
1295 1775 1422 1833 Deo
1468 1770 1692 1833 servire
1743 1778 1798 1831 et
1830 1770 2053 1832 divitiis
2085 1793 2101 1843 ;

2212 1782 2401 1850 ιισήσει
2449 1800 2468 1820 ο
2518 1780 2638 1838 ἀλλ’
2688 1781 2804 1843 οὐδὲ
2857 1770 3072 1842 δυνατόν
3121 1782 3231 1838 ἐστι
3283 1789 3402 1856 Ωεῷ
3455 1779 3713 1836 δουλεύειν
3756 1780 3848 1834 καὶ

443 1864 586 1946 quia
646 1863 982 1926 divitiarum
1039 1879 1207 1923 amor
1279 1879 1400 1921 non
1476 1859 1652 1952 modo
1713 1877 1825 1920 nos
1883 1877 1918 1920 a
1975 1863 2094 1922 Deo

2212 1870 2450 1949 μρήμάσι,
2506 1869 2640 1929 διότι
2691 1875 2726 1940 ἡ
2777 1870 3184 1952 φιλοχρηματία
3260 1875 3320 1930 οὗ
3377 1870 3536 1946 μόνον
3595 1870 3698 1925 ἀπὸ
3753 1879 3863 1928 τοῦ.

443 1953 757 2026 abstrahit,
790 1952 898 2040 sed
910 1957 988 2040 et
1021 1967 1377 2040 mammonae
1404 1947 1645 2040 subjicit
1677 1967 1691 2009 :
1727 1949 2097 2040 Mammonas

2212 1947 2311 2019 θεοῦ
2362 1957 2604 2018 ἐκϐάλλει
2669 1947 2840 2040 ἡμᾶς,
3097 1963 3186 2017 καί
3242 1983 3318 2035 τῳ
3349 1965 3580 2036 μαμωνᾷ
3603 1958 3846 2015 ὑποτάσ-

447 2049 540 2106 est
565 2039 880 2120 injustitia.
909 2037 994 2102 Ex
1023 2035 1311 2119 injustitia
1361 2036 1522 2125 enim
1554 2036 1907 2125 plerumque
1941 2037 2094 2099 divi-

2213 2067 2259 2103 ει
2315 2066 2329 2081 ’
2379 2056 2638 2124 μαμωνᾶς
2683 2035 2738 2106 δὲ
2791 2035 2932 2106 ἐστιν
2991 2051 3026 2118 ἡ
3082 2048 3254 2106 ἀδικία
3316 2035 3360 2079 ⁸⁷
3392 2047 3443 2114 ἐξ
3491 2045 3694 2110 ἀδικιας
3745 2047 3850 2125 γὰρ

444 2129 544 2191 tiae
573 2129 868 2219 oriuntur.
918 2125 1296 2219 Quapropter
1319 2133 1406 2219 _et
1444 2124 1826 2219 impossibile
1857 2134 1950 2219 est
1973 2126 2096 2189 Deo

2212 2155 2256 2198 )ς
2328 2135 2413 2193 ἐπὶ
2479 2139 2540 2194 τὸ
2609 2137 2865 2196 πλεῖστον
2933 2140 3000 2195 τὰ
3057 2140 3338 2219 χρήματα.
3402 2138 3499 2193 Διά
3553 2144 3706 2193 τοῦτο
3759 2124 3853 2193 καὶ

447 2217 674 2282 servire
731 2225 791 2278 et
845 2215 1188 2304 injustitiaa.
1243 2213 1548 2294 Injustitia
1607 2214 1766 2276 enim
1822 2213 2102 2304 abripere

2212 2223 2438 2283 ιδύνατόν
2495 2227 2605 2285 ἐστι
2663 2235 2778 2304 Θεῷ
2839 2213 3113 2286 δουλεύειν·
3171 2213 3258 2285 καὶ
3329 2225 3503 2300 ἀδικίᾳ
3574 2246 3588 2260 ⁸
3657 2228 3692 2294 ἡ
3749 2225 3853 2304 γὰρ

451 2305 574 2367 vult
629 2304 858 2382 aliena,
921 2302 1345 2366 fornicationes
1404 2309 1704 2378 sectatur,
1766 2302 2101 2381 adulteria,

2212 2311 2362 2372 ιδικία
2438 2317 2689 2396 ἁρπάζειν
2754 2302 3007 2394 βούλεται
3075 2317 3143 2374 τὰ
3223 2315 3496 2396 ἀλλότρια,
3581 2302 3855 2393 πορνεύειν

455 2393 799 2486 ebrietates,
823 2393 1102 2486 delicias;
1118 2391 1436 2474 praesentia
1451 2391 1753 2486 amplecti,
1782 2399 1838 2453 et
1867 2392 2108 2470 fugitiva

2212 2400 2322 2482 20)
2387 2391 2566 2477 Curet,
2627 2391 2925 2486 μοιχεύειν,
3002 2405 3207 2481 μεθύειν
3277 2391 3495 2484 τρυςρᾷν,
3549 2391 3664 2459 τῶν.
3708 2423 3868 2480 παρέ

2432 1297 2448 1330 9

455 2481 739 2546 admirari
766 2483 1018 2564 appetit.
1065 2483 1225 2546 Deus
1269 2487 1467 2542 autem
1519 2488 1578 2542 et
1627 2481 1715 2560 ea:
1745 2499 1877 2561 quae
1905 2489 2109 2542 nostra

453 2580 593 2636 sunt
623 2581 682 2635 et
706 2571 947 2653 propria
976 2571 1150 2634 nobis
1171 2577 1334 2645 sunt,
1367 2588 1477 2632 nos
1506 2568 1678 2650 jubet
1705 2569 2108 2649 indigentibus

453 2659 620 2738 dare,
656 2659 948 2742 nobisque
976 2658 1246 2741 praecipit
1295 2666 1360 2724 ut
1404 2659 1700 2739 sapiamus
1735 2665 1794 2720 et
1829 2666 2098 2721 ventrem

457 2747 1861 2830 domemus,etprmsentiaomniacontemnamus
1875 2754 2111 2809 etexse-

455 2855 714 2899 cremur.
749 2836 892 2898 Ideo
937 2845 999 2899 et
1046 2835 1419 2917 impossibile
1471 2842 1563 2898 est
1592 2843 1656 2896 ut
1684 2835 2110 2916 cupiditatibus

457 2926 602 2991 victi
633 2934 690 2988 et
717 2926 978 3008 improbi
1027 2926 1248 2988 diaboli
1297 2924 1580 3007 operibus
1627 2925 1882 3007 subjecti
1926 2946 1960 2987 a
1989 2926 2112 2988 Deo

461 3015 821 3098 diligamur;
854 3015 961 3077 sed
1007 3010 1271 3095 quandiu
1318 3014 1626 3094 injustitiae
1669 3023 1729 3076 et
1772 3014 2028 3077 avaritiae
2058 3024 2116 3077 et

461 3103 724 3167 infamiae
777 3102 1206 3186 cupiditatibus
1265 3104 1490 3165 servire
1545 3103 1935 3180 voluerimus,
1992 3109 2114 3166 Deo

463 3192 719 3257 odibiles
776 3201 835 3255 et
880 3192 1110 3256 inimici
1160 3191 1407 3255 erimus.
1469 3191 1852 3256 Excutiamus
1909 3194 2111 3276 igitur,

469 3301 599 3360 oro,
659 3281 951 3346 aviditatis
999 3289 1058 3343 et
1119 3279 1426 3360 injustitiae
1471 3289 1530 3344 et
1573 3282 1832 3345 avaritiae
1893 3287 2125 3364 pondus

466 3389 664 3453 neque
683 3370 1034 3434 libidinibus
1050 3369 1500 3449 indulgeamus.
1523 3369 1871 3450 Largiamur
1891 3371 2126 3434 divitias

470 3469 756 3544 quantum
777 3459 1129 3542 poterimus,
1159 3465 1217 3521 et
1238 3459 1454 3521 demus
1473 3459 1857 3542 pauperibus,
1880 3467 1946 3522 ut
1958 3461 2134 3542 justi.

470 3548 554 3612 tia
581 3557 785 3612 nostra
813 3556 1054 3612 maneat
1103 3551 1164 3610 in
1212 3554 1523 3611 aeternum.
1575 3549 1903 3612 Dominum
1932 3558 2133 3612 autem

470 3637 699 3702 vocavit
728 3655 1163 3714 mammonam,
1206 3655 1326 3698 non
1356 3647 1597 3718 propter
1627 3638 1931 3720 propriam
1962 3647 2129 3702 natu-

473 3743 625 3804 ram,
659 3726 766 3791 sed
796 3734 1040 3809 propter
1069 3726 1332 3807 illorum,
1388 3725 1491 3808 qui
1535 3726 1592 3790 ei
1619 3728 1876 3809 subjecti
1904 3737 2040 3790 sunt
2070 3737 2128 3790 et

476 3815 765 3893 serviunt,
798 3815 1223 3879 obedientiam.
1252 3813 1324 3877 Et
1351 3823 1620 3879 ventrem
1634 3817 1811 3879 deum
1844 3819 2118 3899 appellat,

477 3923 600 3970 non
617 3905 1019 3987 quiaherilem
1040 3904 1387 3985 dignitatem
1408 3905 1611 3986 habet,
1639 3906 1746 3968 sed
1775 3907 1912 3988 quia
1931 3907 2123 3986 gulosi

478 3995 534 4057 ei
593 3993 850 4074 subjecti
898 4000 1036 4056 sunt
1085 4001 1144 4056 et
1192 3995 1479 4056 serviunt.
1540 3993 1668 4067 Quo
1726 3996 1885 4057 enim
1936 3996 2119 4058 libido

479 4081 788 4145 hominem
839 4081 1041 4158 trahit,
1101 4099 1175 4144 ea
1226 4081 1356 4163 ipsa
1410 4101 1508 4146 res
1562 4084 1656 4146 cui
1713 4083 1975 4146 hominis
2025 4103 2129 4146 cor

483 4169 821 4248 colligatur,
845 4168 934 4232 illi
955 4168 1114 4232 Deus
1135 4177 1246 4232 est.
1288 4195 1315 4227 α
1342 4169 1482 4233 Ideo
1510 4171 1644 4234 dico
1674 4172 1864 4250 vobis,
1898 4191 1973 4235 ne
2004 4173 2130 4234 sol-

2188 2489 2354 2548 όντων
2395 2491 2707 2574 ἀντέχεσθαι
2760 2495 2848 2550 καὶ
2894 2494 3178 2570 θαυμάζειν
3218 2493 3284 2548 τὰ
3325 2493 3619 2571 πρόσκαιρα
3661 2506 3674 2520 ⁶
3730 2493 3759 2547 ὁ
3791 2489 3854 2548 δὲ

2191 2581 2321 2643 Θεὸς
2396 2581 2522 2662 (21)
2578 2584 2665 2640 καὶ
2713 2583 2778 2640 τὰ
2837 2582 2962 2641 δ’ντα
3015 2585 3195 2662 ἡμῶν,
3254 2581 3419 2662 ἤγουν
3476 2581 3542 2636 τὰ
3599 2577 3710 2636 ἴδια
3766 2583 3858 2637 καὶ

2189 2670 2372 2727 οἰκεῖα
2427 2669 2620 2728 διδόναι
2676 2673 2992 2751 προστάσσει
3044 2685 3162 2736 τοῖς
3211 2669 3505 2750 δεομένοις,
3559 2683 3855 2749 σωφρονεῖν

2195 2757 2341 2832 ἡμᾶς
2397 2758 2777 2838 παραγγέλλει,
2845 2762 2934 2818 καὶ
2983 2761 3207 2838 γαστρὸς
3266 2762 3546 2838 ὁπερορᾷν,
3602 2759 3688 2813 καὶ
3746 2764 3854 2815 τῶν

2193 2845 2468 2924 παρόντων
2547 2847 2760 2904 πάντων
2835 2859 3186 2928 καταφρονεῖν
3261 2849 3349 2903 καὶ
3419 2843 3781 2922 βδελύττεσθαι
3836 2863 3852 2878 ο

2196 2930 2408 3010 ἀγαπᾷν
2487 2932 2566 3009 δὲ,
2645 2942 2826 3016 τιμᾷν,
2909 2935 3212 3014 ἐργάζεσθαι
3288 2935 3387 3000 τὴν
3461 2934 3674 3012 ἀρετήν.
3757 2936 3857 2990 Διὰ

2197 3027 2351 3078 τοῦτο
2419 3025 2508 3080 καὶ
2585 3021 2835 3081 ἀδύνατόν
2905 3023 3014 3080 ἐστι
3091 3023 3476 3102 κρατουμένους
3555 3025 3698 3098 ἡμᾶς
3753 3024 3858 3079 ὑπὸ

2197 3114 2302 3165 τῶν
2367 3113 2574 3191 παθῶν,
2651 3114 2738 3169 καὶ
2813 3111 3227 3192 προσκειμένους
3308 3124 3430 3175 τοϊς
3509 3109 3683 3191 ’έργοις
3767 3117 3863 3166 τοῦ

2205 3207 2438 3278 πονηροῦ
2526 3199 2770 3260 διαϐόλου
2804 3250 2820 3283 ,
2913 3201 3225 3283 φιλιωθῆναί
3315 3222 3445 3258 ποτε
3530 3207 3607 3275 τῷ
3691 3207 3806 3276 Θεῷ
3841 3247 3858 3279 ,

2206 3284 2342 3343 ἀλλὰ
2413 3286 2606 3368 μέχρις
2691 3288 2754 3346 ἃν
2837 3290 3055 3348 πάθεσιν
3141 3288 3341 3354 ἀδικίας
3428 3290 3516 3345 καὶ
3587 3288 3861 3369 φιλοχρη-

2208 3375 2396 3450 ματίας
2464 3378 2552 3434 καὶ
2622 3377 2835 3453 ἀτιμίας
2925 3377 3186 3436 δουλεύειν
3275 3375 3591 3455 βουλόμεθα,
3683 3375 3862 3455 ἐχθροὶ

2222 3469 2316 3518 τοῦ
2384 3470 2514 3520 Θεοῦ
2596 3467 2993 3540 καθεστήκαμεν
3077 3467 3165 3521 καὶ
3255 3463 3521 3539 πολέμιοι.
3609 3459 3862 3518 ’Λποσει-

2221 3551 2435 3626 σώμεθα
2501 3553 2693 3633 τοίνυν,
2766 3553 3079 3633 παρακαλῶ,
3155 3553 3216 3608 τὸ
3298 3551 3455 3632 βάρος
3525 3556 3624 3618 τῆς
3706 3547 3866 3605 πλεο-

2222 3634 2387 3702 νεξίας
2445 3641 2532 3696 καὶ
2587 3646 2686 3708 τῆς
2762 3639 2987 3716 ἀδικίας,
3069 3642 3157 3697 καὶ
3227 3645 3325 3708 τῆς
3383 3637 3720 3719 φιλαργυρίας
3778 3639 3867 3694 καὶ

2209 3726 2400 3785 πάθεσι
2459 3729 2776 3805 μισήσωμεν
2852 3728 2980 3806 (92)
3039 3745 3053 3760 '
3139 3729 3514 3806 σκορπίσωμεν
3591 3725 3717 3806 (23)
3776 3727 3868 3782 τὸν

2211 3813 2437 3874 πλοῦτον
2494 3819 2630 3881 κατὰ
2687 3821 2748 3876 τὸ
2804 3818 3042 3899 δυνατὸν,
3101 3821 3187 3876 καὶ
3247 3817 3420 3894 δῶμεν
3474 3831 3590 3881 τοῖς
3646 3816 3864 3895 πένησι,

2203 3906 2303 3965 ἵνα
2352 3906 2388 3974 ἡ
2439 3903 2744 3975 δικαιοσύνη
2792 3910 2950 3984 ἡμῶν
2997 3907 3132 3984 μένῃ
3185 3910 3259 3971 είς
3307 3909 3395 3964 τὸν
3442 3908 3628 3966 αἰῶνα.
3686 3907 3873 3984 Κ·’ριον

2205 3991 2266 4049 δὲ
2317 3994 2540 4053 ἐκάλεσε
2587 4000 2678 4054 τὸν
2728 4005 2980 4075 μαμωνᾶ,
3048 3998 3106 4054 οὒ
3155 3996 3240 4054 διὰ
3289 3998 3385 4065 τὴν
3443 3997 3636 4052 οἰκείαν
3691 3996 3866 4076 φύσιν,

2215 4081 2354 4139 ἀλλὰ
2385 4083 2468 4140 διὰ
2498 4086 2598 4154 τὴν
2627 4091 2731 4144 τῶν
2759 4086 3154 4166 προσκειμένων
3201 4088 3288 4143 καὶ
3349 4084 3694 4144 δουλευόντων
3732 4087 3874 4159 αύτῷ

2217 4172 2491 4252 ὕποταγήν
2545 4174 2672 4255 (94)
2731 4191 2744 4205 '
2807 4177 2894 4232 καὶ
2949 4177 3048 4244 τὴν
3105 4174 3306 4232 κοιλίαν
3369 4176 3499 4232 Θεὸν
3553 4171 3712 4230 καλεῖ
3767 4176 3873 4253 οὐχ

482 4257 633 4354 liciti
652 4257 790 4354 .sitis
817 4257 1032 4321 animae
1057 4267 1268 4322 vestrae
1317 4259 1461 4341 quid
1493 4260 1867 4323 manducetis
1898 4270 1956 4324 et
1987 4261 2124 4342 quid

2221 4260 2301 4316 ὅτι
2332 4260 2640 4320 δεσποτικὸν
2689 4263 2894 4341 ἀξίωμα
2923 4264 3064 4346 ἔχει,
3121 4263 3240 4320 ἀλλ’
3285 4263 3365 4319 ὅτι
3407 4266 3454 4320 οἱ
3489 4263 3870 4354 γαστρὶμαργοι

482 4345 723 4430 bibatis,
758 4366 953 4429 neque
1004 4348 1244 4430 corpori
1288 4355 1489 4412 vestro
1536 4349 1676 4431 quid
1703 4350 2061 4413 induamini.
2103 4375 2126 4408 υ

565 4435 715 4510 Quia
740 4435 964 4500 divitiis
992 4455 1029 4500 a
1081 4436 1206 4500 Deo
1253 4455 1623 4520 separamur,
1674 4459 1782 4500 nos
1802 4439 1976 4520 jubet
2007 4439 2131 4501 Do-

487 4525 689 4589 minus
711 4545 833 4588 non
863 4545 996 4590 esse
1016 4527 1323 4602 sollicitos,
1348 4546 1544 4610 neque
1563 4527 1902 4591 divitiarum
1929 4547 2134 4592 amore

487 4633 686 4697 neque
729 4614 1080 4679 libidinibus
1124 4618 1450 4699 inquinari.
1503 4617 1720 4681 Anima
1754 4629 1949 4681 autem
2014 4638 2134 4681 non

490 4703 828 4782 manducet,
862 4706 969 4768 sed
987 4707 1312 4770 secundum
1333 4725 1710 4770 communem
1732 4707 2132 4776 consuetudi-

489 4811 630 4859 nem
659 4793 941 4877 loquitur.
972 4795 1088 4859 Per
1115 4795 1312 4859 cibum
1363 4797 1522 4860 enim
1551 4796 1864 4860 roboratur
1892 4815 2131 4879 corpus,

737 5023 765 5058 α
800 4999 1144 5078 Φαινοίμεθα.
1179 5026 1208 5060 ι
1233 5004 1572 5080 Φαινώμεθα.
1605 5012 1668 5067 Β.

594 5081 700 5166 19)
731 5102 757 5140 ι
779 5082 1007 5166 -Τὸῌφῶς
1037 5091 1296 5166 τοιοῦτον.
1332 5108 1362 5141 ι
1415 5093 1660 5144 Τοιοῦτον
1714 5083 1858 5166 petii
1901 5101 1969 5146 ex
2001 5083 2132 5146 cod.

488 5164 558 5228 B.
584 5161 656 5242 In
686 5161 822 5226 cod.
853 5161 926 5225 A.
957 5163 1110 5226 male
1140 5163 1355 5242 legitur
1382 5175 1651 5230 τοσοῦτον,

728 5261 760 5303 ι
792 5241 1433 5336 ξιοξπνεύεινίτ-ίτρυιρᾷν,
1463 5265 1520 5336 _)
1556 5245 1814 5336 liaec,__ut
1845 5251 2010 5336 puto,
2043 5243 2139 5306 hic

488 5321 767 5404 omittere
785 5321 1064 5404 debebat.
1090 5321 1390 5404 Necenim
1418 5324 1517 5387 hic
1546 5325 1621 5404 de
1650 5324 1808 5388 vitiis
1831 5321 1889 5386 et
1911 5323 2141 5404 impro-

488 5399 669 5465 bitate
695 5403 758 5464 in
785 5402 1128 5465 universum
1171 5403 1376 5468 dicere
1416 5403 1621 5481 voluit,
1657 5406 1762 5468 sed
1795 5405 1870 5467 de
1898 5399 2141 5468 avaritia

493 5490 555 5543 et
571 5481 762 5578 vitiis,
793 5501 926 5578 qua;
954 5501 1023 5578 ex
1048 5502 1127 5578 lea
1157 5484 1326 5578 quasi
1353 5494 1773 5578 propagentur.

567 5559 698 5651 (21)
734 5584 788 5651 αιΔ
812 5559 854 5622 ὸ
879 5563 934 5651 διὲ
961 5565 1114 5651 Θεός.
1132 5559 1919 5651 »ᾏέοωῖιιὶξειξόειςειάλεοί
1939 5573 2137 5630 autem

497 5643 956 5728 quiasententia
982 5643 1065 5728 ita
1092 5644 1389 5728 postulare
1412 5644 1747 5728 videbatur.

574 5720 707 5802 (22)
739 5741 770 5776 α
804 5725 904 5786 Καὶ
929 5720 1116 5785 πάθεσῖ
1145 5727 1472 5806 μισήσαμεν,
1528 5750 1560 5786 ι
1608 5727 1711 5794 Sic
1763 5726 1952 5792 codex
1979 5728 2056 5794 A.
2088 5728 2140 5792 A

2219 4350 2384 4425 ταύτῃ
2468 4352 2851 4410 ὗποτάσσονται
2939 4355 3028 4410 καὶ
3113 4351 3465 4414 δουλεύουσιν,
3548 4350 3707 4408 Ὀπου
3771 4351 3874 4428 γὰρ

2215 4439 2250 4506 ἡ
2314 4437 2560 4515 ἐπιθυμία
2602 4442 2742 4522 σύρει
2789 4442 2880 4497 τὸν
2931 4438 3222 4520 ἄνθρωπον,
3286 4441 3374 4497 καὶ
3431 4441 3504 4504 εἷς
3568 4437 3596 4493 ὅ
3653 4444 3872 4517 πρᾶγμα

2213 4528 2249 4595 ἡ
2302 4526 2486 4607 καρδία
2529 4531 2670 4595 τινὸς
2721 4528 2943 4605 δέδεται,
2998 4530 3174 4588 ἐκεῖνό
3229 4529 3368 4585 ἐστιν
3429 4528 3570 4603 αὒτῷ
3629 4530 3657 4584 ὁ
3717 4530 3869 4591 Θεὸς.

2217 4633 2249 4676 (
2316 4619 2414 4673 Διὰ
2489 4619 2642 4678 τούτο
2686 4617 2828 4698 λέγω
2901 4621 3052 4696 ὑμῖν,
3118 4622 3195 4695 μὴ
3246 4624 3531 4696 μεριμνᾶτε
3587 4623 3655 4693 τῇ
3715 4621 3870 4695 ψυχῇ

2214 4703 2384 4783 ὒμῶν,
2445 4709 2496 4766 τί
2549 4711 2780 4791 φάγητε,
2850 4711 2938 4768 καὶ
3008 4711 3058 4766 τί
3109 4709 3288 4785 πίητε,
3355 4705 3492 4782 μηδὲ
3537 4712 3615 4780 τῷ
3665 4706 3869 4780 σώματι

2215 4795 2387 4873 ὑμῶν,
2439 4800 2490 4855 τί
2519 4796 2818 4867 ἐνδύσησθε.
2869 4819 2895 4854 ι»
2957 4799 3056 4856 Διά
3105 4799 3164 4855 τὸ
3210 4794 3556 4874 ἐκβάλλεσθαι
3585 4795 3726 4871 ἡμᾶς
3760 4793 3866 4849 ἀπὸ

2221 5001 2429 5066 codice
2456 5003 2526 5065 B.
2560 5001 2655 5064 hic
2687 5009 2844 5065 totus
2897 5001 3063 5064 locus
3117 5000 3305 5063 abest.
3339 4997 3520 5061 Forte
3551 4995 3869 5077 legendum

2222 5091 2333 5157 est,
2365 5086 2454 5140 καὶ
2484 5085 2671 5143 πάθεσι
2729 5083 2807 5160 μὴ
2854 5083 3114 5160 ωζῶμεν,
3172 5080 3257 5143 Ex
3296 5080 3676 5160 μῆησυζῴμεν
3708 5082 3873 5160 certe

2221 5155 2420 5244 scriba
2449 5155 2800 5244 properans,
2816 5155 3102 5244 deceptus
3114 5161 3245 5224 soni
3259 5155 3677 5235 similitudine,
3699 5155 3873 5219 facile

2223 5243 2410 5327 ponii].
2438 5243 2635 5309 facere
2665 5243 3003 5321 μισήσωμενί.

2304 5323 2440 5406 (23)
2469 5344 2502 5387 ε
2529 5316 2929 5406 ξδιορπίσωμεν.
2968 5348 2996 5380 ι
3031 5319 3336 5406 Expressit
3361 5318 3436 5381 Ps
3467 5317 3613 5400 CXI,
3644 5318 3683 5383 9
3706 5324 3766 5384 et
3795 5316 3872 5381 ΙΙ.

2221 5405 2492 5471 Corinth.
2524 5405 2626 5480 IX,
2661 5406 2722 5467 9.

2326 5485 2434 5571 24)
2468 5509 2496 5542 α
2707 5487 3016 5571 ὑποταγήν.-
3035 5505 3064 5547 ι
3105 5477 3603 5571 ’ὶ⁴ποταγήν,(]υοά
3625 5477 3878 5571 deestin

2221 5562 2359 5630 cod.
2389 5562 2441 5629 Α
2468 5565 2671 5630 addidi
2691 5585 2763 5630 ex
2780 5569 2852 5632 Β.
2876 5562 3060 5631 Paulo
3081 5575 3220 5633 ante
3238 5562 3418 5628 etiam
3447 5562 3686 5626 correxi
3704 5582 3876 5641 προσ.

2219 5647 2473 5726 κειμένων
2502 5665 2610 5732 pro
2638 5648 3022 5730 προκειμένων.
