4156 6378
288 337 435 404 1241
1773 327 1971 394 ORAT

2059 322 2208 392 NES
3523 304 3680 376 1242

290 478 383 530 τοῦ
439 478 572 528 Θεοῦ
627 471 728 528 ὑπὸ
774 475 879 526 τῶν
949 469 1268 548 χρημάτων,
1331 469 1409 544 μῆ
1463 472 1720 547 μεριμνᾷν
1769 487 1971 545 προσ-ε

2057 481 2089 526 n
2120 480 2236 544 quo
2264 460 2557 525 retinetur
2582 460 2803 524 anima.
2837 459 3088 524 Videtur
3117 452 3276 516 enim
3298 448 3499 512 anima
3510 443 3675 548 nolle

287 561 469 619 τάσσει
525 563 553 616 ὁ
616 559 825 639 Κύριος,
860 531 1004 634 μιηὲ
1058 531 1180 622 ταῖς
1223 531 1476 638 φροντίσι.
1516 531 1615 622 sit:
1670 531 1942 639 ξριλοέρη-

2057 570 2088 612 n
2118 531 2366 632 corpore
2395 567 2547 623 esse,
2583 550 2701 612 nisi
2735 549 3032 612 nutriatur
3062 562 3222 607 caro.
3263 565 3287 597 α
3322 541 3412 602 Ne
3442 531 3683 633 solliciti

294 650 506 726 ματίας,
557 650 645 706 καὶ
690 621 825 712 ταῖς,
861 621 1158 723 έπιθυμίαις
1211 621 1622 717 κατατήκεσθαιι.
1670 621 1733 701 Ἦ

2060 639 2158 702 itis
2188 621 2401 701 animae
2432 621 2643 700 vertrae
2695 638 2798 726 qui
2849 629 3225 726 manducetis
3251 634 3308 690 et
3332 623 3473 707 quid
3504 621 3678 683 biba-

292 738 347 795 δὲ
375 740 468 796 οὒκ
497 737 674 813 ἐσθίει,
712 738 846 796 κατὰ
896 734 950 792 δὲ
1001 736 1101 804 τὴν
1149 735 1423 806 συνήθειαν
1453 734 1552 801 τῆν
1580 734 1764 801 κοινὴν
1793 739 1947 790 τοῦτο

294 827 461 908 λέγει.
523 827 621 884 Διὰ
680 827 780 906 γὰρ
834 830 1034 905 τροφῆς
1091 825 1388 881 συνίσταται
1445 825 1506 880 τὸ
1562 829 1738 901 σῶμα,
1801 822 1855 879 έν
1903 825 1949 898 ᾧ

295 915 650 994 διακρατεῖται
679 918 713 985 ἡ
757 915 934 995 ψυχή.
989 923 1151 971 Δοκεῖ
1199 913 1298 992 γὰρ
1347 912 1425 987 μὴ
1469 910 1753 992 ἀνέχεσθαι
1802 909 1944 967 εἶναι

294 1005 348 1064 ἐν
377 1011 453 1080 τῷ
482 1004 688 1080 σώματι
717 1006 751 1073 ἡ
801 1004 978 1086 χυχῆ,
1031 1005 1076 1059 εί
1119 1003 1197 1078 μὴ
1244 999 1485 1082 τρέφοιτο
1531 1002 1565 1069 ἡ
1605 998 1752 1076 σάρξ.
1794 1017 1824 1058 α
1857 999 1946 1066 Μὴ

299 1100 583 1176 μεριμνᾶτε
612 1098 678 1170 τῇ
711 1097 865 1172 ψυχῇ
915 1094 1082 1168 ὑμῶν,
1131 1089 1180 1145 τί
1226 1089 1460 1170 φάγητε,
1511 1089 1598 1146 καὶ
1625 1089 1674 1144 τί
1703 1087 1883 1156 πίητε,
1923 1109 1946 1146 η

303 1181 574 1263 Πρόδηλον
632 1179 709 1256 δὲ,
771 1179 852 1236 ὅτι
909 1181 1076 1262 χωρὶς
1132 1183 1231 1245 τῆς
1291 1181 1475 1257 ψυχῆς
1535 1177 1806 1258 τρέφεσθαι
1863 1177 1953 1232 τὸν

303 1269 570 1351 ἄνθρωπον
619 1269 713 1328 οὒκ
767 1267 936 1332 ἔσται.
990 1270 1062 1326 Τὸ
1120 1267 1219 1346 γὰρ
1275 1268 1456 1346 νεκρὸν
1512 1271 1669 1342 σῶμα
1723 1263 1952 1321 ἐνδύεται

305 1361 484 1438 μόνον,
520 1359 579 1416 οὔ
624 1357 864 1438 τρέφεται
912 1354 968 1413 δέ
1018 1373 1034 1388 ⁸
1083 1361 1174 1412 τοῦ
1228 1355 1475 1436 ἐμψύχου
1519 1354 1628 1411 ἐστὶ
1675 1355 1735 1411 τὸ
1763 1352 1955 1434 τρέφε·

305 1455 420 1508 σθαι
483 1466 498 1481 ⁶
558 1449 618 1505 οὗ
674 1454 778 1504 τῶν
837 1445 1134 1528 χρημάτων
1197 1442 1252 1501 δὲ
1305 1441 1430 1524 (25)
1495 1443 1657 1521 μόνον
1703 1443 1792 1499 καὶ
1848 1448 1954 1498 τῶν

302 1537 469 1607 ἡδέων
525 1536 736 1593 πάντων
788 1541 880 1591 τοῦ
933 1534 1134 1608 κόσμου
1187 1544 1562 1612 καταφρονεῖν,
1623 1529 1760 1587 ἀλλὰ
1818 1528 1956 1605 μηδὲ

304 1627 434 1703 ὑπὲρ
490 1629 586 1692 τῆς
646 1623 932 1700 ἀναγκαίας
986 1626 1183 1702 τροφῆς
1257 1622 1535 1698 μεριμνᾷν.
1570 1618 1704 1703 Ὀὔκ
1759 1615 1953 1679 ἐκϐάλ-

306 1697 473 1772 λει-δὲ
499 1716 644 1789 ἡμᾶς
694 1697 816 1768 οὒδὰ
869 1697 1133 1786 ἐμποδίζει
1183 1697 1486 1789 ἐργάζεσθαι
1518 1727 1533 1742 ⁸
1570 1697 1628 1766 Ὀ
1666 1707 1766 1788 γὰρ
1795 1706 1956 1785 ἀργὸς

309 1803 445 1881 μηδὲ
501 1802 738 1878 ἐσθιέτω,
790 1803 947 1882 φησὶν
992 1803 1020 1858 6
1065 1804 1208 1865 θεῖος
1269 1797 1592 1863 Ἀπόστολος
1646 1820 1660 1834 ο

309 1893 502 1952 διδόναι
535 1892 686 1957 ὅλους
740 1905 862 1957 ταῖς
911 1892 1141 1972 φροντίσι
1179 1891 1266 1946 καὶ
1315 1889 1537 1966 ἀμελεῖν
1584 1893 1714 1945 Θεοῦ
1760 1904 1774 1918 '
1804 1893 1957 1944 τοῦτο

309 1984 499 2042 κωλύει
533 2000 548 2014 ·
602 1983 715 2040 ἐπεὶ
765 1980 888 2061 (26)
937 1983 1023 2038 καὶ
1066 1993 1327 2060 γεωργεῖν
1375 1979 1458 2037 δεῖ
1505 1981 1648 2056 ἡμᾶς
1677 1980 1766 2036 καὶ
1794 1979 1958 2057 ἐργά-

309 2077 483 2145 ζεσθαι
554 2072 688 2129 κατὰ
741 2068 977 2146 δύναμιν,
1043 2067 1181 2125 ἀλλὰ
1239 2069 1327 2124 καὶ
1380 2072 1478 2135 τῆς
1535 2068 1799 2145 σωτηρίας
1855 2069 1960 2119 τῶν

310 2160 582 2242 ἡμετέρων
650 2163 843 2239 ψυχῶν
912 2159 1196 2239 φροντίζειν
1282 2157 1416 2233 μετὰ
1483 2156 1660 2222 πάσης
1727 2150 1958 2219 σπουδῆς

311 2252 400 2308 καὶ
451 2249 798 2329 θερμότητος,
856 2248 943 2304 καὶ
998 2248 1128 2325 πρὸς
1177 2247 1267 2303 τὸν
1319 2247 1446 2303 Θεὸν
1503 2243 1716 2322 βλέπειν
1779 2241 1962 2318 μόνον,

314 2340 404 2394 τὸν
460 2335 665 2392 διδόντα
714 2334 911 2415 τροφὴν
961 2347 1079 2398 τοῖς
1148 2337 1390 2405 πεινῶσι,
1466 2332 1553 2388 καὶ
1618 2327 1967 2407 ἐμπιπλῶντα

315 2425 368 2482 ἒν
398 2427 617 2504 ἀγαθοῖς
666 2424 765 2491 τὴν
811 2422 954 2495 ζωῆν
999 2423 1177 2498 ἡμῶν,
1229 2444 1258 2476 α
1312 2422 1447 2502 Οὒχὶ
1493 2421 1528 2488 ἡ
1585 2418 1740 2499 ψυχὴ
1769 2415 1966 2474 πλείων

318 2515 426 2572 ἐστὶ
480 2519 578 2580 τῆς
630 2516 853 2592 τροφῆς,
913 2533 1002 2587 καὶ
1055 2512 1116 2566 τὸ
1188 2515 1345 2586 σῶμα
1399 2516 1490 2565 τοῦ
1543 2505 1876 2585 ἐνδύματοςς
1943 2527 1967 2560 ι

2029 727 2126 790 tis.
2156 751 2179 786 υ
2217 730 2385 790 Patet
2414 733 2610 788 autem
2634 717 2943 788 hominem
2973 724 3103 784 sine
3132 717 3331 780 anima
3358 731 3480 774 non
3510 726 3686 792 posse

2030 813 2270 878 nutriri.
2317 813 2611 876 Mortuum
2654 831 2798 875 vero
2851 826 3067 891 corpus
3118 802 3385 867 induitur
3429 805 3683 891 tantum,

2030 919 2151 965 non
2168 903 2448 964 nutritur.
2473 900 2561 963 Ad
2584 901 2908 962 animatum
2940 882 3200 979 pertinet
3220 887 3459 953 nutriri.
3485 882 3686 979 Opor:

2030 998 2113 1052 tet
2141 997 2338 1052 autem
2372 1007 2479 1050 nos
2507 1007 2627 1050 non
2654 987 2887 1048 divitias
2920 969 3144 1047 tantum
3165 987 3221 1042 et
3242 993 3452 1040 omnes
3481 969 3689 1034 mundi

2035 1078 2364 1158 voluptates
2401 1084 2809 1156 contemnere,
2844 1074 2948 1135 sed
2983 1089 3058 1134 ne
3085 1071 3161 1131 de
3193 1060 3534 1158 necessario
3561 1057 3690 1140 qui-

2037 1149 2194 1228 ἀθῐῐί
2208 1163 2340 1226 cibo
2372 1162 2660 1224 sollicitos
2689 1149 2843 1225 esse.
2879 1159 3009 1222 Non
3039 1163 3234 1220 autem
3268 1168 3378 1213 nos
3409 1149 3688 1210 dehorta-

2037 1261 2134 1316 tur
2163 1270 2357 1334 neque
2389 1258 2654 1314 avocata
2707 1250 2934 1313 labore.
2987 1245 3098 1319 Qui
3138 1261 3257 1306 non
3288 1239 3545 1334 laborat,
3569 1253 3692 1334 nec

2039 1323 2376 1416 manducet,
2410 1340 2601 1422 inquit
2632 1339 2864 1402 divinus
2892 1328 3394 1422 Apostolusﬁ;s_ed
3415 1323 3694 1422 prohibet

2037 1452 2114 1495 ne
2145 1450 2253 1493 nos
2283 1413 2675 1492 sollicitudini
2709 1436 2860 1490 totos
2889 1413 3097 1490 demus
3115 1441 3185 1486 ac
3206 1421 3280 1483 de
3298 1418 3420 1480 Deo
3451 1413 3691 1477 difﬁda-

2039 1524 2476 1600 mus.,0portet
2503 1519 2662 1580 enim
2696 1535 2804 1579 nos
2835 1535 2940 1598 pro
2988 1512 3214 1574 viribus
3247 1523 3420 1570 arare
3451 1510 3511 1565 et
3539 1519 3689 1582 ope-

2036 1607 2178 1689 rari,
2212 1596 2316 1669 sed
2349 1615 2408 1669 et
2438 1606 2774 1669 animarum
2826 1596 3166 1666 nostrarum
3200 1596 3446 1689 salutem
3483 1606 3692 1686 curare

2039 1675 2178 1759 curri
2207 1693 2372 1756 omni
2401 1695 2529 1756 zelo
2561 1702 2618 1756 et
2649 1693 2888 1766 ardore,
2922 1697 2980 1752 et
3009 1689 3081 1751 ad
3117 1690 3303 1750 Deum
3323 1680 3514 1742 solum
3534 1675 3693 1766 aspi-

1738 1764 1953 1786 ,,,.

1716 1796 1961 1855 ana-.5

2057 1802 2203 1865 :ere,
2255 1782 2357 1864 qui
2404 1782 2502 1844 dat
2551 1781 2752 1845 cibum
2807 1764 3231 1847 esurientibus,
3281 1778 3342 1832 et
3381 1768 3574 1880 replet
3621 1764 3685 1825 in

2166 1869 2179 1880 .
2326 1867 2338 1879 .
2653 1876 2662 1880 -
2955 1865 3008 1880 ,τ
3148 1879 3160 1880 ί
3216 1857 3402 1880 ,Λεμ-
3437 1874 3468 1880 _
3500 1871 3570 1880 ___
3603 1856 3685 1880 η,

2041 1854 2214 1932 bonis
2243 1854 2503 1930 ahimam
2535 1876 2819 1930 nostram.
2879 1889 2900 1921 c
2955 1865 3170 1928 Nonne
3210 1857 3410 1920 anima
3437 1854 3572 1936 plus
3601 1856 3690 1912 est

2041 1977 2219 2041 quam
2252 1975 2408 2031 esca,
2445 1965 2503 2019 et
2533 1975 2750 2038 corpus
2793 1954 3107 2036 plusquam
3155 1939 3634 2041 vestimentum
3657 1963 3686 1996 ι

2041 2028 2107 2112 ΙἈ
2138 2057 2249 2124 est,
2284 2028 2818 2126 Qui—majusdedit',
2845 2028 3062 2123 nempe
3085 2037 3186 2120 qui
3207 2035 3467 2097 animam
3499 2028 3691 2126 dedit,

2044 2147 2102 2203 et
2127 2120 2341 2219 corpus
2389 2120 2688 2212 formavit,
2744 2153 2943 2197 nonne
2989 2120 3158 2194 dabit
3205 2144 3401 2191 escam
3435 2132 3492 2186 et
3519 2120 3694 2184 vesti-

2049 2213 2309 2292 menta‘?
2357 2247 2388 2288 ε
2435 2226 2697 2307 Aspicite
2746 2222 3001 2286 volatilia
3048 2218 3204 2293 caeli,
3250 2213 3530 2297 quoniam
3574 2227 3693 2271 non

2048 2324 2275 2390 serunt,
2311 2300 2795 2396 neque-metunt,
2830 2329 3024 2392 neque
3053 2310 3422 2385 congregant
3451 2300 3688 2396 in_hor-

2048 2426 2192 2484 rea;
2227 2387 2284 2468 et
2331 2387 2507 2466 Pater
2555 2411 2754 2465 vester
2782 2387 3063 2462 caelestis
3114 2393 3300 2478 pascit
3329 2392 3452 2454 illa.
3485 2387 3697 2452 Nonne

2053 2517 2156 2560 vos
2190 2493 2379 2576 magis
2410 2494 2596 2576 pluris
2630 2492 2772 2554 estis
2803 2491 2920 2552 illis
2949 2488 2976 2552 ?
3012 2513 3036 2543 »

326 2571 332 2572 ί
537 2571 576 2580 ¹¹
663 2571 672 2591 Ι
739 2571 748 2592 I
785 2571 853 2585 ’⁷1
987 2571 1002 2587 \
1269 2571 1280 2586 I
1661 2571 1672 2584 I
1863 2571 1875 2585 ι
2288 2571 2315 2576 ν
2410 2571 2428 2576 -

318 2605 564 2666 Τουτέστι
599 2595 657 2663 Ὀ
686 2606 746 2660 τὸ
777 2610 962 2678 μεῖζον
1009 2600 1150 2676 δοὺς,
1197 2599 1360 2680 ἤγουν
1410 2602 1438 2658 6
1483 2599 1582 2667 τὴν
1610 2597 1795 2679 ψυχὴν
1850 2597 1988 2672 δοὺς,
2034 2594 2122 2650 καὶ
2169 2592 2230 2647 τὸ
2282 2596 2438 2667 σῶμα
2475 2587 2786 2660 διαπλάσας,
2850 2586 2909 2643 οὒ
2967 2583 3120 2640 δώσει
3166 2579 3364 2660 τροφὴν
3412 2577 3500 2633 καὶ
3561 2571 3702 2630 ἐνδύ-

321 2719 464 2774 ματα
497 2715 514 2777 ς
552 2718 582 2752 κ
629 2691 966 2771 Ἐμϐλέψατε
1017 2693 1089 2757 εἷς
1137 2692 1204 2748 τὰ
1253 2691 1468 2748 πετεινὰ
1503 2697 1596 2747 τοῦ
1622 2690 1858 2768 ούρανοῦ,
1907 2687 1986 2744 ὅτι
2031 2684 2093 2743 οὗ.
2143 2686 2460 2764 σπείρουσιν,
2523 2681 2637 2739 οὒδὲ
2690 2681 2990 2760 θερίζουσιν,
3064 2673 3181 2733 οὒδέ
3249 2671 3558 2750 συνάγουσιν
3628 2669 3701 2732 εἱς

321 2792 618 2870 ἀποθήκας,
647 2789 734 2846 καὶ
762 2791 790 2845 6
820 2788 1002 2866 Πατὴρ
1048 2788 1195 2864 ὑμῶν
1246 2788 1275 2844 6
1327 2785 1562 2864 οὐράνιος
1593 2783 1766 2866 τρέφει
1797 2783 1947 2841 αὐτά.
1976 2781 2083 2840 Οὔκ
2108 2781 2262 2856 ὑμεῖς
2296 2775 2496 2853 μᾶλλον
2526 2773 2792 2856 διαφέρετε
2822 2772 2990 2829 αὒτῶν
3025 2789 3041 2851 ς
3078 2792 3107 2824 n

404 2890 521 2944 Τῶν
570 2887 824 2939 πετεινῶν
883 2879 1149 2956 μέμνηται
1209 2881 1238 2936 6
1295 2879 1504 2958 Κύριος,
1551 2877 1644 2934 ’ίνα
1697 2875 1963 2954 ἀποδείξῃ,

2129 2869 2406 2934 Volatilia
2466 2855 2756 2930 memorat
2812 2862 3120 2935 Dominus,
3171 2865 3237 2921 ut
3283 2855 3555 2920 ostendat
3598 2871 3706 2914 nos

328 2973 410 3033 ὅτι
465 2973 553 3029 καὶ
609 2971 803 3028 τούτων
875 2967 1195 3048 ἆλογώτεροί
1249 2968 1430 3044 ἐσμεν,
1491 2968 1578 3023 καὶ
1636 2950 1969 3047 καταισχύνῃ

2057 2961 2171 3023 illis
2200 2958 2533 3022 insaniores
2583 2975 2714 3018 esse
2763 2962 2821 3016 et
2871 2950 3195 3015 confundat
3242 2965 3372 3023 nos,
3431 2953 3607 3026 atque
3638 2950 3704 3004 ut

330 3064 494 3138 ἡμᾶς,
546 3062 634 3116 καὶ
685 3058 798 3132 ἵνα,
854 3057 982 3136 ὅπερ
1038 3056 1222 3136 ἔχουσι
1273 3057 1338 3112 τὰ
1385 3056 1597 3113 πετεινὰ
1653 3054 1715 3111 ἐκ
1769 3036 1971 3136 φύσεως

2057 3049 2213 3132 quod
2263 3056 2472 3110 natura
2517 3044 2775 3109 volatilia
2826 3041 3066 3115 habent,
3118 3055 3333 3118 nempe
3389 3053 3510 3096 non
3568 3049 3700 3094 esse

329 3153 390 3207 τὸ
441 3150 518 3225 μῆ
567 3154 844 3228 μεριμνᾷν,
896 3153 1050 3203 τοῦτο
1097 3147 1259 3221 ἡμεῖς
1314 3144 1377 3203 ἐκ
1428 3141 1782 3223 προαιρέσεως
1834 3165 1972 3210 κτη-

325 3239 540 3314 σώμεθα
613 3256 629 3273 ⁸
725 3238 754 3292 6
823 3235 923 3314 γὰρ
995 3232 1218 3290 εὔτελῶν
1291 3233 1590 3311 στρουθίων,
1665 3231 1967 3312 φροντίζων,

329 3326 513 3402 πολλῷ
564 3323 765 3401 μᾶλλον
811 3328 916 3380 τῶν
966 3323 1154 3399 τιμίων
1201 3320 1489 3400 ἀνθρώπων
1537 3319 1821 3400 φροντίσει.
1877 3319 1974 3378 Διὰ

329 3421 483 3476 τοῦτο
555 3413 947 3490 ὑπομιμνήσκει
1009 3411 1148 3487 ἁμᾶς
1219 3411 1247 3466 6
1320 3407 1504 3486 Κύριος
1575 3411 1672 3474 τῆς
1747 3405 1972 3487 ἀρχαίας

331 3503 534 3569 ἐκείνης
583 3499 878 3579 διαγωγῆς,
939 3497 1027 3554 ὅτε
1074 3499 1102 3554 6
1134 3497 1261 3562 Θεὸς
1323 3493 1503 3576 ἔτρεφε
1557 3495 1648 3550 τὸν
1701 3491 1871 3569 Ἀδὰμ
1928 3493 1980 3549 ἐν

332 3589 629 3670 παραδείσῳ
657 3593 734 3665 μὴ
778 3589 1076 3667 σπείροντα,
1125 3590 1222 3653 τῆς
1273 3590 1376 3664 γῆς
1424 3583 1807 3664 παρασχούσης
1840 3582 1982 3656 αὖτῷ

333 3683 398 3738 τὰ
439 3681 569 3759 πρὸς
613 3678 832 3758 τροφήν.
886 3675 1071 3757 Τρέφει
1110 3672 1165 3730 δὲ
1212 3675 1281 3731 τὰ
1325 3672 1539 3730 πετεινὰ
1593 3674 1621 3728 6
1677 3672 1830 3743 Θεὸς,
1889 3693 1982 3751 φυ-

335 3769 489 3836 σικὴν
534 3773 726 3846 γνῶσιν
770 3766 930 3830 ἐνθίὶς
979 3765 1160 3828 αὐτοῖς
1209 3765 1339 3840 πρὸς
1387 3763 1448 3820 τὸ
1497 3760 1736 3839 συνάγειν
1785 3759 1978 3840 τροφὰς

335 3857 546 3924 διὰτὴν
591 3856 774 3913 τούτου
821 3852 1155 3935 κυϐέρνησιν.
1216 3875 1244 3908 α
1294 3850 1380 3918 Τίς
1434 3851 1485 3918 ἐξ
1525 3851 1670 3926 ὑμῶν
1715 3853 1981 3928 μεριμνῶν

336 3945 546 4004 δύναται
615 3947 920 4024 προσθεῖναι
989 3943 1074 3999 ἐπὶ
1141 3942 1238 4009 τὴν
1307 3939 1516 4009 ἠλικίαν
1582 3939 1738 3996 αὒτοῦ
1795 3942 1980 4017 πῆχυν

337 4034 478 4114 ἕνας
534 4056 558 4091 n
614 4032 837 4088 δείκνυσι
890 4033 918 4088 6
975 4032 1198 4110 Χριστὸς
1271 4028 1352 4086 ὅτι
1413 4030 1473 4085 τὸ
1543 4032 1698 4101 σῶμα
1768 4026 1829 4082 τὸ
1898 4024 1981 4080 δο-

339 4130 457 4188 κοῦν
510 4120 650 4194 αὔξει
706 4120 860 4200 (27),
921 4121 1018 4178 οὒκ
1071 4120 1176 4178 ἀπὸ
1227 4123 1424 4199 τροφῆς
1484 4113 1640 4188 αὔξει,
1724 4112 1861 4172 ἀλλὰ
1914 4119 1983 4189 τῆ

341 4213 498 4271 αὗτοῦ
554 4211 771 4292 προνοίᾳ
819 4211 907 4266 καὶ
964 4210 1168 4290 χάριτι.
1230 4205 1360 4267 Οὔτε
1411 4207 1509 4285 γὰρ
1556 4204 1764 4273 ἡλικίαν
1824 4201 1984 4259 δύνα-

2057 3121 2330 3219 sollicita,
2365 3155 2471 3198 nos
2503 3154 2572 3196 ex
2621 3134 2914 3195 voluntate
2955 3128 3349 3210 acquiramus.
3402 3122 3513 3197 Qui
3544 3121 3704 3184 enim

2057 3227 2258 3289 vilium
2293 3211 2766 3306 passerculorum
2816 3239 3018 3282 curam
3062 3216 3265 3295 habet,
3299 3213 3481 3274 multo
3517 3211 3704 3289 magis

2057 3299 2394 3388 hominum,
2426 3312 2528 3394 qui
2579 3310 2724 3372 tanti
2772 3307 2949 3389 pretii
2997 3313 3156 3381 sunt,
3193 3299 3702 3394 curam‘habebit:

2058 3405 2200 3468 Ideo
2230 3405 2291 3466 in
2342 3387 2687 3465 memoriam
2742 3387 2917 3462 nobis
2959 3393 3193 3457 reducit
3244 3389 3534 3454 Dominus
3559 3387 3705 3448 illud

2062 3494 2369 3576 antiquum
2400 3491 2531 3552 vitae
2560 3489 2914 3567 institutum,
2943 3482 3181 3564 quando
3204 3481 3474 3542 Adanum
3507 3475 3710 3539 Domi-

2063 3605 2176 3648 nus
2206 3567 2401 3646 alebat
2431 3600 2550 3643 non
2582 3579 3003 3656 seminantem,
3055 3582 3213 3637 terra
3254 3569 3344 3632 illi
3377 3587 3442 3631 ea
3477 3587 3606 3650 quae
3635 3567 3708 3628 ad

2062 3693 2258 3738 escam
2292 3669 2630 3734 necessaria
2660 3674 2848 3742 erant,
2898 3669 3230 3745 praestante.
3281 3657 3480 3723 Nutrit
3510 3665 3705 3718 autem

2063 3766 2220 3828 Deus
2249 3761 2525 3836 volatilia,
2560 3758 2888 3820 naturalem
2917 3753 3035 3816 illis
3066 3754 3337 3814 inserens
3362 3748 3708 3811 instinctum

2062 3864 2127 3916 ut
2179 3872 2284 3934 per
2331 3850 2518 3932 ipsius
2575 3845 3064 3934 gubernationem
3124 3840 3288 3903 cibos
3348 3847 3710 3934 congregem

2068 3963 2098 4003 ιι
2129 3927 2271 4015 Quis
2303 3927 2495 4002 autem
2529 3945 2785 3998 vestrum
2816 3933 3084 4013 cogitans
3117 3935 3309 4011 potest
3339 3927 3601 4008 adjicere
3631 3927 3705 3988 ad

2065 4040 2346 4094 staturam
2365 4047 2531 4090 suam
2558 4025 2822 4088 cubitum
2839 4042 3020 4084 unum
3038 4019 3069 4080 Ἰ
3090 4041 3120 4080 )
3147 4017 3426 4082 Ostendit
3447 4015 3717 4079 Christus

2067 4139 2285 4202 corpus
2317 4125 2470 4200 quod
2506 4116 2742 4178 videtur
2773 4129 3066 4185 crescere,
3103 4127 3223 4170 non
3253 4105 3385 4168 cibo
3417 4123 3715 4180 crescere,

2069 4193 2193 4273 sed.
2235 4193 2354 4290 per'
2394 4225 2561 4269 suam
2628 4201 3055 4276 ir0videntiam
3104 4207 3162 4262 et
3209 4195 3480 4274 gratiam.
3532 4193 3718 4256 Nemo

341 4325 428 4362 ται
482 4324 561 4366 τις
620 4304 924 4376 προσθεῖναι
982 4299 1209 4374 σώματι,
1263 4295 1380 4354 οὔτε
1427 4299 1623 4375 τροφῆς
1671 4297 1971 4372 προνοῆσαι⁵

2073 4289 2544 4364 θηίῐηίςιδῐυιείιῐη
2577 4293 2815 4376 corpori
2867 4311 2972 4354 suo
3022 4289 3244 4351 addere
3279 4291 3491 4366 potest,
3530 4301 3720 4364 neque

342 4393 386 4448 εί
418 4395 496 4466 μὴ
525 4391 554 4446 6
588 4391 739 4464 Θεὸς,
774 4388 826 4446 ἐν
857 4391 940 4452 οἷς
987 4385 1240 4464 δοκοῦμεν
1289 4385 1545 4465 ἐνεργεῖν,
1595 4384 1656 4438 τὸ
1684 4387 1788 4438 πᾶν
1820 4380 1982 4454 ἀνύει,

343 4483 416 4546 ὼς
475 4477 739 4556 βούλεται.
798 4477 930 4542 Τοὺς
994 4476 1093 4555 γὰρ
1151 4474 1390 4538 δοθέντας
1461 4471 1608 4552 ὅρους
1660 4471 1803 4550 παρὰ
1859 4475 1990 4527 Θεοῦ

342 4567 506 4630 οὒδεὶς
561 4565 770 4623 δύναται
822 4563 1042 4632 αὐξῆσαι
1087 4563 1122 4631 ἢ
1172 4569 1396 4640 μειῶσαι
1439 4580 1451 4594 ·
1505 4561 1564 4618 οὔ
1622 4560 1721 4639 γὰρ
1749 4560 1785 4627 ἡ
1815 4555 1986 4614 πολυ-

341 4657 506 4737 φαγία
533 4650 670 4719 αὔξει
715 4653 775 4709 τὸ
823 4656 1003 4728 σῶμα,
1054 4649 1191 4711 ἀλλὰ
1235 4652 1324 4707 καὶ
1369 4649 1733 4726 ἀσθενέστερον
1786 4644 1986 4722 μᾶλλον

335 4736 460 4803 αὒτὸ
528 4757 699 4805 ποιεῖ.
772 4744 830 4799 Εἰ
913 4743 974 4798 τὸ
1042 4749 1160 4820 πὲρι
1233 4746 1357 4817 μιᾶς
1429 4738 1632 4818 ἡμέρας
1705 4736 1991 4818 φροντίζειν

329 4836 484 4914 βαρὺ,
539 4835 626 4890 καὶ
672 4833 991 4905 κακωτικὸν,
1053 4833 1166 4896 πῶς
1224 4832 1284 4887 τὸ
1341 4829 1584 4907 περιττὸν
1643 4825 1740 4883 οὒκ
1795 4824 1993 4905 ἀφόρη-

335 4945 426 4980 τον
461 4942 477 5003 ;
505 4921 606 5001 ἄρα
630 4921 726 4979 οὒκ
771 4920 1080 4993 κακώσεως,
1120 4919 1210 4976 καὶ
1258 4914 1468 4992 ὀδύνης,
1523 4916 1612 4973 καὶ
1643 4913 1870 4996 μόχθου,
1904 4899 1991 4969 καιὶ

339 5010 720 5090 ταλαιπωρίας,
781 5010 863 5067 κοὶ
921 5008 1082 5066 πόνου
1150 5009 1186 5078 ἡ
1244 5012 1481 5084 παροῦσα
1538 5002 1712 5082 ἡμέρα
1778 5017 1792 5032 ⁸
1857 5001 1994 5058 ὥστε

345 5100 443 5158 κᾶν
527 5088 782 5178 μεριμνᾷς
818 5146 834 5173 ,
923 5099 1161 5177 ἄνθρωπε
1194 5143 1212 5171 ,
1294 5094 1392 5152 κᾶν
1466 5093 1763 5174 φροντίζῃς,
1851 5088 1995 5147 οὐδὲν

344 5203 544 5267 ποιεῖς,
609 5189 687 5268 μῆ
742 5187 983 5252 θέλοντος
1024 5193 1115 5244 τοῦ
1162 5193 1313 5247 Θεοῦ.
1367 5184 1428 5244 Τί
1476 5183 1646 5242 τοίνυν
1693 5202 1997 5258 ματαιοπο-

589 5399 618 5433 α
651 5380 724 5436 Οὸ
748 5375 1184 5459 τῶν-χρημάτων
1209 5377 1582 5459 ς-μεριμνξν,
1619 5388 1642 5459 ξ
1665 5369 1732 5432 In
1751 5366 1999 5459 his‘rur-

351 5447 452 5521 sus
483 5447 652 5519 deest
678 5456 770 5518 vel
799 5447 1020 5532 κελῖὖει,
1055 5454 1147 5517 vel
1203 5447 1315 5530 δεῖ,
1346 5447 1454 5532 vel
1482 5449 1646 5532 aliud
1676 5447 1816 5530 quid
1851 5447 1992 5511 tale.

432 5538 567 5698 (26;
602 5556 632 5598 ‹
663 5536 811 5595 Ἐπεὶ
830 5537 941 5596 καὶ.
980 5531 1013 5593 »ν
1040 5535 1190 5594 Ἐπεὶ
1219 5531 1359 5595 dedi
1388 5549 1495 5612 pro
1527 5531 1634 5595 ἐπί,

438 5618 534 5698 (27
603 5641 630 5676 ι
662 5620 734 5679 Τὸ
763 5617 947 5680 δοκοῦν
977 5616 1138 5684 αὔξει.
1162 5640 1190 5674 ι
1222 5612 1391 5681 Haud
1415 5610 1634 5676 dubie:

438 5607 567 5700 (27)
603 5641 630 5676 ι
662 5620 734 5679 Τὸ
763 5617 947 5680 δοκοῦν
977 5616 1138 5684 αὔξει.
1162 5640 1190 5674 ι
1222 5607 1596 5681 Ηευᾶόυὸὶε
1617 5607 2000 5674 scribendum

2071 4391 2182 4452 sibi
2215 4389 2410 4452 cibum
2445 4371 2782 4468 procurare,
2821 4381 2936 4442 nisi
2982 4379 3164 4444 Deus.
3220 4373 3453 4455 quando
3485 4371 3720 4452 operari

2071 4479 2364 4557 videmur,
2396 4460 2597 4536 omnia
2627 4470 2915 4553 perﬁciat,
2968 4477 3032 4529 ut
3058 4463 3333 4527 voluerit.
3369 4461 3526 4534 Quos
3557 4460 3717 4522 enim

2070 4568 2290 4631 limites
2321 4550 2608 4628 Dominus
2627 4550 2860 4642 posuit,
2887 4577 3062 4620 nemo
3086 4571 3303 4632 augere
3326 4560 3424 4613 aut
3449 4550 3721 4612 minuere

2072 4665 2284 4740 potest.
2318 4655 2447 4717 Non
2473 4650 2952 4740 enimvoracitas
2984 4643 3223 4740 augebit
3251 4660 3488 4740 corpus,
3523 4641 3722 4740 sed‘et

2074 4726 2218 4810 illud
2252 4742 2546 4806 inﬁrmius
2575 4739 2758 4801 multo
2791 4737 2987 4799 faciet.
3016 4733 3074 4798 Si
3097 4731 3257 4794 enim
3281 4729 3370 4791 vel
3390 4729 3464 4790 de
3492 4746 3605 4789 una
3627 4726 3724 4788 die

2074 4835 2390 4899 sollicitum
2424 4849 2556 4892 esse
2599 4845 2772 4907 graae
2822 4835 2912 4889 est
2959 4833 3020 4888 et
3067 4820 3364 4893 nocivum,
3400 4815 3719 4907 quomodo

2074 4919 2492 4988 sollicitudinis
2549 4903 2825 4980 eicessus
2883 4934 3003 4976 non
3055 4918 3212 4974 esset
3268 4904 3660 4968 intolerabiiis
3692 4903 3724 4963 ‘?

2075 5012 2256 5093 Igitur
2286 5011 2460 5086 malo,
2499 5015 2554 5068 et
2585 5005 2813 5078 dolore,
2849 5012 2906 5066 ct
2937 5003 3162 5093 labore,
3193 5004 3248 5058 et
3271 4997 3728 5093 paupertate,net

2083 5079 2256 5185 poena
2279 5079 2457 5182 plena
2485 5105 2578 5160 est
2609 5113 2871 5178 praasens
2894 5093 3046 5185 dies.
3071 5089 3163 5185 Ita
3183 5095 3269 5160 ut,
3302 5081 3539 5185 etiamsi
3566 5079 3729 5185 solli-

2081 5171 2234 5257 citus
2262 5171 2368 5269 sis,
2401 5210 2436 5253 ο
2467 5171 2668 5266 homo,
2702 5184 2936 5248 etiamsi
2977 5181 3220 5262 cogites,
3256 5174 3405 5238 nihil
3433 5173 3576 5235 facis
3604 5171 3726 5236 Deo

2078 5365 2140 5421 τὸ
2169 5363 2353 5421 δοκοῦν
2382 5360 2582 5447 αὔξειν..
2607 5357 2708 5421 Bis
2735 5354 3022 5447 deinceps
3061 5357 3262 5447 autem
3301 5346 3405 5438 hic
3435 5343 3604 5447 αιύξειν
3636 5351 3729 5434 est

2079 5461 2344 5508 crescere
2369 5424 2604 5521 augeri,
2661 5446 2724 5499 ut
2771 5453 2908 5521 mox
2953 5424 3014 5496 in
3061 5427 3318 5499 Matthaei
3358 5424 3580 5510 verbis,
3610 5424 3726 5494 πῶς

2084 5524 2312 5608 αὐξάνει,
2345 5524 2404 5584 οὗ
2441 5516 2628 5607 κοπιᾷ,
2657 5541 2711 5595 κ,
2739 5540 2792 5582 τ,
2827 5516 2883 5586 λ,
