  <div class='ocr_page' id='page_1' title='image "/cluster/home/n/w/nwhite01/storage/ocr_20150623/120/coo.31924054870245/636.png"; bbox 0 0 4156 6400; ppageno 0'>
   <div class='ocr_carea' id='block_1_1' title="bbox 249 368 1881 440">
    <p class='ocr_par' dir='ltr' id='par_1_1' title="bbox 249 370 1881 439">
     <span class='ocr_line' id='line_1_1' title="bbox 249 370 1881 439; baseline 0.001 -2"><span class='ocrx_word' id='word_1_1' title='bbox 249 370 403 437; x_wconf 75' lang='grc'><strong>1245</strong></span> <span class='ocrx_word' id='word_1_2' title='bbox 588 400 595 405; x_wconf 46' lang='grc' dir='ltr'><strong>α</strong></span> <span class='ocrx_word' id='word_1_3' title='bbox 1721 374 1881 439; x_wconf 81' lang='lat' dir='ltr'><strong>ORA&#39;</strong></span> 
     </span>
    </p>
   </div>
   <div class='ocr_carea' id='block_1_2' title="bbox 1969 368 3635 440">
    <p class='ocr_par' dir='ltr' id='par_1_2' title="bbox 1969 368 3635 440">
     <span class='ocr_line' id='line_1_2' title="bbox 1969 368 3635 440; baseline -0.004 0"><span class='ocrx_word' id='word_1_4' title='bbox 1969 374 2061 440; x_wconf 87' lang='lat' dir='ltr'><strong>DN</strong></span> <span class='ocrx_word' id='word_1_5' title='bbox 2065 374 2154 440; x_wconf 88' lang='lat' dir='ltr'><strong>ES</strong></span> <span class='ocrx_word' id='word_1_6' title='bbox 3481 368 3635 435; x_wconf 77' lang='lat'><strong>1246</strong></span> 
     </span>
    </p>
   </div>
   <div class='ocr_carea' id='block_1_3' title="bbox 241 498 1881 587">
    <p class='ocr_par' dir='ltr' id='par_1_3' title="bbox 241 507 1881 586">
     <span class='ocr_line' id='line_1_3' title="bbox 241 507 1881 586; baseline 0.001 -23"><span class='ocrx_word' id='word_1_7' title='bbox 241 507 593 584; x_wconf 83' lang='grc' dir='ltr'>πνευματικὰ,</span> <span class='ocrx_word' id='word_1_8' title='bbox 668 508 995 586; x_wconf 83' lang='grc' dir='ltr'>προστίθεται</span> <span class='ocrx_word' id='word_1_9' title='bbox 1078 508 1248 582; x_wconf 87' lang='grc' dir='ltr'>τούτῳ</span> <span class='ocrx_word' id='word_1_10' title='bbox 1327 510 1417 566; x_wconf 85' lang='grc' dir='ltr'><strong>καὶ</strong></span> <span class='ocrx_word' id='word_1_11' title='bbox 1481 509 1548 568; x_wconf 73' lang='grc' dir='ltr'>τὰ</span> <span class='ocrx_word' id='word_1_12' title='bbox 1613 508 1881 584; x_wconf 75' lang='grc' dir='ltr'>σωματικὰ</span> 
     </span>
    </p>
   </div>
   <div class='ocr_carea' id='block_1_4' title="bbox 1969 498 3629 587">
    <p class='ocr_par' dir='ltr' id='par_1_4' title="bbox 1974 498 3629 587">
     <span class='ocr_line' id='line_1_4' title="bbox 1974 498 3629 587; baseline -0.004 -17"><span class='ocrx_word' id='word_1_13' title='bbox 1974 507 2095 571; x_wconf 91' lang='lat' dir='ltr'><strong>diei</strong></span> <span class='ocrx_word' id='word_1_14' title='bbox 2127 507 2534 587; x_wconf 77' lang='lat' dir='ltr'><strong>fatigationem</strong></span> <span class='ocrx_word' id='word_1_15' title='bbox 2568 512 2754 579; x_wconf 88' lang='lat' dir='ltr'><strong>vocat,</strong></span> <span class='ocrx_word' id='word_1_16' title='bbox 2790 512 2848 567; x_wconf 91' lang='lat' dir='ltr'><strong>et</strong></span> <span class='ocrx_word' id='word_1_17' title='bbox 2899 498 3278 567; x_wconf 79' lang='lat' dir='ltr'><strong>afﬂictionem</strong></span> <span class='ocrx_word' id='word_1_18' title='bbox 3314 519 3491 583; x_wconf 91' lang='lat' dir='ltr'><strong>quam</strong></span> <span class='ocrx_word' id='word_1_19' title='bbox 3521 500 3629 564; x_wconf 89' lang='lat' dir='ltr'><strong>ha-</strong></span> 
     </span>
    </p>
   </div>
   <div class='ocr_carea' id='block_1_5' title="bbox 244 588 1881 677">
    <p class='ocr_par' dir='ltr' id='par_1_5' title="bbox 244 593 1881 677">
     <span class='ocr_line' id='line_1_5' title="bbox 244 593 1881 677; baseline 0.001 -26"><span class='ocrx_word' id='word_1_20' title='bbox 244 595 380 651; x_wconf 81' lang='grc' dir='ltr'><strong>κατά</strong></span> <span class='ocrx_word' id='word_1_21' title='bbox 430 593 734 677; x_wconf 79' lang='grc' dir='ltr'>φιλοτιμίαν</span> <span class='ocrx_word' id='word_1_22' title='bbox 791 603 946 657; x_wconf 68' lang='grc' dir='ltr'>Θεοῦ.</span> <span class='ocrx_word' id='word_1_23' title='bbox 1007 616 1035 650; x_wconf 79' lang='grc' dir='ltr'>ι</span> <span class='ocrx_word' id='word_1_24' title='bbox 1114 596 1205 664; x_wconf 74' lang='grc' dir='ltr'><strong>Μὴ</strong></span> <span class='ocrx_word' id='word_1_25' title='bbox 1262 594 1351 653; x_wconf 80' lang='grc' dir='ltr'>οὗν</span> <span class='ocrx_word' id='word_1_26' title='bbox 1409 598 1771 677; x_wconf 75' lang='grc' dir='ltr'><strong>μεριμνήσητε</strong></span> <span class='ocrx_word' id='word_1_27' title='bbox 1823 598 1881 652; x_wconf 73' lang='grc' dir='ltr'>είς</span> 
     </span>
    </p>
   </div>
   <div class='ocr_carea' id='block_1_6' title="bbox 1969 588 3629 677">
    <p class='ocr_par' dir='ltr' id='par_1_6' title="bbox 1981 588 3629 674">
     <span class='ocr_line' id='line_1_6' title="bbox 1981 588 3629 674; baseline -0.005 -16"><span class='ocrx_word' id='word_1_28' title='bbox 1981 595 2191 660; x_wconf 89' lang='lat' dir='ltr'><strong>bemus</strong></span> <span class='ocrx_word' id='word_1_29' title='bbox 2222 613 2333 656; x_wconf 90' lang='lat' dir='ltr'><strong>nos</strong></span> <span class='ocrx_word' id='word_1_30' title='bbox 2352 594 2646 674; x_wconf 86' lang='lat' dir='ltr'><strong>homines,</strong></span> <span class='ocrx_word' id='word_1_31' title='bbox 2673 602 2729 656; x_wconf 91' lang='lat' dir='ltr'><strong>et</strong></span> <span class='ocrx_word' id='word_1_32' title='bbox 2751 592 3053 673; x_wconf 80' lang='lat' dir='ltr'><strong>angustias</strong></span> <span class='ocrx_word' id='word_1_33' title='bbox 3073 590 3262 666; x_wconf 80' lang='lat' dir='ltr'><strong>exiis,</strong></span> <span class='ocrx_word' id='word_1_34' title='bbox 3287 608 3420 671; x_wconf 89' lang='lat' dir='ltr'><strong>qua</strong></span> <span class='ocrx_word' id='word_1_35' title='bbox 3450 588 3629 651; x_wconf 89' lang='lat' dir='ltr'><strong>nobis</strong></span> 
     </span>
    </p>
   </div>
   <div class='ocr_carea' id='block_1_7' title="bbox 241 673 1881 763">
    <p class='ocr_par' dir='ltr' id='par_1_7' title="bbox 241 673 1881 763">
     <span class='ocr_line' id='line_1_7' title="bbox 241 673 1881 763; baseline 0.002 -26"><span class='ocrx_word' id='word_1_36' title='bbox 241 682 337 749; x_wconf 79' lang='grc' dir='ltr'>τὴν</span> <span class='ocrx_word' id='word_1_37' title='bbox 393 673 591 761; x_wconf 59' lang='grc' dir='ltr'>αὔριον.</span> <span class='ocrx_word' id='word_1_38' title='bbox 668 673 731 740; x_wconf 72' lang='grc' dir='ltr'><strong><em>Ἠ</em></strong></span> <span class='ocrx_word' id='word_1_39' title='bbox 788 684 889 762; x_wconf 76' lang='grc' dir='ltr'><strong>γὰρ</strong></span> <span class='ocrx_word' id='word_1_40' title='bbox 954 681 1127 761; x_wconf 66' lang='grc' dir='ltr'>αὔριον</span> <span class='ocrx_word' id='word_1_41' title='bbox 1186 673 1499 763; x_wconf 77' lang='grc' dir='ltr'>μεριμνήσει</span> <span class='ocrx_word' id='word_1_42' title='bbox 1554 685 1621 740; x_wconf 79' lang='grc' dir='ltr'>τΞι</span> <span class='ocrx_word' id='word_1_43' title='bbox 1676 685 1881 752; x_wconf 48' lang='grc' dir='ltr'>ἑαυτῆςι</span> 
     </span>
    </p>
   </div>
   <div class='ocr_carea' id='block_1_8' title="bbox 1969 673 3635 763">
    <p class='ocr_par' dir='ltr' id='par_1_8' title="bbox 1980 673 3635 759">
     <span class='ocr_line' id='line_1_8' title="bbox 1980 673 3635 759; baseline -0.005 -12"><span class='ocrx_word' id='word_1_44' title='bbox 1980 684 2257 747; x_wconf 88' lang='lat' dir='ltr'><strong>accidunt</strong></span> <span class='ocrx_word' id='word_1_45' title='bbox 2286 682 2494 745; x_wconf 86' lang='lat' dir='ltr'><strong>tristia.</strong></span> <span class='ocrx_word' id='word_1_46' title='bbox 2529 673 2757 745; x_wconf 70' lang='lat' dir='ltr'><strong>Sufficit</strong></span> <span class='ocrx_word' id='word_1_47' title='bbox 2788 680 2944 742; x_wconf 91' lang='lat' dir='ltr'><strong>enim</strong></span> <span class='ocrx_word' id='word_1_48' title='bbox 2981 678 3153 741; x_wconf 83' lang='lat' dir='ltr'><strong>nobis</strong></span> <span class='ocrx_word' id='word_1_49' title='bbox 3185 678 3346 740; x_wconf 90' lang='lat' dir='ltr'><strong>circa</strong></span> <span class='ocrx_word' id='word_1_50' title='bbox 3375 694 3635 759; x_wconf 88' lang='lat' dir='ltr'><strong>prasen-</strong></span> 
     </span>
    </p>
   </div>
   <div class='ocr_carea' id='block_1_9' title="bbox 242 765 1881 851">
    <p class='ocr_par' dir='ltr' id='par_1_9' title="bbox 242 769 1881 851">
     <span class='ocr_line' id='line_1_9' title="bbox 242 769 1881 851; baseline 0.002 -24"><span class='ocrx_word' id='word_1_51' title='bbox 242 771 490 851; x_wconf 84' lang='grc' dir='ltr'>Ἀρκετὸν</span> <span class='ocrx_word' id='word_1_52' title='bbox 536 770 638 850; x_wconf 82' lang='grc' dir='ltr'>γάρ</span> <span class='ocrx_word' id='word_1_53' title='bbox 677 769 788 827; x_wconf 86' lang='grc' dir='ltr'>ἐστι</span> <span class='ocrx_word' id='word_1_54' title='bbox 838 777 907 849; x_wconf 73' lang='grc' dir='ltr'>τῇ</span> <span class='ocrx_word' id='word_1_55' title='bbox 956 771 1128 850; x_wconf 77' lang='grc' dir='ltr'>ἡμέρα</span> <span class='ocrx_word' id='word_1_56' title='bbox 1173 773 1209 840; x_wconf 74' lang='grc' dir='ltr'><strong>ἡ</strong></span> <span class='ocrx_word' id='word_1_57' title='bbox 1256 773 1414 829; x_wconf 90' lang='grc' dir='ltr'>κακία</span> <span class='ocrx_word' id='word_1_58' title='bbox 1455 774 1648 841; x_wconf 70' lang='grc' dir='ltr'>αὐτῆς.</span> <span class='ocrx_word' id='word_1_59' title='bbox 1686 796 1714 828; x_wconf 70' lang='grc' dir='ltr'><strong><em>ι</em></strong></span> <span class='ocrx_word' id='word_1_60' title='bbox 1778 782 1881 831; x_wconf 89' lang='grc' dir='ltr'><strong>Κα-</strong></span> 
     </span>
    </p>
   </div>
   <div class='ocr_carea' id='block_1_10' title="bbox 1969 765 3632 851">
    <p class='ocr_par' dir='ltr' id='par_1_10' title="bbox 1980 765 3632 850">
     <span class='ocr_line' id='line_1_10' title="bbox 1980 765 3632 850; baseline -0.006 -14"><span class='ocrx_word' id='word_1_61' title='bbox 1980 782 2097 838; x_wconf 89' lang='lat' dir='ltr'><strong>tem</strong></span> <span class='ocrx_word' id='word_1_62' title='bbox 2130 771 2288 834; x_wconf 91' lang='lat' dir='ltr'><strong>diem</strong></span> <span class='ocrx_word' id='word_1_63' title='bbox 2319 770 2548 850; x_wconf 85' lang='lat' dir='ltr'><strong>fatigari</strong></span> <span class='ocrx_word' id='word_1_64' title='bbox 2580 770 2595 830; x_wconf 89' lang='lat'>!</span> <span class='ocrx_word' id='word_1_65' title='bbox 2632 768 2692 832; x_wconf 88' lang='lat' dir='ltr'><strong>Si</strong></span> <span class='ocrx_word' id='word_1_66' title='bbox 2723 786 2866 830; x_wconf 80' lang='lat' dir='ltr'><strong>vero</strong></span> <span class='ocrx_word' id='word_1_67' title='bbox 2898 774 2958 830; x_wconf 90' lang='lat' dir='ltr'><strong>et</strong></span> <span class='ocrx_word' id='word_1_68' title='bbox 2984 767 3061 829; x_wconf 90' lang='lat' dir='ltr'><strong>de</strong></span> <span class='ocrx_word' id='word_1_69' title='bbox 3090 765 3347 829; x_wconf 89' lang='lat' dir='ltr'><strong>crastina</strong></span> <span class='ocrx_word' id='word_1_70' title='bbox 3375 765 3473 827; x_wconf 93' lang='lat' dir='ltr'><strong>die</strong></span> <span class='ocrx_word' id='word_1_71' title='bbox 3503 766 3632 827; x_wconf 91' lang='lat' dir='ltr'><strong>sol-</strong></span> 
     </span>
    </p>
   </div>
   <div class='ocr_carea' id='block_1_11' title="bbox 240 853 1881 942">
    <p class='ocr_par' dir='ltr' id='par_1_11' title="bbox 240 859 1881 942">
     <span class='ocr_line' id='line_1_11' title="bbox 240 859 1881 942; baseline 0.002 -25"><span class='ocrx_word' id='word_1_72' title='bbox 240 859 356 918; x_wconf 73' lang='grc' dir='ltr'>κίαν</span> <span class='ocrx_word' id='word_1_73' title='bbox 409 859 610 939; x_wconf 79' lang='grc' dir='ltr'>ἡμέρας</span> <span class='ocrx_word' id='word_1_74' title='bbox 667 862 766 930; x_wconf 79' lang='grc' dir='ltr'>τὴν</span> <span class='ocrx_word' id='word_1_75' title='bbox 822 860 1099 942; x_wconf 80' lang='grc' dir='ltr'>συντριϐὴν</span> <span class='ocrx_word' id='word_1_76' title='bbox 1153 859 1298 941; x_wconf 82' lang='grc' dir='ltr'><strong>λέγει</strong></span> <span class='ocrx_word' id='word_1_77' title='bbox 1343 864 1431 920; x_wconf 89' lang='grc' dir='ltr'><strong>καὶ</strong></span> <span class='ocrx_word' id='word_1_78' title='bbox 1481 864 1579 931; x_wconf 75' lang='grc' dir='ltr'>τὴν</span> <span class='ocrx_word' id='word_1_79' title='bbox 1630 864 1881 939; x_wconf 72' lang='grc' dir='ltr'>κάκωσιν,</span> 
     </span>
    </p>
   </div>
   <div class='ocr_carea' id='block_1_12' title="bbox 1969 853 3635 942">
    <p class='ocr_par' dir='ltr' id='par_1_12' title="bbox 1979 853 3635 942">
     <span class='ocr_line' id='line_1_12' title="bbox 1979 853 3635 942; baseline 0 -25"><span class='ocrx_word' id='word_1_80' title='bbox 1979 856 2120 923; x_wconf 87' lang='lat' dir='ltr'><strong>liciti</strong></span> <span class='ocrx_word' id='word_1_81' title='bbox 2180 859 2406 934; x_wconf 91' lang='lat' dir='ltr'><strong>simus,</strong></span> <span class='ocrx_word' id='word_1_82' title='bbox 2464 857 2640 920; x_wconf 91' lang='lat' dir='ltr'><strong>modo</strong></span> <span class='ocrx_word' id='word_1_83' title='bbox 2711 856 3015 918; x_wconf 86' lang='lat' dir='ltr'><strong>deerimus</strong></span> <span class='ocrx_word' id='word_1_84' title='bbox 3085 854 3247 936; x_wconf 91' lang='lat' dir='ltr'><strong>Deo,</strong></span> <span class='ocrx_word' id='word_1_85' title='bbox 3306 853 3484 915; x_wconf 90' lang='lat' dir='ltr'><strong>modo</strong></span> <span class='ocrx_word' id='word_1_86' title='bbox 3522 853 3635 942; x_wconf 75' lang='lat' dir='ltr'><strong>illi</strong></span> 
     </span>
    </p>
   </div>
   <div class='ocr_carea' id='block_1_13' title="bbox 237 946 1891 1033">
    <p class='ocr_par' dir='ltr' id='par_1_13' title="bbox 237 946 1891 1033">
     <span class='ocr_line' id='line_1_13' title="bbox 237 946 1891 1033; baseline 0.002 -28"><span class='ocrx_word' id='word_1_87' title='bbox 237 948 304 1018; x_wconf 72' lang='grc' dir='ltr'>ἢν</span> <span class='ocrx_word' id='word_1_88' title='bbox 370 946 590 1029; x_wconf 81' lang='grc' dir='ltr'>ἔχομεν,</span> <span class='ocrx_word' id='word_1_89' title='bbox 649 951 738 1007; x_wconf 86' lang='grc' dir='ltr'><strong>καὶ</strong></span> <span class='ocrx_word' id='word_1_90' title='bbox 794 950 893 1018; x_wconf 79' lang='grc' dir='ltr'>τὴν</span> <span class='ocrx_word' id='word_1_91' title='bbox 942 950 1300 1029; x_wconf 77' lang='grc' dir='ltr'><strong>στενοχωρίαν</strong></span> <span class='ocrx_word' id='word_1_92' title='bbox 1348 954 1397 1008; x_wconf 82' lang='grc' dir='ltr'>οἱ</span> <span class='ocrx_word' id='word_1_93' title='bbox 1450 950 1733 1033; x_wconf 78' lang='grc' dir='ltr'>ἄνθρωποι,</span> <span class='ocrx_word' id='word_1_94' title='bbox 1786 951 1891 1009; x_wconf 83' lang='grc' dir='ltr'>ἀπὸ</span> 
     </span>
    </p>
   </div>
   <div class='ocr_carea' id='block_1_14' title="bbox 236 1038 1889 1123">
    <p class='ocr_par' dir='ltr' id='par_1_14' title="bbox 236 1038 1889 1123">
     <span class='ocr_line' id='line_1_14' title="bbox 236 1038 1889 1123; baseline 0.002 -28"><span class='ocrx_word' id='word_1_95' title='bbox 236 1044 342 1095; x_wconf 87' lang='grc' dir='ltr'><strong>τῶν</strong></span> <span class='ocrx_word' id='word_1_96' title='bbox 391 1038 766 1121; x_wconf 76' lang='grc' dir='ltr'>ἐπερχομένων</span> <span class='ocrx_word' id='word_1_97' title='bbox 810 1041 944 1115; x_wconf 75' lang='grc' dir='ltr'>ἡμῖν</span> <span class='ocrx_word' id='word_1_98' title='bbox 994 1041 1245 1120; x_wconf 81' lang='grc' dir='ltr'><strong>ἀνιαρῶν.</strong></span> <span class='ocrx_word' id='word_1_99' title='bbox 1296 1040 1547 1121; x_wconf 78' lang='grc' dir='ltr'>Ἀρκετὸν</span> <span class='ocrx_word' id='word_1_100' title='bbox 1604 1043 1704 1123; x_wconf 76' lang='grc' dir='ltr'><strong>γὰρ</strong></span> <span class='ocrx_word' id='word_1_101' title='bbox 1751 1042 1889 1100; x_wconf 83' lang='grc' dir='ltr'>ἐστιν</span> 
     </span>
    </p>
   </div>
   <div class='ocr_carea' id='block_1_15' title="bbox 234 1124 1890 1211">
    <p class='ocr_par' dir='ltr' id='par_1_15' title="bbox 234 1124 1890 1211">
     <span class='ocr_line' id='line_1_15' title="bbox 234 1124 1890 1211; baseline 0.002 -28"><span class='ocrx_word' id='word_1_102' title='bbox 234 1127 395 1201; x_wconf 75' lang='grc' dir='ltr'>ἡμῖν,</span> <span class='ocrx_word' id='word_1_103' title='bbox 456 1126 538 1183; x_wconf 81' lang='grc' dir='ltr'>ὅτι</span> <span class='ocrx_word' id='word_1_104' title='bbox 594 1124 972 1207; x_wconf 77' lang='grc' dir='ltr'>συντριϐόμεθα</span> <span class='ocrx_word' id='word_1_105' title='bbox 1042 1129 1161 1208; x_wconf 86' lang='grc' dir='ltr'>περὶ</span> <span class='ocrx_word' id='word_1_106' title='bbox 1221 1129 1318 1198; x_wconf 77' lang='grc' dir='ltr'>τὴν</span> <span class='ocrx_word' id='word_1_107' title='bbox 1372 1130 1603 1211; x_wconf 83' lang='grc' dir='ltr'>σήμερον</span> <span class='ocrx_word' id='word_1_108' title='bbox 1659 1148 1674 1164; x_wconf 86' lang='grc'><strong>⁸</strong></span> <span class='ocrx_word' id='word_1_109' title='bbox 1732 1132 1776 1187; x_wconf 82' lang='grc' dir='ltr'>εἶ</span> <span class='ocrx_word' id='word_1_110' title='bbox 1833 1128 1890 1187; x_wconf 78' lang='grc' dir='ltr'><strong>δὲ</strong></span> 
     </span>
    </p>
   </div>
   <div class='ocr_carea' id='block_1_16' title="bbox 237 1214 1887 1301">
    <p class='ocr_par' dir='ltr' id='par_1_16' title="bbox 237 1214 1887 1301">
     <span class='ocr_line' id='line_1_16' title="bbox 237 1214 1887 1301; baseline 0.004 -31"><span class='ocrx_word' id='word_1_111' title='bbox 237 1215 326 1271; x_wconf 87' lang='grc' dir='ltr'><strong>καὶ</strong></span> <span class='ocrx_word' id='word_1_112' title='bbox 379 1216 498 1296; x_wconf 82' lang='grc' dir='ltr'>περὶ</span> <span class='ocrx_word' id='word_1_113' title='bbox 551 1220 651 1283; x_wconf 81' lang='grc' dir='ltr'>τῆς</span> <span class='ocrx_word' id='word_1_114' title='bbox 710 1214 883 1295; x_wconf 74' lang='grc' dir='ltr'>αὔριον</span> <span class='ocrx_word' id='word_1_115' title='bbox 943 1218 1373 1297; x_wconf 69' lang='grc' dir='ltr'>μεριμνῆσωμεν,</span> <span class='ocrx_word' id='word_1_116' title='bbox 1434 1220 1564 1276; x_wconf 86' lang='grc' dir='ltr'>πότε</span> <span class='ocrx_word' id='word_1_117' title='bbox 1621 1218 1887 1301; x_wconf 82' lang='grc' dir='ltr'>σχολάσο-</span> 
     </span>
    </p>
   </div>
   <div class='ocr_carea' id='block_1_17' title="bbox 240 1302 1887 1384">
    <p class='ocr_par' dir='ltr' id='par_1_17' title="bbox 240 1302 1887 1384">
     <span class='ocr_line' id='line_1_17' title="bbox 240 1302 1887 1384; baseline 0.003 -25"><span class='ocrx_word' id='word_1_118' title='bbox 240 1324 336 1379; x_wconf 91' lang='grc' dir='ltr'><strong>μεν</strong></span> <span class='ocrx_word' id='word_1_119' title='bbox 403 1311 539 1380; x_wconf 83' lang='grc' dir='ltr'>Θεῷ,</span> <span class='ocrx_word' id='word_1_120' title='bbox 597 1304 728 1362; x_wconf 84' lang='grc' dir='ltr'>πύτε</span> <span class='ocrx_word' id='word_1_121' title='bbox 780 1302 1126 1383; x_wconf 88' lang='grc' dir='ltr'>δουλευσομεν</span> <span class='ocrx_word' id='word_1_122' title='bbox 1181 1306 1348 1383; x_wconf 70' lang='grc' dir='ltr'>αὐτῷ,</span> <span class='ocrx_word' id='word_1_123' title='bbox 1403 1307 1484 1366; x_wconf 81' lang='grc' dir='ltr'><strong>ἀεί</strong></span> <span class='ocrx_word' id='word_1_124' title='bbox 1532 1305 1887 1384; x_wconf 84' lang='grc' dir='ltr'>συντρίϐοντες</span> 
     </span>
    </p>
   </div>
   <div class='ocr_carea' id='block_1_18' title="bbox 236 1392 1882 1478">
    <p class='ocr_par' dir='ltr' id='par_1_18' title="bbox 236 1392 1882 1478">
     <span class='ocr_line' id='line_1_18' title="bbox 236 1392 1882 1478; baseline 0.005 -31"><span class='ocrx_word' id='word_1_125' title='bbox 236 1392 448 1457; x_wconf 78' lang='grc' dir='ltr'>ἑαυτοὺς</span> <span class='ocrx_word' id='word_1_126' title='bbox 512 1394 631 1474; x_wconf 88' lang='grc' dir='ltr'>περὶ</span> <span class='ocrx_word' id='word_1_127' title='bbox 683 1398 788 1452; x_wconf 86' lang='grc' dir='ltr'><strong>τῶν</strong></span> <span class='ocrx_word' id='word_1_128' title='bbox 859 1402 1202 1472; x_wconf 86' lang='grc' dir='ltr'>σωματικῶν,</span> <span class='ocrx_word' id='word_1_129' title='bbox 1277 1393 1445 1454; x_wconf 80' lang='grc' dir='ltr'>Ἀλλὰ</span> <span class='ocrx_word' id='word_1_130' title='bbox 1514 1395 1882 1478; x_wconf 82' lang='grc' dir='ltr'>διεγερθῶμεν,</span> 
     </span>
    </p>
   </div>
   <div class='ocr_carea' id='block_1_19' title="bbox 235 1477 1895 1563">
    <p class='ocr_par' dir='ltr' id='par_1_19' title="bbox 235 1477 1895 1563">
     <span class='ocr_line' id='line_1_19' title="bbox 235 1477 1895 1563; baseline 0.005 -28"><span class='ocrx_word' id='word_1_131' title='bbox 235 1477 450 1562; x_wconf 90' lang='grc' dir='ltr'>ἀδελφοί</span> <span class='ocrx_word' id='word_1_132' title='bbox 539 1504 658 1558; x_wconf 88' lang='grc' dir='ltr'>μου,</span> <span class='ocrx_word' id='word_1_133' title='bbox 740 1483 827 1539; x_wconf 83' lang='grc' dir='ltr'><strong>καὶ</strong></span> <span class='ocrx_word' id='word_1_134' title='bbox 897 1483 1280 1563; x_wconf 70' lang='grc' dir='ltr'>ἀγωνισώμεθα</span> <span class='ocrx_word' id='word_1_135' title='bbox 1348 1488 1437 1543; x_wconf 85' lang='grc' dir='ltr'><strong>καὶ</strong></span> <span class='ocrx_word' id='word_1_136' title='bbox 1517 1477 1895 1563; x_wconf 89' lang='grc' dir='ltr'>σπουδάσωμεν</span> 
     </span>
    </p>
   </div>
   <div class='ocr_carea' id='block_1_20' title="bbox 236 1568 1894 1653">
    <p class='ocr_par' dir='ltr' id='par_1_20' title="bbox 236 1568 1894 1653">
     <span class='ocr_line' id='line_1_20' title="bbox 236 1568 1894 1653; baseline 0.005 -29"><span class='ocrx_word' id='word_1_137' title='bbox 236 1569 310 1632; x_wconf 77' lang='grc' dir='ltr'>εἷς</span> <span class='ocrx_word' id='word_1_138' title='bbox 378 1568 713 1651; x_wconf 72' lang='grc' dir='ltr'>ἐκπλήρωσιν</span> <span class='ocrx_word' id='word_1_139' title='bbox 780 1577 887 1628; x_wconf 86' lang='grc' dir='ltr'><strong>τῶν</strong></span> <span class='ocrx_word' id='word_1_140' title='bbox 982 1571 1210 1630; x_wconf 79' lang='grc' dir='ltr'>ἐντολῶν</span> <span class='ocrx_word' id='word_1_141' title='bbox 1297 1580 1391 1632; x_wconf 81' lang='grc' dir='ltr'><strong>τοῦ</strong></span> <span class='ocrx_word' id='word_1_142' title='bbox 1456 1581 1703 1653; x_wconf 80' lang='grc' dir='ltr'>Χριστοῦ,</span> <span class='ocrx_word' id='word_1_143' title='bbox 1804 1568 1894 1631; x_wconf 72' lang='grc' dir='ltr'><strong>καὶ</strong></span> 
     </span>
    </p>
   </div>
   <div class='ocr_carea' id='block_1_21' title="bbox 232 1659 1886 1745">
    <p class='ocr_par' dir='ltr' id='par_1_21' title="bbox 232 1659 1886 1745">
     <span class='ocr_line' id='line_1_21' title="bbox 232 1659 1886 1745; baseline 0.001 -29"><span class='ocrx_word' id='word_1_144' title='bbox 232 1659 590 1745; x_wconf 66' lang='grc' dir='ltr'>φροντίσωμεν</span> <span class='ocrx_word' id='word_1_145' title='bbox 646 1664 745 1727; x_wconf 80' lang='grc' dir='ltr'>τῆς</span> <span class='ocrx_word' id='word_1_146' title='bbox 819 1661 1084 1741; x_wconf 80' lang='grc' dir='ltr'>σωτηρίας</span> <span class='ocrx_word' id='word_1_147' title='bbox 1154 1669 1259 1720; x_wconf 91' lang='grc' dir='ltr'><strong>τῶν</strong></span> <span class='ocrx_word' id='word_1_148' title='bbox 1324 1663 1599 1745; x_wconf 75' lang='grc' dir='ltr'>ἡμετέρων</span> <span class='ocrx_word' id='word_1_149' title='bbox 1671 1668 1886 1744; x_wconf 79' lang='grc' dir='ltr'>ψυχῶν,</span> 
     </span>
    </p>
   </div>
   <div class='ocr_carea' id='block_1_22' title="bbox 1974 940 3630 1030">
    <p class='ocr_par' dir='ltr' id='par_1_22' title="bbox 1974 940 3630 1030">
     <span class='ocr_line' id='line_1_22' title="bbox 1974 940 3630 1030; baseline -0.004 -18"><span class='ocrx_word' id='word_1_150' title='bbox 1974 949 2322 1030; x_wconf 86' lang='lat' dir='ltr'><strong>serviemus,</strong></span> <span class='ocrx_word' id='word_1_151' title='bbox 2357 964 2597 1029; x_wconf 82' lang='lat' dir='ltr'><strong>semper</strong></span> <span class='ocrx_word' id='word_1_152' title='bbox 2641 946 2717 1008; x_wconf 88' lang='lat' dir='ltr'><strong>de</strong></span> <span class='ocrx_word' id='word_1_153' title='bbox 2762 943 3174 1026; x_wconf 88' lang='lat' dir='ltr'><strong>corpolaribus</strong></span> <span class='ocrx_word' id='word_1_154' title='bbox 3213 942 3477 1005; x_wconf 88' lang='lat' dir='ltr'><strong>solliciti.</strong></span> <span class='ocrx_word' id='word_1_155' title='bbox 3511 940 3630 1006; x_wconf 89' lang='lat' dir='ltr'><strong>Sed</strong></span> 
     </span>
    </p>
   </div>
   <div class='ocr_carea' id='block_1_23' title="bbox 1975 1035 3625 1123">
    <p class='ocr_par' dir='ltr' id='par_1_23' title="bbox 1975 1035 3625 1123">
     <span class='ocr_line' id='line_1_23' title="bbox 1975 1035 3625 1123; baseline -0.005 -17"><span class='ocrx_word' id='word_1_156' title='bbox 1975 1043 2346 1123; x_wconf 83' lang='lat' dir='ltr'><strong>evigilemus,</strong></span> <span class='ocrx_word' id='word_1_157' title='bbox 2381 1041 2616 1112; x_wconf 85' lang='lat' dir='ltr'><strong>fratres,</strong></span> <span class='ocrx_word' id='word_1_158' title='bbox 2649 1046 2709 1102; x_wconf 90' lang='lat' dir='ltr'><strong>et</strong></span> <span class='ocrx_word' id='word_1_159' title='bbox 2737 1047 3057 1113; x_wconf 89' lang='lat' dir='ltr'><strong>certemus,</strong></span> <span class='ocrx_word' id='word_1_160' title='bbox 3121 1043 3180 1099; x_wconf 90' lang='lat' dir='ltr'><strong>et</strong></span> <span class='ocrx_word' id='word_1_161' title='bbox 3208 1054 3522 1099; x_wconf 88' lang='lat' dir='ltr'><strong>curramus</strong></span> <span class='ocrx_word' id='word_1_162' title='bbox 3551 1035 3625 1098; x_wconf 88' lang='lat' dir='ltr'><strong>ab</strong></span> 
     </span>
    </p>
   </div>
   <div class='ocr_carea' id='block_1_24' title="bbox 1970 1124 3631 1213">
    <p class='ocr_par' dir='ltr' id='par_1_24' title="bbox 1970 1124 3631 1213">
     <span class='ocr_line' id='line_1_24' title="bbox 1970 1124 3631 1213; baseline -0.005 -20"><span class='ocrx_word' id='word_1_163' title='bbox 1970 1130 2382 1213; x_wconf 90' lang='lat' dir='ltr'><strong>impletionem</strong></span> <span class='ocrx_word' id='word_1_164' title='bbox 2438 1128 2847 1191; x_wconf 86' lang='lat' dir='ltr'><strong>mandatorum</strong></span> <span class='ocrx_word' id='word_1_165' title='bbox 2903 1125 3143 1201; x_wconf 87' lang='lat' dir='ltr'><strong>Christi,</strong></span> <span class='ocrx_word' id='word_1_166' title='bbox 3206 1134 3264 1187; x_wconf 87' lang='lat' dir='ltr'><strong>et</strong></span> <span class='ocrx_word' id='word_1_167' title='bbox 3291 1124 3631 1213; x_wconf 86' lang='lat' dir='ltr'><strong>animarum</strong></span> 
     </span>
    </p>
   </div>
   <div class='ocr_carea' id='block_1_25' title="bbox 1970 1212 3625 1283">
    <p class='ocr_par' dir='ltr' id='par_1_25' title="bbox 1970 1212 3625 1283">
     <span class='ocr_line' id='line_1_25' title="bbox 1970 1212 3625 1283; baseline -0.005 0"><span class='ocrx_word' id='word_1_168' title='bbox 1970 1212 2311 1283; x_wconf 83' lang='lat' dir='ltr'><strong>nostrarum</strong></span> <span class='ocrx_word' id='word_1_169' title='bbox 2342 1218 2588 1281; x_wconf 86' lang='lat' dir='ltr'><strong>salutem</strong></span> <span class='ocrx_word' id='word_1_170' title='bbox 2624 1233 2925 1279; x_wconf 86' lang='lat' dir='ltr'><strong>curemus.</strong></span> <span class='ocrx_word' id='word_1_171' title='bbox 2965 1214 3389 1277; x_wconf 82' lang='lat' dir='ltr'><strong>Abstineamus</strong></span> <span class='ocrx_word' id='word_1_172' title='bbox 3412 1231 3523 1274; x_wconf 91' lang='lat' dir='ltr'><strong>nos</strong></span> <span class='ocrx_word' id='word_1_173' title='bbox 3552 1212 3625 1275; x_wconf 92' lang='lat' dir='ltr'><strong>ab</strong></span> 
     </span>
    </p>
   </div>
   <div class='ocr_carea' id='block_1_26' title="bbox 1971 1302 3626 1387">
    <p class='ocr_par' dir='ltr' id='par_1_26' title="bbox 1971 1302 3626 1387">
     <span class='ocr_line' id='line_1_26' title="bbox 1971 1302 3626 1387; baseline -0.005 -15"><span class='ocrx_word' id='word_1_174' title='bbox 1971 1307 2295 1372; x_wconf 90' lang='lat' dir='ltr'><strong>odibilibus</strong></span> <span class='ocrx_word' id='word_1_175' title='bbox 2326 1313 2387 1370; x_wconf 86' lang='lat' dir='ltr'><strong>et</strong></span> <span class='ocrx_word' id='word_1_176' title='bbox 2417 1305 2589 1368; x_wconf 90' lang='lat' dir='ltr'><strong>malis</strong></span> <span class='ocrx_word' id='word_1_177' title='bbox 2617 1304 2927 1387; x_wconf 85' lang='lat' dir='ltr'><strong>cperibus,</strong></span> <span class='ocrx_word' id='word_1_178' title='bbox 2945 1302 3086 1367; x_wconf 91' lang='lat' dir='ltr'><strong>etad</strong></span> <span class='ocrx_word' id='word_1_179' title='bbox 3102 1303 3398 1364; x_wconf 91' lang='lat' dir='ltr'><strong>bonarum</strong></span> <span class='ocrx_word' id='word_1_180' title='bbox 3422 1320 3626 1365; x_wconf 88' lang='lat' dir='ltr'><strong>rerum</strong></span> 
     </span>
    </p>
   </div>
   <div class='ocr_carea' id='block_1_27' title="bbox 1971 1390 3630 1477">
    <p class='ocr_par' dir='ltr' id='par_1_27' title="bbox 1971 1390 3630 1477">
     <span class='ocr_line' id='line_1_27' title="bbox 1971 1390 3630 1477; baseline -0.004 -20"><span class='ocrx_word' id='word_1_181' title='bbox 1971 1395 2376 1477; x_wconf 87' lang='lat' dir='ltr'><strong>operationem</strong></span> <span class='ocrx_word' id='word_1_182' title='bbox 2409 1411 2808 1473; x_wconf 88' lang='lat' dir='ltr'><strong>assurgamus,</strong></span> <span class='ocrx_word' id='word_1_183' title='bbox 2843 1400 2908 1455; x_wconf 89' lang='lat' dir='ltr'><strong>ut</strong></span> <span class='ocrx_word' id='word_1_184' title='bbox 2947 1410 3019 1454; x_wconf 90' lang='lat' dir='ltr'><strong>ea</strong></span> <span class='ocrx_word' id='word_1_185' title='bbox 3046 1410 3177 1472; x_wconf 89' lang='lat' dir='ltr'><strong>qua</strong></span> <span class='ocrx_word' id='word_1_186' title='bbox 3209 1390 3630 1473; x_wconf 84' lang='lat' dir='ltr'><strong>promittantur</strong></span> 
     </span>
    </p>
   </div>
   <div class='ocr_carea' id='block_1_28' title="bbox 1977 1479 3628 1564">
    <p class='ocr_par' dir='ltr' id='par_1_28' title="bbox 1977 1479 3628 1564">
     <span class='ocr_line' id='line_1_28' title="bbox 1977 1479 3628 1564; baseline -0.004 -18"><span class='ocrx_word' id='word_1_187' title='bbox 1977 1482 2133 1546; x_wconf 90' lang='lat' dir='ltr'><strong>bona</strong></span> <span class='ocrx_word' id='word_1_188' title='bbox 2181 1500 2619 1564; x_wconf 86' lang='lat' dir='ltr'><strong>consequamur</strong></span> <span class='ocrx_word' id='word_1_189' title='bbox 2665 1481 2727 1543; x_wconf 90' lang='lat' dir='ltr'><strong>in</strong></span> <span class='ocrx_word' id='word_1_190' title='bbox 2772 1480 3003 1545; x_wconf 88' lang='lat' dir='ltr'><strong>Christo</strong></span> <span class='ocrx_word' id='word_1_191' title='bbox 3033 1479 3199 1559; x_wconf 83' lang='lat' dir='ltr'><strong>Jesu,</strong></span> <span class='ocrx_word' id='word_1_192' title='bbox 3235 1479 3487 1544; x_wconf 90' lang='lat' dir='ltr'><strong>Domino</strong></span> <span class='ocrx_word' id='word_1_193' title='bbox 3514 1497 3628 1541; x_wconf 91' lang='lat' dir='ltr'><strong>no-</strong></span> 
     </span>
    </p>
   </div>
   <div class='ocr_carea' id='block_1_29' title="bbox 1974 1568 3623 1653">
    <p class='ocr_par' dir='ltr' id='par_1_29' title="bbox 1974 1568 3623 1653">
     <span class='ocr_line' id='line_1_29' title="bbox 1974 1568 3623 1653; baseline -0.001 -19"><span class='ocrx_word' id='word_1_194' title='bbox 1974 1580 2120 1648; x_wconf 91' lang='lat' dir='ltr'><strong>stro,</strong></span> <span class='ocrx_word' id='word_1_195' title='bbox 2155 1571 2251 1634; x_wconf 92' lang='lat' dir='ltr'><strong>cui</strong></span> <span class='ocrx_word' id='word_1_196' title='bbox 2278 1571 2471 1653; x_wconf 81' lang='lat' dir='ltr'><strong>gloria</strong></span> <span class='ocrx_word' id='word_1_197' title='bbox 2500 1577 2557 1633; x_wconf 89' lang='lat' dir='ltr'><strong>et</strong></span> <span class='ocrx_word' id='word_1_198' title='bbox 2601 1577 2860 1653; x_wconf 79' lang='lat' dir='ltr'><strong>potestas</strong></span> <span class='ocrx_word' id='word_1_199' title='bbox 2910 1568 2971 1631; x_wconf 91' lang='lat' dir='ltr'><strong>in</strong></span> <span class='ocrx_word' id='word_1_200' title='bbox 3004 1568 3219 1631; x_wconf 87' lang='lat' dir='ltr'><strong>sacula</strong></span> <span class='ocrx_word' id='word_1_201' title='bbox 3246 1568 3623 1632; x_wconf 82' lang='lat' dir='ltr'><strong>saeculorum.</strong></span> 
     </span>
    </p>
   </div>
   <div class='ocr_carea' id='block_1_30' title="bbox 1972 1661 2194 1727">
    <p class='ocr_par' dir='ltr' id='par_1_30' title="bbox 1972 1661 2194 1727">
     <span class='ocr_line' id='line_1_30' title="bbox 1972 1661 2194 1727; baseline 0.009 -3"><span class='ocrx_word' id='word_1_202' title='bbox 1972 1661 2194 1727; x_wconf 89' lang='lat' dir='ltr'><strong>Amen.</strong></span> 
     </span>
    </p>
   </div>
   <div class='ocr_carea' id='block_1_31' title="bbox 234 1744 3627 1838">
    <p class='ocr_par' dir='ltr' id='par_1_31' title="bbox 234 1744 3627 1838">
     <span class='ocr_line' id='line_1_31' title="bbox 234 1744 3627 1838; baseline 0.001 -33"><span class='ocrx_word' id='word_1_203' title='bbox 234 1744 629 1832; x_wconf 85' lang='grc' dir='ltr'>Ἀποσχώμεθα</span> <span class='ocrx_word' id='word_1_204' title='bbox 682 1759 790 1810; x_wconf 88' lang='grc' dir='ltr'><strong>τῶν</strong></span> <span class='ocrx_word' id='word_1_205' title='bbox 833 1753 1212 1830; x_wconf 81' lang='grc' dir='ltr'>μεμισημένων</span> <span class='ocrx_word' id='word_1_206' title='bbox 1261 1756 1350 1812; x_wconf 82' lang='grc' dir='ltr'><strong>καὶ</strong></span> <span class='ocrx_word' id='word_1_207' title='bbox 1419 1744 1668 1835; x_wconf 81' lang='grc' dir='ltr'>πονηρῶν</span> <span class='ocrx_word' id='word_1_208' title='bbox 1735 1753 1901 1836; x_wconf 83' lang='grc' dir='ltr'>ἔργων</span> <span class='ocrx_word' id='word_1_209' title='bbox 1918 1801 1933 1832; x_wconf 97' lang='grc'><strong>,</strong></span> <span class='ocrx_word' id='word_1_210' title='bbox 1988 1758 2076 1813; x_wconf 87' lang='grc' dir='ltr'><strong>καὶ</strong></span> <span class='ocrx_word' id='word_1_211' title='bbox 2133 1757 2264 1838; x_wconf 73' lang='grc' dir='ltr'>πρὸς</span> <span class='ocrx_word' id='word_1_212' title='bbox 2322 1758 2421 1825; x_wconf 73' lang='grc' dir='ltr'><strong>τὴν</strong></span> <span class='ocrx_word' id='word_1_213' title='bbox 2477 1756 2720 1837; x_wconf 77' lang='grc' dir='ltr'>ἐργασίαν</span> <span class='ocrx_word' id='word_1_214' title='bbox 2789 1762 2894 1813; x_wconf 90' lang='grc' dir='ltr'><strong>τῶν</strong></span> <span class='ocrx_word' id='word_1_215' title='bbox 2956 1755 3166 1834; x_wconf 82' lang='grc' dir='ltr'>ἀγαθῶν</span> <span class='ocrx_word' id='word_1_216' title='bbox 3220 1751 3455 1833; x_wconf 78' lang='grc' dir='ltr'>πράξεων</span> <span class='ocrx_word' id='word_1_217' title='bbox 3510 1750 3627 1810; x_wconf 87' lang='grc' dir='ltr'>δια-</span> 
     </span>
    </p>
   </div>
   <div class='ocr_carea' id='block_1_32' title="bbox 231 1844 3354 1931">
    <p class='ocr_par' dir='ltr' id='par_1_32' title="bbox 231 1844 3354 1931">
     <span class='ocr_line' id='line_1_32' title="bbox 231 1844 3354 1931; baseline 0.003 -32"><span class='ocrx_word' id='word_1_218' title='bbox 231 1849 529 1923; x_wconf 77' lang='grc' dir='ltr'>ναστῶμεν,</span> <span class='ocrx_word' id='word_1_219' title='bbox 603 1844 696 1904; x_wconf 70' lang='grc' dir='ltr'>’ίνα</span> <span class='ocrx_word' id='word_1_220' title='bbox 761 1852 867 1903; x_wconf 87' lang='grc' dir='ltr'><strong>τῶν</strong></span> <span class='ocrx_word' id='word_1_221' title='bbox 937 1846 991 1904; x_wconf 88' lang='grc' dir='ltr'><strong>ἐν</strong></span> <span class='ocrx_word' id='word_1_222' title='bbox 1054 1846 1400 1928; x_wconf 87' lang='grc' dir='ltr'>ἐπαγγελιαις</span> <span class='ocrx_word' id='word_1_223' title='bbox 1469 1848 1683 1928; x_wconf 82' lang='grc' dir='ltr'>ἀγαθῶν</span> <span class='ocrx_word' id='word_1_224' title='bbox 1748 1849 2087 1931; x_wconf 85' lang='grc' dir='ltr'>ἐπιτύχωμεν</span> <span class='ocrx_word' id='word_1_225' title='bbox 2173 1850 2228 1909; x_wconf 89' lang='grc' dir='ltr'><strong>ἐν</strong></span> <span class='ocrx_word' id='word_1_226' title='bbox 2308 1857 2517 1930; x_wconf 80' lang='grc' dir='ltr'>Χριστῷ</span> <span class='ocrx_word' id='word_1_227' title='bbox 2586 1848 2766 1918; x_wconf 88' lang='grc' dir='ltr'>Ἰησοῦ</span> <span class='ocrx_word' id='word_1_228' title='bbox 2835 1856 2913 1925; x_wconf 81' lang='grc' dir='ltr'>τῷ</span> <span class='ocrx_word' id='word_1_229' title='bbox 2984 1850 3155 1930; x_wconf 83' lang='grc' dir='ltr'>Κυρίῳ</span> <span class='ocrx_word' id='word_1_230' title='bbox 3198 1851 3354 1926; x_wconf 75' lang='grc' dir='ltr'>ἡμῶν</span> 
     </span>
    </p>
   </div>
   <div class='ocr_carea' id='block_1_33' title="bbox 3414 1848 3625 1923">
    <p class='ocr_par' dir='ltr' id='par_1_33' title="bbox 3414 1848 3625 1923">
     <span class='ocr_line' id='line_1_33' title="bbox 3414 1848 3625 1923; baseline -0.033 0"><span class='ocrx_word' id='word_1_231' title='bbox 3414 1848 3625 1923; x_wconf 49' lang='lat' dir='ltr'><strong>mm</strong></span> 
     </span>
    </p>
   </div>
   <div class='ocr_carea' id='block_1_34' title="bbox 233 1934 2108 2022">
    <p class='ocr_par' dir='ltr' id='par_1_34' title="bbox 233 1934 2108 2022">
     <span class='ocr_line' id='line_1_34' title="bbox 233 1934 2108 2022; baseline 0.004 -28"><span class='ocrx_word' id='word_1_232' title='bbox 233 1934 357 2003; x_wconf 80' lang='grc' dir='ltr'>δόξα</span> <span class='ocrx_word' id='word_1_233' title='bbox 423 1940 510 1995; x_wconf 88' lang='grc' dir='ltr'><strong>καὶ</strong></span> <span class='ocrx_word' id='word_1_234' title='bbox 566 1939 628 1996; x_wconf 85' lang='grc' dir='ltr'>τὸ</span> <span class='ocrx_word' id='word_1_235' title='bbox 684 1938 875 2020; x_wconf 76' lang='grc' dir='ltr'>κράτος</span> <span class='ocrx_word' id='word_1_236' title='bbox 932 1940 1006 2005; x_wconf 84' lang='grc' dir='ltr'>εἷς</span> <span class='ocrx_word' id='word_1_237' title='bbox 1061 1941 1185 2007; x_wconf 81' lang='grc' dir='ltr'>τοὺς</span> <span class='ocrx_word' id='word_1_238' title='bbox 1242 1943 1437 2008; x_wconf 80' lang='grc' dir='ltr'>αἰῶνας</span> <span class='ocrx_word' id='word_1_239' title='bbox 1492 1948 1599 2001; x_wconf 88' lang='grc' dir='ltr'><strong>τῶν</strong></span> <span class='ocrx_word' id='word_1_240' title='bbox 1656 1944 1884 2004; x_wconf 73' lang='grc' dir='ltr'>αἰώνων.</span> <span class='ocrx_word' id='word_1_241' title='bbox 1911 1943 2108 2022; x_wconf 77' lang='grc' dir='ltr'>Ἀμήν-</span> 
     </span>
    </p>
   </div>
   <div class='ocr_carea' id='block_1_35' title="bbox 564 2035 1940 2121">
    <p class='ocr_par' dir='ltr' id='par_1_35' title="bbox 564 2035 1940 2121">
     <span class='ocr_line' id='line_1_35' title="bbox 564 2035 1940 2121; baseline 0 -16"><span class='ocrx_word' id='word_1_242' title='bbox 564 2053 858 2117; x_wconf 65' lang='lat' dir='ltr'><strong>meum</strong></span> <span class='ocrx_word' id='word_1_243' title='bbox 888 2035 992 2121; x_wconf 76' lang='grc' dir='ltr'><strong>ς’.</strong></span> <span class='ocrx_word' id='word_1_244' title='bbox 1025 2055 1154 2106; x_wconf 81' lang='lat' dir='ltr'><strong>Tor</strong></span> <span class='ocrx_word' id='word_1_245' title='bbox 1184 2054 1553 2113; x_wconf 70' lang='lat' dir='ltr'><strong>MATeAIer.</strong></span> <span class='ocrx_word' id='word_1_246' title='bbox 1892 2051 1940 2113; x_wconf 86' lang='grc' dir='ltr'><strong>Β</strong></span> 
     </span>
    </p>
   </div>
   <div class='ocr_carea' id='block_1_36' title="bbox 647 2138 1477 2231">
    <p class='ocr_par' dir='ltr' id='par_1_36' title="bbox 647 2138 1477 2231">
     <span class='ocr_line' id='line_1_36' title="bbox 647 2138 1477 2231; baseline 0.004 -25"><span class='ocrx_word' id='word_1_247' title='bbox 647 2169 672 2206; x_wconf 78' lang='grc' dir='ltr'><strong>α</strong></span> <span class='ocrx_word' id='word_1_248' title='bbox 706 2138 881 2231; x_wconf 71' lang='grc' dir='ltr'><strong>ἸἨχος</strong></span> <span class='ocrx_word' id='word_1_249' title='bbox 913 2140 991 2214; x_wconf 73' lang='grc' dir='ltr'><strong>α’.</strong></span> <span class='ocrx_word' id='word_1_250' title='bbox 1032 2142 1277 2210; x_wconf 74' lang='grc' dir='ltr'>Ἐωθινὸν</span> <span class='ocrx_word' id='word_1_251' title='bbox 1309 2141 1414 2227; x_wconf 79' lang='grc' dir='ltr'><strong>ς“’.</strong></span> <span class='ocrx_word' id='word_1_252' title='bbox 1452 2175 1477 2209; x_wconf 71' lang='grc' dir='ltr'>ι</span> 
     </span>
    </p>
   </div>
   <div class='ocr_carea' id='block_1_37' title="bbox 315 2255 1884 2341">
    <p class='ocr_par' dir='ltr' id='par_1_37' title="bbox 315 2255 1884 2341">
     <span class='ocr_line' id='line_1_37' title="bbox 315 2255 1884 2341; baseline 0.003 -29"><span class='ocrx_word' id='word_1_253' title='bbox 315 2258 375 2315; x_wconf 81' lang='grc' dir='ltr'><strong>Οἱ</strong></span> <span class='ocrx_word' id='word_1_254' title='bbox 432 2255 517 2336; x_wconf 77' lang='grc'><strong>(1)</strong></span> <span class='ocrx_word' id='word_1_255' title='bbox 566 2261 673 2315; x_wconf 88' lang='grc' dir='ltr'><strong>τῶν</strong></span> <span class='ocrx_word' id='word_1_256' title='bbox 721 2255 986 2334; x_wconf 83' lang='grc' dir='ltr'>μελισσῶν</span> <span class='ocrx_word' id='word_1_257' title='bbox 1040 2258 1104 2314; x_wconf 79' lang='grc' dir='ltr'>τὸ</span> <span class='ocrx_word' id='word_1_258' title='bbox 1154 2256 1438 2340; x_wconf 84' lang='grc' dir='ltr'>φιλόπονον</span> <span class='ocrx_word' id='word_1_259' title='bbox 1495 2260 1583 2316; x_wconf 79' lang='grc' dir='ltr'>καὶ</span> <span class='ocrx_word' id='word_1_260' title='bbox 1640 2258 1884 2341; x_wconf 78' lang='grc' dir='ltr'>φιλεργὸν</span> 
     </span>
    </p>
   </div>
   <div class='ocr_carea' id='block_1_38' title="bbox 231 2343 1885 2427">
    <p class='ocr_par' dir='ltr' id='par_1_38' title="bbox 231 2343 1885 2427">
     <span class='ocr_line' id='line_1_38' title="bbox 231 2343 1885 2427; baseline 0.004 -27"><span class='ocrx_word' id='word_1_261' title='bbox 231 2343 489 2425; x_wconf 80' lang='grc' dir='ltr'>θεοφιλῶς</span> <span class='ocrx_word' id='word_1_262' title='bbox 545 2345 946 2422; x_wconf 76' lang='grc' dir='ltr'>ἐκμιμούμενοι,</span> <span class='ocrx_word' id='word_1_263' title='bbox 1006 2345 1186 2427; x_wconf 76' lang='grc' dir='ltr'>ὥσπερ</span> <span class='ocrx_word' id='word_1_264' title='bbox 1244 2346 1446 2405; x_wconf 76' lang='grc' dir='ltr'>ἐκεῖναι</span> <span class='ocrx_word' id='word_1_265' title='bbox 1494 2360 1612 2413; x_wconf 74' lang='grc' dir='ltr'>τοῖς</span> <span class='ocrx_word' id='word_1_266' title='bbox 1660 2347 1885 2426; x_wconf 87' lang='grc' dir='ltr'>λειμῶσι</span> 
     </span>
    </p>
   </div>
   <div class='ocr_carea' id='block_1_39' title="bbox 233 2432 1885 2513">
    <p class='ocr_par' dir='ltr' id='par_1_39' title="bbox 233 2432 1885 2513">
     <span class='ocr_line' id='line_1_39' title="bbox 233 2432 1885 2513; baseline 0.003 -25"><span class='ocrx_word' id='word_1_267' title='bbox 233 2432 603 2513; x_wconf 84' lang='grc' dir='ltr'>ἐφιπτάμεναι,</span> <span class='ocrx_word' id='word_1_268' title='bbox 690 2433 797 2490; x_wconf 84' lang='grc' dir='ltr'>ἀπὸ</span> <span class='ocrx_word' id='word_1_269' title='bbox 865 2438 1050 2491; x_wconf 82' lang='grc' dir='ltr'>πασῶν</span> <span class='ocrx_word' id='word_1_270' title='bbox 1131 2435 1366 2512; x_wconf 87' lang='grc' dir='ltr'>βοτανῶν</span> <span class='ocrx_word' id='word_1_271' title='bbox 1451 2436 1540 2492; x_wconf 86' lang='grc' dir='ltr'><strong>καὶ</strong></span> <span class='ocrx_word' id='word_1_272' title='bbox 1624 2436 1885 2494; x_wconf 84' lang='grc' dir='ltr'>παντοίων</span> 
     </span>
    </p>
   </div>
   <div class='ocr_carea' id='block_1_40' title="bbox 233 2518 1887 2602">
    <p class='ocr_par' dir='ltr' id='par_1_40' title="bbox 233 2518 1887 2602">
     <span class='ocr_line' id='line_1_40' title="bbox 233 2518 1887 2602; baseline 0.003 -27"><span class='ocrx_word' id='word_1_273' title='bbox 233 2518 432 2577; x_wconf 79' lang='grc' dir='ltr'>ἀνθέων</span> <span class='ocrx_word' id='word_1_274' title='bbox 475 2518 785 2600; x_wconf 82' lang='grc' dir='ltr'>συλλέγουσι</span> <span class='ocrx_word' id='word_1_275' title='bbox 828 2521 894 2578; x_wconf 81' lang='grc' dir='ltr'>τὰ</span> <span class='ocrx_word' id='word_1_276' title='bbox 922 2522 1314 2602; x_wconf 83' lang='grc' dir='ltr'>χρησιμώτατα</span> <span class='ocrx_word' id='word_1_277' title='bbox 1365 2540 1379 2556; x_wconf 89' lang='grc'><strong>·</strong></span> <span class='ocrx_word' id='word_1_278' title='bbox 1432 2521 1571 2581; x_wconf 67' lang='grc' dir='ltr'>οὕτω</span> <span class='ocrx_word' id='word_1_279' title='bbox 1614 2524 1702 2580; x_wconf 82' lang='grc' dir='ltr'>καὶ</span> <span class='ocrx_word' id='word_1_280' title='bbox 1745 2526 1887 2581; x_wconf 78' lang='grc' dir='ltr'>οὗτοι</span> 
     </span>
    </p>
   </div>
   <div class='ocr_carea' id='block_1_41' title="bbox 228 2605 1883 2691">
    <p class='ocr_par' dir='ltr' id='par_1_41' title="bbox 228 2605 1883 2691">
     <span class='ocr_line' id='line_1_41' title="bbox 228 2605 1883 2691; baseline 0.002 -27"><span class='ocrx_word' id='word_1_281' title='bbox 228 2613 307 2682; x_wconf 85' lang='grc' dir='ltr'>τῷ</span> <span class='ocrx_word' id='word_1_282' title='bbox 358 2605 648 2686; x_wconf 85' lang='grc' dir='ltr'>γλυκασμῷ</span> <span class='ocrx_word' id='word_1_283' title='bbox 694 2613 801 2665; x_wconf 88' lang='grc' dir='ltr'><strong>τῶν</strong></span> <span class='ocrx_word' id='word_1_284' title='bbox 849 2610 1001 2666; x_wconf 87' lang='grc' dir='ltr'>θείων</span> <span class='ocrx_word' id='word_1_285' title='bbox 1050 2607 1245 2689; x_wconf 91' lang='grc' dir='ltr'>λογίων</span> <span class='ocrx_word' id='word_1_286' title='bbox 1296 2608 1615 2691; x_wconf 85' lang='grc' dir='ltr'>ἐφηδόμενοι</span> <span class='ocrx_word' id='word_1_287' title='bbox 1662 2608 1740 2690; x_wconf 72' lang='grc'><strong>(2)</strong></span> <span class='ocrx_word' id='word_1_288' title='bbox 1789 2611 1883 2676; x_wconf 78' lang='grc' dir='ltr'>τὰς</span> 
     </span>
    </p>
   </div>
   <div class='ocr_carea' id='block_1_42' title="bbox 226 2696 1883 2776">
    <p class='ocr_par' dir='ltr' id='par_1_42' title="bbox 226 2696 1883 2776">
     <span class='ocr_line' id='line_1_42' title="bbox 226 2696 1883 2776; baseline 0.003 -25"><span class='ocrx_word' id='word_1_289' title='bbox 226 2696 432 2775; x_wconf 81' lang='grc' dir='ltr'>ψυχὰς,</span> <span class='ocrx_word' id='word_1_290' title='bbox 504 2696 566 2753; x_wconf 89' lang='grc' dir='ltr'><strong>ἐκ</strong></span> <span class='ocrx_word' id='word_1_291' title='bbox 631 2696 844 2755; x_wconf 75' lang='grc' dir='ltr'>πάντων</span> <span class='ocrx_word' id='word_1_292' title='bbox 912 2698 979 2754; x_wconf 83' lang='grc' dir='ltr'>τὰ</span> <span class='ocrx_word' id='word_1_293' title='bbox 1048 2696 1299 2766; x_wconf 88' lang='grc' dir='ltr'>λυσιτελῆ</span> <span class='ocrx_word' id='word_1_294' title='bbox 1358 2700 1448 2756; x_wconf 82' lang='grc' dir='ltr'><strong>καὶ</strong></span> <span class='ocrx_word' id='word_1_295' title='bbox 1504 2699 1883 2776; x_wconf 84' lang='grc' dir='ltr'>ὀνησιμώτατα</span> 
     </span>
    </p>
   </div>
   <div class='ocr_carea' id='block_1_43' title="bbox 226 2781 1880 2869">
    <p class='ocr_par' dir='ltr' id='par_1_43' title="bbox 226 2781 1880 2869">
     <span class='ocr_line' id='line_1_43' title="bbox 226 2781 1880 2869; baseline 0.007 -29"><span class='ocrx_word' id='word_1_296' title='bbox 226 2781 501 2862; x_wconf 76' lang='grc' dir='ltr'>δρέπονται</span> <span class='ocrx_word' id='word_1_297' title='bbox 536 2800 551 2816; x_wconf 88' lang='grc'><strong>⁰</strong></span> <span class='ocrx_word' id='word_1_298' title='bbox 602 2787 691 2842; x_wconf 85' lang='grc' dir='ltr'><strong>καὶ</strong></span> <span class='ocrx_word' id='word_1_299' title='bbox 742 2786 885 2865; x_wconf 82' lang='grc' dir='ltr'><strong>παρά</strong></span> <span class='ocrx_word' id='word_1_300' title='bbox 938 2785 1033 2863; x_wconf 83' lang='grc' dir='ltr'>μέν</span> <span class='ocrx_word' id='word_1_301' title='bbox 1082 2808 1238 2845; x_wconf 90' lang='grc' dir='ltr'>τινων</span> <span class='ocrx_word' id='word_1_302' title='bbox 1285 2788 1348 2844; x_wconf 83' lang='grc' dir='ltr'><strong>τὸ</strong></span> <span class='ocrx_word' id='word_1_303' title='bbox 1394 2792 1495 2855; x_wconf 79' lang='grc' dir='ltr'>τῆς</span> <span class='ocrx_word' id='word_1_304' title='bbox 1539 2788 1880 2869; x_wconf 79' lang='grc' dir='ltr'>σωφροσύνης</span> 
     </span>
    </p>
   </div>
   <div class='ocr_carea' id='block_1_44' title="bbox 228 2870 1881 2957">
    <p class='ocr_par' dir='ltr' id='par_1_44' title="bbox 228 2870 1881 2957">
     <span class='ocr_line' id='line_1_44' title="bbox 228 2870 1881 2957; baseline 0.002 -28"><span class='ocrx_word' id='word_1_305' title='bbox 228 2870 380 2938; x_wconf 80' lang='grc' dir='ltr'>ἄνθος</span> <span class='ocrx_word' id='word_1_306' title='bbox 424 2872 775 2957; x_wconf 67' lang='grc' dir='ltr'>συλλέγουσι,</span> <span class='ocrx_word' id='word_1_307' title='bbox 819 2876 964 2955; x_wconf 81' lang='grc' dir='ltr'>παρὰ</span> <span class='ocrx_word' id='word_1_308' title='bbox 1016 2873 1071 2932; x_wconf 82' lang='grc' dir='ltr'><strong>δέ</strong></span> <span class='ocrx_word' id='word_1_309' title='bbox 1125 2898 1306 2950; x_wconf 86' lang='grc' dir='ltr'>τινων,</span> <span class='ocrx_word' id='word_1_310' title='bbox 1357 2875 1417 2932; x_wconf 82' lang='grc' dir='ltr'>τὸ</span> <span class='ocrx_word' id='word_1_311' title='bbox 1463 2881 1561 2943; x_wconf 75' lang='grc' dir='ltr'>τῆς</span> <span class='ocrx_word' id='word_1_312' title='bbox 1612 2875 1881 2933; x_wconf 85' lang='grc' dir='ltr'>δικαιοσυ-</span> 
     </span>
    </p>
   </div>
   <div class='ocr_carea' id='block_1_45' title="bbox 228 2959 1875 3043">
    <p class='ocr_par' dir='ltr' id='par_1_45' title="bbox 228 2959 1875 3043">
     <span class='ocr_line' id='line_1_45' title="bbox 228 2959 1875 3043; baseline 0.001 -24"><span class='ocrx_word' id='word_1_313' title='bbox 228 2983 326 3028; x_wconf 84' lang='grc' dir='ltr'><strong>νης</strong></span> <span class='ocrx_word' id='word_1_314' title='bbox 362 2977 378 2994; x_wconf 79' lang='grc'><strong>⁸</strong></span> <span class='ocrx_word' id='word_1_315' title='bbox 402 2959 526 3041; x_wconf 79' lang='grc' dir='ltr'>παρ’</span> <span class='ocrx_word' id='word_1_316' title='bbox 556 2962 747 3041; x_wconf 75' lang='grc' dir='ltr'>ἑτέρων</span> <span class='ocrx_word' id='word_1_317' title='bbox 771 2961 846 3036; x_wconf 76' lang='grc' dir='ltr'>δὲ,</span> <span class='ocrx_word' id='word_1_318' title='bbox 878 2965 941 3019; x_wconf 81' lang='grc' dir='ltr'>τὸ</span> <span class='ocrx_word' id='word_1_319' title='bbox 988 2968 1087 3030; x_wconf 79' lang='grc' dir='ltr'><strong>τῆς</strong></span> <span class='ocrx_word' id='word_1_320' title='bbox 1135 2965 1439 3043; x_wconf 78' lang='grc' dir='ltr'>φρονήσεως</span> <span class='ocrx_word' id='word_1_321' title='bbox 1474 2978 1489 2993; x_wconf 84' lang='grc'><strong><em>⁸</em></strong></span> <span class='ocrx_word' id='word_1_322' title='bbox 1522 2961 1648 3043; x_wconf 88' lang='grc' dir='ltr'>παρ’</span> <span class='ocrx_word' id='word_1_323' title='bbox 1679 2960 1875 3037; x_wconf 75' lang='grc' dir='ltr'>ἄλλων,</span> 
     </span>
    </p>
   </div>
   <div class='ocr_carea' id='block_1_46' title="bbox 228 3045 1883 3130">
    <p class='ocr_par' dir='ltr' id='par_1_46' title="bbox 228 3045 1883 3130">
     <span class='ocr_line' id='line_1_46' title="bbox 228 3045 1883 3130; baseline 0.001 -23"><span class='ocrx_word' id='word_1_324' title='bbox 228 3072 293 3107; x_wconf 86' lang='grc' dir='ltr'><strong>το</strong></span> <span class='ocrx_word' id='word_1_325' title='bbox 335 3055 433 3118; x_wconf 79' lang='grc' dir='ltr'>τῆς</span> <span class='ocrx_word' id='word_1_326' title='bbox 484 3049 716 3130; x_wconf 78' lang='grc' dir='ltr'>ἀνδρείας</span> <span class='ocrx_word' id='word_1_327' title='bbox 770 3066 785 3082; x_wconf 79' lang='grc'><strong><em>⁸</em></strong></span> <span class='ocrx_word' id='word_1_328' title='bbox 847 3050 1086 3127; x_wconf 74' lang='grc' dir='ltr'>ἄλλοθεν,</span> <span class='ocrx_word' id='word_1_329' title='bbox 1142 3054 1206 3108; x_wconf 81' lang='grc' dir='ltr'>τὸ</span> <span class='ocrx_word' id='word_1_330' title='bbox 1255 3056 1354 3119; x_wconf 75' lang='grc' dir='ltr'>τῆς</span> <span class='ocrx_word' id='word_1_331' title='bbox 1417 3053 1740 3127; x_wconf 82' lang='grc' dir='ltr'>συμπαθείας</span> <span class='ocrx_word' id='word_1_332' title='bbox 1794 3045 1883 3108; x_wconf 80' lang='grc' dir='ltr'><strong>καὶ</strong></span> 
     </span>
    </p>
   </div>
   <div class='ocr_carea' id='block_1_47' title="bbox 230 3138 1879 3220">
    <p class='ocr_par' dir='ltr' id='par_1_47' title="bbox 230 3138 1879 3220">
     <span class='ocr_line' id='line_1_47' title="bbox 230 3138 1879 3220; baseline 0.001 -24"><span class='ocrx_word' id='word_1_333' title='bbox 230 3144 328 3207; x_wconf 78' lang='grc' dir='ltr'>τῆς</span> <span class='ocrx_word' id='word_1_334' title='bbox 398 3140 529 3218; x_wconf 79' lang='grc' dir='ltr'>πρὸς</span> <span class='ocrx_word' id='word_1_335' title='bbox 598 3140 719 3204; x_wconf 84' lang='grc' dir='ltr'>τοὺς</span> <span class='ocrx_word' id='word_1_336' title='bbox 788 3138 1108 3216; x_wconf 81' lang='grc' dir='ltr'>ὁμοδούλους</span> <span class='ocrx_word' id='word_1_337' title='bbox 1177 3138 1551 3220; x_wconf 87' lang='grc' dir='ltr'>φιλανθροπίας</span> <span class='ocrx_word' id='word_1_338' title='bbox 1579 3156 1595 3173; x_wconf 89' lang='grc'><strong>·</strong></span> <span class='ocrx_word' id='word_1_339' title='bbox 1670 3142 1731 3197; x_wconf 83' lang='grc' dir='ltr'>τὸ</span> <span class='ocrx_word' id='word_1_340' title='bbox 1779 3145 1879 3207; x_wconf 78' lang='grc' dir='ltr'>τῆς</span> 
     </span>
    </p>
   </div>
   <div class='ocr_carea' id='block_1_48' title="bbox 2259 2048 3304 2116">
    <p class='ocr_par' dir='ltr' id='par_1_48' title="bbox 2259 2048 3304 2116">
     <span class='ocr_line' id='line_1_48' title="bbox 2259 2048 3304 2116; baseline 0.001 -3"><span class='ocrx_word' id='word_1_341' title='bbox 2259 2049 2618 2116; x_wconf 80' lang='lat' dir='ltr'><strong>DOMINICA</strong></span> <span class='ocrx_word' id='word_1_342' title='bbox 2649 2050 2892 2116; x_wconf 89' lang='lat' dir='ltr'><strong>SEXTA</strong></span> <span class='ocrx_word' id='word_1_343' title='bbox 2920 2048 3304 2114; x_wconf 69' lang='grc' dir='ltr'><strong>ΜΑΤΤΗᾸΞΙ.</strong></span> 
     </span>
    </p>
   </div>
   <div class='ocr_carea' id='block_1_49' title="bbox 2212 2144 3393 2226">
    <p class='ocr_par' dir='ltr' id='par_1_49' title="bbox 2212 2144 3393 2226">
     <span class='ocr_line' id='line_1_49' title="bbox 2212 2144 3393 2226; baseline 0 -18"><span class='ocrx_word' id='word_1_344' title='bbox 2212 2144 2344 2208; x_wconf 71' lang='lat' dir='ltr'><strong>Vox</strong></span> <span class='ocrx_word' id='word_1_345' title='bbox 2394 2146 2636 2226; x_wconf 83' lang='lat' dir='ltr'><strong>prima.</strong></span> <span class='ocrx_word' id='word_1_346' title='bbox 2692 2146 3070 2208; x_wconf 79' lang='lat' dir='ltr'><strong>Matutinum</strong></span> <span class='ocrx_word' id='word_1_347' title='bbox 3123 2151 3393 2209; x_wconf 64' lang='lat' dir='ltr'><strong>sextum.</strong></span> 
     </span>
    </p>
   </div>
   <div class='ocr_carea' id='block_1_50' title="bbox 2048 2249 3622 2332">
    <p class='ocr_par' dir='ltr' id='par_1_50' title="bbox 2048 2249 3622 2332">
     <span class='ocr_line' id='line_1_50' title="bbox 2048 2249 3622 2332; baseline -0.001 -19"><span class='ocrx_word' id='word_1_348' title='bbox 2048 2249 2162 2325; x_wconf 88' lang='lat' dir='ltr'><strong>Qui</strong></span> <span class='ocrx_word' id='word_1_349' title='bbox 2192 2268 2367 2332; x_wconf 89' lang='lat' dir='ltr'><strong>apum</strong></span> <span class='ocrx_word' id='word_1_350' title='bbox 2400 2249 2661 2313; x_wconf 86' lang='lat' dir='ltr'><strong>studium</strong></span> <span class='ocrx_word' id='word_1_351' title='bbox 2681 2250 3124 2314; x_wconf 88' lang='lat' dir='ltr'><strong>etsedulitatem</strong></span> <span class='ocrx_word' id='word_1_352' title='bbox 3147 2249 3244 2331; x_wconf 88' lang='lat' dir='ltr'><strong>pie</strong></span> <span class='ocrx_word' id='word_1_353' title='bbox 3286 2250 3622 2327; x_wconf 86' lang='lat' dir='ltr'><strong>imitantur,</strong></span> 
     </span>
    </p>
   </div>
   <div class='ocr_carea' id='block_1_51' title="bbox 1968 2337 3630 2421">
    <p class='ocr_par' dir='ltr' id='par_1_51' title="bbox 1968 2337 3630 2421">
     <span class='ocr_line' id='line_1_51' title="bbox 1968 2337 3630 2421; baseline 0 -20"><span class='ocrx_word' id='word_1_354' title='bbox 1968 2338 2468 2421; x_wconf 76' lang='lat' dir='ltr'><strong>quemadmodum</strong></span> <span class='ocrx_word' id='word_1_355' title='bbox 2499 2338 2615 2401; x_wconf 88' lang='lat' dir='ltr'><strong>illa</strong></span> <span class='ocrx_word' id='word_1_356' title='bbox 2648 2338 2709 2399; x_wconf 91' lang='lat' dir='ltr'><strong>in</strong></span> <span class='ocrx_word' id='word_1_357' title='bbox 2739 2338 2920 2419; x_wconf 88' lang='lat' dir='ltr'><strong>pratis</strong></span> <span class='ocrx_word' id='word_1_358' title='bbox 2961 2338 3293 2414; x_wconf 84' lang='lat' dir='ltr'><strong>volitantes,</strong></span> <span class='ocrx_word' id='word_1_359' title='bbox 3328 2337 3403 2400; x_wconf 90' lang='lat' dir='ltr'><strong>ab</strong></span> <span class='ocrx_word' id='word_1_360' title='bbox 3433 2338 3630 2403; x_wconf 86' lang='lat' dir='ltr'><strong>omni-</strong></span> 
     </span>
    </p>
   </div>
   <div class='ocr_carea' id='block_1_52' title="bbox 1969 2425 3625 2508">
    <p class='ocr_par' dir='ltr' id='par_1_52' title="bbox 1969 2425 3625 2508">
     <span class='ocr_line' id='line_1_52' title="bbox 1969 2425 3625 2508; baseline 0.001 -20"><span class='ocrx_word' id='word_1_361' title='bbox 1969 2425 2080 2489; x_wconf 91' lang='lat' dir='ltr'><strong>bus</strong></span> <span class='ocrx_word' id='word_1_362' title='bbox 2112 2426 2330 2508; x_wconf 89' lang='lat' dir='ltr'><strong>plantis</strong></span> <span class='ocrx_word' id='word_1_363' title='bbox 2360 2435 2418 2489; x_wconf 91' lang='lat' dir='ltr'><strong>et</strong></span> <span class='ocrx_word' id='word_1_364' title='bbox 2448 2426 2695 2489; x_wconf 84' lang='lat' dir='ltr'><strong>ﬂoribus</strong></span> <span class='ocrx_word' id='word_1_365' title='bbox 2723 2426 3039 2489; x_wconf 89' lang='lat' dir='ltr'><strong>utilissima</strong></span> <span class='ocrx_word' id='word_1_366' title='bbox 3087 2426 3376 2505; x_wconf 82' lang='lat' dir='ltr'><strong>colligunt</strong></span> <span class='ocrx_word' id='word_1_367' title='bbox 3404 2449 3420 2499; x_wconf 89' lang='lat'><strong>;</strong></span> <span class='ocrx_word' id='word_1_368' title='bbox 3455 2426 3535 2488; x_wconf 92' lang='lat' dir='ltr'><strong>ita</strong></span> <span class='ocrx_word' id='word_1_369' title='bbox 3565 2433 3625 2489; x_wconf 91' lang='lat' dir='ltr'><strong>et</strong></span> 
     </span>
    </p>
   </div>
   <div class='ocr_carea' id='block_1_53' title="bbox 1968 2511 3622 2578">
    <p class='ocr_par' dir='ltr' id='par_1_53' title="bbox 1968 2511 3622 2578">
     <span class='ocr_line' id='line_1_53' title="bbox 1968 2511 3622 2578; baseline 0.002 -5"><span class='ocrx_word' id='word_1_370' title='bbox 1968 2511 2056 2578; x_wconf 92' lang='lat' dir='ltr'><strong>illi</strong></span> <span class='ocrx_word' id='word_1_371' title='bbox 2103 2515 2440 2577; x_wconf 90' lang='lat' dir='ltr'><strong>divinorum</strong></span> <span class='ocrx_word' id='word_1_372' title='bbox 2488 2514 2862 2577; x_wconf 88' lang='lat' dir='ltr'><strong>oraculorum</strong></span> <span class='ocrx_word' id='word_1_373' title='bbox 2893 2514 3182 2577; x_wconf 82' lang='lat' dir='ltr'><strong>suavitate</strong></span> <span class='ocrx_word' id='word_1_374' title='bbox 3201 2513 3432 2577; x_wconf 89' lang='lat' dir='ltr'><strong>animas</strong></span> <span class='ocrx_word' id='word_1_375' title='bbox 3481 2532 3622 2577; x_wconf 89' lang='lat' dir='ltr'><strong>suas</strong></span> 
     </span>
    </p>
   </div>
   <div class='ocr_carea' id='block_1_54' title="bbox 1969 2602 3618 2684">
    <p class='ocr_par' dir='ltr' id='par_1_54' title="bbox 1969 2602 3618 2684">
     <span class='ocr_line' id='line_1_54' title="bbox 1969 2602 3618 2684; baseline 0 -19"><span class='ocrx_word' id='word_1_376' title='bbox 1969 2603 2419 2684; x_wconf 85' lang='lat' dir='ltr'><strong>perfundentes,</strong></span> <span class='ocrx_word' id='word_1_377' title='bbox 2452 2611 2510 2665; x_wconf 88' lang='lat' dir='ltr'><strong>et</strong></span> <span class='ocrx_word' id='word_1_378' title='bbox 2539 2603 2816 2666; x_wconf 90' lang='lat' dir='ltr'><strong>omnibus</strong></span> <span class='ocrx_word' id='word_1_379' title='bbox 2845 2603 3157 2666; x_wconf 91' lang='lat' dir='ltr'><strong>utilissima</strong></span> <span class='ocrx_word' id='word_1_380' title='bbox 3184 2611 3247 2667; x_wconf 90' lang='lat' dir='ltr'><strong>et</strong></span> <span class='ocrx_word' id='word_1_381' title='bbox 3274 2602 3618 2666; x_wconf 87' lang='lat' dir='ltr'><strong>fructuosis-</strong></span> 
     </span>
    </p>
   </div>
   <div class='ocr_carea' id='block_1_55' title="bbox 1966 2688 3619 2772">
    <p class='ocr_par' dir='ltr' id='par_1_55' title="bbox 1966 2688 3619 2772">
     <span class='ocr_line' id='line_1_55' title="bbox 1966 2688 3619 2772; baseline 0.001 -20"><span class='ocrx_word' id='word_1_382' title='bbox 1966 2690 2117 2753; x_wconf 89' lang='lat' dir='ltr'><strong>sima</strong></span> <span class='ocrx_word' id='word_1_383' title='bbox 2146 2691 2471 2753; x_wconf 90' lang='lat' dir='ltr'><strong>demetunt.</strong></span> <span class='ocrx_word' id='word_1_384' title='bbox 2498 2690 2572 2754; x_wconf 82' lang='lat' dir='ltr'><strong>Et</strong></span> <span class='ocrx_word' id='word_1_385' title='bbox 2594 2708 2627 2754; x_wconf 87' lang='lat' dir='ltr'><strong>a</strong></span> <span class='ocrx_word' id='word_1_386' title='bbox 2657 2690 3012 2772; x_wconf 87' lang='lat' dir='ltr'><strong>quibusdam</strong></span> <span class='ocrx_word' id='word_1_387' title='bbox 3038 2690 3277 2772; x_wconf 89' lang='lat' dir='ltr'><strong>quidem</strong></span> <span class='ocrx_word' id='word_1_388' title='bbox 3310 2688 3619 2770; x_wconf 80' lang='lat' dir='ltr'><strong>sapientia</strong></span> 
     </span>
    </p>
   </div>
   <div class='ocr_carea' id='block_1_56' title="bbox 1966 2777 3614 2860">
    <p class='ocr_par' dir='ltr' id='par_1_56' title="bbox 1966 2777 3614 2860">
     <span class='ocr_line' id='line_1_56' title="bbox 1966 2777 3614 2860; baseline -0.001 -19"><span class='ocrx_word' id='word_1_389' title='bbox 1966 2779 2175 2842; x_wconf 90' lang='lat' dir='ltr'><strong>ﬂorem</strong></span> <span class='ocrx_word' id='word_1_390' title='bbox 2194 2780 2497 2860; x_wconf 85' lang='lat' dir='ltr'><strong>colligunt,</strong></span> <span class='ocrx_word' id='word_1_391' title='bbox 2517 2798 2551 2841; x_wconf 91' lang='lat' dir='ltr'><strong>a</strong></span> <span class='ocrx_word' id='word_1_392' title='bbox 2572 2779 2929 2859; x_wconf 89' lang='lat' dir='ltr'><strong>quibusdam</strong></span> <span class='ocrx_word' id='word_1_393' title='bbox 2952 2798 3093 2841; x_wconf 89' lang='lat' dir='ltr'><strong>vero</strong></span> <span class='ocrx_word' id='word_1_394' title='bbox 3110 2780 3318 2841; x_wconf 86' lang='lat' dir='ltr'><strong>ﬂorem</strong></span> <span class='ocrx_word' id='word_1_395' title='bbox 3334 2777 3614 2860; x_wconf 85' lang='lat' dir='ltr'><strong>justitia;</strong></span> 
     </span>
    </p>
   </div>
   <div class='ocr_carea' id='block_1_57' title="bbox 1964 2867 3611 2949">
    <p class='ocr_par' dir='ltr' id='par_1_57' title="bbox 1964 2867 3611 2949">
     <span class='ocr_line' id='line_1_57' title="bbox 1964 2867 3611 2949; baseline -0.001 -19"><span class='ocrx_word' id='word_1_396' title='bbox 1964 2867 2037 2930; x_wconf 92' lang='lat' dir='ltr'><strong>ab</strong></span> <span class='ocrx_word' id='word_1_397' title='bbox 2067 2867 2222 2943; x_wconf 89' lang='lat' dir='ltr'><strong>aliis,</strong></span> <span class='ocrx_word' id='word_1_398' title='bbox 2255 2868 2583 2948; x_wconf 89' lang='lat' dir='ltr'><strong>prudentia</strong></span> <span class='ocrx_word' id='word_1_399' title='bbox 2615 2891 2631 2944; x_wconf 90' lang='lat'><strong>;</strong></span> <span class='ocrx_word' id='word_1_400' title='bbox 2662 2868 2735 2930; x_wconf 88' lang='lat' dir='ltr'><strong>ab</strong></span> <span class='ocrx_word' id='word_1_401' title='bbox 2766 2867 2897 2929; x_wconf 90' lang='lat' dir='ltr'><strong>aliis</strong></span> <span class='ocrx_word' id='word_1_402' title='bbox 2926 2867 3291 2930; x_wconf 82' lang='lat' dir='ltr'><strong>fortitudinis</strong></span> <span class='ocrx_word' id='word_1_403' title='bbox 3320 2888 3336 2949; x_wconf 87' lang='lat'><strong>;</strong></span> <span class='ocrx_word' id='word_1_404' title='bbox 3366 2867 3611 2929; x_wconf 90' lang='lat' dir='ltr'><strong>aliunde</strong></span> 
     </span>
    </p>
   </div>
   <div class='ocr_carea' id='block_1_58' title="bbox 1964 2954 3619 3037">
    <p class='ocr_par' dir='ltr' id='par_1_58' title="bbox 1964 2954 3619 3037">
     <span class='ocr_line' id='line_1_58' title="bbox 1964 2954 3619 3037; baseline -0.001 -18"><span class='ocrx_word' id='word_1_405' title='bbox 1964 2955 3118 3037; x_wconf 77' lang='lat' dir='ltr'><strong>commiserationisethumanitatiserga</strong></span> <span class='ocrx_word' id='word_1_406' title='bbox 3140 2974 3484 3031; x_wconf 89' lang='lat' dir='ltr'><strong>conservos,</strong></span> <span class='ocrx_word' id='word_1_407' title='bbox 3511 2954 3619 3017; x_wconf 85' lang='lat' dir='ltr'><strong>ali-</strong></span> 
     </span>
    </p>
   </div>
   <div class='ocr_carea' id='block_1_59' title="bbox 1964 3044 3613 3125">
    <p class='ocr_par' dir='ltr' id='par_1_59' title="bbox 1964 3044 3613 3125">
     <span class='ocr_line' id='line_1_59' title="bbox 1964 3044 3613 3125; baseline 0.002 -20"><span class='ocrx_word' id='word_1_408' title='bbox 1964 3044 2124 3106; x_wconf 90' lang='lat' dir='ltr'><strong>unde</strong></span> <span class='ocrx_word' id='word_1_409' title='bbox 2155 3045 2632 3109; x_wconf 87' lang='lat' dir='ltr'><strong>mansuetudinis</strong></span> <span class='ocrx_word' id='word_1_410' title='bbox 2664 3054 2721 3107; x_wconf 90' lang='lat' dir='ltr'><strong>et</strong></span> <span class='ocrx_word' id='word_1_411' title='bbox 2750 3044 3136 3125; x_wconf 80' lang='lat' dir='ltr'><strong>indulgentia</strong></span> <span class='ocrx_word' id='word_1_412' title='bbox 3164 3069 3181 3124; x_wconf 84' lang='lat'><strong>;</strong></span> <span class='ocrx_word' id='word_1_413' title='bbox 3214 3064 3282 3107; x_wconf 85' lang='lat' dir='ltr'><strong>ex</strong></span> <span class='ocrx_word' id='word_1_414' title='bbox 3302 3045 3416 3107; x_wconf 89' lang='lat' dir='ltr'><strong>alia</strong></span> <span class='ocrx_word' id='word_1_415' title='bbox 3447 3053 3613 3125; x_wconf 87' lang='lat' dir='ltr'><strong>parte</strong></span> 
     </span>
    </p>
   </div>
   <div class='ocr_carea' id='block_1_60' title="bbox 1962 3131 3615 3214">
    <p class='ocr_par' dir='ltr' id='par_1_60' title="bbox 1962 3131 3615 3214">
     <span class='ocr_line' id='line_1_60' title="bbox 1962 3131 3615 3214; baseline 0.001 -22"><span class='ocrx_word' id='word_1_416' title='bbox 1962 3131 2172 3193; x_wconf 84' lang='lat' dir='ltr'><strong>florem</strong></span> <span class='ocrx_word' id='word_1_417' title='bbox 2194 3132 2520 3195; x_wconf 86' lang='lat' dir='ltr'><strong>tolerantia</strong></span> <span class='ocrx_word' id='word_1_418' title='bbox 2541 3140 2599 3195; x_wconf 90' lang='lat' dir='ltr'><strong>et</strong></span> <span class='ocrx_word' id='word_1_419' title='bbox 2619 3133 2915 3214; x_wconf 89' lang='lat' dir='ltr'><strong>patientia</strong></span> <span class='ocrx_word' id='word_1_420' title='bbox 2930 3132 2991 3193; x_wconf 92' lang='lat' dir='ltr'><strong>in</strong></span> <span class='ocrx_word' id='word_1_421' title='bbox 3012 3132 3511 3209; x_wconf 89' lang='lat' dir='ltr'><strong>rebusadversis;</strong></span> <span class='ocrx_word' id='word_1_422' title='bbox 3535 3138 3615 3207; x_wconf 90' lang='lat' dir='ltr'><strong>et,</strong></span> 
     </span>
    </p>
   </div>
   <div class='ocr_carea' id='block_1_61' title="bbox 233 3219 1881 3307">
    <p class='ocr_par' dir='ltr' id='par_1_61' title="bbox 233 3219 1877 3307">
     <span class='ocr_line' id='line_1_61' title="bbox 233 3219 1877 3307; baseline 0.001 -24"><span class='ocrx_word' id='word_1_423' title='bbox 233 3226 530 3306; x_wconf 85' lang='grc' dir='ltr'>πραότητος</span> <span class='ocrx_word' id='word_1_424' title='bbox 600 3229 688 3284; x_wconf 88' lang='grc' dir='ltr'><strong>καὶ</strong></span> <span class='ocrx_word' id='word_1_425' title='bbox 733 3233 833 3296; x_wconf 77' lang='grc' dir='ltr'>τῆς</span> <span class='ocrx_word' id='word_1_426' title='bbox 884 3228 1165 3292; x_wconf 81' lang='grc' dir='ltr'>ἐπιεικείας</span> <span class='ocrx_word' id='word_1_427' title='bbox 1194 3219 1464 3307; x_wconf 17' lang='grc' dir='ltr'>ίέτέρωθεν</span> <span class='ocrx_word' id='word_1_428' title='bbox 1515 3248 1528 3263; x_wconf 90' lang='grc'><strong>·</strong></span> <span class='ocrx_word' id='word_1_429' title='bbox 1578 3226 1877 3307; x_wconf 80' lang='grc' dir='ltr'>ἀλλαχόθεν</span> 
     </span>
    </p>
   </div>
   <div class='ocr_carea' id='block_1_62' title="bbox 1969 3219 3612 3307">
    <p class='ocr_par' dir='ltr' id='par_1_62' title="bbox 1969 3219 3612 3307">
     <span class='ocr_line' id='line_1_62' title="bbox 1969 3219 3612 3307; baseline 0.002 -28"><span class='ocrx_word' id='word_1_430' title='bbox 1969 3226 2025 3307; x_wconf 83' lang='lat' dir='ltr'><strong>ut</strong></span> <span class='ocrx_word' id='word_1_431' title='bbox 2057 3238 2173 3307; x_wconf 86' lang='lat' dir='ltr'><strong>uno</strong></span> <span class='ocrx_word' id='word_1_432' title='bbox 2203 3219 2384 3282; x_wconf 91' lang='lat' dir='ltr'><strong>verbo</strong></span> <span class='ocrx_word' id='word_1_433' title='bbox 2411 3220 2628 3295; x_wconf 89' lang='lat' dir='ltr'><strong>dicam,</strong></span> <span class='ocrx_word' id='word_1_434' title='bbox 2657 3220 2856 3282; x_wconf 90' lang='lat' dir='ltr'><strong>omnia</strong></span> <span class='ocrx_word' id='word_1_435' title='bbox 2877 3222 2947 3282; x_wconf 87' lang='lat' dir='ltr'><strong>ad</strong></span> <span class='ocrx_word' id='word_1_436' title='bbox 2970 3220 3183 3282; x_wconf 90' lang='lat' dir='ltr'><strong>anima</strong></span> <span class='ocrx_word' id='word_1_437' title='bbox 3202 3220 3451 3282; x_wconf 90' lang='lat' dir='ltr'><strong>salutem</strong></span> <span class='ocrx_word' id='word_1_438' title='bbox 3475 3228 3612 3282; x_wconf 92' lang='lat' dir='ltr'><strong>ten-</strong></span> 
     </span>
    </p>
   </div>
   <div class='ocr_carea' id='block_1_63' title="bbox 233 3298 1881 3394">
    <p class='ocr_par' dir='ltr' id='par_1_63' title="bbox 233 3298 1875 3394">
     <span class='ocr_line' id='line_1_63' title="bbox 233 3298 1875 3394; baseline 0.001 -23"><span class='ocrx_word' id='word_1_439' title='bbox 233 3298 294 3372; x_wconf 75' lang='grc' dir='ltr'><strong>τδ</strong></span> <span class='ocrx_word' id='word_1_440' title='bbox 347 3319 445 3382; x_wconf 76' lang='grc' dir='ltr'>τῆς</span> <span class='ocrx_word' id='word_1_441' title='bbox 492 3316 765 3391; x_wconf 79' lang='grc' dir='ltr'>ὑπομονῆς</span> <span class='ocrx_word' id='word_1_442' title='bbox 807 3317 892 3372; x_wconf 87' lang='grc' dir='ltr'><strong>κοὶ</strong></span> <span class='ocrx_word' id='word_1_443' title='bbox 939 3321 1037 3383; x_wconf 81' lang='grc' dir='ltr'>τῆς</span> <span class='ocrx_word' id='word_1_444' title='bbox 1086 3315 1141 3372; x_wconf 85' lang='grc' dir='ltr'><strong>ἐν</strong></span> <span class='ocrx_word' id='word_1_445' title='bbox 1185 3298 1314 3380; x_wconf 43' lang='grc' dir='ltr'>τοῖς.</span> <span class='ocrx_word' id='word_1_446' title='bbox 1332 3314 1524 3380; x_wconf 77' lang='grc' dir='ltr'>δεινοῖς</span> <span class='ocrx_word' id='word_1_447' title='bbox 1555 3298 1828 3394; x_wconf 79' lang='grc' dir='ltr'>καρτερίας</span> <span class='ocrx_word' id='word_1_448' title='bbox 1861 3334 1875 3349; x_wconf 84' lang='grc'><strong>·</strong></span> 
     </span>
    </p>
   </div>
   <div class='ocr_carea' id='block_1_64' title="bbox 1969 3298 3607 3394">
    <p class='ocr_par' dir='ltr' id='par_1_64' title="bbox 1969 3305 3607 3389">
     <span class='ocr_line' id='line_1_64' title="bbox 1969 3305 3607 3389; baseline 0.002 -22"><span class='ocrx_word' id='word_1_449' title='bbox 1969 3305 2165 3369; x_wconf 90' lang='lat' dir='ltr'><strong>dentia</strong></span> <span class='ocrx_word' id='word_1_450' title='bbox 2190 3308 2495 3387; x_wconf 84' lang='lat' dir='ltr'><strong>colligunt,</strong></span> <span class='ocrx_word' id='word_1_451' title='bbox 2549 3326 2741 3388; x_wconf 83' lang='lat' dir='ltr'><strong>eaque</strong></span> <span class='ocrx_word' id='word_1_452' title='bbox 2788 3308 2849 3369; x_wconf 89' lang='lat' dir='ltr'><strong>in</strong></span> <span class='ocrx_word' id='word_1_453' title='bbox 2901 3307 3099 3370; x_wconf 91' lang='lat' dir='ltr'><strong>cordis</strong></span> <span class='ocrx_word' id='word_1_454' title='bbox 3149 3308 3371 3371; x_wconf 84' lang='lat' dir='ltr'><strong>alveari</strong></span> <span class='ocrx_word' id='word_1_455' title='bbox 3414 3309 3607 3389; x_wconf 87' lang='lat' dir='ltr'><strong>depo-</strong></span> 
     </span>
    </p>
   </div>
   <div class='ocr_carea' id='block_1_65' title="bbox 233 3401 1879 3483">
    <p class='ocr_par' dir='ltr' id='par_1_65' title="bbox 233 3401 1879 3483">
     <span class='ocr_line' id='line_1_65' title="bbox 233 3401 1879 3483; baseline 0 -23"><span class='ocrx_word' id='word_1_456' title='bbox 233 3403 321 3460; x_wconf 83' lang='grc' dir='ltr'><strong>καὶ</strong></span> <span class='ocrx_word' id='word_1_457' title='bbox 372 3401 556 3469; x_wconf 81' lang='grc' dir='ltr'>ἁπλῶς</span> <span class='ocrx_word' id='word_1_458' title='bbox 614 3406 807 3477; x_wconf 77' lang='grc' dir='ltr'>εἰπεῖν,</span> <span class='ocrx_word' id='word_1_459' title='bbox 870 3404 933 3461; x_wconf 86' lang='grc' dir='ltr'><strong>ἐκ</strong></span> <span class='ocrx_word' id='word_1_460' title='bbox 985 3404 1201 3461; x_wconf 84' lang='grc' dir='ltr'>πάντων</span> <span class='ocrx_word' id='word_1_461' title='bbox 1256 3404 1431 3466; x_wconf 87' lang='grc' dir='ltr'>πάντα</span> <span class='ocrx_word' id='word_1_462' title='bbox 1483 3404 1549 3460; x_wconf 81' lang='grc' dir='ltr'>τὰ</span> <span class='ocrx_word' id='word_1_463' title='bbox 1597 3404 1730 3483; x_wconf 77' lang='grc' dir='ltr'>πρὸς</span> <span class='ocrx_word' id='word_1_464' title='bbox 1783 3403 1879 3471; x_wconf 74' lang='grc' dir='ltr'><strong>τὴν</strong></span> 
     </span>
    </p>
   </div>
   <div class='ocr_carea' id='block_1_66' title="bbox 232 3489 1878 3570">
    <p class='ocr_par' dir='ltr' id='par_1_66' title="bbox 232 3489 1878 3570">
     <span class='ocr_line' id='line_1_66' title="bbox 232 3489 1878 3570; baseline 0.005 -26"><span class='ocrx_word' id='word_1_465' title='bbox 232 3494 328 3557; x_wconf 77' lang='grc' dir='ltr'><strong>τῆς</strong></span> <span class='ocrx_word' id='word_1_466' title='bbox 401 3494 586 3570; x_wconf 78' lang='grc' dir='ltr'>ψυχῆς</span> <span class='ocrx_word' id='word_1_467' title='bbox 656 3492 918 3569; x_wconf 87' lang='grc' dir='ltr'>σωτηρίαν</span> <span class='ocrx_word' id='word_1_468' title='bbox 991 3493 1320 3549; x_wconf 87' lang='grc' dir='ltr'>συντείνοντα</span> <span class='ocrx_word' id='word_1_469' title='bbox 1385 3490 1711 3567; x_wconf 83' lang='grc' dir='ltr'>ἀνθιζόμενοι</span> <span class='ocrx_word' id='word_1_470' title='bbox 1770 3489 1878 3569; x_wconf 81' lang='grc'><strong>(3),</strong></span> 
     </span>
    </p>
   </div>
   <div class='ocr_carea' id='block_1_67' title="bbox 233 3579 1881 3661">
    <p class='ocr_par' dir='ltr' id='par_1_67' title="bbox 233 3579 1881 3661">
     <span class='ocr_line' id='line_1_67' title="bbox 233 3579 1881 3661; baseline 0.001 -25"><span class='ocrx_word' id='word_1_471' title='bbox 233 3581 320 3637; x_wconf 87' lang='grc' dir='ltr'><strong>καὶ</strong></span> <span class='ocrx_word' id='word_1_472' title='bbox 386 3579 441 3638; x_wconf 89' lang='grc' dir='ltr'><strong>ἐν</strong></span> <span class='ocrx_word' id='word_1_473' title='bbox 510 3588 586 3656; x_wconf 86' lang='grc' dir='ltr'>τῷ</span> <span class='ocrx_word' id='word_1_474' title='bbox 672 3579 879 3660; x_wconf 76' lang='grc' dir='ltr'>σίμϐλῳ</span> <span class='ocrx_word' id='word_1_475' title='bbox 964 3588 1063 3650; x_wconf 79' lang='grc' dir='ltr'>τῆς</span> <span class='ocrx_word' id='word_1_476' title='bbox 1155 3580 1364 3661; x_wconf 81' lang='grc' dir='ltr'>καρδίας</span> <span class='ocrx_word' id='word_1_477' title='bbox 1458 3581 1881 3658; x_wconf 74' lang='grc' dir='ltr'>ἐναποτιθέμενοι</span> 
     </span>
    </p>
   </div>
   <div class='ocr_carea' id='block_1_68' title="bbox 231 3662 1882 3749">
    <p class='ocr_par' dir='ltr' id='par_1_68' title="bbox 231 3662 1882 3749">
     <span class='ocr_line' id='line_1_68' title="bbox 231 3662 1882 3749; baseline 0.001 -26"><span class='ocrx_word' id='word_1_478' title='bbox 231 3674 413 3745; x_wconf 78' lang='grc' dir='ltr'>ταῦτα,</span> <span class='ocrx_word' id='word_1_479' title='bbox 469 3669 530 3725; x_wconf 81' lang='grc' dir='ltr'>τὸ</span> <span class='ocrx_word' id='word_1_480' title='bbox 585 3669 714 3748; x_wconf 75' lang='grc' dir='ltr'>ὑπὲρ</span> <span class='ocrx_word' id='word_1_481' title='bbox 754 3662 882 3746; x_wconf 64' lang='grc' dir='ltr'>’μέλι</span> <span class='ocrx_word' id='word_1_482' title='bbox 930 3670 1018 3727; x_wconf 78' lang='grc' dir='ltr'><strong>καὶ</strong></span> <span class='ocrx_word' id='word_1_483' title='bbox 1061 3670 1244 3749; x_wconf 88' lang='grc' dir='ltr'>κηρίον</span> <span class='ocrx_word' id='word_1_484' title='bbox 1291 3667 1550 3748; x_wconf 82' lang='grc' dir='ltr'>γλυκάζον</span> <span class='ocrx_word' id='word_1_485' title='bbox 1603 3673 1708 3726; x_wconf 77' lang='grc' dir='ltr'><strong>τῶν</strong></span> <span class='ocrx_word' id='word_1_486' title='bbox 1764 3669 1882 3747; x_wconf 88' lang='grc' dir='ltr'>ἀρε-</span> 
     </span>
    </p>
   </div>
   <div class='ocr_carea' id='block_1_69' title="bbox 229 3753 1882 3837">
    <p class='ocr_par' dir='ltr' id='par_1_69' title="bbox 229 3753 1882 3837">
     <span class='ocr_line' id='line_1_69' title="bbox 229 3753 1882 3837; baseline 0.001 -26"><span class='ocrx_word' id='word_1_487' title='bbox 229 3758 334 3811; x_wconf 89' lang='grc' dir='ltr'><strong>τῶν</strong></span> <span class='ocrx_word' id='word_1_488' title='bbox 404 3753 523 3831; x_wconf 80' lang='grc' dir='ltr'>μέλι</span> <span class='ocrx_word' id='word_1_489' title='bbox 588 3763 881 3836; x_wconf 75' lang='grc' dir='ltr'>γεωργοῦσι</span> <span class='ocrx_word' id='word_1_490' title='bbox 956 3755 1042 3837; x_wconf 76' lang='grc'><strong>(4)</strong></span> <span class='ocrx_word' id='word_1_491' title='bbox 1109 3758 1198 3813; x_wconf 83' lang='grc' dir='ltr'><strong>καὶ</strong></span> <span class='ocrx_word' id='word_1_492' title='bbox 1252 3756 1681 3837; x_wconf 83' lang='grc' dir='ltr'>κατεργάζονται.</span> <span class='ocrx_word' id='word_1_493' title='bbox 1743 3756 1882 3814; x_wconf 87' lang='grc' dir='ltr'>Τού-</span> 
     </span>
    </p>
   </div>
   <div class='ocr_carea' id='block_1_70' title="bbox 229 3843 1880 3926">
    <p class='ocr_par' dir='ltr' id='par_1_70' title="bbox 229 3843 1880 3926">
     <span class='ocr_line' id='line_1_70' title="bbox 229 3843 1880 3926; baseline 0.001 -27"><span class='ocrx_word' id='word_1_494' title='bbox 229 3865 350 3907; x_wconf 87' lang='grc' dir='ltr'>τους</span> <span class='ocrx_word' id='word_1_495' title='bbox 378 3843 467 3901; x_wconf 76' lang='grc' dir='ltr'><strong>οὗν</strong></span> <span class='ocrx_word' id='word_1_496' title='bbox 498 3843 576 3925; x_wconf 91' lang='grc'><strong>(5)</strong></span> <span class='ocrx_word' id='word_1_497' title='bbox 626 3846 715 3902; x_wconf 87' lang='grc' dir='ltr'>καὶ</span> <span class='ocrx_word' id='word_1_498' title='bbox 759 3847 946 3919; x_wconf 78' lang='grc' dir='ltr'>ἡμεῖς,</span> <span class='ocrx_word' id='word_1_499' title='bbox 1003 3843 1218 3926; x_wconf 88' lang='grc' dir='ltr'>ἀδελφοί</span> <span class='ocrx_word' id='word_1_500' title='bbox 1269 3867 1394 3921; x_wconf 83' lang='grc' dir='ltr'>μου,</span> <span class='ocrx_word' id='word_1_501' title='bbox 1450 3843 1758 3921; x_wconf 86' lang='grc' dir='ltr'>μιμώμεθα,</span> <span class='ocrx_word' id='word_1_502' title='bbox 1791 3846 1880 3901; x_wconf 84' lang='grc' dir='ltr'><strong>καὶ</strong></span> 
     </span>
    </p>
   </div>
   <div class='ocr_carea' id='block_1_71' title="bbox 230 3928 1876 4014">
    <p class='ocr_par' dir='ltr' id='par_1_71' title="bbox 230 3928 1876 4014">
     <span class='ocr_line' id='line_1_71' title="bbox 230 3928 1876 4014; baseline 0.001 -27"><span class='ocrx_word' id='word_1_503' title='bbox 230 3928 356 3987; x_wconf 83' lang='grc' dir='ltr'>ὅταν</span> <span class='ocrx_word' id='word_1_504' title='bbox 419 3938 497 4007; x_wconf 82' lang='grc' dir='ltr'>τῷ</span> <span class='ocrx_word' id='word_1_505' title='bbox 563 3932 686 4007; x_wconf 79' lang='grc' dir='ltr'>θείῳ</span> <span class='ocrx_word' id='word_1_506' title='bbox 748 3934 838 3989; x_wconf 84' lang='grc' dir='ltr'><strong>καὶ</strong></span> <span class='ocrx_word' id='word_1_507' title='bbox 907 3932 1221 4014; x_wconf 77' lang='grc' dir='ltr'>περικαλλεῖ</span> <span class='ocrx_word' id='word_1_508' title='bbox 1290 3930 1422 4008; x_wconf 86' lang='grc' dir='ltr'>τῷδε</span> <span class='ocrx_word' id='word_1_509' title='bbox 1492 3931 1736 4007; x_wconf 80' lang='grc' dir='ltr'>λειμῶνι,</span> <span class='ocrx_word' id='word_1_510' title='bbox 1808 3939 1876 4009; x_wconf 78' lang='grc' dir='ltr'>τῇ</span> 
     </span>
    </p>
   </div>
   <div class='ocr_carea' id='block_1_72' title="bbox 231 4015 1875 4101">
    <p class='ocr_par' dir='ltr' id='par_1_72' title="bbox 231 4015 1875 4101">
     <span class='ocr_line' id='line_1_72' title="bbox 231 4015 1875 4101; baseline 0.001 -27"><span class='ocrx_word' id='word_1_511' title='bbox 231 4015 508 4094; x_wconf 83' lang='grc' dir='ltr'>ἐκκλησίᾳ,</span> <span class='ocrx_word' id='word_1_512' title='bbox 542 4018 937 4099; x_wconf 82' lang='grc' dir='ltr'>προσέλθωμεν,</span> <span class='ocrx_word' id='word_1_513' title='bbox 986 4022 1065 4097; x_wconf 78' lang='grc' dir='ltr'>μὴ</span> <span class='ocrx_word' id='word_1_514' title='bbox 1114 4020 1272 4101; x_wconf 85' lang='grc' dir='ltr'>χάριν</span> <span class='ocrx_word' id='word_1_515' title='bbox 1321 4025 1419 4087; x_wconf 75' lang='grc' dir='ltr'>τῆς</span> <span class='ocrx_word' id='word_1_516' title='bbox 1449 4020 1580 4097; x_wconf 84' lang='grc' dir='ltr'>πρὸς</span> <span class='ocrx_word' id='word_1_517' title='bbox 1610 4017 1875 4089; x_wconf 75' lang='grc' dir='ltr'>ἀλλήλους</span> 
     </span>
    </p>
   </div>
   <div class='ocr_carea' id='block_1_73' title="bbox 229 4102 1870 4188">
    <p class='ocr_par' dir='ltr' id='par_1_73' title="bbox 229 4102 1870 4188">
     <span class='ocr_line' id='line_1_73' title="bbox 229 4102 1870 4188; baseline 0.001 -28"><span class='ocrx_word' id='word_1_518' title='bbox 229 4102 439 4181; x_wconf 78' lang='grc' dir='ltr'>ὄμιλίας</span> <span class='ocrx_word' id='word_1_519' title='bbox 508 4107 607 4175; x_wconf 78' lang='grc' dir='ltr'>τὴν</span> <span class='ocrx_word' id='word_1_520' title='bbox 677 4107 756 4188; x_wconf 83' lang='grc'><strong>(6)</strong></span> <span class='ocrx_word' id='word_1_521' title='bbox 847 4107 1064 4166; x_wconf 85' lang='grc' dir='ltr'>ἐνταῦθα</span> <span class='ocrx_word' id='word_1_522' title='bbox 1156 4108 1428 4184; x_wconf 89' lang='grc' dir='ltr'>ποιώμεθα</span> <span class='ocrx_word' id='word_1_523' title='bbox 1511 4106 1870 4187; x_wconf 68' lang='grc' dir='ltr'><strong>προσείλευσιν⁹</strong></span> 
     </span>
    </p>
   </div>
   <div class='ocr_carea' id='block_1_74' title="bbox 230 4190 1878 4277">
    <p class='ocr_par' dir='ltr' id='par_1_74' title="bbox 230 4190 1878 4277">
     <span class='ocr_line' id='line_1_74' title="bbox 230 4190 1878 4277; baseline 0.002 -30"><span class='ocrx_word' id='word_1_524' title='bbox 230 4190 367 4249; x_wconf 82' lang='grc' dir='ltr'>ἀλλὰ</span> <span class='ocrx_word' id='word_1_525' title='bbox 429 4195 526 4259; x_wconf 79' lang='grc' dir='ltr'>τὰς</span> <span class='ocrx_word' id='word_1_526' title='bbox 595 4193 679 4251; x_wconf 79' lang='grc' dir='ltr'><strong>διὰ</strong></span> <span class='ocrx_word' id='word_1_527' title='bbox 732 4195 830 4263; x_wconf 77' lang='grc' dir='ltr'><strong>τὴν</strong></span> <span class='ocrx_word' id='word_1_528' title='bbox 896 4196 1158 4277; x_wconf 74' lang='grc' dir='ltr'>ἡμετέραν</span> <span class='ocrx_word' id='word_1_529' title='bbox 1227 4195 1491 4275; x_wconf 88' lang='grc' dir='ltr'>σωτηρίαν</span> <span class='ocrx_word' id='word_1_530' title='bbox 1544 4196 1878 4272; x_wconf 76' lang='grc' dir='ltr'>ὑπαναγινω-</span> 
     </span>
    </p>
   </div>
   <div class='ocr_carea' id='block_1_75' title="bbox 230 4280 1875 4365">
    <p class='ocr_par' dir='ltr' id='par_1_75' title="bbox 230 4280 1875 4365">
     <span class='ocr_line' id='line_1_75' title="bbox 230 4280 1875 4365; baseline 0.002 -29"><span class='ocrx_word' id='word_1_531' title='bbox 230 4280 492 4356; x_wconf 83' lang='grc' dir='ltr'>σκομένας</span> <span class='ocrx_word' id='word_1_532' title='bbox 563 4283 702 4347; x_wconf 88' lang='grc' dir='ltr'>θείας</span> <span class='ocrx_word' id='word_1_533' title='bbox 750 4284 959 4364; x_wconf 81' lang='grc' dir='ltr'>Γραφάς</span> <span class='ocrx_word' id='word_1_534' title='bbox 1018 4284 1503 4365; x_wconf 85' lang='grc' dir='ltr'>περιεργαζώμεθα,</span> <span class='ocrx_word' id='word_1_535' title='bbox 1560 4283 1650 4339; x_wconf 88' lang='grc' dir='ltr'><strong>καὶ</strong></span> <span class='ocrx_word' id='word_1_536' title='bbox 1702 4284 1765 4340; x_wconf 83' lang='grc' dir='ltr'>τὸ</span> <span class='ocrx_word' id='word_1_537' title='bbox 1815 4281 1875 4340; x_wconf 85' lang='grc' dir='ltr'><strong>ἐκ</strong></span> 
     </span>
    </p>
   </div>
   <div class='ocr_carea' id='block_1_76' title="bbox 1962 3395 3606 3459">
    <p class='ocr_par' dir='ltr' id='par_1_76' title="bbox 1962 3395 3606 3459">
     <span class='ocr_line' id='line_1_76' title="bbox 1962 3395 3606 3459; baseline 0.002 -4"><span class='ocrx_word' id='word_1_538' title='bbox 1962 3401 2174 3457; x_wconf 89' lang='lat' dir='ltr'><strong>nentes</strong></span> <span class='ocrx_word' id='word_1_539' title='bbox 2218 3395 2451 3458; x_wconf 91' lang='lat' dir='ltr'><strong>dulcius</strong></span> <span class='ocrx_word' id='word_1_540' title='bbox 2485 3396 2660 3458; x_wconf 90' lang='lat' dir='ltr'><strong>melle</strong></span> <span class='ocrx_word' id='word_1_541' title='bbox 2711 3408 2773 3458; x_wconf 86' lang='lat' dir='ltr'><strong>et</strong></span> <span class='ocrx_word' id='word_1_542' title='bbox 2822 3414 2958 3459; x_wconf 83' lang='lat' dir='ltr'><strong>cera</strong></span> <span class='ocrx_word' id='word_1_543' title='bbox 2986 3397 3272 3459; x_wconf 86' lang='lat' dir='ltr'><strong>virtutum</strong></span> <span class='ocrx_word' id='word_1_544' title='bbox 3304 3395 3421 3458; x_wconf 90' lang='lat' dir='ltr'><strong>mel</strong></span> <span class='ocrx_word' id='word_1_545' title='bbox 3455 3415 3606 3458; x_wconf 89' lang='lat' dir='ltr'><strong>con-</strong></span> 
     </span>
    </p>
   </div>
   <div class='ocr_carea' id='block_1_77' title="bbox 1963 3481 3612 3564">
    <p class='ocr_par' dir='ltr' id='par_1_77' title="bbox 1963 3481 3612 3564">
     <span class='ocr_line' id='line_1_77' title="bbox 1963 3481 3612 3564; baseline 0.002 -21"><span class='ocrx_word' id='word_1_546' title='bbox 1963 3481 2112 3544; x_wconf 89' lang='lat' dir='ltr'><strong>dunt</strong></span> <span class='ocrx_word' id='word_1_547' title='bbox 2168 3491 2227 3545; x_wconf 93' lang='lat' dir='ltr'><strong>et</strong></span> <span class='ocrx_word' id='word_1_548' title='bbox 2285 3484 2618 3564; x_wconf 82' lang='lat' dir='ltr'><strong>perficiunt.</strong></span> <span class='ocrx_word' id='word_1_549' title='bbox 2680 3483 2822 3547; x_wconf 92' lang='lat' dir='ltr'><strong>Illos</strong></span> <span class='ocrx_word' id='word_1_550' title='bbox 2877 3485 3057 3563; x_wconf 83' lang='lat' dir='ltr'><strong>igitur</strong></span> <span class='ocrx_word' id='word_1_551' title='bbox 3104 3493 3163 3546; x_wconf 91' lang='lat' dir='ltr'><strong>et</strong></span> <span class='ocrx_word' id='word_1_552' title='bbox 3210 3502 3342 3558; x_wconf 90' lang='lat' dir='ltr'><strong>nos,</strong></span> <span class='ocrx_word' id='word_1_553' title='bbox 3395 3484 3612 3547; x_wconf 89' lang='lat' dir='ltr'><strong>fratres</strong></span> 
     </span>
    </p>
   </div>
   <div class='ocr_carea' id='block_1_78' title="bbox 1965 3569 3612 3653">
    <p class='ocr_par' dir='ltr' id='par_1_78' title="bbox 1965 3569 3612 3653">
     <span class='ocr_line' id='line_1_78' title="bbox 1965 3569 3612 3653; baseline 0.002 -23"><span class='ocrx_word' id='word_1_554' title='bbox 1965 3569 2105 3645; x_wconf 91' lang='lat' dir='ltr'><strong>mei,</strong></span> <span class='ocrx_word' id='word_1_555' title='bbox 2142 3570 2445 3634; x_wconf 91' lang='lat' dir='ltr'><strong>imitemur</strong></span> <span class='ocrx_word' id='word_1_556' title='bbox 2472 3579 2532 3633; x_wconf 91' lang='lat' dir='ltr'><strong>et</strong></span> <span class='ocrx_word' id='word_1_557' title='bbox 2556 3572 2791 3653; x_wconf 90' lang='lat' dir='ltr'><strong>quando</strong></span> <span class='ocrx_word' id='word_1_558' title='bbox 2822 3572 2883 3634; x_wconf 92' lang='lat' dir='ltr'><strong>in</strong></span> <span class='ocrx_word' id='word_1_559' title='bbox 2908 3571 3174 3634; x_wconf 91' lang='lat' dir='ltr'><strong>divinum</strong></span> <span class='ocrx_word' id='word_1_560' title='bbox 3205 3570 3351 3632; x_wconf 89' lang='lat' dir='ltr'><strong>illud</strong></span> <span class='ocrx_word' id='word_1_561' title='bbox 3385 3580 3442 3633; x_wconf 86' lang='lat' dir='ltr'><strong>et</strong></span> <span class='ocrx_word' id='word_1_562' title='bbox 3473 3572 3612 3652; x_wconf 88' lang='lat' dir='ltr'><strong>pul-</strong></span> 
     </span>
    </p>
   </div>
   <div class='ocr_carea' id='block_1_79' title="bbox 1964 3657 3617 3741">
    <p class='ocr_par' dir='ltr' id='par_1_79' title="bbox 1964 3657 3617 3741">
     <span class='ocr_line' id='line_1_79' title="bbox 1964 3657 3617 3741; baseline 0.002 -22"><span class='ocrx_word' id='word_1_563' title='bbox 1964 3657 2325 3721; x_wconf 90' lang='lat' dir='ltr'><strong>cherrimum</strong></span> <span class='ocrx_word' id='word_1_564' title='bbox 2342 3668 2600 3741; x_wconf 90' lang='lat' dir='ltr'><strong>pratum,</strong></span> <span class='ocrx_word' id='word_1_565' title='bbox 2617 3660 2957 3736; x_wconf 89' lang='lat' dir='ltr'><strong>ecclesiam,</strong></span> <span class='ocrx_word' id='word_1_566' title='bbox 2975 3659 3427 3734; x_wconf 68' lang='lat' dir='ltr'><strong>advenimusmc</strong></span> <span class='ocrx_word' id='word_1_567' title='bbox 3449 3679 3617 3722; x_wconf 86' lang='lat' dir='ltr'><strong>acce-</strong></span> 
     </span>
    </p>
   </div>
   <div class='ocr_carea' id='block_1_80' title="bbox 1964 3744 3618 3830">
    <p class='ocr_par' dir='ltr' id='par_1_80' title="bbox 1964 3744 3618 3830">
     <span class='ocr_line' id='line_1_80' title="bbox 1964 3744 3618 3830; baseline 0.003 -24"><span class='ocrx_word' id='word_1_568' title='bbox 1964 3744 2174 3809; x_wconf 90' lang='lat' dir='ltr'><strong>damus</strong></span> <span class='ocrx_word' id='word_1_569' title='bbox 2202 3748 2389 3809; x_wconf 91' lang='lat' dir='ltr'><strong>mutui</strong></span> <span class='ocrx_word' id='word_1_570' title='bbox 2419 3747 2698 3829; x_wconf 88' lang='lat' dir='ltr'><strong>coiloquii</strong></span> <span class='ocrx_word' id='word_1_571' title='bbox 2749 3767 2946 3825; x_wconf 87' lang='lat' dir='ltr'><strong>causa,</strong></span> <span class='ocrx_word' id='word_1_572' title='bbox 2994 3746 3098 3811; x_wconf 87' lang='lat' dir='ltr'><strong>sed</strong></span> <span class='ocrx_word' id='word_1_573' title='bbox 3131 3756 3194 3810; x_wconf 88' lang='lat' dir='ltr'><strong>ut</strong></span> <span class='ocrx_word' id='word_1_574' title='bbox 3218 3747 3451 3810; x_wconf 81' lang='lat' dir='ltr'><strong>divitias</strong></span> <span class='ocrx_word' id='word_1_575' title='bbox 3486 3766 3618 3830; x_wconf 86' lang='lat' dir='ltr'><strong>qua</strong></span> 
     </span>
    </p>
   </div>
   <div class='ocr_carea' id='block_1_81' title="bbox 1962 3835 3613 3918">
    <p class='ocr_par' dir='ltr' id='par_1_81' title="bbox 1962 3835 3613 3918">
     <span class='ocr_line' id='line_1_81' title="bbox 1962 3835 3613 3918; baseline 0.002 -23"><span class='ocrx_word' id='word_1_576' title='bbox 1962 3843 2205 3914; x_wconf 88' lang='lat' dir='ltr'><strong>propter</strong></span> <span class='ocrx_word' id='word_1_577' title='bbox 2232 3844 2492 3898; x_wconf 87' lang='lat' dir='ltr'><strong>nostram</strong></span> <span class='ocrx_word' id='word_1_578' title='bbox 2542 3837 2794 3899; x_wconf 90' lang='lat' dir='ltr'><strong>salutem</strong></span> <span class='ocrx_word' id='word_1_579' title='bbox 2826 3837 3125 3917; x_wconf 82' lang='lat' dir='ltr'><strong>leguntur,</strong></span> <span class='ocrx_word' id='word_1_580' title='bbox 3156 3835 3462 3918; x_wconf 89' lang='lat' dir='ltr'><strong>Sripturas</strong></span> <span class='ocrx_word' id='word_1_581' title='bbox 3488 3837 3613 3899; x_wconf 81' lang='lat' dir='ltr'><strong>sci-</strong></span> 
     </span>
    </p>
   </div>
   <div class='ocr_carea' id='block_1_82' title="bbox 1962 3924 3613 4011">
    <p class='ocr_par' dir='ltr' id='par_1_82' title="bbox 1962 3924 3613 4011">
     <span class='ocr_line' id='line_1_82' title="bbox 1962 3924 3613 4011; baseline 0.004 -28"><span class='ocrx_word' id='word_1_582' title='bbox 1962 3924 2266 4011; x_wconf 86' lang='lat' dir='ltr'><strong>scitemur,</strong></span> <span class='ocrx_word' id='word_1_583' title='bbox 2302 3933 2365 3986; x_wconf 90' lang='lat' dir='ltr'><strong>ut</strong></span> <span class='ocrx_word' id='word_1_584' title='bbox 2394 3943 2464 3987; x_wconf 86' lang='lat' dir='ltr'><strong>ex</strong></span> <span class='ocrx_word' id='word_1_585' title='bbox 2494 3925 2567 3987; x_wconf 90' lang='lat' dir='ltr'><strong>iis</strong></span> <span class='ocrx_word' id='word_1_586' title='bbox 2596 3925 2959 4007; x_wconf 88' lang='lat' dir='ltr'><strong>spiritaalem</strong></span> <span class='ocrx_word' id='word_1_587' title='bbox 2991 3926 3247 4011; x_wconf 85' lang='lat' dir='ltr'><strong>fructum</strong></span> <span class='ocrx_word' id='word_1_588' title='bbox 3304 3927 3613 4007; x_wconf 88' lang='lat' dir='ltr'><strong>percipere</strong></span> 
     </span>
    </p>
   </div>
   <div class='ocr_carea' id='block_1_83' title="bbox 1960 4010 3618 4096">
    <p class='ocr_par' dir='ltr' id='par_1_83' title="bbox 1960 4010 3618 4096">
     <span class='ocr_line' id='line_1_83' title="bbox 1960 4010 3618 4096; baseline 0.004 -24"><span class='ocrx_word' id='word_1_589' title='bbox 1960 4010 2223 4074; x_wconf 88' lang='lat' dir='ltr'><strong>studiosa</strong></span> <span class='ocrx_word' id='word_1_590' title='bbox 2237 4013 2627 4078; x_wconf 89' lang='lat' dir='ltr'><strong>etsollicitaet</strong></span> <span class='ocrx_word' id='word_1_591' title='bbox 2643 4015 2877 4077; x_wconf 87' lang='lat' dir='ltr'><strong>ardenti</strong></span> <span class='ocrx_word' id='word_1_592' title='bbox 2894 4010 3190 4078; x_wconf 86' lang='lat' dir='ltr'><strong>voluntate</strong></span> <span class='ocrx_word' id='word_1_593' title='bbox 3202 4015 3515 4096; x_wconf 90' lang='lat' dir='ltr'><strong>possimus.</strong></span> <span class='ocrx_word' id='word_1_594' title='bbox 3531 4014 3618 4078; x_wconf 90' lang='lat' dir='ltr'><strong>Ita</strong></span> 
     </span>
    </p>
   </div>
   <div class='ocr_carea' id='block_1_84' title="bbox 1962 4099 3611 4180">
    <p class='ocr_par' dir='ltr' id='par_1_84' title="bbox 1962 4099 3611 4180">
     <span class='ocr_line' id='line_1_84' title="bbox 1962 4099 3611 4180; baseline 0.004 -20"><span class='ocrx_word' id='word_1_595' title='bbox 1962 4099 2120 4161; x_wconf 90' lang='lat' dir='ltr'><strong>enim</strong></span> <span class='ocrx_word' id='word_1_596' title='bbox 2145 4101 2321 4164; x_wconf 92' lang='lat' dir='ltr'><strong>modo</strong></span> <span class='ocrx_word' id='word_1_597' title='bbox 2345 4102 2418 4163; x_wconf 92' lang='lat' dir='ltr'><strong>de</strong></span> <span class='ocrx_word' id='word_1_598' title='bbox 2444 4104 2555 4166; x_wconf 63' lang='lat' dir='ltr'><strong>huc</strong></span> <span class='ocrx_word' id='word_1_599' title='bbox 2577 4105 2794 4167; x_wconf 91' lang='lat' dir='ltr'><strong>virtute</strong></span> <span class='ocrx_word' id='word_1_600' title='bbox 2812 4104 3219 4180; x_wconf 89' lang='lat' dir='ltr'><strong>monebimur,</strong></span> <span class='ocrx_word' id='word_1_601' title='bbox 3250 4104 3426 4167; x_wconf 92' lang='lat' dir='ltr'><strong>modo</strong></span> <span class='ocrx_word' id='word_1_602' title='bbox 3452 4105 3611 4167; x_wconf 89' lang='lat' dir='ltr'><strong>illam</strong></span> 
     </span>
    </p>
   </div>
   <div class='ocr_carea' id='block_1_85' title="bbox 1962 4188 3612 4270">
    <p class='ocr_par' dir='ltr' id='par_1_85' title="bbox 1962 4188 3612 4270">
     <span class='ocr_line' id='line_1_85' title="bbox 1962 4188 3612 4270; baseline 0.004 -20"><span class='ocrx_word' id='word_1_603' title='bbox 1962 4188 2449 4269; x_wconf 75' lang='lat' dir='ltr'><strong>discemus-,nunc</strong></span> <span class='ocrx_word' id='word_1_604' title='bbox 2464 4193 2534 4255; x_wconf 87' lang='lat' dir='ltr'><strong>ad</strong></span> <span class='ocrx_word' id='word_1_605' title='bbox 2549 4194 2720 4255; x_wconf 91' lang='lat' dir='ltr'><strong>aliam</strong></span> <span class='ocrx_word' id='word_1_606' title='bbox 2740 4193 3224 4270; x_wconf 84' lang='lat' dir='ltr'><strong>excitabimur,et</strong></span> <span class='ocrx_word' id='word_1_607' title='bbox 3239 4192 3523 4256; x_wconf 86' lang='lat' dir='ltr'><strong>continuo</strong></span> <span class='ocrx_word' id='word_1_608' title='bbox 3537 4195 3612 4257; x_wconf 87' lang='lat' dir='ltr'><strong>ad</strong></span> 
     </span>
    </p>
   </div>
   <div class='ocr_carea' id='block_1_86' title="bbox 1958 4277 3610 4363">
    <p class='ocr_par' dir='ltr' id='par_1_86' title="bbox 1958 4277 3610 4363">
     <span class='ocr_line' id='line_1_86' title="bbox 1958 4277 3610 4363; baseline 0.004 -24"><span class='ocrx_word' id='word_1_609' title='bbox 1958 4277 2354 4341; x_wconf 89' lang='lat' dir='ltr'><strong>hacinstituti</strong></span> <span class='ocrx_word' id='word_1_610' title='bbox 2385 4288 2449 4342; x_wconf 93' lang='lat' dir='ltr'><strong>ut</strong></span> <span class='ocrx_word' id='word_1_611' title='bbox 2477 4282 2745 4359; x_wconf 82' lang='lat' dir='ltr'><strong>exerciti,</strong></span> <span class='ocrx_word' id='word_1_612' title='bbox 2778 4283 3108 4363; x_wconf 89' lang='lat' dir='ltr'><strong>poterimus</strong></span> <span class='ocrx_word' id='word_1_613' title='bbox 3130 4291 3188 4345; x_wconf 94' lang='lat' dir='ltr'><strong>et</strong></span> <span class='ocrx_word' id='word_1_614' title='bbox 3214 4282 3329 4363; x_wconf 89' lang='lat' dir='ltr'><strong>ipsi</strong></span> <span class='ocrx_word' id='word_1_615' title='bbox 3368 4282 3610 4345; x_wconf 85' lang='lat' dir='ltr'><strong>virtutes</strong></span> 
     </span>
    </p>
   </div>
   <div class='ocr_carea' id='block_1_87' title="bbox 228 4366 1881 4453">
    <p class='ocr_par' dir='ltr' id='par_1_87' title="bbox 228 4369 1873 4453">
     <span class='ocr_line' id='line_1_87' title="bbox 228 4369 1873 4453; baseline 0.001 -26"><span class='ocrx_word' id='word_1_616' title='bbox 228 4369 427 4427; x_wconf 88' lang='grc' dir='ltr'>τούτων</span> <span class='ocrx_word' id='word_1_617' title='bbox 497 4374 729 4452; x_wconf 82' lang='grc' dir='ltr'>ψυχικὸν</span> <span class='ocrx_word' id='word_1_618' title='bbox 799 4370 988 4453; x_wconf 74' lang='grc' dir='ltr'>ὄφελος</span> <span class='ocrx_word' id='word_1_619' title='bbox 1087 4379 1333 4449; x_wconf 86' lang='grc' dir='ltr'>ζητῶμεν</span> <span class='ocrx_word' id='word_1_620' title='bbox 1399 4370 1668 4449; x_wconf 81' lang='grc' dir='ltr'>ἐπιμελῶς</span> <span class='ocrx_word' id='word_1_621' title='bbox 1739 4372 1873 4448; x_wconf 87' lang='grc' dir='ltr'><strong>μετά</strong></span> 
     </span>
    </p>
   </div>
   <div class='ocr_carea' id='block_1_88' title="bbox 1969 4366 3606 4453">
    <p class='ocr_par' dir='ltr' id='par_1_88' title="bbox 1969 4366 3606 4449">
     <span class='ocr_line' id='line_1_88' title="bbox 1969 4366 3606 4449; baseline 0.004 -22"><span class='ocrx_word' id='word_1_622' title='bbox 1969 4366 2308 4449; x_wconf 64' lang='lat' dir='ltr'><strong>adimplere,</strong></span> <span class='ocrx_word' id='word_1_623' title='bbox 2336 4376 2393 4430; x_wconf 92' lang='lat' dir='ltr'><strong>et</strong></span> <span class='ocrx_word' id='word_1_624' title='bbox 2411 4370 2753 4433; x_wconf 87' lang='lat' dir='ltr'><strong>suavitatem</strong></span> <span class='ocrx_word' id='word_1_625' title='bbox 2766 4371 3040 4433; x_wconf 91' lang='lat' dir='ltr'><strong>aclucem</strong></span> <span class='ocrx_word' id='word_1_626' title='bbox 3055 4370 3196 4431; x_wconf 90' lang='lat' dir='ltr'><strong>inde</strong></span> <span class='ocrx_word' id='word_1_627' title='bbox 3217 4372 3275 4432; x_wconf 92' lang='lat' dir='ltr'><strong>in</strong></span> <span class='ocrx_word' id='word_1_628' title='bbox 3291 4370 3606 4433; x_wconf 84' lang='lat' dir='ltr'><strong>animabus</strong></span> 
     </span>
    </p>
   </div>
   <div class='ocr_carea' id='block_1_89' title="bbox 229 4458 1868 4537">
    <p class='ocr_par' dir='ltr' id='par_1_89' title="bbox 229 4458 1868 4537">
     <span class='ocr_line' id='line_1_89' title="bbox 229 4458 1868 4537; baseline 0.004 -25"><span class='ocrx_word' id='word_1_629' title='bbox 229 4459 698 4537; x_wconf 79' lang='grc' dir='ltr'>μεμεριμνημένης</span> <span class='ocrx_word' id='word_1_630' title='bbox 753 4459 981 4525; x_wconf 85' lang='grc' dir='ltr'>διανοίας</span> <span class='ocrx_word' id='word_1_631' title='bbox 1036 4463 1124 4519; x_wconf 80' lang='grc' dir='ltr'>καὶ</span> <span class='ocrx_word' id='word_1_632' title='bbox 1178 4460 1514 4529; x_wconf 79' lang='grc' dir='ltr'>ἐξεταστικῆς</span> <span class='ocrx_word' id='word_1_633' title='bbox 1572 4458 1868 4525; x_wconf 78' lang='grc' dir='ltr'>διαθέσεως.</span> 
     </span>
    </p>
   </div>
   <div class='ocr_carea' id='block_1_90' title="bbox 227 4542 1873 4628">
    <p class='ocr_par' dir='ltr' id='par_1_90' title="bbox 227 4542 1873 4628">
     <span class='ocr_line' id='line_1_90' title="bbox 227 4542 1873 4628; baseline 0.002 -27"><span class='ocrx_word' id='word_1_634' title='bbox 227 4542 376 4601; x_wconf 72' lang='grc' dir='ltr'>Οὕτω</span> <span class='ocrx_word' id='word_1_635' title='bbox 401 4547 521 4626; x_wconf 73' lang='grc' dir='ltr'>γὰρ,</span> <span class='ocrx_word' id='word_1_636' title='bbox 577 4548 707 4605; x_wconf 80' lang='grc' dir='ltr'>ποτὲ</span> <span class='ocrx_word' id='word_1_637' title='bbox 755 4547 874 4624; x_wconf 82' lang='grc' dir='ltr'>μὲν,</span> <span class='ocrx_word' id='word_1_638' title='bbox 924 4550 1043 4628; x_wconf 87' lang='grc' dir='ltr'>περὶ</span> <span class='ocrx_word' id='word_1_639' title='bbox 1091 4547 1252 4617; x_wconf 80' lang='grc' dir='ltr'>τῆσδε</span> <span class='ocrx_word' id='word_1_640' title='bbox 1297 4556 1401 4617; x_wconf 78' lang='grc' dir='ltr'>τῆσ</span> <span class='ocrx_word' id='word_1_641' title='bbox 1450 4549 1643 4627; x_wconf 77' lang='grc' dir='ltr'>ἀρετῆς</span> <span class='ocrx_word' id='word_1_642' title='bbox 1691 4552 1873 4609; x_wconf 81' lang='grc' dir='ltr'>νουθε-</span> 
     </span>
    </p>
   </div>
   <div class='ocr_carea' id='block_1_91' title="bbox 1960 4456 3616 4533">
    <p class='ocr_par' dir='ltr' id='par_1_91' title="bbox 1960 4456 3616 4533">
     <span class='ocr_line' id='line_1_91' title="bbox 1960 4456 3616 4533; baseline 0.003 -16"><span class='ocrx_word' id='word_1_643' title='bbox 1960 4456 2181 4518; x_wconf 91' lang='lat' dir='ltr'><strong>nostris</strong></span> <span class='ocrx_word' id='word_1_644' title='bbox 2202 4457 2452 4533; x_wconf 82' lang='lat' dir='ltr'><strong>genitas,</strong></span> <span class='ocrx_word' id='word_1_645' title='bbox 2485 4469 2548 4521; x_wconf 88' lang='lat' dir='ltr'><strong>ut</strong></span> <span class='ocrx_word' id='word_1_646' title='bbox 2578 4461 2695 4522; x_wconf 88' lang='lat' dir='ltr'><strong>mel</strong></span> <span class='ocrx_word' id='word_1_647' title='bbox 2728 4469 2785 4521; x_wconf 91' lang='lat' dir='ltr'><strong>et</strong></span> <span class='ocrx_word' id='word_1_648' title='bbox 2816 4462 3005 4524; x_wconf 86' lang='lat' dir='ltr'><strong>favum</strong></span> <span class='ocrx_word' id='word_1_649' title='bbox 3039 4459 3158 4521; x_wconf 88' lang='lat' dir='ltr'><strong>Deo</strong></span> <span class='ocrx_word' id='word_1_650' title='bbox 3181 4459 3416 4522; x_wconf 76' lang='lat' dir='ltr'><strong>offerre.</strong></span> <span class='ocrx_word' id='word_1_651' title='bbox 3447 4458 3616 4523; x_wconf 77' lang='lat' dir='ltr'><strong>Sem-</strong></span> 
     </span>
    </p>
   </div>
   <div class='ocr_carea' id='block_1_92' title="bbox 1961 4544 3609 4629">
    <p class='ocr_par' dir='ltr' id='par_1_92' title="bbox 1961 4544 3609 4629">
     <span class='ocr_line' id='line_1_92' title="bbox 1961 4544 3609 4629; baseline 0.007 -28"><span class='ocrx_word' id='word_1_652' title='bbox 1961 4564 2069 4627; x_wconf 75' lang='lat' dir='ltr'><strong>per</strong></span> <span class='ocrx_word' id='word_1_653' title='bbox 2096 4544 2292 4607; x_wconf 86' lang='lat' dir='ltr'><strong>divina</strong></span> <span class='ocrx_word' id='word_1_654' title='bbox 2321 4545 2628 4627; x_wconf 90' lang='lat' dir='ltr'><strong>Scriptnra</strong></span> <span class='ocrx_word' id='word_1_655' title='bbox 2657 4551 2782 4613; x_wconf 88' lang='lat' dir='ltr'><strong>Deo</strong></span> <span class='ocrx_word' id='word_1_656' title='bbox 2796 4558 2957 4629; x_wconf 83' lang='lat' dir='ltr'><strong>grata</strong></span> <span class='ocrx_word' id='word_1_657' title='bbox 2990 4557 3049 4611; x_wconf 91' lang='lat' dir='ltr'><strong>et</strong></span> <span class='ocrx_word' id='word_1_658' title='bbox 3076 4548 3361 4610; x_wconf 84' lang='lat' dir='ltr'><strong>salutaria</strong></span> <span class='ocrx_word' id='word_1_659' title='bbox 3395 4547 3609 4613; x_wconf 88' lang='lat' dir='ltr'><strong>edocet</strong></span> 
     </span>
    </p>
   </div>
   <div class='ocr_carea' id='block_1_93' title="bbox 226 4632 1881 4720">
    <p class='ocr_par' dir='ltr' id='par_1_93' title="bbox 226 4632 1867 4717">
     <span class='ocr_line' id='line_1_93' title="bbox 226 4632 1867 4717; baseline 0.004 -28"><span class='ocrx_word' id='word_1_660' title='bbox 226 4632 493 4710; x_wconf 86' lang='grc' dir='ltr'>τούμενοι,</span> <span class='ocrx_word' id='word_1_661' title='bbox 578 4637 709 4695; x_wconf 78' lang='grc' dir='ltr'>ποτὲ</span> <span class='ocrx_word' id='word_1_662' title='bbox 795 4634 871 4712; x_wconf 83' lang='grc' dir='ltr'>δὲ,</span> <span class='ocrx_word' id='word_1_663' title='bbox 957 4639 1075 4717; x_wconf 86' lang='grc' dir='ltr'>περὶ</span> <span class='ocrx_word' id='word_1_664' title='bbox 1154 4660 1349 4706; x_wconf 75' lang='grc' dir='ltr'>ταύτης</span> <span class='ocrx_word' id='word_1_665' title='bbox 1419 4635 1782 4714; x_wconf 86' lang='grc' dir='ltr'>διδασκόμενοι</span> <span class='ocrx_word' id='word_1_666' title='bbox 1854 4654 1867 4669; x_wconf 82' lang='grc'><strong><em>⁸</em></strong></span> 
     </span>
    </p>
   </div>
   <div class='ocr_carea' id='block_1_94' title="bbox 1969 4632 3608 4720">
    <p class='ocr_par' dir='ltr' id='par_1_94' title="bbox 1969 4634 3608 4720">
     <span class='ocr_line' id='line_1_94' title="bbox 1969 4634 3608 4720; baseline 0.001 -22"><span class='ocrx_word' id='word_1_667' title='bbox 1969 4642 2012 4698; x_wconf 74' lang='lat' dir='ltr'><strong>et</strong></span> <span class='ocrx_word' id='word_1_668' title='bbox 2025 4634 2323 4718; x_wconf 89' lang='lat' dir='ltr'><strong>proponit,</strong></span> <span class='ocrx_word' id='word_1_669' title='bbox 2348 4635 2613 4718; x_wconf 86' lang='lat' dir='ltr'><strong>nihilque</strong></span> <span class='ocrx_word' id='word_1_670' title='bbox 2636 4638 2695 4699; x_wconf 93' lang='lat' dir='ltr'><strong>in</strong></span> <span class='ocrx_word' id='word_1_671' title='bbox 2713 4656 2780 4700; x_wconf 77' lang='lat' dir='ltr'><strong>ea</strong></span> <span class='ocrx_word' id='word_1_672' title='bbox 2802 4647 2890 4701; x_wconf 91' lang='lat' dir='ltr'><strong>est</strong></span> <span class='ocrx_word' id='word_1_673' title='bbox 2914 4639 3073 4720; x_wconf 87' lang='lat' dir='ltr'><strong>quod</strong></span> <span class='ocrx_word' id='word_1_674' title='bbox 3095 4655 3210 4698; x_wconf 90' lang='lat' dir='ltr'><strong>non</strong></span> <span class='ocrx_word' id='word_1_675' title='bbox 3225 4636 3297 4698; x_wconf 83' lang='lat' dir='ltr'><strong>ad</strong></span> <span class='ocrx_word' id='word_1_676' title='bbox 3323 4636 3608 4719; x_wconf 82' lang='lat' dir='ltr'><strong>spiritua-</strong></span> 
     </span>
    </p>
   </div>
   <div class='ocr_carea' id='block_1_95' title="bbox 232 4811 1885 4956">
    <p class='ocr_par' dir='ltr' id='par_1_95' title="bbox 232 4811 1885 4956">
     <span class='ocr_line' id='line_1_95' title="bbox 232 4811 1885 4956; baseline 0 -80"><span class='ocrx_word' id='word_1_677' title='bbox 232 4890 247 4903; x_wconf 47' lang='lat'>.</span> <span class='ocrx_word' id='word_1_678' title='bbox 311 4811 457 4956; x_wconf 63' lang='lat' dir='ltr'><strong>(Uda</strong></span> <span class='ocrx_word' id='word_1_679' title='bbox 490 4816 549 4956; x_wconf 69' lang='grc' dir='ltr'><strong>(ἐὶ</strong></span> <span class='ocrx_word' id='word_1_680' title='bbox 576 4818 683 4873; x_wconf 77' lang='grc' dir='ltr'><strong>τῶν</strong></span> <span class='ocrx_word' id='word_1_681' title='bbox 714 4815 1001 4893; x_wconf 81' lang='grc' dir='ltr'>μελισσῶν.</span> <span class='ocrx_word' id='word_1_682' title='bbox 1037 4841 1064 4875; x_wconf 78' lang='grc' dir='ltr'><strong><em>ι</em></strong></span> <span class='ocrx_word' id='word_1_683' title='bbox 1092 4813 1331 4897; x_wconf 79' lang='lat' dir='ltr'><strong>Legitur</strong></span> <span class='ocrx_word' id='word_1_684' title='bbox 1353 4815 1481 4878; x_wconf 88' lang='lat' dir='ltr'><strong>hac</strong></span> <span class='ocrx_word' id='word_1_685' title='bbox 1501 4815 1687 4878; x_wconf 90' lang='lat' dir='ltr'><strong>oratio</strong></span> <span class='ocrx_word' id='word_1_686' title='bbox 1709 4814 1885 4878; x_wconf 91' lang='lat' dir='ltr'><strong>etiam</strong></span> 
     </span>
     <span class='ocr_line' id='line_1_96' title="bbox 232 4910 561 4956; baseline 0.009 -3"><span class='ocrx_word' id='word_1_687' title='bbox 232 4910 293 4954; x_wconf 80' lang='lat' dir='ltr'><strong>in</strong></span> <span class='ocrx_word' id='word_1_688' title='bbox 322 4910 392 4954; x_wconf 94' lang='lat' dir='ltr'><strong>co</strong></span> <span class='ocrx_word' id='word_1_689' title='bbox 444 4942 458 4956; x_wconf 93' lang='lat'><strong>.</strong></span> <span class='ocrx_word' id='word_1_690' title='bbox 546 4942 561 4956; x_wconf 94' lang='lat'><strong>.</strong></span> 
     </span>
    </p>
   </div>
   <div class='ocr_carea' id='block_1_96' title="bbox 228 4910 561 4957">
    <p class='ocr_par' dir='ltr' id='par_1_96' title="bbox 228 4910 561 4957">
     <span class='ocr_line' id='line_1_97' title="bbox 228 4910 561 4957; baseline 0.012 -4"><span class='ocrx_word' id='word_1_691' title='bbox 228 4910 293 4954; x_wconf 79' lang='grc' dir='ltr'>ιη</span> <span class='ocrx_word' id='word_1_692' title='bbox 322 4910 458 4957; x_wconf 76' lang='grc' dir='ltr'>οοα.</span> <span class='ocrx_word' id='word_1_693' title='bbox 491 4910 561 4957; x_wconf 71' lang='grc' dir='ltr'><strong>Β.</strong></span> 
     </span>
    </p>
   </div>
   <div class='ocr_carea' id='block_1_97' title="bbox 316 4971 1884 5056">
    <p class='ocr_par' dir='ltr' id='par_1_97' title="bbox 316 4971 1884 5056">
     <span class='ocr_line' id='line_1_98' title="bbox 316 4971 1884 5056; baseline 0.003 -24"><span class='ocrx_word' id='word_1_694' title='bbox 316 4972 401 5054; x_wconf 79' lang='lat'><strong>(2)</strong></span> <span class='ocrx_word' id='word_1_695' title='bbox 435 4997 467 5056; x_wconf 61' lang='grc' dir='ltr'><strong>οιΔ</strong></span> <span class='ocrx_word' id='word_1_696' title='bbox 498 4972 874 5056; x_wconf 75' lang='grc' dir='ltr'>Ἐφηδόμενοι.</span> <span class='ocrx_word' id='word_1_697' title='bbox 912 5001 937 5033; x_wconf 77' lang='grc' dir='ltr'>ιο</span> <span class='ocrx_word' id='word_1_698' title='bbox 992 4975 1091 5041; x_wconf 92' lang='lat' dir='ltr'><strong>Sic</strong></span> <span class='ocrx_word' id='word_1_699' title='bbox 1140 4981 1391 5056; x_wconf 90' lang='lat' dir='ltr'><strong>uterque</strong></span> <span class='ocrx_word' id='word_1_700' title='bbox 1421 4974 1555 5056; x_wconf 83' lang='lat' dir='ltr'><strong>cod.</strong></span> <span class='ocrx_word' id='word_1_701' title='bbox 1590 4971 1884 5056; x_wconf 79' lang='lat' dir='ltr'><strong>Displicet</strong></span> 
     </span>
    </p>
   </div>
   <div class='ocr_carea' id='block_1_98' title="bbox 228 5053 1882 5139">
    <p class='ocr_par' dir='ltr' id='par_1_98' title="bbox 228 5053 1882 5139">
     <span class='ocr_line' id='line_1_99' title="bbox 228 5053 1882 5139; baseline 0.002 -26"><span class='ocrx_word' id='word_1_702' title='bbox 228 5053 424 5139; x_wconf 74' lang='lat' dir='ltr'><strong>autem</strong></span> <span class='ocrx_word' id='word_1_703' title='bbox 454 5053 565 5139; x_wconf 77' lang='lat' dir='ltr'><strong>hoc</strong></span> <span class='ocrx_word' id='word_1_704' title='bbox 577 5053 714 5117; x_wconf 87' lang='lat' dir='ltr'><strong>loco</strong></span> <span class='ocrx_word' id='word_1_705' title='bbox 735 5056 1196 5139; x_wconf 83' lang='lat' dir='ltr'><strong>quodammodo,</strong></span> <span class='ocrx_word' id='word_1_706' title='bbox 1225 5053 1365 5139; x_wconf 78' lang='lat' dir='ltr'><strong>quia</strong></span> <span class='ocrx_word' id='word_1_707' title='bbox 1389 5054 1565 5117; x_wconf 92' lang='lat' dir='ltr'><strong>nimis</strong></span> <span class='ocrx_word' id='word_1_708' title='bbox 1580 5053 1882 5118; x_wconf 84' lang='lat' dir='ltr'><strong>discedita</strong></span> 
     </span>
    </p>
   </div>
   <div class='ocr_carea' id='block_1_99' title="bbox 229 5131 1145 5219">
    <p class='ocr_par' dir='ltr' id='par_1_99' title="bbox 229 5131 1145 5219">
     <span class='ocr_line' id='line_1_100' title="bbox 229 5131 1145 5219; baseline 0.004 -26"><span class='ocrx_word' id='word_1_709' title='bbox 229 5131 625 5219; x_wconf 69' lang='lat' dir='ltr'><strong>similitudine</strong></span> <span class='ocrx_word' id='word_1_710' title='bbox 653 5131 1145 5219; x_wconf 69' lang='grc' dir='ltr'>τοῦ’ἐφιπτάμεναι.</span> 
     </span>
    </p>
   </div>
   <div class='ocr_carea' id='block_1_100' title="bbox 314 5212 1874 5293">
    <p class='ocr_par' dir='ltr' id='par_1_100' title="bbox 314 5212 1874 5293">
     <span class='ocr_line' id='line_1_101' title="bbox 314 5212 1874 5293; baseline -0.004 -14"><span class='ocrx_word' id='word_1_711' title='bbox 314 5212 395 5293; x_wconf 83' lang='grc'><strong>(3)</strong></span> <span class='ocrx_word' id='word_1_712' title='bbox 432 5236 460 5269; x_wconf 71' lang='grc' dir='ltr'><strong>α</strong></span> <span class='ocrx_word' id='word_1_713' title='bbox 492 5212 852 5292; x_wconf 73' lang='grc' dir='ltr'>Ανθιζόμενοί.</span> <span class='ocrx_word' id='word_1_714' title='bbox 874 5242 898 5277; x_wconf 67' lang='grc' dir='ltr'><strong><em>ι</em></strong></span> <span class='ocrx_word' id='word_1_715' title='bbox 926 5212 1123 5282; x_wconf 80' lang='lat' dir='ltr'><strong>Codex</strong></span> <span class='ocrx_word' id='word_1_716' title='bbox 1153 5217 1220 5280; x_wconf 85' lang='grc' dir='ltr'><strong>Β.</strong></span> <span class='ocrx_word' id='word_1_717' title='bbox 1243 5214 1423 5278; x_wconf 83' lang='lat' dir='ltr'><strong>habet</strong></span> <span class='ocrx_word' id='word_1_718' title='bbox 1448 5214 1874 5293; x_wconf 81' lang='grc' dir='ltr'>ἀπανθιζόμενοι,</span> 
     </span>
    </p>
   </div>
   <div class='ocr_carea' id='block_1_101' title="bbox 271 5293 1881 5372">
    <p class='ocr_par' dir='ltr' id='par_1_101' title="bbox 271 5293 1881 5372">
     <span class='ocr_line' id='line_1_102' title="bbox 271 5293 1881 5372; baseline 0.003 -19"><span class='ocrx_word' id='word_1_719' title='bbox 271 5294 392 5355; x_wconf 90' lang='lat' dir='ltr'><strong>uod</strong></span> <span class='ocrx_word' id='word_1_720' title='bbox 424 5293 861 5372; x_wconf 86' lang='lat' dir='ltr'><strong>praferendum</strong></span> <span class='ocrx_word' id='word_1_721' title='bbox 917 5298 1173 5362; x_wconf 88' lang='lat' dir='ltr'><strong>videtur.</strong></span> <span class='ocrx_word' id='word_1_722' title='bbox 1228 5296 1453 5358; x_wconf 88' lang='lat' dir='ltr'><strong>Eodem</strong></span> <span class='ocrx_word' id='word_1_723' title='bbox 1506 5294 1683 5358; x_wconf 93' lang='lat' dir='ltr'><strong>modo</strong></span> <span class='ocrx_word' id='word_1_724' title='bbox 1733 5295 1881 5357; x_wconf 82' lang='lat' dir='ltr'><strong>dixit</strong></span> 
     </span>
    </p>
   </div>
   <div class='ocr_carea' id='block_1_102' title="bbox 274 5373 1878 5459">
    <p class='ocr_par' dir='ltr' id='par_1_102' title="bbox 274 5373 1878 5459">
     <span class='ocr_line' id='line_1_103' title="bbox 274 5373 1878 5459; baseline 0.002 -25"><span class='ocrx_word' id='word_1_725' title='bbox 274 5373 526 5459; x_wconf 51' lang='lat' dir='ltr'><strong>lutarcb,</strong></span> <span class='ocrx_word' id='word_1_726' title='bbox 562 5374 648 5438; x_wconf 92' lang='lat' dir='ltr'><strong>De</strong></span> <span class='ocrx_word' id='word_1_727' title='bbox 677 5376 1019 5459; x_wconf 62' lang='lat' dir='ltr'><strong>au_d._l’oet.</strong></span> <span class='ocrx_word' id='word_1_728' title='bbox 1053 5377 1194 5459; x_wconf 87' lang='lat' dir='ltr'><strong>Cap.</strong></span> <span class='ocrx_word' id='word_1_729' title='bbox 1216 5376 1288 5459; x_wconf 57' lang='grc' dir='ltr'>ζ,</span> <span class='ocrx_word' id='word_1_730' title='bbox 1316 5394 1375 5457; x_wconf 93' lang='lat' dir='ltr'><strong>p.</strong></span> <span class='ocrx_word' id='word_1_731' title='bbox 1402 5375 1502 5459; x_wconf 86' lang='lat'><strong>6_6.</strong></span> <span class='ocrx_word' id='word_1_732' title='bbox 1534 5373 1703 5459; x_wconf 83' lang='lat' dir='ltr'><strong>Adde</strong></span> <span class='ocrx_word' id='word_1_733' title='bbox 1731 5375 1878 5438; x_wconf 91' lang='lat' dir='ltr'><strong>Dio-</strong></span> 
     </span>
    </p>
   </div>
   <div class='ocr_carea' id='block_1_103' title="bbox 226 5452 1876 5539">
    <p class='ocr_par' dir='ltr' id='par_1_103' title="bbox 226 5452 1876 5539">
     <span class='ocr_line' id='line_1_104' title="bbox 226 5452 1876 5539; baseline 0.001 -25"><span class='ocrx_word' id='word_1_734' title='bbox 226 5471 354 5539; x_wconf 63' lang='lat' dir='ltr'><strong>nvs.</strong></span> <span class='ocrx_word' id='word_1_735' title='bbox 390 5452 795 5539; x_wconf 79' lang='lat' dir='ltr'><strong>Halicarn._T.</strong></span> <span class='ocrx_word' id='word_1_736' title='bbox 826 5454 903 5539; x_wconf 68' lang='lat' dir='ltr'><strong>ll,</strong></span> <span class='ocrx_word' id='word_1_737' title='bbox 937 5478 995 5539; x_wconf 69' lang='grc' dir='ltr'><strong>ρ.</strong></span> <span class='ocrx_word' id='word_1_738' title='bbox 1029 5460 1108 5539; x_wconf 78' lang='grc'><strong>68</strong></span> <span class='ocrx_word' id='word_1_739' title='bbox 1138 5452 1199 5539; x_wconf 72' lang='lat' dir='ltr'><strong>et</strong></span> <span class='ocrx_word' id='word_1_740' title='bbox 1224 5452 1497 5539; x_wconf 21' lang='lat' dir='ltr'><strong>Eust‘atb:</strong></span> <span class='ocrx_word' id='word_1_741' title='bbox 1527 5456 1600 5539; x_wconf 85' lang='lat' dir='ltr'><strong>_ad</strong></span> <span class='ocrx_word' id='word_1_742' title='bbox 1634 5456 1876 5539; x_wconf 75' lang='lat' dir='ltr'><strong>Dionys.</strong></span> 
     </span>
    </p>
   </div>
   <div class='ocr_carea' id='block_1_104' title="bbox 226 5478 1881 5674">
    <p class='ocr_par' dir='ltr' id='par_1_104' title="bbox 226 5478 1881 5674">
     <span class='ocr_line' id='line_1_105' title="bbox 227 5478 1876 5602; baseline 0.002 -89"><span class='ocrx_word' id='word_1_743' title='bbox 227 5478 354 5594; x_wconf 68' lang='grc' dir='ltr'>ιιγε.</span> <span class='ocrx_word' id='word_1_744' title='bbox 390 5478 691 5520; x_wconf 85' lang='lat' dir='ltr'><strong>naucarn.</strong></span> <span class='ocrx_word' id='word_1_745' title='bbox 726 5478 795 5519; x_wconf 83' lang='lat'><strong>1.</strong></span> <span class='ocrx_word' id='word_1_746' title='bbox 828 5478 903 5550; x_wconf 62' lang='grc' dir='ltr'><strong>ιι,</strong></span> <span class='ocrx_word' id='word_1_747' title='bbox 1029 5478 1108 5523; x_wconf 76' lang='grc' dir='ltr'>οδ</span> <span class='ocrx_word' id='word_1_748' title='bbox 1139 5478 1199 5551; x_wconf 70' lang='grc' dir='ltr'><strong>ει</strong></span> <span class='ocrx_word' id='word_1_749' title='bbox 1224 5478 1492 5518; x_wconf 59' lang='lat' dir='ltr'><strong>inustam.</strong></span> <span class='ocrx_word' id='word_1_750' title='bbox 1526 5478 1600 5546; x_wconf 72' lang='lat' dir='ltr'><strong>an</strong></span> <span class='ocrx_word' id='word_1_751' title='bbox 1634 5478 1876 5549; x_wconf 73' lang='lat' dir='ltr'><strong>monys.</strong></span> 
     </span>
     <span class='ocr_line' id='line_1_106' title="bbox 226 5532 1881 5674; baseline -0.001 -75"><span class='ocrx_word' id='word_1_752' title='bbox 226 5532 494 5674; x_wconf 40' lang='lat' dir='ltr'><strong>gigas?</strong></span> <span class='ocrx_word' id='word_1_753' title='bbox 551 5554 612 5617; x_wconf 88' lang='lat' dir='ltr'><strong>p.</strong></span> <span class='ocrx_word' id='word_1_754' title='bbox 646 5537 745 5613; x_wconf 81' lang='grc'><strong>10,</strong></span> <span class='ocrx_word' id='word_1_755' title='bbox 775 5536 919 5602; x_wconf 80' lang='lat' dir='ltr'><strong>edit.</strong></span> <span class='ocrx_word' id='word_1_756' title='bbox 1002 5536 1419 5618; x_wconf 78' lang='lat' dir='ltr'><strong>obertiStepb.</strong></span> <span class='ocrx_word' id='word_1_757' title='bbox 1440 5534 1544 5597; x_wconf 76' lang='lat' dir='ltr'><strong>ubi</strong></span> <span class='ocrx_word' id='word_1_758' title='bbox 1565 5535 1641 5599; x_wconf 92' lang='lat' dir='ltr'><strong>de</strong></span> <span class='ocrx_word' id='word_1_759' title='bbox 1667 5536 1881 5619; x_wconf 79' lang='lat' dir='ltr'><strong>apibus</strong></span> 
     </span>
    </p>
   </div>
   <div class='ocr_carea' id='block_1_105' title="bbox 269 5631 467 5676">
    <p class='ocr_par' dir='ltr' id='par_1_105' title="bbox 269 5631 467 5676">
     <span class='ocr_line' id='line_1_107' title="bbox 269 5631 467 5676; baseline 0.005 -1"><span class='ocrx_word' id='word_1_760' title='bbox 269 5631 467 5676; x_wconf 78' lang='lat' dir='ltr'><strong>lClllll‘.</strong></span> 
     </span>
    </p>
   </div>
   <div class='ocr_carea' id='block_1_106' title="bbox 311 5693 1876 5778">
    <p class='ocr_par' dir='ltr' id='par_1_106' title="bbox 311 5693 1876 5778">
     <span class='ocr_line' id='line_1_108' title="bbox 311 5693 1876 5778; baseline 0.003 -25"><span class='ocrx_word' id='word_1_761' title='bbox 311 5693 391 5774; x_wconf 68' lang='grc' dir='ltr'>μ)</span> <span class='ocrx_word' id='word_1_762' title='bbox 413 5718 433 5749; x_wconf 75' lang='grc' dir='ltr'><strong>ο</strong></span> <span class='ocrx_word' id='word_1_763' title='bbox 456 5699 775 5778; x_wconf 58' lang='grc' dir='ltr'>Γεωργοᾷσιτ</span> <span class='ocrx_word' id='word_1_764' title='bbox 801 5721 820 5751; x_wconf 75' lang='grc' dir='ltr'><strong>ι</strong></span> <span class='ocrx_word' id='word_1_765' title='bbox 842 5695 1095 5760; x_wconf 88' lang='lat' dir='ltr'><strong>Videtur</strong></span> <span class='ocrx_word' id='word_1_766' title='bbox 1121 5714 1225 5778; x_wconf 91' lang='lat' dir='ltr'><strong>per</strong></span> <span class='ocrx_word' id='word_1_767' title='bbox 1237 5694 1876 5778; x_wconf 75' lang='lat' dir='ltr'><strong>totum_hoc_exordium</strong></span> 
     </span>
    </p>
   </div>
   <div class='ocr_carea' id='block_1_107' title="bbox 163 5771 1879 5857">
    <p class='ocr_par' dir='ltr' id='par_1_107' title="bbox 163 5771 1879 5857">
     <span class='ocr_line' id='line_1_109' title="bbox 163 5771 1879 5857; baseline 0.002 -21"><span class='ocrx_word' id='word_1_768' title='bbox 163 5780 177 5795; x_wconf 92' lang='lat'><strong>&#39;</strong></span> <span class='ocrx_word' id='word_1_769' title='bbox 230 5791 353 5857; x_wconf 90' lang='lat' dir='ltr'><strong>pra</strong></span> <span class='ocrx_word' id='word_1_770' title='bbox 371 5771 581 5837; x_wconf 80' lang='lat' dir='ltr'><strong>oculis</strong></span> <span class='ocrx_word' id='word_1_771' title='bbox 599 5771 879 5842; x_wconf 83' lang='lat' dir='ltr'><strong>habuisse</strong></span> <span class='ocrx_word' id='word_1_772' title='bbox 908 5779 1104 5843; x_wconf 88' lang='lat' dir='ltr'><strong>locum</strong></span> <span class='ocrx_word' id='word_1_773' title='bbox 1122 5771 1409 5857; x_wconf 50' lang='lat' dir='ltr'><strong>&quot;Gregorii</strong></span> <span class='ocrx_word' id='word_1_774' title='bbox 1429 5774 1782 5841; x_wconf 85' lang='lat' dir='ltr'><strong>Nazianzeni</strong></span> <span class='ocrx_word' id='word_1_775' title='bbox 1804 5794 1879 5839; x_wconf 85' lang='lat' dir='ltr'><strong>ex</strong></span> 
     </span>
    </p>
   </div>
   <div class='ocr_carea' id='block_1_108' title="bbox 1970 4810 3603 4897">
    <p class='ocr_par' dir='ltr' id='par_1_108' title="bbox 1970 4810 3603 4897">
     <span class='ocr_line' id='line_1_110' title="bbox 1970 4810 3603 4897; baseline 0.002 -22"><span class='ocrx_word' id='word_1_776' title='bbox 1970 4810 2129 4897; x_wconf 76' lang='lat' dir='ltr'><strong>Qrat.</strong></span> <span class='ocrx_word' id='word_1_777' title='bbox 2163 4810 2365 4897; x_wconf 85' lang='lat' dir='ltr'><strong>XLIII,</strong></span> <span class='ocrx_word' id='word_1_778' title='bbox 2401 4812 2635 4897; x_wconf 27' lang='lat' dir='ltr'><strong>p,,703,</strong></span> <span class='ocrx_word' id='word_1_779' title='bbox 2666 4815 2795 4897; x_wconf 49' lang='lat'><strong>704</strong></span> <span class='ocrx_word' id='word_1_780' title='bbox 2814 4833 2988 4897; x_wconf 91' lang='lat' dir='ltr'><strong>quem</strong></span> <span class='ocrx_word' id='word_1_781' title='bbox 3021 4813 3117 4877; x_wconf 89' lang='lat' dir='ltr'><strong>hic</strong></span> <span class='ocrx_word' id='word_1_782' title='bbox 3150 4813 3291 4877; x_wconf 90' lang='lat' dir='ltr'><strong>ideo</strong></span> <span class='ocrx_word' id='word_1_783' title='bbox 3313 4814 3559 4897; x_wconf 85' lang='lat' dir='ltr'><strong>ascripsi</strong></span> <span class='ocrx_word' id='word_1_784' title='bbox 3588 4832 3603 4879; x_wconf 93' lang='lat'>:</span> 
     </span>
    </p>
   </div>
   <div class='ocr_carea' id='block_1_109' title="bbox 1973 4884 3610 4975">
    <p class='ocr_par' dir='ltr' id='par_1_109' title="bbox 1973 4884 3610 4975">
     <span class='ocr_line' id='line_1_111' title="bbox 1973 4884 3610 4975; baseline 0.002 -24"><span class='ocrx_word' id='word_1_785' title='bbox 1973 4884 2135 4975; x_wconf 64' lang='grc' dir='ltr'>’Ἄρτι</span> <span class='ocrx_word' id='word_1_786' title='bbox 2184 4896 2278 4971; x_wconf 81' lang='grc' dir='ltr'><strong>μὲν</strong></span> <span class='ocrx_word' id='word_1_787' title='bbox 2401 4884 2663 4975; x_wconf 61' lang='grc' dir='ltr'>’φιλεργδς</span> <span class='ocrx_word' id='word_1_788' title='bbox 2716 4884 2941 4972; x_wconf 64' lang='grc' dir='ltr'>μέλισσα</span> <span class='ocrx_word' id='word_1_789' title='bbox 2988 4898 3048 4953; x_wconf 83' lang='grc' dir='ltr'>τὸ</span> <span class='ocrx_word' id='word_1_790' title='bbox 3104 4898 3292 4975; x_wconf 75' lang='grc' dir='ltr'>πτερὸν</span> <span class='ocrx_word' id='word_1_791' title='bbox 3350 4884 3610 4954; x_wconf 72' lang='grc' dir='ltr'>ἑλκύσασα</span> 
     </span>
    </p>
   </div>
   <div class='ocr_carea' id='block_1_110' title="bbox 1962 4975 3609 5058">
    <p class='ocr_par' dir='ltr' id='par_1_110' title="bbox 1962 4975 3609 5058">
     <span class='ocr_line' id='line_1_112' title="bbox 1962 4975 3609 5058; baseline 0.001 -26"><span class='ocrx_word' id='word_1_792' title='bbox 1962 4976 2075 5058; x_wconf 69' lang='grc' dir='ltr'><strong>καὶ⁸</strong></span> <span class='ocrx_word' id='word_1_793' title='bbox 2121 4980 2228 5033; x_wconf 86' lang='grc' dir='ltr'><strong>τῶν</strong></span> <span class='ocrx_word' id='word_1_794' title='bbox 2301 4975 2546 5058; x_wconf 69' lang='grc' dir='ltr'>σῗμόλων</span> <span class='ocrx_word' id='word_1_795' title='bbox 2608 4976 2953 5033; x_wconf 85' lang='grc' dir='ltr'>ἀπαναστᾶσα</span> <span class='ocrx_word' id='word_1_796' title='bbox 3021 4976 3119 5044; x_wconf 74' lang='grc' dir='ltr'>τὴν</span> <span class='ocrx_word' id='word_1_797' title='bbox 3176 4977 3369 5044; x_wconf 79' lang='grc' dir='ltr'>ὲαοτῆς</span> <span class='ocrx_word' id='word_1_798' title='bbox 3426 4977 3609 5058; x_wconf 79' lang='grc' dir='ltr'>σοφίαν</span> 
     </span>
    </p>
   </div>
   <div class='ocr_carea' id='block_1_111' title="bbox 1962 5053 3610 5137">
    <p class='ocr_par' dir='ltr' id='par_1_111' title="bbox 1962 5053 3610 5137">
     <span class='ocr_line' id='line_1_113' title="bbox 1962 5053 3610 5137; baseline 0.002 -28"><span class='ocrx_word' id='word_1_799' title='bbox 1962 5053 2334 5137; x_wconf 76' lang='grc' dir='ltr'>ἐπιδείκνυται,</span> <span class='ocrx_word' id='word_1_800' title='bbox 2392 5057 2481 5112; x_wconf 84' lang='grc' dir='ltr'><strong>καὶ</strong></span> <span class='ocrx_word' id='word_1_801' title='bbox 2533 5053 2798 5131; x_wconf 76' lang='grc' dir='ltr'>λειμῶνας</span> <span class='ocrx_word' id='word_1_802' title='bbox 2851 5055 3153 5137; x_wconf 73' lang='grc' dir='ltr'>ἐφῖπταται,</span> <span class='ocrx_word' id='word_1_803' title='bbox 3213 5058 3301 5113; x_wconf 84' lang='grc' dir='ltr'><strong>καὶ</strong></span> <span class='ocrx_word' id='word_1_804' title='bbox 3359 5053 3514 5129; x_wconf 51' lang='grc' dir='ltr'>συλᾷ</span> <span class='ocrx_word' id='word_1_805' title='bbox 3544 5058 3610 5113; x_wconf 84' lang='grc' dir='ltr'><strong>τὰ</strong></span> 
     </span>
    </p>
   </div>
   <div class='ocr_carea' id='block_1_112' title="bbox 1962 5132 3609 5216">
    <p class='ocr_par' dir='ltr' id='par_1_112' title="bbox 1962 5132 3609 5216">
     <span class='ocr_line' id='line_1_114' title="bbox 1962 5132 3609 5216; baseline 0.002 -27"><span class='ocrx_word' id='word_1_806' title='bbox 1962 5132 2251 5216; x_wconf 32' lang='lat' dir='ltr'><strong>manu:</strong></span> <span class='ocrx_word' id='word_1_807' title='bbox 2297 5138 2332 5205; x_wconf 78' lang='grc' dir='ltr'><strong>ἡ</strong></span> <span class='ocrx_word' id='word_1_808' title='bbox 2380 5135 2475 5210; x_wconf 73' lang='grc' dir='ltr'>μὲν</span> <span class='ocrx_word' id='word_1_809' title='bbox 2521 5135 2683 5193; x_wconf 75' lang='grc' dir='ltr'>πολεῖ</span> <span class='ocrx_word' id='word_1_810' title='bbox 2729 5138 2795 5192; x_wconf 76' lang='grc' dir='ltr'>τὰ</span> <span class='ocrx_word' id='word_1_811' title='bbox 2841 5132 2998 5216; x_wconf 77' lang='grc' dir='ltr'>κηρία</span> <span class='ocrx_word' id='word_1_812' title='bbox 3046 5138 3139 5200; x_wconf 80' lang='grc' dir='ltr'><strong>τὰς</strong></span> <span class='ocrx_word' id='word_1_813' title='bbox 3189 5135 3480 5215; x_wconf 77' lang='grc' dir='ltr'>ἐξαγώνους</span> <span class='ocrx_word' id='word_1_814' title='bbox 3520 5138 3609 5194; x_wconf 88' lang='grc' dir='ltr'><strong>καὶ</strong></span> 
     </span>
    </p>
   </div>
   <div class='ocr_carea' id='block_1_113' title="bbox 1960 5215 3607 5298">
    <p class='ocr_par' dir='ltr' id='par_1_113' title="bbox 1960 5215 3607 5298">
     <span class='ocr_line' id='line_1_115' title="bbox 1960 5215 3607 5298; baseline 0.001 -27"><span class='ocrx_word' id='word_1_815' title='bbox 1960 5215 2257 5280; x_wconf 78' lang='grc' dir='ltr'>ἀντιθέτους</span> <span class='ocrx_word' id='word_1_816' title='bbox 2328 5216 2577 5298; x_wconf 80' lang='grc' dir='ltr'>σύριγγας</span> <span class='ocrx_word' id='word_1_817' title='bbox 2648 5215 3007 5298; x_wconf 78' lang='grc' dir='ltr'>ἐξυφαίνουσα,</span> <span class='ocrx_word' id='word_1_818' title='bbox 3077 5217 3165 5272; x_wconf 82' lang='grc' dir='ltr'><strong>καὶ</strong></span> <span class='ocrx_word' id='word_1_819' title='bbox 3245 5218 3365 5298; x_wconf 25' lang='grc' dir='ltr'>τὰς-</span> <span class='ocrx_word' id='word_1_820' title='bbox 3411 5216 3607 5279; x_wconf 68' lang='grc' dir='ltr'>εὔθείας</span> 
     </span>
    </p>
   </div>
   <div class='ocr_carea' id='block_1_114' title="bbox 1960 5295 3609 5377">
    <p class='ocr_par' dir='ltr' id='par_1_114' title="bbox 1960 5295 3609 5377">
     <span class='ocr_line' id='line_1_116' title="bbox 1960 5295 3609 5377; baseline 0.002 -26"><span class='ocrx_word' id='word_1_821' title='bbox 1960 5308 2083 5377; x_wconf 71' lang='grc' dir='ltr'>τατς</span> <span class='ocrx_word' id='word_1_822' title='bbox 2105 5372 2118 5377; x_wconf 75' lang='lat'><strong>_</strong></span> <span class='ocrx_word' id='word_1_823' title='bbox 2143 5300 2357 5377; x_wconf 85' lang='grc' dir='ltr'>γωνίαις</span> <span class='ocrx_word' id='word_1_824' title='bbox 2416 5295 2814 5377; x_wconf 73' lang='grc' dir='ltr'>ἐπα).λᾷττουσα</span> <span class='ocrx_word' id='word_1_825' title='bbox 2870 5297 3021 5377; x_wconf 76' lang='grc' dir='ltr'>ἔργον</span> <span class='ocrx_word' id='word_1_826' title='bbox 3069 5298 3203 5372; x_wconf 78' lang='grc' dir='ltr'>ὁμοῦ</span> <span class='ocrx_word' id='word_1_827' title='bbox 3228 5295 3475 5377; x_wconf 15' lang='grc' dir='ltr'>,κάλλους</span> <span class='ocrx_word' id='word_1_828' title='bbox 3521 5299 3609 5354; x_wconf 84' lang='grc' dir='ltr'>καὶ</span> 
     </span>
    </p>
   </div>
   <div class='ocr_carea' id='block_1_115' title="bbox 1961 5372 3605 5455">
    <p class='ocr_par' dir='ltr' id='par_1_115' title="bbox 1961 5372 3605 5455">
     <span class='ocr_line' id='line_1_117' title="bbox 1961 5372 3605 5455; baseline 0 -24"><span class='ocrx_word' id='word_1_829' title='bbox 1961 5372 2249 5455; x_wconf 73' lang='grc' dir='ltr'>ἀσφαλείας</span> <span class='ocrx_word' id='word_1_830' title='bbox 2285 5392 2299 5405; x_wconf 86' lang='grc'>⁶</span> <span class='ocrx_word' id='word_1_831' title='bbox 2330 5377 2365 5441; x_wconf 75' lang='grc' dir='ltr'>ἡ</span> <span class='ocrx_word' id='word_1_832' title='bbox 2421 5374 2477 5432; x_wconf 69' lang='grc' dir='ltr'>δὲ</span> <span class='ocrx_word' id='word_1_833' title='bbox 2531 5375 2651 5453; x_wconf 77' lang='grc' dir='ltr'>μέλι</span> <span class='ocrx_word' id='word_1_834' title='bbox 2703 5390 2825 5442; x_wconf 70' lang='grc' dir='ltr'>ταῖς</span> <span class='ocrx_word' id='word_1_835' title='bbox 2878 5372 3173 5446; x_wconf 78' lang='grc' dir='ltr'>ἀποθήκαις</span> <span class='ocrx_word' id='word_1_836' title='bbox 3224 5375 3605 5452; x_wconf 77' lang='grc' dir='ltr'>ἐναποτίθεται,</span> 
     </span>
    </p>
   </div>
   <div class='ocr_carea' id='block_1_116' title="bbox 1960 5455 3604 5537">
    <p class='ocr_par' dir='ltr' id='par_1_116' title="bbox 1960 5455 3604 5537">
     <span class='ocr_line' id='line_1_118' title="bbox 1960 5455 3604 5537; baseline 0.002 -25"><span class='ocrx_word' id='word_1_837' title='bbox 1960 5455 2049 5512; x_wconf 86' lang='grc' dir='ltr'><strong>καὶ</strong></span> <span class='ocrx_word' id='word_1_838' title='bbox 2067 5470 2312 5537; x_wconf 44' lang='grc' dir='ltr'>γεωργεῖ</span> <span class='ocrx_word' id='word_1_839' title='bbox 2339 5462 2417 5531; x_wconf 82' lang='grc' dir='ltr'>τῷ</span> <span class='ocrx_word' id='word_1_840' title='bbox 2445 5455 2697 5528; x_wconf 83' lang='grc' dir='ltr'>ξενίζοντι</span> <span class='ocrx_word' id='word_1_841' title='bbox 2746 5460 2949 5537; x_wconf 79' lang='grc' dir='ltr'>καρπὸν</span> <span class='ocrx_word' id='word_1_842' title='bbox 2992 5456 3185 5537; x_wconf 81' lang='grc' dir='ltr'>γλυκὸν</span> <span class='ocrx_word' id='word_1_843' title='bbox 3212 5457 3301 5513; x_wconf 79' lang='grc' dir='ltr'><strong>καὶ</strong></span> <span class='ocrx_word' id='word_1_844' title='bbox 3328 5457 3604 5536; x_wconf 76' lang='grc' dir='ltr'>ἀνήροτον.</span> 
     </span>
    </p>
   </div>
   <div class='ocr_carea' id='block_1_117' title="bbox 2047 5532 3605 5613">
    <p class='ocr_par' dir='ltr' id='par_1_117' title="bbox 2047 5532 3605 5613">
     <span class='ocr_line' id='line_1_119' title="bbox 2047 5532 3605 5613; baseline -0.001 -19"><span class='ocrx_word' id='word_1_845' title='bbox 2047 5532 2121 5608; x_wconf 76' lang='grc'><strong>(5)</strong></span> <span class='ocrx_word' id='word_1_846' title='bbox 2160 5532 2442 5613; x_wconf 37' lang='grc' dir='ltr'>ι-ξΐούτους</span> <span class='ocrx_word' id='word_1_847' title='bbox 2476 5538 2589 5598; x_wconf 79' lang='grc' dir='ltr'>οὖν.</span> <span class='ocrx_word' id='word_1_848' title='bbox 2623 5560 2652 5593; x_wconf 69' lang='grc' dir='ltr'><strong><em>ι</em></strong></span> <span class='ocrx_word' id='word_1_849' title='bbox 2705 5532 2836 5601; x_wconf 81' lang='grc' dir='ltr'>Τοὺς</span> <span class='ocrx_word' id='word_1_850' title='bbox 2883 5532 3301 5613; x_wconf 81' lang='grc' dir='ltr'>ἐκμιμουμένους</span> <span class='ocrx_word' id='word_1_851' title='bbox 3348 5532 3442 5601; x_wconf 82' lang='grc' dir='ltr'><strong>τας</strong></span> <span class='ocrx_word' id='word_1_852' title='bbox 3500 5559 3605 5613; x_wconf 86' lang='grc' dir='ltr'>με-</span> 
     </span>
    </p>
   </div>
   <div class='ocr_carea' id='block_1_118' title="bbox 1959 5612 3600 5697">
    <p class='ocr_par' dir='ltr' id='par_1_118' title="bbox 1959 5612 3600 5697">
     <span class='ocr_line' id='line_1_120' title="bbox 1959 5612 3600 5697; baseline 0.007 -28"><span class='ocrx_word' id='word_1_853' title='bbox 1959 5612 2166 5697; x_wconf 78' lang='grc' dir='ltr'>λίσσας.</span> <span class='ocrx_word' id='word_1_854' title='bbox 2201 5612 2335 5697; x_wconf 89' lang='lat' dir='ltr'><strong>_Nisi</strong></span> <span class='ocrx_word' id='word_1_855' title='bbox 2366 5615 2515 5677; x_wconf 88' lang='lat' dir='ltr'><strong>forte</strong></span> <span class='ocrx_word' id='word_1_856' title='bbox 2545 5616 2710 5678; x_wconf 91' lang='lat' dir='ltr'><strong>malit</strong></span> <span class='ocrx_word' id='word_1_857' title='bbox 2738 5617 2871 5697; x_wconf 92' lang='lat' dir='ltr'><strong>quis</strong></span> <span class='ocrx_word' id='word_1_858' title='bbox 2918 5612 3115 5694; x_wconf 81' lang='lat' dir='ltr'><strong>legere</strong></span> <span class='ocrx_word' id='word_1_859' title='bbox 3167 5617 3380 5697; x_wconf 72' lang='grc' dir='ltr'>ταύτας,</span> <span class='ocrx_word' id='word_1_860' title='bbox 3412 5623 3470 5678; x_wconf 89' lang='lat' dir='ltr'><strong>et</strong></span> <span class='ocrx_word' id='word_1_861' title='bbox 3500 5612 3600 5681; x_wconf 84' lang='lat' dir='ltr'><strong>re-</strong></span> 
     </span>
    </p>
   </div>
   <div class='ocr_carea' id='block_1_119' title="bbox 1960 5693 3402 5775">
    <p class='ocr_par' dir='ltr' id='par_1_119' title="bbox 1960 5693 3402 5775">
     <span class='ocr_line' id='line_1_121' title="bbox 1960 5693 3402 5775; baseline 0.002 -20"><span class='ocrx_word' id='word_1_862' title='bbox 1960 5693 2116 5775; x_wconf 77' lang='lat' dir='ltr'><strong>ferre</strong></span> <span class='ocrx_word' id='word_1_863' title='bbox 2146 5694 2218 5775; x_wconf 85' lang='lat' dir='ltr'><strong>ad</strong></span> <span class='ocrx_word' id='word_1_864' title='bbox 2249 5713 2395 5775; x_wconf 89' lang='lat' dir='ltr'><strong>apes</strong></span> <span class='ocrx_word' id='word_1_865' title='bbox 2447 5697 2646 5760; x_wconf 86' lang='lat' dir='ltr'><strong>Codex</strong></span> <span class='ocrx_word' id='word_1_866' title='bbox 2676 5693 2929 5775; x_wconf 85' lang='lat' dir='ltr'><strong>uterque</strong></span> <span class='ocrx_word' id='word_1_867' title='bbox 2955 5693 3169 5761; x_wconf 65' lang='grc' dir='ltr'>τούτους</span> <span class='ocrx_word' id='word_1_868' title='bbox 3200 5694 3402 5758; x_wconf 84' lang='lat' dir='ltr'><strong>habet.</strong></span> 
     </span>
    </p>
   </div>
   <div class='ocr_carea' id='block_1_120' title="bbox 2041 5772 3014 5858">
    <p class='ocr_par' dir='ltr' id='par_1_120' title="bbox 2041 5772 3014 5858">
     <span class='ocr_line' id='line_1_122' title="bbox 2041 5772 3014 5858; baseline 0 -21"><span class='ocrx_word' id='word_1_869' title='bbox 2041 5773 2122 5853; x_wconf 84' lang='grc'><strong>(6)</strong></span> <span class='ocrx_word' id='word_1_870' title='bbox 2152 5772 2424 5839; x_wconf 76' lang='grc' dir='ltr'>Ἐνταῦθα.</span> <span class='ocrx_word' id='word_1_871' title='bbox 2463 5800 2491 5832; x_wconf 75' lang='grc' dir='ltr'><strong>ο</strong></span> <span class='ocrx_word' id='word_1_872' title='bbox 2526 5775 2615 5836; x_wconf 85' lang='grc' dir='ltr'>Ἐν</span> <span class='ocrx_word' id='word_1_873' title='bbox 2645 5784 2711 5858; x_wconf 74' lang='grc' dir='ltr'>τῇ</span> <span class='ocrx_word' id='word_1_874' title='bbox 2737 5772 3014 5853; x_wconf 74' lang='grc' dir='ltr'>ἐκκλησίᾳ.</span> 
     </span>
    </p>
   </div>
  </div>
