4156 6392
204 430 365 513 παρ

198 571 345 639 iam
375 576 564 637 ἔλαϐεν

199 669 367 750 ἡμέρᾳ
400 688 414 704 ⁸
465 668 685 730 ἐκεῖνος
742 666 1023 746 τριάκοντα
1070 665 1159 721 καὶ
1202 663 1343 720 ὀκτὼ
1398 660 1493 728 ’ἐτη
1523 660 1764 750 εἶχενέν
1796 665 1864 736 τῇ

204 749 437 833 ἀσθενείᾳ
500 780 517 795 ’
591 758 710 837 περὶ
782 755 969 814 τούτου
1041 753 1095 810 δὲ
1164 750 1309 809 οὐδὲν
1378 757 1586 808 τοιοῦτο
1639 749 1783 828 λέγει
1835 750 1863 804 6

202 848 584 928 εόαγγελιστής
620 866 636 881 ο
663 846 921 908 κάκεῖνος
980 843 1076 921 μὲν
1120 842 1174 901 ἒν
1207 838 1807 928 Σαϐϐάτῳῗὲθεραπεύθη
1842 857 1855 870 ⁸

212 940 365 1001 αὖτος
412 935 468 993 δὲ
511 937 565 993 ἐν
616 933 755 1013 ἄλλῃ
806 932 1000 1013 ἡμέρᾳ.
1050 934 1110 990 Ei
1152 932 1252 1011 γὰρ
1295 930 1347 988 ἐν
1384 927 1641 1002 Σαϐϐάτῳ
1675 927 1858 1005 ἐθερα-

213 1028 375 1094 πεύθη
405 1026 490 1083 καὶ
540 1028 714 1097 οὗτος,
768 1027 864 1082 οὐκ
906 1021 969 1078 ἂν
1016 1020 1394 1101 παρεσιώπησε
1449 1024 1602 1076 τοῦτο
1638 1019 1666 1074 6
1696 1021 1860 1094 εὐαγ-

206 1115 488 1195 ’γελιστὴς,
522 1111 627 1171 οὔδ’
660 1111 720 1170 ἂν
779 1114 827 1168 οἱ
884 1102 1128 1167 Ἰουδαῖοι
1180 1110 1485 1189 ἢούχασαν,
1541 1108 1703 1170 Οὗτος
1762 1105 1860 1182 μὲν

217 1193 245 1263 6
313 1202 612 1285 παράλυτος
681 1202 813 1281 πρὸς
873 1201 964 1256 τὸν
1032 1200 1259 1279 Χριστὸν
1327 1195 1537 1277 φέρεται
1594 1193 1861 1272 βασταζό-

215 1313 373 1369 μενος
429 1305 442 1322 ⁸
505 1293 636 1371 πρὸς
692 1289 896 1347 ἐκεῖνον
952 1285 1007 1344 δὲ
1059 1289 1213 1350 αύτὸς
1270 1287 1298 1343 6
1350 1285 1574 1365 Χριστὸς
1627 1285 1859 1364 παραγί-

216 1408 361 1443 νεται
397 1401 410 1416 ⁸
444 1385 670 1459 κάκείνῳ
699 1384 795 1462 μὲν
822 1388 901 1458 τῷ
926 1380 1213 1462 παραλύτῬ
1249 1378 1413 1443 οὒδεὶς
1453 1379 1518 1448 ἧν
1549 1380 1577 1436 6
1627 1379 1906 1455 βοηθήσων
1960 1380 2021 1463 (α
2078 1382 2259 1462 Κύριε,
2320 1384 2443 1463 γέσρ,
2502 1381 2706 1463 ἔλεγε-ν,

1682 416 2125 501 ὀΜΤΤΟΝΕδ

608 594 624 610 ’
668 580 825 642 ὀὗτος
871 574 927 632 δὲ
981 578 1075 634 οὒκ
1122 573 1177 632 ἐν
1217 573 1398 653 ἑορτῇ,
1451 565 1570 629 ἀλλ’
1621 570 1676 628 ἑν
1719 565 1875 647 ἄλλῃ,

1967 569 2134 631 actus
2158 584 2248 641 es,
2265 567 2390 648 jam
2402 565 2525 630 noli
2544 584 2815 649 peccare.
2831 567 2977 632 nHic
2989 574 3191 632 autem
3207 584 3328 631 non
3344 568 3455 633 sic.
3472 566 3596 634 Sed

3449 435 3605 504 1250

1946 657 2114 739 prius
2145 656 2323 737 hujus
2352 656 2608 721 animam
2629 657 2855 720 curavit
2874 658 3090 720 dicens
3117 675 3131 721 :
3156 682 3184 714 α
3206 657 3603 721 Dimittuntur

1945 745 2053 808 tibi
2086 754 2337 827 peccata
2358 754 2488 824 tua;
2516 772 2543 805 »
2572 755 2630 810 et
2651 754 2795 809 tunc
2811 747 3079 830 corporis
3102 747 3399 829 paralysis
3427 749 3600 812 abiit.

1943 838 2021 897 Et
2049 835 2124 898 de
2154 836 2268 897 hoc
2301 836 2545 918 quidem
2582 835 2906 918 paralytico
2939 837 3238 900 siluerunt
3286 835 3515 901 Scribae
3546 845 3606 901 et

1941 922 2227 986 Pharisaei
2262 944 2277 1001 ;
2308 924 2471 988 illius
2498 943 2640 988 vero
2677 943 2881 999 causa,
2917 926 3222 1006 persecuti
3252 937 3394 989 sunt
3423 926 3602 989 Chri-

1945 1020 2124 1087 stum,
2160 1023 2220 1074 et
2268 1031 2645 1077 murmurare
2698 1022 2758 1076 et
2806 1031 3191 1077 accusavere.
3224 1015 3393 1078 Alter
3422 1016 3607 1096 igitur

1943 1109 2034 1164 est
2061 1101 2157 1162 hic
2186 1102 2566 1182 paralyticus,
2590 1109 2648 1164 et
2670 1102 2824 1165 alter
2845 1102 2972 1179 ille,
2997 1111 3063 1164 ut
3094 1122 3164 1165 ex
3196 1103 3290 1167 his
3323 1103 3606 1166 omnibus

1944 1189 2266 1253 evidenter
2291 1198 2349 1253 et
2382 1191 2700 1255 manifeste
2726 1191 3193 1256 demonstratur.
3220 1217 3248 1250 α
3281 1192 3354 1256 Et
3384 1193 3606 1257 videns

1945 1279 2114 1343 Iesus
2145 1278 2325 1342 ﬁdem
2357 1279 2624 1342 illorum.
2657 1279 2808 1390 dixit
2840 1281 3193 1362 paralytico.
3234 1307 3263 1339 »

2800 1388 3083 1465 Ανθρωπον
3144 1385 3239 1443 οὒκ
3295 1383 3411 1467 ἔχω
3470 1402 3487 1420 ·
3546 1383 3606 1467 π)

215 1484 367 1545 οὗτος
397 1476 452 1537 δὲ
490 1479 719 1543 πολλοὺς
768 1479 898 1560 εἶχε
945 1478 1067 1540 τοὺς
1114 1477 1504 1557 προσήκοντας,
1559 1471 1756 1538 οἵτινες
1812 1478 1900 1534 καὶ
1954 1476 2303 1555 βαστάζοντες
2364 1478 2520 1533 αὺτὸν
2571 1473 2796 1557 ἕφερον.’
2833 1474 3000 1535 Ἀλλὰ
3046 1478 3134 1535 καὶ
3190 1479 3252 1535 τὸ
3296 1484 3396 1546 τῆς
3447 1480 3608 1560 θερα-

218 1574 368 1638 πείας
444 1573 497 1631 ἐν
556 1570 821 1652 ἑκατέροις
897 1568 1343 1651 παρηλλαγμένον
1390 1569 1647 1648 φαίνεται,
1704 1565 1937 1627 Ἐκείνου
1998 1572 2095 1647 μὲν
2187 1571 2248 1628 τὸ
2331 1577 2513 1652 σῶμα..
2575 1573 2676 1650 πρὸ
2738 1576 2837 1639 τῆς
2907 1576 3091 1652 ψυχῆς
3165 1571 3507 1651 ἐθεράπευσεν
3577 1573 3606 1629 6

220 1668 445 1748 Χριστὸς
494 1682 508 1697 ⁸
569 1665 667 1733 τὴν
713 1638 841 1744 ’γὰρ
895 1638 1197 1744 παράλυσιν·
1253 1638 1415 1719 αὐτού
1467 1658 1682 1741 σφίγξας
1746 1663 1887 1744 (11),
1948 1638 2069 1720 τότε
2148 1660 2350 1742 ἔλεγεν.
2413 1638 2441 1719 ἒ
2487 1638 2584 1720 ’,Ιδε
2619 1638 2784 1743 ’ὑγιὴς
2850 1638 3096 1745 γέγονας,
3154 1638 3358 1742 μηκήτι
3434 1665 3609 1744 ἀμάρ-

526 1756 541 1778 9
686 1760 710 1780 γ
853 1750 900 1791 «λ
991 1756 1009 1793 ρ
1166 1755 1193 1778 η
1360 1770 1375 1785 ,
1547 1757 1560 1775 κ
1999 1759 2010 1773 ι
2256 1758 2270 1778 \
2427 1759 2440 1779 9
2513 1767 2539 1777 ι.-
2612 1759 2626 1779 ν
2918 1759 2933 1781 τ
2991 1759 3006 1780 κ
3165 1755 3179 1779 ν
3280 1757 3291 1776 ι

220 1781 369 1821 τανε.
435 1783 463 1815 ι
545 1760 777 1816 Ενταυθα
849 1777 903 1817 0:.
961 1774 1066 1837 οδχ
1134 1778 1301 1820 ουτως
1437 1754 1575 1812 ἄλλα
1659 1756 1908 1837 πρότερον
1959 1779 2058 1824 την
2131 1762 2315 1837 ψυχην
2386 1779 2544 1816 αυτου
2615 1758 2821 1830 ιάσατο,
2892 1779 3079 1838 ειπων,
3184 1758 3457 1838 Αφεωνταί
3526 1780 3609 1816 σοι

223 1856 276 1910 αἱ
305 1852 552 1931 ἁμαρτίαι
608 1873 724 1925 σου,
777 1850 866 1908 καὶ
898 1851 1031 1908 ’τότε
1079 1851 1181 1917 τὴν
1228 1848 1518 1928 παράλυσιν
1564 1856 1658 1907 τοῦ
1707 1849 1957 1926 σώματος
1997 1849 2338 1929 διορθώσατο,
2414 1850 2514 1907 Καὶ
2586 1848 2670 1907 ἐπὶ
2738 1852 2923 1908 τούτου
2993 1851 3087 1927 μὲν
3148 1856 3241 1907 τοῦ
3307 1849 3611 1931 παραλύτου

212 1948 273 2005 pol
338 1948 684 2024 Τραμματεϊς
753 1944 843 2000 καὶ
911 1944 960 1999 οἱ
1027 1948 1311 2021 Φαρισαῖοι
1379 1941 1631 2020 ἐσίγησαν
1691 1960 1709 1980 ’
1783 1940 1870 1999 ἐπ’
1925 1941 2123 2000 ἐκείνου
2181 1942 2235 2000 δὲ
2292 1944 2550 2005 ἐνέκειντο
2606 1945 2909 2021 διώκοντες,
2976 1948 3065 2003 καὶ
3127 1945 3475 2025 γογγύζοντες
3522 1947 3611 2003 καὶ

222 2038 662 2116 κατηγορῶντες.
728 2033 902 2098 Αλλος
958 2033 1047 2090 οὖν
1097 2033 1234 2090 ἐστὶν
1286 2034 1315 2089 6
1361 2032 1657 2112 παράλυτος
1726 2037 1903 2115 οὗτος,
1953 2036 2042 2092 καὶ
2098 2035 2258 2100 ἄλλος
2316 2036 2546 2119 ἐκεῖνος,
2605 2041 2679 2102 ὡς
2738 2038 2845 2095 ἀπὸ
2904 2038 3102 2096 τούτων
3159 2037 3374 2097 πάντων
3430 2044 3612 2120 σαφῶς

225 2132 313 2189 καὶ
338 2132 578 2209 καθαρῶς
612 2126 989 2188 ἐποδέδεικται.
1026 2146 1057 2188 (
1091 2128 1187 2185 Kol
1215 2124 1336 2184 ἰδὼν
1366 2129 1395 2184 6
1423 2123 1628 2193 Ἰησοῦς
1656 2128 1756 2196 τὴν
1786 2129 1964 2184 πίστιν
1994 2131 2188 2205 αὐτῶν,
2222 2131 2349 2188 εἴτε
2378 2139 2455 2207 τῷ
2480 2131 2839 2212 τθραλυτιγῷ.
2878 2153 2904 2188 ι

313 2224 486 2291 Δεκτὴ
545 2221 711 2287 ὅντως
756 2221 975 2301 γέγονεν
1022 2222 1057 2290 ἡ
1113 2226 1221 2277 τῶν
1274 2220 1670 2301 προσελθόντων
1743 2223 1875 2299 μετᾶ

2039 2224 2390 2306 Opportuna
2406 2244 2545 2288 vere
2569 2233 2699 2289 erat
2724 2243 2964 2307 eorum,
2996 2224 3098 2306 qui
3127 2243 3263 2288 cum
3292 2224 3612 2306 paralytico

225 2320 320 2373 τοῦ
370 2310 670 2392 παραλύτου
722 2312 896 2375 πίστις
966 2312 1098 2390 πρὸς
1163 2311 1256 2369 τὸν
1308 2311 1501 2389 ἀγαθὸν
1556 2311 1733 2391 ἰατρόν
1786 2312 1875 2368 καὶ

1967 2321 2358 2390 accesserant,
2395 2314 2543 2378 ﬁdes
2577 2315 2640 2377 in
2672 2315 2897 2391 bonum
2931 2312 3231 2376 medicum
3268 2323 3326 2375 et
3343 2312 3613 2377 Salvato-

228 2394 455 2481 Σωτῆρα
523 2403 702 2477 ἡμῶν,
769 2401 860 2456 τὸν
930 2398 1193 2477 βλέποντα
1258 2399 1354 2461 τὰς
1409 2398 1621 2479 καρδίας
1677 2403 1871 2459 αὐτῶν.

1967 2420 2084 2465 rem
2099 2411 2393 2480 nostrum,
2414 2403 2754 2468 intuentem
2776 2403 2959 2466 corda
2982 2410 3206 2466 nostra.
3230 2402 3481 2476 Quidam
3505 2421 3612 2466 au-

231 2494 380 2555 Τινὲς
408 2490 462 2548 δὲ
508 2490 772 2572 λέγουσιν,
824 2489 905 2546 ὅτι
952 2490 1273 2583 τηνᾳπίστιν
1319 2490 1587 2583 ὁνΚύριος
1636 2489 1749 2547 εἶδε
1773 2497 1875 2583 τῷν

1967 2500 2083 2583 tem
2096 2491 2300 2554 dicunt
2316 2492 2633 2555 Dominum
2652 2494 2872 2583 vidisse
2898 2492 3079 2583 ﬁdem
3103 2510 3320 2583 eorum
3335 2491 3437 2583 qui
3451 2510 3620 2583 para-

234 2581 590 2660 κομισάντων,
624 2579 682 2636 οὒ
718 2588 812 2638 τοῦ
857 2576 1309 2660 παραλελυμένοι).
1363 2576 1507 2636 Ἐστι
1589 2580 1711 2660 γὰρ,
1795 2578 1875 2636 ὅτε

1967 2580 2209 2660 lyticum
2268 2583 2611 2658 attulerant,
2669 2600 2797 2664 non
2843 2581 3036 2663 ipsius
3079 2581 3408 2662 paralytici.
3457 2580 3618 2645 Fieri

233 2673 325 2729 καὶ
393 2668 571 2734 ἄλλοις
641 2666 708 2725 δι’
774 2665 948 2726 ἄλλων
1009 2669 1184 2726 πίστιν
1247 2669 1609 2749 θεραπεύεται,
1670 2671 1744 2733 ὡς
1799 2669 1875 2726 ἐπῖ

1967 2669 2129 2732 enim
2162 2676 2355 2752 potest
2385 2679 2447 2733 ut
2476 2671 2580 2733 alii
2625 2689 2734 2753 per
2779 2671 3034 2733 aliorum
3086 2669 3265 2733 ﬁdem
3300 2678 3613 2747 sanentur,

171 2750 183 2763 ’
237 2769 330 2820 τοῦ
397 2759 762 2837 βαπτίσματος
833 2764 925 2814 τοῦ
994 2755 1263 2833 διδομένου
1332 2770 1451 2821 τοῖς
1512 2755 1762 2821 παιδίοις.
1823 2749 1875 2815 ’Β

1970 2766 2034 2820 ut
2082 2749 2553 2840 in'baptismate
2601 2749 2868 2843 parvulis
2913 2760 3051 2822 dato
3101 2769 3398 2840 apparet:
3464 2759 3617 2823 ﬁdes

240 2849 340 2928 γὰρ
395 2852 500 2904 τῶν
557 2846 934 2926 προσαγόντων
1004 2845 1203 2924 γονέων
1262 2846 1435 2909 πίστις
1493 2844 1698 2925 ἐνεργεῖ
1743 2861 1757 2876 ⁸
1814 2848 1875 2909 ὡς

1970 2849 2131 2911 enim
2183 2857 2492 2930 parentum
2546 2851 2650 2932 qui
2696 2868 2799 2912 eos
2846 2850 3126 2924 atferunt,
3181 2854 3514 2929 Operatur;
3553 2856 3621 2912 ut

237 2937 326 2994 καὶ
383 2935 469 2993 ἐπὶ
520 2940 621 3002 τῆς
689 2935 985 3000 Χαναναίας
1046 2953 1063 2971 ·
1125 2935 1481 3002 πιστευσάσης
1536 2936 1637 3014 γὰρ
1692 2935 1875 3015 αὐτῆς1

1968 2935 2151 3000 etiam
2182 2937 2245 3000 in
2275 2941 2614 3003 Chananaaa
2642 2947 2928 3020 apparet:
2965 2938 3105 3020 quia
3135 2937 3298 2999 enim
3332 2936 3616 3012 credidit,

238 3027 274 3095 ἡ
347 3026 579 3106 θυγάτηρ
650 3025 1017 3106 ἐγεραπεύετο.
1081 3027 1182 3083 Καὶ
1236 3035 1330 3084 τοῦ
1383 3025 1775 3105 ἑκατοντάρχου
1831 3023 1875 3081 δὲ

1969 3025 2444 3107 ejusﬁliasanata
2459 3038 2567 3092 est.
2596 3028 2823 3109 thuia
2844 3028 3118 3090 centurio
3147 3026 3436 3103 credidit,
3472 3044 3624 3108 puer

238 3115 641 3191 πιστεύσαντος,
712 3117 740 3171 6
794 3127 926 3178 παῖς
983 3112 1179 3170 ἐκείνου
1235 3112 1502 3174 ἀνίστατο.
1561 3110 1740 3177 Οὕτως
1798 3111 1875 3170 οὗκ

1970 3115 2100 3195 ejus
2120 3117 2470 3182 resurrexit.
2503 3116 2592 3180 Ita
2617 3116 2800 3197 igitur
2827 3116 3039 3179 dicunt
3091 3122 3149 3177 et
3206 3123 3347 3178 tunc
3378 3122 3624 3197 propter

239 3201 449 3282 λέγουσι
506 3205 594 3260 καὶ
663 3202 882 3258 ἐνταῦθα
945 3200 1030 3258 διὰ
1092 3202 1192 3270 τὴν
1259 3208 1367 3258 τῶν
1424 3200 1875 3280 προσενεγκάντων

1969 3220 2175 3266 eorum
2203 3207 2306 3286 qui
2323 3223 2457 3268 eunt.
2481 3206 2804 3269 attulerant
2826 3206 3031 3286 ﬁdem,
3050 3204 3627 3286 paralyticumsana-

234 3293 413 3367 "ttid’tw
460 3293 552 3348 τὸν
595 3289 893 3371 παράλυτον
943 3292 1151 3359 ἰαθῆναι
1185 3307 1199 3321 ·
1235 3288 1353 3346 ἀλλ’
1403 3291 1498 3347 οὐκ
1550 3287 1660 3346 ἔστι
1705 3297 1875 3354 τοῦτο.

1970 3299 2094 3355 tum
2126 3312 2280 3359 esse.
2316 3294 2430 3358 Sed
2463 3314 2580 3357 non
2608 3294 2690 3357 ita
2718 3314 2784 3357 se
2815 3294 3019 3357 habet.
3059 3318 3087 3351 α
3122 3293 3373 3369 Videns,
3401 3292 3620 3375 inquit,

242 3376 386 3439 Ἰδὼν
443 3380 565 3462 γὰρ,
624 3378 773 3462 ιρησὶ,
845 3378 943 3448 τὴν
995 3380 1170 3437 πίστιν
1224 3379 1419 3454 αὐτῶν,
1472 3378 1532 3437 οὒ
1575 3385 1683 3437 τῶν
1718 3401 1875 3460 προσ·⁴

1970 3382 2155 3447 ﬁdem
2183 3382 2413 3460 eorum,
2442 3408 2471 3441 π
2498 3402 2617 3446 non
2642 3392 2870 3446 tantum
2898 3400 3105 3454 eorum
3129 3383 3232 3464 qui
3262 3401 3399 3445 eum
3423 3383 3620 3445 addu-

243 3470 479 3549 αγόντων
537 3471 718 3547 μόνον,
785 3467 921 3526 ἀλλὰ
974 3470 1062 3527 καὶ
1116 3476 1209 3528 τοῦ
1267 3468 1591 3550 παραλύτου.
1654 3470 1725 3528 Οὑ
1787 3470 1875 3550 ﬁt;

1970 3478 2202 3568 iterant,
2238 3472 2342 3536 sed
2376 3480 2436 3568 et
2463 3473 2794 3555 paralytici.
2828 3477 2977 3568 Non
2998 3473 3159 3535 enim
3192 3480 3437 3568 propter
3467 3473 3622 3536 alte-

245 3558 421 3639 ἑτέρου
488 3559 886 3640 πιστεύσαντος,
957 3558 1133 3639 ἕτερος
1203 3559 1425 3631 σώζεται
1494 3557 1647 3640 (12),
1706 3560 1751 3616 εἷ
1808 3559 1875 3635 μὶ

1970 3560 2098 3623 rius
2127 3561 2331 3636 ﬁdem,
2366 3563 2516 3625 alter
2544 3570 2839 3638 servatur,
2864 3562 2977 3624 nisi
3000 3569 3172 3623 aetate
3196 3561 3534 3638 immatara,
3559 3571 3626 3625 ut

246 3644 330 3703 διὰ
384 3645 595 3717 ἡλικίαν
643 3645 834 3729 ἄωρον,
896 3650 970 3712 ὡς
1026 3646 1111 3706 ἐπὶ
1164 3654 1271 3705 τῶν
1318 3646 1516 3706 παίδων
1566 3649 1740 3712 καθὼς
1796 3646 1875 3703 εἵ-

1970 3657 2109 3712 sunt
2134 3650 2329 3731 pueri,
2358 3650 2865 3732 quemadmodum
2897 3650 3186 3728 diximus,
3220 3657 3321 3713 aut
3347 3650 3410 3712 in
3440 3650 3626 3731 nimia

245 3757 439 3812 πομεν,
513 3736 550 3806 ἢ
620 3734 688 3794 δι’
752 3736 1019 3795 ἀσθένειαν
1075 3733 1524 3817 ὑπερϐάλλουσιν,
1582 3736 1705 3795 ὅταν
1758 3737 1875 3796 ὦσιι

1969 3738 2339 3815 inﬁrmitate,
2367 3739 2603 3820 quando
2647 3747 2843 3802 mente
2868 3739 3110 3803 destitui
3135 3740 3392 3820 suntqui
3415 3740 3623 3803 morbo

244 3823 582 3893 ἒξεστηκὸτες
665 3827 713 3883 οἱ
792 3825 1145 3907 κατεχόμενοι
1227 3827 1329 3883 ὑπὸ
1397 3834 1491 3884 τοῦ
1557 3828 1875 3906 νοσήματος1

1972 3829 2335 3901 detinentur,
2361 3838 2542 3911 atque
2571 3829 2707 3892 ideo
2741 3836 3050 3909 nequeunt
3078 3828 3258 3890 ﬁdem
3287 3827 3535 3906 habere,
3560 3836 3628 3893 ut

191 3914 331 3971 ’καὶ
419 3911 504 3970 διὰ
591 3920 745 3972 τοῦτο
826 3914 1090 3979 ἆδυνὰτως
1160 3912 1330 3995 ἔχωσι
1399 3924 1723 3991 πιστεῦσαι,
1814 3915 1875 3978 ὡς

1972 3924 2099 3979 erat
2127 3916 2250 3978 ﬁlia
2281 3916 2648 3980 Chananaem.
2680 3942 2709 3975 α
2733 3917 2887 3982 Filia
2910 3935 3065 3993 mea,
3088 3915 3285 3997 inquit
3304 3918 3627 3995 hzec,male

240 4000 328 4059 ἐπὶ
394 4007 494 4071 τῆς
562 4003 813 4083 θυγατρὸς
883 4008 988 4070 τῆσ
1057 3993 1377 4067 Χαναναίας.
1445 4022 1471 4060 α
1535 3993 1598 4061 Ἠ
1656 4002 1875 4083 θυγάτηρ

1971 4024 2008 4068 a
2038 4005 2332 4067 daemonio
2385 4014 2717 4088 torquetur,
2766 4014 2825 4068 et
2870 4005 3048 4068 modo
3097 3993 3258 4068 cadit
3289 4004 3349 4068 in
3381 3993 3624 4088 aquam,

243 4113 365 4169 μου,
438 4088 620 4171 ’ἔλεγεν
689 4090 883 4166 ἐκείνη,
939 4098 1118 4156 κακῶς
1179 4088 1552 4169 δαιμονίζεται,
1612 4093 1701 4149 καὶ
1756 4090 1875 4175 ποτέ

1973 4095 2148 4156 modo
2175 4093 2238 4155 in
2268 4094 2489 4175 ignem.
2523 4119 2551 4152 ι
2583 4094 2723 4168 Quae
2754 4100 2954 4158 autem
2974 4112 3008 4155 a
3036 4093 3329 4156 daemonio
3356 4102 3624 4173 vexatur,

245 4181 345 4258 μὲν
398 4180 579 4237 πίπτει
637 4182 709 4246 εἷς
763 4182 825 4239 τὸ
871 4178 1007 4260 ὕδωρ
1049 4182 1181 4238 ποτὲ
1225 4178 1281 4237 δὲ
1324 4182 1397 4245 εἷς
1445 4183 1507 4240 τὸ
1554 4187 1680 4262 πῦρ.
1733 4203 1762 4237 ι
1823 4171 1875 4238 Ἦ

1971 4201 2169 4266 neque
2196 4171 2387 4265 ipsius
2436 4203 2683 4265 compos
2734 4201 2867 4246 esse
2915 4190 3109 4264 potest
3157 4202 3445 4265 unquam,
3478 4171 3628 4266 quo-

244 4266 301 4326 δὲ
369 4267 693 4347 δαιμονῶσα,
766 4272 852 4327 καὶ
923 4270 1001 4347 μὴ
1070 4269 1263 4339 ἑαυτῆς
1331 4268 1593 4348 δυναμένη
1651 4268 1875 4351 γενέσθαη

1976 4272 2152 4334 modo
2178 4281 2381 4352 posset
2407 4272 2587 4336 fidem
2620 4272 2841 4335 habere
2863 4273 2893 4334 ?
2913 4271 3206 4334 Similiter
3226 4280 3285 4333 et
3303 4274 3381 4336 de
3407 4281 3627 4336 centu-

244 4356 399 4436 ποτε,
456 4363 574 4424 πῶς
628 4357 689 4416 ἂν
756 4355 990 4429 ἠδυνήθη
1035 4367 1360 4441 πιστεῦσαι;
1411 4360 1609 4438 ὁμοίως
1665 4361 1754 4417 καὶ
1808 4357 1875 4415 ἐπ

1973 4362 2165 4425 rione.
2188 4361 2362 4425 Domi
2376 4380 2525 4443 puer
2546 4361 2705 4424 illius
2720 4359 2983 4442 jacebat,
3015 4378 3210 4441 neque
3232 4370 3478 4424 noverat
3495 4361 3631 4443 quis

243 4455 339 4504 τοῦ
379 4447 791 4529 ἑκατοντάρχου.
839 4445 930 4506 Ἐν
972 4453 1040 4526 τῇ
1086 4450 1221 4523 οἰκίᾳ
1268 4451 1297 4505 6
1349 4462 1480 4514 παῖς
1530 4447 1727 4506 ἐκείνου
1782 4444 1875 4504 ἔδει

1976 4457 2136 4513 esset
2165 4450 2460 4514 Christus.
2493 4450 2804 4524 Quomodo
2848 4448 3155 4511 debuisset
3185 4448 3247 4509 in
3279 4467 3414 4511 eum
3446 4468 3628 4530 quem

245 4533 438 4615 ϐλητο,
500 4538 588 4594 καὶ
639 4537 754 4595 οὐδὲ
803 4538 960 4600 αὐτὸς
1011 4533 1125 4614 ᾔδει
1166 4539 1256 4595 τὸν
1314 4541 1560 4617 Χριστὸν,
1624 4537 1769 4602 ὅστις
1824 4537 1875 4606 ἦν

1976 4538 2313 4620 ignorabat,
2344 4538 2525 4601 ﬁdem
2572 4538 2799 4600 habere
2831 4538 2846 4598 !
2902 4534 3106 4610 Quoad
3138 4536 3311 4614 tales,
3346 4537 3495 4600 alter
3523 4555 3635 4619 per

243 4646 399 4701 ποτε,
468 4632 590 4691 Πῶς
659 4626 747 4684 οὖν
803 4622 1021 4702 ἔμελλεν
1079 4627 1152 4690 εἷς
1204 4627 1293 4683 τὸν
1364 4627 1739 4707 ἀγνοούμενοιν
1795 4649 1875 4683 πι-

1976 4627 2221 4690 alterius
2239 4626 2418 4689 ﬁdem
2438 4628 2720 4689 salvetur.
2743 4624 2858 4688 Hic
2881 4633 3081 4687 autem
3105 4625 3257 4688 nihil
3284 4627 3381 4708 huj
3396 4626 3633 4689 usmodi

243 4716 445 4773 στεύειν
475 4721 505 4778 ?
552 4715 637 4773 ἐπὶ
687 4714 783 4793 μὲν
832 4714 920 4772 οὗν
970 4719 1076 4773 τῶν
1123 4715 1395 4791 τοιούτων,
1454 4717 1542 4773 καὶ
1595 4715 1770 4796 ἕτερος
1826 4712 1872 4770 δι

1975 4715 2095 4779 dici
2126 4721 2356 4797 potest;
2406 4715 2511 4778 sed
2544 4715 2905 4796 paralytgcus
2935 4713 3095 4777 haud
3125 4713 3310 4776 dubie
3344 4714 3625 4793 credidit,

244 4803 424 4885 ἑτέρου
480 4802 655 4862 πίστιν
710 4804 933 4877 σώζεται
997 4820 1012 4835 ⁸
1066 4804 1285 4862 ἐνταῦθα
1328 4801 1383 4860 δὲ
1431 4807 1526 4862 οὒκ
1575 4804 1686 4861 ἔστι
1736 4810 1875 4862 τοῦτ(

1978 4814 2037 4869 et
2062 4804 2122 4867 id
2155 4823 2227 4869 ex
2260 4804 2462 4878 multis
2521 4803 2905 4896 manifestum
2961 4811 3073 4896 est.
3108 4803 3313 4896 Cogita
3340 4811 3632 4896 quantum

246 4894 419 4951 εἰπεῖν
478 4909 493 4924 ⁹
554 4891 690 4952 ἀλλὰ
757 4896 845 4951 καὶ
911 4896 940 4951 6
1019 4892 1315 4974 παράλυτος
1385 4891 1711 4958 ἆδιττάκτως
1782 4891 1895 4949 ἐπι-

247 5003 457 5059 στευσε,
491 4979 615 5062 (13)
646 4982 734 5041 κᾶὶ
761 4990 914 5041 τοῦτο
957 4981 1117 5051 δῆλον
1161 4983 1268 5039 ἀπὸ
1310 4980 1547 5046 πολλῶν,
1583 4980 1890 5058 Ἐννόησον,

248 5068 375 5130 ὅσον
429 5072 587 5149 ἐστὶν,
649 5070 1011 5152 ἀρρωστοῦντα
1076 5094 1216 5148 τινα,
1278 5079 1510 5129 τοσαῦτα
1563 5075 1753 5129 παθεῖν
1807 5072 1896 5128 καὶ

247 5160 560 5243 ἀνέχεσθαι,
592 5162 911 5219 Γινώσκεται
959 5162 1192 5237 πάντως,
1247 5159 1327 5218 ὅτι
1374 5160 1517 5219 αῧτω
1568 5160 1895 5241 μικρόψυχοι

245 5251 339 5306 καὶ
385 5249 688 5331 δυσάρεστοί
744 5253 872 5308 εἰσιν
927 5254 975 5308 οἱ
1030 5257 1330 5332 νοσοῦντες,
1392 5253 1467 5315 ὡς
1521 5252 1610 5308 καὶ
1666 5249 1751 5307 ἐπὶ
1793 5253 1895 5317 τῆς

240 5338 428 5408 κλίνης
483 5342 577 5406 τὰς
645 5343 926 5421 θεραπεὶας
990 5338 1307 5399 ἆποδιώκειν
1391 5341 1480 5397 καὶ
1562 5338 1890 5419 δακρύεσθαι,

241 5429 336 5487 καὶ
372 5428 633 5499 πολλάκις
679 5432 923 5512 ἡγεϊςθαι
970 5430 1215 5510 κάλλιον,
1270 5430 1366 5495 τὰς
1417 5430 1524 5488 ἀπὸ
1568 5436 1675 5488 τῶν
1722 5451 1894 5498 νοση-

327 5617 383 5701 (1
396 5617 454 5701 l_)_
496 5632 527 5679 ι
554 5618 806 5701 Σφίγξας,
836 5640 866 5676 κ
900 5617 1217 5701 Eleganter
1245 5635 1355 5701 pro
1382 5618 1732 5701 θεραπεύσας.

337 5690 461 5781 (t2)
497 5723 535 5781 εξ
562 5690 821 5774 Σῶξεται.
859 5723 888 5758 ε
921 5690 1180 5766 δίειιθάί
1199 5690 1272 5764 ei
1296 5690 1522 5767 code.
1547 5716 1656 5781 pro
1674 5690 1894 5773 tuas.

246 5777 412 5859 qubd
441 5778 623 5847 habet
648 5781 721 5846 A.

1977 4896 2377 4960 sitinﬁrmum
2407 4893 2730 4977 quemdam
2762 4901 2926 4955 tanta
2955 4892 3079 4974 pati
3109 4900 3170 4955 et
3189 4892 3467 4956 suﬁerre.
3492 4893 3633 4957 Sci-

1981 5005 2115 5050 mus
2132 4986 2400 5068 apprime
2427 4992 2779 5064 aegrotantes
2809 4984 2960 5046 adeo
2980 5001 3121 5046 esse
3142 4985 3558 5066 pusillanimes
3574 4993 3637 5049 et

1979 5094 2248 5139 morosos
2267 5094 2332 5137 ut
2352 5075 2529 5137 etiam
2552 5073 2615 5136 in
2637 5075 2794 5137 lecto
2810 5074 3085 5154 jacentes
3118 5073 3450 5137 medicinas
3480 5075 3636 5139 etfu-

1977 5165 2140 5245 giant
2166 5184 2235 5229 ac
2261 5170 2544 5227 recusent
2570 5171 2631 5226 et
2686 5163 2902 5245 saepius
2933 5162 3149 5225 melius
3183 5181 3319 5226 esse
3353 5171 3636 5246 reputent

1981 5254 2326 5317 morborum
2342 5253 2582 5316 dolores
2598 5252 2757 5316 ferre
2771 5270 2891 5334 qua
2902 5271 2958 5314 m
2972 5250 3178 5314 auxilii
3189 5252 3503 5333 cujusdam
3519 5273 3635 5319 ne-

1978 5344 2319 5409 cessitatem
2342 5362 2412 5407 ac
2436 5344 2772 5406 molestiam
2799 5341 3028 5406 subire.
3050 5342 3163 5405 Hic
3185 5351 3383 5405 autem
3410 5344 3636 5427 paraly-

1978 5434 2129 5497 ticus
2150 5441 2209 5498 et
2231 5433 2461 5498 edomo
2489 5453 2597 5498 sua
2623 5433 2789 5497 exire
2824 5431 3113 5496 sustinuit
3147 5439 3208 5495 et
3239 5432 3510 5496 medium
3536 5434 3633 5500 f0-

2057 5612 2181 5693 (13)
2217 5636 2246 5670 α
2278 5610 2635 5693 Ἀδιστάκτως
2664 5612 2961 5680 ἐπίστευσε,
2998 5628 3030 5675 )
3084 5608 3250 5675 Bene
3297 5607 3413 5675 hoc
3440 5610 3505 5675 in
3540 5610 3639 5689 ὶὶε,

1978 5692 2112 5778 qua
2138 5692 2277 5759 mox
2305 5692 2573 5777 subjicit,
2606 5694 2803 5759 docet.
