4156 6386
587 392 733 458 1251

1685 385 1743 451 J.
1788 378 2181 448 XIPHILINI
2221 379 2335 445 GP.
2380 378 2899 450 PATRIARCHE

3828 371 3991 447 i252

582 544 715 588 rum
748 544 813 588 se
845 524 1102 590 transire
1133 528 1429 605 portatum
1464 516 1757 599 toleravit,
1791 533 1987 597 neque
2017 533 2083 576 se
2112 531 2220 575 om

2306 514 2510 605 ,μάτων
2573 516 2747 598 φέρειν
2804 515 3011 591 ὀδύνας,
3073 516 3111 586 ἢ
3156 517 3266 605 ,τὴν
3317 517 3423 574 ἀπὸ
3465 522 3572 605 τῶν
3613 515 3983 605 βοηθημάτων

582 614 759 676 nibus
790 614 1110 678 ostendere
1140 610 1453 691 dubitavit.
1486 608 1557 670 Et
1586 609 1740 677 hanc
1775 608 1953 668 etiam
1985 620 2240 666 consue-

585 704 849 765 tudinem
873 704 1095 765 habent
1118 700 1341 762 inﬁrmi
1374 698 1532 781 quod
1557 698 1747 759 nolint
1766 711 2126 777 quemquam
2144 691 2235 781 sui

584 792 781 855 morbi
804 800 1021 856 testem
1046 790 1292 853 habere.
1339 780 1414 852 Et
1448 787 1620 849 multi
1655 785 1991 848 maluerunt
2021 784 2079 845 in
2110 780 2235 843 suis

582 880 1026 944 inﬁrmitatibus
1046 878 1285 941 immori
1304 895 1479 958 quam
1506 876 1744 956 propria
1757 873 1911 935 mala
1923 872 2227 950 detegere.

580 969 695 1031 Hic
723 979 919 1032 autem
952 966 1314 1050 paralyticus
1364 984 1482 1027 non
1509 964 1617 1026 sic.
1649 962 1763 1026 Sed
1799 978 1994 1050 neque
2024 959 2099 1050 iis
2129 959 2231 1050 qui

580 1058 777 1140 ipsum
804 1046 1568 1138 portabant'murmurando
1590 1051 1765 1113 dixit:
1793 1049 1944 1140 Quid
1960 1048 2177 1110 esthoc
2200 1046 2232 1107 ?

584 1137 781 1220 Quare
803 1137 1285 1208 tumultuamini?
1307 1144 1502 1216 Quare
1527 1140 1832 1221 agitamini
1852 1145 1879 1202 ?
1902 1137 2228 1218 Exspecte-

584 1253 719 1298 mus
748 1254 815 1297 ac
846 1242 1195 1297 cunclemur
1222 1232 1413 1293 donec
1444 1228 1758 1291 multitudo
1789 1225 2130 1300 recesserit,
2169 1232 2229 1287 et

581 1330 722 1386 tunc
749 1341 1019 1385 seorsum
1049 1322 1123 1383 ad
1158 1320 1454 1382 medicum
1486 1318 1844 1381 accedamus
1883 1323 1943 1378 et
1987 1332 2123 1376 eum
2151 1313 2225 1375 de

582 1430 715 1474 mea
742 1412 852 1474 hac
881 1410 1181 1474 horrenda
1226 1409 1568 1472 inﬁrmitate
1618 1406 2036 1488 quaeritemus.
2070 1402 2223 1476 Quid

581 1499 741 1563 enim
773 1501 1037 1579 proderit
1050 1517 1249 1561 coram
1269 1496 1544 1559 omnibus
1571 1514 1702 1558 mea
1720 1511 2016 1574 exponere
2043 1490 2227 1554 mala?

578 1587 744 1652 Nihil
775 1589 985 1650 horum
1017 1588 1187 1662 dixit,
1222 1586 1327 1648 sed
1361 1585 1597 1647 laudem
1629 1602 1762 1646 esse
1792 1592 1851 1645 et
1880 1581 2064 1644 decus
2096 1580 2225 1642 exi-

579 1676 837 1739 stimavit
867 1684 953 1738 tot
981 1694 1103 1738 suae
1155 1674 1517 1737 inﬁrmitatis
1570 1681 1630 1735 et
1676 1671 2009 1735 sanationis
2047 1676 2229 1733 testes

2317 603 2594 680 ὑπομένειν
2651 606 2891 685 ἀνάγκην
2943 607 3031 664 καὶ
3072 604 3283 674 ἀηδίαν.
3334 607 3499 670 Οὗτος
3548 604 3602 662 δὲ
3648 608 3677 662 ὁ
3725 603 3982 685 παράλυ-

2316 712 2407 755 τος
2436 694 2525 750 καὶ
2587 699 2687 762 τῆς
2735 696 2901 760 οἰκίας
2949 697 3108 753 αὐτοῦ
3156 693 3384 761 ἐξελθεῖν
3432 694 3715 775 ἠνέσχετο,
3772 694 3862 749 καί
3893 690 3983 749 διὰ

2316 778 2485 856 μέσης
2543 786 2641 850 τῆς
2699 783 2897 864 ἀγορᾶς
2954 782 3180 842 διελθεῖν
3236 786 3621 861 βαστοζόμενος
3680 782 3977 863 ἐκαρτέρει,

2311 870 2398 925 καὶ
2449 876 2608 927 πᾶσιν
2666 872 2851 932 ἑαυτὸν
2896 871 3152 939 ἐπιδεῖξαι
3205 873 3266 929 οὗ
3315 886 3632 953 παρῃτεῖτο.
3698 873 3797 930 Καὶ
3853 877 3982 927 τοῦ-

2311 978 2374 1014 το
2429 960 2705 1029 συνήθειαν
2760 958 2976 1041 ἔχουσιν
3034 959 3158 1041 (14)
3220 965 3267 1018 οἱ
3320 961 3728 1041 ἀρρωστοῦντες,
3778 957 3862 1016 ὅτι
3915 959 3979 1015 οὗ

2311 1046 2589 1124 βαύλονταί
2644 1072 2760 1107 τινα
2809 1058 2902 1108 τοῦ
2961 1052 3263 1128 νοσήματος
3318 1047 3465 1132 ἔχειν
3520 1052 3753 1130 μάρτυρα
3801 1065 3815 1079 ⁶
3883 1048 3978 1106 καὶ

2309 1134 2499 1194 πολλοὶ
2528 1135 2793 1206 ἠθέλησαν
2827 1138 3028 1214 μᾶλλον
3077 1153 3193 1203 τοῖς
3244 1138 3650 1219 ἀῤῥωστήμασ;ν
3695 1138 3969 1194 ἐναποθα-

2310 1239 2422 1283 νεῖν
2473 1226 2509 1295 ἢ
2552 1227 2645 1292 τὰς
2694 1229 2889 1294 οἰκείας
2942 1228 3234 1305 ἐκκαλύψαι
3284 1231 3580 1311 συμφοράς.
3637 1231 3800 1291 Οὗτος
3852 1224 3911 1283 δὲ
3941 1230 3973 1284 ὁ

2305 1313 2601 1394 παράλυτος
2631 1315 2734 1397 οὔχ
2776 1316 2966 1394 οὕτως,
3016 1316 3135 1374 ἀλλ’
3180 1314 3297 1376 οῦδὲ
3344 1320 3475 1397 πρὸς
3506 1318 3628 1382 τοὺς
3658 1316 3965 1394 βαστάζον-

2304 1425 2399 1466 τας
2430 1403 2553 1460 εἴπε
2584 1413 2947 1484 γογγυστικῶς
2982 1422 2997 1437 ⁹
3032 1406 3092 1465 Τί
3117 1412 3273 1465 τοῦτο
3312 1406 3421 1464 ἐστι
3456 1426 3473 1487 ;
3525 1408 3575 1462 τί
3602 1403 3909 1482 θορυϐεῖσθε
3940 1423 3961 1485 ς

2307 1491 2358 1549 τί
2425 1491 2691 1571 ἐπείγεσθε
2764 1513 2779 1530 ⁶
2851 1495 3211 1577 ἆνασχώμεθα
3283 1496 3372 1553 καὶ
3429 1496 3843 1575 καρτερήσωμεν
3905 1495 3971 1549 τὸ

2309 1578 2511 1648 πλῆθος
2560 1583 2939 1665 ὑποχωρῆσαις
3001 1585 3090 1643 καὶ
3146 1586 3267 1642 τὸτε
3321 1582 3442 1641 κατ’
3490 1583 3621 1641 ἰδίαν
3671 1590 3748 1658 τῷ
3803 1584 3976 1661 ἰατρῷ

2310 1668 2701 1747 προσέλθωμεν,
2775 1674 2863 1730 καὶ
2930 1674 3377 1750 κοινωνησώμεθα
3448 1674 3567 1751 περὶ
3634 1677 3732 1741 τῆς
3789 1669 3976 1738 δεινῆς

577 1766 795 1829 facere.
824 1765 953 1828 Non
971 1784 1041 1828 ex
1063 1764 1155 1827 his
1165 1772 1387 1826 tantum
1403 1763 1543 1825 licet
1559 1760 1860 1843 paralytici
1873 1760 2050 1822 ﬁdem
2065 1758 2220 1821 vide-

2312 1757 2507 1825 ταύτης
2582 1759 2846 1825 ἀσθενείας
2917 1786 3042 1839 μου.
3113 1762 3175 1820 Τί
3243 1763 3345 1843 γὶρ
3415 1759 3682 1842 ὠφελήσει
3752 1759 3974 1816 πάντων

578 1854 781 1933 re,sed
794 1852 1246 1935 exipsisChristi
1261 1840 1802 1930 verbis.Postquam
1823 1848 1982 1910 enim
1995 1846 2220 1935 ablatus

2309 1846 2552 1935 ὁρώντων
2613 1849 2685 1935 εἰς
2745 1849 2907 1927 μέσον
2966 1840 3270 1931 προτιθέναι
3320 1840 3417 1915 τὰς
3465 1840 3595 1927 ἐμὰς
3645 1848 3971 1935 συμφοράς;

580 1951 690 2021 est,
710 1951 886 2024 atque
899 1934 1144 2004 dixitilli
1162 1940 1466 2005 Christus:
1499 1964 1525 1995 α
1554 1939 1687 2014 Fili,
1715 1936 2103 2000 remittuntur
2119 1934 2225 1996 tibi

579 2042 823 2114 peccata
838 2039 956 2113 tua,
969 2055 995 2087 ιι
1009 2049 1126 2092 non
1143 2029 1480 2109 indignatus
1494 2037 1808 2109 est,neque
1819 2026 1907 2089 vel
1920 2025 2223 2106 paululum

578 2120 807 2203 doluit;
842 2139 959 2182 non
992 2119 1139 2181 dixit
1169 2119 1324 2180 bono
1357 2118 1444 2179 illi
1476 2117 1750 2180 medico:
1779 2116 1933 2190 Quid
1965 2124 2055 2177 est
2083 2116 2220 2197 hoc,

577 2207 864 2272 Domine!
900 2209 1020 2288 Ego
1050 2225 1358 2289 veneram,
1389 2214 1455 2270 ut
1473 2207 1551 2269 de
1572 2226 1690 2269 uno
1714 2206 1922 2269 morbo
1949 2222 2219 2280 sanarer,

576 2307 635 2360 et
658 2308 716 2360 tu
735 2299 984 2361 alterum
1007 2316 1203 2360 curas.
1229 2296 1503 2376 IEnigma
1518 2304 1576 2358 et
1588 2304 1904 2377 prastextus
1922 2293 2216 2368 haacsunt,

575 2394 640 2450 et
657 2387 1020 2469 impotentia:
1038 2395 1149 2448 tuae
1169 2386 1387 2449 velum.
1409 2388 1660 2449 Peccata
1673 2384 1924 2447 dimittis
1946 2401 2076 2465 qum
2100 2402 2219 2444 non

573 2484 899 2539 cernuntur
934 2496 950 2538 :
983 2475 1129 2538 nihil
1162 2476 1275 2537 tale
1322 2482 1423 2537 aut
1451 2474 1604 2536 dixit
1632 2482 1730 2535 aut
1760 2473 2063 2553 cogitavit.
2098 2471 2215 2535 Sed

571 2565 938 2647 exspectavit
953 2571 1405 2646 perseveranter
1434 2562 1575 2624 boni
1608 2562 1825 2625 medici
1846 2564 2214 2627 curationem

568 2661 629 2716 et
657 2654 994 2717 sanitatem.
1028 2652 1364 2716 Ostendens
1411 2669 1549 2713 vero
1576 2650 1867 2713 Dominus
1893 2649 2073 2712 ﬁdem
2104 2668 2218 2712 au-

2305 1934 2517 1991 Τούτων
2566 1934 2709 1995 οὐδὲν
2762 1939 2938 2014 εἶπεν,
2994 1937 3131 2001 ἀλλὰ
3176 1938 3376 2015 κόσμον
3434 1938 3639 2015 ἐνόμιζε
3687 1937 3775 1994 καὶ
3823 1934 3973 1993 καλ-

2304 2019 2604 2099 λωπισμὸν,
2680 2027 2741 2082 τὸ
2829 2027 3092 2107 μάρτυρας
3175 2028 3458 2090 τοσούτους
3526 2031 3626 2094 τῆς
3697 2025 3971 2088 ἀσθενείας

2301 2110 2389 2166 καὶ
2419 2112 2693 2191 θεραπείας
2738 2116 3084 2185 ποιήσασθαι,
3131 2116 3239 2173 Οὔκ
3288 2115 3395 2172 ἀπὸ
3444 2115 3641 2172 τούτων
3687 2111 3743 2170 δὲ
3801 2112 3973 2189 μόνον

2303 2196 2442 2255 ἔστιν
2472 2197 2603 2264 ἰδεῖς
2654 2201 2752 2269 τὴν
2802 2203 2976 2261 πίστιν
3026 2210 3119 2261 τοῦ
3165 2203 3493 2283 παραλύτου,
3542 2202 3680 2260 ἀλλὰ
3727 2203 3817 2259 καὶ
3871 2192 3975 2257 ἀπ’

2302 2287 2474 2345 αὐτῶν
2544 2295 2652 2346 τῶν
2720 2298 2814 2349 τοῦ
2893 2300 3119 2373 Χριστοῦ
3201 2293 3478 2370 ῥημάτων.
3567 2289 3789 2359 Ἐπειδὴ
3863 2291 3969 2369 γὰρ

2301 2376 2674 2457 προσηνέχθη,
2731 2380 2818 2436 καί
2865 2382 3024 2438 τῖπεν
3076 2382 3219 2459 αὐτῷ
3266 2384 3295 2438 ὁ
3341 2383 3591 2461 Χριστὸς,
3651 2400 3676 2437 ι
3739 2378 3962 2454 Τέκνον,

2300 2462 2564 2544 ἀφέωνταί
2618 2488 2700 2524 σοι
2757 2470 2809 2524 αἱ
2864 2469 3113 2551 ἁμαρτίαι
3169 2493 3285 2546 σου,
3350 2492 3374 2527 ι
3422 2469 3519 2527 οὐκ
3560 2468 3961 2547 ἠγανάκτησεν,

2302 2551 2397 2610 οὒκ
2451 2551 2796 2635 ἐδυσχέρανεν
2853 2555 3011 2635 ὅλως,
3075 2558 3171 2617 οὒκ
3225 2572 3376 2615 εῖπεν
3436 2559 3567 2636 πρὸς
3618 2558 3709 2613 τὸν
3756 2554 3960 2634 ἀγαθὸν

2300 2642 2500 2721 ἰατρόν,
2571 2643 2632 2701 Τί
2701 2645 2857 2705 σοῦτό
2925 2646 3059 2721 ἐστι,
3132 2648 3336 2728 Κύριες
3403 2646 3513 2725 ἐγὼ
3566 2644 3741 2725 ἕτερον
3798 2642 3965 2711 ἦλθον

566 2741 729 2803 ferre
761 2750 1021 2822 peccata,
1056 2741 1346 2803 allocutus
1384 2749 1473 2802 est
1505 2741 1887 2821 paralyticum
1922 2756 1937 2802 :
1990 2764 2019 2796 α
2052 2740 2215 2803 Con-

2306 2733 2679 2810 θεραπευθῆναι
2749 2734 2940 2813 πάθος,
3011 2736 3101 2793 καὶ
3169 2735 3345 2817 ἕτερον
3416 2736 3571 2799 αὒτὸς
3624 2734 3956 2814 θεραπεύεις,

570 2830 712 2912 ﬁde,
744 2831 852 2912 ﬁli,
883 2830 1259 2892 dimittuntur
1289 2828 1395 2891 tibi
1424 2836 1665 2911 peccata
1696 2837 1819 2893 tua.
1856 2852 1885 2885 ι

2296 2824 2508 2896 Σκῆψις
2578 2829 2744 2880 ταῦτα
2812 2826 2902 2881 καὶ
2971 2824 3256 2907 πρόφασις,
3327 2826 3417 2883 καὶ
3491 2824 3759 2886 ἀσθενείας
3815 2822 3965 2901 πρό-

569 2947 748 3004 φασις,
806 2928 894 2982 καὶ
945 2925 1208 2989 ἀσθενείας
1253 2923 1632 3004 προκάλυμμα,
1693 2915 1977 3002 (Αμαρτίας
2036 2923 2219 3007 ἀφίης.
2269 2924 2363 2988 τὰς
2407 2923 2467 2979 οό
2520 2922 2874 3001 βλεπομένας,
2932 2926 3077 2987 οῦδὲν
3128 2928 3389 3006 τοιοῦτον,
3445 2927 3562 2985 οὔτε
3607 2926 3787 3002 εἶπεν,
3844 2925 3965 2981 οὔτε

571 3016 868 3095 ἐνενόησεν,
941 3016 1059 3075 ἀλλ’
1119 3019 1337 3097 ἀνέμενε
1392 3020 1491 3087 τὴν
1558 3020 1691 3095 μετὰ
1746 3020 2067 3095 συμπαθείας
2124 3026 2219 3077 τοῦ
2262 3019 2462 3099 ἀγαθοῦ
2505 3018 2685 3096 ἰατροῦ
2712 3020 2989 3101 θεραπείαν
3024 3043 3082 3079 τε
3137 3024 3225 3080 καὶ
3255 3020 3526 3103 διόρθωσιν
3558 3036 3574 3053 ⁸
3634 3019 3882 3077 δεικνύων
3913 3015 3969 3073 δὲ

570 3113 601 3170 ὁ
671 3114 881 3194 Κύριος,
939 3111 1020 3171 ὅτι
1073 3115 1109 3183 ἡ
1163 3114 1336 3178 πίστις
1412 3112 1668 3194 ἁμαρτίας
1726 3112 1834 3171 ἐστὶ
1889 3113 2211 3194 ἐναιρετικὴ,
2262 3113 2522 3194 ἐπεφώνει
2579 3118 2658 3189 τῷ
2699 3111 2985 3195 παραλύτῳ
3030 3131 3046 3148 ⁸
3104 3132 3137 3175 ι
3188 3115 3401 3197 Θάρσει,
3449 3114 3660 3191 τέκνον,
3700 3110 3973 3193 ἀφέωνταί

571 3227 654 3266 σοι
684 3209 737 3263 αἰ
766 3208 1013 3286 ἁμαρτίαι
1045 3229 1158 3270 σου.
1198 3230 1223 3266 ι
2088 3238 2097 3243 ⁴

650 3296 780 3360 Non
802 3298 997 3360 statim
1030 3300 1189 3361 enim
1212 3298 1286 3362 ad
1312 3298 1591 3381 paralysis
1619 3297 1990 3361 curationem
2021 3298 2204 3376 venit,

2375 3300 2485 3360 Οὔκ
2540 3300 2686 3366 εὐθὺς
2749 3302 2849 3382 γὰρ
2921 3301 3007 3360 ἐπὶ
3077 3301 3176 3371 τὴν
3245 3306 3345 3370 τῆς
3402 3298 3749 3381 παραλύσεως
3811 3296 3965 3355 ἴασιν

569 3387 676 3449 sed
699 3386 862 3470 prius
890 3386 1048 3469 quod
1079 3387 1295 3449 lectum
1329 3396 1455 3451 erat
1482 3388 1730 3464 curavit,
1760 3388 2021 3449 animam
2047 3387 2206 3451 scili-

569 3484 685 3551 cet,
710 3484 951 3557 peccata
972 3476 1276 3539 dimittens
1299 3477 1587 3541 Dominus
1611 3476 1801 3558 ;quod
1835 3476 2077 3557 quidem
2110 3495 2215 3559 pa-

567 3565 877 3646 ralyticum
909 3565 1176 3642 salvavit,
1216 3566 1329 3647 ipsi
1359 3585 1499 3629 vero
1531 3584 1650 3628 non
1683 3565 1928 3627 multam
1960 3566 2213 3645 gloriam

569 3654 797 3732 attulit;
816 3672 1012 3735 neque
1036 3655 1194 3716 enim
1217 3656 1398 3717 voluit
1414 3674 1520 3736 per
1540 3654 1999 3718 ostentationem
2026 3661 2085 3717 et
2104 3674 2209 3718 va-

568 3743 818 3807 nitatem
841 3744 1163 3825 quidquam
1186 3744 1405 3807 facere.
1430 3744 1708 3825 Etprimo
1731 3743 1977 3824 quidem
2001 3743 2208 3805 dimit-

568 3831 952 3911 titaagrotanti
969 3844 1211 3912 peccata
1229 3852 1359 3915 sua,
1384 3832 1603 3895 deinde
1623 3850 1763 3894 vero
1786 3850 1999 3912 corpus
2021 3840 2209 3909 sanat,

567 3920 793 3983 docens
824 3920 1168 3983 morborum
1199 3923 1513 4004 plerosque
1540 3941 1612 3984 ex
1642 3921 1896 4002 peccatis
1935 3921 2117 4001 gigni,
2155 3929 2215 3984 et

569 4017 847 4090 oportere
869 4008 1060 4090 primo
1080 4029 1286 4073 eorum
1303 4030 1539 4074 causam
1558 4010 1781 4087 sanari,
1807 4019 1866 4072 et
1889 4010 2217 4072 ostendens

568 4116 634 4159 se
656 4100 840 4161 Deum
852 4107 1051 4160 esseet
1066 4100 1267 4162 omnia
1290 4119 1425 4162 cum
1445 4108 1733 4181 potestate
1753 4117 1956 4179 agere,
1984 4107 2049 4162 ut
2064 4099 2208 4161 vult.

570 4186 816 4249 Morbos
845 4186 1007 4248 enim
1056 4190 1396 4269 corporales
1449 4207 1685 4269 sanare,
1738 4187 1922 4249 solius
1953 4187 2062 4249 Dei
2094 4197 2208 4251 est.

568 4273 940 4357 Quapropter
959 4275 1016 4338 ei
1038 4277 1353 4358 paralytico
1366 4276 1467 4358 qui
1484 4277 1544 4339 in
1555 4275 1786 4357 piscina
1798 4284 1928 4339 erat
1941 4277 2028 4338 sic
2043 4275 2211 4338 dixit:

574 4387 604 4421 α
626 4362 780 4426 Ecce
801 4381 978 4427 sanus
998 4364 1185 4427 factus
1216 4384 1282 4428 es
1303 4387 1318 4445 ;
1333 4366 1458 4447 jam
1484 4366 1607 4428 noli
1630 4383 1904 4447 peccare,
1935 4383 2012 4427 ne
2043 4365 2214 4445 pejus

567 4452 711 4535 quid
745 4453 849 4514 tibi
879 4454 1000 4516 ﬁat.
1036 4478 1067 4511 ι
1112 4453 1293 4532 Fons,
1327 4464 1385 4518 et
1411 4455 1601 4532 radix,
1635 4462 1694 4517 et
1723 4461 1913 4516 mater
1940 4453 2210 4516 omnium

568 4540 863 4604 malorum
892 4549 983 4604 est
1011 4551 1345 4624 peccatum.
1378 4543 1532 4606 Illud
1578 4561 1830 4624 corpora
1858 4550 2062 4604 nostra
2090 4542 2219 4604 dis-

2298 3389 2534 3471 ἕρχεται,
2602 3389 2739 3447 ἀλλᾶ
2788 3391 3043 3472 πρότερον
3086 3393 3177 3449 τὸν
3224 3388 3420 3459 ἄδηλον
3466 3390 3800 3471 ἐθεράπευσε,
3856 3388 3960 3455 τὴν

2299 3480 2484 3560 ψυχὴν
2556 3478 2687 3561 (15)
2760 3477 3027 3557 δηλονότι,
3118 3482 3183 3537 τὰ
3265 3481 3626 3561 ἁμαρτήματα
3706 3477 3854 3558 ἀφεὶς
3931 3479 3961 3532 ὃ

2303 3568 2604 3649 Δεσπότης,
2654 3568 2783 3649 ὅπερ
2830 3570 2920 3627 τὸν
2964 3568 3262 3650 παραλυτέον
3311 3570 3406 3646 μὲν
3458 3567 3695 3648 ἕσωζειν,
3727 3569 3873 3640 αὐτῷ
3903 3563 3960 3620 δὲ

2300 3657 2359 3716 οἶ)
2414 3656 2623 3725 πολλὴν
2678 3658 2777 3726 τὴν
2832 3656 2983 3725 δόξαν
3028 3658 3231 3740 ἔφερεν.
3282 3657 3412 3717 Οὐδὲ
3468 3660 3569 3738 γὰρ
3622 3653 3778 3725 ἤθελε
3833 3651 3958 3712 κατ’

2301 3744 2539 3813 ἐπίδειξίν
2595 3769 2646 3803 τι
2702 3761 2881 3806 ποιεῖν
2929 3750 3018 3805 καὶ
3077 3747 3565 3828 ἀνθρωπαρέσκειαν
3602 3763 3616 3778 ⁶
3667 3745 3756 3801 καὶ
3807 3765 3965 3821 πρω-

2299 3859 2389 3895 τον
2446 3836 2543 3913 μὲν
2600 3835 2784 3916 ἀφίησι
2852 3844 2930 3913 τῷ
2998 3844 3239 3895 νοσοῦντι
3311 3838 3405 3900 τὰς
3476 3832 3733 3914 ἁμαρτίας
3803 3832 3968 3889 αὐτοῦ

2300 3926 2439 4003 μετὰ
2483 3924 2538 3981 δὲ
2576 3928 2888 4005 θεραπεῦσαι
2938 3926 3062 4007 (16)
3113 3929 3175 3984 τὸ
3222 3932 3405 4007 σῶμα,
3454 3923 3711 3981 διδάσκων
3760 3920 3841 3978 ὅτι
3893 3921 3962 3977 τὰ

2296 4002 2471 4073 πολλᾶ
2541 4002 2647 4071 τῶν
2710 4002 3028 4092 νοσημάτων
3096 4013 3148 4083 ἐξ
3218 4002 3489 4095 ἁμαρτιῶν
3557 4013 3793 4092 φύονται,
3869 4011 3961 4066 καὶ

2298 4104 2409 4186 χρὴ
2479 4110 2687 4183 πρῶτον
2755 4106 2963 4173 ἰαθῆναι
3025 4106 3086 4161 τὸ
3142 4104 3344 4185 αἴτιον,
3398 4104 3487 4159 καὶ
3545 4099 3817 4179 δεικνύων,
3876 4096 3960 4154 ὅτι

2300 4195 2429 4256 Θεὸς
2486 4192 2622 4266 ἐστι,
2689 4195 2777 4250 καὶ
2848 4193 3022 4251 πάντα
3092 4193 3311 4273 πράττει
3381 4188 3498 4268 μετ’
3559 4187 3820 4261 ἐξουσίας,
3879 4189 3957 4253 ὡς

2302 4280 2569 4360 βούλεται.
2642 4283 2714 4340 Τὸ
2783 4281 2880 4359 μὲν
2946 4283 3045 4363 γὰρ
3115 4284 3287 4339 ἰᾶσθαι
3358 4279 3666 4357 σωματικὰς
3737 4275 3959 4363 νόσους,

2304 4370 2466 4449 μόνου
2495 4376 2648 4463 Θεοῦ.
2703 4372 2802 4428 Διὰ
2836 4361 3137 4463 ⁸τοῦτονκαὶ
3185 4372 3315 4449 πρὸς
3361 4371 3477 4463 τὸν,
3502 4367 3564 4463 ἐν
3687 4361 3964 4463 κολυμϐή-

2301 4464 2397 4540 θρᾳ
2451 4458 2748 4540 παράλυτον
2803 4458 2970 4525 οὕτως
3028 4458 3209 4540 ἔλεγεν
3272 4479 3287 4493 ·
3362 4478 3393 4519 ‹
3453 4452 3575 4533 Ἴδε,
3607 4454 3764 4533 ὑγιὴς
3793 4452 3962 4532 γέγο-

2304 4572 2421 4626 νας,
2474 4548 2666 4625 μηκέτι
2716 4550 3006 4631 ἁμάρτανε,
3057 4548 3149 4606 ἵνα
3195 4549 3275 4624 μὴ
3324 4546 3513 4629 χεῖρόν
3563 4545 3613 4601 τί
3663 4565 3746 4600 σοι
3796 4542 3966 4621 γένη-

570 4628 765 4705 solvit,
795 4629 942 4691 illud
974 4630 1215 4694 morbos
1237 4642 1443 4711 creat;
1476 4631 1634 4714 quod
1653 4631 1977 4693 ostendens
2003 4630 2212 4695 Domi-

2306 4660 2387 4695 ται
2418 4639 2539 4718 (17.
2594 4660 2619 4699 ι
2684 4628 2845 4718 Πηγῆ
2903 4639 2991 4695 καὶ
3051 4639 3163 4716 ῥίζα
3219 4639 3309 4694 καὶ
3354 4628 3536 4715 μήτηρ
3586 4633 3801 4690 πάντων
3854 4636 3964 4705 τῷν

571 4737 707 4793 nus,
739 4717 879 4781 huic
899 4717 1142 4799 quidem
1176 4721 1494 4803 paralytico
1519 4719 1793 4783 dicebat:
1828 4720 2219 4781 Dimittuntur

570 4806 679 4868 tibi
710 4814 955 4889 peccata
985 4816 1125 4882 tua;
1158 4810 1241 4871 illi
1260 4819 1458 4873 autem
1485 4810 1589 4891 qui
1603 4811 1729 4891 jam
1759 4828 1915 4872 anno
1934 4816 2138 4871 octavo
2163 4819 2225 4870 et.

570 4896 889 4975 tregesimo
904 4898 1314 4977 recumbebat,
1333 4899 1599 4962 dicebat:
1632 4923 1653 4955 ι
1675 4897 2218 4960 Eccesanusfactus

568 5003 635 5047 es
659 5002 675 5062 ;
690 4984 816 5065 jam
839 4986 1096 5066 amplius
1118 4987 1240 5049 noli
1262 5006 1533 5070 peccare.
1562 5012 1589 5045 ιο
1618 4987 1689 5050 Et
1709 4988 1883 5068 paulo
1908 4996 2039 5069 post
2056 5004 2218 5049 crea-

570 5073 800 5137 tiOnem
829 5092 900 5137 ex
932 5076 1189 5156 peccatis
1212 5078 1455 5142 morbus
1483 5077 1545 5140 in
1574 5076 1741 5143 Caiui
1769 5096 1987 5159 corpus
2016 5077 2214 5139 irruit.

649 5252 780 5335 (14)
796 5274 845 5340 LI
876 5255 979 5340 Καὶ
1005 5261 1161 5312 τοῦτο
1189 5259 1466 5340 συνήθειαν
1517 5258 1759 5340 ἔχουσιν.
1781 5278 1825 5340 3
2141 5261 2228 5317 καὶ

568 5332 722 5393 τοῦτο
760 5332 847 5417 ⁷δὲ
918 5334 1051 5417 ἔθοςΔ
1101 5349 1221 5402 τοῖς
1291 5332 1634 5417 ἀρρωστοῦσι,
1695 5336 1895 5414 μηδένα
1951 5335 2225 5417 βουλέσθαι

568 5422 662 5497 τοῦ
691 5416 997 5497 νοσήματος
1027 5414 1175 5496 ἔχειν
1226 5414 1484 5497 μάρτυρα.
1542 5414 1717 5482 Forte
1763 5435 1908 5496 ergo
1949 5414 2044 5478 hic
2071 5417 2226 5479 scri-

571 5492 861 5572 bendum,
893 5502 997 5556 aut
1041 5492 1129 5553 κάὶ
1176 5492 1373 5566 ταύτην
1400 5492 1478 5554 ’δὲ
1531 5500 1630 5568 τὴν
1675 5492 1973 5573 συνήθειαν,
2007 5504 2113 5559 aut
2139 5502 2227 5558 καὶ

570 5582 725 5632 τοῦτο
754 5573 808 5630 δὲ
839 5576 1100 5644 συνήθως.

655 5654 835 5740 (Ιώ-ιι
869 5656 1214 5740 Τηνᾲψυχὴν,
1241 5689 1322 5703 -
1351 5657 1380 5713 ὸ
1415 5659 1714 5740 Δεσπότης.
1749 5682 1775 5715 ιι
1819 5656 1931 5720 Hic
1958 5659 2227 5740 quaedam

570 5732 932 5800 redundant.
968 5732 1148 5799 Certe
1196 5738 1246 5823 ὁ.
1292 5737 1568 5808 Δεσπότης
1618 5739 1831 5805 abesse
1856 5732 2070 5822 potést.
2100 5737 2229 5805 Nisi

2302 4734 2480 4786 κακῶν
2549 4729 2585 4797 ἡ
2656 4728 2884 4807 ἁμαρτία
2957 4727 3301 4794 καθέστηκεν.
3378 4725 3522 4792 Αὕτη
3592 4723 3659 4782 τὰ
3741 4720 3962 4795 σώματα

2306 4819 2462 4893 ἡμῶν
2512 4815 2791 4897 παραλύει,
2854 4817 2982 4886 ούτη
3031 4818 3126 4881 τὰς
3176 4836 3361 4881 νοσους
3413 4814 3625 4893 ἐπάγει,
3677 4810 3768 4868 καὶ
3811 4817 3963 4867 τοῦτο

2306 4904 2482 4974 δηλῶν
2529 4908 2557 4963 ὁ
2612 4907 2824 4987 Κύριος,
2884 4929 3055 4979 τουτῳ
3114 4905 3209 4981 μὲν
3266 4912 3343 4979 τῷ
3391 4901 3676 4983 παραλύτῳ
3732 4897 3958 4987 ἔλεγενῇ

2307 5015 2333 5053 ε
2394 4985 2698 5076 Ἀφέωνταί.
2737 5018 2820 5053 σοι
2870 5000 2923 5054 αἱ
2970 4994 3218 5075 ἁμαρτίαι
3264 5015 3357 5050 σου
3392 5013 3407 5028 ⁸
3464 5016 3494 5050 ι
3556 4990 3741 5076 ἐκείνιμ
3783 4985 3837 5043 δὲ
3878 4986 3965 5044 ἐπὶ

2299 5074 2525 5165 χρόνους
2569 5084 2713 5142 ὀκτὼ
2770 5087 2859 5144 καὶ
2928 5074 3209 5165 τριάκοντα
3273 5078 3641 5159 κατακειμένῳ
3698 5074 3881 5156 ἔλεγεν
3946 5089 3963 5105 ⁸

2309 5258 2444 5342 quis
2471 5257 2649 5342 malit
2679 5260 2879 5341 legere
2906 5265 2981 5328 ὡς
3014 5261 3303 5332 δεσπότης.

2388 5335 2970 5433 (16λκθεροῖπεῦσαι.
3005 5363 3034 5406 ﬁ
3071 5345 3246 5433 Forte
3282 5339 3553 5433 θεραπεύει
3581 5336 3670 5433 καὶ
3700 5335 3762 5433 τὸ

2308 5412 2558 5513 ηδ’μετὰ
2586 5418 2641 5478 δὲ
2674 5412 2814 5515 vero
2843 5431 3052 5514 notum
3077 5431 3189 5501 est,
3213 5412 3543 5504 saepissime
3560 5414 3834 5480 absolute
3845 5412 3975 5479 dici

2309 5520 2442 5564 sme
2471 5519 2613 5565 casu
2642 5520 2923 5569 nominis.

2308 5580 2524 5728 c0312
2552 5605 2583 5640 α
2617 5584 2777 5665 Πηγὴ
2807 5586 2919 5647 καὶ.
2959 5609 2989 5644 ι
3016 5582 3217 5650 Malim
3255 5582 3411 5664 πηγὴ
3440 5581 3543 5662 γὰρ
3570 5576 3660 5637 καὶ
3685 5582 3752 5640 ιιι
3780 5582 3874 5641 Θεί
3902 5573 3971 5642 ἰιι
