4156 6382
326 407 485 477 1253

1810 392 2246 460 ORATIONES

3561 392 3714 459 1254

334 568 364 602 α
434 542 511 602 ὶδε
565 541 744 621 ὑγιὴς,
803 538 1052 619 γέγονας,
1102 533 1295 614 μηκέτι
1347 534 1634 610 ἁπάρτανε,
1684 550 1713 589 »
1765 529 1864 621 Καὶ
1913 526 1968 582 ἐν

2079 526 2386 607 ?ostquam
2417 526 2578 590 enim
2611 544 2786 588 suum
2820 525 3065 589 fratrem
3083 525 3324 603 occidit,
3349 525 3712 590 dissolutum

329 635 479 715 ἀρχῇ
529 619 629 699 τῆς
680 629 900 693 κτίσεως
951 626 1003 693 ἐξ
1057 628 1325 705 ἁμαρτιῶν
1370 624 1405 691 η
1460 622 1612 684 νόσος
1660 621 1731 683 εἰς
1779 619 1841 673 τὸ
1894 626 1989 675 τοῦ

525 726 682 797 σῶμα
736 718 1020 793 ἐνέσκηψε.
1082 715 1230 771 Μετὰ
1284 714 1384 793 γὰρ
1431 712 1529 779 τὴν
1582 708 1983 797 ἀδελφοκτονίαν

330 794 618 891 παρελύθη*
649 810 711 864 τὸ
761 814 916 884 σῶμα
964 806 1188 885 ἐκείνου,
1233 803 1321 860 καὶ
1364 802 1431 870 ἧν
1479 799 1675 857 στένων
1729 799 1817 855 καὶ
1871 794 1986 876 τρέ-

333 886 447 976 μων
478 898 562 955 ἐπὶ
590 904 688 962 τῆς
736 902 863 975 γῆς,
915 898 987 953 Τὸ
1031 893 1085 951 δὲ
1136 894 1369 974 τρέμειν,
1423 890 1568 949 οωὲν
1614 888 1790 968 ἕτερόν
1842 886 1983 943 ἐστιν

331 987 368 1056 ἢ
396 986 711 1067 παράλυσις,
767 981 1013 1043 Ἐπειδὰν
1066 984 1188 1059 (18)
1244 983 1343 1061 γὰρ
1399 983 1434 1049 ἡ
1482 981 1543 1035 τὸ
1591 984 1726 1067 ζῶον
1774 977 1986 1067 οἰκονο-

334 1064 505 1150 μοῦσα
552 1073 769 1151 δύναμις
819 1072 1102 1151 ἀσθενήσῃ,
1154 1073 1243 1129 καὶ
1297 1070 1357 1127 οὒ
1417 1067 1627 1125 δύναται
1679 1065 1755 1122 ἔτι
1813 1064 1987 1122 πάντα

330 1165 398 1220 τὰ
452 1162 592 1241 μέλη
645 1163 945 1241 βαστάζειν,
1003 1163 1216 1243 ἀφίησιν
1272 1158 1403 1215 αὒτά
1452 1163 1551 1226 τῆς
1610 1155 1804 1220 οἰκείας
1858 1175 1986 1243 προ-

333 1252 475 1317 νοίας
533 1252 730 1333 ἔρημα,
788 1253 878 1309 καὶ
929 1241 1094 1315 οὕτως
1161 1249 1342 1306 ἐκεῖνα
1390 1244 1743 1328 χαλασθέντα,
1792 1241 1983 1333 τρέμει

330 1342 418 1397 καὶ
478 1330 833 1421 περιφέρεται.
885 1347 1050 1399 Τοῦτο
1096 1340 1185 1396 καὶ
1242 1340 1269 1395 6
1316 1342 1461 1399 θεῖος
1523 1333 1729 1397 Παῦλος
1785 1330 1985 1403 ἐδήλω-

332 1450 445 1503 σεν,
512 1431 767 1509 ἁμαρτίας
820 1430 965 1494 τινας
1028 1427 1152 1509 (19)
1204 1425 1444 1506 ἐγκαλῶν
1495 1438 1612 1487 τοῖς
1667 1422 1983 1509 Κορινθίοις,

2069 626 2156 676 est
2192 634 2410 696 corpus
2442 616 2595 697 ejus,
2631 624 2690 678 et
2721 623 2845 679 erat
2873 633 3126 695 gemens
3149 622 3209 678 et
3238 624 3505 679 tremens
3534 634 3718 698 super

2069 710 2312 765 terram.
2336 703 2622 768 Tremere
2639 713 2836 767 autem
2864 705 3012 767 nihil
3034 705 3193 768 aliud
3219 713 3308 767 est
3326 724 3502 787 quam
3534 723 3715 786 para-

2067 791 2228 871 lysis.
2258 792 2577 875 Postquam
2611 796 2769 857 enim
2804 813 2879 857 ea
2906 794 2994 856 vis
3023 812 3153 876 quae
3182 793 3401 857 animal
3431 793 3584 874 regit
3612 794 3711 856 iu-

2065 880 2299 945 ﬁrmata
2320 891 2409 944 est
2431 902 2543 946 nec
2566 883 2769 946 omnia
2790 882 3061 946 membra
3082 884 3238 946 ferre
3266 883 3442 958 valet,
3476 903 3546 946 ea
3570 900 3713 964 pro-

2070 973 2198 1049 pria
2231 972 2608 1052 providentia
2635 972 3061 1049 destituuntur,
3076 973 3231 1036 etsic
3260 973 3564 1036 debilitata
3590 981 3715 1035 tre-

2071 1068 2436 1142 muntatque
2467 1061 2607 1124 hinc
2656 1070 2716 1124 et
2758 1061 2900 1124 inde
2948 1062 3245 1124 feruntur.
3296 1060 3359 1124 Id
3393 1069 3451 1124 et
3480 1061 3715 1125 divinus

2065 1144 2282 1209 Paulus
2314 1149 2572 1212 ostendit
2602 1150 2680 1213 de
2708 1150 3062 1232 quihusdam
3097 1151 3355 1231 peccatis
3374 1149 3715 1214 Corinthios

2066 1238 2519 1316 reprehendens
2530 1247 2586 1301 et
2603 1240 2809 1301 dicens
2827 1257 2839 1303 :
2856 1238 2995 1301 Ideo
3011 1239 3169 1302 inter
3188 1258 3290 1301 vos
3304 1237 3474 1300 multi
3488 1239 3709 1300 inﬁrmi

2067 1324 2449 1388 etimbeciles
2474 1336 2531 1390 et
2549 1328 2856 1391 dormiunt
2879 1328 3069 1392 multi.
3098 1329 3174 1392 Et
3194 1326 3463 1390 Christus
3491 1328 3715 1393 idcirco

2075 1413 2297 1477 dixit:«
2316 1414 2706 1480 Dimittuntur
2737 1418 2841 1481 tibi
2874 1427 3115 1501 peccata
3140 1426 3257 1493 tua,
3285 1441 3309 1476 ιι
3332 1417 3717 1483 utdiscamus

334 1501 636 1597 καὶήλέγωνΙ
659 1535 673 1550 ⁶
729 1519 828 1576 Διά
882 1501 1046 1576 τοῦτο·
1092 1501 1145 1574 ἐν
1191 1501 1320 1594 ὑμῖν
1370 1513 1559 1573 πολλοὶ
1589 1501 1825 1574 ἀσθενεῖς
1862 1501 1988 1593 (20]

2079 1501 2291 1583 ipsum,
2324 1512 2391 1566 ut
2416 1504 2627 1579 Deum,
2662 1508 2838 1570 tacite
2860 1517 2917 1570 et
2939 1509 3088 1571 clam
3109 1509 3370 1570 humana
3390 1508 3714 1597 inspicere,

338 1607 424 1662 καὶ
481 1592 757 1686 ἅβρωστοι,
821 1608 909 1663 καὶ
975 1592 1264 1664 κοιπῶνται
1329 1604 1497 1661 ἱκανοί
1557 1618 1571 1634 ⁸
1632 1603 1719 1659 καὶ
1775 1603 1804 1657 6
1863 1592 1988 1679 Xpt-

2079 1600 2136 1652 et
2164 1592 2631 1676 uniuscujusque
2661 1595 2792 1659 vitae
2811 1597 2961 1659 viam
2986 1596 3389 1663 considerare.
3413 1596 3717 1679 Scriptum

337 1696 459 1760 στὸς
503 1681 586 1752 διὰ
634 1707 787 1756 τοῦτο
837 1697 1015 1770 εἶπεν,
1073 1720 1100 1751 α
1158 1692 1448 1775 Ἀφέωνταί
1504 1714 1587 1750 σοι
1636 1694 1689 1747 αἱ
1745 1690 1988 1767 ἁμαρτίαι

2079 1688 2167 1740 est
2196 1681 2378 1758 enim,
2414 1702 2613 1746 coram
2638 1685 2826 1747 oculis
2845 1685 3081 1748 Domini
3115 1705 3247 1749 esse
3279 1686 3538 1775 hominis
3567 1686 3720 1769 vias,

336 1803 453 1858 σου,
515 1806 537 1841 ι
592 1782 686 1841 ἵνα
742 1784 1014 1865 μάθωμεν,
1075 1782 1155 1839 ὅτι
1212 1769 1580 1860 σεσιγημένως
1636 1779 1719 1834 κοὶ
1771 1777 1988 1833 ἀνεπαι-

2079 1776 2136 1831 et
2166 1769 2336 1831 illum
2360 1771 2561 1834 omnia
2583 1773 2712 1854 ejus
2732 1774 2981 1852 vestigia
2998 1775 3362 1839 examinare.
3387 1774 3585 1837 Bonus
3607 1794 3719 1837 au-

336 1874 568 1954 σθήτως,
626 1875 700 1938 ὡς
758 1875 887 1937 Θεὸς
943 1861 1328 1930 κατακέπτεται
1385 1870 1452 1925 τὰ
1519 1867 1841 1947 ἀνθρώπινα,
1899 1866 1987 1923 καὶ

2079 1865 2193 1920 tem
2225 1878 2361 1921 cum
2383 1861 2460 1922 sit
2479 1870 2537 1923 et
2564 1881 2774 1925 omnes
2797 1863 3010 1925 salvari
3040 1864 3184 1927 velit
3212 1864 3399 1945 Deus,
3416 1864 3562 1927 sinit
3584 1865 3717 1946 ple-

338 1959 501 2040 ἐφορᾷ
552 1949 655 2029 τῆς
702 1962 927 2018 ἐκαστου
977 1965 1121 2032 ζωῆς
1175 1960 1278 2027 τὴν
1332 1956 1473 2020 ὁδόν,
1532 1957 1830 2035 Γέγραπται
1861 1956 1983 2033 γὰρ,

2079 1966 2320 2028 rumque
2349 1949 2626 2013 homines
2655 1952 2718 2013 in
2742 1953 3121 2016 inﬁrmitates
3153 1953 3442 2031 incidere,
3477 1960 3540 2015 ut
3568 1972 3718 2035 pur-

339 2047 419 2104 3τι
455 2047 716 2107 Ἐνώπιόν
762 2052 861 2106 εἶσι
912 2049 1042 2127 (21)
1086 2055 1193 2105 τῶν
1249 2054 1340 2105 τοὺ
1383 2053 1514 2105 Θεοῦ
1567 2043 1851 2124 ὀφθαλμῶν
1883 2041 1988 2099 ὁδοί

2079 2045 2284 2115 gentur
2315 2046 2374 2127 et
2402 2041 2769 2104 mundentur
2797 2061 2830 2104 a
2861 2043 3145 2124 peccatis,
3170 2043 3272 2125 qui
3304 2043 3528 2105 morbis
3559 2043 3718 2106 deti-

342 2135 528 2217 ἀνδρὸς
582 2140 654 2201 εἷς
700 2136 755 2195 δὲ
812 2139 987 2202 πάσας
1031 2139 1128 2201 τὰς
1205 2137 1427 2217 τροχιὰς
1497 2133 1657 2191 αὒτοῦ
1719 2132 1986 2194 σκοπεύει.

2079 2135 2309 2217 nentur.
2348 2126 2445 2190 Sic
2475 2130 2695 2192 etenim
2746 2150 2853 2213 per
2880 2133 3156 2195 Jeremize
3185 2152 3389 2196 vocem
3415 2134 3675 2215 loquitur
3702 2149 3716 2193 :

342 2214 566 2304 Ἀγαθὸς
624 2225 678 2283 δέ
748 2227 822 2285 ὢν
891 2229 979 2284 καὶ
1048 2214 1249 2290 πάντας
1302 2214 1526 2291 σ’ωθῆναν
1588 2220 1907 2299 βουλόμενος
1963 2223 1988 2277 6

2079 2214 2302 2304 φΡωηει
2315 2226 2373 2277 et
2395 2218 2624 2298 ﬂagello
2646 2221 3305 2285 cruciaturJerusalem.
3336 2248 3363 2280 ι
3379 2223 3452 2285 Et
3470 2227 3722 2287 Prover-

345 2303 495 2389 Θεὸς,
573 2329 846 2396 συγχωρεῖ
908 2314 1165 2379 πολλάκις
1221 2312 1598 2394 ἀῤῥωστήμασι
1655 2310 1988 2388 περιπίπτειν

2079 2303 2307 2396 hiorum
2337 2307 2593 2386 scriptor
2613 2308 2751 2372 dicit
2778 2330 2792 2371 :
2823 2335 2850 2366 ς(
2879 2311 3012 2387 Fili,
3040 2331 3114 2374 ne
3140 2312 3435 2394 despicias
3458 2312 3725 2394 discipli-

341 2406 464 2466 τοὸς
535 2395 837 2480 ἀνθρώπους
906 2403 1061 2485 (22),
1136 2404 1274 2461 ὥστε
1333 2400 1461 2483 (23)
1521 2400 1843 2480 διασμήχειν
1900 2402 1988 2456 καὶ

2079 2412 2205 2455 nam
2236 2395 2499 2478 Domini,
2534 2417 2645 2460 nec
2675 2398 2941 2476 deficias,
2994 2420 3128 2462 cum
3160 2400 3233 2462 ab
3265 2421 3339 2464 eo
3370 2401 3713 2482 corriperis.

346 2492 607 2572 καθαίρειν
694 2494 745 2559 ἐξ
831 2482 1101 2573 ἁμαρτιῶν
1189 2493 1310 2555 τοὺς
1398 2490 1794 2571 κατεχομένους
1865 2502 1986 2553 ταῖς

2079 2482 2258 2555 Quem
2282 2485 2441 2547 enim
2471 2487 2663 2566 diligit
2691 2488 3001 2563 Dominus,
3022 2490 3272 2569 corripit
3300 2509 3316 2568 ;
3348 2491 3590 2570 castigat
3611 2508 3723 2553 au-

345 2581 541 2647 νόσοις.
603 2582 753 2640 Οὕτω
807 2585 907 2663 γὰρ
966 2584 1055 2639 καὶ
1130 2579 1213 2638 διὰ
1265 2586 1446 2660 φωνῆς
1523 2577 1780 2663 Ϊίςρεμιου
1836 2581 1988 2659 φησὶ,

2079 2580 2190 2634 tem
2205 2592 2424 2636 omnen
2443 2575 2627 2638 ﬁlium
2647 2596 2824 2659 quem
2837 2578 3071 2660 recipit.
3101 2603 3128 2636 ι
3162 2578 3348 2641 Morbi
3367 2579 3542 2659 igitur
3562 2578 3727 2642 radi-

352 2694 374 2726 ι
413 2672 566 2745 Πόνῳ
753 2658 841 2729 καὶ
872 2658 1089 2750 μάστιγι
1139 2658 1487 2745 παιδευθήσῃ,
1524 2658 1869 2746 Ἰερουσαλήμ
1905 2684 1917 2696 ⁸
1957 2658 1985 2722 n

2079 2681 2229 2744 cem,
2262 2664 2492 2727 scilicet
2522 2658 2853 2748 peccatum,
2887 2658 3105 2730 excidit
3134 2668 3298 2750 prius
3316 2658 3613 2732 Christus.
3646 2667 3729 2731 Ea

344 2761 433 2815 καὶ
462 2761 489 2815 ὀ
534 2760 930 2840 Παροιμιαστὴς
983 2758 1152 2838 λέγει,
1216 2780 1240 2814 ι
1298 2756 1406 2834 Υἱὲ,
1464 2756 1541 2832 μὴ
1585 2755 1830 2836 ὀλιγώρει
1864 2754 1988 2836 (25]

2079 2751 2237 2813 enim
2263 2752 2476 2830 ablata,
2498 2774 2747 2818 necesse
2772 2763 2863 2818 est
2880 2764 3091 2821 utcum
3117 2776 3186 2820 ea
3217 2757 3465 2820 morbus
3485 2758 3725 2821 aufera-

344 2846 582 2930 παιδείας
642 2851 850 2930 Κυρίου,
911 2847 1046 2926 μηδὲ
1104 2846 1291 2905 ἐκλύου
1344 2844 1431 2903 ὑπ’
1494 2846 1653 2904 αὐτοῦ
1691 2845 1988 2925 ἐλεγχόμε-

2079 2847 2194 2903 tur.
2218 2842 2293 2904 Et
2315 2843 2577 2907 simulac
2596 2844 2781 2909 dixit:
2823 2870 2850 2902 α
2879 2844 3021 2923 Fili,
3046 2846 3428 2910 dimittuntur
3446 2848 3551 2910 tibi
3582 2866 3731 2929 pec-

348 2959 458 3000 νος.
519 2923 612 2997 "Ov
670 2923 770 3018 γάρ
823 2923 1004 3017 ἀγαπᾷ
1064 2938 1247 3016 Κύριος
1305 2933 1537 2993 παιδεύει
1574 2980 1590 2997 .
1640 2923 1899 3012 μαστιγοῖ
1943 2931 1988 2988 δὲ

2079 2937 2208 2991 cata
2229 2938 2348 3008 tua,
2366 2957 2392 2990 ι)
2422 2934 2593 3013 erigit
2610 2934 2913 3015 paralytici
2939 2944 3192 2999 mentem
3212 2945 3271 2999 et
3286 2923 3735 3018 dejectam'ejus

347 3027 520 3084 πάντα
575 3029 683 3085 υἱὸν
740 3028 796 3083 ὃν
854 3024 1237 3106 παραδέχεται.
1303 3047 1328 3082 ι
1413 3032 1516 3083 Τοῦ
1579 3024 1774 3088 πάθους
1829 3022 1988 3080 τοίνυν

2081 3035 2343 3081 animam
2372 3022 2609 3084 excitat.
2642 3021 2909 3086 Verbum
2936 3024 3095 3087 enim
3120 3045 3271 3106 opus
3289 3025 3507 3088 factum
3530 3034 3643 3103 est,
3673 3039 3733 3090 et

348 3116 447 3182 τὴν
503 3116 666 3196 ῥίζαν,
724 3113 886 3194 ἤγουν
943 3115 1042 3181 τὴν
1103 3113 1391 3190 ἁμαρττίαν
1447 3111 1692 3169 ἐκκόπτει
1748 3113 1988 3192 πρότεροι

2089 3106 2152 3169 in
2182 3110 2611 3173 conscientiam
2662 3112 2890 3176 intrans
2937 3114 3054 3195 ipsi
3099 3115 3313 3179 animae
3358 3116 3624 3199 adhaesit,
3671 3123 3730 3181 et

353 3207 381 3261 6
437 3205 684 3284 Χριστός.
758 3202 1141 3283 Ἐξαιρεθείσης
1213 3204 1312 3281 γὰρ
1368 3202 1587 3277 ταύτης,
1652 3202 1859 3281 ἀνάγκη
1910 3201 1988 3260 καῖ

2088 3216 2326 3262 omnem
2357 3218 2639 3280 angorem
2657 3202 2853 3282 ejecit.
2879 3203 3044 3269 Nihil
3066 3204 3225 3267 enim
3252 3204 3335 3266 ita
3359 3205 3732 3270 timiditatem

346 3294 449 3362 τὴν
517 3293 670 3350 νόσον
735 3296 1187 3372 ωναναιρεθῆναι,
1258 3294 1381 3368 Καὶ,
1448 3315 1472 3346 ι
1536 3289 1751 3367 Τέκνον,
1812 3292 1988 3367 εἰπὼν1

2084 3305 2153 3348 ac
2185 3294 2503 3351 tremorem
2554 3289 2769 3370 injicit,
2817 3298 2881 3353 ut
2926 3300 3303 3372 peccatorum
3333 3294 3724 3359 conscientia.

349 3381 614 3462 ἀφέωνταί
680 3404 763 3440 σοι
831 3385 884 3438 αἱ
954 3381 1203 3461 ἁμαρτίαι
1273 3402 1388 3456 σου,
1483 3400 1508 3437 ι
1597 3379 1839 3447 ἀνιστησι
1908 3390 1988 3440 τοι

2083 3372 2244 3439 Nihil
2274 3394 2413 3439 vero
2444 3396 2650 3440 sursus
2676 3378 2957 3459 gaudium
2982 3388 3221 3462 praestat
3246 3389 3306 3443 et
3334 3381 3611 3445 ﬁduciam
3643 3385 3732 3446 in-

345 3468 652 3549 παραλύτου
717 3472 780 3527 τὸ
847 3470 1135 3551 φρόνημα,
1190 3470 1278 3526 καὶ
1348 3466 1586 3548 διεγείρει
1657 3465 1997 3537 καταϐεϐλη-

349 3558 520 3635 μένην
548 3559 705 3615 αὒτοῦ
733 3560 830 3627 τὴν
860 3550 1068 3639 ψυχήν.
1124 3550 1181 3617 Ὀ
1235 3560 1335 3638 γὰρ
1382 3556 1541 3637 λόγος
1580 3555 1729 3638 ἔργον
1762 3556 1992 3637 ἐγένετο,

346 3648 434 3704 καὶ
483 3649 557 3711 εἷς
596 3650 657 3704 τὸ
700 3646 929 3712 συνειδὸς
978 3646 1246 3719 εἰσελθὼν,
1300 3646 1464 3714 αὐτῆς
1511 3649 1712 3718 ἥπτετο
1761 3652 1860 3715 τῆς
1890 3650 1998 3723 ψυ-

348 3740 481 3811 ψῆς,
534 3738 621 3793 καὶ
668 3743 841 3794 πᾶσαν
896 3736 1124 3815 ἀγωνίαν
1176 3733 1441 3801 ἐξέϐαλεν.
1494 3732 1648 3793 Οέδῖθ
1690 3736 1802 3815 γὰρ’
1839 3733 2004 3800 οὕτως

2082 3463 2268 3541 ducit,
2324 3474 2386 3528 ut
2435 3467 2595 3530 nulla
2639 3469 2812 3550 culpa
2858 3469 3215 3536 remorderi.
3265 3470 3477 3533 Filium
3527 3480 3727 3536 autem

2080 3553 2644 3636 paralyticumvocat
2668 3558 2978 3634 Dominus,
3007 3567 3107 3621 aut
3129 3558 3457 3623 secundum
3474 3561 3728 3623 creatio-

2080 3641 2611 3727 nisrationem,aut
2628 3653 2906 3727 tanquam
2932 3646 3299 3729 credentem,
3316 3649 3569 3731 autquia
3591 3649 3732 3713 huic

2092 3739 2467 3814 peccatorum
2481 3752 2722 3796 suorum
2734 3736 2964 3798 veniam
2977 3736 3119 3799 dare
3144 3735 3420 3801 debebat.
3447 3736 3731 3802 Ubienim

344 3822 565 3899 ἐμποιεῖ
621 3823 815 3882 δειλίαν
872 3827 961 3881 καὶ
1016 3823 1198 3905 φόϐον,
1251 3827 1324 3889 ὡς
1376 3823 1773 3903 ἁμαρτημάτων
1826 3825 1988 3881 συνεί·

2093 3832 2177 3885 cst
2203 3830 2578 3905 peccatorum
2593 3823 2889 3901 remissio,
2906 3824 2989 3887 ibi
3008 3834 3097 3888 est
3114 3826 3415 3906 generatio
3438 3826 3729 3908 quaedam.

349 3911 499 3981 δησις
556 3929 571 3945 ⁶
635 3912 780 3972 ο-Βδὲν
835 3912 891 3970 δὲ
950 3913 1110 3971 πάλιν
1158 3912 1321 3978 οὕτως
1375 3911 1570 3982 ἡδονὴν
1620 3911 1866 3992 παρέχει,
1915 3937 1982 3971 κα

2090 3911 2175 3975 Ita
2193 3913 2370 3994 igitur
2391 3921 2449 3975 et
2468 3932 2601 3991 nos,
2628 3914 2867 3991 fratres,
2892 3934 3011 3977 non
3035 3914 3197 3995 prius
3220 3915 3519 3996 possimus
3539 3915 3730 3981 Deum

347 4003 555 4083 θαῤῥεῖν
611 4004 1015 4083 παρασκευάζει,
1075 4005 1148 4069 ὡς
1209 4004 1270 4059 τὸ
1321 4001 1485 4079 μηδὲν
1545 4002 1729 4059 ἑαυτοῦ
1783 4024 1988 4083 καταγι-

2089 4007 2363 4066 invocare
2391 4022 2566 4084 quam
2594 4003 2652 4064 in
2687 4003 3057 4084 baptismatis
3077 4004 3307 4086 piscina
3325 4014 3566 4087 peccata
3584 4005 3728 4070 abs-

349 4092 594 4153 νώσκειν.
654 4092 845 4149 Τέκνον
903 4090 957 4148 δὲ
1007 4092 1272 4168 ὀνομάζει,
1331 4092 1420 4146 τὸν
1468 4088 1764 4169 παράλυτον
1817 4089 1845 4147 ὸ
1900 4092 1988 4149 Κύ·

2093 4099 2413 4173 tergamus.
2447 4089 2693 4165 Quando
2723 4092 2864 4155 inde
2883 4092 3173 4171 redimus,
3194 4093 3428 4157 funesto
3451 4093 3552 4157 illo
3576 4115 3731 4175 ponq

348 4204 483 4262 ριος,
532 4178 568 4248 ἢ
625 4180 757 4238 κατά
811 4181 899 4236 τὸν
947 4184 1045 4247 τῆς
1094 4176 1436 4260 δημιουργίας
1485 4177 1646 4258 λόγον
1697 4177 1734 4247 ἢ
1783 4179 1872 4234 καὶ
1928 4182 1988 4237 ὧι

2089 4182 2235 4245 dere
2264 4180 2553 4263 deposito,
2587 4180 2730 4242 illud
2764 4180 3041 4258 dicimus,
3072 4181 3247 4244 Pater
3276 4191 3503 4259 noster,
3536 4184 3638 4265 qui
3668 4203 3733 4249 es

344 4269 692 4327 πιστεύσαντα
739 4266 776 4336 ἢ
827 4266 959 4325 διότι
1010 4274 1137 4362 τῶνν
1160 4269 1563 4349 ἁμαρτημὰτων
1617 4270 1759 4342 αὗτῷ
1810 4266 1988 4344 ἔμελλε

2084 4272 2146 4334 in
2163 4269 2352 4362 uelis.
2371 4268 2499 4362 _¢_Et
2519 4288 2660 4362 ecce
2677 4269 2916 4352 quidam
2935 4269 3010 4335 de
3027 4269 3255 4336 Scribis
3275 4270 3559 4335 dixerunt
3572 4272 3731 4337 intra

344 4355 518 4417 δοῦναι
571 4357 671 4419 τὴν
753 4355 935 4436 ἄφεσιν
1011 4372 1025 4386 ’
1112 4355 1269 4415 Ἐνθα
1300 4358 1401 4437 γὰρ
1430 4356 1827 4436 ἀμαρτημάτων
1859 4355 1988 4439 ἄφε-

2080 4382 2148 4425 se
2180 4380 2196 4424 :
2230 4359 2341 4422 Hic
2370 4358 2760 4440 blaSphemat.
2800 4385 2829 4419 ι

342 4478 449 4536 σις,
523 4454 637 4512 ἐκεῖ
687 4455 792 4512 ’καὶ
857 4455 1106 4514 υἱοθεσία.
1165 4454 1316 4513 Οὕτω
1384 4457 1555 4514 τοίνυν
1630 4457 1718 4512 καὶ
1787 4458 1978 4534 ἡμεῖς,
2030 4453 2245 4535 ἀδελφοί
2303 4473 2427 4527 μου,
2487 4451 2547 4506 οὒ
2601 4451 2853 4530 πρότερον
2921 4448 3183 4529 δυνήμεθα
3245 4448 3370 4532 (26)
3424 4452 3725 4533 προσκαλέ-

343 4567 431 4603 σαι
498 4545 591 4602 τὸν
649 4546 803 4625 Θεὸν,
850 4544 950 4607 ἓως
1022 4541 1085 4599 ἂν
1146 4543 1200 4600 ἐν
1268 4550 1336 4620 τῇ
1391 4544 1726 4626 κολυμϐήθρᾳ
1808 4555 1903 4607 τοῦ
1974 4545 2337 4625 βαπτίσματος
2392 4540 2457 4595 τὰ
2526 4540 2883 4618 ἁμαρτήματα
2945 4540 3349 4618 ἀπονιψώμεθκ.
3435 4549 3537 4599 Οτε
3604 4552 3729 4621 γοῦν

342 4634 544 4691 ἐκεῖθεν
632 4631 953 4709 ἀνέλθωμεν,
1045 4633 1106 4687 τὸ
1174 4634 1406 4713 πονηρὸν
1505 4634 1681 4691 ἐκεῖνο
1776 4637 1983 4717 φορτίον
2040 4632 2378 4708 ἀποθέμενοι,
2450 4627 2571 4683 τότε
2601 4627 2857 4717 ,λέγομεν
2922 4630 3005 4706 τὸ,
3082 4631 3254 4710 Πάτερ
3322 4632 3505 4709 ἡμῶν,
3574 4635 3603 4689 6
3673 4633 3728 4692 ἐν

341 4736 460 4786 τοῖς
484 4723 750 4802 οὒρανοϊς.
804 4742 827 4778 tl
865 4722 965 4780 Καὶ
991 4718 1100 4778 ἰδοὺ
1129 4722 1265 4785 τινὲς
1303 4728 1407 4779 τῶν
1438 4715 1800 4803 Γραμματέων
1829 4715 1985 4782 εἶπον
2018 4724 2071 4782 ἐν
2107 4724 2344 4793 ἑαυτοῖς,
2371 4719 2535 4780 Οὗτος
2566 4715 2898 4797 βλασφημεῖ.
2936 4742 2964 4774 ι

422 4809 887 4883 Ἐσκανδαλίζοντο
944 4814 992 4868 οἱ
1061 4817 1428 4891 Γραμματεϊς,
1497 4813 1585 4869 καὶ
1653 4811 1985 4893 ἐθορυϐοῦντο

2154 4804 2716 4872 Scandalizabantur
2744 4803 2968 4889 Scriba:
2997 4815 3054 4868 et
3079 4807 3479 4888 agitabantur,
3502 4808 3726 4874 invidia

341 4902 445 4959 ὑπὸ
514 4901 701 4982 φθόνου
771 4901 860 4957 καὶ
930 4900 1217 4977 βασκανίας
1285 4901 1573 4978 τηκόμενοι
1650 4924 1663 4938 ·
1737 4901 1819 4962 δαὶ
1888 4905 1987 4985 γὰρ

2079 4904 2130 4959 et
2159 4896 2294 4959 odio
2325 4894 2613 4985 corrupti.
2639 4893 2875 4985 Etenim
2898 4895 3115 4978 saepius
3131 4897 3404 4961 viderant
3425 4897 3725 4964 Christum

343 4988 602 5054 πολλάκις
675 4988 820 5046 εἶδον
888 4991 978 5046 τὸν
1047 4991 1270 5068 Χριστὸν
1336 4990 1735 5057 ἐξουσιαστικῶς
1804 4982 1988 5059 νόσους

2079 4985 2313 5049 morbos
2333 5002 2467 5050 cum
2486 4982 2736 5066 imperio
2758 4982 3056 5065 fugantem
3078 4992 3139 5050 et
3153 4986 3448 5051 daemonia
3469 4987 3723 5068 ejicien-

431 5168 555 5248 (18)
593 5189 618 5225 α
644 5167 896 5248 ῘΕπειδᾶν
925 5203 1005 5215 -
1030 5169 1329 5242 ἀσθενήσει.
1353 5193 1381 5227 κ
1408 5171 1547 5233 Haec
1574 5178 1661 5232 est
1688 5169 1865 5234 lectio
1883 5190 1990 5235 co-

346 5246 499 5335 dicis
526 5249 598 5335 Β,
641 5246 707 5311 In
726 5249 872 5335 _COd.
922 5250 999 5312 Α.
1052 5249 1260 5335 vitiose
1314 5249 1532 5335 legitur
1563 5267 1578 5314 ζ
1613 5248 1858 5310 Ἐπειδὰν
1890 5254 1990 5335 γὰρ

345 5332 391 5385 οἱ
411 5337 504 5387 τοῦ
530 5331 673 5407 ζώου
697 5332 1044 5406 οἱκονομοῦσα
1072 5328 1285 5407 δύναμις
1316 5328 1585 5403 ἀσθενήσι,

455 5410 556 5492 ί
594 5431 617 5467 α
653 5401 935 5492 ΪΑμαρτίες
964 5412 1135 5492 τινάς,
1172 5401 1208 5471 »-
1232 5401 1504 5492 Αμαρτίαν
1527 5412 1664 5477 τινά,
1698 5419 1760 5474 Β.

453 5488 553 5566 90)
589 5511 618 5551 α
653 5488 942 5556 Ἀσθενετς.
991 5514 1019 5546 ιι
1053 5506 1074 5551 I
1104 5491 1238 5555 Cor.
1272 5488 1372 5564 XI,
1405 5491 1506 5556 30.

453 5569 547 5645 21)
583 5596 611 5627 α
642 5569 904 5629 Ἐνώπιόν
935 5572 1056 5631 εἶσι.
1096 5595 1120 5631 I
1156 5571 1328 5637 Prov.
1361 5569 1432 5649 ν,
1464 5577 1565 5638 21.

424 5652 547 5733 (92)
586 5675 609 5708 σ
647 5651 981 5744 Περιπίπτειν
1008 5654 1129 5744 τοὺς
1157 5653 1483 5744 ἀνθρώπους.
1537 5679 1565 5710 ι
1596 5654 1754 5744 ’Τοὺς
1783 5652 1988 5735 ἀνθρώ-

222 5785 231 5794 .
339 5753 472 5797 πους
503 5734 759 5813 correxi,
792 5750 900 5815 pro
928 5745 1045 5797 mc
1090 5734 1407 5816 ἀνθρώποις,
1457 5734 1617 5816 quod
1645 5751 1987 5819 repereram

2072 5164 2134 5228 in
2164 5167 2300 5230 cod.
2329 5167 2405 5233 A.
2438 5163 2634 5231 Codex
2662 5169 2731 5231 B.
2766 5163 3002 5231 omissis
3030 5166 3149 5232 τοὺς
3183 5166 3514 5250 ἀνθρώπους,
3546 5169 3729 5234 habet

2071 5263 2404 5314 περιπεσεῖν,
2430 5310 2440 5314 ,
3174 5311 3182 5314 λ
3272 5294 3279 5307 .

2143 5271 2440 5333 ριττεσεῖνἠ
3156 5311 3183 5335 η
3272 5294 3279 5307 .

2156 5328 2279 5410 (23)
2330 5353 2358 5384 α
2430 5338 2567 5411 ῼστε
2630 5409 2639 5411 _
2699 5341 2821 5411 ταῖς
2851 5328 3047 5393 νόσοις.
3088 5350 3117 5384 ι
3158 5338 3309 5411 ΔΩστε
3337 5326 3639 5411 δασμήχειν
3670 5327 3723 5397 ἐξ

2072 5408 2344 5488 ἁμαρτιῶν
2372 5410 2493 5474 τοὺς
2525 5409 2933 5488 ἐνειλημμένους
2960 5422 3084 5471 ταῖς
3111 5408 3312 5488 νόσοις,
3329 5417 3401 5488 7B.

2154 5432 2184 5466 α
2217 5432 2344 5467 τιων
2372 5432 2493 5474 τυυς
2525 5432 2933 5488 ενειΛημμενους
2960 5432 3084 5471 ταῖς
3111 5432 3309 5473 νοσοις.
3339 5432 3401 5473 υ,

2154 5432 2273 5569 (‘54)
2311 5512 2337 5546 α
2371 5490 2526 5565 Πόνῳ
2552 5493 2639 5548 καὶ
2671 5491 2910 5569 μάστιγι.
2944 5509 2975 5550 ι
3009 5489 3231 5569 Jere_m.
3265 5487 3366 5566 VI,
3399 5490 3459 5554 7.

2313 5588 2344 5630 (
2376 5568 2483 5651 Υἱὲ,
2519 5572 2605 5651 μὴ
2627 5567 2900 5650 ὀλιγώρει,
2927 5570 3097 5651 Prov.
3130 5567 3243 5651 HI,
3271 5570 3371 5651 11.

2114 5649 2279 5793 16262
2319 5674 2347 5707 α
2383 5648 2769 5731 Προσκαλέσαι.
2801 5648 2850 5706 in
2905 5650 3109 5731 Πατέρα
3162 5648 3404 5716 καλέσαι.
3460 5650 3530 5718 Β,
3561 5651 3721 5736 quod

2136 5747 2242 5793 ace
2279 5776 2296 5793 ο

2072 5737 2296 5816 placet.
