4156 6386
471 405 628 472 1255

1549 400 1606 466 J.
1652 399 2043 468 XIPHILINI
2087 382 2203 467 cP.
2249 401 2775 476 PATRIARCHIE

3707 409 3878 489 1256

468 547 586 602 tem
619 547 676 603 et
702 537 894 601 ventis
925 538 1198 619 marique
1250 535 1626 598 minitantem
1660 542 1718 598 et
1749 535 1950 599 omnia
1977 534 2106 598 haec

2201 539 2577 635 φυγαδεύοντα,
2627 545 2716 635 καὶ
2767 543 3016 622 δαίμονας
3088 547 3450 610 ἀπελαύνοντα
3513 557 3604 612 καί
3649 557 3874 635 ἀνέμοις

469 649 646 712 supra
662 632 989 692 humanum
1027 629 1266 690 modum
1293 635 1662 709 operantem.
1691 625 1810 690 Sed
1840 627 1952 700 illi,
1988 646 2122 690 cum

469 720 724 801 propriis
771 718 1202 800 cupiditatibus
1259 724 1709 798 torquerentur,
1759 716 2035 779 inﬁdeles
2067 725 2126 778 et

467 810 684 888 ingrati
716 809 1137 872 existimabant
1169 808 1413 870 easdem
1449 814 1506 868 et
1533 805 1720 869 Deum
1755 805 1902 887 pati.
1929 807 2123 887 Atque

467 899 715 961 aliorum
749 898 1059 962 beneﬁciis
1092 897 1446 960 insidiantes
1495 895 1834 972 turbantur,
1873 905 1931 958 et
1959 895 2123 957 indi-

466 998 742 1069 gnantur,
771 998 827 1051 et
851 995 1243 1069 murmurant,
1267 995 1322 1048 et
1341 986 1731 1067 blasphemiis
1757 985 2122 1049 Salvatorem

468 1077 850 1140 etDominum
865 1087 1167 1140 accusant.
1199 1102 1226 1133 ιι
1255 1077 1480 1140 Videns
1493 1085 1690 1138 autem
1712 1075 1884 1140 Jesus
1902 1075 2124 1154 cogita-

465 1167 660 1230 tiones
686 1186 915 1242 eorum,
936 1167 1081 1229 dixit
1110 1186 1123 1229 :
1151 1165 1346 1240 Quare
1370 1167 1638 1246 cogitatis
1658 1164 1810 1227 mala
1834 1165 1894 1225 in
1925 1164 2119 1227 cordi-

464 1253 578 1317 bus
608 1255 819 1318 vestris
839 1263 868 1319 ?
892 1255 1047 1318 Ecce
1079 1265 1136 1318 et
1157 1255 1513 1316 alterumhic
1533 1263 1593 1317 et
1625 1274 1742 1316 non
1776 1253 2021 1316 dubium
2056 1265 2118 1316 et

467 1345 846 1409 manifestum
870 1365 990 1408 suae
1009 1345 1337 1407 divinitatis
1363 1346 1596 1422 signum
1623 1343 1892 1406 Christus
1917 1352 2123 1406 osten-

465 1433 571 1512 dit,
605 1443 663 1497 et
695 1452 816 1497 suae
846 1455 980 1497 cum
1024 1435 1197 1497 Patre
1249 1434 1623 1515 aequalitatis.
1677 1433 1930 1496 Novisse
1962 1432 2122 1495 enim

463 1523 733 1585 cordium
763 1543 999 1602 sensus,
1030 1523 1214 1586 solius
1256 1526 1346 1584 e'st
1388 1522 1518 1584 Dei.
1571 1521 1864 1586 Similiter
1888 1532 1950 1583 et
1979 1539 2124 1602 pec-

463 1620 592 1674 cata
611 1613 928 1676 dimittere.
963 1612 1228 1693 Sriptum
1253 1619 1342 1674 est
1367 1611 1562 1674 enim:
1600 1637 1624 1668 ιι
1652 1611 1737 1673 Tu
1760 1609 1914 1672 nosti
1945 1610 2126 1672 corda

463 1701 647 1764 solus.
666 1727 691 1758 ιι
717 1701 789 1763 Ει
809 1720 1044 1764 rursum
1070 1724 1082 1766 :
1110 1700 1426 1765 «Scrutans
1442 1701 1623 1762 corda
1638 1708 1696 1762 et
1710 1698 2080 1762 renesDeus.
2094 1724 2118 1756 η

463 1788 538 1854 Et
558 1790 738 1853 alibi:
778 1816 804 1847 α
839 1790 1027 1852 Homo
1059 1791 1300 1872 quidem
1323 1789 1816 1862 videbitvultum,
1848 1781 2183 1850 Deusau-B
2207 1790 2338 1840 Θεοῦ
2400 1804 2412 1818 ο

460 1880 1053 1942 temintuebiturcor.
1090 1905 1115 1936 ι)
1149 1877 1725 1957 CumigiturScribae
1744 1883 2125 1958 peccatorum

461 1967 906 2040 remissionem,
963 1985 1093 2049 quae
1141 1966 1532 2048 impossibilis
1580 1966 1727 2047 ipsis
1775 1965 2113 2038 videbatur,

463 2073 584 2117 non
643 2064 943 2137 acceptam
1003 2057 1376 2132 habuissent,
1427 2054 1578 2124 dicit
1629 2054 1788 2136 quod
1847 2055 2117 2137 sequitur

464 2144 756 2221 Christus,
785 2154 849 2207 ut
867 2162 984 2208 non
998 2145 1370 2225 ambiguum:
1405 2169 1432 2201 ιι
1461 2143 1659 2217 Quare
1680 2143 1946 2224 cogitatis
1964 2147 2117 2208 mala

461 2232 522 2295 in
548 2234 828 2297 cordibus
845 2233 1098 2298 vestris?
1118 2259 1142 2293 ιι
1157 2235 1271 2297 Per
1287 2236 1398 2297 hoc
1413 2234 1554 2297 illuc
1577 2233 1743 2316 prius
1758 2233 2118 2296 confirmans

464 2330 525 2385 et
553 2323 806 2405 quodam
842 2324 1016 2386 modo
1067 2323 1294 2387 Scribis
1344 2325 1552 2386 dicens
1605 2324 1910 2385 neminem
1943 2343 2118 2403 posse

463 2421 702 2492 peccata
749 2413 1071 2490 dimittere,
1106 2412 1221 2475 nisi
1271 2413 1373 2476 ille
1406 2413 1569 2474 solus
1599 2412 1702 2493 qui
1732 2413 2115 2492 cogitationes

461 2499 770 2563 hominum
800 2502 982 2565 videt.
1023 2527 1046 2559 ε
1099 2501 1251 2575 Quid
1283 2505 1442 2564 enim
1474 2501 1707 2564 facilius
1740 2509 1830 2563 est
1858 2501 2062 2564 dicere
2094 2517 2110 2566 :

462 2587 865 2654 Remittuntur
885 2591 992 2653 tibi
1024 2599 1286 2672 peccata,
1315 2611 1388 2654 an
1413 2591 1619 2654 dicere
1647 2610 1661 2652 :
1699 2589 1884 2670 Surge
1908 2597 1965 2651 et
1985 2609 2115 2652 am-

421 2731 424 2736 .
466 2675 646 2739 bula?
668 2703 690 2736 n
720 2679 862 2743 Cum
884 2680 1045 2742 enim
1067 2679 1629 2761 blasphemusvobis
1651 2677 2110 2759 videor,inquit,

465 2763 725 2830 oSribze.
747 2767 965 2849 quippe
996 2769 1096 2850 qui
1127 2782 1371 2848 peccata
1403 2768 1694 2830 dimittam
1734 2774 1793 2829 et
1819 2768 2114 2847 meipsum

462 2853 587 2917 Deo
620 2874 821 2930 parem
851 2856 1084 2932 faciam,
1110 2857 1470 2939 respondete
1500 2855 1649 2918 mihi
1679 2855 1861 2936 ;quid
1884 2855 2116 2918 facilius

459 2950 552 3004 est
578 2943 820 3008 dicere:
872 2944 1266 3008 Dimittuntur
1314 2945 1422 3008 tibi
1469 2952 1713 3027 peccata
1760 2953 1880 3019 tua,
1914 2961 1988 3004 an
2019 2943 2114 3005 di-

460 3049 636 3094 cere:
673 3031 861 3114 Surge
914 3044 972 3097 et
1019 3034 1306 3097 ambula?
1361 3036 1552 3100 Erant
1581 3041 1781 3096 autem
1813 3034 1938 3095 haec
1968 3031 2111 3110 duo,

2277 629 2292 652 κ
2773 655 2803 670 ,-
2876 640 2904 652 ~
2949 659 2976 670 _
3332 641 3345 661 ρ
3601 655 3625 665 ς..
3743 629 3781 665 ’ἢ

2207 651 2295 685 και
2371 629 2609 708 θαλάσσῃ
2685 631 3037 710 ἐπιιιμωνια,
3111 639 3200 695 καὶ
3274 663 3447 699 παντα
3532 667 3696 705 ταυτα
3751 667 3872 704 οια-

2206 719 2566 797 πραττόμενον
2623 723 2754 801 ὑπερ
2807 722 3100 803 ἄνθρωπον.
3176 725 3325 785 Ἀλλ’
3379 730 3575 790 ἐκεῖνοι
3633 736 3698 792 τὰ
3752 735 3871 794 ἴδια

2204 807 2347 874 πάθη
2419 806 2768 883 ἐκδικοῦντες,
2817 813 2876 898 ,οἱ
2935 811 3176 878 ἀπειθεῖς
3230 819 3319 874 καὶ
3371 819 3700 898 ἀγνώμονες,
3751 823 3870 882 ἐδό-

2203 915 2330 954 κουν
2385 898 2476 953 τὸν
2547 900 2678 955 Θεὸν
2748 897 2976 958 ἐκδικεῖν
3038 920 3053 939 '
3115 905 3202 960 καὶ
3258 919 3380 970 ταῖς
3422 897 3630 989 ἑτέρων
3685 915 3871 992 εὐεργε

2203 985 2341 1049 σίαις
2400 983 2851 1064 ἐπιϐουλεύοντες,
2935 991 3281 1071 ταράττονται
3357 998 3447 1054 καὶ
3501 983 3869 1077 ἀγανακτῶν-

2203 1096 2292 1138 τες
2367 1073 2491 1156 (27)
2567 1079 2655 1134 καὶ
2721 1081 3058 1158 γογγύζουσι,
3130 1084 3219 1139 καὶ
3288 1073 3631 1168 βλασφημίαν
3698 1112 3871 1158 κατη-

2206 1172 2419 1243 γοροῦσι
2462 1173 2556 1223 τοῦ
2611 1174 2863 1247 Σωτῆρος
2922 1171 3009 1226 καὶ
3067 1173 3361 1236 Δεσπότου.
3428 1195 3452 1231 α
3517 1173 3665 1233 Ἰδὼν
3726 1175 3781 1234 δὲ
3833 1181 3868 1236 ὁ

2199 1247 2405 1342 Ἰησοῦς
2461 1253 2555 1318 τὰς
2613 1255 2922 1332 ἐνθυμήσεις
2980 1257 3174 1334 αὖτῶν,
3235 1260 3388 1319 εἶπεν
3439 1281 3452 1295 ·
3517 1254 3673 1322 Ἰνατί
3703 1267 3868 1342 ὑμεῖς

2209 1337 2511 1433 ἐνθυμεῖσθε
2541 1345 2749 1424 πονηρὰ
2803 1345 2857 1402 ἐν
2913 1359 3036 1410 ταῖς
3094 1347 3327 1426 καρδίαις
3384 1351 3583 1433 ὑμῶνς
3649 1378 3672 1410 ο
3729 1337 3867 1412 ἱἰδοὺ

2207 1433 2296 1488 καὶ
2350 1430 2532 1524 ἕτερον
2562 1433 2832 1524 ἐνταῦθα,
2909 1438 2997 1494 καὶ
3046 1437 3416 1516 ἀναντίρρητον
3487 1430 3576 1499 καί
3639 1446 3866 1524 φανερὸν

2207 1532 2436 1586 σημεῖον
2497 1519 2780 1579 δείκνυυσιν
2835 1525 2864 1581 6
2920 1527 3146 1604 Χριστὸς
3203 1532 3301 1594 τῆς
3371 1531 3528 1588 αὗτοῠ
3583 1519 3859 1606 θέδτητος,

2207 1608 2294 1663 καὶ
2351 1614 2450 1676 τῆς
2489 1612 2640 1700 ,πρὸς
2695 1613 2785 1700 τὸν
2843 1613 3050 1692 Πατέρα
3092 1613 3363 1683 ἰσότητος.
3421 1620 3492 1676 Τὸ
3547 1621 3648 1700 γὰρ
3703 1622 3866 1700 γινώ-

2208 1715 2354 1751 σκειν
2425 1699 2545 1763 τοὺς
2614 1697 2987 1780 διαλογισμοὺς
3043 1709 3148 1760 τῶν
3220 1704 3470 1785 καρδιῶν,
3529 1697 3690 1784 μόνου
3718 1697 3860 1768 ’ἐστὶ

2473 1789 2669 1878 δμοίως
2715 1791 2804 1846 καὶ
2851 1792 2912 1878 τὸ
2963 1790 3169 1872 ἀφιέναι
3219 1795 3500 1874 ἁμαρτίας,
3557 1798 3860 1878 Γέγραπται

2208 1873 2328 1952 γὰρ,
2369 1892 2398 1932 (
2431 1875 2503 1932 Σὺ
2562 1877 2837 1936 ἐπὶστασαι
2895 1877 3019 1960 (28)
3065 1879 3246 1945 καδίας
3299 1873 3604 1958 μονώτατος
3637 1873 3672 1921 λ’
3711 1910 3736 1944 ιι
3772 1887 3865 1945 καὶ

2204 1962 2388 2052 πάλιν.
2428 1984 2453 2021 ι
2488 1962 2720 2052 Ἐτάζων
2751 1966 2875 2047 (29)
2926 1967 3138 2048 καρδίας
3187 1971 3274 2027 καὶ
3305 1963 3519 2052 νεφροὺς
3549 1978 3576 2031 ὁ
3608 1977 3737 2040 Θεὸς
3771 1997 3786 2012 ·
3827 2001 3854 2036 ι

2197 2052 2285 2108 καὶ
2314 2051 2546 2145 ἀλλαχοι
2583 2070 2598 2084 ⁸
2639 2076 2664 2111 ιι
2701 2045 2886 2145 Ὀ-,μέν
2938 2045 3206 2134 ἄνθρωπος
3237 2045 3425 2135 ὄψεται
3460 2061 3603 2136 (29)°
3634 2066 3708 2129 εἰς
3730 2067 3860 2145 πρό-

2198 2163 2400 2219 σωπον,
2433 2145 2461 2200 6
2494 2141 2548 2200 δὲ
2579 2145 2708 2209 Θεὸς
2753 2144 2940 2222 ὄψεται
2985 2147 3058 2210 εἰς
3107 2145 3343 2228 καρδίαν.
3393 2174 3421 2207 ι
3475 2149 3623 2210 Ἐπεὶ
3669 2141 3858 2212 οὗν-οἱ

2197 2236 2540 2310 Γραμματεϊς
2599 2236 2660 2290 τὸ
2730 2233 2936 2314 ἀφιέναι
2992 2237 3274 2316 ἁμαρτίας,
3324 2241 3397 2304 ὡς
3446 2239 3694 2300 ἀδύνατον
3751 2248 3855 2304 αὒ-

2197 2333 2318 2385 τοτς
2374 2322 2534 2401 φανὲν
2582 2322 2680 2379 οὒκ
2724 2321 2982 2397 ἐδέξαντο,
3033 2322 3176 2402 λέγει
3225 2333 3379 2384 τοῦτο
3428 2327 3613 2387 λοιπὸν
3664 2333 3692 2388 6
3723 2339 3856 2412 Χρι-

2198 2409 2348 2488 στὸς,
2380 2411 2454 2473 ὡς
2486 2408 2864 2491 ἀναμφίϐολον,
2926 2413 2986 2468 τὸ
3041 2427 3054 2441 ⁸
3116 2436 3141 2469 ιι
3195 2404 3349 2494 ’Ἰναρί
3396 2416 3695 2493 ἐνθυμεῖσθε
3742 2404 3853 2476 πο-

2197 2496 2333 2570 νηρά
2361 2495 2414 2552 ἐν
2471 2511 2594 2562 ταῖς
2649 2497 2884 2576 καρδίαις
2940 2501 3137 2582 ὑμῶνς
3202 2524 3228 2557 υ
3294 2504 3392 2562 Διά
3432 2513 3584 2564 τοῦτο
3631 2508 3854 2566 κάκεῖνο

2199 2583 2448 2666 βεϐαιῶν,
2490 2587 2643 2677 dmi”
2661 2588 2854 2667 τρόπον
2908 2589 3026 2677 τινὰ
3082 2589 3252 2677 λέγων
3305 2594 3436 2672 πρὸς
3493 2597 3614 2659 τοὺς
3670 2601 3857 2676 Γραμο

2199 2687 2416 2750 ματετς,
2485 2673 2565 2731 ὅτι
2621 2673 2816 2742 Ὀντως
2867 2675 3031 2742 οὒδεὶς
3079 2676 3289 2736 δύναται
3331 2681 3537 2762 ἀφιέναι
3567 2673 3846 2765 ἁμαρτίας,

2198 2765 2241 2821 εἰ
2272 2765 2349 2839 μὴ
2393 2767 2474 2828 εἷς
2604 2761 2814 2841 βλέπων
2869 2767 2964 2831 τὰς
3021 2766 3329 2844 ἐνθυμήσεις
3384 2761 3490 2828 τῶν
3534 2761 3849 2853 ἀνθρώπων,

2203 2876 2232 2907 ι
2268 2854 2332 2912 Κὶ
2363 2853 2462 2933 γὰρ
2492 2852 2857 2941 εὐκοπώτερον
2899 2857 3090 2932 εἰπεῖν,
3143 2854 3435 2939 Ἀφέωνταί
3461 2882 3554 2917 σου
3579 2852 3638 2918 αἱ)
3673 2863 3855 2941 ἁμαρ-

2197 2945 2324 3021 τίαι,
2425 2926 2617 3023 εἰπεῖν,
2648 2926 2884 3026 ’ῙΕγειραι
2912 2949 3000 3004 καὶ
3029 2926 3307 3028 περιπάισει
3343 2968 3360 3028 ;
3411 2948 3628 3019 Ἐπειδὴ
3677 2926 3850 3028 βλάσ-

2198 2999 2378 3114 φημίος
2433 3035 2561 3110 ὑμῖν
2597 2999 2772 3117 ,δοκέῃ
2801 2999 2987 3116 Γφησὶν
3044 2999 3510 3118 ὦΓΓρρμμάτεϊς,
3569 3042 3640 3106 ὡς
3677 2999 3850 3122 Γάφεὶς

458 3138 587 3202 qum
646 3139 748 3184 eos
803 3122 1231 3205 interrogabat,
1291 3124 1415 3188 Deo
1474 3123 1719 3206 quidem
1774 3121 2110 3204 possibilia,

2201 3124 2480 3203 ἁμαρτίας,
2509 3126 2600 3181 καὶ
2648 3128 2722 3190 ὠς
2777 3125 2900 3183 ἴσον
2935 3126 3162 3203 ἐμαυτὸν
3209 3134 3376 3186 ποιῶν
3407 3137 3486 3205 τῷ
3538 3137 3676 3206 Θεῷ,
3709 3121 3852 3187 ἀπο-

458 3208 687 3272 homini
711 3218 906 3274 autem
931 3213 1348 3296 impossibilia.
1374 3212 1609 3276 Etenim
1645 3218 1892 3294 peccata
1906 3210 2115 3275 dimit-

459 3303 586 3361 tere
608 3299 792 3363 solius
819 3301 923 3364 Dei
958 3311 1072 3380 est,
1106 3303 1383 3366 similiter
1411 3310 1610 3365 autem
1635 3309 1697 3364 et
1729 3301 1972 3382 propria
2004 3319 2116 3382 po-

457 3392 666 3450 testate
681 3389 937 3453 excitare
959 3403 1016 3454 et
1032 3410 1242 3456 sanare
1261 3392 1674 3474 paralyticum;
1697 3388 1937 3453 Domini
1951 3388 2109 3451 enim

459 3483 548 3538 est
571 3495 807 3540 servum
840 3489 1188 3560 peccantem
1237 3481 1527 3561 castigare
1561 3500 1576 3541 :
1630 3479 1970 3558 castigantis
1999 3496 2112 3538 au-

457 3573 577 3626 tem
608 3585 676 3628 ac
706 3570 1039 3649 praesertim
1090 3573 1196 3634 Dei
1244 3571 1318 3634 ad
1368 3569 1843 3632 misericordiam
1873 3585 2113 3630 rursum

453 3651 766 3733 inclinare,
805 3665 862 3719 et
891 3658 1339 3739 castigationem
1375 3659 1630 3720 solvere.
1667 3657 1879 3720 Ablata
1907 3663 2111 3718 autem

458 3743 868 3822 castigatione,
922 3748 1240 3811 dimittitur
1287 3748 1531 3810 omnino
1579 3755 1917 3829 peccatum,
1951 3743 2114 3806 unde

456 3830 625 3912 plaga
654 3842 782 3896 orta
811 3844 956 3898 erat.
994 3837 1056 3900 Si
1092 3845 1288 3900 autem
1319 3845 1488 3900 curat
1516 3837 1830 3912 Dominus,
1864 3833 2112 3896 indubi-

455 3926 653 3984 tanter
683 3931 740 3985 et
769 3923 898 4004 ipse
946 3929 1216 4006 punivit;
1269 3927 1320 3989 si
1368 3936 1569 3990 autem
1628 3926 1821 4009 punit,
1853 3923 2108 3986 manife-

2197 3210 2409 3291 κρίθητέ
2456 3235 2571 3289 μοι,
2624 3226 2784 3273 ποῖον
2837 3214 3192 3297 εὐκολώτερον
3237 3219 3326 3275 καὶ
3376 3217 3744 3299 εὐχερέστερον
3774 3221 3850 3285 εἷς

2196 3301 2403 3382 πρᾶξιν,
2436 3325 2592 3388 τουτο
2621 3305 2681 3361 τὸ
2709 3307 2904 3378 εἰπεῖν,
2937 3302 3228 3388 Ἀφέωνται
3258 3329 3340 3365 σοι
3371 3311 3423 3364 αἱ
3453 3309 3700 3388 ἁμαρτίαι
3731 3331 3843 3385 σου,

2201 3392 2232 3462 ἢ
2290 3394 2480 3471 εἰπεῖν,
2540 3375 2776 3474 θΕγειραι
2832 3397 2920 3453 καὶ
2951 3397 3251 3476 περιπάτει.
3283 3385 3450 3454 Ἠσαν
3480 3396 3534 3453 δὲ
3565 3399 3650 3454 καὶ
3679 3397 3853 3479 ἀμφό-

2193 3503 2318 3560 τερα
2347 3490 2531 3560 ταῦτα,
2590 3486 2708 3564 περὶ
2754 3487 2828 3540 ὧν
2885 3485 3164 3564 ἠρώτησεν
3216 3487 3431 3561 αὐτοὺς,
3483 3493 3599 3562 Θεῷ
3630 3485 3725 3562 μὲν
3754 3483 3852 3541 δυ-

2196 3572 2348 3646 νατὰ,
2382 3573 2640 3654 ἀνθρώπῳ
2684 3575 2738 3631 δὲ
2794 3574 3020 3632 ἀδύνατα
3055 3593 3072 3610 ⁸
3129 3576 3216 3632 καὶ
3273 3577 3372 3655 γὰρ
3426 3577 3514 3632 καὶ
3542 3577 3603 3632 τὸ
3632 3575 3848 3632 ἀπιέναι

2196 3661 2476 3741 ἁμαρτίας,
2511 3670 2640 3720 Θεοῦ
2670 3664 2833 3741 μόνου
2878 3664 3042 3742 ἐστὶν,
3103 3665 3300 3740 ὁμοίως
3331 3663 3385 3720 δὲ
3415 3665 3502 3720 καὶ
3530 3666 3591 3720 τὸ
3620 3661 3739 3720 κατ’
3772 3662 3853 3730 ἐξ·

2196 3752 2372 3809 οὐσίαν
2401 3751 2604 3834 ἐγεῖραι
2634 3756 2721 3810 καὶ
2770 3753 3021 3834 ἀρτιῶσαι
3068 3756 3158 3811 τὸν
3213 3752 3511 3834 παράλυτον
3545 3770 3561 3785 °
3595 3751 3852 3810 δεσπότου

2195 3838 2295 3919 γὰρ
2325 3838 2434 3897 ἐστι
2463 3844 2524 3898 τὸ
2572 3841 2813 3915 κολάζειν
2842 3843 3052 3910 οἰκέτην
3082 3843 3452 3926 ἁμαρτάνοντα
3483 3860 3497 3876 ⁸
3532 3838 3848 3913 κολάζοντος

2195 3926 2250 3984 δὲ
2305 3930 2393 3986 καὶ
2451 3929 2682 3988 πάλιστα
2735 3939 2884 4007 Θεοῦ,
2945 3933 3006 3989 τὸ
3062 3933 3192 4010 πρὸς
3245 3930 3634 4011 φιλανθρωπίαν
3690 3929 3851 3988 πάλιν

455 4015 610 4099 stum
635 4019 725 4073 est
755 4013 840 4074 illi
866 4023 1218 4094 potestatem
1248 4035 1378 4080 esse
1401 4017 1774 4098 punitionem
1793 4012 2060 4076 solvendi
2087 4032 2104 4089 ;

2201 4015 2607 4094 ἱπονεύειν,ξκαὶ
2635 4020 2883 4079 ἀπολύειν
2934 4026 3032 4089 τῆς
3085 4021 3343 4099 μάστιγος
3378 4038 3394 4055 ο
3440 4025 3538 4087 τῆς
3568 4017 3622 4075 δὲ
3654 4020 3852 4095 μάστι-

457 4096 507 4157 si
532 4105 726 4160 autem
750 4119 1011 4185 poenam,
1039 4112 1097 4165 et
1117 4105 1306 4185 ipsam
1332 4096 1588 4186 culpam,
1613 4104 1773 4166 unde
1790 4119 1966 4184 paena
1989 4108 2120 4163 orta

454 4193 564 4249 est.
595 4211 623 4243 α
658 4189 733 4252 Ut
763 4202 964 4252 autem
993 4193 1194 4254 sciatis
1227 4193 1444 4256 Filium
1471 4192 1736 4256 hominis
1758 4198 2112 4272 potestatem

465 4275 690 4364 habere
717 4279 778 4339 in
808 4287 970 4342 terra
999 4281 1340 4346 dimittendi
1385 4291 1650 4364 peccata.
1710 4305 1735 4341 ο
1773 4281 1851 4344 Ut
1880 4278 2112 4359 sciatis,

466 4363 682 4448 inquit,
710 4385 845 4429 eum
877 4370 979 4450 qui
1025 4371 1193 4434 vobis
1237 4363 1414 4435 homo
1467 4371 1724 4445 videtur,
1760 4375 2113 4450 potestatem

465 4460 531 4514 ut
556 4453 744 4517 Deum
776 4458 1020 4536 habere,
1055 4469 1114 4523 et
1155 4461 1437 4525 noveritis
1476 4461 1774 4522 incertum
1807 4465 1866 4520 et
1899 4455 2116 4518 invisi—

466 4541 586 4604 bile
609 4563 680 4606 ex
700 4545 943 4610 visibili.
971 4550 1116 4612 Cum
1129 4551 1240 4610 sim
1260 4551 1420 4612 enim
1445 4553 1606 4614 Deus
1627 4547 1916 4621 Verbum,
1934 4548 2118 4609 homo

462 4629 652 4694 factus
685 4651 815 4695 sum
847 4653 954 4716 per
985 4638 1417 4718 providentiam
1460 4647 1518 4701 et
1547 4639 1609 4699 in
1641 4645 1798 4700 terra
1824 4653 2029 4698 versor
2059 4641 2119 4696 et

464 4719 687 4798 habito,
725 4731 783 4784 et
813 4733 1187 4803 peccatorum
1216 4728 1638 4791 remissionem
1661 4727 1818 4788 dono
1839 4725 1911 4787 iis
1935 4724 2038 4804 qui
2056 4721 2118 4783 in

465 4825 562 4870 me
583 4813 860 4875 credunt.
887 4811 1027 4876 Ideo
1049 4816 1195 4878 dixit
1221 4834 1235 4878 :
1277 4841 1305 4873 α
1333 4817 1394 4878 in
1419 4825 1597 4892 terra,
1622 4841 1648 4873 ιο
1678 4823 1740 4876 ut
1761 4813 2033 4876 ostendat
2055 4829 2120 4872 se

461 4894 526 4957 in
545 4897 721 4960 terris
749 4901 964 4981 visum,
991 4903 1178 4966 Deum
1208 4922 1340 4968 esse
1367 4905 1699 4968 secundum
1727 4908 2021 4970 naturam,
2057 4907 2117 4960 et

463 4992 529 5046 ut
573 4987 870 5052 discamus
907 5000 1154 5072 peccata
1203 4993 1266 5056 in
1322 5001 1486 5059 terra
1545 4992 1785 5056 dimitti.
1837 4988 2109 5062 Quandiu

463 5074 626 5165 enim
675 5096 881 5142 sumus
927 5081 989 5142 in
1038 5091 1221 5160 terra,
1273 5101 1588 5165 possumus
1638 5087 1882 5164 peccata
1911 5088 2113 5140 nostra

463 5163 730 5245 abluere,
759 5170 973 5234 fratres
998 5172 1140 5236 mei.
1169 5163 1485 5255 Postquam
1515 5163 1711 5235 autem
1734 5169 1875 5232 inde
1898 5168 2113 5247 migra-

709 5374 736 5406 “
769 5349 1246 5436 Ἀγᾳνκκτοῦντες.
1279 5382 1308 5415 κ
1345 5353 2000 5436 Corrigeéyayamoom.

707 5454 735 5486 α
768 5429 1170 5516 summm.
1203 5457 1234 5496 ι
1270 5436 1349 5500 ΙΙΙ
1375 5429 1710 5516 ΙὶθςξἾΠῘ,
1743 5435 1843 5516 39.

551 5507 683 5593 (29)
723 5534 748 5567 α
784 5510 1042 5593 Ἐτάξων.
1078 5540 1106 5575 ι
1126 5516 1391 5592 Ps.VIII,
1417 5507 1753 5580 16.Cod.B.
1779 5513 2117 5593 ἘλὼΚύριος

465 5583 674 5679 ξτάζων
723 5583 946 5679 iapyge
1019 5598 1106 5679 καὶ
1165 5583 1460 5676 δοκιμάζων
1514 5601 1752 5679 νεφρούς,
1813 5593 1975 5678 quod
2009 5583 2122 5655 'est

462 5662 688 5748 Jerem.
723 5662 938 5748 XVIII,
977 5675 1074 5739 10.

546 5745 705 5829 (29')
740 5773 770 5807 α
824 5745 1108 5833 Ανθρωπος
1139 5755 1351 5834 ὄψεται.
1382 5778 1414 5821 ι
1449 5759 1480 5822 1
1515 5757 1661 5841 Reg.
1692 5755 1846 5837 XVI,
1875 5753 1936 5822 Ἰ.

2200 4130 2292 4186 γος
2346 4107 2635 4186 ἀνεθείσης,
2693 4113 2729 4179 ἡ
2799 4111 3028 4190 ἁμαρτία
3095 4110 3306 4174 πάντως
3379 4109 3608 4189 ἀφίεται,
3662 4106 3727 4164 δί’
3783 4107 3853 4176 ἢν

2135 4197 2234 4285 DD
2264 4195 2452 4275 πληγῆ
2484 4200 2916 4281 συγκεχώρηται,
2973 4200 3031 4257 Εἰ
3088 4197 3143 4254 δὲ
3198 4199 3338 4255 ἰᾶται
3395 4201 3422 4254 6
3463 4199 3674 4277 Κύριος,
3705 4197 3850 4254 πάν-

2197 4306 2302 4350 τως
2331 4289 2418 4343 καὶ
2446 4288 2601 4354 αὐτὸς
2652 4287 2952 4348 ἐπαίδευσεν
2987 4308 3002 4324 ·
3061 4290 3106 4345 εἰ
3153 4286 3208 4344 δὲ
3264 4285 3519 4361 παιδεόει,
3585 4285 3744 4354 δῆλον
3774 4287 3849 4350 ὡς

2198 4371 2430 4439 ἐξουσίαν
2479 4375 2595 4457 ἔχει
2651 4378 2738 4435 καὶ
2794 4378 2892 4445 τὴν
2943 4375 3182 4435 παιδείαν
3233 4375 3385 4433 λύσαι
3420 4393 3434 4408 '
3471 4377 3514 4432 ei
3544 4373 3598 4431 δὲ
3627 4377 3850 4446 ταῦτην,

2199 4464 2286 4518 καὶ
2367 4465 2429 4520 τὸ
2497 4465 2898 4543 πλημμέλημα,
2953 4467 3219 4544 ’πάντως,
3299 4463 3366 4522 δι’
3437 4464 3566 4544 ὅπερ
3629 4466 3666 4533 ἡ
3731 4487 3854 4521 παι-

2201 4550 2332 4626 δεία,
2369 4540 2832 4637 συνεχώρην(30),
2938 4540 3041 4616 "Iv:
3080 4555 3135 4613 δὲ
3197 4554 3388 4632 εἰδῆτε,
3465 4540 3550 4612 ὅτι
3620 4554 3852 4621 ἐξουσίαν

2200 4640 2319 4721 ἔχει
2379 4645 2408 4700 6
2467 4648 2586 4711 Υἱὸς
2649 4654 2740 4726 τοῦ
2797 4646 3070 4726 ἀνθρώπου
3148 4647 3234 4703 ἐπι
3305 4651 3404 4713 τῆς
3475 4649 3577 4723 γῆς
3644 4643 3850 4724 ἀφιέναι

2200 4720 2478 4812 ἁμαρτίας.
2542 4755 2573 4796 )
2652 4720 2754 4796 ’ἱνα
2822 4720 3141 4816 γνωρίσηται
3200 4733 3350 4814 (31),
3417 4720 3597 4814 φησὶν,
3673 4720 3752 4788 δτι
3823 4734 3850 4788 6

2202 4821 2516 4901 φαινόμενος
2549 4826 2677 4901 ὑμῖν
2733 4825 3028 4907 ἅνθρωπος,
3090 4825 3337 4905 ἐχουσίαν
3383 4821 3502 4903 ἔχει
3560 4823 3633 4886 ώς
3693 4822 3849 4897 Θεὸς,

2195 4909 2440 4986 βλήψατε
2491 4915 2577 4970 καὶ
2633 4916 2997 4986 κατανοήσατε
3053 4915 3116 4970 τὸ
3176 4911 3372 4980 ἄδηλον
3423 4912 3510 4968 καὶ
3560 4912 3621 4968 τὸ
3659 4909 3851 4990 ἀφανὲς

2196 4999 2259 5054 ἐκ
2302 5008 2395 5056 τοῦ
2441 5011 2686 5083 φανεροῦ,
2743 5007 2873 5068 Θεὸς
2930 5005 3030 5083 γὰρ
3088 5002 3257 5080 Λόγος
3313 5003 3596 5080 ὑπαρχων.
3653 4997 3853 5077 ἔνθρω·

2193 5107 2294 5150 πος
2349 5087 2544 5168 γέγονα
2596 5089 2662 5147 δι’
2721 5092 3043 5168 οἰκονομίαν,
3104 5093 3193 5147 καὶ
3245 5089 3330 5146 ἐπὶ
3385 5094 3484 5154 τῆς
3541 5093 3644 5167 γῆς
3687 5084 3852 5143 πολι-

2193 5175 2412 5252 τεύομαι
2465 5180 2555 5236 καὶ
2604 5179 3015 5262 ἀναστρέφομαι,
3072 5179 3160 5236 καὶ
3208 5176 3607 5258 ἁμαρτημάτων
3665 5172 3850 5255 ἄφεσιν

2281 5356 2399 5438 (30)
2435 5383 2459 5421 ι
2493 5360 2875 5444 Συν-εχώρηκ»
2897 5357 3048 5444 ‘Hoc
3090 5357 3340 5418 fortasse
3369 5361 3564 5418 ortum
3596 5371 3668 5417 ex
3695 5372 3856 5412 συνε-

2200 5448 2452 5528 χωρῄθη.
2485 5438 2686 5505 (ἷοάέίί
2715 5438 2792 5528 Β.-
2818 5438 2999 5503 habet
3026 5448 3418 5528 σ-υγχωρεξται.

2282 5507 2604 5616 ζ31.)’·,,ινα
2631 5524 2976 5616 γνωρίσητοεις
3007 5507 3232 5616 ,Ἐάέῖβέ
3286 5507 3392 5616 ’ἕνα
3434 5517 3758 5616 γνωείεῖῖλῖῆ
3773 5521 3859 5616 1‘!

2201 5595 2433 5669 sciatis.
2469 5595 2826 5684 Saepe'enim
2857 5601 3112 5684 syllabas
3144 5595 3414 5679 ejusdem
3443 5595 3576 5662 Son'i
3598 5595 3663 5658 in
3684 5595 3859 5660 libris

2204 5685 2441 5769 scriptis
2469 5682 2758 5750 confundi
2788 5682 2965 5747 nemo
2995 5682 3250 5763 ignorat.
