4156 6452
255 396 278 451 1
294 394 407 461 257

1725 397 2158 464 ORATIONES

3408 420 3417 423 τ
3492 396 3647 497 ηεξ

246 539 511 613 δωροῦμαι
567 549 686 600 τοῖς
752 536 1079 592 πιστεύουσιν
1138 538 1211 601 εἰς
1267 537 1382 614 ἐμέ.
1443 538 1537 595 Δίὰ
1587 547 1739 597 τοῦτο
1788 537 1888 617 γὰρ

1989 532 2330 609 σὶῐηυε,ηοη
2351 551 2670 615 possumus
2682 540 3058 615 peccatorum
3078 532 3503 596 remissionem
3529 549 3642 615 per

250 622 427 703 εἶπεν,
465 641 495 681 «ἰ
541 623 626 680 ἐπὶ
671 630 771 691 τῆς
819 629 944 702 γῆς,
1005 648 1032 679 n
1082 626 1173 680 ’ἱνα
1216 623 1354 703 δείξῃ
1398 626 1479 683 ὅτι
1527 626 1616 683 καὶ
1664 625 1748 683 ἐπὶ
1800 633 1897 694 τῆς

251 716 351 788 γῆς
408 712 602 792 ὀφθεὶς,
666 713 795 776 Θεός
848 711 957 768 ἐστι
1008 714 1143 769 κατὰ
1206 715 1381 793 φύσιν,
1432 715 1521 772 καὶ
1566 715 1659 771 ’ίνα
1710 716 1897 791 μάθω-

251 820 348 884 μεν
403 798 483 855 ὅτι
541 799 625 857 ἐπὶ
678 806 776 868 τῆς
832 805 935 878 γῆς
1010 800 1246 881 ἀφένται
1327 807 1377 860 αἱ
1427 804 1675 884 ἁμαρτίαι
1738 802 1892 883 (32),

261 877 391 951 Ἐως
447 889 545 968 γὰρ
601 889 757 966 ἐσμεν
814 877 900 945 ἐπὶ
953 877 1070 957 τῆς-
1118 895 1242 969 γῆς,
1303 877 1562 967 δυνάμεθα
1620 877 1899 967 ἐξαλεῖψαι

249 977 342 1040 τὰς
410 977 667 1058 ἁμαρτίας
723 980 899 1058 ἡμῶν,
974 977 1187 1058 ἀδελφοί
1258 1003 1385 1057 μου,
1459 978 1572 1057 μεθ’
1632 982 1660 1037 ὃ
1719 980 1900 1058 μέντοι

254 1072 598 1142 μεταστῶμεν
669 1066 923 1139 ἐντευθεν,
993 1066 1164 1124 οὒκέτι
1235 1067 1492 1144 δυνάμεθα
1561 1072 1726 1146 ἡμεῖς
1798 1075 1898 1130 αὖ-

251 1152 333 1209 τοί
378 1151 811 1232 ἐξομολογήσεως
859 1151 1028 1233 (33)·
1071 1156 1477 1213 ἀποκέκλεισται
1523 1158 1622 1237 γὰρ
1666 1159 1701 1225 ἡ
1748 1158 1896 1236 θύρα,

260 1264 288 1296 α
344 1241 474 1299 Τότε
531 1240 674 1320 λέγει
723 1250 800 1317 τῷ
846 1242 1185 1322 παραλυτικῷ
1221 1252 1237 1278 ⁸
1298 1243 1557 1326 Ἐγερθεὶς
1619 1248 1743 1326 ἆρον
1798 1247 1898 1314 τὴν

195 1376 201 1380 .
254 1327 435 1397 κλίνην
465 1353 582 1402 σου,
626 1333 715 1388 καὶ
762 1330 930 1409 ὕπαγε
982 1334 1053 1397 εἷς
1104 1336 1197 1390 τὸν
1244 1336 1399 1391 οἶκόν
1449 1357 1564 1394 σου.
1612 1337 1712 1393 Καὶ
1741 1335 1898 1414 ἐγερ-

253 1419 357 1481 θεὶς
389 1418 623 1487 ἀπῆλθεν
675 1421 765 1483 εἶς’
798 1421 887 1477 τὸν
932 1422 1086 1479 οἶκον
1138 1424 1317 1483 αὐτοῦ.
1372 1447 1401 1479 π
1456 1422 1639 1492 ἐπειδὴ
1688 1426 1749 1481 τὸ
1800 1424 1896 1500 μὲν

252 1507 456 1588 ἀφιέναι
514 1511 794 1589 ἁμαρτίας,
856 1510 1031 1590 ἀφανῆ
1086 1514 1174 1568 καὶ
1230 1511 1491 1578 ἀπόδειξιν
1542 1514 1691 1594 εἶχε,
1743 1515 1804 1570 τὸ
1846 1512 1900 1569 δὲ

248 1595 368 1652 κατ’
420 1595 648 1662 ἐξουσίαν
698 1597 900 1677 ἐγεῖραι
945 1600 1035 1655 τὸν
1082 1599 1404 1682 παράλυτον,
1454 1608 1681 1682 φανερᾶς
1729 1600 1902 1659 ἐδεῖτο

248 1690 349 1752 τῆς
378 1683 715 1765 ἀποδείξεως,
747 1687 894 1744 ποιεῖ
946 1688 1110 1756 αὗτὴν
1156 1691 1380 1770 φανερὰν
1430 1688 1552 1765 (34)
1599 1693 1627 1747 ὁ
1676 1692 1899 1769 Χριστὸς

166 1814 175 1817 «
247 1776 533 1853 τεκμήριον
581 1775 668 1831 καὶ
715 1772 912 1853 δεῖγμα
967 1782 1066 1844 τῆς
1121 1777 1373 1857 ἀνρανοῦς,
1432 1781 1520 1836 καὶ
1575 1776 1660 1835 διὰ
1704 1780 1900 1846 ταύτης

1986 621 2423 684 confessionem
2471 622 2805 703 consequi:
2853 623 3054 684 clausa
3083 629 3174 685 est
3223 622 3382 684 enim
3427 621 3637 701 janua.

1992 710 2310 773 Tuncdicit
2322 709 2668 791 paralytico
2681 731 2700 771 :
2718 709 2939 791 Surge,
2958 710 3098 774 tolle
3116 714 3332 774 lectum
3354 718 3550 785 tuum,
3577 714 3639 772 et

1982 799 2131 861 vade
2147 800 2213 860 in
2230 798 2473 861 domum
2496 805 2683 862 tuam.
2715 796 3001 870 Quoniam
3021 807 3402 879 peccatorum
3420 797 3637 860 remis-

1984 887 2071 949 sio
2095 887 2346 949 obscure
2371 887 2834 962 monstrabatur,
2862 887 3164 969 paralytici
3196 895 3393 949 autem
3414 887 3640 948 erectio

1985 995 2102 1038 non
2139 983 2368 1056 poterat
2398 975 2514 1036 nisi
2548 975 2859 1038 manifeste
2891 977 3046 1053 fieri,
3078 978 3229 1038 hanc
3264 974 3638 1037 manifestam

1986 1073 2265 1146 operatur
2310 1064 2605 1139 Christus,
2652 1063 2974 1127 invisibilis
3026 1064 3431 1127 testimonium
3486 1072 3545 1126 et
3590 1062 3643 1124 si

1984 1174 2164 1233 gnum
2198 1176 2213 1231 ;
2247 1162 2305 1216 et
2338 1173 2444 1235 per
2474 1155 2628 1216 hanc
2663 1154 3037 1216 manifestam
3062 1152 3637 1217 demonstrationem

1982 1246 2059 1306 de
2088 1245 2190 1306 illa
2218 1262 2453 1325 quoque
2484 1244 2826 1323 persuadet,
2882 1261 3017 1305 eum
3068 1242 3173 1322 qui
3224 1242 3392 1324 prius
3425 1240 3635 1323 potuit,

1982 1351 2161 1414 posse
2193 1342 2250 1395 et
2279 1332 2597 1413 posterius.
2645 1332 2738 1394 Ad
2786 1332 3265 1394 conﬁrmandum
3301 1339 3360 1392 et
3391 1329 3635 1393 convin-

1980 1422 2240 1484 cendum
2295 1420 2598 1502 paralytici
2642 1438 2862 1501 corpus
2913 1420 3240 1482 coercitum
3275 1436 3428 1485 esse.
3461 1417 3640 1498 jubet

1984 1528 2117 1571 eum
2133 1509 2476 1589 grabbatum
2500 1508 2730 1582 tollere,
2754 1508 3038 1570 neillusio
3051 1508 3320 1589 quaedam
3333 1506 3647 1568 videretur

1984 1599 2140 1678 quod
2164 1597 2378 1659 factum
2402 1597 2610 1660 fuerat.
2632 1596 2904 1661 Remittit
2934 1604 3130 1658 autem
3155 1596 3541 1677 paralyticum
3577 1597 3639 1655 in

1985 1688 2226 1749 domum
2248 1706 2414 1750 suam
2444 1687 2755 1763 Dominus,
2779 1686 2969 1766 primo
2992 1687 3352 1768 quidem,ne
3374 1701 3644 1766 praesens

1986 1785 2044 1838 et
2063 1785 2340 1856 aspectus
2364 1775 2601 1836 laudem
2626 1776 2741 1855 ipsi
2767 1776 2991 1837 faceret
3016 1793 3032 1850 ;
3059 1775 3279 1837 deinde
3301 1784 3366 1836 ut
3395 1774 3648 1837 haberet

248 1866 351 1929 τῆς
407 1868 630 1942 φανερᾶς
675 1860 980 1928 ἐποδείξεως
1036 1867 1124 1920 καὶ
1182 1866 1301 1945 περί
1354 1865 1558 1933 ἐκείνης
1617 1865 1899 1949 πληροφο-

1991 1865 2316 1927 sanationis
2348 1864 2810 1926 indeclinabiles
2841 1872 3046 1940 testes,
3104 1883 3206 1926 eos
3235 1864 3398 1945 ipsos
3430 1879 3645 1942 nempe

251 1964 358 2030 ρεῖ,
420 1950 500 2007 ὅτι
557 1954 585 2008 ὁ
640 1958 794 2008 τοῦτο
849 1951 1103 2027 δυνηθεὶς,
1161 1952 1371 2012 δύναται
1437 1955 1658 2012 κάκεῖνο
1694 1973 1708 1986 ·
1769 1959 1901 2020 ποὸς

248 2036 532 2117 βεϐαίωσιν
582 2037 637 2096 δὲ
704 2043 793 2097 καὶ
862 2040 1220 2121 πληροφορίαν
1270 2048 1368 2110 τῆς
1431 2042 1752 2124 συσφίγξεως
1810 2053 1902 2101 τοῦ

247 2128 568 2207 παρειμένου
638 2129 911 2209 σώματος,
983 2128 1252 2186 ἐκέλευσεν
1324 2132 1442 2210 ἆραι
1512 2133 1601 2188 τὸν
1673 2130 1903 2212 x9531-

248 2239 344 2274 τον
413 2217 504 2274 Ἵνα
577 2218 653 2293 μὴ
719 2215 840 2295 δόξῃ
914 2220 1171 2297 φαντασία
1239 2242 1319 2282 τις
1389 2222 1450 2276 τὸ
1519 2220 1897 2299 γεγενημένον,

1984 1954 2087 2034 qui
2120 1972 2255 2014 eum
2287 1953 2641 2015 dimiserant
2672 1960 2732 2016 et
2763 1952 2955 2014 morbi
2985 1961 3168 2016 testes
3183 1952 3443 2034 fuerant,
3464 1960 3648 2032 utque

1986 2042 2062 2103 iis
2120 2042 2260 2103 ﬁdei
2316 2040 2779 2103 incitamentum
2838 2042 3035 2104 fieret.
3099 2040 3385 2104 Viden/es
3440 2049 3648 2103 autem

1987 2130 2179 2194 turbw
2207 2135 2448 2191 miratae
2475 2137 2642 2203 sunt,
2673 2138 2732 2192 et
2788 2130 3291 2210 gloriﬁcaverunt
3318 2130 3511 2194 Deum
3539 2134 3647 2210 qui

1985 2220 2153 2282 dedit
2180 2226 2532 2298 potestatem
2562 2221 2747 2282 talem
2774 2219 3153 2283 hominibus.

256 2304 602 2363 Ἀποστὲλλει
649 2304 703 2362 δὲ
760 2307 852 2362 τὸν
907 2306 1205 2385 παράλυτον
1266 2310 1338 2371 εἰς
1394 2309 1484 2365 τόν
1541 2311 1694 2366 οἶκον
1746 2310 1904 2369 αὐτοῦ
1945 2313 1972 2366 ὁ
2037 2311 2248 2390 Κύριος,
2320 2319 2474 2368 τοῦτο
2533 2309 2653 2385 μὲν,
2713 2309 2805 2366 ’ίνα
2855 2311 2932 2386 μὴ
2980 2312 3161 2389 παρὼν
3212 2311 3299 2367 καὶ
3353 2310 3645 2390 ὁρώμενος,

248 2394 469 2453 ἔπαινον
526 2395 667 2469 αὒτῷ
723 2394 1055 2474 προσξενήσῃ
1117 2415 1134 2432 ⁶

1192 2403 1348 2454 τοῦτο
1395 2394 1447 2453 δὲ
1496 2399 1605 2474 καὶ,
1653 2398 1747 2455 ’ίνα
1954 2400 2216 2477 μάρτυρας
2264 2404 2363 2466 τῆς
2412 2400 2590 2477 ὑγείας
2641 2398 3043 2477 ἆναντιῤῥήτους
3090 2398 3277 2461 αὐτοὺς
3323 2399 3446 2461 τοὺς
3497 2399 3646 2456 ἀπα-

253 2485 525 2565 γράπτους
584 2482 707 2563 (35)
782 2485 870 2541 καὶ
938 2490 1037 2551 τῆς
1107 2485 1261 2542 νόσο)
1332 2486 1634 2567 μάρτυρας,
1701 2488 1788 2544 καὶ
1843 2486 1935 2543 ἵνα
1987 2489 2190 2550 τούτο.ς
2256 2488 2468 2567 ἀφορμῆ
2526 2486 2744 2564 γένηται
2800 2488 3050 2551 πίστεως,
3117 2510 3146 2542 ‹‹
3212 2485 3429 2550 Ἰδόντες
3487 2484 3542 2543 δὲ
3597 2491 3645 2543 οἱ

252 2571 416 2654 ὄχλοι
467 2573 786 2647 ἐθαύμασαν,
838 2574 924 2629 καὶ
972 2571 1217 2639 ἐδόξασαν
1262 2575 1352 2630 τὸν
1403 2576 1555 2651 Θεὸν,
1610 2578 1700 2631 τὸν
1748 2574 1902 2632 δόντα
1936 2574 2166 2641 ἐξουσίαν
2196 2576 2444 2642 τοιαύτην
2473 2589 2591 2637 τοῖς
2624 2574 2935 2654 ἀνθρώποις.
2973 2599 3001 2631 ι)

337 2662 670 2740 Ἐθαυμασάν
705 2663 800 2738 μὲν
834 2665 880 2718 οἱ
929 2659 1112 2742 ὄχλοι,
1165 2661 1245 2718 ὅτι
1293 2665 1367 2726 ὡς
1401 2665 1529 2726 Θεὸς
1560 2665 1912 2744 ἐθαυματούρ-

248 2773 421 2831 γησεν
461 2769 474 2782 “
534 2751 680 2827 ὅμως
751 2750 1020 2829 ἄνθρωπον
1089 2752 1244 2810 αὒτὸν
1300 2752 1441 2808 εἶναι
1511 2744 1906 2827 ὑπελάμϐανον,

2070 2663 2439 2726 Mirabantur
2463 2670 2660 2724 autem
2702 2661 2891 2723 turba
2912 2660 3070 2742 quod
3092 2668 3157 2723 ut
3178 2663 3342 2725 Deus
3375 2660 3636 2723 miracu-

1995 2751 2115 2812 lum
2141 2761 2417 2831 operatus
2439 2759 2613 2812 esset.
2641 2749 2757 2813 Sed
2779 2758 2973 2812 tamen
3013 2768 3148 2813 eum
3174 2751 3478 2812 hominem
3507 2768 3644 2812 esse

254 2840 280 2863 Ἰ
395 2862 426 2876 μ
536 2840 556 2874 ζ
592 2863 599 2877 ⁸
664 2842 674 2863 Ι
785 2841 798 2859 9
856 2839 875 2880 ἒ
962 2837 988 2859 ν
1602 2864 1621 2875 Δ
1706 2841 1720 2861 9

255 2863 461 2922 εχονια
507 2840 739 2905 ἐ,ο)σιαν
780 2860 911 2918 υπ-ρ
957 2842 1250 2919 ανθρωπον,
1312 2842 1411 2899 Καὶ
1459 2842 1645 2922 ἡμεῖς,
1698 2839 1892 2922 αδελφο

1995 2839 2410 2919 opinabantur,
2429 2848 2783 2920 potestatem
2799 2839 3109 2920 plusquam
3129 2839 3444 2901 humanam
3461 2838 3650 2919 possi-

245 2952 380 3009 μου,
443 2928 731 3009 παράλυτοι
781 2926 952 2994 ὄντες,
1011 2930 1099 2985 καὶ
1139 2929 1235 2992 τὰς
1286 2934 1385 2996 τῆς
1432 2934 1616 3010 ψυχῆς
1666 2928 1899 3006 δυνάμεις

1995 2929 2255 2989 dentem.
2300 2927 2372 2989 Et
2419 2947 2553 3003 nos,
2605 2927 2838 3003 fratres,
2903 2947 3040 2989 cum
3089 2928 3276 2989 simus
3319 2926 3645 3008 paralytici,

247 3020 633 3098 ἀνενεργήτους
691 3017 931 3098 ἔχοντες,
984 3015 1242 3092 δυνάμεθα
1292 3021 1502 3086 ἰαθῆναι
1550 3021 1639 3075 καὶ
1685 3019 1899 3115 ἀνθρθω-

1994 3024 2170 3097 atque
2213 3017 2426 3078 animae
2456 3016 2612 3078 vires
2634 3016 2961 3078 iulirmatas
2983 3016 3333 3096 habeamus,
3358 3014 3557 3077 curari
3589 3024 3651 3078 et

241 3112 432 3182 θῆναι,
467 3107 619 3187 εἴπερ
649 3107 809 3184 μόνον
838 3108 1224 3186 προαιρούμεθα
1273 3109 1359 3163 καὶ
1389 3107 1707 3183 βουλόμεθα.
1742 3102 1899 3166 Ἐστι

1993 3105 2144 3186 erigi
2178 3124 2517 3186 possumus,
2545 3105 2597 3166 si
2623 3105 2796 3167 modo
2820 3104 3136 3185 cupiamus
3156 3113 3215 3165 et
3243 3104 3515 3165 velimus.
3546 3102 3651 3166 Est
3748 3150 3757 3157 .

242 3199 349 3277 γὰρ
403 3198 492 3252 καὶ
543 3206 628 3255 νῦν
668 3199 696 3253 ὁ
749 3198 970 3274 Χριστὸς
1022 3195 1074 3252 ἐν
1124 3192 1225 3266 ἰδίᾳ
1272 3195 1432 3251 αὖτοῦ
1480 3195 1632 3252 πόλει
1682 3203 1750 3274 τῇ
1794 3208 1899 3256 Κα-

1991 3194 2151 3255 enim
2184 3203 2243 3255 et
2273 3212 2430 3255 nunc
2459 3193 2763 3255 Christum
2793 3192 2857 3254 in
2889 3193 3127 3273 propria
3149 3211 3256 3253 sua
3276 3190 3509 3254 civitate
3529 3189 3642 3253 Ca-

242 3286 553 3367 περναοὺμ,
610 3292 687 3360 τῷ
734 3282 895 3360 οἴκῳ,
940 3283 1106 3364 λέγω,
1154 3289 1254 3351 τῆς
1301 3282 1712 3363 παρακλήσεως,
1746 3307 1899 3341 τουτ-

1993 3283 2348 3361 pharnaum,
2401 3281 2463 3343 id
2513 3290 2602 3342 est
2630 3281 2693 3342 in
2723 3280 3156 3342 consolationis
3186 3280 3365 3341 domo
3397 3297 3527 3367 quae
3555 3287 3650 3342 est

241 3366 359 3433 ἐστι
422 3380 495 3451 τῇ
550 3371 805 3446 ἐκκλησίᾳ
860 3393 872 3408 ⁶
934 3373 1087 3435 οἶκος
1147 3374 1245 3452 γὰρ
1303 3382 1396 3431 τοῦ
1450 3373 1817 3454 παρακλήτου,
1875 3376 1899 3429 θ

1998 3372 2273 3433 ecclesia.
2307 3369 2714 3433 Consolatoris
2759 3371 2916 3431 enim
2973 3370 3207 3454 domus,
3245 3366 3501 3430 ecclesia
3531 3373 3645 3443 est,

240 3464 514 3531 ἐκ.ιλησῖα
580 3462 739 3524 ἐστίν,
818 3460 1009 3537 Ἐσμὲν
1080 3459 1135 3517 δὲ
1203 3463 1291 3517 καὶ
1359 3463 1523 3537 ἡμεῖς
1594 3461 1899 3542 παράλυτοι1

1998 3458 2215 3522 Sumus
2243 3468 2441 3521 autem
2476 3467 2535 3521 et
2575 3476 2686 3520 nos
2728 3442 3057 3539 paralytici,
3124 3456 3352 3518 animas
3381 3455 3649 3535 dejectas

241 3556 342 3618 τὰς
422 3552 602 3632 ψυχὰς
688 3550 1018 3630 παρειμένοι,
1102 3550 1464 3629 ἆνενεργήτως
1550 3549 1753 3619 δήλαδὴ
1822 3553 1899 3607 καῖ

1996 3547 2312 3624 habentes,
2338 3549 2562 3629 absque
2605 3547 2727 3609 ulla
2749 3547 2822 3609 ad
2853 3547 3075 3609 bonum
3105 3547 3322 3608 virtute
3349 3563 3419 3607 ac
3452 3553 3644 3606 motu.

238 3643 522 3713 ἀκινήτως
552 3641 683 3719 πρὸς
711 3640 772 3695 τὸ
818 3638 982 3695 καλὸν
1030 3637 1248 3718 ἔχοντες
1285 3653 1298 3667 ⁸
1353 3637 1472 3694 ἀλλ’
1524 3638 1613 3694 ἐὰν
1666 3641 1766 3698 ὑπὸ
1814 3645 1899 3707 τῆς

1996 3635 2059 3698 Si
2106 3645 2304 3698 autem
2357 3655 2464 3718 per
2509 3636 2921 3718 paenitentiam
2972 3644 3033 3696 et
3081 3634 3519 3697 confessionem
3571 3632 3650 3695 ad

622 3730 710 3785 καὶ
786 3733 885 3795 τῆς
970 3727 1403 3806 ἐξομολογήσεως
1488 3728 1723 3807 ἀρθῶμεν
1826 3732 1899 3786 κα

1994 3724 2312 3788 Dominum
2355 3743 2735 3805 resurgamus
2765 3733 2822 3786 et
2847 3726 3229 3794 reducamur,
3264 3730 3402 3783 tunc
3433 3719 3648 3783 audie-

238 3820 589 3900 ἀπαχθῦμεν
664 3818 736 3879 εἷς
808 3818 898 3872 τὸν
978 3818 1186 3897 Κύριον,
1265 3817 1386 3873 τότε
1459 3817 1754 3895 ἂκούσομεν
1811 3824 1899 3885 τῆς

1994 3832 2126 3876 mus
2143 3833 2376 3875 suavem
2412 3815 2543 3895 ejus
2574 3831 2777 3876 vocem
2810 3831 2938 3893 qua;
2968 3811 3169 3873 omnia
3198 3818 3414 3900 potest,
3447 3809 3652 3871 dicen-

234 3898 504 3987 γλδκείας
554 3909 712 3964 αὒτοῦ
757 3910 937 3985 φωνῆς
984 3907 1073 3961 καὶ
1115 3906 1287 3963 πάντα
1337 3903 1655 3981 δυναμένης,
1715 3905 1899 3984 λεγού-

2000 3909 2116 3964 tem
2168 3902 2388 3965 nobis:
2447 3923 2476 3963 α
2533 3902 2691 3977 Filii,
2744 3902 3134 3964 dimittuntur
3186 3898 3354 3961 vobis
3383 3906 3653 3987 peccata.

232 4020 345 4066 σης
410 4018 427 4034 ο
481 3994 673 4075 Τέκνα,
725 3993 987 4073 ἀφέωνται
1036 3995 1162 4070 ὑμῖν
1217 3998 1269 4051 αἱ
1323 3996 1596 4074 ἁμαρτίαι,
1652 3997 1761 4052 Υἱοὶ
1812 3997 1899 4075 γὰρ

1996 3991 2133 4054 Filii
2169 3992 2327 4053 enim
2360 3992 2467 4054 Dei
2494 3992 2692 4063 ﬁmus,
2745 4010 2880 4052 cum
2932 3989 3006 4052 ad
3037 4007 3175 4051 eum
3209 4003 3318 4069 per
3349 3985 3657 4068 poeniten-

231 4093 380 4144 Θεοῦ
458 4084 582 4141 τότε
652 4082 924 4164 γινόμεθα,
997 4081 1121 4141 ὅταν
1179 4086 1311 4164 πρὸς
1365 4085 1520 4142 αὒτὸν
1579 4082 1899 4164 ἐπιστρέφω-

1998 4080 2139 4142 tiam
2169 4080 2454 4142 mundam
2486 4089 2547 4143 et
2588 4078 3027 4141 confessionem
3076 4076 3456 4141 revertimur.
3488 4075 3659 4138 Tunc

232 4197 338 4251 μεν
436 4171 525 4228 διὰ
608 4173 887 4250 μετανοίας
970 4175 1199 4251 καθαρᾶς
1278 4175 1366 4229 καὶ
1452 4170 1899 4250 ἐξομολογήσεως.

2000 4178 2058 4232 et
2088 4188 2390 4247 sanamur,
2429 4177 2487 4231 et
2516 4168 2870 4249 grabbatum
2902 4176 3174 4230 nostrum
3205 4166 3490 4240 tollimus,
3523 4182 3660 4227 cor-

231 4268 601 4340 Ἰήνικ.σινῗ›·ιταΔ
661 4261 749 4316 καὶ
848 4261 1174 4337 ἰαθησόμεθα
1207 4308 1224 4336 ,
1331 4263 1419 4317 καὶ
1517 4260 1741 4339 ἀροῦμεν
1819 4263 1899 4317 τοι

1999 4278 2109 4340 pus
2141 4258 2394 4336 scilicet,
2429 4258 2580 4320 illud
2611 4258 2686 4319 ad
2718 4256 3141 4319 mandatorum
3165 4253 3659 4333 adimplelionem

232 4349 556 4433 κράϐϐατον
610 4351 790 4427 ἡμῶν,
848 4347 967 4417 ἤτοι
1015 4351 1076 4405 τὸ
1127 4355 1304 4429 σῶμα,
1356 4350 1489 4430 πρὸς
1535 4350 1633 4416 τὴν
1682 4355 1786 4406 τῶν
1836 4349 1899 4406 ἐν·

2002 4336 2325 4411 moventes.
2404 4346 2611 4428 Neque
2673 4347 2835 4408 enim
2890 4345 3108 4408 sufﬁcit
3155 4363 3267 4407 nos
3307 4362 3365 4433 a_
3400 4341 3660 4423 peccatis

230 4413 427 4500 τολῶν
518 4437 761 4518 ἐργασίαν
845 4444 1131 4501 κινοῦντες.
1219 4437 1348 4496 Οὒδὲ
1401 4413 1530 4517 ιγὰρ
1602 4439 1762 4515 μόνον
1833 4437 1899 4495 δε·

1998 4455 2315 4516 resurgere
2336 4443 2434 4497 aut
2465 4413 2844 4516 peccatorum
2866 4433 3244 4506 meminisse,
3263 4431 3370 4493 sed
3390 4413 3449 4493 et
3476 4448 3658 4511 opor-

232 4532 541 4612 ἐγερθῆναι
610 4528 753 4602 ἡμᾶς
822 4526 927 4582 ἀπὸ
996 4531 1095 4592 τῆς
1168 4528 1448 4605 ἁμαρτίας,
1590 4529 1679 4584 καὶ
1726 4549 1899 4594 νοησαι

1997 4534 2083 4588 tet
2114 4544 2221 4586 nos
2241 4525 2613 4605 grabbatum,
2641 4523 2701 4584 id
2727 4533 2816 4585 est
2837 4541 3053 4602 corpus
3080 4522 3293 4612 tollere
3323 4526 3383 4612 et
3415 4537 3658 4582 movere

230 4607 349 4676 ὅτε
403 4614 806 4694 ἆπαρτάνομεν,
872 4612 1009 4669 ἀλλὰ
1068 4615 1154 4669 καὶ
1214 4615 1305 4670 τὸν
1376 4610 1694 4693 κράὸἵατον,
1764 4636 1899 4670 τουτ·

1998 4615 2070 4675 ad
2107 4613 2245 4675 boni
2264 4622 2322 4675 et
2342 4612 2576 4674 virtutis
2600 4611 3037 4692 operationem.
3060 4611 3225 4673 Tunc
3242 4607 3404 4670 enim
3424 4615 3659 4670 mentes

231 4708 383 4783 ἐστι,
467 4705 532 4760 τὸ
603 4708 758 4778 σῶμα
829 4702 948 4781 ἆραι
1008 4703 1096 4758 καὶ
1146 4706 1359 4767 κινῆσαι
1409 4703 1480 4764 εἷς
1527 4701 1772 4781 ἐργασίαν
1821 4713 1899 4761 τοί

1998 4712 2215 4764 nostrae
2234 4701 2510 4764 videntes
2533 4708 2593 4763 et
2618 4699 3013 4780 spiritualiter
3051 4698 3386 4779 cogitantes
3434 4705 3578 4778 quot
3603 4704 3663 4758 et

230 4796 417 4855 καλοῦ
481 4793 571 4850 καὶ
624 4796 723 4858 τῆς
782 4792 997 4871 ἀρετῆς.
1055 4790 1184 4847 Τότε
1230 4791 1398 4846 τοίνυν
1449 4791 1536 4849 καὶ
1580 4793 1626 4845 οἱ
1677 4789 1730 4847 ἐν
1775 4792 1899 4866 ﬁpr

1999 4804 2217 4872 quanta
2250 4809 2358 4871 per
2380 4808 2491 4852 nos
2522 4788 2791 4850 effecerit
2823 4789 3072 4852 Creator
3100 4796 3160 4850 et
3180 4784 3489 4858 Dominus,
3514 4794 3572 4846 et
3585 4784 3662 4846 ad

224 4883 506 4965 λογισμοὶ
590 4876 784 4943 ἰδόντες
869 4881 957 4937 καὶ
1037 4879 1459 4948 κατανοήσαντες
1543 4886 1899 4954 πνευματικῶς

1999 4881 2126 4942 haec
2156 4878 2611 4959 contemplanda
2638 4873 3662 4965 festinantesigloriﬁcabuntADeum

229 4961 324 5033 ’τὰ⁷
365 4968 444 5028 δι’
507 4969 651 5045 ἡμᾶς
706 4966 879 5025 πολλὰ
942 4969 1033 5025 καὶ
1078 4966 1286 5046 μεγάλα
1331 4964 1459 5047 ἔργα
1506 4976 1599 5026 τοῦ
1651 4975 1899 5048 Δημιουρ-

2000 4969 2126 5031 haec
2158 4967 2455 5031 mirabilia
2483 4973 2869 5048 operantem;
2921 4964 3062 5048 quia
3092 4965 3207 5047 ipsi
3237 4962 3429 5045 gloria
3455 4961 3520 5025 in
3549 4978 3662 5026 sae-

231 5070 340 5143 γοῦ
417 5057 519 5117 καὶ
591 5057 882 5132 Δεσπότου,
956 5058 1044 5113 καὶ
1114 5057 1186 5120 εἷς
1256 5057 1471 5135 θεωρίαν
1529 5055 1723 5123 ταύτην
1778 5056 1899 5135 φθά-

1999 5057 2133 5120 cula
2158 5057 2544 5121 saeculorum.
2577 5060 2802 5119 Amen.

233 5141 460 5212 σαντες⁴
513 5143 786 5211 δοξασουσι
849 5146 941 5203 τὸν
996 5145 1125 5203 Θεὸν
1187 5145 1280 5202 τὸν
1334 5150 1584 5201 ποιοῦντα
1635 5142 1898 5220 θαυμάσια
1924 5195 1941 5227 ,
2006 5146 2087 5204 ὅτι
2158 5147 2301 5223 αὒτῷ
2354 5149 2389 5217 ἡ
2462 5143 2585 5213 δόξα
2654 5146 2727 5208 εἰς
2797 5144 2918 5209 τοὺς
2989 5145 3184 5209 αἰῶνας
3252 5148 3360 5202 τῶν
3431 5141 3661 5206 αἰώνων,

236 5249 439 5328 Ἀμήν
450 5294 467 5309 .

330 5374 478 5462 (32)
523 5396 552 5430 α
583 5362 843 5455 Ἀφίενται
872 5378 925 5431 αἱ
952 5374 1223 5456 ἁμαρτίαι.
1258 5396 1288 5429 n
1340 5373 1404 5430 Αί
1449 5370 1654 5435 addidi
1683 5387 1756 5434 ex
1784 5367 1895 5433 cod

2004 5363 2226 5441 verbis,
2304 5365 2479 5424 οὐκέτι
2535 5365 2795 5442 δυνάμεθα
2839 5364 2958 5423 ἐντυ
3042 5365 3183 5423 άνειν
3234 5369 3351 5439 Θεῷ
3407 5359 3478 5418 δι’
3526 5336 3661 5427 ἐξο-

2007 5444 2377 5500 ιιολονῆσεως-
2409 5446 2498 5500 καὶ
2527 5444 2930 5500 ὰιιαοτηιιάτων
2960 5388 3200 5500 litteram:
3239 5453 3457 5500 τυγετν.
3630 5452 3635 5459 ’

2007 5444 2378 5527 μολογήσεως,
2409 5446 2498 5505 καὶ
2527 5444 2930 5527 ἁμαρτημάτων
2960 5444 3200 5527 ὰὲρέσεως
3239 5453 3457 5527 τυχεῖν.

235 5462 317 5527 Β,
2007 5462 2378 5525 μοΛογησεως,
2409 5462 2498 5505 καὶ
2527 5462 2930 5527 ἁμαρτημάτων
2960 5462 3200 5527 αφεσεως
3239 5462 3457 5527 τυχεῖν.

323 5532 479 5619 (33(
535 5555 565 5589 ε
584 5612 599 5619 _
631 5533 817 5619 oens-it
868 5531 1126 5619 δυνάμεθα
1180 5536 1343 5611 ἡμεῖς
1392 5534 1562 5619 αι’)τοὶ-
1595 5531 1927 5619 ἐξομολογη-
2258 5547 2284 5584 α
2321 5532 2478 5584 Ποιετ
2505 5529 2668 5619 αὐτὴν
2704 5526 2956 5608 φανεράν.
2995 5545 3022 5585 ι
3058 5525 3284 5607 Malim,
3314 5534 3465 5582 ποιεῖ
3492 5520 3663 5589 αὒτὴν

231 5608 415 5686 σεῷς,
457 5608 493 5671 ἱ»
536 5612 731 5693 Ορκέτι
779 5608 1041 5691 δυνάμεθα
1085 5608 1248 5693 ἡμεῖς
1298 5616 1445 5675 αὐτοὶ
1496 5611 1563 5670 δι’
1595 5608 1928 5693 ἐξομολογή-
2010 5610 2235 5693 quieo}!
2263 5640 2345 5693 -—_
2368 5608 2682 5693 τεκμήριον.

231 5642 415 5686 σεως.
457 5639 493 5671 π
536 5639 731 5672 υυκετι
779 5639 1041 5691 ουναμευα
1085 5639 1120 5684 η
1166 5639 1248 5681 εις
1298 5639 1445 5675 αυτοι
1496 5639 1544 5670 οι

226 5725 412 5784 σεῳς.
442 5693 529 5759 Β.
556 5690 715 5784 Ergo
741 5702 994 5784 uterque
1033 5639 1220 5784 codex
1257 5693 1324 5784 in
1349 5693 1780 5784 hiscorruptus
1810 5697 1899 5784 est

2786 5707 2812 5747 ι
2846 5684 3030 5750 Forte
3057 5682 3529 5766 ἆπαρᾳγράπτους,
3559 5687 3668 5746 aut

222 5782 526 5855 Videtur
556 5769 763 5851 autem
794 5769 1141 5856 huiusmodi
1197 5773 1496 5840 sententia
1522 5769 1713 5859 latere
1739 5773 1806 5859 in
1831 5770 1899 5837 hi

2007 5769 2409 5849 ἀπαγαγόντας,
3142 5789 3145 5793 -
3206 5788 3213 5793 η
3327 5793 3348 5799 ..
3591 5790 3643 5799 .-.

645 5878 1275 5959 Ponat...Gn..GXX.‘

239 3754 347 3809 μετ
358 3730 539 3793 ανοίας
