4156 6420
527 451 682 518 1259

1603 451 1660 513 J.
1708 449 2100 514 XIPHILINI
2129 450 2255 542 σοι).
2302 447 2824 516 PATRIARCIL‘E

3759 446 3920 514 i260

1298 793 2100 924 ΙΩΑΝΝΟΥ
2203 793 3137 925 ΞΙΦΙΛΙΝΟΥ

2106 1045 2231 1096 ᾹΟΓ
2237 1046 2320 1096 ΟΣ

710 1227 883 1312 ΕΙΣ
975 1228 1203 1312 ΤΗΝ

1294 1226 1713 1310 ΤΡΙΤΗΝ
1781 1227 2357 1311 ΚΥΡΙΑΚΗΝ
2428 1228 2652 1311 ΤΩΝ

2740 1229 3077 1312 ΑΓΙΩΝ
3154 1232 3724 1316 ΝΗΣΤΕΙΩΝ
3799 1275 3804 1278 ·

1505 1421 1618 1470 ΚΑΙ
1651 1419 1756 1471 ΕΙΣ
1790 1419 1924 1469 ΤΗΝ
1957 1420 2084 1469 ΤΟΥ
2116 1419 2418 1470 ΣΤΑΥΡΟΥ
2448 1419 2924 1473 ΠΡΟΣΚΥΝΗΣῙΝ

1127 1852 2079 2026 JOANNIS
2195 1852 3306 2027 XIPHILINI

2077 2122 2361 2190 ORATIO

923 2310 1050 2407 IN
1135 2308 1706 2406 TERTIAM
1769 2310 2550 2407 JEJUNIORUM
2635 2310 3500 2408 HEBDOMADEM

1643 2506 1756 2568 ET
1796 2507 1888 2570 IN
1921 2505 2192 2571 CRUC'IS
2234 2508 2491 2574 ADORA
2510 2507 2812 2572 TIONEM

1824 2673 2000 2758 (Opp.
2034 2677 2300 2741 Gretseri
2329 2685 2474 2742 tom.
2507 2675 2607 2759 Π.)

601 3179 756 3246 Olim
786 3181 948 3259 virga
965 3176 1198 3266 Moysis,
1221 3173 1789 3266 IsraeliticopOpulo
1815 3177 2162 3266 praeeuntis,

2339 3180 2507 3238 Πάλαι
2540 3180 2635 3256 μὲν
2666 3180 2752 3238 οὖν
2799 3182 2833 3248 ἡ
2882 3185 2974 3237 τοῦ
3021 3179 3254 3244 Μωσέως
3304 3178 3492 3257 ῥάϐδος
3538 3191 3632 3240 τοῦ
3685 3174 3909 3266 Ἰσραη-

523 3270 794 3335 bifariam
828 3286 995 3331 mare
1024 3265 1244 3340 divisit,
1268 3272 1328 3326 et
1358 3263 1509 3332 viam
1543 3263 1756 3326 inviam
1785 3264 2168 3344 equitabilem

518 3359 803 3423 reddidit.
837 3357 921 3420 Ac
951 3365 1084 3438 post
1112 3373 1240 3416 eam
1273 3353 1334 3414 in
1392 3353 1540 3414 duas
1585 3362 1783 3433 partes
1815 3353 2167 3417 divisionem

519 3448 741 3522 eﬂ‘ecit,
788 3455 854 3509 ut
882 3448 1039 3508 ﬂuxa
1066 3461 1357 3525 aqvarum
1387 3449 1597 3503 natura
1625 3442 1871 3503 immota
1905 3451 2171 3504 maneret

519 3545 584 3600 et
612 3536 776 3598 muri
803 3535 991 3597 instar
1011 3533 1289 3613 utrinque
1311 3538 1518 3604 staret,
1543 3538 1603 3591 at
1623 3539 1754 3610 post
1785 3528 2167 3594 Hebrzeorum

517 3623 834 3688 transitum
864 3624 1061 3684 denuo
1091 3621 1152 3682 in
1203 3639 1410 3700 unum,
1460 3627 1526 3680 ut
1571 3627 1711 3680 ante
1757 3618 1973 3700 fuerat,
2009 3621 2169 3682 colli-

514 3723 780 3795 geretur.
799 3711 1266 3794 Superciliosum
1292 3710 1658 3772 Pharaonem
1682 3726 1798 3772 una
1814 3728 1947 3770 cum
1973 3711 2166 3771 curri-

517 3801 630 3866 bus
681 3802 1055 3882 ducibusque
1102 3806 1161 3861 et
1207 3806 1325 3860 toto
1377 3797 1648 3860 exercitu
1698 3797 1760 3858 in
1805 3798 2163 3878 profundum

516 3890 827 3968 demersit,
861 3899 1104 3963 vastam,
1138 3887 1446 3966 incultam,
1503 3887 1829 3959 eﬂ‘eratarn,
1867 3895 1923 3947 et
1953 3887 2167 3949 solitu-

517 3979 720 4042 dinem
746 3980 854 4042 toti
872 3977 1081 4040 Israeli
1109 3975 1278 4057 quasi
1308 3974 1720 4048 mansuefecit,
1757 3976 1978 4036 amaris
2010 3977 2162 4038 Mar-

512 4067 642 4131 thae
673 4068 911 4130 ﬂuentis
944 4067 1006 4128 in
1035 4065 1234 4127 dulcia
1264 4062 1810 4144 conversis.Neque
1848 4083 1983 4125 vero
2018 4065 2171 4128 hanc

516 4162 747 4218 tantum
773 4154 1095 4236 potabilem
1118 4152 1400 4225 reddidit,
1433 4151 1535 4214 sed
1572 4161 1629 4216 et
1658 4153 1834 4213 aliam
1866 4171 2074 4233 aquam
2102 4173 2171 4217 ex

514 4252 682 4326 petra
706 4245 1044 4305 mirandum
1067 4241 1127 4302 in
1156 4240 1396 4302 modum
1421 4241 1581 4319 large
1605 4241 1834 4320 elicuit,
1870 4251 1926 4301 et
1959 4243 2171 4322 integri

513 4332 780 4394 ﬂuminis
810 4333 1037 4394 fontem
1056 4329 1276 4393 effecit.
1311 4331 1467 4391 Ante
1493 4347 1628 4390 vero
1652 4348 1827 4409 quam
1862 4330 1984 4392 haec
2001 4341 2164 4410 gesta

2257 3270 2462 3331 λιτικοῦ
2517 3268 2972 3351 προπορευομένου
3043 3267 3196 3349 λαοῦ,
3270 3267 3400 3350 διχῆ
3472 3273 3570 3340 τὴν
3640 3274 3912 3333 Θάλασσαν

2253 3359 2406 3437 ἔτεμε
2464 3363 2552 3418 καὶ
2605 3361 2704 3427 τὴν
2761 3357 2954 3417 ἄϐατον
3011 3357 3310 3428 ἱππήλατον
3369 3359 3554 3427 ἔδειξε.
3617 3366 3715 3422 Καὶ
3774 3369 3912 3441 μετὰ

2252 3453 2350 3518 την
2408 3451 2480 3514 εἷς
2539 3447 2624 3507 δύο
2677 3449 2871 3516 ταύτης
2923 3446 3168 3527 διαίρεσιν
3225 3451 3322 3516 τὴν
3395 3457 3500 3506 τῶν
3551 3449 3750 3511 ὑδάτῶν
3801 3477 3910 3512 κα-

2252 3539 2500 3618 τάρρυτον
2583 3540 2733 3620 φύσιν
2816 3537 3066 3617 ἀτρεμεῖν
3157 3538 3514 3617 παρεσκὲυασε
3612 3543 3700 3598 καὶ
3783 3545 3911 3600 ὡσεὶ

2250 3643 2437 3710 τεῖχος
2510 3619 2761 3708 Ἐϐραίων
2831 3627 3114 3706 περαίωσιν
3187 3628 3260 3688 εἶς
3331 3628 3429 3695 τὴν
3487 3631 3603 3708 πρὶν
3660 3631 3909 3690 ἀποκατ-

2251 3717 2468 3785 ἒστησεν
2527 3715 2732 3792 ἕνωσιν,
2793 3717 2880 3771 καὶ
2936 3717 3024 3771 τὸν
3097 3713 3379 3795 ὑπέροφρυν
3455 3720 3652 3798 Φαραὼ
3709 3721 3909 3799 ἅρμασι

2249 3809 2337 3864 καὶ
2406 3807 2707 3887 τριστάταις
2777 3805 3064 3884 πανστρατὶ
3138 3812 3214 3879 τῷ
3299 3808 3445 3880 Βυθῷ
3528 3808 3854 3886 συνεκᾶλυψε
3889 3860 3906 3886 ,

2249 3898 2338 3954 καὶ
2409 3897 2508 3964 τὴν
2576 3894 2993 3974 ἀπηγριωμένην
3062 3892 3258 3973 ἔρημον
3330 3896 3485 3951 παντὶ
3547 3904 3622 3972 τῷ
3693 3896 3910 3978 Ἰσραὴλ

2251 3985 2621 4065 καθημὲρωσε,
2694 3989 2792 4051 τῆς
2865 3981 3069 4061 Μεῤῥᾶς
3161 3984 3226 4040 τὰ
3306 3984 3469 4062 πικρὰ
3539 3985 3907 4064 καταγλυκαί-

2253 4097 2410 4132 νουσα
2441 4075 2671 4149 νάματα,
2724 4074 2810 4129 καὶ
2859 4072 2918 4128 οὗ
2966 4071 3164 4138 ταύτην
3216 4072 3383 4146 μόνην
3445 4074 3517 4136 εἷς
3569 4077 3629 4130 τὸ
3678 4076 3908 4151 πότιμον

2251 4160 2676 4240 πεταϐάλλουσα,
2752 4159 2886 4216 ἀλλὰ
2958 4162 3046 4215 καὶ
3119 4158 3292 4239 ἕτερον
3367 4160 3429 4217 ἐκ
3484 4161 3678 4243 πέτρας
3733 4186 3912 4243 παρα-

2253 4249 2413 4317 δόξως
2471 4247 2810 4328 ὀμϐρίζουσα,
2868 4249 2956 4305 καὶ
2998 4257 3239 4322 ποταμοῦ
3289 4250 3539 4328 κυοφόρον
3587 4252 3685 4318 τὴν
3738 4252 3904 4330 ἐγκύ-

2248 4362 2383 4417 μονα
2448 4339 2694 4419 φέρουσκ,
2771 4339 2876 4416 Πρὸ
2938 4337 2991 4394 δὲ
3038 4339 3222 4394 τούτου
3264 4338 3363 4404 τὴν
3414 4339 3684 4417 Αἴγυπτον
3737 4341 3905 4398 ἀπει-

514 4431 676 4492 sunt,
727 4421 1041 4503 Egyptum
1089 4427 1504 4507 contumacem
1559 4425 1618 4479 et
1667 4416 2168 4507 inobsequentem

2250 4433 2436 4486 θοῦσαν
2493 4426 2739 4507 ἐκόλασε,
2798 4429 2858 4483 τὸ
2913 4425 3048 4506 ὕδωρ
3102 4428 3174 4489 εἷς
3223 4430 3361 4500 αἷμα
3405 4427 3748 4504 μετέστρεφε,
3801 4434 3902 4489 Καὶ

514 4511 840 4590 castigavit,
862 4508 1123 4572 undasin
1136 4506 1486 4586 sanguinem
1510 4507 1777 4586 mutavit,
1793 4506 2168 4589 vicissimque

2257 4518 2319 4574 τὸ
2385 4516 2527 4592 αἷμα
2597 4506 2753 4572 πάλιν
2825 4516 2896 4571 εἰς
2954 4513 3088 4593 ὕδωρ
3144 4516 3466 4591 μετημείψε,
3528 4518 3614 4572 καὶ
3672 4518 3735 4572 τὰ
3790 4541 3901 4594 μυ..

515 4601 867 4680 sanguinem
901 4600 962 4660 in
987 4598 1181 4660 undas
1207 4595 1458 4676 redegit,
1502 4605 1560 4658 et
1589 4604 1872 4657 sexcenta
1900 4596 2000 4657 illa
2031 4617 2171 4677 pro-

513 4687 674 4768 digia
691 4698 931 4769 operata
954 4699 1065 4750 est.
1102 4685 1270 4759 Quod
1311 4686 1360 4746 si
1390 4685 1511 4765 illa,
1553 4703 1682 4766 qua
1713 4694 1880 4765 typus
1910 4695 2174 4747 tantum-

516 4777 697 4840 modo
730 4787 788 4840 et
813 4778 1024 4840 umbra
1047 4775 1178 4856 fuit,
1203 4783 1288 4837 tot
1313 4783 1725 4854 tantorumque
1752 4774 2173 4836 miraculorum

515 4866 738 4928 exstitit
770 4866 1055 4938 effectrix,
1081 4863 1223 4946 quid
1255 4863 1383 4944 ipsa
1419 4863 1520 4924 illa
1545 4863 1856 4924 Dominica
1882 4882 2021 4925 crux
2055 4884 2174 4926 non

512 4954 754 5032 efﬁciet,
789 4955 1024 5036 quando
1067 4972 1182 5014 non
1215 4970 1322 5033 per
1352 4951 1615 5032 symbola
1645 4960 1702 5012 et
1729 4953 2041 5030 aenigmata
2070 4953 2170 5014 ad-

510 5043 727 5106 umbra
737 5051 853 5119 tur,
867 5044 970 5106 sed
987 5061 1186 5106 coram
1201 5041 1490 5117 cernitur,
1526 5048 1702 5121 atque
1719 5059 1752 5101 a
1764 5041 1936 5102 nobis
1951 5041 2168 5104 adora-

511 5138 644 5195 turi
697 5132 789 5196 An
819 5151 940 5195 non
988 5131 1357 5214 spiritualem
1410 5128 1777 5191 Pharaonem
1813 5129 2168 5211 decemplici

512 5218 616 5282 illa
645 5219 904 5284 involvet
933 5221 1123 5303 plaga,
1191 5239 1260 5282 ac
1307 5219 1548 5280 demum
1598 5235 1732 5282 cum
1765 5223 2028 5282 exercitu
2061 5239 2167 5282 suo

513 5307 858 5391 submerget
887 5319 945 5373 et
969 5308 1226 5373 obruet?
1255 5310 1346 5372 An
1366 5327 1483 5370 non
1504 5309 1661 5370 ferax
1685 5309 2166 5389 pertubationum

513 5414 950 5481 pravarumque
977 5399 1355 5462 aﬂ'ectionum
1392 5417 1553 5460 mare
1591 5398 1752 5459 sicco
1785 5399 1938 5479 pede
1971 5407 2167 5460 trans-

513 5503 717 5548 meare
745 5488 910 5550 dabit
940 5487 1076 5550 ?An
1095 5507 1213 5549 non
1239 5487 1617 5550 solitudinem
1656 5486 1968 5561 bonorum,
2008 5505 2161 5567 prae-

513 5581 746 5637 sentem
778 5576 1008 5638 scilicet
1036 5575 1237 5658 vitam,
1271 5575 1507 5641 excolet
1535 5573 1818 5637 facillime
1844 5584 1857 5639 ι
1919 5582 2011 5637 An
2043 5593 2163 5637 non

512 5662 977 5728 amaritudinem
1013 5667 1290 5742 Marrbae,
1349 5664 1772 5737 calamitatum,
1805 5665 2074 5747 inquam,
2109 5672 2169 5727 et

512 5752 929 5836 tentationum,
963 5754 1202 5818 dulcem
1233 5761 1292 5817 et
1320 5752 1645 5836 potabilem
1667 5755 1845 5820 faciet
1871 5754 1903 5814 ?
1929 5755 2024 5818 An
2046 5773 2167 5816 non

506 5855 732 5921 aquam
763 5859 835 5906 ex
863 5849 1054 5924 petra,
1089 5861 1224 5926 quae
1252 5840 1521 5907 Christus
1552 5850 1662 5924 est,
1688 5843 1862 5910 nobis
1880 5841 2170 5925 manabit,

2253 4605 2335 4685 ρία
2408 4604 2586 4661 ἐκεῖνα
2674 4604 2920 4683 τεράστια
2973 4604 3381 4681 κατειργάσατο,
3479 4605 3534 4660 Εἰ
3603 4602 3657 4659 δὲ
3723 4605 3900 4674 ἐκείνη

2251 4694 2286 4759 ἡ
2348 4691 2484 4767 μόνη
2540 4693 2699 4748 τύπον
2756 4692 2843 4747 καὶ
2897 4692 3046 4746 σκιὰν
3096 4689 3448 4771 διαγράφουσι
3501 4693 3761 4749 τοσούτων
3812 4698 3902 4751 καὶ

2253 4781 2502 4836 τοιούτων
2557 4781 2834 4855 Θαυμάτων
2891 4780 2955 4848 ἦν
3014 4779 3320 4859 αὐτουργὸς,
3379 4781 3427 4835 τί
3483 4783 3576 4837 οὒκ
3627 4781 3687 4841 ἂν
3743 4785 3898 4847 αὐτὸς

2253 4868 2456 4932 ἐκεῖνος
2541 4872 2569 4925 ὁ
2652 4867 2959 4932 δεσποτικὸς
3043 4871 3292 4947 στραυρὸς
3375 4869 3752 4950 ἀπεργάσαιτο,
3841 4875 3905 4929 οὒ

2251 4956 2582 5034 συμϐολικῶς
2700 4956 2803 5015 οὐδ’
2929 4955 3328 5034 αἰνιγματωδῶς
3445 4960 3899 5040 προτυπούμενος,

2249 5049 2468 5122 αὐτοψεὶ
2539 5045 2593 5102 δὲ
2662 5045 3054 5126 καθορώμενος,
3128 5047 3214 5102 καὶ
3297 5044 3420 5124 παρ’
3492 5048 3644 5120 ἡμῶν
3729 5071 3902 5128 προσ-

2249 5138 2607 5215 κυκλούμενος,
2673 5135 2745 5194 Οὐ
2817 5137 2908 5191 τὸν
2979 5136 3167 5202 νοητὸν
3238 5136 3436 5214 Φαραὼ
3517 5141 3586 5212 τῇ
3665 5135 3904 5215 δεκαπλῇ

2250 5222 2473 5282 πεδώσει
2545 5222 2752 5300 πληγῇ,
2821 5225 2909 5279 καὶ
2976 5221 3282 5281 τελευταῖον
3369 5223 3502 5296 μετὰ
3571 5229 3671 5290 τῆς
3742 5225 3905 5285 αὒτοῦ

2251 5315 2522 5393 στρατείας
2571 5313 2944 5369 καταποντίσοι
2999 5313 3088 5368 καὶ
3143 5310 3611 5392 κατακ-αλύῲειεν,
3675 5317 3746 5371 Οὔ
3801 5317 3901 5382 τὴν

2250 5401 2590 5478 πολυκύμονα
2673 5406 2776 5459 τῶν
2862 5405 3041 5458 παθῶν
3111 5399 3373 5457 θᾶλασσαν
3445 5397 3695 5481 ἀϐρόχως
3765 5405 3906 5479 ἡμῖν

2246 5489 2489 5559 διαϐῆναι
2575 5490 3070 5569 παρασκευάσειεν;
3165 5493 3237 5548 Οὔ
3325 5490 3418 5556 νὴν
3509 5488 3705 5568 ἔρημον
3790 5498 3900 5550 τῶν

2246 5579 2481 5660 ἀγαθῶν,
2567 5579 2799 5658 παρόντα
2879 5576 3082 5646 δηλαδὴ
3165 5578 3300 5654 βίον,
3388 5576 3706 5656 ἐξημερώσει
3777 5581 3905 5658 ῥᾳό-

2246 5685 2454 5746 τατονς
2528 5669 2600 5725 Οὐ
2669 5668 2766 5734 τὴν
2837 5670 3048 5747 πικρίαν
3114 5671 3212 5732 τῆς
3285 5665 3507 5744 Μεῤῥᾶς,
3585 5671 3689 5723 τῶν
3753 5690 3900 5744 συμ-

2252 5761 2449 5837 φορῶν,
2518 5757 2678 5837 φημὶ,
2751 5758 2838 5814 καὶ
2893 5763 2997 5813 τῶν
3047 5762 3356 5836 πειρασμῶν
3413 5757 3485 5819 εἷς
3536 5757 3596 5812 τὸ
3653 5759 3782 5834 γυκύ
3839 5781 3900 5816 τε

2253 5847 2340 5903 καὶ
2391 5845 2617 5924 πότιμον
2676 5846 3134 5929 μεταστρέψειενς
3196 5847 3310 5927 ὓδχ
3370 5842 3504 5926 ὕδωρ
3561 5844 3620 5905 ἐκ
3674 5846 3904 5931 πέτρας,
