4156 6448
297 436 447 503 1261

291 660 388 727 τὴν
460 658 512 726 ἐξ
582 661 871 743 ἐμπαθοῦς,
945 667 1033 723 καὶ
1101 664 1385 747 φιληδόνου
1460 665 1658 748 φλογὸς
1715 669 1950 727 ἀπωθοῦ⁴

294 768 474 829 μενον³
527 748 664 806 ἀλλά
709 753 800 808 καὶ
850 751 978 831 ὑπὲρ
1051 751 1172 828 μέλι
1200 754 1290 810 καὶ
1343 752 1518 811 ’έλαιον
1580 753 1948 833 καταγλυκαῖ-

292 859 402 913 νον,
474 839 563 893 καὶ
634 837 898 919 ἱλαρῦνον,
990 843 1079 897 καὶ
1172 842 1489 920 καθαγιάζον
1556 843 1668 923 Δτὰς
1738 841 1950 923 καρδίας

291 927 470 1006 ἡμῶν,
526 928 614 983 καὶ
673 927 865 1003 μηκέτι
926 925 1082 1003 διψᾷν
1140 919 1498 1010 συγχωροῦν;
1555 919 1612 988 ιΟ
1666 931 1764 1011 γὰρ
1811 919 1850 990 τ(
1901 929 1951 996 ἐξ

294 1016 455 1073 αὐτοῦ
482 1016 649 1071 πίνων
680 1020 740 1074 οὒ
772 1017 849 1091 μὴ
879 1014 1082 1094 διψήσῃ
1116 1019 1188 1081 είς
1218 1020 1310 1074 τὸν
1342 1019 1530 1076 αἰῶνα.

382 1105 481 1161 Καὶ
550 1105 601 1160 τί
666 1105 839 1161 πάντα
909 1104 1243 1186 καταλέγειν,
1315 1104 1515 1185 ὅσαπερ
1578 1107 1718 1183 ἡμῖν
1782 1107 1951 1186 ἀγαθά

292 1189 377 1248 διὰ
446 1202 540 1252 τοῦ
610 1202 835 1272 σταυροῦ
919 1196 1292 1274 περιγίνεται;
1381 1192 1679 1269 Ἐπιλείψει
1750 1196 1851 1275 γὰρ
1920 1199 1948 1253 6

294 1282 489 1360 χρόνος
559 1283 651 1338 τὸν
712 1282 849 1338 κατά
906 1282 1065 1361 μέρος
1114 1292 1280 1341 ταῦτα
1336 1280 1760 1362 διεξηγούμενον,
1821 1293 1948 1344 Τοῦ·-

291 1391 383 1426 τον
428 1372 517 1426 καὶ
568 1372 615 1426 οἱ
666 1371 927 1427 θειότατοι
978 1369 1207 1450 Πατέρες
1255 1372 1412 1446 ἡμῶν
1468 1373 1688 1450 φρουρὸν
1751 1370 1945 1437 εἰδότες

289 1464 397 1516 τῶν
465 1455 692 1518 εὐσεϐῶν
784 1458 1228 1539 ἀκαταίσχυντον,
1314 1457 1370 1513 ἐν
1451 1464 1518 1535 τῇ
1605 1457 1743 1536 μέσῃ
1843 1468 1949 1518 τῶν

288 1548 560 1614 νηστίμων
628 1547 845 1626 ἡμερῶν
914 1544 1161 1615 ἐϐδομάδι
1217 1546 1547 1625 προτίθεσθαι
1617 1544 1948 1628 διωρίσαντο,

289 1638 376 1693 καὶ
458 1635 598 1714 παρά
688 1641 794 1691 τῶν
889 1641 1091 1692 πιστῶν
1162 1636 1588 1714 προσκυνεῖςθαι,
1660 1637 1749 1691 καὶ
1816 1658 1949 1693 κατ-

289 1723 607 1795 ασπάζεσθιι
643 1741 656 1755 ⁸
726 1721 861 1786 ὥςτε
917 1723 981 1779 τὰ
1035 1722 1132 1798 μὲν
1189 1720 1291 1790 ἤδη
1363 1721 1760 1801 κατορθωθέντα
1809 1725 1953 1803 παρά

289 1820 396 1871 τῶν
446 1818 544 1881 τῆς
596 1813 876 1893 ἀκρατείας
935 1812 1244 1890 ἀγωνιστῶν
1303 1810 1546 1891 συνέχειν
1602 1813 1691 1867 καὶ
1748 1834 1949 1879 συντη-

294 1916 428 1983 ρεῖν,
478 1903 611 1981 πρὸς
662 1899 716 1956 δὲ
765 1902 831 1956 τὰ
877 1898 1140 1977 μέλλοντα
1182 1911 1496 1977 συγκροτεῖν
1540 1919 1599 1955 τε
1646 1900 1733 1955 καὶ
1763 1920 1950 1978 συνερ-

292 2004 437 2071 γεῖν.
497 1999 781 2069 Τοιγαροῦν
837 1990 924 2045 καὶ
979 1991 1168 2069 ἡμεῖς,
1221 1989 1312 2043 τὸν
1359 1996 1451 2045 τοῦ
1490 1987 1678 2066 Κυρίου
1729 1991 1952 2067 σταυρὸν

292 2079 537 2160 συνεργὸν
608 2076 1069 2159 ἐπικολεσπὶμενοι²
1163 2078 1253 2133 τὸν
1340 2076 1684 2156 προκείμενον
1768 2076 1950 2154 ἀγῶνα

290 2169 523 2229 διανῦσαι
619 2165 1022 2247 σπουδάσομεν,
1123 2166 1189 2228 τὰ
1282 2166 1507 2246 σαρκικὰ
1607 2172 1948 2243 σταυροῦντες

288 2260 377 2317 καὶ
427 2262 726 2337 νεκροῦντες
781 2258 1074 2332 κινήματα,
1138 2257 1227 2311 καὶ
1269 2268 1388 2317 τοῖς
1440 2253 1625 2311 τούτου
1670 2253 1947 2332 προστάγ-

290 2368 449 2425 μασιν
492 2343 877 2404 ἀπακολουθεῖν
928 2343 1262 2422 ἐπειγώμεθα
1290 2360 1310 2378 ⁸
1362 2346 1436 2407 ὡς
1481 2344 1569 2399 καὶ
1626 2344 1660 2411 ἡ
1714 2343 1945 2421 σήμερον

290 2433 807 2513 ἀναγνωσθησομένη
879 2431 1198 2510 εὖαγγελικη
1256 2430 1559 2511 παραίνεσις
1616 2431 1751 2507 ἡμῖν
1806 2432 1941 2487 ὑπο-

288 2526 515 2593 τίθησιν.

371 2612 541 2670 Εῖπεν
572 2613 601 2667 6
632 2611 818 2691 Κύριος
849 2622 967 2672 τοῖς
999 2611 1186 2666 ἑαυτοῦ
1211 2613 1478 2685 μαθηταῖς
1504 2629 1518 2643 ⁸
1561 2631 1588 2663 ι
1615 2606 1683 2666 Εἴ
1705 2630 1787 2671 τις
1802 2606 1941 2663 θέλει

1770 448 2110 519 ORATION
2115 457 2203 521 ES

288 572 409 642 ἥτις
456 574 485 629 6
537 576 788 655 Χριστὸς,
839 576 1074 656 πηγάσει
1122 579 1285 659 ἡμῖν,
1340 582 1398 638 οὒ
1444 580 1605 654 μόνον
1652 582 1753 648 τὴν
1793 578 2016 657 διψανΑ

3528 469 3683 536 1262

2032 603 2163 680 qua;
2190 607 2310 680 non
2341 590 2518 653 modo
2567 593 2727 657 sitim
2777 615 2849 657 ex
2896 597 3163 678 ingenita
3192 601 3587 680 cupiditatum
3623 610 3693 666 et

2030 674 2446 769 illecebrarum
2479 682 2714 744 ﬂamma
2764 674 3106 749 nascentem
3156 674 3442 769 depellat,
3477 682 3682 754 verum

2031 764 2209 826 etiam
2237 785 2417 848 super
2438 771 2553 831 mel
2576 777 2634 832 et
2655 772 2850 834 oleum
2883 774 3162 853 delectet,
3188 764 3436 842 recreet
3453 787 3513 842 et
3543 799 3683 842 san-

2031 854 2457 948 ctificetcorda
2479 867 2700 934 nostra,
2721 880 2913 942 neque
2931 866 3189 944 amplius
3211 866 3378 929 sitire
3401 868 3678 948 patiatur.

2032 939 2142 1014 Qui
2174 944 2333 1006 enim
2366 964 2443 1007 ea:
2469 965 2536 1008 ea
2569 948 2745 1023 bibet,
2776 939 2897 1012 non
2926 939 3095 1014 sitiet
3123 957 3190 1015 in
3220 939 3541 1019 aeternum.

2113 1030 2261 1103 Quid
2280 1053 2454 1115 porro
2469 1036 2677 1097 attinet
2706 1043 2906 1101 omnia
2932 1059 3317 1121 percensere,
3352 1063 3484 1125 qua;
3512 1045 3686 1107 nobis

2034 1120 2189 1215 bona
2219 1141 2324 1215 per
2344 1142 2579 1186 crucem
2599 1125 2955 1206 obtingunt?
2984 1129 3226 1193 Deﬁciet
3251 1120 3412 1194 enim
3449 1142 3686 1215 tempus

2034 1225 2105 1270 eo
2135 1210 2432 1288 sigillatim
2464 1226 2863 1277 enarrantem.
2915 1217 3082 1281 Hanc
3114 1222 3293 1283 etiam
3325 1210 3688 1284 divinissimi

2032 1297 2119 1357 illi
2147 1309 2341 1390 patres
2373 1306 2582 1368 nostri.
2616 1305 2776 1383 quod
2827 1306 3048 1369 scirent
3080 1309 3310 1388 piorum
3344 1311 3685 1390 praesidium

2033 1403 2165 1478 esse
2196 1388 2440 1451 minime
2475 1390 2798 1469 dedecens,
2835 1396 2895 1457 in
2948 1398 3145 1458 media
3171 1388 3540 1478 jejuniorum
3573 1400 3685 1460 he-

2032 1474 2327 1538 bdomade
2354 1481 2825 1559 proponendum,
2853 1491 2910 1545 et
2941 1504 2976 1545 a
3007 1474 3284 1547 fidelibus
3312 1488 3684 1548 adorandum

2034 1572 2210 1656 atque
2235 1567 2612 1629 salutandum
2644 1571 3066 1649 decreverunt,
3123 1583 3187 1635 ut
3233 1593 3365 1653 quae
3385 1576 3508 1655 jam
3542 1593 3689 1656 prte—

2036 1653 2194 1744 clare
2212 1665 2376 1733 gesta
2391 1665 2643 1738 esssent,
2659 1659 2731 1720 ab
2755 1660 3238 1742 intemperantiae
3256 1653 3684 1744 oppugnatori-

2034 1741 2167 1818 bus,
2203 1762 2274 1805 ea
2321 1745 2686 1808 custodirent
2715 1756 2772 1809 et
2819 1741 3267 1827 conservarent,
3295 1741 3360 1814 et
3389 1741 3463 1815 ad
3495 1755 3691 1816 futura

1970 1849 2141 1919 Beos
2190 1832 2510 1895 incitarent
2566 1844 2742 1917 atque
2798 1840 3168 1919 adjuvarent.
3226 1840 3522 1913 Quocirca
3580 1862 3689 1905 nos

2035 1939 2295 2013 quoque,
2330 1942 2507 1986 cruce
2538 1923 2779 1987 Domini
2824 1929 3115 2008 adjutrice
3155 1931 3444 2007 invocata,
3481 1951 3689 2013 propo-

2033 2011 2210 2100 situm
2227 2020 2528 2074 certamen
2551 2013 3243 2093 absolverestudeamus,
3271 2011 3692 2100 cruciﬁgen'dis

2032 2098 2290 2190 motibus
2316 2101 2517 2190 carnis
2531 2110 2589 2163 et
2616 2105 3068 2188 mortiﬁcandis,
3094 2108 3377 2189 illiusque
3395 2098 3690 2190 praecepta

2032 2189 2203 2268 sequi
2231 2188 2569 2253 enitamur:
2606 2194 3112 2271 quemadmodum
3134 2188 3313 2259 etiam
3345 2188 3689 2279 evangelica

2033 2279 2362 2342 exhortatio
2392 2278 2573 2342 hodie
2604 2280 2857 2359 legenda
2890 2304 2998 2347 nos
3027 2285 3330 2349 admonet.

2106 2607 2267 2672 Dixit
2296 2612 2585 2673 Dominus
2613 2612 2923 2693 discipulis
2954 2613 3115 2676 suis:
3150 2612 3225 2676 Si
3265 2616 3406 2695 quis
3437 2616 3566 2679 vult
3596 2634 3668 2680 ve

289 2700 458 2758 ὀπίσω
487 2720 587 2775 μου
618 2696 815 2778 ἐλθεῖν²
850 2697 1242 2776 ἀπαρνησάσθω
1284 2698 1495 2777 ἑαυτὸν,
1541 2697 1627 2753 καὶ
1656 2695 1832 2776 ἀράτω
1855 2697 1945 2751 τὸν

2042 2700 2166 2760 nire
2190 2709 2322 2778 post
2354 2720 2465 2776 me,
2498 2702 2747 2782 abneget
2787 2708 3199 2782 semetipsum,
3233 2713 3296 2767 et
3325 2704 3504 2768 tollat
3537 2723 3688 2768 cru-

289 2789 510 2867 σταυρὸν
541 2789 722 2867 αὒτοῦ,
753 2788 843 2842 καὶ
873 2784 1225 2844 ἀκολουθείτω
1254 2808 1368 2862 μοι.
1430 2809 1454 2844 ι

370 2884 473 2936 Τοῦ
530 2877 717 2955 Κυρίου
776 2877 864 2932 καὶ
924 2882 1056 2933 Θεοῦ
1101 2877 1188 2931 καὶ
1245 2880 1497 2955 Σωτῆρος
1556 2876 1713 2949 ἡμῶν
1773 2871 1955 2940 Ἰησοῦ

289 2972 515 3049 Χριστοῦ
584 2978 703 3029 τοῖς
772 2963 985 3026 οἰκείοις
1066 2962 1419 3042 προλέγοντος
1493 2964 1788 3041 μαθηταῖς³
1864 2958 1947 3025 ὅτι

2035 2805 2162 2850 cem
2193 2806 2394 2863 suum,
2428 2796 2485 2852 et
2512 2799 2798 2869 sequatur
2827 2808 2945 2854 me.

2118 2878 2263 2940 Cum
2296 2879 2585 2939 Dominus
2612 2888 2669 2941 et
2698 2879 2854 2940 Deus
2884 2894 2942 2941 et
2974 2877 3240 2941 Salvator
3291 2890 3496 2945 noster
3517 2885 3688 2946 Jesus

2039 2965 2309 3029 Christus
2322 2968 2445 3029 suis
2460 2968 3434 3048 praediceretdiscipulis,oportere
3446 2973 3688 3035 omnino

286 3060 402 3141 χρὴ
476 3056 687 3119 πάντως
757 3055 845 3110 καὶ
914 3053 1009 3116 τάς
1078 3058 1186 3108 τῶν
1269 3050 1534 3109 Ἰουδαίων
1606 3049 1827 3141 ἐφόδους
1893 3070 1950 3106 τε

2042 3073 2100 3116 se
2133 3065 2190 3117 et
2216 3057 2556 3117 Judaeorum
2588 3057 3003 3119 insultationes
3022 3057 3377 3139 furoresque
3395 3062 3684 3141 perferre,

290 3136 381 3203 καὶ
427 3146 702 3224 παροινίας
753 3140 1083 3219 ἐπενεγκεῖν,
1131 3141 1492 3220 σταυρωθῆναί
1537 3161 1595 3196 τε
1640 3136 1730 3196 ὑπ’
1777 3140 1949 3195 αὐτῶν

2042 3151 2098 3204 ει
2127 3145 2393 3224 cruciﬁgi
2424 3144 2496 3206 ab
2528 3144 2614 3206 eis
2645 3154 2821 3225 atque
2869 3145 3089 3220 occidi,
3123 3136 3411 3228 princeps
3432 3159 3682 3230 aposto-

286 3236 383 3292 παὶ
430 3234 851 3302 ἀποκτανθῆναι,
906 3231 934 3285 6
976 3235 1081 3286 τῶν
1141 3227 1454 3287 ἀποστόλων
1510 3228 1947 3307 γορυφαιότατος,

289 3328 353 3384 τὸ
408 3332 501 3382 τοῦ
566 3329 790 3402 σταυροΰ
850 3321 1139 3398 μυστήριον
1190 3319 1421 3397 ἀγνοῶν,
1480 3320 1569 3374 καὶ
1624 3316 1709 3374 διὰ
1766 3324 1949 3395 τοῦτο²

287 3426 533 3495 κρεῖττον
591 3411 830 3487 οἰόμενος
901 3410 962 3464 τὸ
1032 3407 1103 3474 κὴ
1175 3406 1462 3495 ἀποθανεῖν
1533 3408 1625 3463 τὸν
1699 3406 1949 3489 Χριστὸν,

288 3478 608 3577 ἐπετίμησεν
666 3503 832 3573 αὐτῷ,
891 3497 1057 3559 οὕτως
1104 3495 1265 3552 εἰπών
1299 3515 1314 3530 ⁸
1369 3478 1544 3557 εἰλεώς
1606 3516 1714 3566 σοι,
1770 3493 1952 3573 Κύριε,

289 3594 391 3650 οὒκ
438 3574 584 3647 ἕσται
640 3610 723 3644 σοι
781 3592 959 3648 τοῦτο,
996 3608 1027 3641 »
1083 3574 1141 3641 ¹Ο
1185 3583 1275 3640 οὖν
1330 3584 1542 3663 Κύριος,
1588 3580 1954 3660 διορθούμενος

295 3689 508 3760 τοῦτον,
541 3681 629 3737 καὶ
677 3676 852 3745 δηλῶν
903 3675 984 3733 ὅτι
1033 3676 1093 3732 οὗ
1140 3676 1200 3731 τὸ
1245 3677 1433 3732 παθεῖν
1484 3673 1641 3730 αὒτὸν
1692 3669 1953 3768 ἀπρεπὲς,

289 3770 430 3830 ἀλλά
487 3771 549 3827 τὸ
606 3769 684 3844 μὴ
735 3769 950 3839 παθεῖν,
1008 3762 1301 3832 ἐπέπληξεν
1362 3762 1531 3821 αἷπών
1570 3779 1583 3792 ⁸
1652 3781 1677 3817 ι
1735 3762 1957 3836 ”Υπαγε

288 3863 461 3922 ὀπίσω
516 3881 642 3939 μου,
694 3862 929 3931 Σατανᾶ,
989 3854 1069 3911 ὅτι
1128 3857 1189 3912 οὔ
1243 3866 1456 3936 φρονεῖς
1515 3853 1583 3909 τὰ
1638 3855 1730 3906 τοῦ
1798 3854 1955 3929 Θεοῦ,

285 3949 428 4008 ἀλλά
484 3950 551 4004 τὰ
606 3937 710 4004 τῶν
768 3945 1081 4025 ἀνθρώπων,
1149 3965 1173 4001 ι
1240 3944 1339 4000 Καὶ
1385 3939 1797 4014 καθικνούμενος
1852 3937 1957 3993 τοί-

2039 3233 2257 3307 lorum,
2315 3235 2473 3314 quod
2546 3233 2742 3295 crucis
2821 3234 3162 3314 mysterium
3235 3235 3558 3316 ignoraret,
3620 3256 3690 3300 ac

2038 3323 2292 3404 proinde
2323 3323 2507 3393 satius
2530 3341 2663 3384 esse
2681 3322 2952 3402 duceret,
2970 3323 3310 3386 utChristus
3340 3344 3460 3385 non
3484 3344 3687 3386 more-

2038 3421 2226 3488 retur,
2253 3411 2641 3492 reprehendit
2660 3429 2799 3472 eum
2831 3411 2925 3471 his
2949 3410 3185 3471 verbis:
3219 3413 3541 3492 Propitius
3564 3421 3689 3477 esto

2041 3501 2172 3577 tibi,
2204 3501 2486 3574 Domine,
2508 3518 2633 3562 non
2651 3503 2769 3563 erit
2785 3499 2896 3561 tibi
2913 3500 3045 3562 hor.
3066 3498 3237 3561 Hunc
3258 3518 3400 3579 ergo
3416 3510 3479 3562 ut
3496 3502 3689 3563 corri-

2039 3598 2207 3668 geret
2239 3588 2543 3670 Dominus,
2571 3588 2964 3663 etindicaret,
2999 3606 3118 3648 non
3161 3592 3209 3649 si
3242 3591 3688 3669 pateretur,sed

2040 3678 2091 3740 si
2124 3695 2241 3742 non
2272 3687 2599 3758 pateretur,
2624 3676 2683 3737 id
2709 3695 2846 3738 vero
2878 3676 3168 3737 indecens
3199 3696 3354 3752 esse,
3390 3679 3693 3757 castigavit

2041 3768 2292 3830 dicens:
2343 3765 2502 3829 Vade
2511 3774 2645 3847 post
2665 3783 2783 3840 me,
2807 3768 3069 3839 Satana,
3103 3767 3248 3845 quia
3273 3784 3398 3827 non
3424 3769 3590 3847 sapis
3620 3785 3693 3831 ea

2042 3875 2173 3938 quae
2205 3857 2323 3919 Dei
2354 3863 2517 3932 sunt,
2552 3855 2655 3916 sed
2684 3871 2819 3934 qua:
2849 3855 3179 3917 hominum.
3213 3852 3387 3915 Illum
3422 3873 3562 3934 ergo
3604 3855 3695 3917 in-

2042 3964 2318 4026 crepans,
2378 3944 2496 4007 ait:
2557 3946 2651 4006 An
2703 3961 2797 4004 me
2856 3943 2973 4023 pati
3026 3942 3328 4005 dedecet?
3383 3944 3569 4024 Atqui
3630 3952 3692 4006 tu

281 4062 378 4098 νυν
410 4041 567 4096 αὐτοῦ
607 4056 766 4117 φησιν
802 4050 817 4066 ⁸
866 4022 928 4090 Εἰ
976 4033 1038 4088 τὸ
1086 4029 1181 4106 ἐμὲ
1225 4033 1415 4087 παθεῖν
1445 4027 1677 4117 ἀπρεπές
1794 4022 1950 4117 Ἀλλᾷ

2045 4022 2269 4097 carnali
2299 4034 2498 4096 animo
2531 4032 2619 4094 sic
2646 4022 2901 4094 censes:
2966 4049 3105 4091 nam
3140 4033 3191 4093 si
3220 4022 3502 4093 divinitus
3530 4033 3694 4096 illus-

278 4129 349 4185 σὺ
380 4128 603 4205 σαρκικῇ
623 4114 834 4200 γιαώμῃ
860 4127 1016 4176 τοῦτο
1045 4119 1275 4199 ψηφίζη,
1323 4118 1419 4190 ὡς,
1473 4115 1590 4205 εἴγε
1619 4114 1780 4205 κατὰ-
1807 4116 1936 4205 Θερῦ

2047 4134 2207 4186 ratus
2238 4140 2583 4185 sermonem
2618 4139 2819 4182 meum
2867 4120 3220 4196 audivisses,
3271 4121 3501 4185 carnali
3532 4123 3690 4199 cogi-

280 4221 394 4274 τῶν
424 4198 728 4290 λεγομένων
778 4206 994 4287 ἤκουες,
1042 4198 1151 4274 τῆς
1192 4210 1449 4284 σαρκικῆς
1502 4201 1730 4293 διανοίας
1760 4198 1938 4293 ἀπαλξ

2042 4215 2247 4278 ,atione
2297 4212 2588 4293 deposita,
2635 4208 3037 4290 cognovisses,
3080 4209 3138 4270 id
3188 4228 3283 4272 me
3321 4212 3412 4273 vel
3439 4198 3694 4273 maxime

280 4288 675 4382 λαγεὶςςῇδεις
721 4295 784 4354 ἂν
833 4295 913 4353 ὅτι
964 4316 1057 4372 μοι
1102 4293 1332 4370 μάλιστα
1383 4299 1537 4349 τοῦτο
1565 4290 1765 4370 πρέπον
1807 4288 1938 4349 ἐστί.

2042 4305 2268 4367 iecere.
2315 4288 2404 4363 Tu
2458 4299 2625 4361 enim
2681 4288 2984 4360 eiistimas
3035 4296 3369 4378 passionem
3404 4317 3497 4359 me
3526 4298 3690 4359 indi-

281 4378 387 4449 Σὺ⁷
436 4378 533 4467 μέν
603 4388 703 4465 γαρ
762 4385 1017 4463 νομίζεις,
1068 4380 1156 4475 ’ὅτι
1235 4379 1442 4475 ἀνάξιόν
1502 4401 1602 4456 μου
1655 4380 1718 4434 τὸ
1777 4378 1939 4475 πάθος

2042 4413 2199 4474 gnam
2250 4407 2424 4453 esse:
2480 4406 2588 4469 ego
2629 4406 2767 4449 vero
2828 4387 2953 4447 tibi
2987 4387 3148 4461 dico,
3206 4395 3272 4448 ut
3323 4406 3442 4448 non
3475 4384 3687 4467 patiar,

280 4481 431 4539 ἐστὶν
466 4494 480 4508 ⁸
513 4477 622 4555 ἐγὼ
650 4472 705 4530 δέ
733 4495 816 4529 σοι
861 4471 1005 4548 λέγω
1050 4468 1132 4526 ὅτι
1181 4471 1242 4527 τὸ
1291 4469 1368 4545 μὴ
1406 4471 1596 4555 παθεῖν
1626 4487 1692 4542 με
1720 4471 1820 4533 τῆς
1848 4470 1941 4555 τοῦ

2042 4468 2303 4546 liabolici
2352 4497 2485 4541 esse
2538 4477 2799 4539 consilii.
2864 4475 2995 4537 Non
3044 4479 3204 4536 enim
3258 4475 3690 4537 contumeliose

280 4554 563 4626 διαϐόλου
612 4563 835 4641 γνώμης
905 4559 1042 4615 ἐστίν
1182 4557 1242 4614 οὐ
1317 4558 1460 4656 γάρῃ
1849 4554 1943 4655 τὸν

2042 4572 2265 4634 Petrum
2318 4567 2612 4631 Dominus
2661 4563 3007 4656 appellavit,
3061 4563 3169 4625 sed
3220 4563 3505 4656 quoniam
3557 4564 3692 4643 ejus

288 4657 494 4734 Πέτρον
563 4655 592 4708 6
667 4652 853 4729 Κύριος
923 4643 1272 4734 ἀπεκάλεσεν,
1341 4641 1460 4700 ἀλλ’
1515 4642 1727 4734 ἐπέιδὴᾲ
1754 4645 1806 4698 αἱ
1833 4647 1949 4734 Δτοῦ

2042 4659 2409 4731 incommoda
2436 4663 2638 4717 nostra
2684 4641 2834 4715 facta
2874 4661 3013 4715 sunt
3060 4641 3394 4727 commoda,
3429 4664 3494 4717 ut
3521 4641 3684 4714 mors

287 4728 487 4824 Κυρίου
560 4728 834 4818 στερήσεις
897 4737 1034 4829 ἡμῖν
1105 4728 1403 4829 ἐξεγένοντο
1424 4821 1438 4829 Δ
1462 4748 1479 4767 ⁸
1514 4735 1652 4829 ῌοῖον
1794 4730 1950 4829 ochra?)

2042 4728 2223 4829 ipsius
2252 4745 2424 4807 nobis
2452 4746 2568 4806 vita
2597 4743 2749 4804 facta
2779 4749 2891 4817 est,
2933 4740 3130 4821 ipsius
3162 4741 3484 4819 ignominia
3517 4741 3695 4804 nobis

283 4819 514 4894 θάνατος
584 4829 720 4904 ἡμῖν
778 4825 891 4898 ζωὴ
961 4822 1176 4919 γέγονεν
1234 4837 1260 4919 ⁸.
1301 4822 1337 4889 ἡ
1361 4821 1542 4919 καύτοῦ
1588 4820 1770 4919 ἀτιμία
1811 4819 1949 4919 ἡμῖν

2042 4819 2283 4919 gloria:
2368 4835 2550 4914 idque
2605 4831 2889 4909 ignorans
2946 4819 3273 4910 apostolus,
3343 4830 3564 4891 restitit
3624 4847 3698 4891 ex

279 4921 437 4987 δόξα.
468 4925 632 4976 Τοῦτο
687 4914 741 4972 δὲ
786 4916 994 4993 ἀγνοῶν
1045 4914 1073 4969 6
1128 4908 1452 4973 ’Λπόστολος
1505 4907 1831 4993 ἀντιπίπτων
1885 4905 1950 4972 ἦν

281 4986 371 5075 ἐξ
415 5006 632 5085 ἀγνοίας
702 5010 780 5079 τῷ
836 4986 1106 5077 ’θελήματι
1160 5005 1252 5055 τοῦ
1310 5003 1467 5060 Θεοῦ,
1530 4986 1592 5085 31
1654 4991 1709 5049 δὲ
1765 4992 1951 5085 ἄγνοια

276 5103 385 5157 τοῦ
413 5068 777 5170 ἀντικειμένου
809 5107 823 5123 ⁸
876 5089 961 5147 διὰ
1006 5090 1396 5181 τοῦτὸηφησιν.
1438 5109 1467 5142 α
1532 5068 1742 5181 Ὕπαγε
1782 5082 1953 5138 ὀπίσω

276 5209 419 5266 μου,
460 5188 671 5241 Σατανᾶ
704 5204 732 5236 n
789 5195 803 5211 '
865 5179 979 5237 ἀντὶ
1024 5184 1119 5235 τοῦ
1175 5162 1337 5235 "Enen
1365 5197 1466 5251 μου
1517 5177 1587 5249 τῇ
1630 5169 1817 5250 βουλῆ³
1866 5170 1953 5225 καὶ

276 5277 370 5356 μὴ
403 5272 493 5329 ἔσο
521 5294 626 5329 που
656 5269 1014 5345 ἀντικείμενος
1044 5271 1123 5341 τῷ
1153 5271 1362 5356 σκοπῷ.

374 5365 447 5422 T6
474 5360 530 5418 δὲ
563 5382 587 5417 ι
622 5366 797 5417 Σατᾶν
833 5381 856 5416 ι
912 5358 1082 5433 ὄνομα
1128 5357 1218 5413 τὸν
1273 5351 1630 5427 ἀντικείμενον
1680 5347 1950 5425 σημαίνει,

279 5452 492 5532 Καιρὸν
535 5451 705 5507 τοίνυν
754 5447 973 5506 ἐνταῦθα
1024 5444 1171 5524 λέγει
1205 5462 1221 5479 ⁸
1273 5441 1363 5532 ῦτε
1416 5444 1443 5498 6
1497 5438 1693 5519 Πέτρος
1743 5438 1899 5495 εἶπεν

285 5565 322 5599 α
366 5519 543 5603 ⁸’ἱλεώς
601 5559 709 5615 σοι,
772 5536 926 5616 Κύριε
978 5557 1008 5591 ι
1047 5549 1062 5564 ⁸
1123 5532 1219 5591 οὒκ
1273 5529 1419 5588 ἔσται
1473 5551 1557 5586 σοι
1612 5533 1769 5584 τοῦτο
1802 5543 1818 5558 ⁸
1866 5519 1957 5582 καὶ

278 5628 545 5703 ἤκουσεν,
582 5609 781 5707 ε’Υπτξιγε
809 5609 979 5682 ὀπίσω
1032 5644 1156 5703 μοι)³
1208 5625 1445 5683 Σατανᾶ.
1494 5617 1641 5675 Μετά
1687 5625 1810 5707 γοῦν
1829 5614 1951 5707 Δ’τὴν

278 5701 603 5796 ιπιτίμησιν
674 5701 769 5772 οὒκ
839 5711 1103 5792 ἀρκεσθεὶς
1141 5701 1324 5788 ταύτῃ
1382 5711 1412 5765 6
1462 5707 1676 5787 Κύριος,
1726 5701 1844 5762 ἀλλ’
1895 5702 1956 5760 ἐκ

2035 4918 2374 5005 ignorantia
2424 4921 2706 4984 voluntati
2756 4919 2915 4992 Dei;
2976 4918 3308 4996 ignorantia
3364 4936 3504 4979 vero
3565 4927 3692 4979 erat

2026 5014 2359 5077 .adwrsarii
2393 5033 2407 5074 :
2446 5011 2671 5073 idcirco
2725 5009 2809 5071 ait
2842 5028 2855 5067 :
2924 5005 3078 5070 Vade
3112 5014 3248 5087 post
3275 5024 3388 5083 me,
3421 5007 3689 5079 Satuna,

2036 5124 2144 5186 pro
2176 5105 2301 5181 illo,
2361 5100 2631 5182 Sequere
2665 5116 2867 5161 meum
2915 5096 3260 5172 consilium,
3320 5114 3434 5158 nec
3467 5095 3694 5158 obsiste

2038 5212 2218 5276 scopo
2256 5209 2386 5256 meo
2401 5241 2415 5256 .

2119 5352 2352 5417 Nomen
2379 5344 3059 5416 Satanasadversarium
3091 5344 3409 5423 signiﬁcat.
3427 5343 3695 5424 Tempus

2040 5463 2179 5524 ergo
2207 5443 2306 5506 hic
2323 5449 2385 5505 et
2417 5439 2791 5504 occasionem
2819 5434 3093 5516 explicat,
3117 5452 3234 5524 qua
3257 5436 3471 5524 Petrus
3502 5432 3647 5493 dixit
3674 5448 3689 5495 :

2040 5521 2351 5613 Propitius
2377 5538 2500 5594 esto
2530 5529 2662 5604 tibi,
2695 5526 2983 5598 Domine,
3008 5541 3126 5613 non
3150 5521 3263 5584 erit
3293 5522 3402 5583 tibi
3426 5523 3540 5583 hoc
3569 5539 3584 5581 :
3639 5527 3700 5582 et

2036 5611 2290 5686 audivit:
2324 5619 2488 5685 Vade
2510 5625 2642 5700 post
2666 5634 2783 5692 me,
2816 5613 3053 5679 Satana.
3088 5611 3300 5700 Postea
3324 5628 3465 5700 vero
3495 5625 3699 5692 repre-

2035 5713 2329 5779 hensione
2367 5728 2442 5775 ea
2469 5698 2592 5774 non
2633 5710 2974 5781 contentus,
3012 5700 3121 5766 sed
3155 5699 3407 5774 uberius
3433 5698 3695 5801 demon-
