4156 6384
439 341 461 405 1
474 340 590 407 267

434 565 609 627 modo
641 566 951 646 discipulis
980 584 1196 646 aspera
1248 574 1557 647 proponat,
1607 567 1710 628 sed
1766 566 1875 628 toti
1907 567 2088 628 etiam

434 653 565 715 orbi
600 662 925 717 terrarum:
976 653 1037 717 Si
1069 654 1203 735 quis
1236 654 1380 729 Vult,
1417 654 1627 736 inquit.
1664 655 1787 717 sive
1821 655 1928 730 vir,
1963 655 2089 716 sive

434 742 676 815 femina,
729 742 851 804 sive
903 760 1150 823 pauper,
1204 742 1326 804 sive
1378 742 1567 819 dives,
1616 743 1739 805 sive
1784 744 2085 821 princeps,

436 831 561 893 sive
590 831 887 912 subditus,
923 832 1077 893 hanc
1128 831 1495 910 ingrediatur
1541 831 1715 891 viam.
1770 830 1881 893 Ubi
1914 831 2093 908 igitur

438 928 599 995 sunt,
634 920 733 1001 qui
765 920 1019 981 liberum
1048 919 1357 981 arbitrium
1407 930 1676 981 evertere
1706 920 2002 1001 nituntur,
2036 928 2095 980 et

435 1009 616 1071 fatum
670 1009 1051 1070 introducere
1072 1012 1101 1070 ?
1129 1008 1283 1072 Ecce
1331 1009 1489 1070 enim
1520 1009 1661 1071 hinc
1690 1018 1894 1088 aperte
1923 1008 2089 1068 vani-

439 1103 575 1159 tatis
605 1105 932 1176 arguuntur
966 1118 979 1160 :
1013 1097 1089 1159 Si
1119 1098 1257 1177 quis
1288 1098 1602 1159 vult.Nam
1622 1096 1917 1171 diabolus,
1952 1095 2090 1175 quia

441 1186 591 1247 nihil
624 1190 742 1247 veri
778 1184 984 1261 habet,
1019 1186 1168 1246 ostia
1199 1201 1428 1258 eorum,
1462 1203 1497 1246 a
1526 1184 1743 1265 quibus
1773 1204 1891 1246 non
1926 1184 2085 1245 reci-

441 1275 620 1354 pitur,
651 1274 848 1336 securi
880 1283 938 1335 et
966 1274 1124 1334 ferro
1175 1272 1526 1353 perfringit:
1560 1282 1618 1333 at
1647 1272 1909 1335 Salvator
1938 1271 2087 1333 adeo

443 1362 603 1424 mitis
623 1372 733 1435 est,
754 1365 1084 1425 utdoceat:
1119 1362 1194 1425 Si
1221 1368 1357 1443 quis
1386 1365 1519 1423 vult
1545 1365 1754 1425 venire
1779 1369 1919 1443 post
1947 1380 2037 1424 me
2070 1380 2087 1439 ;

443 1460 521 1528 et,
541 1451 667 1527 Qui
678 1452 808 1515 vult
822 1470 989 1515 meus
1005 1451 1489 1532 essediscipulus.
1506 1450 1594 1512 Ad
1611 1469 2094 1532 unumquemque
2132 1483 2144 1495 ο

440 1542 623 1617 venit,
675 1560 877 1621 neque
919 1540 1095 1619 cogit,
1152 1542 1259 1603 sed
1314 1544 1504 1620 potius
1553 1541 1750 1620 pulsat
1804 1560 1871 1601 ac
1900 1540 2088 1603 dicit:

443 1631 638 1709 Aperi
652 1629 801 1691 mihi
822 1647 999 1691 soror
1019 1647 1173 1706 mea,
1195 1647 1417 1708 sponsa
1440 1630 1491 1689 4.
1521 1630 1610 1691 Ac
1627 1628 1677 1689 si
1698 1630 1989 1709 aperiant,
2010 1629 2099 1689 in-

1534 347 1591 408 J.
1638 342 2023 409 XIPHILINI
2066 345 2179 408 GP.
2225 346 2737 414 PATRIARCILE

513 474 764 538 Tantum
783 483 979 538 autem
996 476 1188 552 abest,
1207 482 1272 538 ut
1287 477 1531 538 aﬂ'ectus
1553 477 1829 543 concitet.
1867 483 1930 537 ut
1960 494 2081 539 non
2098 485 2150 544 A

3666 351 3692 409 l
3705 347 3825 413 268

2244 478 2552 557 Ἀνεμπαθῆ
2604 479 2659 537 δὲ
2711 482 2802 538 τὸν
2852 481 3012 561 λόγον
3062 487 3228 541 ποιῶν
3278 482 3376 540 οὔκ
3426 484 3609 547 αὐτοῖς
3663 482 3824 557 μόνον

2169 571 2236 626 τὰ
2302 569 2442 629 δεινά
2507 572 2861 650 περιίστησιν,
2935 570 3073 629 ἀλλᾶ
3135 573 3224 629 καὶ
3292 573 3468 630 κοινὸν
3540 572 3687 648 πάσῃ
3756 577 3827 647 τῇ

2172 661 2453 739 οἰκουμένῃ
2524 662 2852 739 προστίθησι,
2928 659 3100 739 λέγων
3160 681 3174 696 ·
3253 662 3321 720 Εἴ
3388 684 3469 725 τις
3535 659 3673 719 θέλει
3726 661 3826 717 κᾶν

2172 749 2327 829 ἀνὴρ,
2385 749 2482 807 κᾶν
2531 751 2687 828 γυνὴ,
2742 749 2841 807 κᾶν
2893 750 3058 817 πένης
3116 749 3213 807 κᾶν
3258 748 3533 828 πλούσιος,
3583 748 3681 805 κᾶν
3737 748 3828 828 ἄρ-

2173 860 2312 917 χων,
2378 837 2475 894 κᾶν
2545 839 2867 918 ἀρχόμενος,
2942 840 3139 905 ταύτην
3211 838 3450 919 ἐρχέσθω
3505 836 3649 898 ὁδόν.
3719 844 3827 895 Ποῦ

2172 927 2340 983 τοίνυν
2398 928 2522 984 εἰσὶν
2592 929 2639 983 οἱ
2693 929 2754 983 τὸ
2825 924 3155 992 αὒτεξούσιον
3225 928 3538 1007 ἀνατρέπειν
3610 926 3827 1007 ἐπιχει-

2171 1022 2378 1093 ροῦντες
2414 1063 2431 1090 ,
2523 1016 2611 1071 καὶ
2697 1015 2798 1082 τὴν
2890 1016 3209 1094 εἱμαρμένην
3281 1017 3629 1096 εἰσάγοντες;
3697 1012 3829 1072 ἰδοὺ

2170 1105 2269 1183 γὰρ
2324 1103 2567 1185 ἐντεῦθεν
2611 1110 2791 1184 σαφῶς
2850 1102 3226 1184 γληναφῶντες
3282 1102 3623 1185 ἐλέγχονται,
3690 1122 3721 1162 ί
3755 1102 3823 1161 Εἴ

2168 1215 2249 1257 τις
2278 1192 2435 1255 θέλει,
2472 1212 2502 1252 ›
2558 1184 2615 1250 ιΟ
2666 1192 2759 1266 μὲν
2808 1194 2908 1269 γὰρ
2958 1190 3221 1267 διάϐολος,
3279 1193 3393 1250 ἐπεὶ
3440 1184 3605 1268 μηδὲν
3637 1190 3827 1259 ἀληθὲς

2171 1279 2287 1361 ἔχει
2358 1282 2410 1338 ἐν
2481 1279 2691 1338 πελέκει
2763 1283 2850 1337 καὶ
2920 1279 3246 1361 λαξευτηρίῳ
3331 1279 3613 1338 ἐπιϐαίνων
3645 1326 3662 1350 ,
3734 1280 3828 1343 τὰς

2172 1370 2326 1448 θύρας
2382 1376 2486 1427 τῶν
2543 1370 2620 1446 μὴ
2678 1366 2983 1449 δεχομένων
3042 1370 3199 1427 αὐτὸν
3256 1370 3572 1448 κατάγνυσιν
3607 1389 3623 1403 ’
3682 1373 3711 1425 ὁ
3770 1367 3827 1424 δὲ

2177 1459 2367 1538 Σωτὴρ
2425 1457 2590 1522 οὕτως
2643 1458 2751 1514 ἐστὶ
2807 1465 2973 1537 πρᾶος
3032 1461 3105 1523 ὡς
3162 1456 3421 1515 διδάσκειν
3456 1478 3470 1493 ’
3539 1481 3567 1513 α
3626 1457 3694 1515 Εἴ
3749 1480 3828 1520 τις
3860 1478 3873 1487 ·

2176 1545 2311 1605 θέλει
2340 1547 2508 1603 ὀπίσω
2539 1571 2641 1623 μου
2669 1546 2841 1603 ἐλθεῖν
2872 1562 2886 1577 ⁸
2926 1571 2953 1602 n
3006 1549 3114 1620 καὶ,
3176 1569 3201 1605 ι
3261 1539 3319 1606 Ὀ
3349 1546 3513 1604 θέλων
3545 1547 3691 1603 εἶναί
3730 1568 3831 1621 μου

2180 1637 2445 1709 μαθητής.
2500 1658 2530 1693 ι
2583 1633 2909 1716 Ἐρχόμενος
2956 1634 3012 1692 δὲ
3058 1638 3188 1715 πρὸς
3241 1636 3481 1710 ἕκαστον,
3540 1636 3599 1692 οὔ
3657 1635 3833 1711 βιάζε-

445 1719 749 1798 greditur:
781 1718 871 1780 sin
897 1726 1251 1779 cunctentur
1273 1718 1383 1792 illi,
1410 1727 1468 1779 et
1493 1717 1708 1792 nolint,
1743 1720 1992 1779 recedit.
2028 1716 2098 1778 Et

2190 1746 2286 1789 ται,
2321 1722 2456 1779 ἀλλὰ
2487 1723 2687 1799 μᾶλλον
2740 1726 2935 1803 κρούει,
2982 1726 3070 1781 καὶ
3120 1724 3309 1803 λέγει’
3349 1748 3376 1780 α
3450 1722 3662 1789 Ανοιξόν
3715 1745 3832 1803 μοι,

446 1826 553 1887 per
580 1805 792 1868 Isaiam
817 1807 962 1870 dicit
987 1827 1001 1865 :
1026 1806 1094 1870 Si
1109 1806 1424 1868 volueritis
1449 1813 1502 1869 et
1529 1807 1889 1869 audiveritis
1917 1824 2013 1868 me
2040 1807 2093 1868 5.

2190 1810 2378 1888 Ξιδελφή
2439 1834 2558 1887 μου,
2622 1814 2821 1894 νύμφη,
2884 1835 2907 1870 ι
2965 1816 3063 1870 Καὶ
3110 1814 3453 1892 ἁνοιγόντων,
3487 1812 3782 1891 εἰσέρχεται
3819 1830 3830 1842 ·

445 1895 621 1958 Prius
655 1897 815 1957 enim
848 1898 999 1958 velle
1031 1902 1286 1975 oportet,
1339 1913 1409 1956 ac
1462 1902 1585 1956 tum
1635 1894 1861 1967 audire,
1897 1903 1961 1955 ut
1993 1912 2099 1974 pro

451 1992 653 2047 nostra
678 1993 843 2064 parte
869 1985 1039 2047 liberi
1063 1986 1274 2048 simus.
1297 1983 1386 2045 Ibi
1408 1984 1565 2044 enim
1589 2001 1657 2044 ex
1682 2003 1775 2047 eo.
1807 1984 1959 2063 quod
1988 2003 2101 2044 no-

448 2073 654 2148 limus,
689 2075 773 2151 fit,
806 2082 869 2136 ut
908 2092 1024 2137 non
1058 2073 1389 2136 audiamus.
1423 2071 1519 2134 Sic
1550 2072 1742 2134 omnis
1774 2073 2098 2148 heititudo,

453 2171 510 2225 et
542 2181 733 2243 paenae
779 2164 1175 2243 dolorumque
1231 2162 1537 2243 perpessio
1585 2179 1620 2222 a
1668 2170 1869 2223 nostra
1916 2162 2104 2224 libera

455 2260 744 2332 potestate
796 2252 1215 2333 proficiscitur.
1268 2251 1451 2332 Sequi
1492 2269 1655 2329 ergo,
1718 2259 1808 2313 est
1854 2250 1916 2311 in
1965 2270 2102 2313 eum

454 2341 722 2411 credere,
757 2343 914 2423 quod
945 2349 1143 2404 autem
1175 2341 1568 2417 ait,Postme,
1595 2341 1652 2401 id
1687 2341 2099 2403 mandatorum

458 2429 938 2492 observationem
952 2431 1265 2507 significat.
1303 2429 1427 2491 Hoc
1457 2429 1617 2490 enim
1647 2437 1736 2490 est
1762 2448 1968 2491 revera
1997 2448 2097 2491 se-

458 2518 584 2599 qui,
630 2537 749 2580 non
800 2520 975 2580 modo
1008 2518 1255 2581 credere
1285 2518 1345 2579 in
1375 2519 1596 2599 ipsum,
1630 2517 1735 2579 sed
1769 2518 1946 2579 etiam
1980 2518 2099 2597 pati

458 2624 564 2687 pro
596 2606 747 2687 ipso,
804 2616 1152 2687 caeteraeque
1203 2606 1397 2667 virtuti
1447 2624 1687 2685 operam
1739 2606 1902 2668 dare.
1938 2605 2104 2679 Quod

455 2713 596 2757 vero
625 2694 799 2757 vitam
833 2714 997 2757 suam
1025 2693 1312 2769 Salvator,
1346 2694 1625 2757 omnibus
1657 2693 1771 2755 sibi
1792 2693 2105 2775 obtempe-

446 2784 675 2849 raturis
696 2783 1154 2865 crcdilurisque,
1183 2782 1345 2844 velut
1368 2782 1608 2861 Optima;
1624 2783 1860 2843 videndi
1885 2801 2109 2859 norma;

456 2872 759 2951 exemplar
806 2872 1209 2952 proposuerit,
1240 2871 1379 2932 audi
1408 2870 1601 2950 ipsum
1652 2870 1876 2931 diserte
1909 2878 1970 2934 et
1998 2891 2105 2933 ex-

458 2976 666 3042 presse
692 2961 752 3021 id
783 2960 1102 3022 docentem
1135 2982 1148 3018 :
1203 2958 1271 3023 Si
1322 2960 1459 3039 quis
1489 2961 1675 3038 enim,
1708 2958 1922 3039 inquit,
1956 2961 2109 3021 mihi

457 3052 794 3124 ministrat,
821 3047 1283 3130 mesequalurG,
1308 3047 1644 3126 nonutique
1660 3065 1933 3128 corpore,
1950 3047 2105 3129 quod

2183 1902 2472 1957 ὀκνούντων
2529 1899 2583 1957 δὲ
2648 1904 2735 1958 καὶ
2786 1902 2863 1977 μὴ
2917 1900 3179 1958 θελόντων
3237 1902 3470 1976 ἐκείνων,
3533 1902 3834 1980 ἀναχωρεῖ,

2183 1991 2269 2045 καὶ
2314 1987 2397 2044 διὰ
2438 1997 2530 2047 τοῦ
2578 1981 2802 2060 ’ῌσαΐου
2856 2008 2873 2027 ⁸
2945 2010 2968 2045 α
3019 1989 3143 2047 Ἐὰν
3201 1989 3387 2057 θέλητε
3438 1991 3525 2045 καὶ
3591 1988 3838 2045 εἰσακού-

2187 2078 2319 2145 σητέ
2348 2099 2495 2157 μουζ
2514 2101 2536 2135 υ
2574 2078 2830 2156 Πρότερον
2879 2079 2979 2157 γὰρ
3034 2076 3252 2145 θελῆσαι
3294 2076 3397 2144 δεῖ,
3429 2079 3517 2134 καὶ
3548 2077 3665 2133 τότε
3697 2078 3837 2132 είσασ

2185 2173 2390 2240 κοῦσαι,
2470 2149 2570 2224 Ἵνα
2627 2168 2688 2223 τὸ
2760 2165 2840 2247 ἐφ’
2900 2168 3037 2241 ἡμῖν
3094 2166 3565 2244 ἀκατανάγκαστον
3621 2166 3677 2241 ᾗ.
3742 2161 3841 2221 Ἐκ

2187 2255 2365 2330 μέντοι
2412 2262 2503 2312 τοῦ
2552 2255 2628 2329 μὴ
2676 2253 2893 2322 θελῆσαι
2924 2257 2983 2311 τὸ
3034 2254 3110 2330 μὴ
3156 2257 3453 2311 εἰσακοῦσαι
3503 2254 3829 2311 συνίσταται.

2187 2342 2335 2401 Οὕτω
2383 2349 2526 2400 πᾶσα
2585 2343 2939 2423 μακαριότης,
2998 2345 3086 2400 καὶ
3134 2345 3169 2411 ἡ
3218 2342 3269 2399 ἐν
3321 2342 3535 2400 κολάσει
3576 2344 3664 2398 καὶ
3717 2355 3835 2404 τοῖς

2186 2432 2454 2495 ἐπιπόνοις
2508 2429 2748 2510 διαγωγὴ
2805 2431 2865 2488 ἐκ
2919 2438 3009 2487 τοῦ
3065 2429 3147 2513 ἐφ’
3198 2433 3333 2507 ἡμῖν
3392 2432 3706 2511 ἐνήργηται.
3764 2432 3837 2488 Τὸ

2184 2522 2280 2596 μέν
2352 2521 2439 2578 οὖν
2510 2519 2820 2579 ἀκολουθεῖν
2892 2522 2952 2577 τὸ
3025 2521 3287 2577 πιστεύειν
3357 2522 3429 2584 εἰς
3483 2519 3638 2576 αὐτὸν
3693 2540 3836 2599 παρ-

2189 2610 2391 2681 ίστήσιν
2436 2625 2447 2641 ⁸
2505 2610 2565 2665 τὸ
2622 2607 2677 2664 δέ
2734 2606 2937 2666 Ὀπίσω
2984 2632 3086 2685 μου
3136 2612 3223 2666 καὶ
3269 2610 3368 2677 την
3417 2608 3642 2665 ἐντολῶν
3686 2608 3842 2687 ἐργα-

2189 2699 2303 2755 σίαν
2359 2696 2540 2765 δηλοῖ.
2584 2707 2754 2756 Τοῦτα
2799 2699 2899 2777 γάρ
2947 2697 3056 2754 ἐστι
3113 2704 3189 2773 τῷ
3234 2696 3344 2755 ὕντι
3402 2696 3734 2768 ἀκολουθεῖν,
3780 2698 3842 2753 τὸ

2191 2786 2268 2862 μὴ
2316 2786 2477 2862 μόνον
2525 2786 2788 2842 πιστεύειν
2840 2788 2912 2849 εἰς
2960 2788 3135 2857 αὐτὸν,
3184 2785 3319 2842 ἀλλὰ
3366 2788 3454 2842 καὶ
3505 2786 3634 2864 ὑπὲρ
3685 2787 3841 2864 afﬁrm}

2190 2856 2444 2955 πάσχειν,
2505 2877 2591 2932 καὶ
2644 2880 2742 2942 τῆς
2803 2872 2971 2941 ἄλλης
3024 2875 3218 2955 ἀρετῆς
3276 2856 3665 2951 ἐπιμελεῖσθαι,
3732 2856 3840 2932 ’δτι

2189 2961 2244 3019 δὲ
2311 2966 2401 3020 τὸν
2473 2965 2669 3021 οἰκεῖον
2742 2964 2853 3041 βίον
2921 2967 2949 3021 ὁ
3018 2965 3209 3043 Σωτὴρ
3276 2963 3546 3028 πολιτείας
3618 2965 3837 3044 ἀρίστης

2189 3054 2534 3132 ὑπογραμμὸν
2584 3066 2702 3117 τοῖς
2776 3052 2918 3128 αὒτῴ
2987 3053 3247 3110 πείθεσθαι
3319 3052 3555 3111 θέλουσιν
3626 3053 3838 3131 ἔθηκεν,

459 3156 635 3201 nemo
660 3146 876 3220 potest,
912 3115 1047 3200 cum
1079 3136 1398 3199 Dominum
1416 3115 1622 3217 jam-in
1654 3115 1826 3198 caelis
1843 3115 2104 3198 esse-no-

2191 3138 2412 3199 ἄκουσον
2461 3144 2617 3201 αὒτοῦ
2663 3139 2941 3220 διαῤῥήδην
2988 3152 3142 3201 τοῦτο
3190 3139 3523 3206 διδάσκοντος
3556 3157 3570 3172 ⁸
3632 3164 3660 3197 ε
3714 3139 3843 3199 Ἐὰν

460 3227 746 3308 verimus,
771 3226 873 3289 sed
897 3244 1071 3308 quam
1096 3225 1227 3288 ﬁeri
1258 3234 1474 3307 potest,
1505 3225 1949 3287 accuratissima
1979 3228 2109 3288 vitae

462 3334 816 3397 morumque
847 3314 1202 3378 imitatione.

2190 3254 2269 3296 τις
2300 3232 2421 3311 γὰρ,
2459 3254 2486 3286 »
2520 3232 2702 3312 φησὶν,
2738 3254 2765 3285 α
2799 3231 2916 3306 ἐμοὶ
2946 3227 3183 3307 διακονῇ,
3237 3229 3353 3305 ἐμοὶ
3400 3230 3777 3299 ἀπολουθείτω,
3811 3253 3838 3284 ι

2191 3320 2251 3376 οὐ
2278 3320 2375 3388 τὴν
2409 3320 2544 3376 κατὰ
2586 3321 2754 3398 σάρκα
2802 3318 2978 3387 δηλῶν
3028 3318 3396 3394 ἀκολούθησιν,
3456 3320 3523 3388 ἦν
3555 3321 3655 3400 γὰρ
3684 3325 3845 3376 πᾶσιν

460 3401 655 3485 ἄπορος
702 3415 798 3485 ,τοῦ
848 3405 1033 3484 Κτρίου
1081 3411 1169 3460 νῦν
1218 3404 1273 3461 ἐν
1321 3402 1562 3484 οὖρα-θοτς
1622 3405 1761 3461 εἶναι
1829 3408 2128 3484 γινωσκομέ
2179 3431 2292 3486 νου,
2354 3406 2489 3465 ἀλλὰ
2541 3409 2640 3475 τὴν
2709 3406 2899 3486 ἀκριϐῆ
2958 3414 3055 3476 τῆς
3114 3408 3383 3473 πολιτείας
3438 3410 3574 3467 κατὰ
3629 3411 3690 3466 τὸ
3747 3407 3845 3487 ἐγ-

460 3501 671 3573 χωροῦν
703 3495 923 3571 μίπησιν
935 3543 948 3557 ,

539 3581 806 3662 Abneget
837 3584 1252 3662 semetipsum,
1285 3588 1343 3645 et
1372 3581 1545 3645 tollat
1569 3600 1804 3644 crucem
1833 3588 2041 3665 suam,
2063 3592 2119 3648 et

456 3679 748 3751 sequatur
777 3688 890 3733 me.
920 3668 1114 3733 Unum
1135 3670 1365 3732 videtur
1381 3670 1608 3746 dicere,
1631 3679 1981 3733 cumtamen
2005 3673 2117 3735 tria

456 3760 637 3842 dicat,
650 3760 947 3822 videlicet:
970 3761 1233 3842 Abneget
1249 3762 1663 3840 semetipsum.
1680 3759 1838 3822 Tollo
1850 3769 1868 3821 ι
1881 3778 2114 3824 crucem

456 3866 654 3919 suam,
687 3856 746 3910 et
765 3847 1069 3929 Sequatur
1091 3867 1204 3911 me.
1232 3850 1315 3911 Ac
1338 3848 1536 3929 priora
1562 3847 1803 3929 quidem
1828 3848 1944 3910 duo
1968 3869 2108 3911 con-

451 3938 663 4017 juncta
713 3946 872 4013 sunt,
927 3936 1165 3999 tertium
1213 3954 1359 4009 vero,
1406 3938 1659 3998 seorsim
1712 3945 1801 3999 est
1834 3938 2111 4017 positum.

458 4025 768 4088 Discamus
797 4026 978 4103 igitur
1000 4027 1184 4106 prius,
1201 4026 1341 4107 quid
1363 4029 1460 4101 sit,
1480 4025 1761 4106 Seipsum
1782 4027 2079 4107 abnegare
2094 4050 2113 4090 .-

465 4133 710 4194 nempe,
743 4113 1073 4175 liberaliter
1100 4114 1384 4195 periculis
1406 4132 1470 4175 se
1493 4132 1813 4194 exponere,
1839 4124 1896 4177 et
1915 4124 2113 4178 certa--

462 4202 726 4265 minibus
757 4201 1024 4282 objicere
1051 4223 1065 4282 ;
1104 4202 1251 4264 nihil
1279 4221 1483 4264 secum
1515 4201 1738 4264 habere
1770 4221 2110 4286 commune,

460 4301 564 4355 sed
598 4290 846 4372 perinde
869 4289 1046 4365 allici,
1080 4310 1147 4353 ac
1177 4291 1228 4352 si
1278 4291 1429 4353 alius
1460 4290 1753 4371 quiSpiam
1788 4302 2107 4370 pateretur.

2284 3611 2313 3644 α
2366 3585 2784 3668 Ἀπαρνησάσθω
2831 3589 3039 3668 ἑαυτὸν,
3099 3588 3188 3643 καὶ
3243 3587 3420 3665 ἀράτω
3477 3589 3568 3643 τὸν
3625 3587 3848 3665 σταυρὸν

2198 3677 2380 3751 αὐτοῦ,
2437 3678 2525 3734 καὶ
2573 3677 2921 3735 ἀκολουθείτω
2971 3699 3084 3752 μοι,
3126 3699 3148 3733 υ
3211 3685 3372 3733 Δοκεῖ
3429 3677 3524 3752 μὲν
3572 3675 3627 3731 ἓν
3673 3672 3721 3731 τ’
3769 3676 3851 3731 εἷ-

2198 3766 2434 3846 ρηκέναι,
2468 3766 2585 3846 τρία
2612 3763 2667 3821 δέ
2697 3766 2805 3822 ἐστι
2849 3766 2915 3821 τὰ
2960 3764 3246 3844 λεγόμενα,
3302 3766 3363 3820 τὸ
3418 3788 3445 3819 ι
3502 3761 3850 3841 Ἀπαρνησά-

2198 3858 2305 3912 σθω
2337 3856 2515 3927 αὐτὸν,
2557 3875 2585 3913 ι
2622 3856 2682 3911 τὸ
2737 3873 2767 3914 α
2817 3852 3023 3933 Ἀράτω
3073 3855 3163 3910 τὸν
3213 3855 3433 3933 σταυρὸν
3481 3854 3658 3925 αὐτοῦ,
3701 3876 3722 3907 ι
3758 3854 3850 3909 καὶ

2196 3946 2256 4000 τὸ
2294 3965 2318 4000 ι
2355 3941 2731 4001 Ἀκολουθείτω
2761 3966 2852 4019 μοι
2912 3966 2939 3997 ι
3004 3943 3100 4000 Καὶ
3148 3943 3214 3998 τὰ
3243 3942 3338 4018 μὲν
3370 3940 3458 3999 δύο
3488 3941 3842 4020 συνέζευκται,

2196 4035 2257 4089 τὸ
2310 4032 2365 4089 δὲ
2422 4035 2472 4091 ἓν
2528 4033 2646 4089 καθ’
2704 4034 2859 4089 ἑαυτὸ
2905 4031 3154 4092 τέθειται,
3202 4031 3463 4106 Μάθωμεν
3510 4030 3598 4086 οὖν
3646 4030 3843 4110 πρότε-

2196 4145 2286 4202 ρον
2316 4124 2364 4179 τί
2393 4121 2502 4178 ἐστι
2530 4124 2591 4178 τὸ
2632 4144 2678 4206 ,ιι
2738 4112 2952 4180 Ἐαυτὸν
2998 4120 3397 4199 ἀπαρνήσασθαι
3433 4138 3447 4153 ⁸
3504 4138 3533 4178 )
3590 4121 3650 4175 τὸ
3687 4119 3846 4199 ἀφει-

2196 4209 2297 4274 δῶς
2328 4208 2572 4278 δηλονότι
2610 4222 2726 4273 τοῖς
2772 4208 3024 4272 κινδύνοις
3076 4209 3258 4267 ἑαυτὸν
3305 4206 3562 4264 ἐκδιδόναι
3610 4208 3846 4270 καὶτοῖς

2196 4299 2388 4377 ἀγῶσι,
2468 4300 2557 4355 καὶ
2628 4296 2792 4374 μηδὲν
2862 4299 3037 4355 κοινὸν
3096 4296 3243 4377 ἔχειν
3299 4298 3429 4375 πρὸς
3490 4296 3694 4377 ἑαυτὸν,
3728 4293 3849 4352 ἀλλ’

461 4378 538 4444 Ut
569 4366 730 4442 enim
764 4378 815 4440 si
848 4386 1023 4457 neget
1075 4380 1350 4454 alterum,
1409 4366 1532 4441 sive
1574 4366 1709 4442 eum
1743 4366 1941 4458 ﬂagris
1968 4382 2105 4444 caedi

2195 4388 2373 4466 ὥσπερ
2422 4384 2584 4444 ἄλλου
2652 4387 2982 4467 πάσχοντος,
3050 4385 3187 4442 οἷτω
3248 4382 3566 4443 διακετσθκι.
3637 4366 3851 4463 υΩσπερ

474 4469 691 4545 videat,
717 4468 839 4529 sive
872 4468 1158 4549 torqueri,
1187 4469 1310 4530 sive
1338 4467 1410 4529 ad
1445 4476 1693 4529 mortem
1727 4468 1964 4542 abduci,
1998 4489 2118 4531 non

460 4558 947 4631 auxiliatur,non
972 4558 1322 4639 opitulatur,
1365 4576 1484 4618 non
1516 4557 1780 4618 animum
1797 4558 2114 4640 contrahit,

459 4664 580 4710 non
612 4645 1001 4709 rriseratione
1036 4665 1176 4725 erga
1205 4646 1375 4710 illum
1407 4656 1699 4719 movetur,
1731 4647 1953 4728 quippe
1982 4666 2115 4709 om-

459 4736 601 4798 nino
619 4735 693 4797 ab
735 4753 806 4796 eo
836 4734 1232 4798 abalienatus:
1265 4736 1345 4796 ita
1369 4752 1477 4796 nos
1497 4735 1618 4796 vult
1649 4751 1784 4812 erga
1819 4755 1926 4797 nos
1955 4736 2117 4816 ipsos

458 4823 613 4888 attici
664 4842 800 4886 cum
836 4823 1119 4903 patimur,
1171 4832 1236 4887 ut
1264 4824 1385 4885 sive
1417 4824 1616 4903 ﬂagris
1642 4825 1961 4904 caadamur,
1995 4824 2118 4886 sive

459 4912 848 4992 exagitemur,
870 4915 1013 4984 sive,
1040 4931 1306 4988 uramur,
1331 4912 1453 4974 sive
1480 4912 1713 4993 quidvis
1734 4913 1891 4973 aliud
1925 4915 2115 4994 patia-

458 5022 614 5084 mur,
646 5021 724 5065 ne
773 5018 1084 5080 parcamus
1134 5001 1308 5064 nobis
1358 5001 1495 5082 ipsi.
1551 5002 1699 5064 Tum
1743 5003 1901 5063 enim
1934 5003 2118 5083 magis

456 5090 572 5174 ipsi
603 5090 773 5155 nobis
784 5090 1107 5172 parcimus,
1125 5109 1260 5152 cum
1277 5097 1522 5172 propter
1536 5088 1834 5152 Christum
1868 5089 2113 5152 minime

459 5180 782 5261 parcimus.
841 5177 990 5240 Nam
1022 5187 1081 5240 et
1112 5188 1311 5260 patres
1343 5190 1466 5242 tum
1500 5186 1749 5259 parcunt
1783 5177 1943 5245 ﬁliis.
1978 5197 2115 5239 cum

462 5286 566 5332 eos
594 5267 894 5347 magistris
926 5268 1190 5341 tradunt,
1232 5266 1566 5347 jubentque
1607 5285 1681 5327 ne
1730 5267 1875 5347 ipsis
1908 5285 2113 5347 parca-

458 5364 581 5439 tur.
613 5358 744 5421 Non
775 5364 973 5418 autem
1002 5356 1189 5418 dixit:
1222 5355 1331 5418 Ille
1363 5364 1560 5436 parcat
1590 5354 1745 5431 sibi;
1790 5356 1895 5418 sed
1927 5357 2111 5418 vehe-

462 5443 979 5528 mentius,tNeget,
1001 5446 1116 5509 hoc
1137 5454 1248 5526 est,
1275 5444 1434 5507 Nihil
1457 5463 1659 5507 secum
1677 5464 1993 5509 commune
2015 5448 2091 5509 ha

544 5614 576 5665 4
603 5612 772 5679 Cant.
797 5630 857 5693 v,
892 5614 952 5678 2.
1036 5617 1069 5667 5
1097 5613 1232 5679 Issi.
1265 5613 1313 5692 Ι,
1346 5614 1446 5678 19.
1530 5613 1566 5665 ϐ
1589 5611 1763 5680 Joan.
1795 5631 1903 5692 xu,
1937 5614 2040 5682 26.

2200 4477 2299 4555 γὰρ
2350 4473 2402 4530 εἴ
2453 4497 2534 4539 τις
2582 4474 2876 4553 ἀρνήσηται
2924 4473 3121 4554 ἕτερον,
3176 4472 3273 4530 κᾶν
3319 4473 3699 4548 μαστιζόμενον
3754 4470 3847 4549 ἴδῃ

2198 4570 2403 4638 τοῦτον,
2460 4561 2556 4619 κᾶν
2625 4560 3060 4643 στρεϐλούμενον,
3118 4560 3215 4618 κᾶν
3272 4563 3401 4640 πρὸς
3457 4561 3677 4618 θάνατον
3733 4559 3844 4616 ἀπ-

2199 4651 2481 4730 αγόμενον,
2539 4650 2597 4708 οὔ
2642 4652 2980 4730 παρίσταται,
3035 4650 3094 4706 οὒ
3145 4650 3351 4725 βοηθεῖ,
3404 4647 3499 4705 οὐκ
3545 4646 3846 4721 ἐπικλᾶται,

2200 4744 2259 4799 ού
2314 4740 2511 4818 πάςχει
2561 4763 2612 4797 τι
2661 4742 2790 4819 πρὸς
2837 4739 3018 4819 αὐτὸν,
3071 4738 3164 4795 ἆίτε
3203 4735 3339 4809 ᾅπαξ
3396 4739 3553 4793 αύτοῦ
3608 4734 3847 4794 ἀπολλο-

2199 4829 2432 4908 τριωθείς
2493 4847 2507 4862 ⁶
2570 4827 2707 4885 οὕτω
2755 4830 2843 4884 καὶ
2898 4830 3041 4904 ἡμᾶς
3098 4825 3339 4903 βούλεται
3398 4823 3690 4881 διακετσθιι
3719 4826 3848 4903 πρὸς

2202 4918 2413 4980 ἑαυτοὺς
2443 4917 2776 4997 πάσχοντας,
2824 4916 2919 4973 ἵνα
2962 4915 3059 4973 κᾶν
3110 4915 3502 4991 μαστιζώμεθα,
3565 4912 3663 4969 κᾶν
3692 4911 3849 4969 ἐλαυ-

2202 5006 2434 5081 νώμεθα,
2493 5005 2589 5061 κᾶν
2656 5005 2948 5080 καιώμεθκ,
3009 5001 3106 5060 κᾶν
3165 5006 3335 5059 ὁτιοῦν
3392 5002 3715 5081 πάσχωμεν,
3771 5001 3849 5075 μὴ

2202 5093 2496 5174 φειδώμεθα
2549 5096 2770 5153 ἑαυτῶν.
2844 5093 2974 5152 Τότε
3045 5093 3144 5171 γὰρ
3213 5089 3419 5167 μᾶλλον
3490 5091 3688 5147 ἑαυτῶν
3746 5110 3854 5171 φειδ

2198 5181 2429 5258 δώμεοα,
2492 5182 2617 5240 ὅταν
2666 5184 2864 5239 ἑαυτῶν
2917 5180 3001 5237 διὰ
3056 5182 3279 5259 Χριστὸν
3326 5176 3643 5259 ἀφειδῶμεν.
3704 5176 3853 5236 Ἐπεὶ

2198 5274 2286 5328 καὶ
2356 5275 2404 5327 οἱ
2473 5271 2694 5352 πατέρες
2765 5271 2885 5327 τότε
2935 5271 3023 5326 καὶ
3092 5266 3292 5326 παίδων
3350 5264 3634 5348 φείδονται,
3696 5265 3848 5343 ὅταν,

2196 5357 2529 5425 διδασκάλοις
2591 5357 2906 5428 ἐκδιδόντες,
2968 5360 3153 5422 αὐτοὺς
3206 5355 3459 5414 κελεύωσι
3518 5357 3717 5413 τούτων
3771 5358 3852 5431 μὴ

2196 5447 2477 5529 φείδεσθαι.
2535 5449 2644 5509 Οὔκ
2689 5448 2813 5507 εἷπε
2860 5445 2940 5523 δὲ,
2992 5447 3080 5516 Μὴ
3137 5446 3402 5528 φεισάσθω
3460 5446 3668 5522 ἑαυτοῦ,
3730 5443 3850 5501 ἀλλ’
