4156 6386
271 307 293 371 1
306 306 422 371 269

1740 315 2176 381 ORATIONES

3502 317 3671 410 mo

265 441 652 523 ὲπιτεραμένως
684 464 714 505 ε
747 442 1110 526 Ἀρνησάσθω,
1165 471 1193 504 ι
1248 448 1505 524 τουτέστι,
1551 449 1715 525 μηδὲν
1745 451 1923 508 κοινὸν

2018 447 2163 521 beat,
2198 444 2303 507 sed
2327 444 2576 527 objiciat
2591 462 2655 507 se
2676 444 3100 508 certaminibus
3120 452 3181 508 et
3211 445 3516 528 periculis,
3543 456 3681 512 nec

265 531 439 611 ἐχέτω
468 535 598 611 πρὸς
631 535 838 609 ἑαυτὸν,
873 534 992 592 ἀλλ’
1040 534 1289 594 ἐκδιδότω
1337 551 1454 603 τοῖς
1486 538 1653 616 ἀγῶσι
1685 540 1773 595 καὶ
1802 552 1919 602 τοῖς

268 617 547 691 κινδύνοις,
606 623 694 677 καὶ
764 625 838 686 ὡς
888 622 1065 703 ἑτέρου
1136 626 1464 705 πάσχοντος,
1524 624 1662 699 οὕτω
1716 623 1918 683 διακεί-

2002 556 2178 600 secus
2201 535 2518 617 afﬁciatur,
2534 554 2711 617 quam
2724 540 2770 596 si
2787 535 2938 597 alius
2951 541 3275 616 pateretur.
3307 538 3435 609 Quo
3449 546 3662 601 autem

2004 628 2289 706 majorem
2320 624 2437 685 vim
2468 624 2650 686 verbo
2680 624 2949 696 adderet,
2972 644 3092 685 non
3113 624 3267 687 dixit
3296 624 3514 707 Neget,
3548 626 3657 689 sed

269 710 397 764 σθω.
474 706 595 766 Ἐπὶ
660 708 713 764 δὲ
771 709 988 768 πλείονα
1062 718 1228 769 ποιῶν
1299 712 1559 788 ἐπίτασιν,
1623 716 1718 771 οὒκ
1763 714 1917 770 εἶπεν

2018 714 2268 793 4bneget
2293 732 2314 790 ;
2351 731 2527 793 parvo
2561 712 2672 774 hoc
2704 712 3107 774 additamenta
3130 706 3413 792 magnum
3439 714 3530 776 rei
3559 716 3662 778 in-

276 816 307 856 (
337 796 703 878 Ἀρνησάσθω,
743 823 770 857 ιι
805 800 924 858 ἀλλ’
978 822 1008 862 α
1061 802 1507 885 Ἀπαρνησάσθω,
1562 823 1591 863 ι
1762 810 1922 884 μικρᾷ

269 885 434 962 ταύτῃ
466 889 740 967 προσθήκῃ
774 888 1014 968 μεγάλην
1043 891 1310 972 ἐμφαίνων
1337 891 1437 972 τὴν
1466 889 1762 971 ὑπερϐολήν
1792 910 1806 926 ⁸
1836 898 1923 952 καὶ

270 973 369 1051 γὰρ
411 959 597 1032 ’πλέον
666 959 820 1034 τοῦτο
857 959 868 968 Ι
892 959 1090 1035 ἐκείνου
1128 959 1320 1038 ⁸ἐστιν.
1408 959 1657 1058 ἸΑρνηισις
1721 959 1922 1055 *μέντοι

270 1060 407 1117 ἐστὶν
480 1062 663 1120 ἑαυτοῦ
731 1067 765 1134 ἡ
839 1066 1108 1135 παντελὴς
1172 1074 1277 1126 τῶν
1332 1066 1699 1148 παρελθόντων
1758 1067 1921 1148 λήθη,

268 1151 356 1237 καὶ
386 1152 420 1219 ἡ
450 1158 543 1208 τοῦ
593 1155 782 1212 οἰκείου
830 1153 1127 1231 θελήματος
1174 1156 1544 1237 ἀναχώρησις,
1594 1159 1629 1225 ἡ
1677 1158 1806 1236 πρὸς
1836 1157 1926 1212 τὸν

2003 809 2375 865 crementum
2406 800 2748 862 insinuans:
2786 800 3006 862 etenim
3034 801 3147 862 hoc
3178 800 3312 881 plus
3344 809 3455 877 est,
3482 821 3660 884 quam

2003 890 2171 953 illud.
2209 888 2454 971 Negatio
2477 889 2698 970 quippe
2720 888 2914 951 suiest
2936 887 3196 969 perfecta
3222 888 3660 970 praeteritorum

2004 980 2243 1053 oblivio,
2271 986 2327 1038 et
2352 979 2605 1058 propria:
2635 976 2955 1061 voluntatis
2984 976 3261 1051 remotio,
3293 976 3661 1042 desiderium

2006 1067 2301 1132 moriendi
2331 1067 2390 1129 in
2412 1066 2666 1143 Christo,
2694 1065 3072 1128 mortiﬁcatio
3094 1065 3504 1128 membrorum
3516 1086 3650 1150 qua)

2004 1170 2145 1220 sunt
2173 1175 2356 1237 super
2387 1164 2628 1229 terram,
2682 1153 2960 1216 alacriter
2987 1172 3128 1217 vero
3159 1153 3410 1236 quodvis
3439 1155 3660 1219 discri-

270 1234 355 1325 ἐπι
419 1244 641 1317 Χριστοῦ
708 1242 929 1299 θάνατον
1000 1234 1427 1319 ἐπιθυμίαξκαὶ
1497 1234 1749 1323 νέκρωσις
1819 1248 1925 1299 τῶν

2018 1266 2140 1309 men
2157 1234 2372 1310 Christi
2388 1263 2564 1306 causa
2576 1244 2764 1325 adire,
2782 1242 3041 1324 penitus,
3076 1234 3195 1304 non
3216 1242 3372 1305 afﬁci
3398 1243 3471 1305 ad
3504 1262 3663 1325 prm-

272 1323 453 1414 μελῶν
524 1333 631 1383 τῶν
696 1328 780 1386 ἐπὶ
845 1336 972 1408 γῆς,
1032 1334 1121 1389 καὶ
1179 1333 1240 1388 τὸ
1303 1331 1745 1410 παρατεταμένως
1795 1332 1925 1409 πρὸς

2018 1344 2236 1399 sentem
2268 1334 2467 1410 vitam,
2523 1333 2581 1395 id
2625 1323 2755 1414 jam
2789 1323 2893 1395 est
2923 1323 3133 1393 tollere
3184 1349 3428 1394 crucem
3461 1323 3658 1396 suam.

270 1413 441 1469 πάντα
510 1417 602 1472 τὸν
673 1418 803 1496 ὑπὲρ
861 1426 1086 1499 Χριστοῦ
1153 1418 1445 1476 διακεῖσθαι
1500 1417 1752 1494 κίνδυνον,
1810 1420 1920 1488 καὶ,

2018 1424 2126 1489 Sed
2160 1422 2444 1506 perfectio
2473 1421 2537 1484 in
2568 1413 2641 1484 eo
2673 1428 2785 1502 est,
2818 1421 3171 1483 utaﬂ‘ectum
3202 1420 3439 1501 penitus
3468 1437 3659 1486 exua-

270 1503 332 1594 τὸ
374 1502 726 1582 ἀπροσπαθῶς
758 1506 904 1588 ἔχειν
948 1511 1079 1590 πρὸς
1128 1510 1227 1576 τὴν
1274 1515 1540 1588 παροῦσαν
1585 1508 1750 1582 ζωὴν,
1786 1504 1925 1567 τουτ’

2018 1502 2174 1593 mus,
2197 1521 2373 1594 atque
2401 1511 2477 1573 ad
2505 1510 2680 1573 vitam
2712 1509 3045 1590 mortisque
3095 1508 3660 1575 condemnationem

272 1586 382 1647 ’ἑστι
415 1593 476 1683 το
507 1592 746 1683 ἇραιᾼτὸν
789 1586 1018 1677 σταυρὸν
1060 1598 1268 1660 ἑαυτοῦ,
1325 1586 1474 1654 Ἀλλ’
1525 1599 1560 1665 ἡ
1592 1596 1688 1673 μέν
1719 1596 1924 1653 τελειό-

2018 1586 2532 1683 ρετίἰιάεέηἰηιεῑί
2587 1601 2795 1678 simus,
2832 1606 2894 1662 et
2922 1586 2990 1661 ut
3021 1615 3165 1678 erga
3213 1616 3323 1661 nos
3350 1596 3514 1677 ipsos
3540 1617 3662 1663 non

270 1699 370 1744 της
438 1679 575 1738 ἐστὶν
634 1680 688 1737 ἐν
757 1691 834 1759 τῷ
903 1685 964 1741 τό
1036 1685 1369 1765 ἀπροσπηαθὲς
1428 1688 1786 1765 κατορθῶσαι,
1840 1685 1928 1741 καὶ

280 1768 856 1789 μλ.ς...-
1625 1773 1832 1789 -,.,

2018 1679 2359 1755 efﬁciamur.

271 1768 402 1845 πρὸς
475 1771 600 1828 αὐτὸ
669 1773 730 1829 τὸ
796 1779 893 1845 ζῆν
964 1775 1053 1831 καὶ
1123 1776 1184 1831 τὸ
1237 1774 1509 1852 ἀπόκριμα
1562 1779 1655 1831 τοῦ
1709 1773 1930 1830 θανάτου

272 1855 469 1949 ὁμοίως
500 1855 647 1939 ἔχειν
734 1861 872 1919 ὥστε
902 1864 980 1939 μὴ
1012 1860 1094 1943 ἐφ’
1125 1864 1312 1920 ἑαυτοῦ
1339 1861 1669 1925 πεποιθέναι,

374 1956 610 2026 Αρχεται
683 1947 737 2006 δὲ
809 1951 869 2009 ἐκ
924 1958 1022 2020 τῆς
1081 1950 1264 2018 ἔξωθεν
1324 1951 1751 2032 ἀλλοτριώσεως,
1811 1954 1927 2007 οἷον

271 2035 585 2112 χρημάτων,
674 2037 828 2108 δόξης
899 2043 1143 2118 ματαίας,
1218 2042 1255 2110 ἢ
1326 2039 1508 2106 ἁπλῶς
1577 2038 1928 2120 προσπαθείας

272 2130 379 2178 τῶν
409 2124 715 2205 ἀνωφελῶν,
767 2131 901 2187 καθά
949 2132 1038 2187 καὶ
1089 2133 1136 2186 οἱ
1185 2130 1328 2208 ἅγιοι
1380 2136 1473 2187 τοῦ
1517 2130 1703 2209 Κυρίου
1760 2130 1928 2203 μαθη-

273 2214 381 2283 ταὶ,
455 2216 542 2270 καὶ
612 2216 879 2284 ὑπέδειξαν
944 2222 1105 2295 ἡμῖν,
1179 2216 1431 2283 Ἰάκωϐος
1503 2220 1592 2276 καὶ
1647 2215 1924 2291 Ἰωάννης,

271 2299 651 2369 καταλιπόντες
740 2309 830 2363 τὸν
884 2309 1084 2388 πατέρα
1144 2310 1233 2365 καὶ
1286 2310 1413 2368 αὐτὸ
1467 2310 1529 2364 τὸ
1582 2306 1773 2364 πλοῖον
1829 2306 1926 2373 τὴν

275 2396 449 2446 πᾶσαν
520 2392 762 2474 ἀφορμὴν
819 2403 911 2453 τοῦ
964 2397 1099 2475 βίου,
1159 2401 1431 2459 Ματθαῖος
1487 2394 1565 2464 δὲ,
1623 2392 1717 2453 ἀπ’
1773 2399 1929 2454 αὐτοῦ

273 2487 367 2536 τοῦ
418 2480 666 2540 τελωνίου
736 2482 1042 2562 ἐξαναστὰς,
1108 2488 1194 2543 καὶ
1248 2484 1609 2556 ἀκολουθήσας
1664 2491 1742 2560 τῷ
1793 2490 1924 2563 Χρι-

275 2576 406 2644 στῷ,
442 2573 501 2628 οὔ
552 2573 618 2629 τὰ
671 2573 830 2655 κέρδη
889 2575 1046 2651 μόνον
1102 2573 1433 2648 καταλιπὼν,
1494 2572 1630 2629 ἀλλά
1678 2574 1766 2630 καὶ
1822 2578 1928 2629 τῶν

276 2656 526 2717 κινδύνων
593 2661 872 2745 ὑπεριδὼν,
942 2664 975 2720 ἃ
1066 2661 1441 2721 ἐπακολουθεῖν
1510 2660 1733 2739 ἔμελλον
1788 2660 1931 2735 αὒτῷ

278 2747 421 2827 παρὰ
469 2755 567 2817 τῆς
625 2749 856 2817 ἐξουσίας
915 2752 1126 2817 ἀτελεῖς
1176 2754 1298 2817 τοὺς
1365 2751 1556 2830 λόγους
1611 2756 1705 2807 τοῦ
1757 2747 1930 2806 τελω-

275 2836 385 2893 νίου
442 2838 917 2917 καταλιμπάνοντι.
960 2841 1171 2916 ,Παύλῳ
1225 2840 1280 2898 δὲ
1333 2842 1421 2898 καὶ
1488 2843 1517 2898 6
1569 2840 1780 2915 σύμπας
1828 2838 1929 2895 κό-

276 2946 413 3000 σμος
483 2927 777 3008 ἐσταύρωτο
829 2934 918 2987 καὶ
974 2932 1129 2995 αὒτὸς
1179 2937 1257 3005 τῷ
1312 2930 1518 3006 κόσμῳ,
1583 2919 1804 3008 Ἐτέρως
1875 2925 1930 2983 δὲ

2091 1952 2460 2034 Principium
2493 1949 3001 2033 pcrroduciturab
3013 1959 3258 2015 externa
3276 1950 3660 2025 alienatione,

2013 2050 2073 2105 ut
2086 2041 2552 2123 possessionum,
2570 2058 2733 2101 vanae
2770 2039 2993 2120 gloriae,
3010 2042 3367 2104 automnino
3378 2039 3667 2103 desiderii

2011 2150 2212 2193 rerum
2240 2129 2540 2192 inutilium
2572 2151 2584 2189 :
2612 2129 3117 2211 quemadmodum
3140 2149 3250 2192 nos
3270 2130 3449 2194 etiam
3472 2128 3667 2192 sancti

2011 2221 2342 2282 docuerunt
2369 2217 2604 2280 Domini
2637 2217 2943 2298 discipuli,
2987 2216 3246 2280 Jacobus
3294 2227 3353 2281 et
3379 2220 3662 2296 Joannes,

2008 2309 2218 2371 relicto
2242 2316 2426 2383 patre,
2447 2306 2699 2387 ipsoque
2713 2305 2968 2386 navigio,
2982 2306 3385 2389 omnibusque
3405 2306 3666 2369 faculta-

2008 2400 2182 2461 tibus.
2203 2398 2513 2461 Matthaaus
2540 2403 2737 2458 autem
2768 2396 2843 2457 ab
2866 2396 2993 2477 ipso
3025 2396 3253 2459 telonio
3289 2395 3568 2471 surrexit,
3602 2401 3665 2459 et

2009 2487 2307 2552 Christum
2339 2493 2577 2548 secutus
2627 2492 2737 2559 est,
2785 2503 2905 2547 non
2956 2484 3150 2547 solum
3200 2484 3384 2547 lucris
3410 2482 3662 2563 relictis,

2010 2575 2116 2638 sed
2149 2574 2327 2637 etiam
2356 2572 2715 2651 contemptis
2764 2572 3047 2653 periculis
3090 2591 3222 2654 qua;
3250 2590 3286 2634 a
3314 2572 3668 2652 magistratu

2012 2662 2426 2739 imminebant,
2451 2660 2611 2742 quod
2636 2661 3018 2741 imperfectas
3046 2660 3257 2724 telonii
3274 2661 3537 2724 rationes
3556 2678 3664 2723 re-

2012 2752 2303 2832 liquisset.
2325 2750 2456 2813 Jam
2481 2749 2656 2811 Paulo
2679 2753 3024 2813 totusetiam
3050 2751 3310 2813 mundus
3337 2749 3668 2814 cruciﬁxus

2015 2851 2158 2913 erat,
2197 2849 2254 2902 et
2286 2839 2413 2921 ipse
2448 2838 2695 2900 mundo.
2728 2837 2864 2900 Alia
2911 2838 3141 2901 ratione
3172 2847 3346 2919 negat
3374 2839 3510 2920 quis
3538 2836 3663 2902 sei-

2015 2947 2211 3010 psum,
2244 2927 2481 3009 quando
2512 2926 2695 2988 vitam
2726 2944 2896 2988 suam
2921 2944 3233 3008 perperam
3257 2934 3318 2989 et
3337 2927 3547 2990 vitiose
3565 2944 3668 2990 an-

278 3013 518 3094 ἀρνεῖταί
572 3040 652 3081 τις
709 3020 915 3095 ἑαυτὸν,
976 3022 1067 3077 τὸν
1124 3018 1261 3076 ἴδιον
1312 3020 1425 3097 βίον
1482 3019 1737 3097 πρότερον
1794 3016 1931 3072 κατά

2018 3027 2261 3080 teactam
2317 3016 2614 3096 condigna
2662 3015 2992 3078 mutatione
3038 3015 3360 3081 oblitteret.
3412 3013 3513 3093 Ut,
3571 3014 3675 3099 qui

278 3105 466 3161 κακίαν
538 3107 896 3186 γεγενημένον
968 3115 1037 3186 τῇ
1091 3107 1351 3185 ἀξιολόγῳ
1415 3104 1687 3184 μεταϐολῇ
1744 3103 1935 3162 ἀπαλεί

278 3214 415 3273 φων.
474 3195 607 3251 Οῒον
655 3199 683 3252 6
734 3195 897 3253 πάλαι
945 3196 1238 3261 ἀκόλαστος
1288 3196 1526 3275 ἀρνεῖται
1580 3196 1763 3251 ἑαυτὸν
1812 3192 1935 3249 ἀκό-

278 3279 498 3363 λαστον,
572 3287 901 3364 συφρονήσας
935 3305 950 3321 ο
1011 3288 1100 3343 καὶ
1157 3290 1185 3343 ὁ
1241 3284 1403 3342 πάλαι
1466 3282 1642 3348 ἄδικος
1698 3283 1934 3363 ἀρνεῖται

278 3372 467 3428 ἑαυτὸν
526 3371 728 3455 ἄδικον,
790 3374 1268 3456 δικαιοπραγήσας.
1340 3375 1439 3433 Καὶ
1503 3371 1687 3437 ἀπλῶς
1757 3372 1935 3437 πάσης

276 3465 378 3526 τῆς
437 3461 693 3541 ἁμαρτίας
760 3464 949 3545 ἀποχὴ
1006 3462 1223 3544 ἄρνησίς
1294 3462 1438 3519 ἐστιν
1509 3462 1695 3518 ἑαυτοῦ
1768 3460 1939 3516 ὀπίσω

276 3550 509 3629 φέρουσα
565 3558 658 3607 τοῦ
716 3560 965 3631 Χριστοῦ.
1062 3563 1146 3611 ινα
1205 3550 1259 3608 δὲ
1331 3551 1407 3618 πὴ
1466 3556 1659 3626 νομιζῃ
1715 3570 1796 3612 τις
1854 3545 1934 3603 ὅτι

278 3636 475 3717 μέχρις
533 3637 728 3719 ὕϐρεων
786 3643 876 3698 καὶ
936 3639 1159 3720 πληγῶν
1231 3642 1321 3698 καὶ
1389 3637 1699 3714 ὀνειδισμῶν
1752 3638 1932 3716 ἀμαρ-

280 3729 485 3783 νεῖσθαι
541 3725 643 3799 δεῖ,
711 3729 1033 3809 προσέθηκε,
1102 3750 1126 3785 ι
1190 3731 1289 3787 Καὶ
1340 3728 1518 3808 ἀράτω
1570 3726 1660 3783 τόν
1714 3727 1934 3804 σταυρὸν

281 3820 440 3875 αὐτοῦ
509 3815 686 3885 δηλῶν
753 3820 914 3900 μέχρι
983 3820 1150 3877 πόσου
1238 3817 1322 3875 δεῖ
1411 3818 1779 3897 ἀπαρνεῖσθαι,
1854 3814 1935 3870 ὅτι

281 3904 446 3985 μέχρι
495 3907 739 3981 θανάτου,
800 3910 888 3965 καὶ
940 3908 1162 3965 θανάτου
1213 3904 1584 3965 ἐπονειδίστου.
1636 3905 1752 3985 Διά.
1780 3910 1935 3960 τοῦτο

279 3994 601 4074 προτέθηκεν
639 4013 653 4026 ’
695 4020 721 4051 α
756 3996 962 4076 Ἀράτω
986 3998 1076 4054 τόν
1120 3998 1340 4076 σταυρὸν
1394 3997 1573 4053 αὺτοῦ.
1637 4018 1665 4050 ιο
1726 3971 1933 4071 ³Ἐαιτερος

280 4086 381 4164 γὰρ
438 4085 659 4150 θάνατος
721 4091 813 4146 οῦκ
867 4087 933 4154 ἧν
989 4085 1127 4144 οῗιτω
1183 4081 1469 4164 παράδοξος
1526 4084 1614 4140 καὶ
1674 4080 1932 4139 ἐπονείδι-

282 4196 431 4247 στος,
465 4176 535 4238 ὡς
567 4177 595 4231 6
628 4173 711 4233 διὰ
755 4182 1001 4255 σταυροῦ,
1059 4173 1188 4232 Οὒδὲ
1236 4175 1336 4253 γὰρ
1385 4173 1544 4248 μόνον
1576 4172 1705 4253 φησὶ
1735 4176 1933 4251 τρυφῆς

282 4266 369 4319 καὶ
441 4261 596 4330 δόξης
665 4277 1044 4344 καταφρονεῖν,
1115 4262 1252 4320 ἀλλά
1308 4263 1395 4318 καὶ
1455 4261 1647 4341 μέχρις
1702 4261 1935 4336 αἳματος

2014 3104 2490 3187 intemperantia
2519 3103 2661 3165 olim
2687 3104 2924 3166 deditus
2941 3103 3671 3184 erat,negatseipsumin-

2021 3202 2474 3277 temperantem,
2492 3192 2540 3254 si
2553 3191 3004 3270 temperantiam
3029 3192 3459 3274 amplectatur:
3487 3200 3545 3254 et
3567 3192 3671 3274 qui

2017 3285 2276 3365 injustus
2325 3292 2451 3344 erat
2502 3280 2668 3361 olim,
2718 3288 2894 3358 negat
2942 3280 3207 3361 seipsum
3262 3281 3575 3361 injustum,
3620 3278 3675 3343 si

2019 3373 2255 3435 studeat
2277 3370 2546 3453 justitiaa.
2579 3368 2652 3431 Et
2696 3367 2758 3430 in
2809 3386 3043 3430 summa
3091 3368 3414 3449 cujuslibet
3441 3368 3674 3449 peccati

2018 3462 2177 3541 fuga,
2212 3459 2446 3540 negatio
2479 3457 2570 3520 sui
2604 3464 2714 3538 est,
2768 3456 2998 3520 ducens
3042 3465 3173 3538 post
3225 3457 3553 3522 Christum.
3585 3458 3678 3522 Ne

2019 3550 2153 3630 quis
2182 3558 2380 3611 autem
2413 3546 2780 3608 existimaret
2809 3564 2998 3627 usque
3042 3546 3117 3608 ad
3161 3545 3576 3622 contumelias,
3611 3552 3676 3610 et

2016 3638 2238 3719 plagas,
2275 3645 2333 3699 et
2362 3635 2576 3717 probra
2605 3634 3023 3713 abnegandum
3041 3653 3107 3697 se
3123 3634 3262 3716 sibi,
3288 3634 3519 3697 addidit
3545 3655 3559 3694 :
3593 3634 3677 3698 Et

2016 3725 2190 3789 tollat
2218 3743 2456 3789 crucem
2483 3740 2692 3798 suum;
2712 3732 2777 3785 ut
2802 3723 3102 3787 indicaret
3120 3730 3414 3805 quatenus
3431 3730 3678 3804 oporte-

2013 3828 2098 3877 τοι
2135 3814 2434 3894 abnegare
2460 3812 2757 3893 seipsum,
2782 3811 3066 3874 nimirum
3091 3830 3279 3895 usque
3294 3812 3368 3874 ad
3391 3819 3673 3887 mortem,

2016 3920 2268 3983 eamque
2318 3900 2861 3982 probrosissimam.
2916 3899 3144 3963 Idcirco
3192 3899 3441 3981 adjecit,
3481 3898 3676 3963 Talia:

2016 4009 2243 4055 crucem
2272 4007 2469 4053 suam.
2503 3988 2633 4050 Alia
2664 3989 2824 4051 enim
2859 4008 3020 4052 mors
3050 4008 3171 4053 non
3199 3996 3356 4053 esset
3384 3988 3468 4050 ita
3492 3986 3678 4050 mira-

2020 4080 2156 4142 bilis
2181 4090 2240 4144 et
2267 4077 2575 4160 probrosa,
2603 4086 2667 4138 ut
2688 4095 2849 4139 mors
2872 4077 3091 4141 crucis.
3115 4077 3321 4160 Neque
3343 4077 3504 4139 enim
3537 4089 3679 4140 tan-

2018 4177 2139 4231 tum
2160 4168 2321 4243 dicit,
2347 4175 2417 4229 ut
2445 4166 2807 4246 voluptatem
2830 4175 2890 4227 et
2910 4165 3161 4247 gloriam
3191 4179 3672 4244 contemnamus,

2019 4258 2124 4320 sed
2157 4258 2334 4320 etiam
2365 4262 2429 4317 ut
2457 4273 2644 4336 usque
2686 4254 2760 4316 ad
2812 4272 3162 4335 sanguinem
3213 4256 3583 4331 resistamus,
3618 4261 3681 4317 et

283 4351 763 4426 ἀντικαθίστασθαι,
819 4341 919 4409 καὶ
987 4341 1088 4416 ἕως
1173 4358 1265 4409 τοῦ
1347 4348 1698 4408 ἐπονειδίστου
1765 4349 1931 4406 θανά-

2021 4366 2209 4428 usque
2235 4346 2307 4408 ad
2320 4341 2977 4410 contumeliosissimam
2991 4352 3243 4407 mortem
3268 4344 3671 4423 omniagene-

1333 4441 1421 4497 καὶ
1498 4440 1664 4515 ταύτῃ
1736 4436 1939 4515 μᾶλλον

281 4463 373 4499 του
446 4442 616 4498 πάντα
700 4441 874 4521 φέρειν
964 4444 1242 4520 γενναίως,

283 4530 604 4613 ἀγάλλεσθαι
617 4576 628 4590 .

363 4620 562 4677 Σκόπει
615 4618 670 4675 δὲ
732 4624 847 4683 πῶς
902 4619 995 4675 οὒκ
1051 4619 1177 4676 εἷπε
1217 4619 1307 4673 τὸν
1356 4619 1578 4696 σταυρὸν
1629 4614 1933 4689 ἀπολύτως,

283 4708 420 4766 ἀλλά
467 4712 559 4765 τὸν
615 4709 836 4787 σταυρὸν
882 4711 1063 4782 αὐτοῦ,
1116 4704 1256 4763 τουτ’
1315 4705 1424 4763 ἔστι
1476 4707 1537 4761 τὸ
1593 4703 1934 4783 ὀφειλόμενον

284 4803 424 4874 οὖτῴ
473 4799 714 4873 θάνατον,
791 4799 849 4855 ὃν
919 4795 1035 4877 ἔχει
1115 4795 1276 4876 χρέος
1332 4792 1448 4850 καθ’
1506 4794 1736 4860 ἑκάστην
1795 4794 1936 4854 ἀπο-

284 4886 688 4969 πληροῦν-,κατὰ
742 4888 833 4943 τὸν
882 4885 1108 4965 λέγοντα
1141 4900 1153 4914 ⁸
1211 4907 1238 4938 α
1288 4880 1413 4941 Καθ’
1460 4882 1663 4961 ἡμέραν
1691 4882 1937 4960 ἀπογνή-

286 4959 419 5037 σκωξ
462 4997 484 5031 η
528 4959 588 5032 ’Ἡ
642 4977 732 5032 καὶ
774 4959 968 5038 ἄλλως*
994 4974 1216 5052 σταορὸν
1259 4970 1535 5048 βαστάζειν
1572 4959 1741 5050 φησὶν
1769 4959 1935 5045 ἡμᾶς,

286 5061 428 5119 τοῦτ’
486 5062 625 5119 ἔστιν
680 5061 936 5129 διηνεκῶς
991 5060 1334 5141 ἐγρηγορέναι
1393 5061 1484 5114 τὸν
1540 5065 1681 5138 νοῦν,
1740 5058 1831 5114 καὶ
1888 5056 1941 5112 ὲν

286 5165 410 5214 ταῖς
458 5152 673 5230 ἀρεταῖς
725 5148 806 5229 ἐφ’
857 5149 1020 5226 ὕψους
1066 5150 1337 5222 ἵστασθαι,
1386 5156 1475 5205 τοῦ
1531 5146 1608 5221 μὴ
1666 5145 1943 5203 κατελθεῖν

288 5237 394 5295 ἀπὸ
462 5247 552 5296 τοῦ
623 5246 844 5318 σταυροῦ
905 5254 920 5268 ’
981 5238 1144 5317 ἤγουν
1205 5236 1603 5316 ἐγκρατεύεσθαι
1675 5233 1781 5289 ἀπὸ
1836 5239 1942 5289 τῶν

241 5330 489 5401 ’παθῶν,
563 5328 662 5391 ἕως
734 5326 793 5383 οὗ
861 5327 1078 5403 ἐκκόψει
1149 5325 1281 5382 αὒτά
1332 5326 1419 5381 καὶ
1490 5324 1694 5399 ἀναστῇ
1750 5320 1938 5379 λοιπὸν

289 5412 576 5485 ἀήττητος.
638 5408 695 5473 Ὀ
753 5415 852 5493 γὰρ
903 5417 1123 5491 σταυρὸς
1179 5414 1356 5480 πάσης
1426 5411 1683 5491 ἁμαρτίας
1747 5409 1939 5489 κατάρα-

372 5606 474 5687 71,
505 5605 642 5670 Cor.
674 5622 777 5683 xv,
811 5606 910 5671 31.

2019 4454 2155 4499 rose
2186 4436 2470 4510 feramus,
2503 4450 2692 4515 eaque
2719 4448 2785 4496 re
2814 4431 3013 4513 potius
3040 4434 3404 4497 exaltemus.

2101 4613 2430 4677 Considera
2455 4612 2700 4689 deinde,
2752 4610 3256 4694 quemadmodum
3307 4630 3426 4674 non
3459 4610 3688 4679 dixerit

2020 4720 2261 4766 crucem
2290 4701 2584 4777 absolute,
2617 4703 2723 4765 sed
2754 4719 2994 4765 crucem
3042 4719 3236 4783 suam,
3268 4699 3326 4763 id
3361 4708 3476 4777 est,
3511 4718 3679 4763 mor-

2023 4804 2140 4855 tem
2174 4811 2350 4873 quam
2382 4790 2582 4868 debet,
2617 4810 2911 4874 quamque
2959 4799 3194 4872 oportet
3242 4810 3378 4853 eum
3407 4789 3682 4872 quotidie

2023 4892 2329 4964 oppetere,
2370 4898 2536 4942 more
2568 4881 2726 4944 illius
2754 4882 2856 4963 qui
2884 4880 2969 4944 ait
2996 4900 3011 4943 :
3050 4880 3330 4955 Quotidie
3357 4883 3594 4944 morior
3619 4880 3676 4946 7.

2023 4973 2139 5034 Aut
2160 4971 2337 5032 etiam
2363 4968 2536 5030 aliter
2555 4987 2794 5033 crucem
2810 4978 3046 5052 portare
3076 4988 3185 5031 nos
3210 4969 3405 5050 jubet,
3425 4968 3540 5032 hoc
3560 4975 3676 5046 est,

2026 5061 2402 5122 continenter
2432 5058 2674 5135 vigilare
2719 5059 2941 5133 animo,
2995 5067 3055 5121 et
3100 5058 3416 5121 virtutibus
3465 5057 3528 5119 in
3559 5058 3680 5123 alto

2026 5158 2207 5228 stare,
2240 5166 2434 5230 neque
2456 5148 2530 5209 de
2548 5165 2726 5209 cruce
2745 5146 3113 5212 descendere
3137 5165 3151 5209 :
3185 5146 3463 5210 videlicet
3480 5145 3683 5209 conti-

2025 5256 2169 5299 nere
2201 5255 2413 5318 pravas
2454 5235 2833 5319 affectiones,
2883 5236 3078 5298 donec
3124 5234 3432 5298 exsciudat
3478 5253 3581 5298 eas
3621 5242 3682 5299 et

2027 5325 2678 5406 exterminetdeinceps
2701 5324 2979 5387 invictus.
3006 5324 3159 5388 Crux
3186 5323 3346 5387 enim
3369 5330 3460 5386 est
3480 5323 3681 5386 omnis

2027 5413 2533 5503 peccatiabolitio.
2557 5413 3004 5497 Cruciﬁgeergo
3020 5413 3273 5499 teipsum
3297 5410 3681 5477 saecularibus
