4156 6428
436 346 585 469 ιέιι

1509 411 1567 473 J.
1613 409 2001 474 XIPHILINI
2043 412 2155 474 ΟΡ.
2204 360 2721 475 έδΑΤᾙΙΑΒΟΗιΕ

3654 354 3809 469 mf:

438 550 716 631 negotiis,
749 558 816 612 ut
844 567 915 614 ea
935 568 1055 613 non
1076 551 1350 631 attingas.
1367 549 1536 622 Nam,
1553 552 2085 615 etsinonimminet

2180 546 2318 623 (ησίς
2391 543 2552 607 ἐστιν,
2610 544 2920 624 Σταύρωσον
2993 545 3082 601 οὖν
3151 546 3370 601 σεαυτὸν
3439 542 3499 599 ἐκ
3551 545 3656 598 τῶν
3708 563 3811 597 κο-

436 629 580 703 crux
609 647 715 703 aut
763 640 1189 703 contemeliosa
1231 629 1414 718 mors,
1470 641 1849 703 aﬂ'ectionum
1879 660 2079 713 iamen

2180 639 2366 710 ι’μικῶν
2415 634 2740 713 πραγμάτων
2788 643 2881 692 τοῦ
2928 634 3004 710 μὴ
3034 633 3263 708 ἅψασθαι
3312 632 3505 692 αὐτῶν.
3558 629 3668 687 Κᾶν
3713 629 3816 707 γὰρ

438 728 815 790 mortiﬁcatio
846 728 1143 810 imminet,
1176 737 1236 791 et
1260 729 1483 790 bellum
1503 731 1785 793 adversus
1808 730 2080 792 invisibi-

441 816 560 879 lem
589 816 899 878 inimicum
928 825 987 879 et
1042 818 1297 890 hostem,
1349 836 1527 897 quem
1572 818 1814 879 omnino
1844 819 2086 880 vincere

439 923 692 967 necesse
722 913 832 985 est,
867 912 931 966 ut
962 912 1021 967 et
1050 914 1317 967 nostrum
1346 907 1754 987 unusqulsque
1785 906 1965 988 possit
1990 907 2086 967 (li-

442 1013 616 1057 cere:
645 992 798 1056 Mihz'
828 994 1088 1057 mundus
1100 994 1546 1073 cruciﬁxusest,
1571 1003 1627 1058 et
1657 1014 1764 1076 ego
1784 996 2007 1057 mundo
2030 998 2082 1057 8.

440 1081 820 1161 Spiritualem
852 1083 1140 1143 mundum
1154 1082 1253 1144 hic
1265 1090 1430 1144 vocat
1451 1083 1778 1145 mundanas
1800 1083 2090 1163 concupi-

444 1169 725 1243 scentias,
753 1188 901 1250 quas
931 1189 1001 1232 ex
1031 1170 1147 1232 divi
1175 1170 1340 1232 Pauli
1364 1183 1660 1251 praecepto
1685 1172 1995 1251 cruciﬁgit,
2030 1172 2090 1233 id

444 1265 554 1329 est.
592 1257 929 1334 mortiﬁcat,
965 1265 1025 1321 et
1053 1259 1383 1321 imbecillas
1429 1260 1648 1335 reddit,
1684 1278 1760 1321 ne
1788 1279 1922 1322 eum
1955 1260 2091 1320 vin-

443 1362 580 1408 cere
597 1345 862 1426 possint;
887 1355 945 1408 et
965 1357 1274 1428 peccatum
1295 1348 1356 1408 in
1379 1347 1714 1411 actionibus
1736 1349 1858 1410 suis
1888 1349 2085 1411 evitat.

444 1434 601 1506 Quin
632 1434 808 1496 etiam
851 1435 981 1516 ipse
1027 1436 1147 1499 illis
1191 1436 1508 1499 cruciﬁxus
1553 1446 1660 1511 est,
1715 1438 1770 1499 id
1815 1447 1924 1514 est,
1978 1456 2095 1498 non

445 1531 780 1585 commotus
808 1525 1251 1605 importunitate
1294 1545 1525 1588 earum.
1574 1528 1658 1588 Ac
1700 1528 1931 1589 videtur
1970 1528 2095 1589 hrec

447 1612 671 1693 oaatio,
690 1612 1564 1694 Mihinunduscruciﬁxusest,
1591 1615 1921 1677 libertatem
1950 1631 2093 1696 pec-

447 1707 715 1760 catorum
764 1700 1016 1763 actionis
1064 1702 1445 1783 signiﬁcare;
1500 1704 1600 1766 illa
1649 1723 1811 1781 vero,
1860 1704 1943 1765 Et
1991 1721 2095 1784 ego

444 1787 692 1870 mundo,
727 1789 1089 1870 vaquitatem
1122 1791 1506 1854 aﬂ‘ectionum
1539 1792 1745 1856 animi.

526 2065 679 2138 Quia
722 2085 859 2130 vero
910 2069 1041 2131 ﬁeri
1090 2079 1307 2152 potest,
1360 2080 1425 2134 ut
1470 2073 1603 2153 quis
1652 2073 1929 2154 patiatur,
1985 2092 2096 2134 nec

447 2162 646 2217 tamen
677 2162 964 2237 sequatur
1011 2176 1170 2235 eum,
1218 2167 1283 2221 ut
1330 2180 1464 2222 cum
1517 2160 1648 2241 quis
1687 2181 1805 2222 non
1858 2171 2098 2241 propter

445 2243 644 2324 ipsum
672 2246 902 2325 patitvr.
954 2246 1192 2309 Etenim
1223 2268 1380 2331 saepe
1412 2249 1587 2311 etiam
1620 2251 1877 2313 maleﬁci
1911 2250 2098 2312 multa

447 2350 659 2413 aspera
675 2335 1115 2415 perpetiuntur,
1141 2346 1201 2399 et
1231 2339 1641 2420 sepulcrorum
1669 2340 2003 2415 etfossores,
2038 2347 2096 2401 et

448 2420 948 2503 praestigiatores;
983 2443 1059 2487 ne
1096 2426 1230 2507 quis
1277 2436 1574 2490 tormenta
1602 2428 1878 2490 sufﬁcere
1910 2435 2094 2509 putet,

2114 1880 2158 1942 B
2177 1880 2374 1960 φαίνειν
2406 1879 2696 1960 ἐλευθερίαν
2728 1898 2742 1912 ⁸

2167 723 2243 799 μὴ
2315 722 2621 801 πρόσκειται
2688 724 2907 801 σταυρὸς
2966 722 3085 790 ἤτοι
3149 720 3497 783 ἐπονείδιστος
3565 719 3814 794 θάνατος,

2168 810 2303 868 ἀλλὰ
2360 815 2539 869 παθῶν
2597 811 2845 889 νέκρωσις
2910 812 3265 891 πρόσκειταιν
3312 812 3400 866 καὶ
3456 813 3484 866 6
3538 810 3668 887 πρὸς
3724 808 3816 861 τὸν

2169 900 2393 980 ἀόρατον
2453 900 2643 980 ἐχθρὸν
2699 902 2785 957 καὶ
2839 899 3097 977 πολέμιον
3153 901 3597 980 συγκροτούμενος
3647 894 3817 953 πόλε-

2173 1012 2296 1065 μος,
2348 990 2406 1045 ὃν
2463 991 2674 1053 πάντως
2731 994 2941 1057 νικῆσαι
2987 988 3070 1047 δεῖ
3120 1006 3133 1020 ⁵

2170 1078 2391 1142 ἕκαστος
2448 1077 2663 1145 δύνηται
2710 1077 2885 1157 λέγειν
2920 1097 2933 1110 ·

3184 989 3275 1046 ἵνα
3323 992 3411 1046 καὶ
3458 990 3610 1063 ἡμῶν
3660 988 3688 1041 6
3745 985 3818 1045 εἷς

2995 1100 3019 1135 α
3077 1077 3228 1155 Ἐμοὶ
3284 1082 3312 1135 6
3369 1080 3567 1154 κόσμος
3626 1074 3820 1131 ἐσταύ-

2175 1190 2358 1247 ρωται,
2414 1166 2570 1225 πάλὼ
2623 1174 2700 1243 τῷ
2752 1169 2960 1242 κόσμῳ.
3030 1191 3054 1226 ι
3113 1169 3323 1245 Κόσμον
3368 1166 3421 1223 δὲ
3463 1167 3681 1233 νοητέον
3728 1163 3821 1218 ἐν-

2172 1260 2333 1315 ταῦθα
2402 1258 2495 1320 τὰς
2567 1258 2826 1333 κοσμικὰς
2895 1257 3193 1333 ἐπιθυμίας,
3277 1259 3338 1322 ἃς
3412 1257 3548 1313 κατὰ
3616 1252 3824 1310 Παῦλον

2171 1347 2262 1401 τὸν
2313 1344 2479 1423 μέγαν
2530 1352 2633 1417 ζῶν
2683 1359 2918 1426 σταυροτ,
2972 1346 3113 1404 τοῦτ’
3172 1347 3280 1404 ἔστι
3330 1358 3528 1425 νεκροϊ,
3579 1345 3666 1399 καὶ
3722 1340 3823 1421 ἆρ-

2177 1435 2275 1513 γὰς
2337 1433 2688 1509 ἀποδείκνυσι,
2746 1437 2822 1510 μὴ
2870 1434 3156 1513 δυνάμι-ἕνας
3214 1439 3442 1506 ἡττῆσαι
3500 1434 3676 1502 αὒτὸν,
3736 1432 3826 1485 καὶ

2177 1525 2275 1591 τὴν
2338 1521 2520 1603 πρᾶξιν
2591 1523 2884 1583 ἀποϐαλεῖν
2953 1528 3232 1605 ἁμαρτίαν,
3294 1524 3458 1582 Ἀλλᾶ
3516 1525 3603 1580 καὶ
3668 1524 3824 1584 αὖτὸς

2178 1615 2364 1678 αὐταῖς
2435 1612 2769 1693 νενέκρωται,
2829 1613 2971 1674 τοῦτ’
3029 1613 3167 1673 ἔστιν
3239 1617 3299 1673 οὗ
3369 1616 3641 1680 κεκίνηται
3695 1611 3826 1688 πρὸς

2180 1702 2454 1777 ἐπιθυμίαν
2496 1703 2689 1764 αὐτῶν,
2737 1704 2835 1762 Καὶ
2882 1704 3022 1761 ἔοικε
3066 1707 3126 1761 τὸ
3176 1706 3293 1780 μὲν,
3347 1725 3369 1758 ‹‹
3425 1700 3577 1777 Ἐμοὶ
3624 1703 3829 1774 κόσμος

2180 1790 2524 1870 ἐσταύρωται,
2595 1816 2613 1845 ι
2680 1793 2778 1859 σὴν
2836 1798 2933 1860 τῆς
2990 1796 3125 1849 κατᾶ
3174 1791 3357 1872 πρᾶξιν
3410 1791 3667 1870 ἁμαρτίας
3724 1789 3829 1865 ἐμ-

2807 1884 2866 1938 16
2917 1880 2992 1955 δὲ,
3051 1906 3078 1938 (ι
3134 1882 3294 1940 Κᾶλὼ
3323 1889 3399 1955 τῷ
3423 1881 3628 1955 κόσμῳ,
3666 1899 3692 1935 ι)
3731 1880 3829 1943 τὴν

2177 1970 2313 2026 κατὰ
2342 1965 2573 2026 διάνοιαν
2602 1970 2855 2027 ἀπάθειαν
2884 1978 3165 2051 παριστᾷν,

2261 2056 2479 2126 Ἐπειδὴ
2511 2057 2565 2115 δέ
2594 2059 2705 2115 ἐστι
2754 2062 2842 2116 καὶ
2889 2062 3171 2141 πάσχοντα
3219 2062 3296 2131 μὴ
3342 2058 3641 2117 ἐκολουθεῖν
3690 2061 3835 2132 αὒτῷ

2176 2151 2249 2213 ὡς
2300 2148 2425 2204 ὅταν
2469 2171 2548 2211 τις
2599 2150 2675 2224 μὴ
2722 2147 2789 2204 δι’
2846 2152 2999 2206 αὐτὸν
3056 2152 3246 2231 πάσχῃ
3273 2167 3285 2180 ·
3348 2152 3435 2206 καὶ
3490 2150 3588 2228 γὰρ
3648 2150 3736 2204 καὶ
3787 2150 3836 2203 οἱ

2178 2246 2461 2317 κακοῦργοι
2510 2236 2767 2301 πολλάκις
2818 2238 2992 2295 πολλὰ
3034 2237 3175 2296 δεινᾶ
3223 2239 3515 2319 πάσχουσι,
3570 2239 3657 2293 καὶ
3692 2259 3835 2312 τυμ-

2179 2324 2434 2407 ϐωρύχοι.
2464 2329 2550 2383 καὶ
2601 2328 2793 2405 γόητες
2830 2345 2842 2357 ·
2892 2327 2984 2385 ἵνα
3039 2331 3114 2405 μή
3166 2352 3242 2394 τις
3290 2328 3479 2404 νομίσῃ
3522 2327 3598 2382 Ἷτι
3645 2327 3837 2405 ἀρκετ-

2181 2438 2266 2472 ται
2298 2418 2361 2472 τὰ
2392 2415 2554 2488 δεινὰ,
2616 2419 2921 2496 προστίθησι
2972 2420 3057 2474 καὶ
3106 2420 3190 2491 τὸ,
3250 2436 3280 2477 (
3328 2416 3687 2474 Ακολουθείτω
3717 2438 3833 2490 μοι,

447 2509 612 2572 addit
632 2528 652 2572 :
674 2509 987 2593 Sequatur
1015 2503 1142 2591 me;
1161 2525 1225 2577 ut
1247 2515 1491 2597 indicet,
1510 2525 1788 2598 oportere
1809 2503 2091 2578 sua—causa

2182 2503 2384 2568 δεικνὺς
2429 2504 2508 2562 ὅτι
2559 2503 2625 2561 δι’
2680 2506 2837 2562 αὒτὸν
2883 2505 2965 2563 δεῖ
3008 2508 3287 2583 ὑπομένειν
3338 2508 3403 2562 τὰ
3446 2504 3713 2582 πάνδεινα³
3750 2506 3840 2559 καὶ

448 2598 744 2661 sustinere
773 2601 1025 2663 accerba
1054 2605 1297 2683 quaevis,
1354 2593 1804 2685 neque-tantum
1836 2606 1898 2666 in
1930 2605 2091 2666 malis

2182 2594 2262 2651 ὅτι
2311 2594 2371 2650 οὔ
2419 2595 2578 2670 μόνον
2624 2597 2733 2674 χρὴ
2780 2597 2880 2663 τὴν
2932 2595 2983 2653 ἐν
3033 2611 3150 2661 το⁴ς
3199 2595 3392 2659 δεινοῖς
3443 2593 3677 2673 ἀνδρείαν
3721 2594 3840 2649 ἐπι-

448 2686 825 2768 perferendis
848 2682 1140 2753 adhibere
1164 2682 1597 2767 fortitudinem,
1620 2694 1724 2755 sed
1745 2693 1925 2755 etiam
1956 2703 2091 2754 tem‘

2183 2682 2497 2763 δείκνυσθαι,
2570 2682 2707 2739 ἀλλὰ
2771 2687 2859 2741 καὶ
2936 2687 3298 2766 σωφροσύνην,
3373 2686 3462 2742 καὶ
3527 2684 3838 2754 ἐπιείκειαν,

451 2776 807 2857 perantiam,
832 2778 1194 2859 aequitatem,
1223 2798 1580 2862 omnemque
1600 2784 1948 2860 sapientiam
1970 2800 2091 2843 con-

2183 2774 2271 2828 καὶ
2326 2778 2499 2829 πᾶσαν
2549 2770 2714 2840 ἄλλην
2762 2774 3071 2855 φιλοσοφίαν
3118 2776 3463 2856 μετέρχεσθαι
3521 2792 3532 2805 °
3579 2780 3733 2830 τοῦτο
3783 2770 3841 2827 δὲ

455 2863 696 2950 sectari.
726 2864 1110 2945 Signiﬁcatur
1138 2859 1565 2950 autemverbis
1602 2859 1744 2945 illis,
1794 2870 2090 2950 Sequatm

2185 2859 2343 2927 δηλοῖ
2373 2863 2433 2917 τὸ
2464 2859 2844 2920 ’Λκολουθείτω
2889 2888 2978 2941 μοι
3026 2867 3087 2921 τὸ
3130 2868 3215 2921 καὶ
3258 2871 3355 2931 τῆς
3404 2862 3571 2930 ἄλλης
3621 2862 3836 2942 ἀρετῆς,

453 2959 569 3018 me,
600 2944 972 3033 inicaeteram
1025 2966 1259 3029 quoque
1308 2949 1586 3011 virtutem
1635 2944 2091 3012 incumbentium

2188 2948 2549 3025 ἐπιμέλεσθαι,
2624 2949 2965 3033 Ἀπαρνεϊται
3035 2951 3093 3009 δὲ
3161 2955 3345 3010 ἑαυτὸν
3402 2955 3429 3009 6
3485 2952 3551 3007 τὰ
3605 2950 3843 3029 παρόντα

455 3050 612 3098 esse.
646 3032 920 3115 Seipsum
973 3035 1195 3099 deinde
1245 3036 1520 3120 abnegat,
1567 3044 1692 3120 qui,
1727 3039 2091 3102 facultatibus

2189 3040 2498 3120 0x09niazc,
2546 3043 2620 3096 ὧν
2671 3040 2779 3097 ἐστι
2826 3043 3022 3121 κύριος,
3076 3044 3165 3099 καὶ
3211 3056 3330 3105 τοῖς
3382 3054 3659 3121 σαρκικοῖς
3709 3045 3839 3094 πᾶσι

455 3121 672 3203 quibus
702 3123 905 3204 pollet,
939 3124 1808 3205 dispersis,nuntiumremittit
1828 3128 2091 3190 omnibus

2190 3130 2519 3210 φρονήμασιν
2590 3120 3011 3206 ἀποταξάμενος,
3082 3132 3204 3188 εἶτα
3274 3134 3364 3188 τὸν
3435 3120 3653 3209 σταυρόν
3712 3126 3841 3208 ἄρας

459 3210 658 3273 carnis
678 3211 1142 3292 cogitationibus
1172 3223 1229 3275 et
1247 3215 1543 3291 sensibus,
1572 3224 1751 3298 atque
1774 3216 1854 3279 ita
1878 3217 2091 3279 sublata

2189 3220 2275 3273 καί
2328 3216 2465 3281 ὅλως
2513 3219 2617 3275 τῶν
2669 3220 2869 3277 ἐκεῖθεν
2912 3221 3221 3299 γενόμενος,
3268 3222 3355 3277 καὶ
3411 3222 3541 3299 πρὸς
3598 3219 3663 3274 τὰ
3716 3214 3843 3293 τῇδε

457 3318 637 3362 cruce
669 3307 860 3363 totum
877 3320 942 3363 se
962 3302 1034 3364 ad
1060 3303 1325 3365 cmlestia
1344 3304 1500 3367 bona
1524 3307 1827 3382 transfert,
1861 3324 2091 3386 prosus-

2193 3308 2269 3381 μὴ
2325 3306 2697 3386 ἐπιφερόμενος
2754 3312 3019 3372 ὁπωσοῦν,
3079 3310 3257 3383 Τρίτον
3304 3310 3391 3365 καὶ
3439 3306 3716 3365 ἀκολουθεῖ
3767 3312 3845 3378 τῷ

458 3407 575 3470 que
618 3389 1001 3453 terrestribus
1051 3391 1306 3454 abdicat.
1362 3393 1563 3455 Tertio
1616 3396 1793 3457 etiam
1846 3395 2091 3474 sequitu1

2193 3401 2403 3469 Χριστῷ
2452 3397 2479 3451 ὁ
2521 3392 2605 3450 διὰ
2650 3396 2748 3457 τὴν
2801 3403 2892 3453 τοῦ
2944 3398 3141 3475 ἀγαθοῦ
3185 3398 3335 3477 φύσιν
3385 3405 3547 3454 ταῦτα
3591 3399 3759 3451 ποιῶν
3821 3409 3837 3422 ⁸

458 3476 784 3567 Christum.
819 3479 920 3560 qui
950 3497 1153 3541 amore
1199 3479 1340 3542 boni
1383 3481 1743 3564 honestique
1793 3484 1919 3544 haec
1950 3483 2087 3544 facit

2192 3485 2282 3540 καὶ
2336 3485 2409 3560 μὶκ
2472 3482 2556 3540 διὰ
2612 3484 2759 3550 δόξαν
2811 3488 2975 3567 τυχὸν
3120 3476 3286 3554 ἄλλην
3343 3487 3460 3542 τινὰ
3514 3484 3843 3563 ἀνθρωπίνην

457 3584 578 3655 non
607 3566 812 3645 gloriae
862 3567 1231 3649 alteriusque
1276 3570 1410 3632 talis
1460 3571 1760 3633 commodi
1816 3571 2022 3650 gratia.
2057 3570 2091 3631 I:

2191 3572 2473 3653 πρόφασιν,
2538 3576 2700 3637 Οὖξος
2758 3566 3126 3655 γὰρῃᾶληθὺς
3175 3574 3453 3634 ἀκολουθεῖ
3504 3577 3581 3648 τῷ
3631 3580 3844 3652 Χριστῷ

460 3654 623 3717 enim
652 3672 792 3717 vere
846 3655 1115 3736 sequitur
1155 3656 1478 3735 Christum,
1532 3679 1669 3721 cum
1704 3661 1836 3742 ejus
1870 3659 2085 3720 vidend

2192 3665 2279 3719 καὶ
2321 3665 2425 3731 τὴν
2470 3665 2632 3722 αὖτῆν
2680 3669 2822 3740 αὐτῷ
2865 3665 3134 3723 πολιτείαν
3182 3669 3269 3723 καὶ
3317 3667 3472 3727 αὐτὸς
3529 3662 3844 3742 διαπορευό-

458 3742 756 3834 rationem
769 3745 1167 3834 persequitur.
1196 3745 1314 3808 Iter
1334 3748 1493 3809 enim
1515 3757 1766 3821 rectum,
1794 3768 1910 3829 quo
1931 3747 2091 3811 Chri-

2194 3772 2375 3827 μενος,
2440 3743 2503 3809 Ἦ
2568 3754 2666 3833 γὰρ
2721 3752 2839 3810 κατ’
2898 3754 3058 3834 ἴχνος
3117 3757 3302 3834 πορεία
3363 3755 3557 3820 ταύτην
3613 3758 3846 3831 τηροῦσα

462 3830 538 3894 sti
555 3830 815 3910 vestigiis
835 3832 1193 3911 insistimus,
1220 3844 1280 3897 et
1306 3840 1456 3898 viam
1479 3837 1869 3919 sequentibus
1894 3836 2091 3913 munit

2192 3839 2289 3906 τὴν
2354 3839 2518 3907 αὒτὴν
2585 3854 2800 3921 φρουρεῖ
2854 3843 2941 3898 καὶ
3012 3840 3127 3897 ὁδὸν
3185 3844 3272 3898 καὶ
3329 3841 3698 3919 ἆκολούθησιν,
3758 3834 3851 3895 καὶ

465 3928 526 4012 et
549 3936 828 3983 coronam
854 3920 1132 4012 conciliat
1158 3941 1171 3985 :
1214 3931 1272 3985 at
1292 3943 1431 3987 vero
1448 3925 1753 4007 obliquum
1777 3925 1945 4001 illud,
1971 3933 2029 3986 et
2050 3924 2091 3985 ir

2192 3930 2281 3983 τὸν
2341 3927 2425 3984 ἐπὶ
2479 3935 2548 4004 τῇ
2602 3920 2948 3999 γᾶκολουθήσει
2995 3930 3251 4012 στέφανον
3300 3928 3540 4009 προξενεῖ
3575 3948 3589 3962 ⁸
3638 3926 3845 4007 παραλ-

463 4008 768 4071 dexteram
794 4010 1215 4099 autsinistaam
1242 4024 1471 4094 partem
1495 4014 1824 4088 declinans,
1845 4023 1901 4076 et
1922 4013 1973 4075 si
1993 4014 2091 4075 du-

2192 4015 2453 4074 λάττουσα
2483 4017 2537 4074 δὲ
2566 4021 2654 4075 καὶ
2683 4021 2765 4083 αἷς
2813 4019 2877 4075 τὰ
2924 4017 3063 4085 δεξιὰ
3195 4021 3267 4082 εἷς
3317 4008 3383 4075 τὰ
3430 4018 3672 4099 ἀριστερὰ
3702 4039 3846 4094 παρ-

463 4115 603 4188 cere
632 4116 740 4179 per
771 4097 993 4161 Christi
1036 4100 1279 4179 vestigia
1326 4102 1580 4176 videtur,
1637 4121 1705 4165 re
1752 4111 1946 4164 tamen
1978 4119 2091 4163 ver:

2196 4103 2525 4180 εκκλίνουσα,
2596 4108 2639 4162 εἰ
2707 4109 2794 4162 καὶ
2853 4106 3289 4188 κατακολουθεῖν,
3348 4097 3518 4186 δοκεῒ³
3579 4104 3697 4162 ἀλλ’
3757 4105 3847 4161 οὖν

462 4185 632 4261 fallit,
660 4203 1019 4265 omnemque
1034 4206 1277 4268 operam
1302 4190 1518 4271 perdit.
1548 4190 1685 4253 Haec
1719 4191 1947 4253 locutus
1980 4188 2091 4252 Sal.

2198 4190 2408 4259 ἀληθῶς
2472 4208 2847 4268 ματαιοπονεϊ.
2922 4202 3095 4253 Ταῦτα
3166 4185 3325 4252 εἰπὼν
3382 4197 3412 4250 6
3468 4185 3658 4271 Σωτὴρ
3713 4192 3846 4270 πρός

464 4283 630 4337 vator
657 4274 730 4337 ad
762 4274 1112 4356 discipulos,
1166 4278 1305 4358 quia
1354 4280 1675 4341 vehemens
1726 4281 1813 4341 eis
1842 4278 2091 4359 aerisque

2198 4283 2321 4345 τοὺς
2379 4284 2641 4359 μαθητὰς,
2694 4282 2875 4352 ἐπειδὴ
2931 4281 3128 4365 σφοδρὰ
3176 4286 3381 4348 τούτοις
3427 4281 3592 4339 ἐδόκει
3642 4282 3707 4337 τὰ
3754 4282 3848 4359 ῥή-

468 4382 539 4427 ea
564 4363 877 4426 videbatur
905 4365 1115 4441 oratio,
1146 4367 1536 4447 sequentibus
1584 4368 1782 4430 verbis
1811 4368 1945 4429 illos
1976 4387 2090 4429 con

2199 4391 2362 4443 ματα,
2415 4367 2499 4425 διὰ
2547 4376 2651 4426 τῶν
2698 4370 2817 4438 ἐξῆς
2861 4363 3248 4452 παραμυθεῖται
3298 4372 3517 4443 αὖτοὺςς
3554 4372 3641 4427 καὶ
3686 4390 3851 4448 προσ-

468 4453 715 4534 solatur,
746 4461 804 4514 et
827 4452 992 4515 addit
1020 4456 1263 4533 praemia
1282 4457 1533 4519 sudores
1555 4457 1729 4537 longe
1749 4455 2089 4537 superantia

2198 4455 2370 4522 τίθησι
2440 4456 2506 4511 τὰ
2576 4455 2799 4531 ἔπαθλα,
2867 4460 2987 4521 τοὺς
3057 4456 3275 4538 ἱδρῶτας
3370 4456 3484 4515 καθ’
3552 4452 3847 4534 ὑπερϐολὴν

469 4529 722 4622 Subjicit
752 4559 927 4620 ergo:
983 4529 1106 4619 Qui
1146 4547 1312 4607 enim
1359 4545 1606 4610 volaeril
1636 4529 1909 4608 a'm'mdm
1939 4563 2091 4607 suun

2203 4539 2600 4620 ὑπερϐαίνοντα,
2637 4529 2847 4622 Ἐπάγει
2890 4546 2989 4625 γάρ
3042 4560 3054 4573 ’
3107 4529 3143 4599 ἰι
3195 4529 3287 4608 "Oc
3336 4545 3435 4623 γὰρ
3474 4544 3536 4598 ἃν
3590 4529 3718 4616 θέλῃ
3747 4541 3848 4607 τὴν

458 4630 694 4695 salvam
720 4629 951 4713 facere,
984 4634 1193 4711 perdet
1221 4651 1389 4713 eam;
1417 4638 1523 4714 qui
1553 4645 1757 4699 autem
1786 4635 2091 4712 perdideri

2204 4631 2387 4708 ψυχὴν
2460 4631 2617 4688 αὑτοῦ
2686 4638 2874 4707 σῶσαι,
2950 4630 3197 4689 ἀπολέσει
3268 4631 3429 4698 αῧτὴν
3491 4648 3505 4663 ’
3569 4632 3626 4690 ὃς
3680 4626 3724 4683 δ’
3785 4628 3845 4683 ἃν

463 4721 733 4783 animam
763 4736 941 4781 suam
968 4728 1222 4802 propter
1268 4741 1362 4787 me
1406 4733 1463 4788 et
1503 4726 1937 4804 Evangelium,
1964 4741 2091 4784 lser'

2200 4722 2440 4801 ἀπολέσῃ
2512 4724 2608 4792 τὴν
2681 4726 2865 4784 ἑαυτοῦ
2935 4725 3116 4805 ψυχὴν
3187 4722 3362 4781 ἕνεκεν
3432 4723 3560 4799 ἐμοῦ
3612 4723 3699 4778 καὶ
3754 4730 3847 4779 τοῦ

461 4808 628 4872 vabit
656 4826 790 4872 eam
815 4808 868 4871 9.
906 4807 1043 4871 Haec
1073 4809 1297 4873 bellum
1326 4813 1614 4877 Ecclesiae
1661 4834 1695 4876 a
1726 4811 2091 4894 persecutori

2200 4810 2540 4889 Εὖαγγελίου,
2600 4815 2749 4876 οὗτος
2810 4813 2969 4869 σώσει
3022 4812 3206 4881 αὐτήν.
3247 4834 3270 4870 υ
3336 4818 3509 4869 Ταῦτα
3566 4811 3655 4865 τὸν
3710 4809 3847 4864 κατᾶ

463 4896 579 4959 bus
604 4895 925 4958 imminens
982 4897 1310 4982 insinuant,
1363 4909 1421 4964 et
1468 4901 1939 4984 persecutiones,
1972 4918 2091 4978 qua:

2197 4903 2296 4965 τῆς
2370 4898 2684 4968 Ἐκκλησίας
2756 4900 3170 4979 ἁναῤῥιπίζεσθαι
3228 4899 3489 4977 μέλλοντα
3544 4899 3685 4975 παρὰ
3739 4902 3844 4984 τῷν

463 4985 779 5049 credentes
806 4985 871 5048 in
919 4986 1215 5050 Christum
1270 5008 1377 5070 per
1423 4983 1664 5054 omnem
1711 4990 2005 5053 civitatem
2058 5006 2090 5049 e

2196 4984 2432 5043 διωκτῶν
2491 4989 2725 5064 πόλεμον
2772 4988 3024 5065 πολεμεῖ,
3087 4990 3174 5044 καὶ
3229 4990 3350 5051 τοὺς
3405 4987 3691 5065 διωγμοὺς,
3754 4983 3843 5046 οῧς

460 5075 772 5157 regionem
801 5074 1190 5156 impudentes
1218 5078 1469 5143 subiteri
1499 5088 1689 5145 erant.

2196 5073 2419 5150 ἔμελλον
2491 5082 2539 5135 οἱ
2609 5080 2682 5142 εἷς
2750 5080 2972 5157 Χριστὸν
3023 5077 3427 5139 πεπιστευκότες
3479 5078 3613 5133 κατὰ
3669 5079 3843 5129 πᾶσαν

2195 5163 2363 5231 πόλιν
2378 5168 2465 5223 καὶ
2494 5168 2678 5246 χώραν
2700 5164 3025 5247 ὑφίστασθαι.

543 5251 610 5318 Si
633 5252 765 5336 quis
795 5270 959 5333 ergo,
981 5253 1194 5335 inquit.
1222 5260 1349 5317 tum
1381 5257 1719 5339 pepercerit
1741 5257 1955 5319 animae
1987 5275 2091 5317 sua

2274 5256 2403 5313 Τότε
2432 5264 2578 5335 γοῦν,
2608 5260 2789 5337 φησὶν,
2841 5258 2892 5313 εἴ
2935 5278 3014 5320 τις
3062 5262 3160 5323 τῆς
3205 5257 3390 5313 ἑαυτοῦ
3442 5258 3627 5334 ψυχῆς
3657 5273 3843 5332 φεισε-

458 5342 598 5423 (hoc
628 5346 789 5404 enim
810 5341 1102 5421 signiﬁcat
1129 5343 1301 5418 illud,
1336 5345 1591 5408 Salvum
1621 5348 1866 5425 facere),
1903 5344 2085 5426 perde

2191 5364 2301 5417 ται,
2328 5352 2483 5403 τοῦτο
2511 5348 2610 5425 γὰρ
2641 5346 2886 5421 σημαίνει
2915 5346 2975 5400 16
3008 5368 3035 5399 α
3084 5350 3287 5424 Σὼσαι,
3330 5370 3350 5398 ιι
3397 5341 3645 5400 ἀπολέσει
3676 5340 3842 5407 αὗτήν

464 5449 597 5494 eam
623 5431 687 5493 in
714 5431 911 5493 futuro
934 5449 1079 5505 aevo,
1104 5432 1232 5495 hac
1244 5444 1356 5510 est,
1389 5436 1451 5496 in
1480 5444 1796 5517 perpetuas
1817 5453 1881 5497 se
1907 5451 2091 5514 poena:

2191 5429 2245 5487 ἐν
2274 5440 2350 5509 τῷ
2379 5433 2623 5510 μέλλοντι
2674 5437 2819 5491 αἰῶνι
2857 5453 2871 5467 ⁸
2922 5434 3035 5490 ἀντὶ
3083 5439 3195 5507 τοῦ,
3249 5432 3474 5511 τιμωρίᾳ
3530 5430 3684 5486 αότόν
3736 5451 3843 5484 παρ

463 5519 877 5603 przecipitabit.
907 5518 1176 5583 Perditio
1208 5520 1367 5584 enim
1395 5525 1610 5587 animae
1640 5532 1729 5587 est
1757 5543 1878 5587 non
1907 5525 2091 5588 disso-

2192 5522 2457 5602 ραπέμψει
2504 5521 2761 5592 διηνεκεῖ.
2809 5520 3079 5579 Ἀπώλεια
3123 5523 3223 5601 γὰρ
3276 5526 3461 5602 χυχῆς
3523 5518 3627 5598 οὐχ
3681 5519 3716 5586 ἡ
3765 5519 3841 5583 εἰς

538 5697 571 5747 8
597 5695 727 5759 Gal'
757 5714 840 5776 vr,
876 5698 972 5761 14.
1055 5700 1089 5750 9
1112 5697 1291 5764 Marc.
1323 5716 1452 5777 VIII,
1483 5704 1587 5767 35.
