4156 6384
444 322 466 386 1
479 322 595 388 275

438 541 792 635 deponendo
823 564 1103 607 sensuum
1141 567 1309 609 usum
1337 550 1659 612 etfructum
1695 574 1709 626 ;
1742 541 2083 635 intelligibi-

386 700 389 701 ν
437 631 617 707 libus,
669 652 949 696 sensuum
1000 637 1260 699 motione
1309 640 1711 719 reprimenda.
1748 631 2081 709 Lauda'bilis

440 726 597 784 enim
638 742 795 785 mors
824 724 1006 785 animi
1056 736 1146 788 est
1190 726 1441 789 interior
1487 730 1561 790 ab
1593 734 1874 795 omnibus
1902 735 2083 798 rebus

440 810 816 887 abalienatio,
864 833 979 894 qua
1018 824 1313 878 transacta
1362 817 1617 879 divinam
1671 823 1875 898 gratia;
1906 824 2079 886 vitam

444 919 611 963 mens
633 903 935 984 suspicere
956 904 1127 977 solet,
1147 915 1203 966 et
1220 906 1827 985 prorebusauctorem
1853 930 2078 975 rerum.

441 992 759 1073 Postquam
794 1011 929 1054 vero
963 993 1210 1055 dixisset
1257 994 1564 1070 Dominus,
1620 1017 1779 1073 eum,
1816 1002 1915 1072 qui
1945 1005 2085 1065 velit

438 1082 697 1146 animam
724 1083 1195 1173 salxamifacere,
1225 1084 1593 1162 perditurum
1622 1105 1755 1149 esse
1781 1090 1937 1152 illam
1958 1094 2085 1173 :qui

439 1183 632 1237 autem
670 1172 1015 1255 perdiderit,
1048 1181 1441 1247 servaturum,
1494 1175 1697 1258 ibique
1748 1172 2087 1246 salutem’et

442 1266 862 1347 perditionem.
892 1271 950 1324 et
975 1262 1067 1323 hic
1085 1262 1332 1324 salutem
1356 1282 1423 1325 ac
1442 1266 1833 1343 perditionem
1863 1271 2088 1347 posuis-

442 1363 559 1416 set:
584 1356 803 1435 nequis
826 1353 1207 1431 existimaret,
1231 1352 1514 1432 aequalem
1530 1373 1663 1415 esse
1688 1357 2087 1437 perditionem

441 1444 592 1505 hanc
624 1451 681 1504 et
711 1443 869 1504 illam
901 1461 969 1503 ac
999 1442 1248 1507 salutem
1281 1458 1296 1513 ;
1351 1444 1449 1503 sed
1481 1444 1776 1523 patienter
1805 1446 2085 1526 disceret,

442 1540 665 1595 tantum
712 1535 870 1594 inter
938 1532 1088 1592 hanc
1141 1538 1196 1590 et
1250 1530 1412 1591 illam
1457 1533 1707 1595 salutem
1765 1534 2086 1617 interesse,

442 1632 724 1703 quantum
779 1622 935 1683 inter
986 1619 1379 1701 perditionem
1433 1628 1489 1681 et
1539 1621 1815 1699 salutem,
1861 1625 2087 1689 idcirco

441 1711 725 1792 subjicit:

523 1801 680 1876 Quid
708 1801 866 1862 enim
893 1799 1167 1880 proderit
1191 1799 1447 1871 homini,
1480 1805 1535 1861 si
1571 1808 1756 1862 totum
1792 1806 2087 1866 mundum
2109 1801 2154 1861 B

444 1888 741 1969 lucretur,
775 1898 833 1950 et
865 1892 1087 1951 (mimae
1108 1889 1165 1939 10
1178 1907 1303 1951 sum
1317 1890 1751 1953 detrimentum
1767 1895 2092 1971 patiatur?

441 1987 549 2041 aut
577 1997 762 2060 quam
793 1979 962 2042 dabit
988 1978 1162 2041 homo
1195 1986 1722 2042 commutationem
1753 1985 2092 2061 proonima

444 2069 1076 2149 suu?Vidistiquemad
1089 2069 1325 2131 modum
1346 2070 1689 2149 temporalis
1702 2071 1913 2133 animae
1932 2074 2091 2135 salus

449 2159 786 2238 perditione
811 2159 1073 2218 deterior
1108 2157 1206 2225 sit,
1255 2159 1472 2239 quippe
1495 2160 1863 2233 inrurabilis,
1886 2170 1942 2221 et
1964 2182 2093 2241 quae

450 2248 594 2309 nihil
629 2269 743 2329 quo
773 2249 1105 2309 redimatur
1150 2248 1444 2329 reliquum
1500 2249 1691 2310 faciat.
1754 2248 1893 2311 Cum
1930 2252 2088 2311 enim

447 2339 762 2419 quiSpiam,
788 2338 857 2398 ad
886 2345 1205 2419 praesentes
1231 2338 1364 2399 vitae
1390 2337 1637 2399 delicias
1667 2338 1956 2417 intentus,
1991 2359 2090 2401 re-

440 2438 608 2489 cusat
631 2428 769 2508 pati,
797 2428 1229 2508 splendideque
1250 2428 1445 2491 vivere
1468 2429 1686 2500 studet,
1710 2429 1819 2490 etsi
1860 2430 2093 2491 divitias

439 2517 681 2589 habeat,
718 2518 826 2578 etsi
859 2518 1084 2597 copiam
1119 2517 1526 2597 pecuniarum,
1563 2518 1702 2598 quid
1750 2519 1888 2579 inde
1924 2518 2089 2580 utili-

442 2606 576 2668 tatis
606 2607 677 2668 ad
712 2625 845 2667 eum
872 2607 1047 2669 redit.
1084 2607 1279 2667 anima
1305 2607 1578 2686 perdita?
1616 2610 1903 2669 Praeterit
1933 2614 2093 2671 enim

438 2697 1056 2777 ﬁguramundihujus
1079 2696 1149 2766 Η,
1183 2705 1239 2757 et
1266 2696 1608 2757 umbrarum
1637 2697 1819 2757 instar
1841 2698 2092 2758 reclina-

442 2793 558 2859 tur,
586 2786 908 2847 etdivitum
935 2804 1078 2864 opes
1100 2804 1187 2845 av‘
1210 2786 1353 2848 lant.
1401 2785 1528 2847 Non
1574 2785 1730 2846 enim
1765 2786 2092 2866 proderunt

443 2876 702 2937 thesauri
734 2874 997 2955 iniquis:
1045 2874 1275 2954 justitia
1319 2883 1514 2935 sutem
1569 2874 1840 2935 liberata
1872 2884 2087 2940 morte.

440 2964 624 3027 Tetus
648 2964 907 3026 mundus
931 2966 1096 3026 vanis
1119 2964 1411 3044 ejusmodi
1447 2963 1786 3025 hominibus
1811 2964 2090 3043 plenissi-

1386 412 1391 417 ἦ
1478 336 1569 396 -J.
1618 334 2007 399 XIPHILINI
2050 337 2163 400 GP.
2211 338 2725 405 PATRIARCILE

437 452 619 546 rebus
648 454 923 546 omnibus
945 456 1322 521 laudabiliter
1349 462 1635 538 moritur;
1661 464 2069 546 sensibilibus,
2089 473 2136 534 A
2158 472 2445 540 ἐπαινετῶς
2501 477 2776 535 ἀποθανών
2827 494 2841 509 ο

3664 338 3817 405 1276

2898 492 3017 544 τοϊς
3070 480 3168 556 μὲν
3228 481 3503 547 αἰσθητοῖς
3555 484 3624 554 τῇ
3683 477 3817 533 ἀπο-

2162 562 2298 620 θέσει
2340 571 2439 632 τῆς
2489 564 2605 623 κατ’
2654 566 2897 638 α²’σθιςσιν
2965 567 3250 649 ἐνεργείας,
3307 582 3424 632 τοτς
3481 566 3535 624 δὲ
3593 579 3811 634 νοτ,το“ῗς

2163 660 2231 729 τῇ
2279 659 2377 721 τῆς
2414 653 2533 711 κατ’
2585 654 2832 722 αἶ’σθητιν
2879 656 3177 714 ἀποσπάσει
3234 659 3518 727 κινήσεως.
3579 663 3685 716 Νου
3714 656 3813 733 γὰρ

2165 742 2386 807 θάνατος
2431 743 2806 819 ἐπαινούμενος
2854 747 2889 814 ἡ
2932 747 3060 826 πρὸς
3109 746 3280 806 πάντα
3328 747 3393 802 τὰ
3445 744 3570 802 ὄντα
3617 766 3817 824 γνωμι-

2165 831 2236 897 κὴ
2266 831 2575 909 ἀπογένεσις
2612 848 2625 862 ⁸
2688 830 2801 906 μεθ’
2861 834 2927 902 ἢν
2983 835 3081 901 τὴν
3138 835 3275 891 θείαν
3334 835 3386 891 ἐν
3442 835 3622 915 χάριτι
3673 834 3817 905 ζωὴν

2164 916 2512 1000 ὑποδέχεσθαι
2563 920 2783 1001 πέφυκε,
2841 922 2954 978 ἀντὶ
3000 929 3106 979 τῶν
3154 921 3318 979 ὄντων
3371 925 3431 979 τὸ
3479 921 3654 979 αἴτιον
3710 928 3817 979 τῶν

2168 1004 2331 1064 ὄντων
2382 1009 2643 1079 ἐννοήτως
2693 1008 2998 1070 ἀπολαϐών.
3064 1008 3279 1078 Ἐπειδὴ
3337 1010 3391 1067 δὲ
3441 1012 3595 1068 εἶπεν
3641 1014 3668 1068 6
3718 1010 3819 1070 Κύ-

2168 1119 2275 1175 ριος
2308 1096 2387 1153 ὅτι
2420 1101 2448 1155 ὁ
2503 1097 2669 1155 θέλων
2718 1101 2905 1171 σώζειν
2954 1100 3053 1168 τὴν
3103 1101 3288 1180 ψυχὴν
3317 1099 3567 1157 ἀπολέσει
3597 1101 3761 1167 αὒτὴν
3796 1119 3810 1134 ·

2169 1186 2225 1248 ὃς
2256 1182 2300 1241 δ’
2334 1184 2396 1241 ἂν
2444 1186 2706 1267 ἀπολέσῃ,
2754 1189 2913 1244 σώσει
2959 1205 2974 1220 ·
3025 1189 3185 1245 κάκεῖ
3231 1190 3494 1269 σωτηρίαν
3547 1191 3632 1246 καὶ
3661 1188 3817 1246 ἀπώ-

2168 1272 2337 1350 λειαν,
2370 1277 2459 1332 καὶ
2506 1276 2722 1333 ἐνταῦθα
2771 1278 3034 1356 σωτηρίαν
3079 1281 3168 1335 καί
3213 1277 3480 1335 ἀπώλειαν
3539 1278 3765 1336 τέθεικεν
3802 1298 3817 1313 ο

2174 1361 2265 1419 ἵνα
2293 1364 2368 1439 μὴ
2419 1366 2620 1442 νπμίσῃ
2669 1388 2751 1429 τις
2798 1364 2924 1433 ἴσην
2980 1368 3122 1423 εἶναι
3168 1368 3266 1435 τὴν
3310 1367 3580 1424 ἀπώλειαν
3626 1369 3823 1437 ταύτην

2171 1452 2443 1528 κάκείνην,
2502 1454 2590 1509 καὶ
2642 1455 2738 1522 τὴν
2797 1457 3084 1536 σωτηρίαν,
3133 1454 3269 1513 ἀλλά
3319 1458 3463 1534 μάθῃ
3514 1464 3693 1538 σαφῶς
3742 1458 3823 1514 ὅτι

2170 1548 2419 1598 τοσοῦτον
2486 1543 2690 1610 ἐκείνης
2785 1550 2883 1608 τῆς
2976 1547 3239 1625 σωτηρίας
3327 1548 3414 1604 καὶ
3495 1548 3693 1615 ταύτης
3762 1550 3826 1604 τὸ

2174 1630 2353 1706 μέσον,
2431 1631 2553 1689 ὅσον
2614 1632 2880 1697 ἀπωλείας
2950 1637 3036 1691 καὶ
3107 1636 3369 1714 σωτηρίας
3433 1654 3445 1669 ·

2172 1718 2356 1799 ἐπάγει
2390 1740 2402 1752 ·

2262 1829 2284 1863 (ι
2347 1810 2407 1867 Τί
2478 1811 2576 1889 γὰρ
2648 1810 2913 1891 ὠφελήσει
2985 1812 3280 1892 ἄνθρωπον,
3343 1813 3433 1870 ἐὰν
3480 1816 3571 1871 τὸν
3626 1815 3831 1891 κόσμον

2173 1897 2295 1955 ὅλον
2353 1897 2607 1979 κερδήσῃ,
2683 1902 2770 1957 καὶ
2840 1903 2938 1969 τὴν
3011 1904 3198 1983 ψυχὴν
3242 1906 3399 1962 αὖτοῦ
3440 1906 3729 1981 ζημιωθῇί
3792 1904 3828 1972 ἦ

2173 1988 2222 2042 τί
2249 1985 2402 2043 δώσει
2450 1988 2721 2063 ἄνθρωπος
2767 1988 3113 2069 ἀντάλλαγμα
3159 1997 3267 2054 τῶς
3317 1997 3503 2073 ψυχῆς
3554 1994 3757 2073 aia-.05;
3800 2017 3823 2052 ο

2174 2074 2331 2139 Εἶδες
2362 2078 2435 2139 ὡς
2465 2079 2499 2145 ἡ
2559 2079 2673 2156 περὶ
2723 2080 2782 2134 τὸ
2828 2076 2970 2134 ἔνδον
3019 2084 3117 2147 τῆς
3167 2085 3351 2160 ψυχῆς
3405 2083 3637 2160 σωτηρία
3668 2081 3829 2138 ἀπώ-

2172 2163 2287 2221 λεια
2318 2168 2510 2246 χεῖρων
2541 2167 2678 2223 ἐστὶν
2735 2168 2826 2223 ἑίτε
2874 2166 2939 2236 δὴ
2987 2170 3075 2225 καὶ
3120 2170 3328 2233 ἀνίατός
3379 2169 3487 2246 ἐστι
3536 2177 3611 2246 τῷ
3662 2168 3831 2245 μηδὲν

2176 2255 2316 2310 εἶναι
2366 2253 2549 2311 λοιπὸν
2601 2258 2659 2311 τὸ
2706 2257 2901 2323 ταύτην
2953 2255 3323 2333 ἐξωνούμενον.
3379 2241 3531 2317 (ὅταν
3593 2260 3692 2339 γὰρ
3721 2282 3828 2338 τις,

2178 2345 2250 2407 εἷς
2320 2345 2380 2399 τὸ
2439 2345 2730 2423 παραυτίκα
2784 2344 2879 2414 ἡδὺ
2934 2355 3027 2403 τοῦ
3075 2348 3188 2424 βῖου
3238 2345 3577 2417 ἀποϐλέπων,
3634 2370 3827 2427 παραι-

2176 2432 2404 2500 τήσηται
2461 2432 2520 2487 τὸ
2570 2432 2664 2505 μέν
2713 2454 2791 2488 τοι
2842 2437 3053 2505 παθεῖν,
3112 2435 3296 2516 ἔχοιτο
3339 2433 3393 2491 δὲ
3440 2438 3499 2492 τὸ
3558 2433 3831 2494 διαϐιῶναι

2176 2518 2433 2597 λαμπρῶς
2470 2535 2481 2548 ’
2519 2519 2615 2576 κᾶν
2664 2520 2890 2581 πλοῦτον
2943 2522 3073 2604 ἔχῃ.
3130 2523 3228 2580 κᾶν
3274 2526 3574 2605 περιουσίαν
3604 2526 3834 2605 χρημά-

2176 2630 2305 2687 των,
2344 2608 2395 2663 τί
2421 2610 2482 2663 τὸ
2531 2608 2717 2688 ὄφελος
2768 2610 2997 2671 ἐντεῦθεν
3054 2617 3196 2688 αὐτῷ
3241 2614 3337 2680 τὴν
3391 2615 3575 2694 ψυχὴν
3628 2612 3833 2670 ἀπολέ-

2178 2716 2378 2776 σαντις
2457 2719 2484 2750 σ
2561 2699 2859 2777 Παράγεται
2932 2702 3030 2780 γὰρ
3098 2703 3157 2757 τὸ
3230 2707 3426 2782 σχῆμα
3483 2709 3574 2758 τοῦ
3629 2703 3835 2777 κόσμου

2175 2786 2359 2842 τούτου
2395 2804 2409 2817 ·
2480 2789 2566 2842 καὶ
2628 2786 2679 2842 ἐν
2739 2788 2845 2863 ἴσῳ
2902 2803 3082 2853 σκιαῖς
3140 2791 3203 2847 τὰ
3265 2791 3459 2869 τερπνά
3518 2788 3835 2866 μετακλίνε-

2174 2895 2282 2942 ται,
2335 2876 2423 2930 καὶ
2467 2881 2570 2931 τῶν
2614 2875 2850 2956 ἐχόντων
2901 2880 2928 2933 6
2972 2875 3201 2941 πλοῦτος
3251 2878 3558 2958 ἀφῖπταται.
3614 2881 3684 2936 Οὒ
3732 2878 3833 2955 γὰρ

2174 2960 2505 3043 ὠφελήσουσι
2564 2965 2814 3043 θησαυροὶ
2872 2964 3101 3039 ἀνόμους
3161 2984 3175 2999 ·
3256 2963 3559 3032 δικαιοσύνη
3612 2962 3667 3020 δὲ
3724 2965 3839 3042 ῥύε-

3522 1634 3604 1692 διά
3670 1644 3826 1694 τοῦτο

441 3073 575 3116 mus
598 3062 687 3115 est
707 3056 798 3133 (ut
820 3054 993 3115 talem
1024 3054 1110 3115 eis
1144 3062 1398 3114 mentem
1434 3052 1681 3133 injicere
1702 3072 1947 3114 necesse
1979 3073 2093 3115 non

2182 3074 2267 3108 ται
2310 3051 2370 3108 ἐκ
2415 3053 2662 3113 θανάτου.
2716 3054 3096 3133 Περιττότατος
3154 3053 3275 3119 ὅλος
3327 3057 3354 3110 6
3403 3054 3628 3130 κόσμος.
3689 3054 3834 3110 Διότι

443 3144 571 3226 sit),
596 3144 692 3224 qui
713 3143 1142 3207 tentationibus
1159 3141 1599 3222 quodammodo
1619 3141 2009 3205 inebrientur.
2038 3153 2095 3205 et

445 3233 755 3295 inutilibus
779 3230 1474 3312 ditlluantvoluptatibus,
1512 3229 1676 3293 Unde
1702 3231 2094 3313 iis,quirecte

441 3322 638 3397 vivere
661 3322 999 3402 instituunt,
1025 3324 1339 3402 superﬂuae
1375 3331 1510 3381 sunt
1555 3321 1853 3382 illecebrm
1871 3323 2089 3399 carnis,

444 3423 503 3473 et
538 3430 745 3491 sapere
776 3431 846 3473 ea
874 3430 1005 3492 quae
1049 3410 1110 3472 in
1163 3411 1382 3471 mundo
1437 3420 1575 3471 sunt
1604 3410 1805 3484 efficit,
1844 3420 1960 3472 uta
1993 3430 2092 3472 re-

442 3520 574 3564 rum
609 3501 836 3563 utilium
887 3520 955 3562 ac
1006 3500 1477 3562 necessariarum
1530 3499 1659 3577 ipsa
1709 3501 1869 3560 velut
1916 3501 2094 3580 jauua

443 3591 760 3653 aberrent:
796 3591 843 3651 si
872 3590 1114 3671 quidem
1158 3607 1360 3651 verum
1387 3596 1495 3663 est,
1524 3588 1863 3669 sipieutiam
1898 3590 2094 3651 carnis

441 3680 751 3741 inimicam
786 3699 916 3741 esse
945 3678 1090 3753 Deo,
1128 3686 1186 3740 et
1217 3697 1351 3738 eum
1382 3677 1482 3757 qui
1526 3677 1679 3759 sapit
1724 3696 1857 3758 qua:
1888 3678 2093 3740 utundi

445 3778 601 3841 sunt,
635 3769 943 3830 inimicum
985 3771 1083 3830 Dei
1117 3767 1419 3833 constitui.

526 3857 906 3939 Supert‘luum
924 3878 1062 3937 ergo
1077 3876 1281 3919 revera
1295 3865 1381 3918 est
1402 3876 1613 3932 sapere
1636 3877 1768 3937 qua;
1795 3857 1849 3917 in
1878 3857 2096 3919 mundo

445 3956 597 4009 sunt.
630 3950 960 4028 Eapropter
982 3948 1125 4009 dicit
1156 3968 1169 4007 :
1197 3946 1345 4020 Quid
1373 3948 1532 4007 enim
1564 3946 2093 4026 proderithomini,

448 4038 499 4099 si
524 4038 808 4099 mundum
833 4038 1171 4099 universum
1198 4039 1479 4100 lucretur.
1504 4045 1559 4096 et
1585 4036 1799 4097 animae
1835 4055 1956 4097 sua:
1985 4037 2093 4096 de-

448 4130 791 4189 trimentum
821 4126 1096 4207 patiatnr!
1123 4125 1208 4187 Ne
1233 4126 1390 4185 enim
1424 4124 1820 4205 mihi,inquit,
1849 4124 2093 4205 dixeris,

448 4235 582 4280 eum
605 4216 822 4277 salvam
866 4215 1076 4276 fecisse
1117 4215 1372 4275 animam
1419 4222 1502 4274 tot
1544 4214 1837 4293 tantisque
1869 4213 2098 4274 evitatis

2177 3139 2298 3221 δρᾷν
2354 3142 2473 3205 τοὺς
2544 3149 2707 3198 ταῦτα
2766 3156 2977 3222 φρονεῖν
3036 3141 3316 3219 ἑλομένους
3370 3149 3475 3199 τῦν
3533 3143 3836 3222 ἀναγκαίων

2178 3229 2321 3289 οὐδέν
2377 3245 2391 3261 ⁶
2448 3233 2663 3296 είκαίοις
2706 3232 2884 3312 ὥσπερ
2932 3233 3276 3307 καταμεθύειν
3323 3245 3645 3312 πειρασμοῖς
3681 3247 3693 3261 ⁸
3745 3233 3835 3289 καὶ

2176 3318 2589 3399 διαῤῥιπτετσθαι
2659 3322 2852 3401 τρόπον
2921 3324 3038 3379 τινὰ
3107 3325 3238 3403 πρὸς
3310 3322 3554 3403 ἀχρείους
3638 3318 3830 3389 ἡδονάς

2177 3408 2291 3466 ὅθεν
2342 3422 2460 3473 τοῖς
2518 3408 2778 3469 ἐθέλουσιν
2837 3411 3001 3490 ὀρθῶς
3064 3413 3281 3491 περιττά
3337 3413 3402 3467 τὰ
3459 3416 3557 3478 τῆς
3613 3412 3832 3490 σαρκὸς,

2177 3499 2262 3555 καὶ
2292 3500 2353 3554 τὸ
2398 3513 2611 3579 φρονεῖν
2659 3501 2725 3555 τὰ
2773 3500 2825 3556 ἐν
2875 3501 3085 3581 κόσμον,
3134 3501 3231 3568 τὴν
3283 3506 3375 3556 τοῦ
3422 3500 3715 3580 χρησίμου,
3748 3502 3840 3556 καὶ

2176 3587 2461 3665 ἀναγκαίου
2529 3586 2859 3668 διημάρτηκε
2928 3592 3082 3668 θύραν
3118 3588 3130 3601 ’
3206 3590 3359 3669 εἶ’περ
3442 3590 3580 3645 ἐστὶν
3638 3588 3832 3655 ἀληθὲς

2177 3674 2257 3730 ὅτι
2288 3677 2533 3757 φρόνημα
2563 3683 2661 3744 τῆς
2703 3680 2895 3757 σαρκὸς
2952 3678 3117 3760 ἔχθρα
3172 3682 3243 3743 εἷς
3295 3679 3424 3735 Θεόν
3455 3696 3472 3714 ο
3525 3680 3614 3735 καὶ
3649 3681 3676 3735 6
3709 3700 3838 3758 φρο-

2179 3770 2282 3820 νῶν
2312 3766 2377 3822 τὰ
2405 3776 2499 3824 τού
2528 3766 2729 3841 κόσμου
2758 3766 2946 3847 ἐχθρὸς
2976 3778 3069 3826 τοῦ
3099 3774 3229 3825 Θεοῦ
3258 3768 3583 3827 καθίσταται.

2262 3855 2584 3933 Περιττότης
2637 3854 2724 3914 οὗν
2777 3855 2990 3923 ἀληθῶς
3042 3858 3101 3912 τὸ
3151 3869 3363 3937 φρονεῖν
3411 3858 3476 3912 τὰ
3521 3855 3572 3911 ἐν
3618 3862 3695 3930 τῷ
3736 3858 3840 3912 κὸ-

2181 3967 2325 4021 σμ’ρ.
2365 3946 2462 4000 Διὰ
2490 3953 2645 4002 τοῦτο
2700 3944 2843 4024 λέγει
2900 3965 2914 3979 ⁸
2972 3947 3030 4004 Ti
3081 3948 3179 4025 γὰρ
3224 3945 3489 4027 ὠφελήσει
3540 3943 3835 4025 ἄνθρωπον,

2182 4034 2270 4091 ἐὰν
2298 4036 2386 4090 τὸν
2442 4034 2642 4109 κόσμον
2687 4033 2811 4091 ὅλον
2858 4032 3120 4113 κερδώσῃ,
3171 4037 3261 4091 καὶ
3309 4037 3407 4102 τὴν
3449 4035 3631 4115 ψυχὴν
3684 4038 3841 4093 αὐτοῦ

2179 4126 2472 4202 ζημιωθῇς
2528 4124 2615 4191 Μὴ
2664 4124 2763 4202 γὰρ
2815 4147 2928 4199 μοι,
2983 4125 3133 4204 φησὶ,
3189 4121 3333 4202 λέγε,
3388 4122 3467 4179 ὅτι
3524 4125 3622 4190 τὴν
3651 4123 3836 4202 ψυχὴν

2183 4210 2347 4267 ἔσωσε
2402 4217 2681 4276 τοσούτους
2754 4211 3019 4275 κινδύνους
3090 4210 3379 4293 διαφυγὼν,
3440 4214 3498 4270 Εἰ
3523 4246 3531 4252 -
3556 4213 3654 4291 γὰρ
3706 4213 3843 4287 μετά

450 4305 755 4388 periculis.
793 4303 854 4367 Si
887 4323 1142 4385 namque
1192 4323 1306 4364 una
1357 4322 1490 4363 cum
1526 4304 1722 4364 anima
1755 4321 1861 4363 sua
1891 4302 2093 4363 orbem

2183 4306 2280 4367 τῆς
2342 4305 2527 4380 ψυχῆς
2586 4300 2743 4356 αὐτοῦ
2799 4303 2888 4357 καί
2943 4302 3041 4368 τὴν
3100 4301 3415 4377 οἰκουμένην
3460 4298 3702 4380 κερδήσει
3761 4322 3844 4363 τις

449 4379 689 4477 quoque
721 4403 1013 4455 terrarum
1047 4379 1195 4475 ‘quis
1244 4392 1509 4453 lucretur
1558 4392 1920 4470 universum,
1954 4392 2093 4472 quid

2185 4379 2454 4469 ἅπασαν,
2489 4393 2536 4444 τί
2605 4391 2664 4445 τὸ
2734 4388 2895 4447 πλέον
2966 4394 3108 4465 αὗτῷ
3177 4390 3408 4451 ἐντεῦθεν
3485 4379 3585 4457 τῆς
3656 4394 3841 4470 ψυχῆς

451 4482 841 4547 emolumenti
872 4482 1012 4545 inde
1044 4483 1258 4563 capiet,
1289 4482 1489 4543 anima
1538 4481 1788 4561 perdita,
1824 4498 1955 4541 cum
1989 4497 2102 4560 qua

450 4593 527 4637 ne
560 4574 871 4635 universus
920 4572 1162 4653 quidem
1220 4570 1474 4631 mundus
1516 4568 1953 4649 comparandus
1982 4580 2099 4630 est.

450 4664 653 4744 Neque
672 4662 830 4725 enim
860 4662 1109 4743 pecunia
1129 4660 1263 4722 licet
1281 4660 1529 4721 salutem
1545 4668 1938 4719 commutare.
1956 4657 2099 4718 Nam

450 4754 498 4816 si
522 4755 576 4815 id
607 4754 836 4826 liceret,
861 4751 961 4832 qui
984 4752 1246 4813 lucratus
1268 4758 1393 4811 erat
1417 4749 1727 4821 mundum,
1754 4754 1814 4808 at
1842 4747 2102 4809 animam

454 4842 819 4923 perdiderat,
855 4841 1118 4902 dedisset
1148 4848 1268 4900 tum
1294 4858 1427 4899 cum
1461 4837 1713 4899 ﬂammis
1736 4836 2105 4898 cruciaretur

452 4941 512 4993 et
540 4932 821 4994 liberatus
853 4929 1077 4991 fuisset.
1119 4929 1235 4990 Sed
1287 4946 1402 4989 non
1452 4925 1586 4988 licet
1617 4927 1749 4999 hoc,
1786 4942 1901 4987 uou
1939 4924 2096 4985 licet.

451 5020 526 5085 Ut
555 5020 715 5082 enim
748 5019 946 5079 serxis
996 5018 1054 5079 in
1088 5016 1323 5078 deliciis
1362 5017 1623 5095 luxuque
1666 5013 2018 5085 viventibus,
2053 5013 2104 5074 si

449 5110 726 5171 dominus
759 5108 817 5168 in
852 5107 1131 5168 extremis
1162 5106 1387 5168 interea
1421 5113 1691 5165 versetur
1727 5103 1919 5175 malis,
1956 5102 2103 5163 nihil

450 5200 600 5261 lucri
627 5217 693 5259 ex
721 5217 791 5259 eo
817 5196 1091 5277 percipit,
1120 5195 1280 5276 quod
1303 5194 1583 5256 dominus
1605 5193 1677 5253 sit
1710 5193 1827 5255 :ita
1850 5220 1861 5248 ι
1886 5190 2023 5252 tiatn
2050 5190 2103 5251 si

449 5297 656 5350 venter
682 5286 934 5348 delicate
956 5288 1106 5347 vivat
1134 5294 1189 5347 et
1212 5284 1479 5364 opipare.
1500 5283 1602 5343 sed
1620 5282 1820 5342 anima
1846 5281 2099 5341 futuram

453 5383 753 5458 exspectet
779 5375 1200 5455 perditionem,
1228 5374 1375 5435 nihil
1401 5373 1457 5433 ei
1480 5371 1743 5451 prodest,
1768 5390 1834 5431 ac
1851 5368 2103 5430 maxime

453 5483 587 5526 cum
616 5483 733 5527 non
762 5465 952 5545 possis
971 5465 1147 5526 ullam
1173 5482 1277 5544 pro
1294 5482 1363 5525 ea
1384 5460 1907 5526 commutationem
1934 5459 2096 5521 dare.

540 5624 592 5677 ιο
621 5624 806 5697 Eccli.
837 5643 902 5701 ιι,
936 5627 1036 5695 22.
1124 5624 1171 5668 ¹¹
1204 5623 1229 5688 I
1259 5628 1394 5689 Cor.
1428 5640 1534 5706 vu,
1568 5622 1667 5687 31.

2186 4477 2578 4554 ἀπολλυμένης,
2640 4480 2706 4545 ἧς
2763 4477 2870 4535 οὔδ’
2913 4482 2941 4535 6
3001 4481 3204 4556 κόσμος
3261 4481 3400 4545 ἅπας
3449 4480 3586 4536 ἐστὶν
3634 4480 3848 4536 ἰσοστά-

2185 4588 2345 4648 σιοςς
2414 4569 2490 4641 μὴ
2551 4570 2650 4647 γὰρ
2708 4568 3004 4649 χρημάτων
3051 4569 3161 4625 ἐστὶ
3221 4570 3319 4637 τὴν
3368 4570 3629 4648 σωτηρίαν
3682 4566 3850 4624 ἀλλά-

2186 4655 2386 4722 ξασθαι.
2444 4649 2534 4720 Ὠς
2588 4658 2698 4714 εἴτε
2748 4665 2901 4714 τοῦτο
2944 4657 3011 4725 ἦν
3068 4662 3096 4715 6
3150 4656 3400 4739 κερδάνας
3462 4660 3553 4714 τὸν
3611 4657 3838 4733 κόσμὸν,

2185 4748 2285 4813 τὴν
2314 4744 2369 4801 δὲ
2399 4747 2582 4826 ψυχὴν
2633 4745 2925 4821 ἀπολέσας,
2978 4746 3168 4804 ἔδωκεν
3208 4746 3269 4804 ἂν
3314 4748 3572 4827 χρήματα
3626 4746 3745 4803 τότε
3776 4744 3831 4800 ἐν

2184 4840 2252 4911 τῇ
2296 4833 2451 4914 φλογὶ
2506 4838 2921 4914 τηγανιζόμενος
2952 4837 3040 4892 καὶ
3092 4836 3341 4904 ἠθωώθη.
3396 4833 3542 4892 Ἀλλ’
3587 4838 3682 4893 οὒκ
3728 4832 3839 4891 ἔστι

2182 4932 2358 5002 τοῦτο,
2416 4924 2510 4981 οὒκ
2556 4923 2719 4984 ἔστιν.
2787 4908 2980 5005 οὨσπερ
3030 4926 3129 5004 γὰρ
3174 4926 3242 4999 εἰ,
3291 4931 3397 4981 τῶν
3450 4926 3666 4980 οἶκετῶν
3715 4945 3846 5002 τρυ-

2187 5013 2430 5094 φώντων,
2483 5013 2900 5093 σπαταλώντων,
2952 5017 2980 5071 6
3030 5012 3290 5080 δεσπότης
3365 5012 3419 5068 ἐν
3484 5025 3676 5075 κακοῖς
3728 5024 3847 5074 τοῖς

2188 5101 2439 5181 ἐσχάτοις
2495 5102 2554 5179 ᾗ,
2615 5100 2761 5157 οὒδὲν
2814 5101 2956 5166 δ’λως
3010 5101 3264 5181 κερδαίνει
3326 5101 3386 5159 ἐκ
3439 5108 3531 5157 τοῦ
3589 5099 3851 5157 δεσπότου

2190 5191 2331 5246 εἶναι
2368 5207 2380 5219 ·
2458 5190 2624 5254 οὕτως
2696 5192 2739 5246 εἱ
2805 5193 2893 5247 καὶ
2961 5196 3060 5257 τῆς
3133 5193 3359 5270 γαστρὸς
3418 5191 3697 5270 τρυφώσης
3759 5190 3851 5244 καὶ

2186 5278 2535 5359 ¹ιἰλουνούσης,
2597 5280 2632 5346 ἡ
2686 5281 2841 5360 ψυχὴ
2891 5280 2987 5347 τὴν
3039 5277 3335 5355 μέλλουσαν
3378 5278 3649 5335 ἀπώλειαν
3704 5277 3844 5332 ἀνα-
3916 5308 3927 5313 -

2187 5367 2345 5446 μένῃ,
2379 5366 2585 5444 εὖδεμία
2642 5369 2806 5445 ταύτῃ
2864 5367 3093 5449 ὠφέλεια
3128 5385 3141 5397 ⁸
3199 5370 3287 5424 καὶ
3336 5367 3567 5443 μάλιστα
3628 5365 3710 5423 ὅτι
3742 5370 3843 5425 οὒκ

2188 5457 2295 5514 ἔστι
2349 5479 2399 5514 τι
2459 5457 2633 5519 δοῦναι
2677 5458 2872 5524 ταύτης
2927 5455 3295 5537 ἀντάλλαγμα.
3354 5459 3441 5525 Μὴ
3502 5457 3602 5537 γὰρ
3659 5455 3851 5533 ἑτέραν
