4156 6416
200 331 205 336 ’
290 352 438 419 1217
1751 357 2182 423 ORATIONES
3519 362 3677 428 1278

284 472 439 576 ἔχεις
474 478 691 576 ψυχὴνῇ
715 477 911 539 δοῦναι.
974 479 1237 576 ξρήματα
1259 568 1270 576 ⁸
1293 479 1405 576 μέν.
1439 480 1538 560 γὰρ
1591 479 1628 548 ἢ
1675 482 1842 576 οἰκίαν
1897 478 1933 546 ἢ

2029 489 2225 573 Neque
2259 489 2420 553 enim
2450 490 2697 554 alteram
2750 491 2961 565 habes,
3015 511 3190 576 quam
3223 492 3352 569 des,
3386 494 3676 562 animam.

285 562 601 644 ἀνδράποδα,
661 568 698 637 ἢ
756 571 927 628 ὁτιοῦν
982 567 1157 648 ἕτερον
1242 568 1504 633 άπολέσας
1553 591 1659 637 τις,
1717 567 1927 626 δύναται

2029 562 2292 643 Ροείιηὶἰε
2309 581 2493 656 enim,
2522 590 2622 642 ant
2645 581 2896 657 aedibus,
2930 562 3396 665 aufmancipiis,
3429 594 3528 646 aut
3557 586 3683 647 alia

289 652 405 710 ἀντ’
461 654 672 753 ἐκείνων
727 655 902 717 δοῦναι
969 657 1142 737 ἕτερα.
1205 656 1332 716 Οὐδὲ
1388 659 1490 738 γὰρ
1546 657 1634 715 ἐὰν
1688 657 1932 735 βασιλεὺς

2029 689 2372 753 quacunque
2399 689 2465 731 re
2490 674 2743 750 perdita,
2775 680 2965 752 potest
2994 672 3129 753 quis
3154 652 3529 735 aliaillorum
3551 675 3683 737 loco

289 746 388 809 τῆς
418 745 731 822 οἰκουμένης
760 747 797 824 ᾖ
843 769 950 826 τις,
995 748 1083 803 καὶ
1126 746 1338 803 πάντων
1384 754 1490 802 τῶν
1537 748 1622 804 ἐπὶ
1651 753 1754 827 γῆς
1785 770 1934 828 χρη·-

292 831 471 906 μάτων
540 836 781 916 κυριεύῃ,
856 833 1133 906 δυνήσεται
1207 835 1330 911 μίαν
1403 834 1660 916 ἀγοράσαι
1730 838 1938 916 ψυχὴν,

289 918 388 977 κᾶν
444 923 619 980 πάντα
687 926 753 981 τὰ
808 929 908 991 τῆς
964 924 1276 999 οἰκουμένης
1333 921 1716 981 καταϐαλεῖται
1750 941 1764 954 '
1826 923 1943 982 οὔτε

293 1009 389 1086 μὲν
426 1012 462 1081 ἡ
507 1011 560 1069 ἐν
609 1035 688 1088 τῳ
739 1014 928 1090 κόσμῳ
980 1018 1125 1070 πᾶσα
1180 1013 1348 1092 τρυφὴ
1402 1015 1493 1070 καὶ
1547 1012 1939 1094 λαμπροφορία,

290 1101 474 1180 κικράν
520 1123 640 1158 τινα
685 1103 1015 1183 παραψυχὴν
1071 1107 1139 1178 τῇ
1189 1106 1342 1182 ψυχῇ
1392 1099 1667 1173 δυνήσεται
1716 1102 1944 1182 ἀπεργά-

290 1192 501 1277 σασθαι,
534 1188 660 1247 ὅταν
691 1193 916 1255 αἰωνίως
944 1190 1300 1277 κομάζηταικ,

380 1258 500 1359 ⁸ὃρά
558 1277 611 1336 δὲ
658 1286 775 1343 πῶς
823 1284 917 1339 οὐκ
977 1258 1132 1336 είπεν
1197 1298 1211 1312 ⁸
1275 1258 1340 1335 NH
1360 1280 1411 1336 τί
1438 1276 1643 1336 δίδωσιν
1672 1280 1943 1360 ἄνθρωπος

290 1366 637 1447 ἀντάλλαγμα
664 1373 764 1436 τῆς
794 1373 978 1449 ψυχῆς
1010 1369 1207 1448 αὓτοΰς
1240 1365 1377 1424 ἀλλὰ
1412 1390 1440 1421 α
1469 1370 1528 1427 Τί
1543 1367 1732 1450 δώσεις
1763 1392 1790 1424 ι
1814 1369 1944 1429 Τότε

292 1456 392 1532 μὲν
450 1458 550 1537 γὰρ
598 1462 692 1517 οὐκ
745 1457 864 1538 ἔχει
919 1480 970 1514 τι
1021 1453 1231 1529 δώσειν,
1288 1466 1377 1517 νῦν
1433 1455 1487 1513 δὲ
1534 1455 1711 1514 δίδωσι
1770 1459 1941 1535 μετά-

291 1567 461 1625 νοιαν,
519 1544 884 1626 ἐξαγόρεμσιν,
943 1546 1294 1624 στεναγμοὺς,
1355 1543 1570 1626 δάκρυα,
1628 1544 1778 1613 τῆξιν
1826 1548 1940 1603 σώ-

293 1656 486 1715 ματος,
541 1635 931 1715 ἐπιπονωτέραν
988 1633 1284 1713 διαγωγήν.
1344 1644 1509 1694 Τοῦτο
1566 1633 1715 1699 εἰδὼς
1769 1639 1857 1693 καὶ
1912 1639 1940 1692 6

287 1702 485 1788 δόλιος,
519 1725 672 1799 ἡμῶν
744 1702 958 1804 ἐχθρὸς,
1017 1702 1231 1780 ἀείποτε
1289 1725 1454 1781 σαίνει
1502 1737 1625 1788 ταῖς
1680 1734 1774 1784 τοῦ
1829 1702 2002 1802 βίουΒ

288 1809 532 1892 ἡδύτησι,
593 1814 681 1873 καὶ
737 1811 1061 1871 ἀποκλὲπτει
1118 1825 1241 1876 ταῖς
1289 1814 1427 1870 κατὰ
1477 1816 1663 1895 μικρὸν
1719 1815 1941 1895 ὑπερθέ-

291 1922 457 1975 σεσιν,
535 1898 712 1982 Ἐμοὶ,
784 1900 979 1980 λέγων,
1051 1899 1139 1965 δὸς
1196 1903 1294 1969 τὴν
1355 1904 1610 1983 σήμερον,
1673 1911 1789 1979 Θεῷ
1843 1906 1940 1972 τὴν

292 1988 467 2071 αὔριον
503 2007 518 2022 ·
578 1990 696 2066 ἐμοὶ
748 1992 810 2046 τὸ
862 1991 1048 2071 παρὸν,
1111 1998 1227 2065 Θεῷ
1278 1993 1339 2048 τὸ
1390 1990 1583 2067 μέλλον
1617 2012 1634 2030 ο
1665 1991 1741 2048 ἵν’
1774 1994 1940 2057 οὓτως

291 2075 638 2159 βραδύνοντας
710 2080 840 2159 πρὸς
913 2078 1192 2155 μετάνοιαν
1248 2082 1337 2137 καὶ
1385 2079 1655 2161 διόρθωσιν
1710 2082 1940 2139 ἐπανελ-

289 2169 394 2226 θὼν
452 2168 735 2249 ἀφαρπάσῃ
793 2171 821 2225 6
876 2169 1097 2233 θάνατος
1146 2166 1373 2245 μηδενὸς
1418 2168 1766 2250 λυτρουμένου
1809 2169 1944 2248 μηδέ

291 2257 576 2329 σώζοντος.
653 2261 935 2338 Ανθρωπος
989 2257 1087 2334 μὲν
1139 2258 1229 2316 οὖν
1300 2262 1394 2317 οὒκ
1460 2257 1578 2340 ἔχει
1649 2283 1699 2317 τι
1768 2259 1941 2320 δοῦναι

293 2344 642 2424 ἀντάλλαγμα
669 2351 770 2414 τῆς
797 2350 981 2427 ψυχῆς
1009 2350 1165 2406 αὐτοῦ
1199 2366 1211 2379 ⁸
1269 2350 1296 2403 6
1353 2346 1407 2402 δὲ
1461 2350 1590 2412 Θεὸς
1643 2354 1742 2417 τῆς
1787 2352 1941 2426 ἡμῶν

292 2437 556 2514 σωτηρίας
627 2434 802 2491 ἕνεκεν
890 2432 1110 2493 δέδωκεν
1200 2434 1548 2515 ἀντάλλαγμα
1638 2440 1699 2495 τὸ
1769 2440 1942 2516 τίμιον

292 2528 435 2600 αἷμα
462 2533 555 2583 τοῦ
611 2527 733 2583 Υἱοῦ
791 2528 971 2586 αὐτοῦ.
1037 2526 1130 2581 Διὸ
1187 2522 1505 2604 παρακαλῶ,
1553 2527 1726 2584 πάντα
1772 2528 1942 2586 τᾶλλα

292 2613 535 2696 ἀφέντες,
568 2615 640 2677 εἷς
694 2615 791 2681 τὴν
853 2614 1038 2694 ψυχὴν
1091 2613 1304 2671 ἅπασαν
1360 2615 1459 2682 τὴν
1490 2614 1720 2683 σπουδὴν
1754 2617 1939 2675 ἀναλί-

292 2724 531 2777 σκωμεν.
565 2709 681 2763 Τῶν
712 2704 810 2782 γὰρ
865 2701 918 2759 ἐν
979 2705 1113 2779 ἡμῖν
1168 2703 1482 2783 κυριώτερον
1537 2707 1573 2773 ἡ
1632 2709 1808 2787 ψυχή.
1844 2711 1943 2767 Καὶ

292 2792 524 2852 ἐντεῦθεν
595 2793 683 2850 οὖν
753 2792 1177 2869 ἐπιστομίσωμεν
1271 2794 1394 2858 τοὺς
1464 2793 1570 2851 ἀπὸ
1641 2792 1943 2877 Ὠριγένους

291 2881 545 2961 λέγοντας
576 2881 657 2939 ὅτι
712 2883 1142 2945 ἀποκατάστασις
1202 2880 1350 2940 ἔσται
1406 2889 1512 2941 τῶν
1571 2889 1763 2966 ψυχῶν
1809 2889 1943 2965 μετὰ

291 2974 354 3029 τὸ
379 2976 707 3040 καλασθῆναι
734 2973 872 3029 κατὰ
926 2970 1209 3049 ἀναλογίαν
1263 2978 1367 3030 τῶν
1416 2974 1706 3054 ἁμαρτιῶν.
1746 2974 1940 3035 Ἀκου-

293 3062 540 3119 σάτωσαν
591 3062 690 3141 γὰρ
737 3059 817 3117 ὅτι
877 3065 972 3120 οὒκ
1016 3059 1155 3117 ἔστιν
1197 3058 1313 3118 ἐκεῖ
1367 3060 1540 3122 δοῦναι
1597 3063 1941 3146 ἀντάλλαγμα

291 3157 394 3219 τῆς
449 3156 656 3232 ψυχῆς.
711 3150 905 3210 Οὔκουν
961 3147 1076 3207 οὖδὲ
1122 3148 1445 3219 κολασθῆναί
1500 3151 1610 3209 ἐστι
1667 3165 1934 3233 τοσοῦτον,

293 3241 422 3299 ὅσον
450 3241 799 3308 ἇντισωθῆναι
835 3253 955 3303 τοῖς
987 3239 1365 3318 ἁμαρτάνουσι.

378 3525 705 3603 Βουλόμενος
762 3525 816 3583 δὲ
865 3529 893 3585 6
950 3528 1139 3608 Κύριος
1198 3528 1617 3608 προθυμοτέρους
1671 3530 1813 3606 ἡμᾶς
1871 3532 1943 3593 είς

287 3616 415 3679 τοὺς
469 3616 598 3697 ὑπὲρ
668 3620 826 3676 αὒτοῦ
896 3614 1161 3682 κινδύνους
1231 3617 1649 3699 ἀπεργάσασθαι,
1708 3619 1942 3699 ἐναργῶς

285 3705 465 3787 τίθτὲσι
516 3707 605 3763 τὸν
664 3702 815 3763 ἕνεκα
884 3706 1078 3763 τούτων
1149 3707 1336 3783 μισθὸν
1400 3703 1466 3762 δι’
1523 3708 1597 3762 ὧν
1654 3706 1888 3787 ἐπιφέρει
1924 3751 1939 3766 .

294 3818 324 3851 ι
389 3779 483 3858 ﬂ0r;
539 3795 639 3875 γὰρ
695 3794 1023 3876 ἐπαισχυνθῇ
1085 3779 1160 3870 με
1212 3796 1301 3853 καὶ
1358 3795 1480 3858 τοὺς
1535 3794 1700 3872 ἐμοὺς
1755 3779 1944 3874 λόγους

290 3882 344 3940 ἐν
418 3888 486 3960 τῇ
556 3889 711 3961 γενεᾷ
771 3885 937 3959 ταύτῃ
993 3889 1061 3960 τῇ
1112 3881 1385 3964 μοιχαλίδι
1444 3885 1533 3940 καὶ
1589 3883 1889 3964 ἀμαρτωλῷ
1926 3901 1939 3914 '

291 3976 381 4030 καὶ
453 3975 482 4029 6
552 3974 672 4037 Υἱὸς
764 3983 856 4033 τοῦ
939 3972 1211 4050 ἀνθρώπου
1296 3973 1778 4055 ἐπαισχυνθήσεται
1844 3978 1941 4033 αὗ-

292 4064 410 4143 τὸν,
484 4059 609 4118 ὅταν
680 4059 804 4139 ἔλθῃ
878 4061 933 4118 ἐτ
1002 4067 1071 4139 τῇ
1138 4060 1261 4139 δόξῃ
1332 4072 1425 4120 τοῦ
1490 4064 1717 4143 Πατρὺς,
1789 4067 1946 4122 αὐτοῦ

294 4152 435 4228 μετὰ
497 4156 600 4215 τῶν
671 4150 912 4231 ἀγγέλων
962 4157 1067 4209 τῶν
1142 4151 1328 4229 ἁγίων,
1392 4174 1420 4206 ι
1492 4149 1829 4222 Διαλαλῆσας
1879 4153 1946 4208 τὰ

2024 759 2189 820 dare.
2213 758 2429 840 Neque
2448 759 2634 833 enim,
2656 759 2765 820 etsi
2789 761 2923 841 quis
2945 779 3047 821 rex
3067 760 3231 822 orbis
3253 770 3541 824 terrarum
3576 761 3678 837 sit,

2025 849 2411 930 omniumque
2478 848 2609 928 ejus
2667 849 3056 929 pecuniarum
3109 850 3414 932 dominus,
3468 852 3686 932 poterit

2026 956 2203 999 unam
2221 938 2817 1011 redimereanimam,
2836 937 3194 999 licetomnes
3208 937 3368 999 orbi.~
3398 940 3683 1021 pecunias

2028 1026 2202 1107 pretii
2237 1028 2368 1088 loco
2400 1026 2611 1087 offerat
2641 1047 2654 1088 ;
2713 1045 2907 1107 neque
2957 1026 3153 1088 omnis
3185 1027 3395 1089 mundi
3426 1029 3595 1089 luxus
3626 1035 3684 1089 et

2026 1115 2308 1196 Splendor
2338 1115 2617 1193 exiguum
2647 1114 2885 1196 aliquod
2913 1116 3185 1177 solatium
3220 1116 3433 1178 animae
3463 1116 3684 1198 poterit

2026 1205 2335 1284 adhibere,
2368 1223 2502 1266 cum
2538 1213 2824 1266 aeternum
2859 1205 3254 1285 torquebitur.

2106 1295 2223 1357 Sed
2255 1294 2519 1368 adverte,
2550 1292 3055 1374 quemadmodum
3108 1312 3225 1354 non
3262 1292 3479 1356 dixerit
3513 1314 3527 1355 :
3563 1294 3681 1356 Aut

2025 1401 2202 1463 quam
2235 1383 2336 1445 dat
2369 1384 2542 1443 homo
2576 1382 3107 1444 commutatiom-m
3162 1401 3267 1462 pro
3299 1382 3497 1443 anima
3521 1400 3625 1444 sua
3654 1388 3682 1443 ?

2025 1473 2154 1553 sed,
2190 1474 2385 1548 Quam
2417 1471 2586 1532 dabit
2618 1469 2643 1532 ἲ
2691 1469 2841 1531 Tum
2878 1471 3036 1531 enim
3071 1490 3188 1532 non
3218 1470 3482 1541 habebit,
3521 1471 3678 1553 quod

2024 1562 2123 1624 det
2156 1584 2167 1614 τ
2205 1580 2361 1623 nunc
2389 1578 2529 1622 vero
2562 1560 2661 1621 dat
2713 1558 3146 1638 pmnitentiam,
3203 1560 3672 1642 confessionem,

2024 1650 2300 1730 gemitus,
2335 1650 2647 1728 lacrymas,
2682 1650 3144 1709 macerationem
3180 1650 3470 1729 corporis,
3505 1667 3679 1710 seve-

2026 1740 2244 1800 riorem
2280 1738 2525 1798 videndi
2557 1738 2876 1803 rationem.
2932 1736 3112 1817 Cujus
3142 1738 3232 1798 rei
3263 1757 3381 1798 non
3414 1738 3674 1820 nescius,

2026 1828 2268 1890 dolosus
2299 1826 2486 1888 hostis
2517 1843 2718 1891 nOSlel‘
2747 1844 2989 1907 semper
3019 1827 3240 1889 mulcet
3270 1846 3377 1888 nos
3401 1828 3529 1889 vitae
3558 1846 3681 1889 suae

2024 1916 2433 1997 suavitalibus,
2465 1924 2817 1995 tempusque
2872 1916 3150 1995 paulatim
3187 1916 3678 1996 procrastinando

2026 2006 2385 2068 suﬂ‘uratur:
2430 2005 2591 2078 Mihi,
2625 2003 2838 2084 inquit,
2874 2004 3034 2065 diem
3059 2006 3134 2064 da
3154 2005 3531 2080 hodiernum,
3559 2004 3680 2067 Deo

2027 2095 2346 2156 crastinum
2379 2111 2393 2169 ;
2430 2093 2576 2154 mihi
2612 2102 2842 2172 tempus
2874 2110 3159 2173 praesens,
3214 2092 3336 2155 Deo
3373 2093 3674 2169 futurum;

2026 2194 2089 2244 ut
2118 2183 2197 2245 ita
2226 2183 2528 2245 tardentes
2557 2183 2627 2243 ad
2661 2181 3069 2263 paenitentiam
3098 2184 3676 2255 etemendationem,

2027 2271 2451 2350 superveniens
2481 2270 2735 2351 abripiat
2783 2289 2964 2347 mors,
3015 2271 3252 2351 quando
3302 2290 3422 2332 non
3455 2280 3549 2332 est
3578 2270 3681 2352 qui

2025 2362 2306 2442 redimat,
2358 2378 2554 2441 neque
2601 2359 2701 2439 qui
2758 2359 2980 2420 salvum
3033 2360 3226 2421 faciat.
3284 2363 3471 2421 Homo
3501 2361 3683 2436 igitur

2027 2470 2144 2511 non
2168 2458 2358 2531 potest
2379 2450 2636 2530 aliquam
2666 2449 2809 2510 dare
2828 2449 3346 2510 commutationem
3367 2469 3467 2530 pro
3481 2449 3682 2511 anima

2025 2557 2131 2601 sua
2162 2538 2358 2600 :Deus
2389 2556 2532 2599 vero
2570 2555 2675 2618 pro
2712 2546 2912 2598 nostra
2940 2538 3127 2597 salute
3158 2537 3319 2599 dedit
3344 2545 3676 2599 commuta-

2026 2628 2272 2698 tionem,
2300 2626 2621 2707 pretiosum
2651 2625 3002 2705 sanguinem
3032 2626 3165 2687 Filii
3196 2627 3310 2687 sui.
3331 2626 3524 2700 Quare
3548 2629 3683 2689 hor-

2024 2725 2138 2791 tor,
2176 2733 2257 2779 ut.
2296 2714 2576 2777 omnibus
2606 2724 2836 2777 caeteris
2869 2715 3089 2788 missis,
3123 2716 3183 2775 in
3215 2717 3470 2777 animam
3503 2734 3684 2779 omne

2024 2806 2282 2867 studium
2312 2812 2715 2868 conteramus.
2739 2801 2898 2863 Nihil
2925 2804 3082 2864 enim
3107 2803 3166 2864 in
3193 2805 3364 2865 nobis
3389 2814 3676 2885 praestan-

2024 2896 2379 2960 tius'anima.
2419 2898 2569 2975 Ergo
2591 2895 2767 2956 etiam
2812 2913 2884 2957 ex
2921 2894 3035 2957 hoc
3068 2896 3200 2957 loco
3222 2894 3569 2957 obturemus
3590 2914 3683 2978 os,

2027 2995 2084 3050 et
2114 2986 2417 3049 silentium
2443 2985 2818 3065 imponamus
2843 2982 3118 3062 Origenis
3134 2986 3376 3047 asseclis
3396 3004 3673 3047 asseren-

2025 3076 2204 3150 tibus,
2237 3075 2466 3137 animas
2496 3073 2556 3134 in
2585 3073 2639 3134 vi
2672 3092 2764 3134 am
2800 3091 2869 3135 ac
2894 3073 3209 3152 pristinum
3248 3083 3459 3136 statum
3496 3074 3674 3136 resti-

2023 3173 2210 3227 tutum
2260 3165 2330 3225 iri
2382 3172 2513 3245 post
2553 3162 2845 3242 supplicia
2873 3165 3258 3243 proportione
3294 3172 3673 3244 peccatorum

2025 3259 2307 3317 exsoluta.
2342 3253 2601 3315 Audiont
2629 3252 2812 3327 «nim,
2863 3272 2982 3313 non
3035 3272 3212 3334 posse
3242 3254 3325 3315 ibi
3355 3264 3679 3315 commuta-

2024 3345 2249 3405 tionem
2284 3362 2388 3423 pro
2419 3344 2615 3403 anima
2644 3342 2796 3404 dari.
2844 3342 2996 3422 Ergo
3049 3362 3121 3403 ne
3155 3343 3408 3405 cruciari
3437 3343 3680 3425 quidem

2026 3441 2251 3495 tantum
2283 3439 2551 3513 possunt,
2585 3440 2866 3511 quantum
2901 3443 3205 3493 merentur
3235 3443 3577 3512 peccantes.

2103 3520 2393 3585 Utautem
2428 3539 2545 3580 non
2572 3520 2973 3600 promptiores
3003 3521 3073 3582 ad
3104 3522 3368 3601 pericula
3390 3521 3481 3583 sui
3502 3540 3682 3583 causa

2025 3611 2298 3671 adeunda
2334 3607 2634 3686 redderet,
2679 3609 2990 3689 perspicue
3028 3609 3270 3690 apponit
3308 3610 3676 3687 mercedem,

2027 3718 2139 3780 qua
2161 3699 2738 3780 compensabuntur:
2764 3696 3183 3761 idcircoinfert
3211 3719 3224 3762 :
3258 3698 3378 3775 Qui
3397 3705 3557 3761 enim
3583 3717 3676 3761 me

2025 3788 2360 3860 erubuerit,
2385 3796 2442 3849 et
2478 3803 2794 3848 sermones
2843 3804 2999 3849 meos
3038 3790 3105 3849 in
3142 3792 3539 3869 generatione
3564 3790 3684 3852 ista

2025 3875 2298 3937 adultera
2313 3882 2369 3937 et
2393 3876 2752 3955 peccatricc;
2788 3883 2842 3936 et
2871 3878 3068 3937 Filius
3090 3877 3356 3938 hominis
3375 3875 3684 3940 erubescet

2026 3982 2355 4041 eum,‘cum
2372 3966 2605 4027 venerit
2622 3966 2681 4025 iu
2701 3964 2903 4043 gloria
2933 3966 3134 4027 Patris
3162 3967 3259 4027 sui
3281 3983 3417 4027 cum
3439 3967 3683 4044 angelis

2027 4059 2252 4116 sanctis
2281 4053 2353 4116 ιε.
2386 4052 2671 4115 Absoluto
2705 4071 3009 4135 sermone,
3042 4073 3158 4135 quo
3181 4054 3679 4135 ducuitoportere

2031 4144 2475 4205 nosimitatores
2488 4142 2745 4216 suiesse,
2763 4160 2874 4205 nec
2890 4151 3139 4207 mortem
3156 4143 3380 4222 fugere,
3402 4161 3512 4206 nec
3537 4162 3678 4221 par-

293 4239 552 4322 είρημὲνα
594 4241 712 4319 περὶ
757 4247 848 4296 τοῦ
896 4238 1007 4298 δεῖν
1051 4241 1253 4305 πάντας
1304 4242 1541 4317 μιμητὰς
1598 4245 1757 4300 αὐτοῦ
1791 4241 1943 4320 γενέ-

2031 4234 2263 4295 cerevel
2286 4238 2498 4294 animae
2515 4241 2750 4310 nostrae,
2770 4233 2860 4295 vel
2882 4233 3030 4309 vitae,
3050 4242 3292 4314 propter
3321 4252 3484 4315 spem
3518 4233 3576 4293 in
3612 4250 3682 4295 eo

292 4312 438 4403 σθαι,
471 4329 560 4385 καὶ
603 4312 680 4404 μῆ
734 4329 943 4411 φεύγειν
999 4331 1092 4388 τὸν
1143 4312 1378 4386 θάνααίον
1403 4347 1417 4362 ·
1479 4328 1714 4412 ἀφειδεῖν
1761 4312 1816 4386 δέ
1860 4332 1943 4387 καὶ

2031 4323 2227 4395 sitam,
2269 4332 2603 4411 opportune
2659 4342 2690 4384 c
2734 4323 2969 4403 njungit
2999 4312 3275 4403 mysteria
3307 4312 3380 4384 de
3412 4323 3677 4384 secundo

292 4424 394 4487 τῆς
426 4418 625 4476 ἑαυτῶν
674 4410 857 4498 ψυχῆς
906 4439 963 4474 τε
1005 4421 1093 4475 καὶ
1136 4423 1279 4490 ζωῆς
1331 4415 1504 4476 ἔτεκεν
1531 4410 1655 4487 ⁷τῆς
1686 4421 1759 4483 εἷς
1790 4422 1943 4479 αὖτὸν

2029 4419 2284 4476 adventu
2307 4410 2437 4477 suo.
2463 4413 2570 4486 Qui
2611 4414 2772 4475 enim
2807 4433 2923 4490 me,
2966 4413 3179 4495 inquit,
3216 4412 3586 4487 erubuerint,
3623 4420 3683 4475 et

292 4505 530 4581 ἐλπίδος,
590 4498 926 4566 ἐπισυνάπτει
984 4508 1234 4586 εὖκαίρως
1288 4509 1354 4564 τὰ
1396 4511 1512 4589 περὶ
1553 4514 1652 4576 τῆς
1705 4506 1943 4589 δευτέρας

2029 4522 2337 4565 sermones
2371 4503 2609 4564 meosin
2632 4503 2909 4583 praesenti
2936 4503 3070 4574 vita,
3101 4511 3160 4564 et
3183 4504 3284 4583 qui
3306 4502 3436 4565 sine
3463 4503 3683 4566 rubore

291 4602 455 4659 αὐτοῦ
519 4597 823 4676 θεοφανείας
894 4592 1208 4675 παραδιδοὺς
1282 4599 1563 4677 μυστήρια.
1642 4607 1771 4661 Τοῖς
1845 4600 1943 4677 γὰρ

2029 4612 2225 4655 coram
2260 4592 2604 4654 hominibus
2630 4612 2723 4653 me
2754 4593 3011 4653 confessi
3058 4592 3297 4673 fuerint,
3330 4593 3404 4653 iis
3433 4592 3678 4654 omnino

290 4686 775 4768 ἐπαισχυνομένας
805 4706 895 4762 με,
950 4686 1100 4767 φησὶ,
1160 4687 1249 4742 καὶ
1303 4687 1423 4750 τοὺς
1480 4687 1640 4762 ἐμοὺς
1671 4685 1862 4766 λόγους
1893 4687 1943 4745 ἐν

2029 4701 2135 4763 par
2167 4682 2289 4764 pari
2321 4682 2598 4749 referam,
2628 4684 2746 4743 imo
2781 4699 2916 4742 vero
2952 4685 3121 4760 longe
3149 4690 3323 4742 etzam
3350 4682 3499 4762 plus.
3534 4681 3680 4742 Eru-

288 4783 359 4853 τῇ
432 4776 671 4855 παρούσῃ
759 4780 897 4853 ζωῇ.
984 4774 1081 4833 Καὶ
1150 4773 1584 4856 ἀνεπαισχύντως
1656 4774 1943 4857 ἔμπροσθεν

2034 4772 2271 4834 bescam
2304 4779 2362 4832 et
2392 4789 2499 4850 ego
2550 4789 2675 4844 eos,
2711 4770 2820 4831 boc
2865 4781 2979 4851 est,
3030 4770 3500 4844 verecundabor,
3537 4789 3669 4831 cum

290 4872 404 4924 τῶν
436 4865 720 4945 ἀνθρώπων
778 4861 1095 4941 ὁμολογοῦσί
1141 4885 1207 4940 με
1264 4863 1450 4940 ἕψεται
1502 4866 1711 4930 πάντως
1756 4868 1816 4922 τὸ
1846 4872 1943 4924 τῶν

2032 4880 2249 4923 venero
2308 4861 2365 4921 in
2417 4859 2603 4939 gloria
2652 4858 2841 4920 Putris
2894 4859 3033 4920 mei.
3089 4859 3242 4932 Quid
3284 4866 3479 4920 autem
3544 4859 3683 4921 huic

286 4954 455 5033 ἴσων,
485 4966 674 5034 τυχεῖν
732 4950 857 5032 παρ’
915 4951 1064 5027 ἐμοῦ,
1128 4950 1331 5028 μᾶλλον
1389 4950 1442 5009 δὲ
1495 4955 1582 5010 καὶ
1630 4954 1766 5010 κατὰ
1812 4953 1943 5011 πολὺ

2034 4969 2168 5012 esse
2200 4950 2387 5031 possit
2416 4948 2658 5009 solatii?
2688 4950 2834 5009 Cum
2865 4949 3022 5009 «nim
3044 4948 3340 5009 erubescit
3370 4948 3678 5029 quospiam

286 5041 572 5120 μειζόνων.
648 5039 1178 5122 Ἐπαισχυνθήσομαι
1249 5041 1401 5120 κάγὼ
1470 5042 1657 5106 αὐτοὺς
1707 5061 1721 5075 '
1800 5065 1943 5101 τουτ-

2029 5040 2230 5121 judex,
2269 5048 2541 5120 tanquam
2574 5037 2790 5119 quibus
2821 5037 3035 5098 debeat
3065 5037 3423 5099 obedientiaa
3455 5056 3681 5098 merce-

287 5133 435 5190 ἐστιν
467 5129 883 5210 ἐντραπήσοπαι,
940 5128 1065 5187 ὅταν
1119 5128 1256 5186 ἔλθω
1311 5130 1364 5187 ἐν
1421 5137 1489 5208 τῇ
1545 5129 1669 5207 δόξῃ
1700 5137 1796 5187 ταῦ
1826 5138 1944 5186 Πα-

285 5215 413 5301 τρός
474 5241 598 5296 μου,
658 5220 718 5279 Τί
785 5216 831 5273 δ’
901 5216 962 5274 ἂν
1033 5218 1242 5296 γένοιτο
1312 5220 1498 5278 τούτου
1571 5221 1645 5283 είς
1703 5221 1944 5295 εὐθυμίαν

284 5307 641 5390 ἰσοστάσιον;
713 5309 771 5366 Εἰ
836 5307 936 5387 γὰρ
1007 5305 1385 5388 ἐπαισχόνεται
1456 5330 1601 5373 τινας
1667 5310 1695 5365 6
1756 5307 1942 5386 κριτὴς

286 5401 362 5463 ὡς
396 5396 690 5478 ἐποφείλων
747 5400 930 5459 αὐτοῖς
986 5397 1077 5452 τὸν
1134 5403 1233 5465 τῆς
1280 5398 1569 5462 εὐπειθείας
1614 5398 1825 5475 μισθὸν,
1857 5398 1944 5454 καὶ

282 5493 386 5557 τῆς
415 5487 488 5550 είς
537 5486 695 5544 αὐτὸν
752 5485 967 5564 ἀγάπης
1020 5485 1086 5541 τὰ
1140 5487 1292 5569 γέρα,
1351 5489 1439 5545 καὶ
1497 5489 1585 5545 τὸν
1614 5492 1713 5555 τῆς
1744 5488 1944 5551 εὐνοίας

285 5576 549 5655 στέφανον
583 5592 598 5606 ·
671 5581 786 5640 πῶς
845 5575 941 5634 οὐκ
996 5571 1135 5631 ἔστιν
1191 5574 1566 5657 ἀναμφιϐόλως
1625 5578 1795 5634 εἰπεῖν
1864 5575 1945 5634 ὅτι

370 5744 427 5790 ﬂ
453 5741 630 5810 Marc.
664 5760 788 5824 vui,
821 5743 920 5811 38.
1007 5746 1066 5798 ιδ
1093 5745 1297 5811 Matth.
1329 5760 1469 5829 xxv,
1501 5744 1602 5811 34.

2030 5130 2191 5201 dem,
2226 5130 2565 5209 amorisque
2600 5145 2741 5207 erga
2771 5145 2835 5188 se
2866 5126 3129 5208 praemia,
3166 5135 3223 5186 et
3254 5126 3682 5187 benevolentiae

2029 5237 2308 5280 coronam
2343 5236 2356 5281 :
2394 5236 2595 5279 nonne
2625 5218 2779 5278 hand
2817 5216 2999 5277 dubie
3031 5214 3152 5276 dici
3179 5222 3397 5296 potest,
3433 5217 3677 5276 omnino

2028 5306 2165 5369 illos
2195 5307 2253 5367 in
2289 5316 2575 5388 perpetuo
2607 5306 2835 5367 honore
2865 5304 3095 5366 futuros
3148 5322 3208 5364 et
3251 5302 3438 5382 gloria
3469 5305 3493 5365 ἴ
3522 5302 3680 5364 Lau-

2028 5394 2326 5457 dabuntur
2356 5396 2513 5458 enim
2538 5396 2683 5456 tales
2698 5392 3416 5476 quandoChristusdicet:
3454 5390 3676 5468 Venite,

2028 5485 2335 5548 benedicti
2383 5486 2585 5547 Patris
2638 5488 2781 5561 mei,
2835 5483 3130 5565 possidete
3175 5487 3462 5562 paratum
3510 5480 3680 5553 vobis

2029 5591 2287 5654 regnum
2318 5591 2356 5636 a
2386 5573 2815 5639 constitutione
2845 5572 3057 5637 mundi
3086 5570 3164 5633 ‘3.
