4156 6448
296 444 442 511 1281
1773 430 1983 493 ORAT.

2072 422 2208 493 NES
3523 427 3681 493 1282

295 582 457 659 ἁγίων
490 594 503 609 ⁶
573 577 709 654 μέγα
764 576 850 639 καὶ
904 573 1201 648 θαυμαστὸν
1232 568 1643 648 ἐπαγγέλλεται.
1704 558 1792 626 Ἐν
1821 565 1983 642 δόξῃέ

2072 564 2221 659 ibile
2251 565 2555 659 quidpiam
2607 567 2939 648 proﬁtetur.
2969 566 3035 659 In
3065 566 3257 659 gloria
3278 565 3547 643 Deitatis,
3578 564 3682 628 Fi-

301 654 550 735 θεότητος
608 667 728 730 Υἱὸς
780 662 1047 742 ἀνθρώπου
1111 679 1124 691 ·
1173 660 1226 717 ἐν
1272 660 1590 737 ὑπερτάταις
1650 659 1947 737 ὑπεροχαῖς

2080 674 2146 715 us
2168 655 2428 716 hominis
2455 675 2469 716 :
2498 656 2560 716 in
2597 673 2827 716 summa
2851 655 3224 732 excellentia,
3256 666 3428 717 natus
3452 674 3521 717 ex
3556 673 3687 715 mu-

301 758 412 814 ὁὲκ
453 755 698 835 γυναικὸς
754 741 891 809 κατᾶ
946 750 1136 829 σάρκα.
1195 746 1374 810 Ἰὃίους
1431 746 1549 826 ἔχει
1605 747 1725 809 τοὺς
1780 743 1949 822 ἀγγέ-

2072 762 2180 804 ,ere
2200 745 2526 804 secandum
2549 762 2814 806 carnem.
2869 741 3197 807 Suoshahet
3217 743 3480 823 angelos,
3502 742 3601 823 qui
3624 743 3685 804 in

298 844 422 909 λομς
512 843 563 899 ἐν
594 842 845 919 ὁμοιώσει
888 844 956 915 τῇ
1003 828 1119 894 καθ’
1174 840 1318 912 ἡμᾶς
1383 835 1643 914 γεγονώς,
1692 828 1866 891 Εἰπὼν
1897 830 1951 887 δὲ

2072 831 2424 893 imilitudine
2456 840 2654 893 nostra
2685 832 2875 894 factus
2918 840 3029 895 est.
3062 830 3172 894 Ubi
3206 840 3399 894 autem
3432 831 3684 908 dixerat,

302 954 330 992 (
362 933 509 989 Μετὰ
536 938 640 988 τῶν
670 928 934 1008 ἀγγέλων,
971 950 1000 985 ιο
1054 926 1376 1007 προσέθηκε,
1440 948 1461 980 ιι
1521 932 1627 981 τῶν
1680 923 1864 1001 ἁγίων,
1921 945 1948 975 ι)

2072 922 2192 982 .‘um
2216 922 2466 1001 angelis,
2501 920 2737 1002 adjecit.
2771 923 3018 996 sanctis,
3054 923 3127 983 ad
3150 922 3474 983 discrimen
3512 938 3686 997 exse-

301 1024 429 1100 πρὸς
459 1017 857 1085 ἀντιδιαστολὴν
890 1022 995 1072 τῶν
1025 1016 1228 1093 ὲναγῶν
1250 1013 1538 1090 δαιμόνων,
1572 1012 1828 1091 Λέγονται
1859 1011 1953 1087 μὲν

2073 1010 2393 1071 randarum
2422 1011 2777 1072 daemonum.
2804 1011 3091 1073 Dicuntur
3121 1011 3360 1089 quidem
3395 1020 3454 1072 et
3486 1011 3548 1073 hi
3576 1029 3689 1072 an-

302 1099 391 1166 καὶ
437 1110 577 1164 οὗτοι
626 1103 869 1184 ἄγγελοι,
918 1106 992 1168 ὡς
1044 1101 1301 1164 πολλάκις
1346 1107 1501 1158 τινῶν
1559 1120 1787 1176 μηνυταὶ
1839 1109 1956 1161 τοῖς

2072 1099 2549 1179 λθΙὶ,υι‹]υἰεεθρο
2572 1099 2860 1179 qumpiam
2894 1100 3247 1160 hominibus
3283 1099 3599 1161 nuntiunt:
3632 1105 3692 1159 at

308 1198 599 1277 ἀνθρώποις
651 1194 926 1274 γενόμενοι
982 1208 996 1221 ⁶
1059 1189 1179 1248 ἀλλ’
1239 1195 1298 1249 οὔ
1354 1192 1566 1253 πάντως
1622 1188 1781 1267 ἅγιοι,
1845 1185 1962 1242 ἐνα-

2072 1206 2284 1250 prorsus
2320 1207 2437 1247 non
2480 1187 2685 1249 sancti.
2724 1206 2923 1248 verum
2960 1188 3327 1267 exsecrandi,
3364 1196 3423 1249 et
3449 1185 3687 1268 impuri,

307 1274 425 1364 γεῖς
495 1284 549 1342 δὲ
616 1286 705 1340 καὶ
774 1284 1081 1362 ἀκάθαρτοι,
1154 1283 1242 1338 καὶ
1314 1277 1654 1354 παμϐέϐηλοι
1723 1278 1810 1333 καὶ
1879 1275 1959 1331 ὅτι

2072 1285 2103 1338 »ι
2132 1277 2373 1337 omnino
2408 1276 2664 1355 profani.
2696 1274 2826 1337 Jam
2859 1277 2984 1337 haec
3012 1277 3139 1337 sine
3170 1276 3537 1338 dubitatione
3562 1293 3693 1339 esse

308 1382 472 1431 ταῦτα
527 1370 899 1451 ἀναμφιϐόλως
959 1369 1128 1449 ἔσται,
1186 1372 1275 1425 καὶ
1332 1371 1360 1424 ὁ
1396 1370 1511 1431 Υἱὸς
1567 1374 1659 1424 τοῦ
1687 1367 1961 1445 ἀνθρώπου

2072 1375 2256 1433 utura,
2294 1374 2351 1426 et
2382 1365 2591 1427 Filium
2628 1365 2886 1426 hominis
2915 1374 3231 1427 venturum
3274 1365 3333 1427 in
3358 1365 3547 1446 gloria
3577 1364 3690 1425 Pa-

309 1463 422 1534 ἥξει
451 1463 504 1519 ἐν
532 1469 600 1538 τῇ
657 1459 781 1537 δόξῇ
838 1467 931 1517 τοῦ
990 1461 1193 1538 Πατρὸς
1254 1459 1411 1517 αὺτοῦ
1470 1458 1604 1534 μετὰ
1658 1463 1763 1512 τῶν
1792 1452 1960 1532 ἀγγέ..

2072 1454 2150 1515 ris
2179 1456 2270 1516 sui
2301 1472 2434 1517 cum
2483 1454 2707 1533 angelis
2755 1454 2998 1526 sanctis,
3053 1473 3295 1536 eosque,
3351 1455 3452 1536 qui
3498 1454 3692 1535 ipsum

309 1550 416 1606 λων
444 1556 548 1606 τῶν
594 1549 756 1627 ἁγίων
794 1567 810 1581 ·
866 1548 955 1604 καὶ
1012 1544 1092 1602 ὅτι
1145 1547 1264 1610 τοὺς
1326 1545 1421 1621 μὲν
1479 1545 1633 1600 αὐτὸν
1682 1541 1960 1620 ὁμολογῆ-

2072 1543 2301 1605 :onfessi
2331 1552 2488 1618 sunt,
2523 1544 2729 1605 itidem
2783 1545 3218 1621 confessurum,
3267 1545 3609 1624 amicosque
3639 1549 3697 1603 et

310 1660 502 1702 σαντας
554 1639 643 1695 καὶ
713 1638 865 1700 αὗτὸς
939 1634 1265 1712 ὁμολογήσει
1320 1632 1497 1713 φίλους
1557 1634 1644 1689 καὶ
1701 1633 1958 1710 ἀριστεῖς,

2072 1634 2318 1707 'ictores,
2354 1642 2411 1694 et
2441 1651 2761 1712 generosos
2794 1633 3009 1694 milites
3039 1633 3471 1714 appellaturum
3502 1652 3517 1708 ;
3563 1630 3696 1692 iklos

311 1730 400 1785 καὶ
465 1726 732 1805 γενναίους
804 1724 1126 1802 στρατιώτας
1208 1723 1544 1786 ἀποκαλέσας
1604 1739 1617 1752 ·
1706 1721 1824 1784 τοὺς
1910 1716 1964 1773 δὲ

2072 1733 2241 1783 ιιιιθιη
2276 1722 2514 1789 alteros.
2550 1740 2699 1802 quos
2730 1723 2874 1793 dixi,
2910 1730 3257 1800 negaturum
3295 1739 3309 1783 :
3369 1740 3487 1782 non
3520 1719 3695 1781 modo

314 1816 618 1894 εἰρημένους
664 1812 945 1892 ἀρνήσεταί
979 1829 992 1842 ⁸
1059 1813 1119 1868 οὐ
1169 1833 1331 1886 μονον
1379 1814 1437 1870 οὐ
1491 1808 1574 1865 διὰ
1631 1808 1807 1886 λόγων
1855 1805 1965 1863 δεί-

2072 1811 2246 1871 verbis
2264 1810 2648 1881 demonstrat,
2682 1811 2858 1890 longa
2882 1830 2986 1891 spe
3008 1810 3320 1889 discipulis
3365 1808 3693 1890 suspensis,

314 1925 462 1963 κνυσι
533 1916 764 1980 μακραῖς
836 1900 1038 1958 ἐλπίσιν
1110 1899 1416 1980 ἀναπτερῶν
1508 1900 1627 1963 τοὺς
1701 1900 1963 1973 μαθητας,

2072 1901 2156 1962 sed
2185 1900 2359 1961 etiam
2382 1900 2504 1979 jam
2550 1900 2688 1962 inde
2711 1900 2772 1961 in
2820 1898 3092 1981 prmsenti
3115 1900 3309 1962 adhuc
3329 1901 3444 1961 vita
3467 1918 3590 1961 rem
3624 1897 3699 1960 ad

319 1991 454 2050 ἀλλὰ
478 1994 565 2050 καὶ
621 1991 849 2050 ἐντεῦθεν
908 1988 982 2045 ἔτι
1037 1994 1135 2055 τῆς
1194 1989 1465 2066 παρούσης
1515 1992 1657 2058 ζωῆς
1702 1983 1968 2059 ἐπειλημ-

2072 1990 2337 2069 najorem
2370 1988 2790 2051 certiludinem
2823 1989 2969 2070 ipsis
2999 2008 3206 2051 eorum
3236 1990 3425 2052 oculis
3455 1988 3695 2069 subjec-

321 2082 508 2158 μένους
574 2082 704 2161 πρὸς
778 2080 991 2157 μείζονα
1045 2077 1403 2159 πληροφορίαν
1460 2081 1674 2152 αὖτοψει
1732 2079 1968 2133 καθυπο-

2072 2096 2252 2140 ,urum
2277 2078 2588 2158 promittit.

319 2169 486 2236 δεῖξαι
518 2173 855 2249 ὅπισχνεϊται
867 2213 879 2228 .

405 2248 801 2338 Ἐπιφέρειγὰρ
835 2277 849 2290 '
909 2278 932 2313 α
992 2253 1163 2332 Ἀμὴν
1220 2256 1320 2335 γὰρ
1376 2253 1517 2332 λέγω
1563 2255 1714 2329 ὑμῖν,
1765 2252 1845 2309 ὅτι
1876 2248 1973 2308 εἰσί

320 2370 459 2413 τινες
530 2354 634 2404 τῶν
704 2345 806 2404 ὦδε
861 2346 1184 2416 ἑστηκότων,
1250 2342 1305 2400 οτί
1318 2366 1445 2407 τινες
1505 2348 1564 2402 οὔ
1620 2343 1697 2418 μὴ
1751 2342 1971 2421 γεύσον-

322 2460 408 2494 ται
476 2436 720 2505 θανάτου,
797 2434 898 2499 ἕως
986 2433 1046 2491 ἂν
1132 2431 1289 2489 ἴδωσι
1376 2434 1474 2499 τὴν
1548 2430 1817 2508 βασιλείαν
1886 2437 1977 2487 τοῦ

326 2533 459 2584 Θεοῦ
517 2524 830 2593 ἐληλυθυῖαν
887 2524 940 2581 ἐν
999 2522 1235 2598 δυνάμει.
1302 2543 1326 2580 a
1391 2521 1642 2584 Εἰπόντος
1698 2530 1789 2578 τοῦ
1844 2527 1977 2596 Χρι-

328 2624 456 2674 στοῦ
511 2616 599 2671 τὸν
671 2612 892 2671 θέλοντα
965 2614 1104 2686 αὒτῷ
1161 2608 1336 2675 καλως
1396 2609 1704 2666 ἀκολουθεῖν
1754 2610 1841 2664 καὶ
1902 2608 1979 2683 μὴ

329 2701 695 2783 παρεκκλίνειν
750 2706 849 2768 τῆς
904 2701 1096 2763 εὐθείας
1156 2696 1275 2756 ὁδοῦ
1305 2719 1319 2732 ·
1371 2700 1457 2754 καὶ
1505 2711 1620 2762 τοῖς
1680 2697 1776 2773 μὲν
1826 2699 1981 2755 αυτὸν

331 2792 766 2871 ἀνεπαισχύντως
841 2791 970 2847 Θεὸν
1034 2787 1452 2866 καθομολογοῦσι
1545 2789 1644 2853 τὴν
1716 2787 1979 2863 ἀκήρατον

330 2879 603 2959 βασιλείαν
672 2877 1155 2958 ἐπαγγελλομένου,
1217 2877 1338 2941 τοὺς
1409 2874 1463 2932 δέ
1518 2898 1578 2953 γε
1639 2874 1982 2954 ἀρνουμένους

328 2970 422 3027 καὶ
479 2970 633 3028 αὐτὸν
684 2968 1074 3047 ἀπαρνεῖσθαι·
1138 2965 1251 3021 ἐπεὶ
1299 2965 1365 3020 τὰ
1422 2962 1517 3039 μὲν
1573 2963 1759 3042 ἀνιαρὰ
1807 2962 1861 3017 ἐν
1905 2968 1982 3035 τῷ

328 3058 554 3136 παρόντι
629 3057 726 3133 βίῳ
794 3057 881 3112 καὶ
944 3053 999 3110 ἐν
1057 3055 1241 3133 χερσὶν
1287 3052 1376 3122 ἦν,
1432 3053 1498 3107 τὰ
1567 3050 1621 3106 ’δὲ
1690 3051 1859 3129 ἀγαθᾶ
1927 3049 1981 3104 ἐν

2134 2255 2496 2317 Inferteuim
2526 2278 2537 2315 :
2569 2256 2761 2319 Amen
2784 2262 3000 2341 quippe
3027 2258 3159 2320 dico
3178 2257 3360 2330 vobis,
3387 2262 3526 2318 sunt
3556 2256 3699 2336 qui-

2057 2345 2199 2408 dam
2230 2345 2303 2407 de
2331 2345 2427 2406 hic
2452 2345 2772 2419 stantibus,
2811 2348 2922 2425 qui
2951 2345 3699 2426 uongustabuutmorlem,

2061 2437 2248 2497 donec
2261 2437 2766 2515 videantregnum
2787 2436 2894 2499 Dei
2904 2441 3147 2497 veniens
3161 2437 3225 2496 in
3241 2434 3536 2498 virtutem.
3549 2433 3708 2495 Post-

2062 2542 2234 2603 quam
2278 2522 2425 2584 dixit
2474 2522 2745 2585 Christus
2816 2526 3086 2603 quisnam
3133 2528 3321 2604 ipsum
3357 2522 3509 2584 bene
3537 2521 3708 2602 sequi

2062 2614 2220 2683 velit,
2255 2631 2365 2674 nec
2388 2613 2745 2673 declinarea
2788 2624 2947 2673 recta
2991 2618 3124 2673 via:
3166 2611 3583 2693 atqueiis,qui
3612 2615 3707 2692 ip-

2064 2721 2192 2764 sum
2218 2701 2345 2763 sine
2370 2701 2596 2781 pudore
2620 2702 2807 2763 Deum
2832 2702 3212 2782 conﬁtentur,
3245 2702 3581 2761 immortale
3614 2718 3709 2760 re-

2065 2809 2245 2871 gnum
2293 2789 2590 2871 pollicitus
2639 2796 2769 2851 est:
2825 2789 2927 2870 qui
2968 2788 3164 2867 ipsum
3210 2797 3449 2870 negant,
3511 2806 3614 2850 eos
3644 2806 3710 2849 se

2067 2898 2301 2962 quoque
2326 2897 2674 2957 negamrum
2718 2878 3108 2940 asseveravit:
3149 2879 3429 2959 quoniam
3462 2876 3714 2940 adversa

2064 2970 2125 3031 in
2158 2969 2432 3049 praesenti
2457 2968 2594 3042 vita,
2621 2975 2677 3028 et
2699 2969 2857 3027 velut
2878 2967 2936 3028 in
2967 2968 3240 3029 manibus
3258 2980 3467 3028 erant:
3499 2984 3715 3047 nempe

2068 3060 2286 3121 salvam
2321 3057 2449 3120 ﬁeri
2470 3057 2729 3119 animam
2776 3058 2926 3137 ejus,
2973 3057 3072 3137 qui
3107 3055 3301 3137 perdit
3332 3058 3529 3129 illam;
3564 3075 3715 3118 ven-

332 3135 511 3203 ἐλπίσι
540 3146 628 3202 καὶ
677 3141 1032 3223 προσδοκίαις,
1087 3146 1210 3199 οἷοκ
1254 3142 1314 3195 τὸ
1356 3140 1609 3210 σώζεσθαι
1658 3142 1757 3206 τὴν
1802 3137 1983 3217 ψυχὴν

2073 3158 2267 3210 turum
2301 3150 2491 3229 ipsum
2526 3147 2585 3207 in
2616 3135 3049 3226 glorial’atris,
3107 3135 3381 3207 daturum
3418 3146 3660 3227 praemia
3695 3168 3709 3204 :

1954 3233 1980 3242 η-

330 3244 431 3294 τοῦ
497 3232 822 3296 ἀπολλυντος
894 3233 1054 3300 αὐτήν
1090 3246 1104 3261 ⁸
1148 3232 1207 3286 τὸ
1263 3229 1506 3308 ἔρχεσθαι
1568 3228 1724 3284 αὐτὸν
1793 3228 1848 3284 ἐν
1920 3233 1987 3303 τῇ

330 3323 464 3400 δόξῃ
509 3329 602 3380 τοῦ
648 3323 875 3401 Πατρὸς,
933 3322 996 3376 τὸ
1047 3317 1339 3376 ἀνοδιδόναι
1400 3320 1466 3374 τὰ
1520 3316 1722 3375 ἔπαθλα
1770 3319 1857 3373 καὶ
1906 3314 1990 3372 διὰ

331 3420 495 3471 τοῦτο
547 3412 684 3475 εἰκὸς
742 3411 806 3478 ἧν
860 3411 979 3473 τοὺς
1047 3410 1310 3484 μαθητὰς,
1372 3404 1518 3463 οόεπω
1572 3409 1670 3474 τὴν
1721 3405 1771 3472 ἐξ
1825 3406 1987 3482 ὕψους

336 3502 645 3584 ἐσχηκότας
702 3499 939 3576 δύναμιν,
999 3500 1143 3578 τάχα
1195 3521 1295 3555 που
1349 3499 1437 3553 καὶ
1483 3497 1828 3575 ἀνθρωπίναις
1885 3517 1989 3552 πε-

339 3583 584 3673 ριπεσεῖν
642 3591 951 3662 ἀσθενείαις,
1008 3590 1097 3644 καί
1167 3610 1215 3643 τι
1283 3592 1519 3643 τοιοῦτον
1589 3583 1705 3642 καθ’
1777 3586 1988 3648 ἑαυτοὺς

342 3679 722 3747 ἐννενοηκότας
772 3680 967 3739 εἰπεῖν.
1019 3684 1140 3740 Πῶς
1198 3676 1479 3755 ἀρνήσεταί
1534 3697 1613 3739 τις
1665 3676 1897 3755 ἑαυτὸν,
1955 3675 1991 3742 ἢ

2071 3239 2298 3299 idcirco
2317 3237 2638 3299 verisnmile
2681 3244 2827 3312 erat,
2861 3236 3013 3309 fore,
3045 3244 3110 3296 ut
3139 3237 3415 3315 discipuli
3450 3235 3714 3297 nondum

2071 3334 2312 3403 accepta
2330 3326 2542 3387 virtute
2564 3344 2633 3386 ex
2668 3324 2810 3397 alto,
2859 3325 3130 3387 fortassis
3176 3324 3233 3386 in
3276 3326 3589 3386 humanam
3621 3324 3720 3384 in-

2074 3416 2346 3477 ciderent
2372 3413 2798 3488 inﬁrmitatem,
2823 3432 2890 3474 ac
2913 3414 3027 3475 tale
3068 3412 3371 3494 quidpiam
3395 3413 3706 3492 cogitando

2074 3506 2229 3586 apud
2257 3523 2321 3565 se
2343 3504 2613 3564 dicerent
2643 3523 2657 3562 :
2690 3501 2801 3574 Qui
2826 3502 3067 3582 negabit
3088 3502 3378 3583 quispiam
3404 3503 3665 3581 seipsum
3692 3499 3719 3562 ἶ)

2075 3602 2171 3656 aut
2218 3592 2319 3673 qui
2370 3591 2661 3673 perditam
2709 3591 2964 3653 animam
3013 3610 3179 3653 suam
3229 3591 3446 3651 salvam
3498 3587 3721 3651 faciet?

2075 3682 2229 3763 quod
2261 3700 2395 3743 vero
2417 3681 2677 3753 illorum,
2698 3681 2796 3761 qui
2813 3680 2870 3740 id
2898 3680 3175 3753 fecerint,
3195 3681 3578 3757 condignum,
3606 3679 3725 3742 erit

343 3779 466 3837 πῶς
505 3768 771 3834 ἀπολέσας
819 3770 918 3835 τὴν
948 3769 1133 3824 ἑαυτοῦ
1181 3766 1364 3845 ψυχὴν
1414 3765 1571 3821 σώσει
1602 3767 1764 3835 αὒτῆν
1799 3785 1814 3844 ς
1850 3761 1992 3861 T581:

2078 3771 2430 3852 ρι’ωωὶυωῖ
2472 3767 2546 3831 Ut
2584 3768 2763 3846 igitur
2807 3788 2840 3829 a
2872 3769 3087 3830 talibus
3110 3788 3212 3829 eos
3234 3778 3524 3829 averteret
3553 3769 3720 3847 cogi-

344 3875 469 3925 τοῖς
497 3869 652 3918 τοῦτο
704 3862 922 3915 παθουσι
969 3859 1029 3913 τὸ
1075 3856 1374 3913 ἰσοστάσιον
1424 3853 1568 3911 ἔσται
1619 3855 1825 3934 γέρας;
1893 3853 1996 3911 Ὶνα

2077 3859 2422 3933 tati'mibus,
2450 3868 2508 3920 et
2530 3858 2684 3919 velut
2714 3858 2987 3937 ﬁngeret,
3024 3871 3201 3938 atque
3223 3857 3620 3919 conformaret
3650 3859 3724 3921 ad

342 3951 521 4009 τοίνυν
591 3955 694 4005 τῶν
773 3947 1025 4004 τοιούτων
1095 3945 1281 4008 αὐτοὺς
1349 3944 1630 4020 ἀποστήσῃ
1699 3942 1983 4021 λογισμῶν,

2080 3948 2485 4010 fortitudinem
2516 3949 2837 4028 ;promittit
2868 3966 2932 4007 se
2965 3948 3140 4008 etiam
3170 3946 3361 4009 OCUllS
3382 3966 3587 4008 eorum
3621 3967 3722 4009 sa-

340 4040 438 4097 καὶ
495 4040 611 4094 οἷον
671 4034 1081 4115 μεταχαλκεύσῃ
1136 4033 1267 4113 πρός
1318 4030 1602 4112 εὐανδρίαν,
1654 4034 1983 4112 ὑπισχνεῖται

2080 4038 2475 4113 tisfacturum,
2527 4056 2595 4099 ac
2644 4044 3131 4109 monstraturum,
3185 4036 3330 4116 quid
3384 4036 3618 4098 tandem
3654 4038 3730 4099 sit

338 4129 435 4186 καὶ
504 4125 604 4192 τὴν
673 4124 794 4200 ὄψιν
858 4127 1028 4182 αὐτῶν
1098 4120 1524 4202 πληροφορῆσαι,
1588 4123 1674 4177 καὶ
1730 4118 1895 4186 δεῖξαι
1952 4143 1979 4175 τ

2082 4127 2417 4207 gloriailla,
2443 4147 2574 4188 cum
2603 4144 2717 4207 qua
2757 4134 3037 4187 venturus
3071 4134 3181 4206 est,
3218 4135 3283 4186 ut
3314 4126 3372 4187 id
3404 4126 3492 4187 vel
3526 4126 3584 4187 in
3619 4128 3727 4189 hac

340 4214 482 4275 ποτέ
521 4213 661 4270 ἐστιν
701 4215 735 4280 ἡ
781 4210 901 4278 δόξα
949 4212 1145 4284 ἐκείνη,
1201 4210 1314 4281 μεθ’
1360 4213 1427 4278 ἧς
1473 4208 1655 4267 μέλλει
1711 4211 1983 4289 παραγίνε-

2084 4217 2198 4277 vita
2219 4216 2390 4277 facile
2410 4225 2902 4297 possentcapere,
2935 4233 3082 4276 neve
3100 4234 3288 4290 suam,
3321 4216 3467 4277 deve
3491 4215 3730 4277 Domini

341 4309 469 4366 σθαι
505 4319 519 4333 ⁸
553 4305 625 4366 ὡς
657 4301 713 4357 εὖ
741 4309 948 4381 χωροῦν
995 4302 1061 4369 ἧν
1109 4302 1292 4365 αοῖιτοϊς
1340 4302 1428 4358 καὶ
1484 4301 1616 4357 κατὰ
1647 4302 1737 4356 τὸν
1767 4301 1983 4378 παρόντε

2088 4313 2339 4367 mortem
2360 4305 2647 4387 deinceps
2661 4323 2818 4384 aegre
2840 4304 3085 4365 ferrent.
3107 4302 3398 4379 Quocirca
3411 4305 3587 4365 etiam
3607 4307 3723 4367 ait:

344 4395 491 4473 βίον,
522 4390 616 4448 ἵνα
661 4392 798 4466 μήτε
843 4390 926 4447 ἐπὶ
970 4398 1046 4465 τῷ
1093 4388 1205 4464 ἰδίῳ
1248 4390 1455 4463 θανάτῳ
1507 4390 1643 4464 μήτε
1697 4388 1781 4446 ἐπὶ
1805 4395 1882 4463 τῷ
1911 4398 1983 4445 toi

2089 4398 2269 4456 Amen
2293 4396 2425 4457 dico
2438 4394 2627 4475 vobis,
2646 4404 2785 4456 sunt
2809 4393 3055 4472 quidam
3075 4393 3148 4454 de
3172 4392 3268 4454 hic
3285 4393 3604 4475 stantibus,
3627 4395 3735 4472 qui

348 4482 628 4541 Δεσπότου
688 4479 876 4536 λοιπὸν
943 4478 1321 4560 δυσχεραίνωσι
1382 4498 1394 4511 ·
1465 4476 1544 4534 διὸ
1614 4480 1701 4535 καί
1769 4501 1928 4559 φησιν

2092 4502 2211 4546 ηοη
2234 4485 2559 4563 gustabunt
2584 4490 2852 4556 mortem,
2883 4482 3065 4544 donec
3081 4481 3323 4543 videant
3344 4499 3596 4562 regnum
3619 4483 3729 4545 Dei

353 4596 379 4631 ιι
422 4570 588 4647 Ἀμεν
618 4568 762 4646 λέγω
815 4569 948 4643 ἡμῖν
1007 4566 1088 4623 ὅτι
1143 4568 1239 4624 εἱσί
1294 4589 1431 4632 τινες
1489 4572 1592 4622 τῶν
1641 4564 1741 4623 ὦδε
1773 4568 1983 4633 έστηκό·

2088 4574 2335 4635 veniens
2360 4574 2429 4634 in
2457 4573 2711 4646 virtute,

342 4684 484 4734 των,
561 4658 755 4721 οἵτινες
825 4660 884 4714 οὗ
964 4658 1040 4733 μὴ
1124 4657 1399 4735 γεύσονται
1489 4656 1713 4714 θανάτου
1782 4655 1882 4721 ἕως
1973 4659 2036 4718 ἓν
2111 4660 2265 4718 ἴδωσι
2354 4663 2453 4728 τὴν
2542 4659 2815 4717 Βασιλείαν
2903 4670 2995 4718 τοῦ
3082 4668 3212 4718 Θεοῦ
3299 4659 3611 4727 ἐληλυθυῖαν
3682 4661 3733 4718 ἐν

344 4748 570 4824 δυνᾴμει
581 4797 594 4811 .

442 4819 500 4896 ’,ὁ
665 4834 830 4916 λέγει,
889 4844 1119 4895 τοιοῦτον
1174 4851 1187 4866 ⁸
1250 4837 1357 4893 Οὐκ
1414 4834 1486 4898 εἰς
1545 4834 1748 4911 μικρὰν
1801 4835 1983 4910 ἆψευδὶ

2170 4836 2337 4909 Quod
2360 4855 2497 4898 vero
2515 4835 2681 4913 dicit,
2708 4836 3136 4917 ejusmodiest:
3162 4836 3290 4899 Non
3318 4839 3493 4919 longo
3515 4836 3736 4901 abhinc

346 4932 488 5005 ὑμῖν
558 4923 906 4990 καθυποδείξω
973 4925 1072 4991 τὴν
1132 4920 1304 5003 δόξαν,
1377 4922 1431 4979 ἐν
1497 4926 1534 4999 ᾖ
1601 4921 1882 4998 μέλλουσιν
1956 4948 1983 4982 ο

2090 4934 2360 5008 tempore
2411 4934 2633 4988 certam
2686 4925 2851 4988 vobis
2894 4928 3322 4990 demonstrabo
3371 4929 3644 5008 gloriam,
3678 4928 3742 4989 in

349 5017 554 5075 δίκαιοι
615 5012 843 5076 ἔσεσθαι.
905 5011 1241 5091 Βεϐαιότερον
1327 5008 1381 5067 δὲ
1435 5014 1601 5067 ποιῶν
1659 5013 1748 5067 τὸν
1820 5011 1980 5091 λόγον

2093 5035 2209 5098 qua
2232 5017 2377 5096 justi
2409 5024 2583 5078 erunt
2636 5014 2721 5078 Ac
2753 5015 2939 5095 magis
2972 5017 3299 5080 orationem
3333 5018 3741 5101 confirmavit,

351 5107 465 5173 τὴν
535 5104 732 5172 συνήθη
796 5100 1073 5179 βεϐαίωσιν
1141 5101 1366 5158 τέθεικεν
1429 5117 1442 5130 ⁸
1524 5124 1549 5155 a
1626 5096 1799 5175 Ἀμὴν
1868 5100 1983 5179 λέγι

2097 5096 2268 5168 solita
2323 5106 2772 5168 conﬁrmatione
2818 5105 3057 5167 addita:
3114 5108 3299 5170 Amen
3352 5109 3486 5171 dico
3528 5096 3743 5171 vobis}

352 5196 520 5270 ὑμῖν,
557 5213 586 5245 12
619 5188 647 5245 ὅ
676 5190 841 5263 ἐστιν,
875 5189 1114 5258 Ἀληθῶς
1145 5189 1288 5269 λέγω
1318 5191 1469 5265 ὁμϊν,
1496 5187 1575 5246 ὅτι
1602 5211 1628 5243 ι(
1658 5190 1766 5245 Εἰσί
1787 5206 1948 5253 τινες·
1979 5211 1983 5244 :

2102 5196 2263 5275 quod
2286 5205 2395 5274 est,
2422 5198 2576 5259 Vere
2601 5195 2735 5257 dico
2756 5193 2923 5256 vobis
2952 5216 2967 5258 :
3000 5194 3164 5259 Sunt
3193 5197 3478 5277 quidam:
3503 5197 3743 5278 quinam

355 5284 508 5343 τίνες
577 5282 767 5361 οὗτοι;
841 5280 1058 5361 Πέτρος,
1125 5281 1213 5336 καὶ
1269 5275 1540 5355 Ἰάκωϐος,
1594 5279 1683 5335 καὶ
1738 5276 1983 5344 Ἰωάννης

2104 5285 2203 5348 isti
2233 5286 2259 5349 ἵ
2288 5289 2498 5350 Petrus
2523 5295 2580 5349 et
2604 5284 2860 5349 Jacobus
2905 5293 2967 5348 et
2995 5275 3281 5349 Joannes.
3315 5285 3390 5348 Hi
3422 5275 3581 5349 enim
3631 5306 3750 5350 una

356 5373 534 5458 Οὗτοι.
596 5368 703 5458 γὰρ,
763 5367 1281 5448 συμπαρελήφθησαν
1367 5368 1454 5422 καὶ
1537 5364 1854 5458 συνανῆλθον
1941 5367 1983 5422 εἰ

2099 5377 2389 5457 assumpti
2411 5377 2672 5458 fuerunt,
2705 5392 2942 5455 unaque
2972 5376 3374 5437 ascenderunt
3393 5376 3453 5438 in
3483 5385 3751 5439 montem

352 5462 423 5517 τὸ
499 5454 617 5533 ὅρος
688 5456 743 5515 ἐν
813 5463 880 5534 τῇ
933 5464 1024 5514 τοῦ
1080 5457 1267 5536 Κυρίου
1331 5456 1733 5537 μεταμορφώσει
1792 5455 1858 5523 ἣν
1928 5477 1983 5511 κο

2104 5464 2166 5525 in
2202 5454 2722 5546 transﬁguratione
2769 5454 3033 5545 Domini,
3085 5482 3257 5544 quam
3290 5465 3466 5527 etiam
3498 5482 3750 5544 regnum

356 5543 642 5628 βασιλείαν
714 5553 845 5603 Θεοῦ
913 5545 1157 5621 ὀνομάζει
1226 5542 1311 5600 διὰ
1396 5544 1493 5611 τὴν
1564 5553 1853 5612 τηνικαῦτα
1922 5547 1983 5610 τῆ

2105 5554 2218 5618 Dei
2236 5542 2526 5639 nominat,
2547 5554 2704 5639 quod
2719 5552 2925 5618 Deitas
2947 5542 3071 5617 tum
3102 5542 3437 5619 clarissime
3464 5542 3749 5637 eluceret,

449 5748 518 5803 40
542 5749 745 5816 Matth.
774 5764 898 5833 xvr,
927 5747 1028 5813 28.
