4156 6450
296 447 443 513 1281

294 585 456 662 ἁγίων
489 596 503 611 ⁸

1773 428 2206 497 ORATIONES

572 579 709 657 μέγα
762 579 850 640 καὶ
904 576 1201 651 θαυμαστὸν
1232 571 1642 652 ἐπαγγέλλεται.
1704 561 1791 629 ιΕν
1821 568 1976 645 δόξῃ]

2065 568 2220 631 abile
2251 569 2555 651 quidpiam
2607 570 2938 652 proﬁtetur.
2968 570 3034 632 In
3064 570 3256 650 gloria
3277 569 3547 650 Deitatis,
3578 568 3681 632 Fi-

3522 432 3681 498 1282

300 657 550 738 θεότητος
608 670 727 732 Υἱὸς
779 665 1048 745 ἀνθρώπου
1111 681 1124 695 ⁸
1173 664 1238 719 ἒν-
1272 662 1589 740 ὑπερτάταις
1649 662 1947 740 ὑπεροχαῖς

2065 657 2147 718 ius
2167 658 2428 720 hominis
2454 679 2469 720 :
2496 659 2560 720 in
2596 677 2827 719 summa
2850 659 3224 736 excellentia,
3254 670 3427 721 natus
3452 678 3520 721 ex
3555 678 3686 719 mu-

300 760 411 816 ὁέκ
452 758 698 837 γυναικὸς
754 755 891 811 κατά
945 753 1135 832 σάρκα.
1195 749 1373 812 ’ἰδίους
1430 749 1549 829 ἔχει
1604 750 1725 812 τοὺς
1779 747 1949 825 ἀγγέ-

2065 746 2179 807 lere
2200 749 2526 808 secundum
2548 766 2813 810 carnem.
2869 745 3197 811 Suoshahet
3216 747 3479 827 angelos,
3502 746 3601 828 qui
3623 747 3685 808 in

298 847 421 911 λους
511 845 562 901 ἐν
593 844 845 921 ὁμοιώσει
887 847 955 918 τῇ
1003 839 1118 897 καθ’
1174 843 1317 915 ἡμᾶς
1382 838 1642 917 γεγονώς,
1691 833 1865 894 Εἰπὼν
1896 833 1950 890 δὲ

301 956 329 994 (
362 935 509 991 Μετά
535 940 639 990 τῶν
669 930 934 1011 ἀγγέλων,
970 953 1000 987 υ
1053 928 1375 1010 προσέθηκε,
1439 951 1461 983 ιι
1520 935 1626 984 τῶν
1679 926 1864 1005 ἁγίων,
1920 949 1948 978 ι)

300 1026 428 1103 πρὸς
459 1019 857 1087 ἀντιδιαστολὴν
890 1024 995 1075 τῶν
1024 1019 1228 1095 ἐναγῶν
1249 1016 1537 1093 δαιμόνων,
1571 1015 1827 1094 Λέγονται
1858 1015 1953 1088 μὲν

302 1113 390 1168 καὶ
436 1113 576 1167 οὗτοι
625 1106 868 1187 ἄγγελοι,
918 1108 991 1170 ὡς
1044 1104 1300 1167 πολλάκις
1346 1110 1500 1161 τινῶν
1559 1123 1785 1178 μηνυταί(
1838 1113 1955 1163 τοῖς

308 1200 598 1278 ἀνθρώποις
650 1196 926 1276 γενόμενοι
982 1211 995 1224 ⁸
1058 1192 1179 1250 ἀλλ’
1238 1197 1297 1252 0-3
1353 1194 1565 1256 πάντως
1621 1191 1780 1270 ἅγιοι,
1844 1189 1961 1246 ἐνα-

306 1302 424 1367 γεῖς
494 1286 548 1344 δὲ
615 1289 704 1343 καὶ
772 1286 1080 1364 ἀκάθαρτοι,
1153 1286 1242 1340 καὶ
1313 1280 1652 1358 παμϐέϐηλοι
1723 1281 1809 1337 καὶ
1878 1278 1958 1334 ὅτι

307 1383 471 1433 ταῦτα
526 1372 898 1453 ἀναμφιϐόλως
958 1372 1127 1451 ἔσται,
1185 1375 1274 1428 καὶ
1332 1375 1358 1427 ὁ
1394 1373 1510 1434 Υἱὸς
1566 1378 1657 1427 τοῦ
1686 1370 1960 1448 ἀνθρώπου

307 1464 421 1536 ἥξει
450 1465 503 1520 ἐν
532 1471 598 1542 τῇ
656 1462 780 1540 δόξῃ
837 1470 931 1519 τοῦ
990 1464 1192 1540 Πατρὸς
1254 1463 1411 1519 αἱ)τοῦ
1469 1461 1603 1536 μετά
1657 1465 1762 1515 τῶν
1791 1455 1959 1536 ἀγγέ-

309 1551 415 1609 λων
443 1559 547 1608 τῶν
594 1551 755 1629 ἁγίων
793 1570 809 1585 ’
864 1552 954 1606 καὶ
1011 1547 1091 1605 ὅτι
1144 1550 1263 1613 τοὺς
1325 1547 1419 1624 μὲν
1478 1547 1632 1604 αὐτὸν
1681 1545 1959 1623 ὁμολογή-

309 1663 502 1704 σαντας
553 1643 642 1697 καὶ
712 1641 865 1702 αυτὸς
937 1636 1264 1716 ὁμολογήσει
1319 1636 1497 1716 φίλους
1556 1638 1643 1693 καὶ
1700 1635 1958 1714 ἀριστεῖς,

1940 1721 1955 1739 \

311 1733 398 1787 καὶ
464 1729 731 1808 γενναίους
803 1727 1124 1805 στρατιώτας
1207 1726 1543 1789 ἀποκαλέσας
1603 1741 1616 1755 ⁸
1705 1724 1823 1787 τοὺς
1909 1720 1963 1777 δὲ

2035 834 2423 897 similitudine
2455 844 2654 897 nostra
2685 837 2875 898 factus
2918 845 3029 898 est.
3062 834 3172 899 Ubi
3205 846 3398 898 autem
3432 836 3683 913 dixerat,

2037 923 2192 986 Cum
2215 926 2465 1005 angelis,
2500 924 2736 1006 adjecit.
2770 927 3017 1000 sanctis,
3053 927 3126 988 ad
3150 926 3472 988 discrimen
3511 943 3686 1001 exse;-

2038 1014 2392 1075 crandorum
2421 1014 2777 1077 daemonum.
2803 1015 3091 1077 Dicuntur
3121 1015 3359 1093 quidem
3395 1024 3453 1076 et
3485 1016 3547 1077 hi
3576 1034 3689 1076 an-

2039 1102 2370 1183 geli,utqui
2393 1121 2549 1183 saepe
2572 1103 2860 1183 quaepiam
2894 1104 3247 1165 hominibus
3282 1104 3598 1165 nuntiunt:
3632 1110 3692 1164 at

2044 1210 2283 1271 prorsus
2319 1210 2437 1251 non
2479 1192 2685 1255 sancti.
2724 1210 2923 1253 verum
2959 1193 3326 1272 exsecrandi,
3364 1201 3423 1253 et
3448 1190 3686 1273 impuri,

2044 1290 2102 1342 et
2131 1280 2372 1341 omnino
2407 1280 2663 1359 profani.
2696 1278 2827 1342 Jam
2858 1281 2984 1342 haec
3011 1282 3139 1342 sine
3169 1280 3536 1343 dubitatione
3562 1298 3692 1343 esse

2043 1370 2255 1437 futura.
2293 1377 2349 1431 et
2381 1369 2591 1431 Filium
2627 1369 2886 1430 hominis
2915 1379 3230 1431 venturum
3273 1370 3333 1432 in
3357 1370 3546 1451 gloria
3576 1370 3689 1430 Pa-

2044 1458 2149 1519 tris
2178 1460 2268 1519 sui
2300 1476 2433 1522 cum
2482 1459 2707 1538 angelis
2754 1459 2998 1531 sanctis,
3052 1478 3294 1541 eosque,
3351 1460 3451 1540 qui
3498 1459 3691 1540 ipsum

2044 1547 2300 1609 confessi
2331 1556 2487 1622 sunt,
2522 1548 2728 1609 itidem
2783 1548 3217 1626 confessurum,
3266 1550 3609 1629 amicosque
3638 1553 3697 1608 et

2044 1637 2318 1710 victores,
2353 1645 2410 1698 et
2440 1655 2760 1715 generosos
2793 1637 3009 1699 milites
3039 1638 3470 1719 appellaturum
3501 1657 3516 1713 ;
3563 1635 3696 1697 illos

2046 1736 2239 1787 autem
2275 1726 2513 1793 alteros.
2549 1745 2697 1806 quos
2730 1727 2873 1798 dixi,
2910 1735 3255 1805 negaturum
3294 1744 3308 1788 :
3368 1745 3486 1787 non
3519 1724 3694 1787 modo

313 1818 617 1896 εἰρημένους
662 1815 944 1895 ἀρνήσεταί
978 1831 990 1844 ·
1058 1816 1118 1871 οὐ
1168 1836 1329 1889 μονον
1378 1818 1436 1873 οὐ
1490 1811 1572 1869 διὰ
1630 1812 1805 1889 λόγων
1854 1808 1964 1866 δεί-

2065 1814 2245 1875 verbis
2262 1814 2647 1885 demonstrat,
2681 1815 2857 1894 longa
2881 1834 2985 1895 spe
3008 1815 3319 1893 discipulis
3365 1813 3692 1894 suspensis,

313 1928 461 1964 κνυσι
531 1919 763 1983 μακραῖς
835 1903 1036 1960 ἐλπίσιν
1108 1902 1414 1983 ἀναπτερῶν

318 1994 453 2053 ἀλλά
477 1997 564 2053 καὶ
620 1994 848 2053 ἐντεῦθεν
906 1991 981 2047 ἔτι
1036 1996 1134 2058 τῆς
1193 1992 1464 2069 παρούσης
1513 1995 1656 2062 ζωῆς
1700 1987 1966 2062 ἐπειλημ-

320 2085 507 2160 μένους
573 2086 703 2163 πρὸς
776 2082 990 2160 μείζονα
1044 2080 1402 2162 πληροφορίαν
1459 2085 1672 2155 αὖτοψει
1731 2082 1966 2137 καθυπο-

318 2171 485 2239 δεῒξαι
516 2175 878 2252 ὄπισχνεῖται.

403 2260 669 2341 Ἐπιφέρει
700 2262 798 2339 γὰρ
833 2279 847 2292 ⁶
908 2280 931 2316 α
991 2256 1161 2335 Ἀμὴν
1219 2259 1319 2337 γὰρ
1374 2256 1516 2336 λέγω
1561 2258 1712 2333 ὑμῖν,
1764 2256 1842 2312 ὅτι
1875 2252 1971 2311 εἶσί

321 2372 458 2416 τινες
529 2357 633 2407 τῶν
702 2348 804 2405 ῶδε
859 2350 1183 2419 ἑστηκότων,
1248 2344 1444 2411 οἵτινες
1503 2351 1563 2405 οὔ
1618 2346 1695 2422 μὴ
1748 2346 1970 2424 γεύσον-

322 2462 407 2497 ται
475 2439 719 2508 θανάτου,
796 2437 897 2501 ἕως
985 2436 1044 2493 ἂν
1130 2434 1287 2491 ἴδωσι
1376 2437 1472 2503 τὴν
1548 2433 1816 2511 βασιλείαν
1885 2441 1975 2490 τοῦ

326 2535 458 2585 Θεοῦ
516 2526 829 2596 ἐληλυθόῖαν
886 2526 938 2584 ἐν
998 2524 1234 2601 δυνάμει.
1301 2547 1324 2583 n
1390 2525 1639 2587 Εἰπόντος
1697 2534 1788 2581 τοὺ
1844 2530 1975 2598 Χρι-

329 2626 455 2676 στοῦ
509 2618 597 2673 τὸν
670 2614 890 2672 θέλοντα
963 2617 1102 2688 αὐτῷ
1159 2612 1336 2677 καλως
1395 2612 1702 2669 ἀκολουθεῖν
1752 2614 1839 2668 καὶ
1901 2612 1977 2687 μὴ

330 2703 693 2785 παρεκκλίνειν
748 2709 847 2771 τῆς
901 2704 1095 2766 εὐθείας
1154 2699 1273 2758 ὁδοῦ
1303 2721 1317 2736 ·
1369 2702 1456 2757 καὶ
1503 2714 1619 2764 τοῖς
1679 2701 1775 2777 μὲν
1824 2702 1979 2758 αὺτὸν

333 2794 765 2873 ἀνεπαισχύντως
839 2793 969 2849 Θεὸν
1033 2789 1451 2869 καθομολογΟὖσι
1544 2792 1642 2857 τὴν
1714 2791 1977 2867 ἀκήρατον

333 2881 601 2960 βασιλείαν
670 2879 1153 2960 ἐπαγγελλομένου,
1215 2881 1337 2943 τοὺς
1407 2876 1461 2935 δέ
1516 2901 1576 2957 γε
1638 2877 1979 2957 ἀρνουμένους

332 2972 420 3028 καὶ
477 2972 631 3030 αὐτὸν
682 2971 1025 3049 ἀπαρνεῖσθαι
1059 2983 1071 2997 ⁸
1136 2968 1249 3024 ἐπεὶ
1296 2968 1363 3024 τὰ
1420 2966 1515 3042 μὲν
1572 2966 1758 3045 ἀνιαρὰ
1805 2965 1858 3021 ἐν
1903 2971 1980 3038 τῷ

333 3060 552 3138 παρόντι
627 3060 723 3135 βίῳ
792 3059 879 3115 καὶ
942 3057 997 3112 ἐν
1055 3058 1239 3136 χερσὶν
1285 3056 1374 3125 ἧν,
1430 3056 1496 3110 τὰ
1565 3053 1619 3109 δὲ
1688 3054 1857 3132 ἀγαθὰ
1925 3052 1979 3108 ἐν

1506 1903 1626 1967 τοὺς
1700 1904 1962 1976 μαθητας,

2065 1905 2155 1966 sed
2184 1903 2358 1965 etiam
2380 1904 2503 1982 jam
2548 1903 2687 1966 inde
2710 1904 2771 1965 in
2818 1904 3091 1985 praesenti
3114 1905 3308 1967 adhuc
3328 1906 3443 1966 vita
3466 1923 3589 1965 rem
3623 1902 3698 1965 ad

2052 1994 2337 2072 majorem
2369 1993 2789 2056 certitudinem
2822 1994 2968 2074 ipsis
2998 2012 3205 2055 eorum
3235 1995 3424 2057 oculis
3454 1993 3694 2074 subjec-

2051 2090 2250 2144 turum
2275 2081 2587 2162 promittit.

2132 2258 2321 2320 Infert
2337 2260 2495 2321 enim
2524 2281 2536 2319 :
2568 2260 2610 2322 A
2624 2278 2760 2323 men
2782 2266 2998 2341 quippe
3025 2263 3158 2324 dico
3177 2262 3359 2334 vobis,
3386 2266 3525 2323 sunt
3555 2261 3698 2341 qui-

2056 2349 2198 2412 dum
2228 2349 2302 2411 de
2329 2349 2425 2410 hic
2451 2349 2771 2424 stantibus,
2810 2352 2920 2430 qui
2949 2368 3071 2413 non
3083 2350 3697 2431 gustabuntmortem,

2059 2440 2246 2500 donec
2260 2440 2764 2518 videantregnum
2786 2440 2892 2502 Dei
2902 2446 3145 2501 veniens
3160 2441 3223 2501 in
3241 2438 3535 2502 virtutem.
3548 2438 3706 2500 Post-

2061 2545 2232 2607 quam
2277 2526 2423 2588 dixit
2472 2526 2743 2589 Christus
2814 2529 3084 2607 quisnam
3132 2533 3321 2609 ipsum
3355 2527 3507 2589 bene
3536 2526 3706 2607 sequi

2060 2617 2218 2687 velit,
2254 2634 2363 2677 nec
2386 2616 2743 2677 deelinarea
2786 2627 2946 2677 recta
2989 2622 3123 2677 via:
3165 2616 3582 2697 atqueiis,qui
3611 2620 3705 2696 ip-

2062 2725 2190 2767 sum
2216 2705 2343 2766 sine
2370 2705 2593 2784 pudore
2617 2706 2805 2767 Deum
2830 2706 3211 2786 confitentur,
3244 2708 3579 2766 immortale
3612 2723 3707 2766 re-

2063 2813 2242 2874 gnum
2291 2792 2588 2874 pollicitus
2636 2800 2767 2854 est:
2822 2793 2925 2874 qui
2967 2792 3163 2871 ipsum
3209 2801 3447 2874 negant,
3508 2812 3612 2854 eos
3642 2811 3709 2854 se

2065 2902 2299 2965 quoque
2324 2899 2672 2961 negaturum
2715 2883 3105 2944 asseveravit:
3147 2884 3427 2963 quoniam
3461 2882 3712 2944 adversa

2062 2973 2124 3034 in
2156 2973 2429 3052 praesenti
2454 2972 2592 3046 vita,
2619 2980 2675 3032 et
2697 2973 2855 3032 velut
2876 2972 2935 3032 in
2964 2972 3238 3033 manibus
3256 2985 3466 3033 erant:
3497 2989 3712 3052 nempe

2066 3063 2283 3125 salvam
2318 3062 2447 3124 fieri
2468 3061 2728 3123 animam
2773 3062 2924 3141 ejus,
2970 3062 3071 3142 qui
3104 3061 3299 3142 perdit
3330 3062 3526 3134 illam;
3562 3080 3712 3123 ven-

337 3146 509 3204 ἒλπίσι
538 3148 625 3204 καὶ
675 3143 1030 3225 προσδοκίαις,
1085 3149 1208 3201 οἷοκ
1252 3145 1312 3199 τὸ
1354 3143 1606 3213 σώζεσθαι
1656 3145 1754 3209 τὴν
1800 3141 1976 3221 ψυχὴν

2071 3161 2265 3214 turum
2299 3153 2489 3233 ipsum
2523 3151 2582 3212 in
2614 3139 3046 3229 gloriaVPatris,
3104 3139 3379 3212 daturum
3415 3151 3658 3232 prtemia
3693 3173 3706 3209 :

337 3247 428 3296 τοῦ
495 3234 819 3299 ἀπολλυντος
892 3235 1052 3303 αὐτήν
1088 3249 1102 3264 ⁸
1146 3235 1205 3289 τὸ
1262 3232 1504 3311 ἔρχεσθαι
1565 3230 1722 3287 αὐτὸν
1791 3230 1845 3287 ἐν
1918 3236 1985 3307 τῇ

338 3324 462 3402 δόξῃ
507 3332 600 3382 τοῦ
646 3325 873 3403 Πατρὸς,
931 3325 994 3379 τὸ
1045 3320 1337 3379 ἀνοδιδόναι
1398 3322 1464 3377 τὰ
1518 3319 1720 3379 ἔπαθλα
1768 3322 1855 3377 καὶ
1904 3318 1988 3376 διὰ

337 3421 493 3472 τοῦτο
545 3415 682 3477 εἰκὸς
739 3413 803 3480 ἦν
857 3414 977 3476 τοὺς
1044 3413 1307 3487 μαθητὰς,
1369 3407 1515 3466 οὔπω
1570 3412 1668 3477 τὴν
1718 3408 1769 3474 ἐξ
1823 3409 1985 3485 ὕψους

341 3505 642 3585 ἐσχηκότας
699 3501 937 3579 δύναμιν,
997 3503 1141 3581 τάχα
1193 3524 1292 3558 που
1346 3502 1434 3556 καὶ
1481 3500 1826 3578 ἀνθρωπίναις
1884 3520 1987 3555 πε-

344 3609 582 3674 ριπεσεῖν
639 3593 949 3664 ἀσθενείαις,
1006 3592 1094 3646 καί
1164 3613 1213 3645 τι
1281 3596 1516 3645 τοιοῦτον
1587 3587 1702 3645 καθ’
1774 3589 1985 3652 ἑαυτοὺς

347 3682 719 3750 ἐννενοηκότας
770 3682 964 3741 εἰπεῖν.
1016 3686 1138 3743 Πῶς
1195 3679 1477 3758 ἀρνήσεταί
1531 3701 1611 3742 ’τις
1663 3679 1894 3758 EID-:2”;
1953 3678 1989 3745 ἢ

349 3780 463 3838 πῶς
502 3770 768 3836 ἀπολέσας
816 3772 915 3838 τὴν
946 3772 1131 3826 ἑαυτοῦ
1179 3769 1361 3848 ψυχὴν
1411 3768 1569 3824 σώσει
1600 3770 1761 3838 ubi:er
1796 3788 1812 3847 ς
1847 3764 1990 3859 Titii

350 3877 466 3927 τοῖς
495 3871 650 3920 τοῦτο
702 3864 919 3918 παθουσι
966 3861 1027 3915 τὸ
1072 3859 1372 3916 ἰσοστάσιον
1422 3856 1566 3914 ἔσται
1616 3857 1822 3937 γέρας;
1890 3843 1993 3913 ’ἱνα

349 3953 519 4011 τοίνυν
588 3956 691 4007 τῶν
770 3950 1023 4006 τοιούτων
1092 3949 1278 4011 αὖτοὺς
1346 3947 1627 4023 ἀποστήσῃ
1696 3945 1989 4024 λογισμῶν,

348 4041 436 4097 καὶ
492 4042 609 4096 οἷον
668 4036 1079 4117 μεταχαλκεύσῃ
1134 4036 1264 4116 πρός
1314 4033 1599 4115 εὐανδρίαν,
1651 4037 1994 4115 ὑπισχνεῖται

2068 3242 2296 3303 idcirco
2314 3240 2637 3301 verisunile
2679 3248 2825 3316 erat,
2859 3241 3010 3312 fore,
3044 3248 3107 3301 ut
3136 3241 3412 3320 discipuli
3447 3240 3712 3302 nondum

2068 3337 2310 3407 accepta
2328 3330 2539 3390 virtute
2562 3348 2632 3390 ex
2666 3328 2808 3401 alto,
2855 3329 3127 3391 fm-tassis
3173 3329 3231 3390 in
3273 3331 3587 3390 humanam
3618 3328 3717 3389 in-

2072 3418 2344 3480 ciderent
2369 3418 2795 3491 inﬁrmitatem,
2820 3437 2888 3479 ac
2910 3418 3023 3479 tale
3065 3417 3369 3498 quidpiam
3393 3418 3703 3497 cogitando

2071 3509 2226 3589 apud
2254 3526 2318 3569 se
2341 3507 2611 3568 dicerent
2641 3528 2655 3567 :
2687 3505 2798 3578 Qui
2824 3506 3063 3587 negabit
3086 3506 3375 3587 quispiam
3402 3508 3662 3586 seipsum
3690 3504 3717 3567 ἲ

2072 3606 2169 3659 aut
2215 3596 2315 3676 qui
2366 3595 2660 3676 perditam
2707 3595 2961 3656 animam
3010 3615 3176 3656 suam
3227 3595 3444 3655 salvam
3496 3592 3719 3657 faciet?

2073 3686 2226 3767 quod
2258 3703 2392 3745 vero
2414 3684 2674 3757 illorum,
2695 3685 2793 3764 qui
2810 3684 2867 3744 id
2896 3684 3173 3757 fecerint,
3192 3685 3575 3762 condignum,
3604 3683 3723 3746 erit

2075 3775 2427 3856 praemium?
2469 3771 2544 3834 Ut
2582 3772 2760 3850 igitur
2805 3792 2838 3833 a
2869 3773 3084 3834 talibus
3108 3792 3210 3834 eos
3231 3782 3522 3833 averterit
3550 3774 3718 3852 cogi—

2075 3862 2419 3937 tationibus,
2447 3871 2505 3923 et
2528 3862 2681 3923 velut
2712 3862 2985 3941 fingeret,
3021 3876 3198 3942 atque
3220 3862 3617 3924 conformaret
3647 3864 3721 3927 ad

2077 3951 2482 4013 fortitudinem
2513 3953 2835 4031 ;promittit
2865 3970 2929 4011 se
2962 3952 3137 4012 etiam
3167 3951 3358 4013 oculis
3379 3970 3583 4012 eorum
3617 3971 3719 4013 sa-

2077 4040 2471 4117 tisfacturum,
2524 4060 2592 4103 ac
2641 4048 3128 4114 monstraturum,
3182 4040 3327 4120 quid
3380 4040 3615 4102 tandem
3650 4042 3727 4104 sit

347 4130 435 4186 καὶ
502 4127 601 4194 τὴν
671 4126 790 4202 ὄψιν
855 4130 1024 4184 αὐτῶν
1094 4123 1522 4204 πληροφορῆσαι,
1584 4126 1671 4180 καὶ
1727 4122 1892 4189 δεῖξαι
1948 4146 1976 4178 τ

2080 4130 2414 4211 gloriailla,
2440 4151 2571 4191 cum
2601 4148 2714 4210 qua
2754 4138 3034 4190 venturus
3068 4138 3178 4210 est,
3214 4139 3279 4190 ut
3310 4130 3369 4191 id
3401 4131 3489 4191 vel
3523 4130 3581 4191 in
3615 4132 3723 4193 hac

349 4215 479 4275 ποτέ
519 4216 658 4271 ἐστιν
697 4218 732 4282 ἡ
778 4212 898 4281 δόξα
946 4214 1142 4288 ἐκείνη,
1198 4213 1310 4284 μεθ’
1357 4215 1424 4280 ἧς
1470 4211 1652 4270 μέλλει
1707 4214 1976 4292 παραγίνε-

2080 4220 2195 4281 vita
2216 4220 2387 4281 facile
2407 4229 2899 4301 possentcapere,
2931 4237 3079 4280 neve
3097 4237 3285 4294 suam,
3318 4220 3465 4281 deve
3488 4220 3727 4281 Domini

351 4309 466 4366 σθαι
501 4321 516 4335 ⁸
551 4307 622 4368 ὡς
654 4303 711 4359 εὖ
738 4311 944 4384 χωροῦν
992 4304 1058 4371 ἧν
1106 4304 1288 4368 αυτοῖς
1337 4305 1425 4360 καὶ
1481 4305 1613 4359 κατά
1643 4304 1734 4359 τὸν
1765 4304 1976 4381 παρόνττ

2085 4316 2336 4371 mortem
2356 4309 2643 4390 deinceps
2658 4327 2814 4388 aegre
2837 4308 3082 4369 ferrent.
3104 4307 3394 4385 Quocirca
3408 4309 3583 4369 etiam
3603 4311 3720 4371 ait:

354 4395 488 4472 βίον,
519 4392 613 4450 ἵνα
658 4394 794 4469 μήτε
840 4393 924 4449 ἐπὶ
966 4400 1043 4467 τῷ
1090 4391 1202 4467 ἰδίῳ
1246 4393 1451 4465 θανάτῳ
1504 4394 1640 4467 μήτε
1694 4391 1778 4448 ἐπὶ
1802 4398 1879 4467 τῷ
1908 4403 1976 4448 τοί

2086 4402 2266 4460 Amen
2290 4399 2422 4460 dico
2435 4398 2624 4479 vobis,
2643 4408 2782 4460 sunt
2806 4397 3053 4476 quidam
3072 4397 3145 4459 de
3168 4396 3265 4458 hic
3282 4397 3600 4479 stantibus,
3624 4400 3731 4476 qui

358 4483 625 4542 Δεσπότου
685 4481 873 4539 λοιπὸν
940 4480 1318 4562 δυσχεραίνωσι
1379 4501 1392 4514 ·

1462 4479 1541 4537 διὸ
1610 4482 1697 4538 καί
1766 4503 1925 4562 φησιν

2065 4505 2208 4549 non
2230 4489 2556 4567 gustabunt
2580 4494 2848 4561 mortem,
2880 4485 3062 4548 donec
3079 4485 3319 4548 videant
3341 4503 3594 4566 regnum
3616 4488 3725 4549 Dei

363 4595 386 4629 ii
424 4570 585 4649 Ἀμεν
615 4570 759 4648 λέγω
812 4571 944 4646 ἡμῖν
1005 4569 1084 4625 ὅτι
1140 4571 1236 4626 εἱσί
1291 4591 1428 4634 τινες
1486 4575 1589 4625 τῶν
1638 4568 1738 4626 ὦδε
1769 4571 1976 4637 ἑστηκόι

2084 4577 2331 4638 veniens
2357 4578 2426 4638 in
2454 4577 2708 4649 virtute,

354 4683 481 4736 των,
558 4660 752 4724 οῗτινες
821 4662 880 4716 οὖ
961 4660 1036 4735 μὴ
1121 4659 1395 4737 γεῦσονται
1486 4660 1710 4716 θανάτου
1778 4658 1879 4725 ἕως
1970 4662 2032 4721 ἓν
2107 4663 2261 4721 ἴδωσι
2351 4666 2450 4732 τὴν
2539 4663 2812 4721 Βασιλείαν
2899 4675 2991 4722 τοῦ
3079 4673 3209 4723 Θεςιῠ
3296 4663 3608 4732 ἐληλυθυῖαν
3678 4667 3730 4723 ἐν

355 4749 567 4825 δυνᾴμει
577 4799 590 4812 .

442 4821 497 4897 ’ὃ
553 4836 607 4894 δὲ
662 4836 827 4919 λέγει,
885 4846 1116 4897 τοιοῦτον
1171 4854 1184 4869 ⁸
1247 4840 1354 4896 Οὐκ
1410 4838 1482 4900 εἷς
1542 4837 1744 4915 μικρὰν
1797 4838 2000 4915 ἀψευδῆ

357 4931 485 5004 ὑμῖν
554 4925 902 4992 καθυποδείξω
970 4927 1068 4995 τὴν
1128 4923 1301 5006 δόξαν,
1374 4925 1427 4982 ἐν
1494 4928 1531 5001 ᾖ
1597 4924 1879 5001 μέλλουσιν
1952 4931 1999 4985 οἱ

361 5016 550 5074 δίκαιοι
611 5014 839 5079 ἔσεσθαι,
902 5013 1237 5094 Βεϐαιότερον
1323 5011 1378 5069 δὲ
1432 5018 1599 5070 ποιῶν
1655 5015 1744 5070 τὸν
1816 5015 2001 5094 λόγον,

362 5106 463 5173 τὴν
531 5105 728 5175 συνήθη
792 5103 1069 5181 βεϐαίωσιν
1138 5103 1363 5161 τέθεικεν
1425 5120 1439 5133 ⁸

2167 4839 2334 4912 Quod
2357 4859 2494 4902 vero
2512 4839 2677 4917 dicit,
2705 4840 3132 4920 ejusmodiest:
3159 4840 3287 4903 Non
3314 4843 3490 4923 longo
3513 4841 3732 4905 abhinc

2087 4938 2356 5011 tempore
2408 4938 2628 4992 certam
2682 4929 2848 4992 vobis
2890 4932 3318 4994 demonstrabo
3368 4933 3640 5012 gloriam,
3676 4932 3739 4993 in

2090 5039 2205 5102 qua
2228 5021 2373 5100 justi
2406 5029 2579 5082 erunt
2633 5019 2718 5082 Ac
2749 5018 2936 5099 magis
2968 5020 3295 5083 orationem
3330 5022 3737 5105 confirmavit,

1521 5127 1544 5158 (ι
1623 5099 1795 5178 Ἀμὴν
1864 5104 1976 5183 λέγι

2093 5099 2264 5172 solita
2319 5110 2768 5172 confirmatione
2815 5108 3054 5171 addita:
3109 5112 3297 5173 Amen
3349 5113 3483 5175 dico
3524 5099 3739 5175 vobis}

365 5194 515 5271 ὑμῖν,
553 5215 581 5247 υ
615 5191 644 5247 ὅ
670 5192 837 5279 ἐστιν,
871 5191 1111 5260 Ἀληθῶς
1141 5191 1284 5282 λέγω
1314 5194 1465 5282 ὁμτνΑ,
1493 5190 1571 5249 ὅτι
1598 5215 1625 5246 ι(
1654 5193 1762 5248 Εἰσί
1784 5210 1944 5256 τινες⁶

2098 5200 2260 5278 quod
2282 5210 2391 5278 est,
2418 5203 2572 5263 Vere
2597 5199 2731 5261 dico
2753 5197 2920 5261 vobis
2949 5220 2963 5263 :
2996 5198 3161 5263 Sunt
3189 5202 3475 5280 quidam:
3499 5201 3739 5282 quinam

368 5282 504 5345 τίνες
573 5284 763 5363 οὕτως
837 5282 1054 5363 Πέτρος,
1120 5283 1209 5339 καὶ
1265 5278 1537 5358 Ἰάκωϐος,
1591 5281 1679 5337 καὶ
1734 5279 2009 5347 Ἰωάννης.

2100 5289 2200 5351 isti
2230 5290 2255 5353 ἲ
2284 5293 2494 5354 Petrus
2519 5299 2577 5352 et
2600 5288 2856 5353 Jacobus
2901 5298 2963 5352 et
2993 5290 3278 5353 Joannes.
3311 5288 3386 5352 Hi
3418 5292 3577 5354 enim
3628 5310 3747 5354 una

368 5372 530 5462 Οὗτοι.
593 5371 692 5450 γὰρ
759 5370 1277 5451 συμπαρελήφθησαν
1363 5371 1450 5425 καὶ
1533 5367 1850 5436 συνανῆλθον
1937 5371 1976 5426 εί

2095 5381 2385 5460 assumpti
2408 5380 2668 5462 fuerunt,
2701 5397 2939 5460 unaque
2969 5380 3449 5442 ascenderuntin
3480 5389 3746 5443 montem

366 5461 428 5515 τὸ
495 5456 613 5535 ὅρος
684 5458 739 5517 ἐν
810 5465 876 5536 τῇ
930 5467 1020 5516 τοῦ
1078 5460 1263 5539 Κυρίου
1327 5458 1730 5540 μεταμορφώσει
1788 5458 1855 5526 ἣν
1924 5480 1976 5515 κε

2100 5467 2161 5528 in
2197 5456 2718 5549 transfiguratiune
2766 5456 3030 5549 Domini,
3081 5486 3253 5549 quam
3286 5469 3462 5532 etiam
3495 5487 3747 5548 regnum

370 5545 637 5626 βασιλείαν
710 5554 841 5605 Θεοῦ
909 5548 1153 5624 ὀνομάζει
1222 5544 1307 5603 διὰ
1392 5547 1489 5614 τὴν
1560 5556 1849 5615 τηνικαῦτα
1918 5551 1976 5611 τῆ

2100 5557 2214 5622 Dei
2232 5544 2522 5642 nominat,
2543 5558 2701 5642 quod
2716 5556 2922 5622 Deitas
2944 5544 3068 5622 tum
3096 5544 3433 5624 clarissime
3460 5544 3745 5640 eluceret,

453 5751 514 5805 ιο
538 5751 741 5818 Matth.
770 5766 894 5835 m,
923 5750 1024 5815 28.
