4156 6386
463 372 622 437 1283

1542 376 1598 436 J.
1646 373 2039 437 XIPHILINI
2080 376 2193 439 GP.
2240 372 2756 440 PATRIARCHIE

3691 376 3852 442 1284

458 505 876 587 videreturque
904 504 1112 584 gloria,
1139 505 1201 567 in
1230 523 1345 586 qua
1374 511 1434 566 et
1461 504 1589 585 ipse
1617 504 1910 567 videndus
1940 516 2100 570 esset

2196 508 2438 576 δεότητος
2486 506 2776 585 ἕλλαμψιν,
2820 511 2908 567 καὶ
2969 510 3067 577 τὴν
3135 509 3255 569 θέαν
3315 515 3414 578 τῆς
3458 508 3637 591 δόξης,
3686 510 3741 567 ἐν
3798 513 3835 578 ἦ

461 594 727 676 perillud
745 603 1000 674 tempus,
1026 613 1142 675 quo
1164 592 1475 655 illucescet
1498 593 1869 659 mortalibus.
1891 592 2107 659 Veniet

2196 599 2275 655 καὶ
2344 600 2499 661 αὐτὸς
2565 599 2852 678 ὀφθήσεται
2913 597 3043 680 κατζ
3087 598 3290 658 ἐκεῖνον
3338 602 3543 680 καιρὸν,
3602 597 3719 657 καθ’
3778 600 3838 656 ὃν

462 684 619 747 enim
652 683 713 743 in
738 682 923 760 gloria
956 683 1084 757 Dei,
1140 690 1198 744 et
1239 682 1450 759 Patris,
1505 701 1624 744 non
1676 682 1740 744 in
1771 684 2106 747 humilitate

2188 686 2479 762 ἐπιλάμψει
2527 667 2644 751 τοίς
2693 667 2781 744 γέπὶ
2830 693 2955 765 γῆς.
3016 667 3154 754 Ἠξει
3202 689 3302 767 γὰρ
3350 687 3403 745 ἒν
3583 695 3675 744 τοῦ
3705 695 3837 746 Θεοῦ

458 781 682 835 nostra.
714 770 918 853 Neque
941 790 1079 834 vero
1130 770 1264 833 ideo
1307 780 1532 835 tantum
1575 790 1821 851 regnum
1857 771 1962 835 Dei
1993 793 2105 835 no-

2196 779 2275 833 καὶ
2305 778 2532 855 Πατρὸς,
2589 777 2677 833 καὶ
2731 780 2826 835 οὐκ
2881 777 2934 834 ἐν
2986 791 3377 857 σμικροπρεπετ
3417 783 3485 854 τῇ
3512 774 3627 834 καθ’
3661 778 3831 852 ἡμᾶς.

462 859 1294 941 minatTransﬁgurationem,
1318 878 1522 921 verum
1543 860 1718 922 etiam
1743 862 1899 942 quod
1924 862 2110 941 ﬁgura

459 951 538 1013 sit
566 952 777 1013 futura;
805 949 1028 1031 gloriae,
1080 968 1253 1030 quam
1305 959 1748 1030 consequentur
1793 950 1895 1029 qui
1922 951 2104 1013 vitam

459 1061 530 1105 ea
557 1041 793 1120 dignam
827 1038 1118 1100 duxerint.
1175 1036 1252 1101 Ut
1301 1037 1462 1100 enim
1509 1039 1568 1099 in
1603 1039 1712 1100 hac
1744 1039 1902 1101 fulsit
1929 1039 2107 1103 Jesus

458 1130 734 1201 miriﬁce,
769 1128 855 1190 sic
884 1128 1296 1209 pro-portione
1328 1137 1449 1188 tum
1467 1127 1611 1208 justi
1636 1128 1969 1208 fulgebunt.
1996 1129 2109 1192 No-

456 1221 619 1282 mina
642 1231 837 1283 tamen
870 1237 940 1278 ea
970 1219 1044 1279 de
1075 1236 1253 1279 causa
1290 1236 1408 1279 non
1441 1218 1755 1298 expressit,
1793 1220 1899 1281 sed
1930 1219 2109 1281 inde-

459 1310 624 1371 ﬁnite
645 1309 828 1370 dixit:
869 1306 1274 1388 Suntquidnm
1304 1329 1316 1366 :
1353 1325 1427 1369 ne
1457 1307 1599 1388 quid
1635 1309 1961 1370 humanum
1996 1327 2105 1390 pa-

458 1406 729 1462 terentur
749 1397 951 1459 cmteri
974 1395 1522 1476 discipuli.Etenim
1540 1396 1929 1460 vehementer
1945 1399 2110 1479 cupi-

456 1488 684 1550 vissent
712 1486 889 1548 etiam
921 1485 1136 1566 reliqui
1166 1484 1358 1566 sequi,
1393 1485 1700 1566 exemplar
1720 1486 1925 1565 gloriae
1946 1487 2109 1549 illius

456 1575 660 1651 visuri,
686 1584 743 1637 et
772 1584 1050 1655 tanquam
1079 1573 1347 1650 despecti
1378 1572 1738 1637 doluissent.
1786 1574 1913 1638 Etsi
1944 1575 2105 1637 enim

456 1665 633 1727 modo
657 1662 908 1745 quodam
934 1661 1230 1741 corporali
1252 1661 1566 1741 discipulis
1585 1662 1643 1722 in
1667 1672 1869 1725 monte
1900 1674 2110 1726 osten--

2189 869 2261 924 Ού
2292 865 2453 941 μόνον
2482 864 2537 922 δὲ
2593 863 2676 921 διὰ
2725 872 2881 922 τοῦτο
2937 866 3205 942 βασιλείαν
3256 873 3388 924 Θεοῦ
3428 867 3678 942 όναμάζει
3735 867 3837 933 τὴν

2190 954 2648 1035 μεταμόρφωσιν;
2724 953 2861 1013 ἀλλὰ
2915 957 3003 1011 καὶ
3059 954 3144 1012 διὰ
3197 956 3259 1012 τὸ
3314 956 3480 1013 τύπον
3536 955 3679 1012 εἶναι
3733 958 3835 1021 τῆς

2190 1042 2489 1118 μελλούσης
2559 1041 2713 1111 δόξης
2802 1048 2868 1113 ἧς
2959 1043 3439 1115 καταξιωθήσονται
3524 1047 3571 1100 οἱ
3641 1045 3838 1110 ταύτης

2192 1132 2347 1198 ἀξίως
2409 1131 2870 1208 πολιτευσάμενοι,
2929 1118 3120 1214 Ὥσπερ
3170 1135 3270 1214 γὰρ
3318 1134 3372 1190 ἐν
3418 1134 3584 1210 ταύτῇ
3639 1132 3833 1212 έστρα-

2193 1226 2290 1296 ψεν
2341 1224 2369 1278 ὁ
2417 1218 2620 1289 Ἰησοῦς
2677 1220 3003 1302 παραδόξως,
3063 1222 3231 1287 οὕτως
3288 1222 3564 1301 ἀναλόγως
3613 1224 3732 1279 τότε
3789 1223 3838 1277 οἱ

2189 1308 2378 1367 δίκαιοι
2408 1308 2699 1385 λάμψουσι.
2763 1311 2861 1366 Διὰ
2910 1320 3066 1369 τοῦτο
3122 1308 3177 1366 δὲ
3235 1312 3312 1385 μὴ
3367 1312 3456 1367 καὶ
3509 1311 3574 1367 τὰ
3603 1310 3840 1386 ὀνόματα

2189 1400 2367 1479 εἶπεν,
2426 1396 2547 1455 ἀλλ’
2602 1398 2858 1478 ἀορίστως
2901 1400 3128 1456 τέθεικεν
3186 1400 3348 1456 εἰπών
3382 1418 3397 1433 ⁸
3455 1400 3567 1458 Εἰσί
3621 1420 3758 1462 τινες
3819 1413 3832 1427 ⁶

2188 1487 2281 1545 ’ίνα
2354 1486 2518 1563 μηδὲν
2574 1488 2808 1544 πάθωσιν
2863 1488 3185 1568 ἀνθρώπινον
3242 1491 3289 1544 oi
3344 1486 3521 1545 λοιποὶ
3578 1491 3835 1564 μαθηται,

2191 1580 2291 1638 Καὶ
2360 1579 2458 1657 γὰρ
2529 1576 2724 1658 σφόδρα
2793 1577 2855 1637 ἂν
2942 1579 3278 1653 ἐπεθύμησαν
3371 1581 3457 1635 καὶ
3550 1581 3597 1635 οἱ
3662 1577 3839 1635 λοιποὶ

2191 1667 2537 1747 ἀκολοθῆσαι,
2610 1665 2901 1747 ὑπύδειγπα
2968 1666 3251 1744 μέλλοντες
3328 1673 3428 1735 τῆς
3486 1665 3639 1735 δύξης
3696 1667 3841 1724 ὲκεί-

455 1755 723 1827 deretur,
759 1769 1032 1830 magnum
1061 1759 1259 1812 tamen
1283 1768 1459 1837 resva
1480 1752 1843 1814 desiderium
1873 1753 2111 1815 habuis-

2196 1781 2287 1824 νης
2317 1760 2465 1837 ὁρᾷν,
2509 1758 2596 1813 καὶ
2650 1758 2723 1820 ὡς
2774 1757 3127 1837 παροφθέντες
3188 1754 3457 1834 ἤλγησαν,
3517 1758 3575 1813 Ei
3622 1756 3723 1835 γὰρ
3750 1756 3842 1811 καὶ

458 1850 570 1906 set.
593 1843 664 1903 At
685 1839 1047 1901 curtandem
1080 1838 1390 1919 praadicit?
1414 1836 1490 1900 Ut
1522 1840 1974 1905 vehementiore
2005 1842 2101 1904 in-

2196 1836 2631 1922 σωματικώτερον
2679 1845 2745 1901 τὰ
2794 1845 2848 1901 ἐν
2903 1836 2982 1920 τῷ
3036 1845 3143 1925 ὄρει
3204 1858 3322 1908 τοῖς
3382 1848 3651 1921 μαθηταῖς
3708 1843 3841 1900 ἒπε-

457 1939 622 1992 terea
642 1927 942 1990 desiderio
960 1925 1339 2000 inﬂammati,
1362 1927 1437 1989 ita
1455 1946 1572 1988 non
1597 1927 1884 2009 dissipato
1905 1929 2102 1992 animo

2196 1932 2440 2015 δείκνυτο,
2516 1931 2635 1990 ἀλλ’
2706 1933 2852 2010 ὅμως
2911 1933 3119 2002 πολλὴν
3175 1933 3564 2015 ἐπιθυμίαν-,τὸ
3620 1939 3844 2013 πρᾶγμα

454 2019 838 2081 interessent.
862 2016 1020 2080 Sunt
1042 2019 1254 2097 igitur,
1280 2018 1491 2097 inquit,
1520 2003 1805 2098 quidam:
1830 2019 2035 2081 Petrus
2048 2028 2105 2081 et

2196 2003 2465 2103 ἑκέκτητό,
2524 2019 2693 2079 Ἀλλά
2739 2003 2797 2079 ’τί
2850 2020 3052 2093 δήπατε
3105 2003 3401 2102 προλέγει,
3461 2003 3562 2080 εἱνα
3614 2003 3842 2103 ospes-po-

453 2107 713 2170 Jacobus
762 2114 819 2168 et
862 2104 1145 2182 Joannes,
1199 2105 1301 2185 qui
1357 2124 1474 2167 non
1529 2106 1694 2187 prius
1744 2110 2098 2182 morientur,

2196 2112 2342 2193 τέρας
2415 2113 2468 2169 ἐν
2524 2119 2602 2188 τῷ
2680 2109 2871 2187 μεταξὺ
2938 2116 3039 2179 τῆς
3108 2111 3380 2187 ἐπιθυμίας
3450 2109 3841 2187 ἐμπλησθέντες

456 2215 634 2279 quam
654 2195 911 2269 videant,
937 2194 997 2256 in
1029 2194 1361 2273 cujusmodi
1391 2195 1582 2272 gloria
1613 2196 1795 2259 futuri
1836 2201 1973 2272 sint,
2007 2199 2109 2279 qui

2196 2201 2350 2282 οὕτω,
2379 2204 2474 2282 μδ,
2509 2205 2585 2279 μὴ
2617 2200 3008 2281 μερμερισμένῃ
3056 2206 3126 2278 τῇ
3175 2199 3374 2273 διανοίᾳ
3413 2199 3838 2281 παραγένωνται.

460 2304 555 2347 me
592 2286 967 2363 conﬁtentur,
1002 2282 1185 2363 idque
1223 2292 1492 2364 tempore
1522 2283 2108 2366 Transﬁgurationis.

2200 2313 2224 2348 α
2262 2292 2402 2349 Εἰσὶν
2432 2291 2543 2363 οὖν,
2584 2315 2607 2350 ι
2646 2292 2797 2372 φησὶ,
2837 2313 2862 2345 ι
2896 2290 3033 2353 τινές
3083 2313 3111 2346 n
3172 2305 3187 2320 '
3244 2288 3441 2369 Πέτρος
3469 2290 3559 2345 καὶ
3590 2284 3842 2351 Ἰάκωϐος

456 2373 523 2437 In
550 2374 763 2435 virtute
784 2392 915 2439 eam
967 2381 1281 2435 venturam
1324 2373 1428 2447 ait,
1479 2372 1538 2433 id
1580 2383 1692 2449 est,
1728 2395 1845 2437 non
1878 2379 1938 2438 in
1966 2377 2111 2439 aani-

2196 2382 2283 2437 καὶ
2313 2377 2589 2461 Ἰωάννης,
2620 2379 2815 2443 ο’ἷτινες
2848 2382 2908 2438 οὒ
2953 2380 3030 2453 μὴ
3073 2379 3352 2458 φθάσουσιν
3401 2377 3709 2456 ἀποθανεῖν,
3740 2376 3841 2438 ἕως

456 2474 674 2543 gmate.
709 2481 902 2544 neque
931 2461 991 2523 in
1022 2462 1252 2524 umbris
1281 2470 1342 2524 et
1373 2463 1577 2541 ﬁguris
1607 2483 1716 2546 per
1744 2467 1986 2547 angelos
2015 2466 2117 2529 aut

456 2552 846 2631 archangelos
875 2551 1347 2631 signiﬁcandam,
1384 2552 1489 2613 sed
1536 2552 1596 2614 in
1634 2554 1851 2637 Verbo,
1886 2557 1981 2618 cui
2012 2575 2118 2637 par

458 2661 592 2704 cum
624 2646 798 2705 Patre
816 2641 1105 2721 potentia.
1126 2640 1242 2703 Aut
1264 2641 1326 2703 in
1362 2642 1612 2713 virtute,
1637 2642 1751 2705 hoc
1781 2653 1892 2720 est,
1919 2665 2112 2727 quan-

459 2739 583 2794 tum
632 2735 820 2791 virtus
873 2748 1079 2791 eorum
1126 2729 1303 2809 capit.
1361 2729 1478 2791 Aut
1526 2732 1808 2811 quoniam
1841 2736 2113 2798 maximae

457 2819 721 2902 profecto
750 2818 1153 2899 eratvirtutis,
1192 2818 1536 2881 hominibus
1578 2838 1829 2901 corpore
1849 2832 1907 2884 et
1930 2841 2114 2887 carne

456 2910 706 2985 vestitis,
729 2910 907 2970 talem
924 2909 1338 2970 demonstrare
1350 2908 1601 2987 gloriam
1617 2920 1677 2973 et
1694 2912 2107 2991 splendorem:

457 2998 683 3059 idcirco
706 2997 884 3059 dixit:
918 2995 991 3057 In
1011 2999 1256 3060 virtute.
1299 2996 1414 3058 Aut
1454 2997 1654 3069 etiam,
1690 3000 1828 3080 quia
1857 3021 1962 3063 sua
1990 3007 2112 3064 vir-

458 3093 582 3147 tute
614 3103 745 3148 eam
778 3087 1294 3147 demonstraturus
1346 3094 1496 3161 erat,
1550 3105 1667 3148 non
1697 3088 1891 3151 aliena
1928 3109 1943 3165 ;
1978 3109 2112 3154 cum

2198 2469 2258 2526 ἂν
2289 2467 2475 2526 ἴδωσιν
2503 2470 2555 2527 ἐν
2577 2473 2701 2543 ποίᾳ
2729 2467 2853 2546 δόξῃ
2903 2468 3107 2526 ἔσονται
3157 2471 3204 2525 οἱ
3249 2466 3343 2544 ἐμὲ
3390 2465 3775 2545 ὁμολογοῦντες
3823 2481 3838 2496 ⁸

2196 2557 2352 2615 ἴδωσι
2400 2557 2455 2615 δὲ
2514 2569 2667 2619 τοῦτο
2724 2559 2779 2615 ἐν
2834 2565 2911 2634 τῷ
2967 2564 3134 2637 καιρῷ
3186 2562 3286 2624 τῆς
3343 2556 3841 2636 Μεταμορφώσεως.

2197 2669 2228 2711 (
2265 2647 2351 2707 Ἐν
2381 2648 2593 2727 δυνάμει
2646 2674 2674 2706 ι
2726 2648 3030 2716 ἐληλυθέναι
3072 2650 3267 2715 ταύτην
3314 2648 3494 2729 φησὶν,
3555 2647 3667 2703 ἀντὶ
3724 2656 3839 2728 τοῦ,

2195 2744 2289 2799 οὒκ
2316 2739 2367 2797 ἐν
2395 2742 2683 2819 αἰνίγματι,
2742 2737 2859 2799 οὐδὲ
2913 2739 2968 2795 ἐν
3022 2751 3201 2801 σκιαῖς
3263 2738 3352 2794 καὶ
3408 2738 3591 2799 τύποις
3640 2733 3705 2792 δι’
3735 2736 3841 2814 ἀγ-

2196 2828 2366 2907 γέλων
2423 2830 2459 2898 ἢ
2514 2828 2866 2910 ἀρχαγγέλων
2924 2826 3286 2903 μηνυομένην,
3336 2822 3455 2882 ἀλλ’
3507 2825 3561 2882 ἐν
3602 2822 3843 2885 ἷσοδυνά-

2196 2939 2283 2992 μῳ
2314 2924 2391 2993 τῷ
2420 2920 2582 2999 Πατρὶ
2611 2918 2768 2995 Λύγῷ
2802 2932 2815 2946 ”
2870 2917 2905 2984 ἢ
2950 2916 3063 2973 ἀντὶ
3109 2924 3223 2987 τοῦ,
3275 2914 3500 2972 καθόσον
3559 2935 3581 2967 α
3615 2916 3649 2981 ἡ
3681 2910 3843 2970 δύνα-

2197 3028 2285 3083 μις
2323 3029 2345 3063 ι
2383 3010 2554 3067 αὐτῶν
2613 3006 2853 3086 ἐγχωρεῖ
2887 3025 2899 3038 ⁸
2963 3004 3000 3073 ἢ
3056 3000 3239 3071 ἐπειδὴ
3300 3004 3555 3082 μεγίστης
3583 2999 3746 3065 ὄντως
3776 3002 3845 3070 ἧν

2195 3093 2464 3170 δυνάμεως
2511 3096 2573 3151 τὸ
2614 3107 2732 3159 τοῖς
2790 3093 2843 3151 ἐν
2901 3093 3110 3168 σώμασι
3168 3093 3256 3148 καὶ
3311 3091 3479 3171 σάρκα
3532 3090 3848 3171 περικειμέ-

458 3182 773 3257 potestate,
791 3194 909 3237 non
927 3172 1092 3272 quasi
1106 3192 1215 3255 per
1231 3155 1741 3255 participationem
1756 3155 2107 3260 quamdam;

2196 3206 2301 3247 νοις
2324 3155 2432 3250 ,τὴν
2490 3184 2741 3250 τοιαύτην
2782 3155 3036 3247 ἐπιδεῖξαι
3085 3178 3235 3246 δόξαν
3282 3201 3340 3236 τε
3521 3155 3844 3258 λαμπρότη-

462 3283 591 3326 eam
619 3265 693 3327 ob
728 3282 855 3326 rem
885 3264 1125 3344 adjecit,
1158 3265 1231 3327 In
1260 3265 1510 3328 virtute.

2191 3294 2256 3329 τα
2290 3288 2303 3301 ·
2345 3270 2429 3330 διὰ
2455 3281 2608 3332 τοῦτο
2639 3269 2739 3353 ἔφη
2788 3271 2849 3327 τό
2905 3294 2935 3327 α
2988 3269 3041 3327 ἐν
3088 3267 3326 3343 δυνάμει.
3362 3291 3390 3325 π
3431 3267 3489 3327 Ἠ
3520 3270 3609 3325 καὶ
3637 3267 3750 3324 ἐπεὶ
3777 3272 3847 3342 τῇ

460 3355 626 3427 οἰκείᾳ
696 3353 909 3431 δυνάμει
982 3351 1201 3442 ἔμελλεν
1269 3351 1524 3419 ἐπιδεῖξαι
1593 3357 1790 3425 ταύτην
1867 3362 1954 3416 καὶ
2012 3365 2106 3421 οὒκ
2161 3360 2431 3442 ἀλλοτρίᾳ,
2501 3362 2589 3418 καὶ
2660 3351 3099 3439 ἔξουσιαστικῶς,
3165 3355 3284 3415 ἀλλ’
3353 3357 3413 3414 οὒ
3487 3361 3791 3437 μτοχικῶς
3826 3371 3842 3385 “

458 3444 645 3499 τούτου
672 3443 831 3523 χάριν
862 3445 923 3499 τὸ
952 3469 975 3499 ιι
1013 3443 1065 3500 ἐν
1096 3441 1308 3518 δυνάμει
1346 3467 1369 3501 ι
1413 3446 1757 3523 προσέθηκεν.

539 3609 616 3674 Ut
661 3611 840 3691 igitur
885 3610 1289 3693 conﬁrmaret,
1362 3630 1703 3676 Sermonem
1760 3634 1933 3678 suum
1990 3638 2110 3681 non

456 3700 623 3763 inani
653 3707 899 3780 strepitu
949 3701 1266 3764 Verborum
1317 3710 1375 3763 et
1425 3704 1967 3785 grandiloquentia,
2001 3708 2106 3770 sed

456 3791 705 3854 veritate
722 3790 1064 3862 subnixum,
1091 3810 1316 3871 eosque
1340 3793 1470 3853 talis
1492 3794 1695 3871 gloriae
1726 3796 1922 3858 socios
1955 3798 2102 3873 fore,

459 3880 958 3961 quemadmodum
994 3880 1383 3961 promisisset,
1437 3893 1802 3961 spectatores
1852 3905 1954 3947 eos
1978 3887 2104 3967 jam

458 3968 601 4031 inde
632 3969 795 4032 fecit.
824 3971 952 4030 Jam
973 3988 1147 4030 vero:
1183 3970 1458 4044 Videant,
1492 3971 1707 4054 inquit,
1740 3992 1882 4053 non,
1910 3974 2101 4037 Parti-

461 4057 695 4137 cipent:
747 4067 809 4119 ut
862 4057 1087 4119 indicet
1130 4061 1224 4120 hic
1267 4076 1397 4121 eam
1452 4068 1676 4121 tantum
1728 4064 1937 4139 videri,
1994 4085 2111 4127 non

460 4144 827 4227 participari.
888 4145 1033 4207 Nam
1094 4147 1224 4226 ejus
1281 4147 1479 4208 fruitio
1541 4148 1600 4210 in
1644 4151 1831 4212 altero
1891 4153 2114 4216 Christi

458 4234 711 4296 adventu
743 4234 998 4296 dabitur.
1019 4235 1202 4297 Recte
1221 4236 1397 4297 etiam
1421 4235 1601 4300 dixit:
1648 4238 1731 4299 De
1758 4242 1858 4302 hic
1886 4249 2113 4305 stanti-

462 4323 604 4387 bus:
646 4324 716 4387 ad
758 4324 966 4387 Judam
1007 4325 1298 4387 alludens.
1342 4325 1527 4389 Judas
1557 4327 1779 4407 quippe
1804 4348 1921 4391 non
1954 4333 2115 4393 stetit

2282 3602 2380 3682 ρίνα
2412 3622 2580 3679 τοίνυν
2611 3620 2943 3686 πιστώσηται
2995 3621 3068 3682 ὡς
3119 3618 3179 3675 οὔ
3235 3617 3444 3692 κόμπος
3497 3618 3594 3672 εἰσὶ
3619 3617 3684 3672 τὰ
3715 3612 3844 3694 παρ’

2190 3715 2349 3771 αὐτοῦ
2376 3710 2661 3789 λεγόμενα,
2703 3707 2822 3766 ἀλλ’
2871 3707 3113 3781 ἀλήθεια,
3168 3707 3255 3763 καὶ
3314 3704 3401 3762 ὅτι
3459 3706 3544 3761 καὶ
3574 3709 3675 3771 τῆς
3723 3726 3845 3761 τοι-

2189 3801 2354 3869 αὖτης
2411 3799 2563 3867 δόξης
2634 3821 2879 3856 κοινωνοι
2935 3797 3167 3871 ἔσονται,
3224 3792 3581 3869 λαμϐάνοντες
3635 3792 3686 3859 ἐξ
3744 3795 3845 3850 αύ-

2187 3899 2281 3949 τοῦ
2355 3891 2498 3974 τὴνε,
2522 3888 2835 3969 ὑπόσχεσιν,
2908 3884 3134 3965 θεωροὺς
3201 3883 3432 3940 ἐντεῦθεν
3488 3882 3673 3946 αὖτοὺς
3737 3903 3847 3939 πε-

2188 3981 2430 4047 ποίηκεν,
2473 3960 2617 4033 ’δωσι
2664 3960 2754 4051 δὲ,
2815 3960 2962 4051 εἶπε,
3016 3960 3111 4030 ’καὶ
3160 3975 3219 4030 οὗ
3278 3972 3614 4052 μετάσχωσι,
3665 3968 3843 4052 δηλῷν

2197 4067 2277 4125 ὅτι
2333 4066 2455 4143 δ’ψις
2516 4067 2653 4144 μόνῃ
2709 4065 2925 4123 ἐνταῦθα
2981 4061 3196 4132 δίδοται,
3257 4062 3345 4117 καὶ
3383 4051 3457 4117 οὖν
3490 4061 3725 4140 μετοχή.
3782 4051 3849 4118 Ἦ

2198 4156 2252 4213 δὲ
2321 4158 2517 4224 ταύτης
2572 4153 2860 4217 ἀπόλαυσις
2926 4152 2981 4209 ὲν
3046 4157 3117 4228 τῇ
3180 4148 3390 4229 δευτέρᾳ
3457 4159 3550 4209 τοῦ
3622 4157 3849 4228 Χριστοῦ

2197 4247 2453 4326 παρουσίᾳ
2482 4242 2779 4315 δοθήσεται,
2836 4240 3025 4303 Καλῶς
3072 4238 3127 4296 δὲ
3178 4240 3303 4297 εἷπε
3360 4245 3536 4326 ..Τῶν
3564 4235 3665 4326 ὦδε
3690 4239 3848 4326 ἑστη-

2195 4317 2364 4392 κὸτων
2402 4317 2441 4389 »γ
2488 4352 2503 4368 ⁸
2553 4334 2644 4389 τὸν
2699 4328 2893 4389 Ἰούδαν
2951 4328 3331 4405 αἰνιττόμενος.
3398 4317 3459 4385 ’0
3510 4328 3611 4406 γὰρ
3650 4323 3849 4390 ’[ὁύδις

458 4413 704 4476 ﬁrmus:
731 4422 907 4495 atque
927 4414 1000 4475 ad
1027 4418 1303 4477 eumdem
1326 4416 1524 4477 retulit
1550 4417 1799 4480 fortasse
1830 4428 1888 4480 et
1917 4418 2061 4480 illud
2096 4442 2111 4495 ;

2196 4428 2299 4505 οὔχ
2324 4423 2516 4480 ’ίστατο
2547 4419 2781 4502 ἑδραῖος,
2814 4421 2903 4477 καὶ
2931 4421 2992 4476 τὸ
3023 4435 3037 4450 '
3099 4440 3123 4475 α
3188 4418 3260 4475 Οὔ
3314 4417 3420 4493 μὴν
3451 4417 3724 4494 γεύσονται
3755 4420 3852 4472 θα-

456 4502 594 4565 Νοιι
613 4504 937 4584 gustabunt
958 4515 1227 4586 mortem.
1255 4504 1362 4566 Ille
1394 4504 1553 4566 enim
1586 4515 1835 4568 mortem
1864 4509 2118 4585 gustavit

458 4592 696 4654 animze.
750 4591 1074 4655 Considera
1127 4603 1418 4672 praeterea
1475 4598 1587 4655 hoc
1644 4613 1901 4677 quoque.
1968 4597 2114 4660 Cum

459 4681 745 4745 dixisset:
806 4684 927 4757 Qui
952 4687 1085 4745 vult
1112 4690 1385 4745 animam
1416 4696 1591 4746 suam
1622 4686 1856 4767 salvam
1888 4687 2114 4763 facere,

452 4773 673 4854 perdet
685 4790 822 4834 eam
842 4789 859 4826 :
878 4775 985 4853 qui
1001 4781 1199 4835 autem
1221 4774 1585 4853 perdiderit,
1613 4775 1666 4836 is
1687 4773 1923 4837 salvam
1934 4776 2118 4855 faciet

457 4861 662 4925 eam”
691 4882 707 4939 ;
752 4872 930 4943 atque
968 4862 1078 4923 hac
1122 4862 1390 4925 oratione
1423 4882 1675 4944 regnum
1706 4865 1992 4927 caelorum
2024 4865 2112 4926 si-

456 4951 823 5033 gniﬁcasset.
850 4962 909 5013 et
924 4952 1280 5031 gehennam:
1297 4972 1547 5033 regnum
1568 4954 1811 5035 quidem
1826 4955 2111 5016 caelorum

457 5039 680 5102 visione
695 5041 1041 5114 declaravit,
1059 5042 1394 5118 gehennam
1410 5062 1546 5105 vero
1574 5063 1691 5105 non
1720 5044 1887 5106 item.
1925 5044 2116 5117 Quam

458 5130 534 5193 ob
566 5135 847 5193 causam?
892 5134 1173 5210 quoniam
1207 5132 1306 5194 alii
1339 5134 1582 5213 quidam
1617 5144 1787 5194 erant
1815 5133 2112 5208 rudiores,

458 5219 868 5282 necessarium
916 5220 973 5281 id
1026 5229 1173 5283 erat.
1222 5220 1372 5293 Quia
1420 5240 1559 5283 vero
1618 5222 1791 5303 probi
1849 5223 2115 5304 bonique

461 5318 631 5369 erant
682 5308 934 5388 (idcirco
973 5308 1134 5369 enim
1180 5318 1238 5369 et
1268 5319 1388 5370 tres
1421 5318 1647 5371 tantum
1675 5314 2019 5393 assumpsit,
2054 5321 2116 5373 ut

461 5395 690 5458 czeteris
718 5396 1132 5477 perfectiores)
1152 5396 1516 5476 benignitate
1534 5408 1587 5458 et
1607 5418 1711 5479 spe
1729 5401 2114 5482 praemiorum

464 5500 567 5545 eos
626 5484 856 5547 inducit
909 5486 1131 5567 potius,
1194 5503 1371 5568 quam
1420 5486 1737 5553 severitate
1785 5498 1845 5553 et
1896 5489 2115 5554 timore

544 5657 602 5706 ιτ
630 5657 838 5730 Matth.
868 5678 990 5743 m,
1026 5663 1128 5730 25.

2198 4504 2378 4591 νάτου,
2417 4534 2441 4566 η
2476 4510 2619 4590 τάχα
2683 4511 2814 4589 πρὸς
2872 4508 3075 4565 ἐκεῖνον
3135 4506 3428 4568 ἀπέτεινεν.
3481 4504 3719 4569 Ἐκεῖνος
3748 4506 3850 4584 γὰρ

2196 4599 2417 4655 θανάτου
2474 4597 2716 4654 ἐθεύσατο
2769 4603 2862 4654 τοῦ
2911 4601 3011 4663 τῆς
3069 4599 3275 4675 ψρχῆς.
3336 4596 3409 4650 Σὺ
3464 4593 3519 4650 δὲ
3563 4596 3650 4651 καὶ
3694 4616 3850 4651 τουτο

2199 4687 2385 4744 σκόπει
2419 4704 2433 4718 '
2494 4688 2609 4752 πῶς
2668 4687 2829 4743 εἰπὼν
2889 4684 2969 4741 ὅτι
3034 4707 3061 4739 σ
3087 4669 3091 4670 7
3119 4669 3214 4744 "Us
3272 4681 3334 4738 ἂν
3379 4680 3507 4759 θέλῃ
3538 4682 3722 4762 ψυχὴν
3752 4683 3847 4737 αὒ-

2198 4787 2291 4836 τοῦ
2358 4782 2547 4857 σῶσαι,
2620 4774 2869 4833 ἀπολέσει
2940 4775 3102 4835 αὐτὴν
3156 4788 3170 4802 ⁸
3252 4773 3310 4835 ὃς
3366 4769 3411 4826 δ’
3466 4770 3529 4827 ἂν
3584 4769 3845 4847 ἀπολέσῃ,

2200 4868 2351 4929 οὗτος
2410 4866 2568 4921 σώσει
2622 4865 2785 4934 αὐτήν
2846 4885 2874 4917 »
2928 4879 2946 4898 '
3006 4862 3094 4919 καὶ
3139 4867 3217 4935 τῷ
3272 4870 3439 4919 ταῦτα
3496 4861 3690 4933 εἰπεῖν,
3749 4861 3849 4926 τὴν

2196 4952 2465 5032 βασιλείαν
2524 4960 2628 5011 τῶν
2694 4954 2926 5033 οὖρανῶν
2979 4948 3246 5024 δηλώσας,
3310 4951 3398 5005 καὶ
3454 4949 3551 5016 τὴν
3610 4948 3845 5026 γέενναν,

2194 5043 2295 5110 τὴν
2327 5041 2421 5117 μὲν
2470 5041 2739 5120 βασιλείαν
2796 5046 2865 5117 τῇ
2923 5036 3042 5114 ὄψει
3103 5035 3350 5111 δείκνυσι,
3408 5041 3507 5104 τὴν
3549 5034 3604 5091 δέ
3634 5035 3849 5115 γέενναν

2195 5136 2290 5190 οὒκ
2318 5128 2417 5191 ἔτι.
2451 5132 2599 5195 Τίνος
2656 5131 2867 5211 χάριν,
2927 5128 3008 5185 ὅτι
3073 5131 3119 5184 oi
3177 5128 3273 5203 μὲν
3333 5124 3484 5182 ἄλλοι
3531 5124 3667 5189 τινὲς
3716 5124 3852 5191 ἦσαν

2196 5220 2514 5301 παχύτεροι,
2549 5220 2842 5298 ἀναγκαῖον
2896 5224 3052 5274 τοῦτο
3106 5216 3197 5289 ἦν,
3257 5213 3439 5282 ἐπειδή
3502 5212 3556 5271 δὲ
3585 5211 3853 5288 εὐδόκιμοι

2198 5311 2283 5365 καὶ
2352 5309 2679 5388 εὔγνώμονες
2728 5327 2745 5345 ⁸
2817 5305 2927 5386 (διὰ
2994 5306 3095 5385 γάρ
3160 5311 3315 5362 τοῦτο
3385 5305 3474 5361 καὶ
3530 5325 3650 5367 τους
3707 5315 3853 5382 τρεῖς

2199 5399 2389 5475 μόνους
2419 5397 2710 5479 παρέλαϐεν
2767 5399 2841 5460 ὡς
2896 5400 3003 5452 τῶν
3056 5394 3234 5452 ἄλλων
3289 5393 3697 5474 τελειοτέρους),
3747 5393 3856 5479 ἀπὸ

2196 5493 2300 5546 τῶν
2370 5478 2744 5571 χρηστοτέρων
2811 5486 3000 5551 αὖτοὺς
3056 5483 3251 5565 ἐνάγει,
3319 5484 3391 5542 Οὐ
3448 5479 3532 5539 διὰ
3587 5491 3747 5541 τοῦτο
3799 5478 3857 5539 δὲ
