4156 6438
329 440 481 507 1285
1795 444 1983 509 ΟΒΑἸ

2070 444 2229 508 iNES
3556 447 3711 515 1986

334 577 496 665 μόνον
526 580 626 647 τὴν
652 578 919 656 βασιλείαν
974 577 1179 657 ἔδειξεν,
1231 577 1352 636 ἀλλ’
1398 579 1479 637 ὅτι
1536 580 1623 637 καὶ
1652 583 1793 654 αὒτῷ
1822 585 1977 638 τοῦτο

2070 596 2391 658 poenarum.
2437 579 2646 660 Neque
2686 598 2831 642 vero
2860 580 2973 642 hac
3009 600 3130 644 una
3161 580 3237 644 de
3255 601 3431 646 causa
3458 603 3711 665 regnum

328 664 531 738 μᾷλλον
560 668 626 736 ἦν
656 665 1080 749 πρεπωδέστερον
1091 716 1102 730 .
1674 684 1679 694 ’

2070 669 2511 758 demonstravit,
2542 687 2743 758 verum
2793 670 2968 732 etiam
3020 671 3161 753 quia
3186 672 3299 735 hoc
3330 664 3711 758 ipsumquo-

2061 775 2178 838 que
2208 757 2395 838 magis
2422 757 2693 820 decebat.

414 848 512 904 Καὶ
580 853 744 903 ταῦτα
816 848 911 923 μὲν
982 846 1335 927 ἁπλούστερον
1404 847 1653 927 ἀνάγεται
1724 848 1809 905 ἐπὶ
1876 849 1976 915 τὴν

2140 846 2333 928 Atque
2382 848 2508 908 hac
2565 847 2807 929 quidem
2865 849 3197 929 simplicius
3247 852 3586 918 referentur
3635 856 3710 919 ad

333 937 467 1010 μετὰ
522 934 573 1003 ἓξ
608 937 831 1017 ’ἡμέρας
880 936 1085 1013 ἄνοδον,
1143 945 1248 995 τῶν
1306 945 1463 1019 τριῶν
1495 942 1744 1015 μαθητῶν
1789 941 1861 1003 εἷς
1914 940 1975 995 τὸ

2070 955 2372 999 ascensum
2426 936 2600 997 trium
2657 936 3085 1018 discipulorum
3136 939 3201 1003 In
3255 951 3520 1005 montem
3576 964 3709 1008 cum

332 1021 449 1105 ὅρος
498 1026 589 1083 σὺν
632 1033 708 1102 τῷ
759 1025 934 1094 Ἰησοῦ
981 1026 1098 1083 κατ’
1161 1025 1311 1103 ἰδίαν,
1371 1025 1590 1092 ’[δόντες
1647 1028 1747 1107 γὰρ
1804 1049 1974 1104 μετα-

2070 1021 2197 1086 lesu
2216 1025 2367 1101 solo,
2386 1043 2487 1087 sex
2512 1023 2724 1087 diebus
2741 1036 3295 1107 postconsecutum.
3320 1029 3525 1094 Visum
3551 1034 3710 1097 enim

332 1117 670 1196 μορφωθέντα
716 1118 809 1173 τὸν
846 1115 1050 1185 Ἰησοῦν
1097 1121 1184 1176 καὶ
1241 1124 1471 1186 Μωυσῆν
1524 1120 1612 1175 καὶ
1664 1110 1844 1175 ’Πλίαν
1903 1120 1975 1183 ὡς

2070 1112 2195 1178 Iesu
2229 1116 2663 1194 transﬁgurato,
2717 1124 2777 1176 et
2819 1119 3027 1194 Moyse
3077 1127 3255 1198 atque
3307 1120 3438 1183 Elia
3484 1141 3592 1185 ceu
3623 1141 3715 1185 sa-

329 1203 660 1287 δορυςρόρους,
693 1207 839 1266 εἶδον
886 1212 976 1267 τὸν
1043 1210 1261 1290 Χριστὸν
1320 1210 1373 1265 ἐν
1431 1208 1667 1285 βασιλείᾳ
1716 1211 1803 1265 καὶ
1832 1207 1976 1287 δόξῃ.

336 1296 596 1378 ξΕπετχον
640 1298 694 1355 δὲ
723 1301 906 1376 τύπον,
961 1302 989 1358 ὀ
1048 1301 1144 1378 μὲν
1201 1306 1429 1369 Μωυσῆς
1486 1308 1579 1357 τοῦ
1637 1300 1823 1377 νόμου,
1877 1302 1905 1357 6
1934 1297 1980 1356 δ’

340 1377 653 1451 Ἠλίαςίτῶν
704 1397 1012 1470 προφητῶν,
1076 1394 1122 1447 οἱ
1178 1389 1232 1446 δὲ
1285 1404 1432 1470 τρεῖς
1491 1391 1720 1466 μαθηταὶ
1777 1396 1870 1447 τοῦ
1898 1390 1979 1445 εύ-

336 1475 620 1554 αγγελικοῦ
673 1480 1012 1558 κηρύγματος
1071 1480 1158 1536 καὶ
1212 1484 1311 1546 τῆς
1367 1481 1441 1542 εἷς
1500 1480 1598 1546 τὴν
1655 1477 1848 1552 Τριάδα
1896 1479 1980 1535 πί-

336 1585 525 1629 στεως.
560 1568 619 1624 Εἰ
649 1564 704 1622 δὲ
736 1567 846 1647 χρὴ
893 1569 982 1624 καί
1036 1590 1153 1624 τινα
1211 1564 1575 1636 ἀναϐεϐηκότα
1621 1567 1778 1647 λόγον
1811 1570 1981 1624 εἰπεῖν

334 1654 471 1710 κατὰ
499 1653 723 1733 πάροδον
781 1660 880 1722 τῆς
940 1655 1052 1732 μεθ’
1112 1654 1164 1722 ἓξ
1218 1656 1421 1737 ἡμέρας
1472 1662 1564 1712 τοῦ
1594 1657 1779 1737 Κυρίου
1810 1678 1980 1733 μετα-

337 1743 682 1823 μορφώσεως,
739 1746 799 1801 οὔ
856 1746 1032 1822 μάτην
1090 1745 1202 1821 μεθ’
1260 1744 1311 1811 ἓξ
1371 1745 1562 1826 ἑμέρας
1622 1745 1805 1820 τελείῳ
1860 1746 1980 1826 ἀρι-

2066 1202 2354 1265 tellitibus
2385 1204 2765 1284 quibusdam,
2798 1204 3080 1270 viderunt
3111 1208 3407 1271 Christum
3440 1210 3500 1272 in
3529 1231 3714 1292 regno

2065 1302 2123 1383 et
2153 1293 2361 1383 gloria.
2398 1294 2697 1357 Gerebant
2725 1303 2923 1356 autem
2956 1304 3004 1373 ι)
3026 1315 3186 1376 pum,
3216 1302 3441 1379 Moyses
3471 1304 3708 1383 quidem

2065 1382 2235 1462 legis,
2255 1382 2569 1445 Eliasvero
2620 1384 3064 1465 prophetarum,
3105 1395 3225 1448 tres
3247 1382 3710 1454 detnum’disci-

2065 1471 2188 1552 puli
2219 1472 2573 1551 evangelicae
2603 1473 3046 1554 praedicationis
3093 1484 3153 1537 et
3202 1476 3337 1539 ﬁdei
3368 1478 3428 1540 in
3461 1480 3715 1543 Trinita-

2065 1568 2211 1621 tem.
2268 1560 2437 1633 Quod
2493 1561 2543 1622 si
2599 1562 2741 1641 quid
2793 1573 2973 1625 etiam
3022 1564 3197 1627 altius
3246 1566 3570 1631 dicendum
3622 1579 3714 1633 est

2064 1649 2377 1712 occasione
2402 1648 2966 1730 Transﬁgurationis
2997 1662 3129 1733 post
3178 1672 3279 1716 sex
3312 1655 3440 1719 dies
3471 1658 3707 1737 futurae,

2064 1757 2183 1800 non
2206 1739 2422 1800 frustra
2435 1747 2677 1820 postsex
2692 1740 2821 1802 dies
2839 1742 3101 1822 perfecto
3126 1761 3375 1807 numero
3401 1747 3713 1811 universus

335 1835 454 1907 θμῷ
522 1835 550 1889 6
619 1833 830 1909 σύμπας
900 1834 1097 1910 κόσμος
1168 1834 1472 1913 γεγένηται,
1551 1827 1607 1894 ιΟ
1676 1837 1851 1917 πάντα
1920 1838 1983 1893 τὰ

2070 1828 2325 1889 mundus
2344 1829 2530 1890 factus
2550 1837 2659 1891 est.
2699 1828 2810 1902 Qui
2851 1848 3060 1892 omnes
3102 1833 3303 1895 mundi
3330 1854 3427 1897 res
3446 1845 3709 1917 superat,

338 1926 430 1977 τοῦ
499 1921 699 1997 κόσμου
765 1919 1088 2001 ὑπερϐαίνων
1157 1924 1464 2003 πράγματα,
1538 1916 1749 2000 βλέπων
1808 1922 1862 1980 δὲ
1916 1925 1982 1981 τὰ

337 2010 542 2066 ἑστῶτα
572 2011 707 2086 μόνα
739 2013 826 2067 καὶ
856 2011 1062 2085 αἰώνια,
1121 2015 1268 2077 οὗτος
1320 2010 1433 2089 μεθ’
1488 2010 1539 2078 ἓξ
1567 2013 1765 2092 ἡμέρας
1800 2035 1979 2092 παρει-

335 2097 532 2179 λῆφθαι
562 2098 810 2168 δηλοῦται
863 2108 940 2176 τῷ
996 2099 1191 2169 Ἰησοῦ.
1258 2093 1314 2161 ιΟ
1372 2104 1470 2183 γὰρ
1530 2100 1754 2183 ὑπερϐὰς
1797 2103 1979 2181 βλέπει

334 2190 428 2244 τὸν
481 2187 688 2257 Ἰησοῦν
743 2192 834 2247 τὸν
887 2189 1054 2249 οὒδενὶ
1092 2198 1197 2249 τῶν
1249 2192 1396 2248 κάτω
1454 2192 1977 2274 μεταμορφούμενον,

338 2281 813 2360 μεταμορφωθέντά
870 2281 1159 2361 ἔμπροσθεν
1213 2288 1392 2340 αυτοῦ.
1466 2283 1712 2339 Φαίνεται
1784 2283 1883 2362 γὰρ
1953 2285 1981 2339 6

336 2366 507 2444 Λόγος
541 2366 814 2450 διαφόρους
845 2368 989 2450 ἔχων
1018 2371 1222 2452 μορφὰς
1277 2371 1484 2446 ἑκάστῳ
1538 2373 1610 2434 ὡς
1640 2384 1814 2451 χωρεῖ
1848 2387 1861 2400 ⁶
1898 2375 1985 2431 καὶ

336 2468 456 2520 τοῖς
487 2458 583 2533 μὲν
615 2458 709 2515 οὒκ
737 2456 853 2538 ἔχει
886 2456 1055 2538 εἶδος,
1108 2472 1225 2523 τοῖς
1283 2457 1337 2516 δὲ
1391 2460 1594 2539 ὡραϊόσ
1634 2458 1743 2515 ἐστι
1772 2458 1978 2522 κάλλει,

336 2552 466 2609 Τοτς
526 2546 620 2622 μέν
673 2549 771 2627 γὰρ
829 2550 906 2624 μὴ
965 2548 1296 2605 ἀνακαίνουσι
1354 2547 1438 2607 διὰ
1492 2555 1597 2606 τῶν
1652 2546 1982 2617 ἐπαναϐεϐη-

334 2635 508 2692 κότων
540 2634 727 2716 ἔργων,
763 2639 851 2695 καὶ
907 2635 973 2694 δι’
1031 2638 1200 2696 αὐτῶν
1257 2638 1342 2696 ἐπὶ
1397 2641 1458 2695 τὸ
1503 2638 1709 2714 ὑψηλὸν
1751 2644 1850 2706 τῆς
1882 2662 1980 2697 σο-

335 2727 458 2806 φίας
515 2726 634 2807 ὅρος
682 2726 1036 2808 ἁπλούστερον
1087 2741 1313 2809 νοεῖται,
1370 2729 1458 2785 καὶ
1506 2729 1642 2785 κατὰ
1694 2730 1860 2808 σάρκα
1890 2753 1979 2807 γι-

336 2814 594 2874 νώσκεται
630 2834 644 2848 ⁸
706 2831 822 2881 τοῖς
877 2814 933 2873 δὲ
988 2816 1207 2881 τελείοις
1263 2816 1613 2897 θεολογεϊται,
1675 2820 1763 2875 καὶ
1813 2817 1866 2874 ἐν
1916 2823 1984 2896 τῇ

332 2910 429 2962 τοῦ
486 2911 616 2963 Θεοῦ
672 2911 848 2985 μορφῇ
917 2907 1051 2962 κατὰ
1115 2906 1213 2973 τὴν
1285 2911 1476 2985 γνῶσιν
1532 2906 1704 2964 αὐτῶν
1758 2909 1981 2985 θεωρεῖ-

334 3004 447 3055 ται.
480 2992 685 3070 Λέμπει
731 2992 786 3051 δὲ
842 2996 929 3052 καὶ
982 2997 1043 3051 16
1099 2996 1383 3075 πρόσωπον
1439 2999 1594 3054 αὒτοῦ
1643 2997 1716 3058 ὡς
1747 2998 1774 3053 6
1804 2994 1980 3067 ἥλιος,

2065 1918 2308 2006 solaque
2338 1916 2573 1979 stabilia
2619 1924 2678 1979 et
2724 1926 2943 1980 aeterna
2987 1931 3236 2001 spectat,
3288 1942 3422 1985 eum
3451 1916 3582 2006 post
3612 1946 3714 1990 sex

2065 2006 2193 2067 dies
2218 2024 2253 2066 a
2280 2005 2420 2069 Jesu
2451 2025 2816 2088 assumptum
2848 2028 2984 2071 esse
3008 2010 3391 2089 signiﬁcatur.
3418 2005 3529 2087 Qui
3551 2016 3709 2078 enim

2064 2094 2166 2154 illa
2225 2096 2633 2171 transcendit,
2696 2097 2851 2159 videt
2904 2099 3144 2177 Jesum,
3216 2102 3317 2182 qui
3368 2105 3595 2166 nemini
3641 2123 3715 2169 ex

2062 2183 2446 2246 inferioribus
2466 2186 2935 2264 transﬁguratur,
2960 2190 3441 2270 transﬁguratum
3465 2204 3603 2256 ante
3623 2212 3709 2257 se.

2062 2272 2315 2334 Videtur
2342 2274 2501 2336 enim
2532 2273 2795 2337 Verbum
2824 2277 3088 2340 diversas
3118 2281 3339 2341 habere
3366 2282 3584 2361 ﬁguras
3605 2303 3712 2365 pro

2070 2363 2356 2443 cujusque
2414 2371 2617 2444 captu.
2691 2367 2887 2446 Atque
2961 2366 3096 2429 aliis
3160 2368 3401 2450 quidem
3459 2363 3715 2437 informe

2065 2460 2332 2531 apparet,
2363 2452 2494 2542 aliis
2521 2452 2852 2533 spcciosum
2902 2456 3369 2536 pulchritudine.
3417 2458 3564 2522 Nam
3615 2462 3716 2542 qui

2065 2558 2184 2630 non
2212 2540 2542 2603 ascendunt
2585 2561 2693 2622 per
2735 2542 3014 2606 sublimia
3074 2564 3276 2626 opera,
3330 2556 3393 2611 et
3442 2568 3551 2630 per
3602 2540 3715 2614 hac

2064 2629 2246 2691 altum
2303 2630 2612 2711 sapientiae
2663 2640 2925 2694 montem
2983 2644 3291 2715 superant,
3343 2636 3385 2697 ii
3444 2629 3708 2702 Verbum

2063 2717 2396 2799 simplicius
2427 2719 2785 2802 intelligunt,
2840 2730 2899 2783 et
2941 2723 3273 2786 secundum
3325 2744 3568 2789 carnem
3600 2748 3707 2791 co-

2062 2818 2373 2887 gnoscunt.
2416 2810 2496 2871 At
2534 2828 2671 2871 vero
2710 2810 2953 2891 perfecti
2985 2811 3041 2873 id
3075 2812 3270 2893 ipsum
3300 2813 3360 2875 in
3392 2814 3581 2877 forma
3607 2819 3714 2879 Dei

2066 2915 2175 2986 per
2211 2897 2610 2977 cognitionem
2658 2917 2821 2960 suam
2872 2902 3375 2983 contemplantur.
3430 2903 3717 2986 Splendet

2067 2985 2288 3048 deinde
2319 2987 2495 3049 etiam
2541 2988 2719 3050 facies
2766 2989 2897 3069 ejus
2941 2990 3099 3052 sicut
3145 2993 3256 3068 sol,
3310 2992 3450 3054 ﬁliis
3477 2985 3626 3055 lucis
3656 3004 3716 3057 et

332 3095 455 3145 τοῖς
523 3083 726 3148 τέκνοις
798 3085 971 3164 φωτὸς
1034 3086 1124 3140 καὶ
1191 3084 1391 3164 ἡμέρας
1449 3081 1783 3152 δικαιοσύνης
1832 3083 1983 3155 ἥλιος

2070 3075 2213 3150 diei,
2265 3076 2361 3139 Sol
2421 3077 2696 3139 videlicet
2737 3078 3006 3158 justitiaa.
3060 3079 3212 3152 Quin
3262 3089 3320 3142 et
3367 3083 3718 3145 vestimenta

335 3172 482 3229 εἶναι
553 3174 950 3253 φονερούμενος.
1027 3171 1193 3229 ’Δλλᾶ
1261 3174 1349 3228 καὶ
1419 3172 1484 3231 τὰ
1560 3174 1745 3250 ἱμάτια
1829 3173 1983 3229 cit-3106

2070 3166 2236 3243 ejus,
2288 3166 2406 3227 illis
2460 3186 2607 3247 quos
2664 3166 2724 3228 in
2802 3179 3065 3230 montem
3152 3171 3451 3233 excelsum
3512 3173 3713 3252 duxit,

236 3320 249 3329 ,
333 3276 457 3325 τοϊς
489 3259 802 3343 ἀναχθεῖσιν
857 3261 944 3319 ὑπ’
1003 3263 1158 3320 αὐτοῦ
1214 3264 1285 3325 εἷς
1344 3263 1404 3318 τὸ
1448 3262 1566 3342 ὅρος
1622 3260 1828 3338 ὑψηλὸν
1859 3262 1984 3343 φαί-

334 3372 483 3409 νεται
535 3349 696 3408 λευκὰ
747 3355 819 3415 ὡς
874 3353 936 3408 τὸ
992 3358 1102 3432 φῶς
1137 3371 1150 3384 '
1212 3351 1345 3430 ἅπερ
1400 3352 1525 3407 εἰσὶν
1583 3354 1635 3407 αἱ
1692 3349 1856 3416 λέξεις
1898 3354 1986 3408 καὶ

334 3442 370 3496 ἃ
444 3438 716 3500 ἐνεδύσατο
784 3447 890 3498 τῶν
946 3439 1278 3521 Εὐαγγελίων
1330 3440 1614 3521 γράμματα
1645 3459 1657 3473 '
1720 3441 1874 3516 οἶμαι
1931 3439 1985 3497 δὲ

332 3530 419 3588 ὅτι
454 3532 543 3588 καὶ
588 3532 652 3587 τὰ
703 3532 808 3588 ἀπὸ
862 3536 960 3600 τῆς
1016 3536 1227 3611 Γραφῆς
1287 3536 1392 3586 τῶν
1449 3527 1759 3586 ἀποστόλων
1788 3526 1983 3596 δηλού-

333 3642 495 3697 μενοι,

419 3708 588 3769 Ἐπὲιν
618 3710 705 3767 οὖν
740 3709 883 3788 ,ἴδῃς
932 3712 1047 3767 τινὰ
1102 3712 1199 3778 τὴν
1256 3713 1373 3791 περὶ
1423 3723 1515 3772 τοῦ
1559 3709 1807 3770 Ἰωὲννου
1864 3713 1986 3767 θεο-

2067 3262 2361 3344 apparent
2401 3256 2532 3318 alba
2569 3256 2722 3319 sicut
2759 3258 2896 3334 lux;
2924 3278 3054 3340 quae
3084 3269 3222 3321 sunt
3251 3260 3450 3338 verba,
3487 3270 3546 3326 et
3572 3282 3719 3344 quas

2066 3342 2263 3432 induit
2290 3342 2739 3423 Evangeliorum
2765 3346 2994 3409 litteras
3025 3356 3103 3427 et,
3139 3357 3204 3410 ut
3231 3350 3462 3430 opinor,
3487 3342 3720 3432 aposto-

2068 3430 2260 3494 lorum
2296 3452 2533 3514 quoque
2563 3435 2808 3517 scripta.

2152 3708 2296 3772 Cum
2355 3727 2494 3788 ergo
2553 3706 2774 3768 videris
2856 3706 3219 3788 quempiam,
3297 3709 3401 3790 qui
3458 3709 3718 3772 divinam

330 3801 522 3880 λογίαν
581 3796 913 3879 ἀκριϐοῦντα,
987 3803 1075 3857 καὶ
1126 3800 1226 3869 τὴν
1285 3799 1422 3866 λέξιν
1491 3808 1595 3858 τῶν
1656 3798 1983 3878 Εὗαγγελίων

2070 3797 2317 3863 Joannis
2344 3797 2673 3861 doctrinam
2707 3806 2980 3858 accurate
3016 3805 3359 3881 pertractat,
3389 3806 3449 3864 et
3477 3819 3716 3863 omnem

330 3898 516 3949 πᾶσαν
575 3890 950 3971 σαφηνίζοντα,
1027 3890 1104 3965 μὴ
1175 3891 1315 3947 ἰίκνει
1371 3896 1448 3965 τῷ
1500 3911 1722 3962 τοιουτῳ
1778 3888 1983 3968 φάσκων

2076 3887 2152 3949 Ει
2169 3886 2871 3967 angeliorumorationem
2892 3886 3333 3965 interpretatur,
3363 3908 3435 3950 ne
3457 3891 3718 3952 verearis

331 3978 610 4062 γενονέναι
660 3982 725 4036 τὰ
779 3980 962 4055 ἱμάτια
1010 3986 1101 4035 τοῦ
1160 3981 1345 4059 Κυρίον
1401 3977 1563 4037 λευκὰ
1618 3980 1690 4041 ὡς
1745 3977 1805 4033 τό
1858 3982 1983 4057 φῶς,

2079 3977 2303 4048 dicere,
2353 3977 2489 4038 huic
2540 3976 2694 4037 facta
2741 3993 2872 4036 esse
2922 3978 3272 4037 vestimenta
3318 3976 3717 4041 Domiuialba

331 4077 429 4145 Τῷ
481 4067 526 4125 δ’
585 4067 749 4133 οὕτως
808 4066 964 4125 ἰδόντι
1021 4070 1110 4124 τὸν
1169 4065 1373 4136 Ἰησοῦν
1432 4068 1639 4149 ὀφθεῖεν
1688 4065 1749 4122 ἂν
1796 4071 1983 4133 Μωσῆς

2080 4066 2234 4127 sicut
2261 4067 2377 4127 lux.
2416 4065 2525 4137 Qui
2549 4067 2751 4126 Jesum
2784 4065 2861 4124 ita
2896 4064 3131 4145 viderit,
3166 4066 3389 4127 videbit
3427 4072 3713 4150 .Vloysem,

329 4168 360 4221 ὁ
417 4159 608 4239 νόμος,
672 4160 760 4215 καὶ
818 4155 998 4222 Ἠλίας
1054 4160 1081 4215 ὁ
1140 4159 1467 4239 προφητικὸς
1523 4155 1706 4236 λόγος,
1756 4154 1983 4213 κοινολο-

2077 4154 2268 4234 legem
2300 4155 2572 4231 scilicet;
2632 4162 2690 4215 et
2736 4153 2946 4227 Etiam,
3003 4155 3415 4235 prapheticum
3448 4156 3725 4221 videlicet

326 4255 587 4336 γούμενοι
656 4252 785 4329 πρὸς
856 4249 947 4304 τὸν
1013 4245 1222 4315 Ἰησοῦν
1315 4246 1806 4336 ἀναγωγικώτερον.
1896 4248 1983 4303 Καῖ

2075 4263 2442 4318 sermonem,
2471 4244 2791 4322 anagogico
2808 4243 3067 4325 quodam
3090 4262 3268 4305 sensu
3310 4246 3720 4325 colloquentes

324 4326 576 4425 περὶτοῦ
626 4339 973 4420 προκειμένου
1028 4338 1199 4418 φαμὲν
1255 4337 1327 4400 ὠς
1388 4326 1671 4405 Ἐστήκασι
1723 4336 1864 4415 παρὰ
1914 4341 1983 4409 τῷ

2072 4352 2208 4425 cum
2232 4332 2397 4397 Jesu.
2421 4334 2506 4396 Ac
2528 4333 2956 4425 dehujusmodi
2980 4333 3222 4425 homine
3244 4333 3499 4425 dicimus
3525 4334 3670 4425 illud
3703 4359 3716 4395 :

328 4421 498 4511 Λόγῳ
547 4432 594 4486 οἱ
650 4426 1009 4508 ὲρηρεισμένοι
1068 4428 1161 4490 τὰς
1225 4431 1322 4493 τῆς
1385 4430 1568 4506 ψυχῆς
1627 4424 1804 4502 βάσεις
1839 4444 1854 4457 ·
1914 4426 1983 4488 ὡς

2072 4421 2380 4486 Steterunt
2409 4423 2565 4505 apud
2598 4421 2883 4496 Verbum,
2939 4422 3040 4502 qui
3093 4423 3307 4483 ﬁrmati
3332 4433 3472 4511 sunt
3500 4424 3718 4487 animae

326 4495 540 4586 Μωσῆς
592 4518 774 4575 ἆκούεν
831 4538 972 4596 παρα
1028 4524 1159 4573 Θεου
1215 4535 1231 4553 ο
1300 4538 1327 4571 ιι
1386 4516 1460 4571 Σὺ
1517 4512 1571 4571 δὲ
1627 4517 1782 4571 αὐτοῦ
1831 4518 1983 4582 στῆθι

2078 4514 2365 4594 pedibus:
2418 4495 2918 4593 quemadmodum
2953 4495 3177 4591 Hoyses
3206 4510 3456 4572 audiens
3485 4531 3517 4572 a
3549 4511 3670 4575 Deo
3700 4532 3715 4578 ε

329 4607 458 4691 μετ’
492 4607 621 4684 ἐμοῦ
655 4627 671 4644 ⁸
712 4630 734 4665 υ
771 4606 859 4663 καὶ
888 4608 935 4661 οἱ
964 4603 1233 4685 λέγοντες,
1280 4627 1308 4659 α
1345 4595 1600 4691 ᾞστῶτες
1634 4603 1776 4678 ἧμαν
1808 4606 1854 4660 οἱ
1884 4626 1983 4660 πο-

2081 4600 2168 4664 Tu
2189 4611 2396 4664 autem
2418 4603 2628 4663 hius-ta
2651 4617 2882 4662 mecum
2898 4599 2955 4649 18
2980 4622 2992 4659 :
3013 4608 3070 4660 et
3085 4598 3446 4691 qui_dicunt:
3467 4599 3720 4691 Staintes

326 4684 420 4766 δες
453 4701 607 4775 ἡμῶν
667 4697 721 4753 ἐν
776 4708 898 4759 ταῖς
958 4692 1145 4757 αὔλατς
1204 4716 1318 4766 σου,
1381 4684 1744 4772 Ἰερουσαλήμ.
1810 4717 1836 4748 ι
1890 4694 1990 4752 Καὶ

325 4790 454 4850 ἐπεί
483 4788 622 4844 ἐστιν
652 4787 705 4843 ὲν
755 4798 872 4850 τοῖς
930 4785 1121 4841 έστῷσι
1175 4781 1415 4864 διαφορὰ,
1476 4786 1523 4839 οἱ
1580 4781 1784 4860 βέλτιον
1813 4784 1986 4840 ἐπῶ-

324 4903 423 4946 τες
496 4878 595 4945 τὴν
650 4876 789 4933 θείαν
858 4872 1008 4940 δόξαν
1058 4879 1150 4930 τοῦ
1206 4872 1258 4927 έν
1314 4871 1604 4951 ἀνθρώποις
1657 4870 1984 4949 ἐπιδεδημη-

323 4970 498 5031 κότος
567 4964 844 5044 λόγου,καὶ
909 4965 970 5019 τὸ
1040 4961 1243 5037 ἀξίωμα
1313 4959 1471 5016 αὐτοῦ
1523 4956 1742 5035 ὄψονται
1779 4977 1794 4991 '
1854 4960 1990 5016 οῗτι-

325 5081 419 5123 νες
455 5055 517 5113 οὒ
580 5055 738 5131 μόνον
793 5056 853 5111 οὔ
911 5053 989 5129 μὴ
1039 5052 1375 5131 ἐμφορηθῶσι
1433 5055 1523 5106 τοῦ
1577 5049 1821 5122 θανάτου,
1871 5048 1990 5106 ἀλλ’

325 5145 458 5207 οὗδὲ
490 5145 779 5225 ὰκροθιγῷς
834 5143 1109 5222 γεύσονται
1152 5142 1241 5196 τὸν
1290 5136 1446 5219 ἄρτον
1488 5143 1585 5206 τῆς
1614 5143 1756 5209 ζωῆς
1789 5138 1991 5196 ἐσθίον·-

324 5259 446 5311 τες,
500 5235 598 5302 τὴν
658 5233 823 5311 σάρκα
869 5238 961 5289 τοῦ
1012 5231 1198 5309 Κυρίου
1236 5230 1393 5311 φημὶ,
1447 5229 1534 5300 καὶ
1581 5228 1641 5283 τὸ
1696 5230 1836 5303 αἷμα
1892 5227 1991 5284 αὒ-

323 5336 428 5386 1on
514 5324 773 5385 πίνοντες.
859 5321 1104 5377 Γεύονται
1192 5316 1246 5373 δὲ
1328 5317 1549 5379 θανάτου
1634 5319 1680 5373 οἱ
1770 5316 1990 5395 μετρίως

324 5412 731 5493 ἁμαρτάνοντες
768 5428 781 5442 '
844 5407 1211 5485 ὲμπιπλῶνται
1269 5403 1325 5462 δὲ
1371 5406 1556 5462 τούτου
1603 5408 1651 5461 οἱ
1694 5411 1799 5461 πᾶν
1848 5403 1991 5470 εἶδος

323 5492 532 5565 κακίας
606 5499 1013 5579 μετερχόμενοι,
1084 5498 1173 5554 καὶ
1253 5495 1337 5552 διὰ
1424 5502 1578 5553 τοῦτο
1647 5492 1827 5553 τέλεον
1895 5500 1991 5561 τῆς

321 5593 480 5655 θείας
555 5595 697 5660 ζωῆς
764 5588 1176 5661 ἀποπίπτοντες,
1248 5585 1335 5642 καὶ
1400 5588 1531 5666 πρὸς
1601 5584 1667 5641 τὰ
1720 5590 1812 5641 τοῦ
1869 5580 1994 5658 ᾅδου

414 5759 486 5814 18
513 5755 686 5835 Deut,
718 5774 780 5839 ν,
815 5755 912 5822 31.
1002 5756 1065 5808 19
1088 5755 1224 5820 Psal
1252 5771 1412 5837 exn,
1444 5757 1504 5821 2.

2073 4698 2247 4754 erant
2272 4692 2446 4772 pedes
2474 4691 2667 4753 nostri
2696 4692 2764 4751 in
2791 4691 2968 4752 atriis
2998 4691 3143 4767 tuis,
3172 4689 3511 4752 Jerusalem
3542 4690 3601 4741 19
3655 4691 3726 4754 Ει

2072 4781 2354 4862 quoniam
2384 4780 2542 4841 inter
2569 4787 2794 4841 stantes
2847 4786 2938 4840 est
2984 4777 3333 4848 discrimen,
3375 4778 3476 4859 qui
3507 4780 3722 4843 melius

2072 4878 2250 4945 stant,
2297 4870 2553 4931 divinam
2605 4867 2781 4930 Verbi
2827 4868 2982 4929 inter
3036 4865 3304 4928 homines
3358 4870 3721 4949 peregrinati

2072 4962 2323 5041 gloriam
2375 4969 2432 5021 et
2486 4958 2833 5039 dignitatem
2884 4957 3018 5038 ejus
3064 4956 3397 5019 videbunt:
3449 4960 3550 5038 qui
3605 4979 3724 5021 non

2075 5050 2251 5111 modo
2282 5069 2399 5110 non
2430 5050 2819 5130 replebuntur
2848 5055 3063 5121 monte,
3099 5047 3199 5107 sed
3254 5066 3328 5108 ne
3362 5048 3728 5127 primoribus

2073 5139 2315 5221 quidem
2349 5138 2531 5201 labris
2551 5136 2889 5218 gustabunt,
2917 5154 3125 5217 panem
3151 5138 3281 5197 vitae
3302 5138 3715 5218 comedentes,

2075 5248 2322 5290 carnem
2388 5227 2646 5303 Domini,
2720 5227 2985 5308 inquam,
3072 5232 3130 5286 et
3186 5228 3537 5305 sanguinem
3597 5228 3728 5307 ejus

2076 5316 2371 5379 bibentes.
2407 5316 2654 5380 Gustant
2682 5335 2858 5397 porro
2889 5324 3167 5385 mortem,
3204 5315 3304 5395 qui
3340 5317 3728 5379 mediocriter

2076 5416 2323 5487 peccant
2359 5427 2374 5483 ;
2406 5406 2729 5487 implentur
2753 5413 2814 5468 et
2843 5404 3013 5485 quasi
3044 5403 3353 5473 satiantur,
3391 5403 3491 5485 qui
3525 5406 3727 5467 omnia
3824 5408 3827 5415 ’

2077 5495 2436 5573 ﬂagitiorum
2494 5514 2716 5574 genera
2776 5493 3130 5574 suscipiunt,
3210 5501 3390 5574 atque
3442 5495 3595 5557 hanc
3651 5493 3727 5556 ob

2078 5601 2317 5647 causam
2348 5585 2586 5667 penitus
2615 5583 2816 5646 divina
2846 5583 3134 5645 excidunt
3179 5579 3322 5659 vita,
3376 5594 3438 5645 et
3467 5585 3541 5645 ad
3571 5582 3729 5647 infe-
