4156 6414
467 350 616 418 1287
1544 349 1602 418 J.
1647 351 2037 421 XIPHILINI
2078 359 2192 422 CP.
2239 361 2757 426 PATRIARCHIE
3701 373 3861 452 1288

456 505 662 551 rerum
711 487 986 551 barathra
1038 487 1450 550 devolvuntur.
1505 489 1594 550 Ac
1641 488 1834 568 majus
1881 488 2099 550 malum

2189 493 2631 575 κατενηνεγμένοι
2681 495 2934 577 βάραθρα.
2991 505 3186 570 Μεῖζον
3240 499 3296 557 δὲ
3351 505 3517 561 κακὸν
3575 513 3669 563 τοῦ
3724 505 3857 564 ἰδεῖν

457 588 568 651 est,
623 589 861 654 gustare
913 586 1187 658 mortem,
1245 596 1420 658 quam
1473 576 1698 646 videre,
1755 587 1815 640 et
1859 578 1917 638 'si
1949 596 2104 640 mors

2193 583 2414 640 θάνατον
2464 586 2525 640 τὸ
2579 576 2880 662 γεύσασθαι,
2931 593 3024 644 τοῦ
3072 585 3126 644 δὲ
3175 590 3456 668 γεύσασθαι
3507 596 3568 651 τὸ
3618 594 3855 652 ἀκολου-

465 673 520 726 te
550 677 850 748 sequatur,
881 685 1056 747 quam
1089 666 1137 727 si
1199 683 1329 726 eam
1375 673 1576 744 gustes
1606 683 1618 728 :
1673 665 1941 728 omnium
1972 685 2104 729 vero

2192 676 2306 729 θεῖν
2338 695 2439 729 τινι
2494 673 2736 747 θάνάτον,
2797 675 3010 740 πάντων
3067 674 3122 732 δὲ
3180 665 3372 758 χεῖρον
3401 683 3462 738 τὸ
3491 687 3857 751 καταποθῆναι

463 757 809 836 pessimum,
849 755 1126 817 devorari
1158 773 1192 816 a
1222 763 1438 816 morte.

2202 762 2305 818 ὑπὸ
2333 771 2424 821 τοῦ
2452 763 2696 826 θανάτου,

545 855 647 918 Sin
703 858 952 935 mystice
1010 855 1120 916 hac
1178 853 1252 915 de
1322 871 1389 915 re
1464 853 1626 934 loqui
1677 853 1946 927 velimus,
2007 855 2104 916 vita

2285 857 2562 935 Μυῖτικῶς
2591 849 2646 906 δὲ
2702 857 2815 923 ζωὴ
2873 855 2902 909 ὁ
2959 856 3204 932 Χριστὸς,
3264 857 3485 921 θάνατος
3528 856 3582 914 δὲ
3613 862 3642 917 ὁ
3671 858 3820 916 διάϐο
3853 888 3864 898 ·

460 943 729 1006 Christus
763 923 924 1019 vest;
980 962 1164 1016 mors,
1246 923 1561 1004 diabolus:
1606 943 1680 1004 Et
1739 954 1805 1003 ut
1864 923 2104 1005 mortem

2202 937 2317 1004 λος.
2381 923 2574 1016 Ὥσπερ
2621 937 2677 996 δέ
2733 940 2842 996 ἐστι
2900 943 3138 1020 γεύεσθαι
3193 946 3440 1019 θανάτου,
3511 945 3676 1012 οὕτως
3748 948 3857 1006 ἐστὶ

455 1044 694 1112 gustare
728 1033 884 1098 licet.
922 1033 1003 1093 ila
1038 1041 1096 1093 et
1131 1031 1338 1092 sidere
1362 1029 1666 1104 etaudire,
1701 1037 1761 1091 et
1783 1030 2021 1091 odorari
2063 1049 2104 1092 ei

2200 1030 2286 1085 καὶ
2359 1033 2574 1108 θεωρεῖν
2644 1030 2865 1086 θάνατου
2949 1033 3038 1087 καὶ
3128 1031 3335 1090 ἀκούειν
3434 1037 3678 1117 θανάτου,
3771 1039 3857 1093 καὶ

467 1131 728 1202 tangere.
766 1121 995 1184 Etenim
1023 1120 1071 1181 si
1093 1138 1304 1181 manus
1324 1120 1726 1200 apostolorum
1759 1126 2104 1181 attrectave-

2201 1120 2563 1200 ὀσφραὶνεσθαι
2633 1119 2855 1176 θανάτου
2917 1121 3004 1176 καὶ
3069 1121 3343 1183 ἃπτεσθαι.
3441 1127 3498 1182 Εἰ
3583 1127 3683 1206 γὰρ
3769 1128 3859 1182 καὶ

462 1221 602 1273 runt
657 1211 856 1285 vitam,
910 1229 1121 1272 manus
1169 1229 1308 1288 ergo
1363 1209 2000 1290 pseudoapostolorum
2055 1216 2104 1271 el

2197 1211 2250 1264 αἱ
2321 1221 2506 1288 χεῖρες
2577 1212 2680 1262 τῶν
2729 1207 3038 1266 ἀποστόλων
3109 1209 3491 1291 ἐψηλάφησαν·
3518 1213 3618 1280 τὴν
3688 1215 3855 1286 ζωὴν,

462 1301 872 1380 operariorum
930 1299 1268 1360 dolosorum
1317 1305 1788 1359 attrectaverent
1835 1307 2104 1358 mortem.

2199 1301 2246 1354 οἱ
2295 1310 2482 1378 χεῖρες
2542 1293 2640 1375 ἄρα
2696 1302 2801 1352 τῶν
2859 1295 3304 1373 ψευδαποστόλων
3357 1303 3445 1357 καὶ
3497 1303 3731 1381 ἐργατῶν
3781 1301 3862 1359 80-

461 1389 532 1450 Et
580 1389 632 1450 si
662 1407 802 1450 oves
833 1387 1049 1450 Christi
1081 1386 1336 1448 audiunt
1386 1405 1594 1448 vocem
1649 1387 1804 1466 ejus,
1843 1385 1961 1446 illa;
1991 1385 2104 1464 ejus

2203 1385 2356 1466 λίων,
2384 1385 2736 1466 ἐψηλάφησαν
2799 1389 2872 1451 εἰς
2929 1389 3020 1444 τὸν
3073 1389 3316 1448 θάνατον.
3374 1392 3475 1448 Καὶ
3529 1393 3571 1447 εἰ
3625 1392 3695 1448 τὰ
3719 1393 3857 1471 πρό-

463 1495 600 1540 oves
628 1477 874 1539 audiunt
917 1495 1120 1538 vocem
1169 1475 1402 1548 mortis,
1455 1483 1513 1536 at
1558 1494 1708 1556 quos
1759 1474 1946 1538 dicit:
2007 1473 2104 1537 V0:

2204 1471 2339 1531 ϐατα
2366 1481 2458 1530 τοῦ
2513 1480 2738 1553 Χριστοῦ
2788 1475 2965 1532 ἀκούει
3023 1483 3121 1544 τῆς
3180 1483 3361 1559 φωνῆς
3420 1479 3599 1561 αὐτοῦ,
3650 1480 3714 1536 τὰ
3762 1480 3860 1555 μὲν

463 1585 586 1628 non
607 1572 748 1629 estis
769 1585 847 1629 ex
867 1567 1081 1628 auibus
1101 1567 1248 1628 meis
1264 1565 1342 1627 49.
1367 1564 1447 1626 De
1469 1563 1713 1625 odoratu
1729 1563 2104 1644 apostolicun

2205 1563 2360 1620 αὒτοῦ
2425 1562 2662 1642 πρόϐατα
2749 1563 2928 1622 ἀκούει
3011 1571 3110 1634 τῆς
3200 1572 3381 1648 φωνῆς
3464 1578 3556 1628 τοῦ
3637 1569 3862 1627 θανάτου

461 1655 608 1717 illud
625 1655 1068 1718 observavimus
1093 1671 1106 1716 :
1145 1653 1370 1716 Christi
1396 1653 1580 1716 bonus
1603 1653 1750 1714 odor
1769 1669 1975 1714 sumus
2002 1651 2104 1714 Det

2205 1655 2336 1732 πρὸς
2386 1654 2472 1717 οὓς
2505 1651 2648 1730 λέγει
2707 1652 2767 1711 ἄν
2832 1675 2856 1709 ε
2923 1651 3113 1731 Τμεῢς
3172 1653 3265 1712 οὔκ
3320 1656 3437 1712 ἐστε
3482 1657 3541 1713 ἐκ
3589 1661 3695 1713 τῶν
3734 1679 3863 1737 προ-

459 1749 528 1806 in
585 1745 753 1805 omni
805 1747 955 1816 loco,
1008 1743 1075 1804 in
1123 1745 1202 1804 iis
1251 1743 1359 1822 qui
1410 1741 1756 1814 sulcantur,
1811 1747 1866 1803 et
1917 1741 1994 1801 iis
2023 1757 2101 1819 qu

2207 1740 2382 1800 ϐάτων
2433 1749 2536 1799 τῶν
2597 1743 2762 1818 ἐμῶν.
2823 1746 2946 1824 Περὶ
3003 1743 3058 1800 δὲ
3109 1749 3207 1812 τῆς
3265 1747 3573 1827 ὀσφρήσεως
3621 1749 3682 1802 τὸ
3728 1746 3862 1803 ἀπο-

452 1841 749 1914 ρενενιιιιε
783 1835 878 1894 his
909 1833 1155 1912 quidem
1179 1830 1324 1893 odor
1338 1831 1551 1892 mortis
1581 1835 1647 1892 in
1670 1839 1930 1891 mortem
1980 1829 2104 1904 ,illi

2211 1831 2452 1887 στολικὸν
2483 1831 2660 1888 ἐκεῖνο
2685 1835 3163 1913 παρεστηρήσαμεν
3192 1832 3356 1899 οὕτως
3415 1833 3545 1916 ἕχον
3581 1853 3595 1866 ⁸
3663 1858 3692 1890 α
3725 1841 3860 1914 Χρι-

461 1940 601 1987 vero
653 1922 802 1984 odor
838 1923 976 1983 vim
1031 1924 1096 1981 in
1136 1921 1326 1982 vitam
1371 1919 1452 1982 2ί).
1503 1919 1700 1980 Bonus
1751 1917 1911 1978 enim
1985 1922 2104 1980 odo:

2213 1929 2336 1978 στοῦ
2431 1919 2616 1976 εὖωδία
2707 1919 2864 1996 ἐσμὲν
2953 1929 3029 1998 τῷ
3114 1929 3230 1998 Θεῷ
3312 1922 3366 1978 ἐν
3449 1926 3604 1980 παντὶ
3685 1925 3858 2005 τόπῳ,

462 2011 680 2074 Christi
711 2019 849 2072 sunt
877 2009 935 2070 in
969 2007 1134 2070 omni
1164 2009 1316 2088 loco,
1354 2009 1628 2069 homines
1656 2005 1756 2086 qui
1787 2007 1846 2066 in
1875 2006 2048 2070 Chris
2075 2017 2104 2069 ιι

2212 2009 2264 2066 ἐν
2335 2023 2452 2074 τοῖς
2523 2009 2846 2086 σωζομένοις
2913 2013 3001 2068 καὶ
3075 2011 3130 2067 ἐν
3198 2025 3318 2076 τοῖς
3386 2011 3771 2088 ἀπολλυμένοις
3840 2029 3854 2042 ⁸

464 2109 622 2164 sunt.
692 2101 779 2162 De
833 2099 1060 2160 visione
1121 2098 1329 2158 mortis
1385 2096 1534 2158 illud
1593 2095 1653 2156 in
1715 2095 2104 2157 testimoniun

2213 2101 2299 2162 οἷς
2351 2100 2448 2174 μὲν
2496 2099 2640 2174 ὀσμὴ
2696 2101 2922 2156 θανάτου
2979 2102 3052 2164 εἷς
3107 2101 3330 2158 θάνατον
3387 2118 3401 2134 '
3464 2105 3550 2166 οἷς
3606 2099 3660 2158 δὲ
3715 2101 3858 2178 ὀσμὴ

463 2188 840 2272 proferimus,
881 2186 1038 2268 quod
1089 2186 1236 2248 dixit
1273 2184 1599 2248 Dominus:
1629 2184 1702 2246 Si
1731 2190 1868 2266 quis
1897 2202 2104 2247 sermo-

2199 2193 2342 2259 ζωῆς
2374 2190 2446 2253 είς
2477 2190 2640 2258 ζωήν,
2680 2210 2704 2244 ιι
2741 2187 2943 2246 Εὒωδία
2991 2189 3091 2269 γὰρ
3149 2197 3372 2270 Χριστοῦ
3423 2192 3552 2247 εἰσιν
3603 2189 3656 2246 ἐν
3703 2192 3860 2246 παντὶ

456 2297 598 2342 nem
627 2296 826 2341 meum
845 2277 1129 2347 servabit,
1165 2284 1416 2338 mortem
1451 2292 1573 2337 non
1597 2274 1826 2336 videbit
1845 2275 1911 2336 in
1935 2281 2104 2336 aeter-

2205 2277 2354 2352 τόπῳ
2412 2280 2458 2332 οἱ
2532 2276 2586 2332 ἐν
2657 2284 2870 2357 Χριστῷ
2939 2276 3224 2357 ἄνθρωποι,
3286 2281 3409 2359 Περὶ
3463 2277 3518 2334 δὲ
3571 2285 3664 2336 τοῦ
3733 2281 3858 2358 ὁρᾷν

457 2387 600 2432 nam
621 2367 702 2426 ει.
749 2367 1017 2430 Dicimus
1069 2363 1230 2426 enim
1275 2364 1454 2426 vitam
1499 2382 1636 2426 esse
1658 2363 1978 2425 Dominum
2006 2382 2104 2425 no-

2206 2365 2428 2423 θάνατον
2498 2365 2675 2422 ἐκεῖνο
2763 2367 2836 2430 εἰς
2931 2368 3214 2447 μαρτύριον
3301 2367 3655 2447 προφέρομεν,
3728 2367 3857 2448 ὅπερ

457 2466 643 2520 strum
693 2459 896 2519 Jesum
952 2455 1294 2520 Christum:
1350 2453 1653 2516 inimicam
1707 2471 1847 2512 vero
1881 2453 2104 2513 horum.

2207 2455 2361 2510 εἶπεν
2392 2457 2420 2512 ὁ
2453 2456 2640 2532 Κύριος
2675 2474 2688 2488 ·
2727 2477 2756 2510 ιι
2809 2453 2935 2512 Ἐάν
2975 2478 3056 2520 τις
3109 2459 3200 2512 τὸν
3253 2455 3381 2534 ἐμὸν
3429 2455 3586 2536 λόγον
3615 2459 3852 2536 τηρήσῃ,

459 2543 674 2608 malam
699 2554 762 2608 et
801 2563 1012 2606 saavam
1055 2552 1308 2604 mortem
1338 2566 1354 2620 ς
1406 2542 1481 2604 de
1510 2560 1626 2622 qua
1656 2549 1943 2621 scriptum
1975 2550 2068 2603 est
2100 2558 2104 2603 :

2202 2544 2423 2600 θάνατον
2493 2546 2553 2601 οὗ
2619 2544 2696 2621 μὴ
2753 2546 2996 2624 θεωρήσῃ
3047 2547 3120 2610 εἰς
3177 2547 3269 2602 τὸν
3336 2547 3520 2610 αἰῶνα,
3583 2571 3611 2602 n
3673 2545 3854 2621 Φαμὲν

456 2633 801 2698 Novissima
832 2633 1090 2696 inimica
1123 2632 1470 2696 destruetur
1501 2648 1665 2692 mors
1694 2629 1768 2688 93.

2201 2633 2301 2712 γὰρ
2355 2637 2427 2698 ὡς
2497 2635 2610 2705 ζωὴ
2683 2633 2778 2710 μὲν
2844 2633 2984 2691 ἐστιν
3057 2637 3086 2691 ὁ
3159 2635 3345 2714 Κύριος
3420 2637 3578 2710 ἡμῶν
3647 2634 3852 2702 Ἰησοῦς

460 2727 704 2804 Χριστὸς,
768 2727 796 2780 ὁ
857 2722 910 2778 δὲ
953 2722 1144 2802 ἐχθρὸς
1201 2722 1398 2778 τούτων
1449 2741 1681 2798 πονηρος
1737 2721 1825 2776 καὶ
1879 2718 2232 2799 παγχάλεπος
2289 2721 2508 2787 θάνατος
2547 2739 2558 2752 '
2617 2725 2734 2802 περὶ
2763 2725 2824 2778 οὗ
2876 2722 3169 2802 γέγραπται
3204 2740 3222 2760 ο
3297 2746 3325 2778 α
3383 2731 3628 2803 Εσχατος
3659 2722 3850 2804 ἐχθρὸς

465 2827 808 2892 καταργεῖται
839 2815 868 2868 ὃ
893 2812 1134 2873 θάνατος.

536 2901 675 2962 Haec
706 2918 846 2980 ergo
905 2898 1188 2978 scientes,
1243 2895 1606 2971 charissimi,
1657 2895 2020 2974 abnegamus
2051 2903 2104 2957 et

2274 2906 2447 2958 Ταῦτα
2475 2901 2640 2956 τοίνυν
2697 2897 2912 2981 εἰδότες,
2961 2900 3250 2978 ἀγαπητοὶ,
3298 2900 3728 2978 ἀπαρνησώμεθα
3758 2901 3850 2956 καὶ

459 2989 852 3069 nosmetipsos
903 2996 1143 3069 propter
1192 2985 1560 3048 Dominum:
1620 2985 1768 3046 nihil
1815 3002 1886 3046 eo
1920 2983 2104 3064 potius

2193 2989 2356 3065 ἡμεῖς
2385 2990 2598 3053 ἑαυτοὺς
2625 2986 2709 3045 διὰ
2741 2991 2830 3046 τὸν
2867 2989 3053 3068 Κύριον
3085 3010 3099 3024 ·
3137 2987 3301 3066 μηδὲν
3334 2989 3490 3048 αὖτοῦ
3517 2989 3846 3064 προτιμότε-

458 3078 770 3153 ducamus,
805 3095 922 3138 non
954 3075 1209 3149 divitias,
1244 3093 1363 3135 non
1420 3073 1645 3147 luxum,
1681 3092 1798 3134 non
1831 3073 2102 3152 gloriam,

2195 3099 2282 3156 ρον
2310 3077 2660 3156 ἡγησώμεθα,
2707 3078 2784 3154 μὴ
2831 3075 3080 3152 πλοῦτον,
3138 3078 3214 3156 μὴ
3269 3081 3490 3159 τρυφήν,
3543 3079 3620 3154 μὴ
3671 3076 3845 3150 δόξαν,

455 3187 573 3230 non
599 3167 968 3248 corporalem
989 3165 1370 3244 voluptatem,
1399 3182 1515 3224 non
1538 3162 1730 3242 ipsam
1753 3163 1926 3223 vitam
1955 3182 1970 3222 :
2001 3161 2104 3224 sed

2191 3168 2300 3234 irim
2349 3167 2660 3244 σωματικὴν
2703 3165 2919 3237 ἡδονὴν,
2970 3168 3048 3243 μὴ
3096 3167 3262 3235 αὐτὴν
3301 3167 3400 3234 τὴν
3449 3169 3592 3239 ζωήν
3654 3184 3668 3198 ⁸
3727 3166 3850 3223 ἀλλ’

454 3274 532 3318 ne
553 3256 608 3319 ei
633 3255 874 3336 quidem
902 3271 1216 3334 parcamus
1244 3259 1487 3334 propter
1511 3270 1708 3332 ipsum
1739 3270 1752 3311 ε
1786 3268 2104 3332 sequamur

2191 3254 2558 3335 ἀφειδήσωμεν
2629 3259 2716 3314 καὶ
2788 3257 2950 3324 αὐτῆς
3003 3255 3071 3312 δι’
3128 3259 3282 3314 αὒτὸν
3322 3273 3335 3288 ³
3399 3255 3848 3332 ἀκολουθήσωμεν

452 3345 770 3408 Dominum
795 3354 1085 3423 nostrum,
1109 3361 1353 3404 crucem
1379 3341 1508 3421 ejus
1527 3341 1585 3404 in
1613 3341 1879 3402 humeris
1901 3341 2104 3402 feren-

455 3444 562 3516 tes,
599 3435 942 3514 corporales
973 3443 1162 3493 motus
1209 3449 1541 3512 sensusque
1569 3431 2010 3504 mortiﬁcantes,
2047 3439 2108 3492 et

454 3523 628 3585 morti
655 3523 784 3602 ejus
817 3523 1284 3600 contiguremur,
1315 3532 1378 3580 ut.
1403 3520 1698 3600 possimus
1733 3528 1790 3580 et
1826 3537 1934 3580 nos
1964 3537 2102 3580 cum

455 3612 586 3674 divo
609 3611 788 3674 Paulo
829 3613 1068 3673 dicere:
1120 3609 1388 3670 Vivimus
1438 3629 1552 3670 non
1579 3610 1704 3689 jam
1758 3627 1916 3672 nos:
1969 3607 2109 3670 vivit

456 3719 598 3762 vero
647 3701 706 3761 in
754 3699 923 3761 nobis
973 3698 1286 3762 Christus:
1343 3705 1422 3771 et,
1472 3696 1656 3759 Nobis
1704 3707 1901 3759 autem
1952 3696 2106 3759 absit

453 3789 694 3868 gloriari
726 3789 787 3850 in
817 3789 957 3862 alio,
992 3788 1106 3850 nisi
1139 3790 1194 3850 in
1223 3787 1415 3850 Cruce
1460 3786 1718 3848 Domini.
1755 3789 1843 3850 Ne
1874 3789 2099 3848 erube-

452 3897 687 3940 scamus
710 3896 1020 3940 sermones
1051 3877 1204 3957 ejus,
1235 3886 1293 3937 et
1313 3874 1506 3956 ipsum
1533 3875 1591 3936 in
1627 3875 1902 3955 praesenti
1934 3875 2050 3935 vita
2085 3897 2098 3934 :

453 3969 654 4030 omnia
675 3969 806 4047 ejus
856 3968 1132 4028 mandata
1163 3981 1434 4046 prompte
1468 3964 1866 4044 perﬁciamus.
1900 3962 2102 4024 Habe-

455 4075 586 4118 mus
617 4065 676 4118 et
698 4075 805 4118 nos
831 4064 1272 4134 persecutorem
1297 4054 1682 4132 acerrimum,
1700 4051 2106 4132 inaspectabi-

453 4146 571 4207 lem
603 4143 915 4206 inimicum
964 4151 1024 4204 et
1071 4144 1330 4216 hostem,
1383 4142 1486 4222 qui
1544 4161 1651 4203 nos
1699 4141 1971 4222 quotidie
2031 4141 2106 4203 ad

453 4231 673 4297 Christi
707 4232 1082 4312 negationem
1119 4239 1418 4311 provocat,
1452 4241 1513 4291 et
1567 4248 1658 4304 ea,
1713 4249 1844 4310 quae
1872 4229 1944 4291 ab
1977 4229 2106 4309 ipso

453 4331 755 4403 separant,
791 4336 854 4383 ut
901 4320 1182 4383 faciamus
1231 4327 1424 4398 urget.
1479 4320 1562 4381 Ne
1623 4337 1760 4397 ergo
1792 4318 2106 4380 effemine-

2191 3352 2268 3422 τῷ
2294 3344 2537 3424 ἡμετέρῳ
2585 3345 2846 3422 Δεσπότῇ,
2903 3346 2993 3402 τὸν
3046 3346 3230 3406 τούτου
3286 3347 3506 3425 σταυρὸν
3559 3343 3644 3402 ἐπ’
3684 3343 3849 3422 ὤμων

2189 3434 2457 3515 φέροντες,
2519 3435 2584 3491 τὰ
2642 3435 2866 3514 σαρκικὰ
2922 3441 3223 3513 νεκροῦντες
3274 3437 3544 3508 κινήματα
3585 3435 3672 3492 καὶ
3723 3456 3854 3515 φρο-

2188 3524 2402 3598 νήματα
2433 3539 2446 3554 ⁸
2480 3525 2568 3580 καὶ
2597 3531 2673 3597 τῷ
2702 3526 2912 3596 θανάτῳ
2961 3522 3118 3580 αὖτοῦ
3165 3523 3592 3604 συμμοριρώμεθα
3628 3540 3642 3554 ⁶
3675 3525 3749 3585 ὡς
3785 3522 3847 3580 ἂν

2187 3609 2531 3686 δυνησώμεθα
2560 3611 2648 3668 καὶ
2692 3613 2856 3688 ἡμεῖς
2906 3612 3042 3668 κατά
3090 3614 3181 3667 τὸν
3235 3615 3378 3668 θετον
3412 3610 3618 3670 Παῦλον
3647 3615 3846 3684 εἰπεῖν,

2187 3707 2376 3777 Σῶμεν
2405 3701 2578 3760 οὐκέτι
2607 3703 2772 3777 ἡμεῖς
2807 3717 2820 3730 '
2881 3705 2947 3776 ζῇ
2996 3697 3050 3756 δὲ
3094 3700 3148 3756 ἐν
3193 3701 3329 3775 ἡμῗν
3379 3701 3711 3779 ὁ,Χριστός.
3748 3701 3850 3758 Καὶ

2187 3791 2325 3864 ἡμῖν
2354 3788 2408 3845 δὲ
2438 3790 2516 3856 πὴ
2545 3789 2748 3866 γένοιτο
2806 3789 2859 3844 ἐν
2905 3787 3053 3861 ἄλλῳ
3097 3791 3418 3868 καυχᾶσθαι,
3472 3790 3516 3844 εἰ
3576 3789 3652 3862 μὴ
3685 3787 3738 3843 ἐν
3770 3794 3850 3862 τῷ

2191 3885 2397 3958 σταυρῷ
2443 3887 2535 3938 τοῦ
2589 3879 2800 3957 Κυρίου,
2864 3876 2954 3944 Μὴ
3017 3875 3453 3957 ἐπαισχυνθῦμεν
3501 3877 3623 3940 τοὺς
3653 3875 3848 3954 λόγους

2192 3966 2348 4026 αὒτοῦ
2373 3967 2459 4023 καὶ
2490 3969 2644 4027 αὐτὸν
2695 3965 2748 4022 ἐν
2798 3972 2863 4043 τῇ
2907 3966 3148 4044 παρούσῃ
3197 3972 3308 4042 ζωῇ
3347 3983 3359 3996 ’
3402 3967 3491 4022 καὶ
3521 3966 3692 4022 πάντα
3720 3986 3854 4044 προ-

2191 4057 2366 4132 θύμως
2396 4057 2462 4112 τὰ
2512 4057 2697 4114 τούτου
2742 4055 3126 4135 προστάγματα
3181 4053 3564 4130 ἐκτελέσωμεν.
3632 4063 3850 4136 Εχομεν

2190 4143 2244 4202 δὲ
2276 4148 2364 4202 καὶ
2401 4149 2566 4222 ἡμεῖς
2598 4144 2830 4212 διώκτην
2883 4145 3218 4222 πικρότατον,
3274 4146 3363 4201 τὸν
3411 4146 3632 4224 ἀόρατον
3657 4145 3850 4225 ἐχθρὸν

2191 4235 2446 4310 πολέμιον
2513 4234 2630 4292 καθ’
2682 4235 2912 4301 ἑκάστην
2968 4237 3111 4308 ἡμᾶς
3169 4236 3242 4298 εἰς
3301 4232 3506 4314 ἄρνδσιν
3563 4241 3655 4290 τοῦ
3711 4241 3852 4314 Χρι-

2189 4331 2316 4381 στοῦ
2346 4322 2695 4400 ἐκκλούμενον
2743 4325 2831 4380 καὶ
2885 4323 2952 4379 τὰ
3010 4324 3168 4379 αὐτοῦ
3215 4324 3532 4404 χωρίζοντα,
3587 4320 3851 4402 διαπράτ-

453 4427 608 4484 mur,
669 4427 864 4491 neque
920 4407 1204 4470 cedamus
1249 4407 1382 4486 ejus
1428 4406 1970 4488 colluctationibus,
1998 4405 2101 4468 sed

2189 4415 2366 4469 τεσθαι
2439 4412 2823 4492 ἀναγκάζοντα.
2899 4411 2988 4478 Μὴ
3059 4410 3146 4467 οὖν
3219 4410 3646 4487 μαλακισθῶμεν,
3711 4408 3854 4488 μηδὲ

455 4517 746 4578 generose
767 4513 828 4561 et
850 4497 1000 4559 virili
1027 4515 1161 4558 cum
1187 4495 1388 4558 animo
1429 4497 1483 4558 ei
1515 4495 1888 4576 resistamus,
1923 4507 2105 4575 atque

455 4587 872 4665 accingamur:
907 4595 970 4648 ut
991 4595 1048 4648 et
1067 4595 1350 4648 aeternam
1375 4584 1618 4664 gloriam
1640 4602 2100 4666 consequamur,

453 4677 514 4738 in
569 4675 803 4738 Christo
859 4677 1000 4739 Jesu
1053 4675 1306 4740 Domino
1352 4682 1582 4751 nostro,
1655 4673 1750 4737 cui
1800 4673 1989 4754 gloria
2043 4673 2107 4736 in

453 4767 693 4832 saecula.
724 4770 944 4832 Amen.

2189 4499 2422 4578 ἐνδῶμεν
2481 4501 2535 4557 ἐν
2576 4515 2694 4565 τοῖς
2743 4500 2927 4556 τούτου
2974 4498 3354 4576 παλαίσμασιν,
3403 4499 3540 4556 ἀλλά
3590 4500 3850 4578 γενναίως

2190 4593 2277 4647 καὶ
2349 4591 2483 4668 μετά
2550 4589 2792 4669 ἀνδρικοῦ
2863 4597 2954 4645 τοῦ
3011 4590 3351 4670 φρονήματος
3419 4585 3854 4668 ἀντιπαραταξώ-

2192 4683 2325 4756 μεθα
2355 4681 2485 4760 πρὸς
2517 4680 2694 4749 αὐτὸν,
2729 4680 2818 4736 καὶ
2849 4675 3250 4753 ἀποδυσώμεθα,
3293 4675 3387 4735 ἵνα
3435 4679 3524 4734 καὶ
3564 4682 3663 4744 τῆς
3713 4676 3849 4733 ἀτε-

2189 4767 2446 4840 λευτήτου
2515 4767 2750 4832 εὖκλείας
2822 4765 3208 4842 ἐπιτευξώμεθα
3274 4765 3327 4822 ἐν
3403 4773 3614 4846 Χριστῷ
3670 4763 3853 4834 Ἰησοῦ

2185 4866 2262 4934 τῷ
2292 4860 2462 4934 Κυρίῳ
2488 4860 2642 4935 ἡμῶν
2671 4862 2717 4934 ᾧ
2744 4860 2780 4926 ἡ
2807 4854 2927 4922 δόξα
2956 4856 3029 4920 εἷς
3057 4856 3177 4920 τοὺς
3205 4857 3422 4919 αἰῶνας.
3457 4855 3656 4930 Ἀμήν.

509 5001 786 5094 (49.10am
816 5047 880 5110 x,
913 5029 1015 5096 96.
1099 5029 1239 5093 9011
1269 5028 1404 5094 Cor.
1436 5047 1499 5106 ιι,
1535 5030 1636 5092 15.
1720 5028 1770 5072 εί
1804 5028 1973 5092 Joan.
2002 5042 2102 5090 vui

2189 5027 2228 5090 it
2247 5071 2264 5088 .
2349 5025 2404 5071 99
2431 5025 2458 5090 Ι
2481 5025 2617 5094 Cor.
2654 5027 2752 5104 t5,
2779 5027 2885 5092 26.
