4156 6404
311 437 338 499 1
351 435 469 500 289

1790 427 2224 498 ORATIONES

3542 425 3704 493 i290

384 569 648 634 Joannes
675 569 948 652 Aloysius
979 567 1399 649 Mingarellius,
1431 566 1508 632 ad
1538 567 1674 630 cod.
1703 567 1961 632 Nanian.
1997 565 2200 632 CXXII
2224 568 2328 650 (α),
2377 567 2480 651 qui
2511 568 2785 633 continet
2815 565 3095 631 bomilia‘s
3122 563 3417 648 Xiphilini
3447 565 3704 648 patriar-

307 660 436 723 cha;
465 657 1121 741 Constantinopolitani,
1151 657 1500 740 speciminis
1525 657 1658 721 loco
1688 657 1932 722 exhibet
1959 657 2260 722 vicesimae
2285 659 2508 740 quintae
2536 658 2889 743 prooemium
2918 655 2982 720 in
3003 674 3119 739 quo
3137 655 3288 720 scitu
3313 674 3436 720 non
3455 654 3704 738 indigna

311 748 390 812 de
419 750 714 813 haereticis
742 748 1114 815 Massaliani’s
1139 747 1439 828 leguntur.

621 888 915 954 ΚΥΡΙΑΚῌ
944 892 1079 941 ΤΩΝ
1108 889 1313 942 ΑΓΙΩΝ
1348 889 1652 944 ΠΑΝΤΩΝ.

439 1012 463 1048 α
498 989 819 1070 Εὑαγγέλιον
848 987 910 1046 ἐκ
938 999 1030 1049 τοῦ
1053 991 1188 1048 κατὰ
1219 994 1519 1067 Ματθατον⁹
1549 1011 1674 1072 κεφ,
1707 977 1772 1050 1⁸.
1810 1011 1836 1050 ι

390 1097 500 1156 Οὑκ
564 1095 778 1176 ἄκαιρον
849 1096 1006 1174 οἶμαι
1073 1098 1190 1178 περὶ
1259 1103 1357 1166 τῆς
1413 1104 1520 1155 τῶν
1575 1095 1962 1155 Μασσαλιανῶν

309 1193 542 1266 μωαρᾶς
600 1185 871 1267 αἱρέσεως,
925 1185 1230 1267 βραχέαττα
1285 1186 1420 1268 (sic)
1474 1187 1606 1267 πρὸς
1648 1187 1784 1264 ὑμᾶς
1842 1182 1965 1241 δια-

307 1272 550 1340 λέξασθαι
584 1291 600 1306 ⁶
660 1271 844 1342 ἐπειδὴ
900 1276 988 1330 καὶ
1035 1275 1135 1343 τὴν
1202 1276 1399 1336 τούτων
1448 1273 1720 1346 ἀποϐολήν
1768 1295 1826 1331 τε
1875 1274 1964 1330 καὶ

306 1361 623 1444 ἀποκήρυξιν
691 1363 1114 1441 πανηγυρίζομεν
1170 1365 1404 1446 σήμερον
1435 1413 1451 1429 ,
1509 1364 1577 1433 ἢν
1631 1366 1660 1421 ὁ
1703 1361 1962 1444 φιλόχρι-

305 1473 428 1515 στος
471 1454 558 1508 καὶ
607 1450 976 1514 εὐσεϐέστατος
1018 1453 1172 1528 ἡμῶν
1223 1452 1467 1529 βασιλεὺς
1522 1451 1608 1509 ἐπὶ
1650 1449 1787 1509 πολὺ
1830 1472 1962 1530 κρυ-

304 1537 573 1615 πτομένην
614 1539 703 1595 καὶ
751 1539 874 1602 τοὺς
925 1536 1313 1620 ἁπλουστέρους
1362 1538 1717 1596 λανθάνουσαν
1777 1533 1965 1615 ἤλεγξέ

304 1649 362 1685 τε
390 1630 478 1685 καὶ
505 1626 813 1684 κατεδίκασε
848 1642 863 1658 ⁸
911 1629 1000 1684 καὶ
1054 1629 1145 1684 τὸν
1188 1629 1435 1710 ἀρχηγὸν
1477 1627 1688 1685 ἐκείνων
1736 1626 1824 1683 καὶ
1867 1629 1967 1692 τῆς

303 1718 490 1780 κακίας
540 1714 876 1792 διδάσκαλον,
937 1717 1057 1796 πυρὶ
1112 1714 1296 1791 δικαίῳ
1351 1717 1622 1798 κατέκρινε
1653 1731 1667 1747 ⁸
1757 1714 1858 1783 τὴν
1913 1710 1968 1768 δὲ

304 1808 543 1886 πονηρὰν
572 1806 772 1864 τούτων
821 1802 1179 1882 διδασκαλίαν,
1239 1806 1325 1862 ἐπὶ
1380 1811 1480 1874 τῆς
1539 1811 1802 1886 τοῦύθεοῦ
1830 1801 1965 1861 Ἐκ-

306 1872 530 1967 κλησίας
595 1898 1056 1974 ἀναθεματίζεσθαι
1127 1872 1540 1979 παρεσκεύασεν,
1634 1872 1769 1954 "locs
1844 1893 1963 1952 τοί-

307 2011 395 2046 νυν
427 1991 498 2052 ὡς
524 1991 571 2044 οἱ
599 1993 851 2064 τοιοῦτοι,
903 1987 965 2043 τὸ
1017 1991 1122 2044 τῶν
1176 1993 1430 2068 μοναχῶν
1487 1997 1826 2066 προσωπεῖον
1856 2003 1962 2040 πε-

310 2077 679 2158 ριϐαλλόμενοι
736 2075 856 2133 κατ’
912 2076 1097 2140 αὑτοὺς
1160 2076 1554 2158 ἀμφιέννυνται,
1613 2076 1702 2131 καὶ
1752 2075 1815 2130 τὸ
1869 2078 1962 2129 τοῦ

1978 881 2034 944 Α

2269 879 2630 946 DOMINICA
2672 878 2961 945 OMNIUM
3007 877 3460 945 SANGTORUM

2337 984 2578 1066 Evang.
2611 1001 2731 1048 sec.
2763 979 3138 1061 Matthamm,
3172 999 3305 1064 cap.
3337 982 3411 1046 X.

2127 1089 2175 1153 E
2208 1108 2275 1154 re
2305 1110 2437 1155 esse
2459 1090 2694 1155 videtur
2721 1091 2798 1154 de
2826 1089 3180 1154 detestanda
3207 1088 3701 1154 Massalianorum

2048 1178 2263 1242 haeresi
2289 1197 2471 1261 pauca
2497 1179 2765 1262 quaedam
2789 1179 2862 1243 ad
2901 1198 3004 1242 vos
3034 1179 3392 1258 edisserere,
3416 1179 3601 1262 idque
3629 1199 3702 1244 eo

2049 1268 2238 1349 magis
2283 1270 2440 1351 quod
2487 1269 2752 1350 ipsorum
2803 1267 3466 1332 anathematizationem
3523 1271 3704 1334 hodie

2047 1358 2514 1439 promulgamus.
2537 1357 2667 1421 Jam
2692 1375 2832 1420 vero
2850 1356 3177 1439 imperator
3195 1365 3398 1421 noster
3416 1357 3702 1424 Christia-

2048 1447 2332 1512 nissimus
2360 1466 2430 1511 ac
2458 1447 2714 1511 maxime
2743 1446 2878 1529 pius
2904 1448 3070 1510 illam
3096 1447 3311 1529 ipsam,
3345 1467 3478 1530 quae
3507 1450 3697 1514 solem

2050 1535 2218 1616 fugit,
2243 1535 2665 1599 condemnavit
2695 1537 2901 1616 etejus
2932 1537 3367 1617 antesignatum
3390 1539 3704 1622 omnisque

2053 1626 2195 1688 mali
2215 1635 2512 1691 auctorem
2529 1626 2691 1706 justo
2711 1625 2834 1706 igni
2866 1625 3132 1705 tradidit,
3169 1628 3358 1709 ipsam
3388 1647 3530 1692 vero
3561 1648 3702 1712 per-

2052 1733 2289 1778 versam
2317 1715 2650 1778 doctrinam
2678 1714 2752 1777 ab
2782 1715 3050 1778 Ecclesia
3077 1718 3455 1781 anathemate
3479 1718 3705 1800 signari

2044 1803 2246 1884 jussit.
2280 1803 2430 1866 Hinc
2455 1804 2661 1866 videre
2700 1811 2793 1866 est
2820 1804 3164 1867 istiusmodi
3192 1805 3466 1869 homines
3494 1807 3704 1872 habitu

2049 1901 2284 1975 sumpto
2295 1892 2628 1956 monastico
2640 1892 2753 1955 sub
2766 1893 2924 1974 pelle
2939 1893 3197 1956 candida
3208 1894 3412 1977 lupum
3430 1896 3588 1960 foede
3601 1898 3704 1961 ab-

2047 1982 2437 2046 scondidisse.
2463 1980 2562 2044 Sic
2583 1982 2836 2045 infames
2858 1983 3014 2064 apud
3038 1983 3375 2065 plerosque,
3393 1985 3703 2066 probitatis

2043 2070 2263 2133 famam
2295 2079 2661 2150 arrogantes,
2693 2071 2880 2134 auditi
2911 2081 3070 2149 sunt,
3104 2072 3244 2154 quia
3263 2074 3553 2139 doctrina;
3579 2093 3702 2142 suae

307 2170 593 2248 σχήματος
621 2165 1007 2246 προϐάλλονται
1055 2165 1264 2246 λέλεαρ,
1319 2173 1396 2242 τῷ
1450 2165 1626 2240 κωδίῳ
1685 2166 1776 2222 τὸν
1803 2161 1957 2220 λύκον

2043 2159 2284 2222 malitia;
2304 2178 2598 2222 venenum
2623 2178 2944 2241 aspergere
2987 2179 3260 2243 escasque
3289 2164 3408 2226 mel
3442 2164 3700 2230 miscere

306 2258 712 2337 ἐπικρύπτοντες
790 2258 837 2313 οἱ
905 2256 1262 2313 κατάπτυστοι
1309 2274 1327 2293 ·

304 2344 681 2426 ἁπλουστέρων
736 2346 810 2408 ὡς
860 2342 1102 2409 εὑλαϐεϊς
1151 2344 1305 2412 δῆθεν
1355 2341 1785 2425 παραδεχόμενοι
1819 2360 1834 2376 ’
1890 2346 1961 2419 τῇ

303 2434 672 2517 χρηστολογίᾳ
715 2435 805 2491 τὸν
853 2435 932 2490 ἰὸν
974 2439 1074 2502 τῆς
1129 2434 1317 2498 κακίας
1339 2514 1345 2517 _
1369 2432 1810 2509 συναποπτύουσι,
1869 2431 1956 2487 καὶ

439 2522 741 2602 μελικράτῳ
794 2528 1153 2602 παρακιρνῶσι
1209 2523 1271 2580 τό
1327 2514 1648 2602 δηλητήριον
1681 2533 1701 2555 ⁸
1756 2521 1844 2577 καὶ
1899 2517 1955 2575 ἐν

299 2614 450 2693 ἀρχῇ
509 2613 606 2689 μὲν
659 2609 843 2676 ἁπλῶς
902 2613 976 2675 εἷς
1032 2610 1242 2691 Πατέρα
1298 2612 1386 2669 καὶ
1455 2613 1576 2667 Υἱὸν
1644 2610 1761 2686 καὶ,
1801 2607 1954 2686 ἅγιον

299 2709 517 2777 Πνεῦμα
585 2700 849 2758 πιστεύειν
919 2697 1216 2757 διδάσκουσι
1251 2715 1268 2732 ’
1343 2701 1432 2757 καὶ
1504 2697 1788 2778 ’γινώσκειν
1862 2698 1952 2754 τὸν

299 2793 526 2872 Χριστὸν
584 2791 944 2869 σεσαρκῶσθαι
990 2807 1009 2826 ⁸
1059 2789 1149 2846 καὶ
1194 2789 1292 2846 τάτ
1334 2786 1677 2868 εὑαγγελὶκὰς
1735 2783 1953 2850 ἐντολὰς

299 2894 491 2964 τηρεῖν
548 2883 876 2938 ὑποτίθενται
909 2895 924 2910 ⁸
975 2880 1064 2938 καὶ
1111 2880 1498 2961 προσεύχεσθαι
1548 2879 1637 2935 καὶ
1685 2876 1954 2945 νηστεύειν

298 2974 390 3030 καὶ
444 2970 619 3038 πάσης
675 2969 991 3050 ἀκαθαρσίας
1043 2969 1280 3048 ἁγνεύειν
1336 2965 1644 3025 παιδεύουσι
1696 2986 1712 3004 ·
1769 2970 1956 3046 καιροῦ

299 3061 357 3120 δέ
412 3083 555 3124 τινος
608 3060 916 3141 προϊόντος,
969 3060 1381 3140 παρασπείρουσι
1431 3065 1509 3133 τῷ
1566 3059 1695 3132 σίτῳ
1748 3057 1837 3113 καὶ
1889 3056 1957 3112 τὰ

1856 2219 1957 2309 των

2045 2219 2597 2312 animiam;
2625 2219 3705 2334 ὲὶιῖιῆἶὶίῥεῐὲὲῶἷῖίιῖἷιέιῆῖὲῖίζ

2041 2339 2522 2420 τὶιυιηδδειιοιιιιῐι
2553 2355 2687 2400 sese
2717 2340 2964 2404 credere
3012 2338 3276 2402 similant
3305 2349 3363 2403 et
3395 2340 3694 2407 Christum

2042 2429 2418 2492 incarnatum
2445 2445 2578 2490 esse
2624 2427 2939 2490 afﬁrmant.
2991 2427 3092 2492 Sic
3145 2433 3324 2492 etiam
3354 2432 3703 2513 evangelica

2037 2516 2355 2581 observare
2386 2523 2680 2598 praecepta
2710 2517 2987 2578 simulant
3008 2534 3364 2602 precesque,
3383 2520 3618 2600 jejunia
3641 2536 3706 2592 et

2036 2605 2238 2668 cordis
2263 2605 2615 2666 munditiem
2639 2605 2986 2686 praedicant.
3010 2604 3305 2689 Tempore
3330 2620 3531 2672 autem
3553 2628 3692 2693 pro-

2035 2693 2308 2771 cedente,
2341 2695 2634 2756 frumento
2663 2695 2886 2756 zizania
2906 2695 3166 2776 jungunt
3194 2704 3253 2758 et
3275 2697 3396 2779 ubi,
3421 2717 3570 2780 quos
3592 2718 3694 2762 vo-

2036 2783 2186 2860 lunt,
2221 2782 2337 2845 sibi
2365 2782 2684 2846 familiares
2715 2783 3112 2848 reddiderunt
3142 2793 3202 2848 et
3229 2789 3490 2868 praedam
3524 2806 3694 2852 suam

2037 2871 2666 2947 doloseobtinuerunt,
2693 2881 2816 2935 tum
2835 2873 2994 2935 virus
3015 2873 3329 2937 effundunt
3345 2894 3519 2938 suum
3536 2900 3552 2955 ;
3570 2885 3693 2940 tum

2038 2961 2352 3024 manifesto
2380 2961 2819 3042 blasphemant,
2853 2971 2977 3026 tum
3010 2963 3236 3026 diaboli
3264 2965 3600 3029 doctrinam
3632 2974 3693 3031 et

2036 3049 2330 3114 fallaciam
2342 3052 2665 3130 divulgant,
2680 3071 2812 3135 quae
2834 3052 3034 3115 omnia
3053 3053 3117 3116 in
3139 3055 3402 3117 medium
3425 3055 3692 3138 proferre

297 3151 504 3225 ζιζάνια
535 3168 556 3189 ο
612 3151 701 3206 καὶ
758 3147 846 3205 ὅτε
893 3140 1014 3213 τοὺς
1056 3147 1264 3211 ἀθλίους
1325 3148 1628 3228 χειροήθεις
1680 3144 1954 3225 ἐργάσων-

2042 3159 2161 3203 non
2190 3149 2280 3203 est
2319 3142 2498 3222 hujus
2551 3141 2692 3206 loci.
2745 3140 2914 3214 Quod
2957 3150 3154 3205 autem
3203 3143 3523 3225 pessimam
3572 3165 3696 3228 pra

297 3263 414 3321 ται,
488 3239 578 3296 καὶ
644 3233 875 3294 λάϐωσιν
945 3235 1079 3293 εἵσω
1145 3242 1253 3294 τῶν
1305 3235 1511 3316 ἀρκύων
1567 3235 1629 3291 τὸ
1693 3234 1907 3312 θήραμα
1939 3249 1954 3264 ·

2044 3247 2111 3321 se
2143 3229 2343 3321 ferunt
2369 3229 2676 3321 haeresim,
2707 3228 2769 3321 id
2798 3247 2943 3321 sane
2964 3248 3066 3294 vos
3088 3230 3290 3294 sciatis
3311 3251 3560 3297 necesse
3581 3243 3692 3298 est.

299 3319 436 3388 τότε
507 3325 573 3396 δὴ
641 3327 734 3384 τὸν
800 3331 1040 3385 κυκεῶνα
1117 3323 1422 3406 ἐκχέουσιν,
1506 3321 1957 3400 ἀπαρακαλύπτως

2045 3320 2197 3383 Nam
2225 3319 2459 3383 etiamsi
2487 3319 2549 3382 in
2581 3319 2879 3402 principio
2922 3338 3021 3383 res
3066 3321 3353 3384 honestas
3381 3322 3551 3404 sequi
3577 3324 3698 3387 fin-

304 3419 771 3499 βλασφημοῦντες,
828 3417 916 3474 καὶ
970 3416 1038 3473 τὰ
1091 3425 1186 3476 τοῦ
1233 3412 1477 3473 διαϐόλου
1535 3421 1956 3493 μυσταγωγῶν-

2048 3415 2210 3489 gant,
2299 3407 2473 3472 nobis
2561 3417 2759 3499 tamen
2849 3408 3135 3499 nomine”
3159 3416 3384 3474 tantum
3467 3412 3696 3477 similes

297 3471 391 3576 τες
420 3471 663 3588 δόγματα
710 3471 798 3566 κάὶ
845 3503 1141 3585 διδάγματα
1175 3525 1189 3538 ·
1245 3505 1398 3565 ἅτινα
1448 3471 1585 3564 ποίά
1637 3525 1696 3560 τε
1723 3471 1831 3560 ,καὶ
1859 3500 1957 3559 ὅσα

2042 3471 2209 3575 sunt,
2223 3515 2434 3588 reapse
2455 3505 2577 3588 toto
2586 3497 2753 3588 ~cisio
2784 3515 2820 3560 a
2860 3497 3034 3560 nobis
3070 3471 3694 3564 idistantjéum—enim

298 3601 457 3676 εἰσὶν²
499 3586 576 3658 νοῦ
616 3604 711 3656 τοῦ
767 3595 1028 3677 παρόντος
1083 3595 1260 3677 λέγειν
1317 3603 1501 3676 καιροῦ
1531 3609 1548 3628 ’
1609 3595 1782 3674 μίγμα
1837 3591 1957 3650 ὅντα

2042 3587 2343 3652 tenebrosi
2363 3586 2484 3650 sint
2511 3587 2586 3650 ad
2614 3587 3021 3677 instarpatris
3041 3588 3338 3669 ipsorum,
3369 3589 3567 3654 lucem
3587 3591 3692 3654 fal-

293 3687 498 3771 σχεδὸν
555 3688 736 3756 πάσης
805 3676 1090 3767 αἰσχίστης
1140 3676 1412 3767 αἱρέσεως.
1488 3689 1655 3742 Τοῦτο
1727 3683 1824 3771 μὲν
1846 3767 1861 3771 _
1879 3699 1957 3771 τοι

2043 3696 2110 3740 so
2136 3677 2438 3771 simulant,
2471 3679 2709 3771 Patrem
2741 3676 3028 3771 etFilium
3043 3678 3399 3771 etSpiritum
3421 3688 3692 3771 sanctum

295 3766 480 3860 ipsi?”
512 3773 698 3833 εἰδέναι
724 3776 860 3852 ὑμᾶς
889 3766 933 3806 δέ
969 3775 1041 3839 ὥς
1089 3766 1204 3832 κᾶν
1234 3772 1289 3830 ἐν
1340 3773 1490 3853 ἀρχῇ
1537 3779 1756 3831 τοιαῦτα
1790 3767 1957 3826 διδάσ-

2043 3785 2148 3860 ore
2177 3767 2552 3849 proﬁtentur,
2583 3766 2691 3828 sed
2719 3766 2896 3828 aliam
2945 3784 3122 3860 quam
3171 3786 3307 3860 nos,
3340 3767 3695 3860 Trinitatem

292 3857 466 3925 iam
497 3866 571 3928 ὡς
599 3864 930 3945 προείρηται,
975 3859 1112 3918 ἀλλὰ
1166 3874 1286 3927 τοῖς
1343 3861 1566 3937 ὀνόμασι
1613 3858 1794 3935 μόνοις
1819 3859 1957 3934 ἡμῖν

2044 3857 2350 3936 docentes,
2385 3864 2444 3920 et
2472 3865 2606 3939 post
2621 3857 3174 3938 septimumcmlum
3202 3857 3364 3922 aliud
3392 3859 3696 3940 quoddam

292 3953 706 4036 συμφέρονται·
779 3964 903 4016 ταῖς
973 3949 1029 4008 δὲ
1094 3950 1369 4030 πράγμασι
1424 3948 1760 4007 παντάπασιν
1825 3946 1957 4026 ἀφε-

2042 3947 2340 4036 majusac
2367 3945 2584 4008 celsius
2614 3963 2735 4036 non
2763 3945 2898 4007 sine
2925 3945 3092 4026 gravi
3103 3956 3694 4036 erroreiastruentes,

291 4035 530 4116 στήκασι
565 4061 578 4076 ⁸
634 4041 724 4099 καὶ
752 4041 941 4105 σκότος
999 4038 1146 4104 ὄντες
1203 4040 1341 4098 κατᾶ
1385 4040 1476 4096 τὸν
1524 4036 1728 4118 πατέρα
1756 4035 1954 4110 αὑτῶν,

289 4136 356 4192 τὸ
415 4137 530 4213 φῶς
583 4129 970 4212 ὑποκρίνονται.
1027 4128 1222 4188 Αὐτίκα
1279 4127 1489 4208 Πατέρα
1541 4128 1631 4184 καὶ
1681 4126 1802 4183 Υἱὸν
1847 4126 1959 4213 -καὶ

293 4211 455 4303 ἅγιον
527 4211 743 4297 Πνεῦμα
812 4217 1038 4303 στόματι
1097 4218 1256 4296 τιμᾷν
1313 4214 1716 4303 δογματίζοντες
1773 4211 1956 4303 ἑτέραν

288 4300 398 4379 τῆς
459 4304 586 4388 παρ’
653 4309 811 4384 ἡμῶν
865 4301 1159 4383 σεϐομένης
1214 4307 1523 4386 ζωαρχικῆς
1581 4301 1731 4383 ἁγίας
1788 4300 1954 4380 Τριά-

293 4397 387 4464 δος
440 4391 634 4476 Τριάδα
681 4392 948 4466 δοξάζουσι
980 4408 996 4425 ⁸
1051 4396 1141 4451 καὶ
1192 4391 1574 4476 ὑπερκειμένην
1629 4391 1747 4448 τινὰ
1799 4388 1953 4455 ἔξου-

291 4488 416 4544 σίαν
482 4485 538 4540 ἐν
605 4488 683 4559 τῷ
752 4480 1196 4561 μυθολογουμένῳ
1262 4479 1386 4562 παρ’
1456 4485 1625 4540 αὐτῶν
1681 4476 1956 4558 ὑπερτάτῳ

296 4572 518 4657 (codex
573 4569 714 4644 108,
775 4570 830 4628 ἐν
883 4581 1004 4632 τοῖς
1065 4568 1540 4657 μυθολογουμένοις
1595 4563 1720 4657 παρ’
1777 4565 1949 4657 αὑτῶν

290 4647 628 4742 ὑπερτάτην)
678 4663 786 4715 τῶν
851 4657 988 4714 ἑπτὰ
1041 4647 1286 4738 οὐρανῶν.
1329 4652 1766 4736 ὑπερκαθημένην
1820 4647 1949 4742 δυσ-

292 4738 474 4814 σεϐῶς
572 4738 958 4808 ἀναπλάττουσι
1014 4763 1028 4778 ·
1121 4745 1211 4802 καὶ
1305 4742 1749 4824 ἀνθρωπόμορφον
1829 4738 1952 4796 εἷνα

2035 4035 2100 4098 in
2129 4054 2248 4118 quo
2278 4037 2539 4098 humana
2559 4033 2761 4097 omnia
2778 4050 2912 4100 esse
2934 4042 3253 4115 nugantur.
3277 4035 3693 4117 Virginitatem

2039 4142 2216 4206 porro
2245 4126 2319 4188 ab
2349 4143 2419 4188 ea
2445 4142 2621 4207 quam
2650 4142 2761 4187 nos
2791 4123 3143 4206 profitemur
3159 4123 3536 4190 differentem
3563 4136 3692 4190 sta-

2040 4220 2236 4279 tuunt.
2267 4212 2387 4276 Nos
2434 4214 2596 4276 enim
2643 4231 2775 4276 eam
2821 4213 3242 4294 amplectimur
3289 4215 3428 4297 quia
3457 4233 3690 4279 connu-

2037 4303 2138 4365 bio
2170 4302 2676 4367 honorabiliorem
2706 4320 2775 4365 ac
2798 4301 3209 4366 sublimiorem
3250 4304 3688 4383 existimamus,
3763 4369 3766 4371 λ

2035 4394 2123 4458 illi
2150 4403 2372 4472 autem,
2399 4394 2542 4476 quia
2563 4391 3005 4455 matrimonium
3043 4391 3404 4455 fastidiunta
3429 4392 3686 4457 Domino

2033 4484 2350 4564 sancitum,
2387 4505 2412 4541 ι
2447 4481 2891 4544 matrimonium
2923 4481 3187 4543 etlectus
3216 4499 3426 4564 purus,
3455 4500 3556 4545 res
3585 4501 3684 4546 sa-

2033 4591 2136 4636 cra
2166 4597 2194 4630 »
2215 4573 2474 4635 dicente.
2499 4570 2936 4635 Continentiam
2952 4570 3175 4634 deinde
3189 4589 3429 4653 quoque
3455 4571 3686 4654 praedi-

2031 4670 2189 4737 cant,
2223 4681 2343 4724 non
2390 4679 2527 4722 vero
2584 4667 2648 4722 ut
2695 4659 3082 4742 cupiditatum
3133 4659 3540 4738 domitricem,
3576 4661 3686 4726 sed

2033 4751 2172 4834 quia
2197 4750 2360 4812 cibos
2389 4758 2666 4831 tanquam
2699 4749 2920 4812 diaboli
2951 4749 3110 4812 dona
3130 4758 3542 4814 exsecrantur.
3568 4752 3694 4817 So-

289 4842 501 4907 ταύτην
571 4835 891 4900 διδάσκουσι.
963 4834 1074 4904 Τὴν
1158 4834 1436 4916 παρθενίαν
1507 4831 1742 4889 ἐναντίαν
1813 4830 1950 4904 ἡμῖν

2042 4830 2306 4904 litudinis
2331 4830 2600 4903 amorem
2631 4838 2915 4900 simulant
2937 4845 2996 4902 et
3013 4838 3078 4900 in
3097 4839 3230 4901 loca
3250 4839 3490 4904 deserta
3515 4857 3693 4905 sece-

290 4931 714 5013 προσποιετσθαι
771 4921 1144 4997 σπουδάζουσιν
1179 4940 1194 4955 ⁸
1254 4925 1418 4998 ἡμεῖς
1464 4922 1582 5013 μὲν-
1609 4919 1713 5000 γὰρ
1763 4916 1850 5013 διὰ
1893 4918 1955 4973 τὸ

289 5008 622 5099 τιμιωτέραν
673 5014 817 5073 εἶναι
859 5020 952 5072 τοῦ
994 5014 1168 5094 γάμου
1211 5013 1300 5071 καὶ
1349 5008 1682 5088 ὑψηλοτέραν
1722 5009 1812 5099 καί
1856 5026 1955 5099 τετ-

289 5093 466 5174 λείοις
512 5093 960 5187 κατορθουμένην,
1010 5093 1175 5172 αὐτὴν
1231 5101 1567 5177 ἀσποζόμεθα
1597 5113 1614 5130 ⁸
1675 5099 1722 5155 οἱ
1764 5095 1820 5187 3‘s
1873 5093 1958 5152 διὰ

289 5202 358 5258 τὸ
420 5199 516 5254 τὸν
574 5185 748 5276 γάμον
797 5191 1188 5274 βδελύττεσθαι,
1263 5192 1322 5248 ὃν
1391 5192 1419 5247 ὁ
1486 5188 1673 5269 Κύριος
1743 5185 1956 5276 πάντως

289 5288 563 5366 εὐλόγησε
593 5274 610 5315 λ
644 5285 844 5362 τίμιος,
878 5283 1062 5360 εἰπὼν,
1095 5284 1124 5339 ὁ
1174 5280 1372 5361 γάμος,
1403 5278 1492 5337 καὶ
1521 5279 1558 5347 ἡ
1582 5277 1738 5366 κοίτη
1761 5274 1954 5366 ἀμίαν-

287 5400 415 5442 τος.
440 5361 453 5366 -
494 5361 837 5454 Ἐγκράτειαν
905 5373 994 5429 καὶ
1051 5372 1194 5429 οὗτοι
1245 5367 1597 5445 παιδεύουσιν,
1657 5361 1775 5423 ἀλλ’
1849 5365 1956 5442 οὐχ

287 5471 368 5532 ὣς
442 5469 554 5522 τῶν
619 5464 802 5519 παθῶν
878 5461 1290 5531 κατευναστικήν
1323 5475 1340 5492 ⁹
1389 5456 1528 5515 ἀλλὰ
1579 5457 1646 5514 τὰ
1701 5455 1956 5535 βρῳματα

289 5552 715 5635 μυσαττόμενοι,
785 5551 860 5614 ὡς
928 5559 1022 5610 τοῦ
1090 5554 1325 5629 πονηροῦ
1413 5545 1734 5626 δημιουργοῦ
1803 5540 1954 5635 δὴθεν

283 5631 601 5722 ποιήματα,
673 5631 783 5710 Τὴν
833 5640 1063 5724 ἡσυχίαν
1121 5639 1332 5719 ἀγαπᾷν
1388 5637 1805 5720 ὑποκρίνονται·
1867 5631 1956 5690 καὶ

2035 4930 2205 5006 dunt,
2278 4929 2588 4992 hominum
2651 4935 2870 4991 coetum
2936 4927 3230 5009 fugientes
3288 4937 3349 4992 et
3401 4929 3693 5012 vituperia

2037 5019 2347 5084 evitantes.
2391 5021 2444 5082 A
2471 5016 2746 5080 Flaviano
2795 5025 2994 5081 autem
3046 5017 3370 5084 Antiochiae
3412 5019 3694 5102 episcopo

2036 5108 2402 5190 reprehendi
2413 5114 2743 5189 ceperunt.
2757 5104 2868 5178 Qui
2881 5106 3042 5169 enim
3055 5108 3274 5170 multos
3292 5107 3555 5189 undique
3572 5126 3696 5171 mo-

2038 5199 2268 5260 nachos
2286 5197 2725 5261 convocavisset
2745 5195 2849 5278 qui
2867 5195 2943 5258 ad
2965 5215 3151 5258 unum
3173 5215 3385 5260 omnes
3413 5197 3693 5261 haeresim

2033 5285 2416 5367 abjiciebant,
2434 5286 2700 5367 singulos
2715 5303 2916 5349 coram
2939 5302 3005 5348 se
3024 5285 3347 5349 arcessitos
3369 5287 3485 5350 hoc
3510 5285 3693 5349 modo

2037 5387 2126 5439 est
2153 5377 2485 5441 allocutus:
2519 5375 2634 5458 Tu,
2662 5375 2766 5458 qui
2809 5375 2937 5457 jam
2987 5375 3191 5438 senior
3239 5394 3328 5459 es,
3362 5377 3692 5439 humanam

2036 5475 2312 5531 naturam
2342 5465 2558 5530 melius
2581 5465 2878 5545 cognitam
2927 5465 3114 5529 habes
3163 5472 3222 5529 et
3251 5464 3530 5528 inimicos
3557 5472 3696 5526 tuos

2038 5563 2242 5639 utpote
2296 5573 2332 5619 a
2379 5556 2535 5620 malo
2591 5554 2864 5618 daemone
2907 5554 3191 5619 excitatos
3236 5554 3441 5632 nosti;
3492 5551 3698 5633 gratia:

2037 5664 2218 5729 porro
2240 5647 2726 5728 experimentum
2741 5643 2964 5714 fecisti.
2977 5647 3196 5711 Contra
3212 5642 3315 5707 isti
3327 5643 3693 5710 adolescen-

387 5836 486 5922 (α)
516 5832 714 5902 ϐνωοί
730 5831 962 5900 codices
988 5848 1131 5899 mss.
1161 5829 1332 5914 apud
1357 5828 1597 5898 Nanios
1619 5827 1912 5912 patricios
1950 5827 2192 5895 Venetos
2216 5826 2546 5906 armati,
2575 5824 2858 5893 Bononia:
2881 5823 3065 5904 4784,
3094 5824 3184 5906 4ο,
3213 5841 3276 5908 p.
3309 5822 3454 5890 253.

944 5964 1207 6038 Piraei.
1229 5961 1403 6032 CXX.

3256 5960 3331 6022 41
