4156 6390
483 419 634 491 1291
1751 418 2077 486 JOANNIS
2121 435 2124 471 ι

2278 413 2616 481 DIACONI.
3721 400 3875 471 1292

480 563 571 619 tes
603 555 753 619 nihil
792 554 980 638 probe
1028 555 1226 619 sciunt
1273 558 1332 616 et
1359 569 1668 615 sermones
1700 551 1980 633 mysticos
2012 567 2121 611 non

2221 547 2272 604 ἒν
2340 547 2586 620 ἷδιάζουσι
2654 546 2840 610 τόποις
2909 549 3301 626 προσκαθῆσθαι
3354 543 3812 626 προσπλάττονται
3844 555 3862 573 ⁸

479 631 1016 728 comprehendunt.
1051 641 1220 704 Nunc
1249 641 1368 718 dic,
1401 657 1624 721 quaeso,
1674 631 1972 722 quomodo
2003 640 2120 720 spi-

2224 639 2307 702 τὰς
2373 635 2656 703 ἐκκλησίας
2729 635 3008 716 φεύγοντες
3106 637 3192 692 καὶ
3260 633 3621 714 ἆνεξέλεγκτοι
3689 631 3865 708 μένειν

479 718 635 796 ritus
658 733 1036 796 adversarius
1067 729 1310 794 recedat
1341 737 1401 792 et
1420 718 1957 810 Spiritus—sanctus
1989 718 2120 809 pre-

2223 723 2615 797 σπουδάζοντες.
2650 725 2720 782 Τὸ
2775 731 2983 803 πρῶτον
3039 720 3085 780 δ’
3141 725 3244 781 ὑπὸ
3293 721 3592 781 Φλαϐιανοῦ
3623 718 3864 780 τοῦἊν-

479 822 652 886 cibus
679 841 748 885 ac
779 819 1315 904 supplicationibus
1369 809 1582 880 vestris
1631 825 1846 894 motus,
1884 817 2120 904 gratiam

2219 816 2454 896 τιοχεὶας
2511 814 2855 893 ἧλέγχθησαν
2888 831 2904 849 ο
2965 816 3116 878 οὗτος
3171 815 3271 894 γὰρ
3327 812 3555 898 πολλοῦς
3587 809 3860 890 μοναχοὺς

484 929 652 974 suam
667 898 950 973 effundat.
967 913 1116 972 Tum
1133 909 1232 990 qui
1245 908 1322 970 ita
1335 907 1729 986 interrogatus
1743 905 1966 968 fuerat:
1993 903 2125 966 Nul-

2219 903 2319 960 άπὸ
2370 904 2569 960 τούτων
2621 901 2823 979 (codex
2877 901 3014 982 108,
3076 902 3182 990 ἀπὸ
3236 903 3467 979 πάντων)
3526 898 3860 990 σύγδιαλεσά-

479 999 622 1080 lam,
655 999 870 1082 inquit,
904 986 1216 1071 scimusfe
1236 995 1531 1078 baptismo
1553 994 1866 1057 utilitatem
1900 993 2120 1055 redun-

2218 1013 2371 1069 μενος
2441 991 2787 1071 ἀρνουμένους
2856 991 2956 1059 τὴν
3030 989 3258 1071 αἵρεσιν,
3331 991 3500 1055 οὕτως
3553 986 3792 1067 διήλεγξε
3839 1005 3859 1024 °

479 1075 645 1164 dare,
666 1075 874 1170 preces
899 1105 1040 1150 vero
1055 1075 1551 1148 solasdzemonem
1569 1083 1997 1145 inhabitantem
2023 1101 2120 1143 ex-

2222 1077 2530 1159 παραλαϐὼν
2563 1081 2678 1170 γὰρ
2725 1077 2846 1170 κατέ
2897 1077 3026 1170 ἰδίαν
3076 1078 3297 1159 γέροντά
3341 1102 3460 1137 τινα
3511 1075 3636 1158 παρ’
3679 1079 3863 1170 αὒτὲοϊς

476 1159 704 1258 pellere
747 1195 923 1259 posse
963 1193 1310 1258 persuasum
1360 1172 1670 1236 habemus.
1703 1171 2117 1252 Unusquisque

2224 1170 2496 1249 ἐπίσημον,
2527 1167 2666 1224 οὕτω
2714 1169 2869 1248 φησίν
2925 1186 2939 1198 ³
2994 1159 3201 1244 Ὑμεῖς,
3261 1169 3307 1225 ὦ
3344 1165 3632 1248 πρεσϐεύτα
3662 1164 3865 1240 (θοάζω

477 1255 641 1326 enim
674 1282 708 1328 a
747 1255 1078 1345 majoribus
1121 1263 1244 1326 suis
1281 1262 1503 1344 pendet
1524 1261 1718 1343 quoad
1749 1261 2042 1341 originem
2073 1266 2118 1321 el

2215 1255 2330 1320 108
2357 1258 2547 1332 ἡμεῖς,
2581 1279 2626 1313 ω
2673 1255 2988 1338 πρεσϐύτα),
3038 1255 3412 1336 ἀκριϐέστατον
3464 1255 3668 1336 (codex
3719 1255 3856 1329 108,

477 1353 673 1434 quoad
690 1356 1037 1416 servitutem
1055 1370 1231 1434 quam
1245 1351 1618 1413 damonibus
1631 1357 1890 1432 praestat;
1913 1349 2012 1432 qui
2027 1348 2118 1410 ubi

2222 1345 2603 1427 Ξικριϐέστερον)
2694 1349 2781 1404 καὶ
2870 1348 2967 1416 τὴν
3035 1347 3360 1429 ἀνθρώπειαν
3429 1349 3581 1428 φύσιν
3645 1346 3863 1422 ἐμάθετε

476 1444 662 1505 semel
677 1442 955 1523 precibus
968 1441 1364 1522 expulsisunt,
1387 1438 1640 1521 Spiritus
1652 1447 1889 1500 sanctus
1914 1436 2117 1498 visibi-

2229 1435 2358 1499 cod.
2393 1437 2508 1498 108
2558 1435 2872 1518 ἐμάθομεν),
2922 1439 3010 1494 καὶ
3075 1439 3140 1494 τὰ
3195 1445 3302 1495 τῶν
3356 1436 3655 1500 ἀντιπάλων
3691 1455 3705 1470 ·
3757 1434 3870 1491 δαι-

476 1529 616 1592 liter
633 1531 900 1606 accedit;
921 1538 980 1594 et
998 1529 1194 1592 statim
1225 1547 1441 1610 corpus
1471 1547 1505 1590 a
1535 1528 1688 1590 tristi
1719 1527 1819 1589 illa
1849 1527 2117 1588 domina-

2228 1527 2385 1582 κόνων
2417 1525 2612 1605 ἔγνωτε
2647 1524 2753 1605 (al.
2809 1525 2942 1588 60d.
2995 1525 3256 1607 ἔγνωμεν)
3310 1529 3684 1608 μηχανήματα
3715 1527 3869 1602 πείρᾳ

478 1621 640 1681 tione
667 1619 978 1692 liberatur,
1011 1618 1209 1680 anima
1255 1625 1451 1680 autem
1503 1617 1676 1679 malis
1705 1614 2119 1696 cupiditatibus

2228 1614 2264 1670 ἶὲ
2319 1615 2407 1671 καὶ
2476 1615 2574 1679 τὴν
2645 1615 2910 1695 χορηγίαν
2978 1621 3076 1682 τῆς
3135 1616 3355 1696 χάριτος
3402 1614 3714 1696 ἐδιδάχθητε
3777 1613 3869 1692 (al

470 1706 596 1787 jam
629 1727 749 1770 non
777 1727 842 1772 se
869 1707 1133 1788 subjicit.
1166 1706 1297 1769 Non
1331 1706 1491 1768 enim
1515 1705 1746 1786 jejunio
1768 1723 1986 1785 corpus
2009 1723 2111 1766 mai

2224 1701 2341 1765 βοά.
2396 1701 2768 1784 ἐδιδάχθημεν)
2807 1723 2822 1736 ·
2881 1706 3022 1762 οὗτοι
3077 1702 3131 1760 δὲ
3187 1705 3295 1761 νέοι
3348 1702 3516 1775 ὄντες,
3568 1706 3655 1760 καὶ
3709 1703 3865 1782 ἀκρι-

476 1803 741 1872 cerante,
767 1815 878 1860 nec
904 1795 1217 1878 praeceptis
1239 1795 1425 1857 malas
1453 1795 1735 1857 libidines
1763 1793 2117 1856 refrenanti-

2226 1789 2314 1856 ἲῶς
2345 1791 2495 1868 (cod.
2557 1790 2697 1872 108,
2757 1791 2992 1874 ἀκριϐὲς)
3027 1790 3172 1852 οὗδὲν
3222 1794 3618 1874 ἐπιοστάμενοι,
3677 1814 3867 1868 μυστι-

475 1882 747 1966 busopus
760 1893 872 1950 est.
905 1884 1031 1947 Hac
1057 1893 1255 1948 mente
1283 1883 1548 1947 imbutus
1567 1885 1747 1947 homo
1769 1902 1900 1964 quae
1931 1883 2116 1944 futura

2226 1880 2457 1960 ιωτέρων
2515 1878 2693 1960 λόγων
2750 1881 2960 1938 ἀκούειν
3017 1886 3078 1941 ού
3133 1881 3375 1963 φέρουσιν
3436 1903 3453 1920 ·
3511 1887 3694 1942 οὐκοῦν
3753 1881 3867 1937 εἶπέ

475 1978 614 2033 sunt
650 1973 956 2054 praevidet,
989 1972 1342 2034 Trinitatem
1383 1989 1624 2053 quoque
1665 1971 1824 2034 clare
1855 1979 2116 2034 contem-

2222 1991 2327 2045 μοι,
2381 1976 2496 2034 πῶς
2548 1992 2678 2051 φατε
2733 1973 2822 2028 καὶ
2871 1971 2932 2028 τό
2981 1971 3213 2029 ἐναντίον
3271 1982 3476 2048 πνεῦμα
3531 1973 3863 2051 ὑποχωρεῖν,

475 2061 695 2140 platur,
719 2070 780 2125 et
807 2081 1010 2124 rerum
1033 2061 1373 2124 divinarum
1402 2070 1460 2123 et
1481 2060 1896 2142 mysteriorum
1921 2061 2116 2139 cogni-

2226 2060 2302 2116 ιαὶ
2367 2069 2460 2119 τοῦ
2528 2060 2788 2139 παναγίου
2845 2061 3150 2135 Πνεύματος
3221 2063 3318 2130 τὴν
3375 2063 3533 2142 χάριν
3592 2061 3867 2138 ἐπιφοιτᾷν

477 2149 640 2211 tione
659 2150 872 2230 dignus
885 2158 1185 2214 censetur.
1202 2148 1392 2213 Senex
1417 2151 1742 2212 monachus
1765 2150 1850 2212 sic
1884 2148 2118 2211 meliora

2227 2148 2300 2206 διὰ
2357 2155 2456 2218 τῆς
2515 2151 2772 2230 ὑμετέρας
2839 2157 3008 2232 εὒχῆς
3079 2155 3168 2210 καὶ
3224 2152 3630 2221 ἐπιτηδεύσεως.
3696 2145 3752 2210 ιΟ
3813 2151 3868 2207 δὲ

477 2238 722 2303 edoctus
739 2242 1012 2303 haeresim
1046 2238 1458 2302 detestabilem
1492 2239 1552 2300 in
1585 2247 2015 2318 omnetempus
2034 2236 2118 2298 ab

2232 2239 2502 2307 ὶπατηθείς
2573 2262 2735 2320 φησιν
2809 2257 2826 2276 ’
2900 2239 3157 2317 Οὐδεμίαν
3232 2242 3292 2300 ἐκ
3353 2250 3446 2300 τοῦ
3507 2244 3873 2320 βαπτίσματος

469 2328 653 2409 jurat.
688 2328 808 2393 Sed
837 2331 963 2392 haac
989 2329 1308 2393 sufﬁciant.
1365 2327 1484 2390 Nos
1523 2335 1721 2390 autem
1753 2327 1898 2389 illud
1934 2329 2110 2389 Evan-

2233 2327 2375 2404 ἴσμεν
2431 2327 2690 2409 ὠφέλειαν
2747 2328 2974 2407 γίνεσθαι
3026 2350 3042 2368 ο
3099 2331 3269 2406 μόνην
3327 2330 3382 2388 δὲ
3439 2333 3537 2400 τὴν
3589 2329 3874 2388 σπουδαίαν

475 2417 618 2496 gelii
646 2419 873 2484 dictum
896 2418 1304 2482 examinemus
1325 2436 1393 2480 ac
1415 2435 1656 2498 semper
1682 2416 1757 2478 ob
1789 2415 1995 2478 oculos
2024 2416 2116 2476 ha-

2232 2418 2387 2498 εὐχὴν
2458 2420 2550 2475 τὸν
2621 2419 2824 2476 ἕνοικον
2881 2421 2968 2476 καὶ
3031 2422 3449 2498 συνουσιωμένον
3485 2420 3727 2498 ’δαίμονα
3783 2419 3873 2486 ἐξ-

475 2505 751 2570 beamus:
777 2507 1236 2572 DixitDominus
1258 2506 1568 2588 discipulis
1598 2504 1750 2567 suis:
1778 2504 2116 2586 Quicunque

2225 2505 2445 2564 ἐλαύνειν
2474 2521 2488 2537 ⁶
2563 2506 2706 2584 ἔγχει
2780 2509 2883 2588 γὰρ
2938 2506 3158 2574 ἕκαστος
3215 2510 3276 2567 ἐκ
3331 2520 3424 2570 τοῦ
3476 2510 3810 2590 προπάτορος
3851 2529 3866 2543 ⁸

474 2596 853 2660 conﬁtebitur
885 2600 942 2661 in
975 2597 1216 2661 nomine
1246 2614 1404 2673 meo,
1438 2603 1556 2658 etc.

2228 2595 2518 2675 bene.va
2556 2597 2730 2677 φύσιν,
2783 2596 2949 2660 οὕτως
2996 2599 3085 2654 καὶ
3137 2599 3236 2666 τὴν
3279 2606 3386 2656 τῶν
3435 2597 3698 2675 δαιμόνων
3743 2595 3869 2657 δου-

473 2684 616 2743 λείαν
685 2690 758 2743 ῶν
829 2689 931 2744 ὑπὸ
1001 2695 1098 2756 τῆς
1186 2694 1354 2770 εὐχῆς
1441 2686 1794 2762 ὲλανομένων,
1883 2685 2128 2765 ἐπιφοιτᾷ
2201 2685 2386 2744 λοιπὸν
2450 2688 2511 2743 τὸ
2576 2687 2836 2766 πανάγιον
2902 2695 3116 2764 Πνεῦμα
3174 2692 3376 2770 ὁρατῶς
3433 2712 3490 2746 τε
3546 2691 3634 2746 καὶ
3691 2691 3877 2758 αἰσθη-

472 2783 578 2841 τῶς
610 2794 627 2811 ⁶
702 2778 790 2834 καὶ
846 2779 908 2834 τὸ
966 2778 1063 2854 μὲν
1122 2780 1280 2854 σῶμα
1336 2779 1481 2842 εὐθὺς
1534 2783 1632 2845 τῆς
1691 2777 1954 2853 ἐμπαθοῦς
2007 2777 2268 2846 κινήσεως
2341 2775 2689 2858 ἠλευθέρωται
2723 2794 2736 2808 ⁸
2797 2780 2832 2846 ἡ
2889 2775 2944 2834 δὲ
3016 2779 3198 2860 ψυχὴ,
3253 2785 3352 2847 τῆς
3418 2779 3503 2836 ἐπὶ
3571 2780 3636 2835 τὰ
3704 2781 3872 2859 χείρω

471 2865 643 2944 ῥοπῆς
676 2881 690 2895 ⁶
743 2868 818 2930 ὡς
869 2868 1063 2942 μηκέτι
1111 2867 1313 2925 δεῖσθαι
1367 2871 1504 2943 μήτε
1553 2869 1796 2935 νηστείας
1849 2867 2132 2937 πιεζούσης
2197 2869 2259 2924 τὸ
2309 2874 2488 2944 σῶμα,
2541 2870 2677 2944 μήτε
2750 2866 3085 2932 διδασκαλίας
3136 2869 3464 2950 χαλινούσης
3516 2867 3631 2951 (αἱ.
3681 2869 3875 2932 εοάεω

473 2955 829 3034 χαρυνούσης)
887 2956 985 3022 τὴν
1063 2959 1248 3038 ψυχὴν
1304 2959 1392 3014 καὶ
1444 2959 1534 3014 τὸν
1603 2967 1746 3030 νοῦν,
1819 2956 1922 3011 ἀπὸ
1976 2955 2155 3023 πάσης
2212 2963 2450 3036 πονηρᾶς
2520 2956 2781 3037 ἐνεργείας
2852 2960 2940 3014 καὶ
2995 2957 3331 3034 ἐνθυμήσεως
3390 2974 3403 2990 ‘
3463 2956 3751 3038 προϐλέπει
3809 2957 3869 3015 δὲ

471 3045 561 3101 καὶ
615 3044 680 3099 τὰ
729 3043 992 3121 μέλλοντα
1051 3054 1231 3128 σαφῶς
1293 3049 1320 3104 ὁ
1371 3056 1628 3120 τοιοῦτος,
1662 3047 1776 3102 ’καὶ
1844 3046 1941 3112 τὴν
2006 3045 2158 3123 ἁγίαν
2217 3044 2409 3125 Τριάδα
2480 3045 2898 3127 ὀφθαλμογανῶς
2966 3051 3180 3126 θεωρεῖ,
3251 3050 3341 3105 καὶ
3409 3047 3708 3126 θεολογίας,
3780 3050 3871 3105 καὶ

471 3133 621 3214 θείων
679 3135 978 3212 μυστηρίων
1036 3134 1368 3201 καταξιοῦται
1403 3153 1418 3170 ⁸
1481 3135 1649 3199 οὕτως
1695 3137 1723 3191 ὁ
1789 3133 1954 3213 γέρων
2009 3131 2351 3202 ἐξαπατηθεὶς
2407 3133 2506 3203 τὴν
2564 3134 2813 3217 βδελυρὰν
2877 3137 3081 3217 α’ίρεσιν
3157 3138 3228 3200 εἷς
3299 3139 3361 3196 τὸ
3423 3137 3653 3219 ἐμφανὲς
3719 3135 3874 3204 ὑπεξ-

471 3223 696 3300 ἡγαγεν.
754 3219 923 3280 Ἀλλὰ
969 3223 1034 3280 τά
1086 3225 1182 3301 μὲν
1229 3226 1348 3304 περὶ
1399 3225 1620 3302 τούτων,
1680 3224 1765 3280 ἐπὶ
1813 3233 2059 3282 τοσοῦτον
2093 3239 2108 3254 ⁸
2143 3225 2306 3301 ἡμεῖς
2342 3222 2418 3285 ,δὲ
2473 3223 2658 3282 λοιπὸν
2716 3227 2822 3294 τὴν
2871 3224 3220 3305 εύαγγελικὴν
3275 3227 3522 3284 ὑπόθεσιν
3575 3227 3650 3291 εἷς
3708 3226 3871 3303 μέσον

470 3310 973 3478 ζε-Ξοθήιέιειηῖνὶιιαὶι
1007 3311 1338 3391 ἐξετάσωμεν
1395 3314 1562 3380 υῧτως
1632 3313 1863 3394 ἔχουσαν
1899 3331 1914 3350 ο
1975 3313 2145 3371 Εἶπεν
2197 3315 2225 3372 ὁ
2277 3315 2466 3393 Κύριος
2521 3327 2643 3381 τοῖς
2696 3316 2883 3376 ἑαυτοῦ
2931 3319 3200 3394 μαθηταῖς
3247 3333 3261 3350 ⁶
3313 3322 3425 3382 Πᾶς
3468 3313 3615 3381 ὅστις
3665 3314 3870 3394 ὁμολο-

547 3419 625 3456 σει
683 3424 710 3456 ν
768 3422 837 3478 μο
861 3447 880 3478 ,
915 3419 948 3464 e
973 3419 1025 3465 ο.
2640 3420 2645 3427 ’

547 3419 625 3456 σει
655 3406 710 3456 ὲν
739 3406 880 3480 ἐμοὶ,
915 3406 1025 3465 etc.

1231 3911 2047 4062 JOANNIS
2153 3910 3098 4060 XIPHILINI

1321 4195 1908 4292 DECRETA
2004 4193 3018 4292 MATRIMONIALIA

925 4405 1096 4486 Vide
1157 4404 1569 4506 Patrologiae
1630 4404 1891 4482 Graecae
1941 4414 2116 4481 tom.
2187 4402 2430 4495 CXIX,
2487 4403 2620 4480 col.
2683 4403 2831 4512 ,755
2895 4428 3042 4504 sqq.
3094 4415 3164 4480 et
3226 4406 3393 4482 875.

1863 4925 2017 4976 ANNO
2039 4925 2249 4974 DOMINI
2275 4925 2472 4974 HLXXV

757 5088 1804 5266 JOANNES
1913 5087 2240 5260 GP.
2361 5081 3570 5261 DIACONUS

554 5557 828 5640 Joannis,
860 5557 1541 5641 Constantinopolitanae
1570 5557 1864 5624 Ecclesia:
1892 5560 2164 5636 diaconi,
2193 5575 2416 5622 nomen
2445 5565 2675 5639 etopus
2701 5559 3157 5639 signiﬁcaverat
3178 5554 3449 5620 Allatius
3481 5562 3547 5622 in
3576 5560 3870 5626 Diatriba

475 5645 552 5709 de
579 5644 799 5715 Psellis
823 5671 887 5734 p.
915 5651 986 5713 21
1025 5651 1223 5732 (apud
1241 5647 1491 5712 Fabric.
1524 5649 1597 5712 B.
1637 5651 1710 5712 G.
1743 5649 1835 5713 ed.
1867 5658 1989 5713 vet.
2021 5657 2068 5711 ι.
2100 5650 2221 5728 V.).
2252 5650 2372 5711 Nos
2390 5663 2531 5710 vero
2553 5650 2618 5709 in
2645 5645 2954 5710 Vaticanis
2975 5647 3276 5710 codicibus
3298 5664 3447 5726 opus
3467 5651 3658 5726 illius,
3679 5659 3870 5731 prout

475 5736 544 5798 in
570 5734 772 5826 codice
801 5743 870 5803 31
909 5739 1290 5809 describitur,
1319 5736 1642 5818 multijuga
1687 5739 1967 5801 doctrina
2010 5737 2305 5818 refertum
2352 5738 2737 5816 rape-rimus;
2771 5739 2953 5826 cuius
2997 5744 3146 5800 aetas
3176 5737 3342 5826 haud
3371 5738 3536 5802 ultra
3570 5739 3866 5826 Psallam,

474 5825 1484 5978 gluemNalgulgl-Bloqinlneééaudat,
1539 5828 1832 5908 assurgit.
1865 5828 2147 5890 Primum
2175 5826 2285 5890 libi
2310 5826 2504 5906 primi
2553 5823 2892 5906 capitulum
2934 5827 3183 5890 interim
3211 5825 3344 5897 luce
3372 5828 3754 5896 donabimus.
3789 5823 3870 5884 -ἒ

537 5929 598 5976 ιι
685 5962 702 5978 .
796 5961 812 5978 .
971 5967 985 5978 .
1110 5963 1126 5978 .
1285 5965 1298 5978 .

537 5929 598 5976 Αι
621 5916 702 5978 Ν.
733 5916 812 5979 B.
853 5917 985 5982 pp.
1023 5917 1126 5994 γι,
1157 5916 1298 5979 542.
