4156 6382
294 390 445 457 1293

1256 396 1354 459 DE
1395 395 1527 459 DEI
1566 393 1789 459 cum
1830 370 2195 465 HOMINEM
2238 399 2686 469 (EGONOMIA.

3518 405 3674 475 129.4

276 528 521 594 Ἰωάννου
568 532 816 597 διακόνου
858 542 958 606 τῆς
1016 533 1270 615 Μεγάλης
1318 535 1602 604 ἐκκλησίας
1658 535 1776 616 περὶ
1831 541 1902 604 τῆ

1999 532 2278 597 Joannis
2320 532 2566 599 diaconi
2606 536 2846 617 Magnas
2887 537 3170 615 ecclesiis,
3218 538 3295 603 de
3316 514 3464 604 [Dei
3507 541 3672 606 circa

358 620 411 688 ἐξ
470 623 649 704 ἀρχῆς
708 626 803 703 μαὶ
862 625 1023 708 μέχρι
1076 624 1260 689 τέλους
1315 623 1613 708 οἰκονομίας
1661 634 1756 685 τοῦ
1803 632 1935 686 Θεοῦ

359 711 435 775 εἰς
489 714 582 770 τὸν
652 706 970 796 ἅνθρωπονς-
1021 716 1234 791 ἱστομία
1290 706 1572 795 ἐπωφελής
1599 729 1616 746 ⁸
1670 714 1759 771 καὶ
1812 715 1932 796 περὶ

357 803 458 868 τῆς
525 809 898 883 χριστιανικῆς
955 801 1251 886 πολιτείας,
1312 802 1457 868 ὅπως
1510 800 1737 872 συνέστη
1768 820 1784 837 ⁸
1842 805 1932 862 καὶ

356 888 492 947 κατὰ
519 891 734 954 πάντων
765 896 1066 975 αἱρετικῶν.

826 1061 1124 1143 Κεφάλαιον
1154 1067 1388 1143 πρῶτον.

352 1218 430 1291 α’.
482 1229 690 1291 Βιϐλίαν
746 1238 980 1314 πρῶτον.
1040 1232 1125 1296 Τίς
1184 1233 1213 1288 ὁ
1273 1232 1473 1297 σκοπὸς
1526 1238 1605 1308 τῷ
1657 1237 1774 1307 Θεῷ
1826 1236 1926 1300 τῆς

271 1318 490 1397 πρώτης
559 1330 653 1381 τοῦ
707 1319 981 1402 ἀνθρώπου
1049 1318 1297 1386 πλάσεως
1344 1322 1453 1379 -καὶ
1521 1325 1623 1390 τῆς
1679 1318 1922 1401 δευτέρας

268 1406 616 1475 ἀναπλάσεως
667 1408 753 1469 διὰ
796 1419 891 1471 τοῦ
947 1413 1069 1468 Υἱοῦ
1102 1425 1118 1440 ⁶
1209 1408 1355 1475 ὅπως
1413 1410 1510 1487 μὲν
1561 1412 1590 1467 ὁ
1647 1410 1777 1475 Θεὸς
1835 1407 1921 1466 διὰ

266 1493 570 1574 ἀγαθότητα
613 1502 773 1559 αὐτοῦ
817 1501 908 1557 τὸν
954 1499 1167 1579 νοητὸν,
1221 1499 1344 1556 εἶτα
1392 1500 1480 1556 καὶ
1523 1498 1771 1566 αἰσθητὸν
1816 1496 1919 1555 κό-

267 1603 402 1658 σμον
458 1587 741 1666 παρήγαγε
773 1605 788 1621 ⁸
838 1588 929 1661 καὶ
975 1584 1057 1644 ὅτι
1114 1588 1176 1644 τὸ
1232 1585 1539 1648 τελευταῖον
1595 1585 1921 1664 δημιουργή-

263 1691 360 1735 σας
390 1673 481 1730 τὸν
538 1672 834 1755 ἄνθρωπον,
886 1674 1032 1733 ἔθετο
1073 1676 1230 1734 αὐτὸν
1275 1675 1330 1732 ἐν
1374 1682 1453 1752 τῷ
1496 1672 1796 1756 παραδείσῳ
1844 1680 1922 1749 τῷ

263 1758 318 1814 ἐν
364 1756 545 1837 Ἐδὲμ,
592 1761 711 1831 ἤτοι
758 1770 828 1840 τῇ
876 1769 1044 1845 τρυφῇ
1097 1762 1285 1844 (Ἐδὲμ
1329 1766 1429 1845 γὰρ
1474 1767 1511 1834 ἡ
1541 1764 1710 1845 τρυφὴ
1741 1764 1918 1842 ἑρμη-

262 1847 487 1929 νεύεται)

2048 628 2053 633 “
2097 622 2400 710 hominem
2414 626 2749 689 oeconomia
2769 625 2914 688 inde
2939 646 2978 689 a
3000 629 3317 709 principio
3344 629 3430 691 ad
3455 629 3662 710 ﬁnem,

2094 709 2355 775 historia
2379 713 2569 776 utilis.
2625 713 2821 797 Origo
2866 715 3236 781 Christianae
3284 720 3670 783 constitutio-

2092 800 2227 876 nis;
2267 811 2577 882 postrema
2621 805 2788 869 venit
2836 812 3054 869 contra
3101 824 3305 872 omnes
3356 806 3668 872 hereticos

2092 889 2457 957 dissertatio.

2570 1051 2770 1136 Caput
2789 1055 3091 1137 primum.

2095 1214 2147 1276 1.
2162 1210 2342 1276 Liber
2352 1212 2601 1296 primus.
2630 1215 2842 1279 Sermo
2853 1214 3047 1297 agitur
3059 1215 3135 1280 de
3156 1217 3276 1282 ﬁne
3293 1235 3472 1302 quem
3502 1219 3664 1285 Deus

2006 1300 2082 1365 ob
2112 1302 2314 1366 oculos
2345 1302 2618 1366 habuerit
2645 1303 2707 1366 in
2724 1305 2917 1387 prima
2936 1300 3584 1389 formationehominis,
3601 1318 3663 1375 et

2003 1390 2065 1452 in
2076 1391 2455 1473 secundaper
2472 1392 2722 1469 Filium;
2746 1395 3043 1475 quomodo
3066 1394 3247 1473 Deus,
3272 1415 3381 1478 pro
3393 1394 3661 1464 bonitate

2003 1498 2129 1559 sua,
2183 1480 2530 1561 produxerit
2560 1482 2849 1545 mundum
2889 1482 3379 1563 intellectualem,
3431 1486 3658 1554 deinde

2004 1570 2291 1632 mundum
2312 1570 2683 1652 sensibilem,
2706 1577 2767 1633 et
2784 1571 2941 1653 quod
2972 1573 3283 1637 hominem
3302 1582 3567 1640 creatum
3592 1576 3658 1642 in

2002 1659 2283 1734 Edem,id
2300 1668 2389 1722 est
2401 1659 2693 1741 paradiso,
2705 1661 3118 1742 posuit(Edem
3130 1663 3290 1726 enim
3306 1663 3653 1730 deliciarum

2004 1747 2396 1828 signiﬁcatum
2411 1748 2636 1831 habet);
2672 1749 2831 1831 quod
2861 1769 2998 1813 cum
3024 1770 3162 1814 cum
3184 1750 3376 1816 libero
3404 1753 3655 1819 arbitrio

524 1867 538 1882 '
590 1852 679 1908 καὶ
733 1850 866 1916 ὅπος
909 1837 1254 1919 ἀῦτεξοόσιον
1308 1854 1541 1924 ποιήσας
1599 1852 1778 1927 αὐτὸν,
1831 1852 1906 1909 καῖ

2002 1837 2285 1919 dotasset,
2318 1845 2378 1901 et
2404 1838 2755 1927 interivitam
2779 1845 2838 1901 et
2857 1847 3109 1903 mortem
3129 1840 3392 1909 medium
3406 1845 3654 1908 statuis-

235 1933 421 2010 ’μέσον
465 1926 630 2007 *ξωῆς
698 1941 787 1997 καὶ
838 1941 1061 1999 θανάτου
1109 1940 1353 2022 θέμενος,
1413 1940 1634 2008 ἐντολὴν
1695 1926 1906 1997 δέδωκεπ.

1999 1933 2111 2001 set,
2128 1935 2487 2022 praeceptum
2519 1926 2575 1989 ei
2591 1927 2846 2022 dederit,
2870 1929 3244 2022 etquodnam
3274 1930 3549 2013 sequitur
3576 1933 3653 1997 de

255 2024 417 2098 αὐτῷ,
453 2027 539 2083 καὶ
572 2028 757 2085 ὁποίαν
791 2045 806 2061 ⁸
842 2031 931 2086 καὶ
958 2030 1010 2086 τί
1055 2030 1117 2087 τὸ
1171 2028 1323 2094 τέλος
1378 2034 1477 2097 τῆς
1530 2026 1748 2101 ἐντολῆς
1782 2045 1798 2062 ⁸
1830 2027 1919 2084 καὶ

259 2113 471 2194 ὁποῖον,
525 2117 569 2172 εἰ
611 2116 830 2198 ἐφύλαξε
886 2118 986 2186 τὴν
1042 2116 1263 2186 ἐντολὴν
1320 2120 1349 2175 ὁ
1407 2115 1601 2198 Ἀδὰμ,
1661 2113 1914 2174 ἀπέκειτο

254 2199 439 2276 ἐκείνῳ
466 2206 528 2260 τὸ
557 2202 783 2263 ἔπαθλον
821 2225 837 2241 ⁸
897 2208 987 2264 καὶ
1048 2206 1195 2270 ὅπως
1249 2206 1429 2284 ἀπάτῃ
1476 2214 1571 2265 τοῦ
1618 2206 1789 2287 ὄφεως
1837 2206 1912 2269 εἷς

255 2292 450 2369 φθορὰν
503 2294 592 2350 καὶ
645 2294 867 2355 θάνατον
934 2298 963 2353 ὁ
1020 2292 1195 2360 ἅθλιος
1254 2294 1672 2371 κατωλίσθησεν,
1733 2295 1808 2358 ὡς
1860 2290 1913 2359 ἐξ

254 2376 455 2437 ἐκείνου
509 2382 583 2445 εἷς
638 2388 813 2440 πᾶσαν
866 2383 965 2451 τὴν
1019 2385 1170 2465 φύσιν
1221 2381 1520 2451 διαδοθῆναι
1567 2383 1668 2451 τὴν
1716 2380 1910 2463 φιλάν-

251 2469 461 2546 θρωπον
522 2475 623 2538 τῆς
697 2475 887 2553 φθορᾶς
956 2475 1234 2554 τιμωρίαν,
1406 2472 1635 2541 θεόπτης

251 2556 553 2637 ἀρχόμενος
582 2566 683 2629 τῆς
719 2564 1070 2638 κοσμοποιίας
1109 2565 1244 2638 ἡμῖν
1296 2559 1618 2641 διηγήσατο,
1660 2559 1750 2616 καὶ
1777 2555 1910 2615 1:01"-

250 2643 334 2702 λοὶ
381 2645 604 2717 καθεξῆς
647 2656 754 2706 τῶν
805 2650 1057 2731 Πατέρων
1104 2650 1286 2725 ἐκείνῳ
1335 2650 1588 2727 ἑπόμενοι
1643 2646 1908 2729 σαφέστε-

252 2757 343 2814 ρον
400 2734 736 2816 ἐληγήσαντο
767 2756 782 2775 ⁸
851 2739 970 2797 ἀλλ’
1024 2740 1121 2798 οὒκ
1173 2741 1240 2809 ἧν
1292 2741 1431 2804 εἰκὸς
1489 2739 1652 2820 μέχρι
1706 2738 1906 2800 παντὸς

250 2824 578 2906 ἀνασχέσθαι
635 2831 727 2885 τὸν
789 2829 982 2908 ἀγαθον
1040 2830 1273 2898 ποιητὴν
1331 2832 1535 2910 ὁρῶντα
1588 2829 1650 2884 τὸ
1706 2828 1905 2885 οἱκετον

248 2912 470 2991 πλάσμα
526 2917 619 2974 τὸν
688 2916 958 2997 ἄνθρωπον
1015 2919 1115 2975 ὑπὸ
1173 2928 1265 2977 τοῦ
1320 2914 1566 2977 διαϐόλου
1622 2913 1906 2994 τυραννού-

247 3026 431 3086 μενον,
482 3016 576 3066 τοῦ
618 3009 714 3083 μὲν
758 3016 986 3076 ποιητοῦ
1033 3011 1121 3067 καὶ
1159 3008 1409 3077 ἀληθινοῦ
1458 3016 1590 3067 Θεοῦ
1638 3006 1906 3084 ἀποστρε-

243 3092 498 3172 φόμενον,
576 3096 665 3152 τὸν
735 3093 790 3151 δὲ
861 3096 1014 3169 ἆθεϊᾳ
1059 3103 1313 3155 νοσοῦντα
1346 3137 1363 3154 .
1422 3096 1581 3154 ταύτὸ
1637 3094 1738 3173 γὰρ
1794 3091 1905 3148 ἐστι

2000 2015 2282 2103 praecepti
2312 2016 2470 2080 illius
2501 2024 2734 2079 tenore.
2793 2018 3118 2100 Adamum,
3177 2021 3231 2082 si
3290 2029 3651 2103 praeceptum

2000 2102 2399 2181 observasset,
2434 2105 2747 2186 praemium
2780 2113 3198 2169 assecuturum
3224 2106 3412 2172 fuisse
3441 2102 3652 2174 osten-

1997 2191 2178 2256 ditur.
2239 2193 2547 2275 Serpentis
2601 2203 2799 2259 autem
2852 2195 3062 2258 fraude
3097 2196 3384 2278 deceptus
3441 2197 3655 2262 miser-

1995 2281 2173 2344 homo
2202 2282 2263 2344 in
2297 2282 2626 2361 perniciem
2657 2303 2726 2348 ac
2759 2290 3012 2349 mortem
3036 2283 3374 2348 damnatur.
3407 2287 3652 2368 Moyses

1994 2369 2282 2433 ultionem
2297 2370 2552 2432 divinam
2567 2390 2748 2454 super
2767 2379 2948 2435 totam
2975 2379 3248 2435 naturam
3269 2373 3519 2437 irruisse
3545 2394 3648 2439 os-

1996 2464 2293 2534 tensurus,
2320 2459 2924 2537 mundicreationem,
2948 2460 3010 2522 in
3026 2480 3142 2543 quo
3167 2462 3339 2524 multi
3360 2462 3649 2546 deinceps

1993 2550 2198 2612 Patres
2212 2565 2350 2613 eum
2364 2548 2578 2611 imitati
2589 2557 2747 2630 sunt,
2764 2559 3003 2615 enarrat
3014 2601 3026 2614 .
3036 2550 3152 2614 Sed
3165 2552 3411 2617 Creator
3421 2553 3650 2632 plasma

1992 2655 2160 2699 suum
2184 2656 2218 2699 a
2246 2637 2481 2701 diabolo
2511 2646 2785 2702 vexatum
2814 2639 3040 2703 diutius
3066 2640 3284 2704 videre
3311 2660 3434 2704 nou
3460 2643 3648 2707 susti-

1988 2727 2137 2803 nuit,
2172 2727 2395 2809 quippe
2443 2730 2543 2810 qui
2592 2729 2759 2791 illum
2808 2747 2843 2791 a
2895 2748 3035 2793 vero
3085 2730 3210 2793 Deo
3262 2738 3561 2798 averteret
3591 2741 3650 2797 et

1987 2816 2424 2880 incredulitatis
2472 2816 2683 2880 morbo
2732 2817 3020 2883 traderet.
3068 2818 3232 2882 Nihil
3278 2819 3439 2882 enim
3487 2819 3649 2884 inter

1992 2904 2445 2988 polytheismum
2480 2915 2542 2969 et
2589 2914 2807 2969 terram
2854 2907 3132 2984 interest,
3183 2907 3288 2971 ubi
3346 2915 3556 2972 natura
3585 2919 3648 2975 et

1988 3013 2124 3057 cum
2155 3012 2226 3056 ea
2254 3012 2431 3056 omne
2479 3013 2667 3075 genus
2720 2996 3173 3077 perversitatum
3225 3005 3540 3062 exercetur
3590 3007 3650 3063 et

1988 3082 2222 3145 colitur.
2256 3082 2332 3145 At
2362 3101 2542 3164 quem
2590 3083 2774 3147 alium
2821 3086 3195 3166 regeneratio
3226 3086 3490 3168 pertinet
3518 3086 3646 3151 nisi

242 3171 334 3238 καὶ
383 3180 669 3243 πολυθεῖαν
719 3186 912 3263 εἰπεῖν,
971 3187 1060 3242 καὶ
1112 3208 1183 3263 τῃ
1242 3182 1516 3262 ὁμοδούλῳ
1572 3171 1738 3239 κτίσει
1793 3178 1895 3236 λα-

1999 3171 2065 3263 1d
2083 3190 2218 3234 eum
2249 3174 2350 3263 qui
2382 3172 2560 3263 vitam
2577 3172 2781 3263 dedit,
2815 3182 2875 3236 et
2903 3193 3090 3256 penes
3119 3193 3295 3255 quem
3319 3175 3518 3241 solum
3547 3188 3642 3241 est

391 3233 663 3243 .--------...
720 3233 882 3242 -..πη
974 3233 1060 3242 η...
1125 3233 1183 3254 ,,
1245 3233 1268 3242 ,
1321 3233 1512 3258 "nm,

244 3269 519 3351 τρεύοντα³
550 3272 637 3328 καὶ
690 3272 869 3340 πάσης
895 3233 1111 3337 ’κακίας
1153 3233 1257 3329 ’.καὶ
1275 3233 1553 3352 ⁸..πονηρίας
1583 3270 1899 3350 ἡπάρχοντα

1980 3260 2211 3324 salvare
2239 3269 2298 3323 et
2326 3260 2388 3322 in
2419 3261 2740 3342 pristinum
2772 3268 2987 3326 statum
3016 3264 3337 3328 restituere
3366 3282 3505 3329 eum
3529 3266 3633 3347 qui
3658 3296 3663 3301 -

246 3348 572 3417 οἰκειότατον
619 3358 965 3443 ἐργαστήριον
994 3379 1009 3393 ⁸
1070 3363 1170 3420 τίνι
1228 3361 1328 3442 γὰρ
1384 3348 1534 3436 ἄλλῳ
1579 3360 1617 3430 ἢ
1802 3364 1899 3443 AF?

1999 3348 2451 3443 ritamdperdidit
2472 3348 2503 3409 ‘I

243 3447 422 3523 σπότῇ
489 3453 589 3516 τῆς
649 3438 865 3529 -φῦσεως
921 3449 1153 3532 διέφερεν
1208 3438 1254 3520 ἡ⁷
1296 3438 1586 3517 ἀνάκλησις
1622 3465 1640 3526 ;
1701 3467 1802 3504 τινι
1850 3440 1896 3501 δ’
1930 3438 2113 3532 ἑτέρῳ
2167 3439 2198 3509 ἦ
2240 3439 2410 3532 ξτεξύτφ
2434 3460 2603 3532 ΔμονιΡ
2651 3446 2729 3515 τῷ
2777 3440 2879 3509 τὴν
2932 3441 3076 3513 ξιοίν
3130 3439 3378 3501 δεδωκότι
3422 3440 3638 3505 δυνατὸν

236 3535 307 3604 ἧν
357 3538 445 3594 καὶ
474 3526 745 3617 ἁρμόδιον,
778 3526 1046 3597 ἀνασῶσαι
1069 3526 1255 3601 ⁷πάλιν
1301 3545 1379 3614 τῷ
1426 3539 1625 3607 ταύτην
1655 3534 1708 3603 ἐξ
1737 3540 1897 3595 αυτοῦ
1926 3527 2141 3617 λαϐόντι
2170 3526 2628 3617 καὶῌέπολέσαντη

324 3617 381 3705 β’
408 3625 559 3685 Ἀλλ’
607 3627 754 3706 ὅμως
808 3630 900 3685 καὶ
961 3630 1095 3705 μετὰ
1143 3626 1348 3692 πολλὰς
1399 3627 1507 3692 τὰς.
1539 3627 1707 3689 ἶάσεις
1738 3623 1798 3688 ἃς
1829 3628 1899 3700 τῇ

242 3717 698 3796 πραγματισθείσῃ
763 3718 912 3799 φύσει
981 3723 1088 3774 τῶν
1145 3717 1433 3797 ἀνθρώπων
1486 3716 1588 3774 ὑπὸ
1642 3723 1736 3773 τοῦ
1790 3710 1898 3769 δει-

244 3813 339 3862 σοῦ
366 3804 763 3887 πολεμήτορος³
816 3809 844 3863 ὁ
891 3810 991 3874 τῆς
1048 3807 1253 3887 φύσεως
1313 3804 1590 3873 Δεσπότης
1618 3803 1900 3884 προσήγα-

243 3914 335 3971 γεν
411 3895 486 3956 ὡς
558 3889 768 3973 ἄριστος
824 3895 1001 3973 ἰατρὸς
1055 3894 1193 3951 κατὰ
1246 3890 1521 3974 διαφόρους
1578 3891 1745 3954 αἰτίας
1814 3890 1902 3946 καὶ

244 3981 497 4062 χρόνους,
544 3980 696 4058 ἔμενε
743 3983 804 4038 τὸ
851 3983 1017 4038 κακὸν
1072 3980 1382 4061 ἀδιόρθωτον
1417 3998 1434 4016 ⁸
1487 3978 1618 4036 ποτὲ
1675 3977 1770 4055 μὲν
1803 3976 1902 4055 γὰρ

239 4074 315 4135 ὡς
372 4068 507 4139 ἤπια
563 4069 815 4152 φάρμακα
881 4076 1123 4151 προσῆγε
1191 4071 1286 4135 τὰς
1358 4068 1653 4151 εὐεργεσίας
1707 4070 1849 4142 αὖτῷ
1879 4085 1894 4101 ⁸

239 4160 372 4217 ποτὲ
416 4157 476 4215 δὲ
525 4160 598 4223 ὠς
642 4158 929 4240 δραστηρια
975 4160 1065 4217 καὶ
1113 4159 1182 4228 τὴ
1234 4163 1401 4235 σῆψιν
1452 4157 1896 4237 ἅιποκαθαίροντα⁷

242 4249 280 4318 ἢ
345 4249 436 4306 καὶ
503 4246 761 4313 πολλάκις
831 4247 1285 4306 καταναλίσκοντα
1342 4246 1560 4328 ἐπέφερε
1611 4246 1708 4310 τὰς
1761 4243 1900 4311 πλη-

240 4337 340 4416 γάς
377 4357 394 4374 ⁸
453 4338 542 4394 καὶ
598 4335 746 4446 ποτὲρ
778 4337 874 4413 μὲν
910 4335 1056 4446 λόγῳ
1099 4335 1425 4446 ἐπαιδεμσεν,
1467 4338 1542 4445 ὼκς
1588 4335 1681 4393 τὸν
1728 4330 1900 4446 ’ἑδαμ
1918 4383 1967 4446 D

243 4426 379 4501 μετὰ
426 4425 524 4492 τὴν
569 4420 890 4505 παράϐασιν,
941 4425 1030 4481 καὶ
1076 4427 1167 4482 τὸν
1212 4425 1347 4483 Κάῖν
1399 4424 1535 4501 μετὰ
1586 4446 1685 4491 την
1735 4419 1895 4478 ἀδελ-

240 4515 522 4595 φοκτονίαν
556 4529 571 4544 ⁸
632 4512 764 4570 ποτὲ
825 4510 880 4568 δὲ
932 4512 1227 4594 εὐηργέτει,
1288 4516 1362 4578 ὡς
1411 4515 1503 4569 τὸν
1544 4510 1734 4588 Ἀδὰμ,
1772 4511 1895 4568 ἐπι-

242 4609 501 4683 χορηγῶν
531 4602 596 4659 τὰ
624 4597 862 4683 χρειώδη
912 4607 981 4678 τῇ
1028 4602 1180 4680 σαρκὶ
1229 4601 1365 4677 μετὰ
1412 4601 1511 4669 τὴν
1551 4597 1845 4679 παράϐασιν
1876 4617 1893 4636 ⁸

237 4693 327 4749 καὶ
373 4693 465 4749 τὸν
510 4690 607 4767 μὲν
655 4690 792 4748 Κάῒν
847 4690 1020 4765 στόνῳ
1073 4690 1162 4746 καὶ
1217 4690 1401 4769 τρόμῳ
1443 4686 1746 4760 κατεδίκαζε
1788 4694 1894 4746 τῶν

241 4781 448 4838 οἰκείων
480 4778 655 4856 μελῶν
689 4795 705 4811 ⁸
759 4780 880 4844 τοὺς
932 4777 997 4835 αὖ
1049 4777 1136 4835 ἐπὶ
1183 4784 1300 4836 Νῶε
1343 4776 1489 4835 ὕδατι
1539 4775 1895 4854 κατακλυσμῷ

241 4866 326 4925 διὰ
382 4871 444 4926 τὸ
498 4867 877 4948 κιειρθαρμένον
950 4871 1050 4935 τῆς
1108 4865 1279 4924 αὖτων
1334 4865 1689 4947 προαιρέσεως
1728 4883 1743 4897 ⁸
1806 4867 1895 4924 καὶ

237 4958 358 5021 τοὺς
417 4956 513 5033 μὲν
567 4956 622 5013 ἐν
676 4961 746 5033 τῇ
793 4954 1111 5037 πυργοποιίᾳ
1162 4961 1268 5013 τῶν
1325 4954 1583 5036 γλωσσῶν
1638 4956 1891 5036 συγχύσει

240 5042 326 5101 διὰ
353 5046 453 5114 τὴν
482 5044 736 5103 ἀπόνοιαν
763 5061 777 5077 ⁸
823 5046 946 5109 τοὺς
999 5042 1054 5101 δὲ
1102 5044 1155 5102 ἐν
1206 5042 1458 5121 Ζοδόμοις
1497 5043 1581 5100 διὰ
1609 5043 1711 5112 τὴν
1740 5042 1894 5100 ἀσέλ-

238 5155 386 5212 γειαν
422 5151 436 5164 ⁸
484 5131 737 5213 ὁδὴγήσει
780 5132 835 5191 δέ
876 5155 1005 5213 ποτε
1047 5135 1137 5191 καὶ
1177 5131 1263 5190 διὰ
1310 5134 1474 5211 νόμου
1528 5138 1762 5213 γραπτοῦ
1816 5135 1892 5197 ὡς

241 5220 327 5280 ἐπὶ
384 5222 618 5288 Μωσέως
676 5222 760 5281 διὰ
827 5225 917 5281 τὸν
983 5223 1304 5300 συνηθισμὸν
1373 5228 1471 5291 τῆς
1529 5223 1892 5301 Αὶγυπτιακῆς

239 5311 523 5381 ἀθεότητος
558 5328 573 5342 ⁶
638 5312 762 5370 εἶτα
814 5312 903 5370 καί
975 5310 1061 5369 διὰ
1136 5317 1424 5394 προφητῶν
1482 5309 1742 5375 πολλάκις
1805 5306 2148 5393 παρήγγελλε
2210 5326 2225 5344 ⁸

240 5400 306 5457 τά
373 5402 715 5481 ἱατρεύματα,
771 5398 818 5457 δ’
880 5403 955 5458 ὧν
1023 5401 1123 5470 τὴν
1195 5407 1457 5482 περοῦσαν
1509 5400 1661 5483 φύσιν
1730 5401 1805 5466 εἷς
1866 5402 1928 5459 τὸ
1981 5400 2213 5479 ἀρχαῖον
2280 5395 2644 5465 ἀνακληθῆναι
2714 5399 2778 5456 τὺ
2847 5398 3267 5482 σπουδαζόμενον
3330 5405 3397 5475 ἦν
3459 5423 3477 5442 ⁸

239 5498 395 5571 τοῦτο
418 5491 586 5548 τοίνυν
619 5491 646 5547 ὁ
676 5489 840 5566 νόμος
867 5491 956 5547 καὶ
983 5490 1031 5547 οἱ
1059 5495 1350 5571 προφῆται.

320 5567 378 5657 γ’
406 5576 552 5635 Ἀλλ’
583 5582 643 5638 οὐ
698 5575 900 5635 δέδοται
957 5567 1123 5638 ταῦτα
1176 5567 1295 5644 τοῖς
1353 5577 1517 5637 ἅπασι
1546 5594 1564 5616 ⁸
1622 5579 1807 5656 μόνοις
1837 5576 1893 5636 δὲ

241 5678 359 5731 τοῖς
388 5664 442 5734 ἐξ
471 5665 731 5749 Ἀϐραὰμ,
762 5669 836 5733 ὡς
891 5666 1078 5747 ἐκεφνῳ
1121 5666 1390 5749 ὑπέσχετο
1420 5685 1442 5707 ⁸
1489 5666 1606 5731 οὐδὲ
1633 5669 1734 5750 γὰρ
1764 5690 1895 5729 τοσ-

2612 3576 2631 3609 7

2060 3613 2121 3676 2.
2160 3615 2280 3678 Sed
2309 3622 2438 3707 post
2467 3615 2651 3707 multa
2679 3615 3007 3707 sanationis
3055 3619 3463 3702 experimenta
3511 3642 3647 3707 quas

1981 3721 2016 3768 a
2045 3703 2346 3767 communi
2373 3703 2682 3793 hominum
2710 3705 2887 3768 hoste
2936 3707 3095 3788 passi
3123 3727 3357 3793 sumus,
3392 3703 3643 3776 morbus

1984 3799 2183 3856 tamen
2227 3792 2470 3870 restitit,
2526 3800 2734 3856 contra
2789 3812 2970 3876 quem
3025 3807 3254 3860 naturae
3310 3792 3624 3880 Dominus,

1983 3889 2193 3972 utpote
2221 3881 2477 3972 optimus
2505 3881 2801 3972 medicus,
2838 3883 3000 3972 varia
3028 3887 3360 3951 secundum
3393 3896 3629 3972 tempo-

1981 3989 2114 4033 rum
2142 3970 2588 4035 vicissitudines
2632 3971 2906 4036 adhibuit
2955 3974 3417 4055 medicamenta,
3451 3970 3633 4043 modo

1981 4059 2163 4133 lenia,
2196 4058 2373 4123 modo
2403 4058 2690 4136 efﬁcacia,
2720 4067 2785 4122 ut
2814 4060 3015 4142 plagas
3043 4074 3104 4126 et
3127 4065 3416 4143 vulnera;
3452 4067 3632 4131 modo

1980 4148 2240 4229 benigne
2268 4148 2651 4230 alloquendo,
2682 4156 2747 4211 ut
2794 4148 3089 4214 Adamum
3136 4163 3267 4236 post
3296 4163 3636 4236 transgres-

1976 4237 2208 4300 sionem
2236 4237 2540 4314 mandati;
2567 4245 2631 4298 ut
2660 4237 2934 4315 Cainum,
2961 4259 3139 4322 quem
3170 4243 3243 4305 ad
3277 4244 3410 4308 vitae
3440 4245 3630 4308 mise-

1979 4327 2099 4399 rias
2127 4326 2542 4415 condemnavit
2572 4349 2589 4400 ;
2621 4326 2777 4390 sicut
2806 4327 2984 4389 etiam
3016 4331 3240 4394 Noachi
3264 4351 3491 4396 coaevus
3523 4353 3635 4415 per

1981 4415 2266 4479 diluvium
2314 4414 2390 4477 ob
2438 4415 2691 4479 crimina
2734 4415 2987 4497 punivit.
3036 4417 3164 4482 Huc
3211 4421 3446 4484 accedit
3472 4414 3636 4502 quod

1979 4505 2287 4567 stultitiam
2345 4523 2550 4567 eorum
2621 4505 2720 4586 qui
2806 4504 3023 4567 celsam
3099 4508 3314 4572 turrim
3364 4510 3632 4576 aedifica—

1977 4593 2144 4669 bant,
2168 4593 2507 4673 linguarum
2527 4593 2880 4656 confusione
2904 4594 3061 4657 ultus
3083 4605 3194 4674 est,
3216 4606 3274 4660 et
3292 4598 3422 4680 pari
3448 4599 3627 4662 modo

1977 4681 2312 4746 Sodomitas
2341 4690 2585 4765 propter
2629 4699 2826 4744 mores
2870 4692 3192 4768 corruptos
3220 4705 3400 4750 manu
3428 4688 3628 4753 valida

1974 4771 2247 4836 vi'sitavit.
2271 4770 2403 4833 Alio
2427 4789 2601 4853 porro
2622 4777 2918 4852 tempore,
2968 4772 3179 4856 Moysis
3212 4775 3479 4859 inquam,
3511 4796 3623 4860 per

1976 4863 2168 4941 legem
2190 4860 2469 4942 scriptam
2489 4860 2843 4942 Egyptiacae
2859 4861 3265 4927 incredulitati
3278 4867 3510 4930 mederi
3521 4887 3623 4930 vo-

1974 4952 2103 5024 luit,
2156 4955 2225 5010 ut
2265 4956 2473 5031 postea
2512 4967 2620 5031 per
2664 4954 2986 5035 prophetas
3036 4954 3398 5018 voluntatem
3457 4976 3628 5021 suam

1974 5036 2277 5114 indicavit,
2310 5037 2370 5100 id
2400 5056 2642 5120 semper
2668 5057 2849 5120 agens
2883 5049 2947 5105 ut
2974 5062 3164 5122 genus
3195 5044 3521 5109 humanum
3557 5046 3622 5109 in

1975 5127 2293 5212 pristinum
2322 5134 2538 5219 statum
2587 5139 2913 5197 revocaret.
2967 5133 3058 5198 Ob
3109 5133 3172 5196 id
3223 5134 3385 5198 enim
3431 5136 3630 5219 ipsum

1976 5224 2209 5298 Moyses
2237 5224 2297 5282 et
2325 5218 2632 5300 prophetae
2659 5227 2801 5283 sunt
2827 5220 3109 5291 instituti.

2296 5308 2384 5365 καὶ
2454 5307 2631 5366 πολλά
2699 5332 2816 5368 τινα
2884 5313 2972 5369 καὶ
3039 5312 3253 5371 ποικίλα
3308 5312 3634 5375 ἐπεδείκνυτο

3549 5404 3636 5465 διὰ

2054 5576 2115 5636 3.
2149 5574 2276 5638 Hoc
2304 5579 2501 5637 autem
2532 5592 2654 5637 non
2680 5575 2984 5656 omnibus,
3018 5580 3124 5644 sed
3155 5580 3230 5645 iis
3257 5588 3487 5646 tantum
3518 5582 3632 5648 da-

1977 5668 2105 5733 tum
2138 5662 2251 5728 fuit
2278 5663 2385 5746 qui
2413 5683 2486 5729 ex
2533 5663 2874 5732 Abrahamo
2914 5669 3033 5735 orti
3080 5679 3273 5739 erant.
3304 5671 3438 5738 Non
3466 5673 3627 5740 enim
