4156 6324
486 357 640 425 1295
1431 355 1669 426 ΙΟΑΝΝ
1676 359 1747 424 IS
1787 356 2100 424 DIACONI

2198 360 2250 423 ’Β
2292 361 2421 426 DEI
2462 361 2909 427 (ΈΕΟΝΟΜΙΑ.
3709 359 3867 425 1296

467 491 699 572 Moyses
726 490 856 573 ipse
887 509 1000 556 nec
1029 490 1335 574 prophetae
1374 489 1535 578 idem
1566 488 1838 552 valebant
1865 489 2063 553 facere
2093 507 2108 554 :

2204 495 2337 563 αὕτη
2367 495 2431 563 ἧν
2485 497 2521 565 ἦ
2567 506 2661 556 τοῦ
2709 495 2944 562 Μωσέως
2991 497 3146 578 ἰσχὺς
3195 498 3283 554 καὶ
3331 501 3437 555 τῶν
3491 501 3781 578 προφητῶν
3835 510 3850 526 ⁸

469 597 584 642 nec
612 579 664 641 si
709 579 1014 656 fecissent,
1061 599 1098 643 a
1144 577 1529 660 popularibus
1583 578 1912 642 idololatris
1936 578 2113 642 auditi

2202 581 2321 640 ἀλλ’
2353 581 2460 644 οὐδ’
2515 583 2578 642 ἂν
2627 588 2673 643 οἱ
2719 585 2909 644 πολλοὶ
2953 577 3327 666 προσεδέξαντο
3374 577 3618 660 τούτους,
3664 587 3852 644 κατεί-

467 667 741 732 fuissent.
775 668 915 734 Ideo
946 669 1092 735 solis
1145 667 1412 732 Hebraeis
1458 668 1855 746 aliquatemus
1887 667 2113 730 Triadis

2201 669 2359 731 δωλοι
2415 673 2588 742 πάντη
2639 675 3017 756 τυγχάνοντες,
3072 675 3171 732 Διὰ
3219 681 3374 734 τοῦτο
3421 689 3538 740 τοῖς
3590 667 3850 753 Ἐϐραίοις

471 761 820 839 mysterium
843 759 1166 823 revelatum
1189 769 1301 835 est,
1324 777 1400 821 ne
1422 756 1485 820 in
1514 757 1916 838 Egyptiorum
1948 757 2118 838 poly-

468 847 791 910 theismum
820 847 1186 912 reciderent.
1217 847 1334 910 Sed
1364 865 1476 909 nec
1499 843 1830 928 praeceptis,
1865 864 1977 908 nec
2005 845 2116 908 ad-

467 935 923 1016 monitionibus,
959 955 1072 1000 nec
1101 935 1406 999 miraculis
1452 954 1524 998 eo
1556 934 1772 997 adduci
1801 942 2121 1016 potuerunt

471 1031 536 1088 ut
563 1025 755 1087 solum
785 1044 993 1088 verum
1025 1028 1215 1090 Deum
1244 1024 1512 1088 colentes
1538 1023 1716 1086 falsos
1758 1023 2117 1104 tergiversa-

469 1123 682 1178 rentur
710 1121 769 1177 et
798 1114 969 1177 malis
999 1114 1280 1196 operibus
1301 1113 1724 1177 valedicerent.
1749 1111 1818 1175 Et
1843 1132 1977 1175 cum
1996 1113 2118 1195 legi

471 1201 708 1285 scripta;
728 1201 1193 1286 obtemperando
1213 1202 1388 1265 vitam
1409 1201 1777 1284 spiritualem
1798 1203 1967 1284 sequi
1985 1221 2118 1285 pos-

472 1297 627 1368 sent,
661 1309 768 1373 pro
797 1310 905 1354 sua
932 1292 1182 1356 stultitia
1222 1291 1329 1353 uni
1369 1290 1746 1354 sensibilitati
1778 1289 2064 1372 parebant
2095 1311 2112 1369 ;

469 1401 506 1446 a
561 1382 869 1465 prophetis
911 1391 1108 1446 autem
1152 1381 1444 1464 objurgati
1495 1401 1612 1444 non
1661 1381 2114 1463 resipiscebant,

466 1471 588 1535 imo
620 1472 820 1553 plures
851 1491 920 1534 ex
967 1473 1041 1535 iis
1087 1471 1538 1535 interfecerunt.
1589 1470 1743 1534 Hinc
1780 1471 2023 1534 morbus
2058 1480 2117 1534 et

463 1560 713 1623 vulnera
738 1561 955 1644 quibus
1002 1561 1277 1624 homines
1323 1560 1592 1622 laborant
1640 1559 1805 1621 omni
1845 1559 2113 1623 remedio

461 1648 745 1712 resistere
773 1649 1070 1712 videntur.
1100 1649 1193 1712 Ad
1248 1648 1574 1711 doctiorem
1605 1647 1784 1726 igitur
1813 1647 2114 1710 medicum

464 1744 526 1800 et
552 1757 621 1801 ac
651 1738 990 1802 etﬁcaciora
1019 1737 1309 1812 remedia,
1342 1737 1462 1802 imo
1491 1736 1566 1798 ad
1595 1737 1884 1816 majorem
1917 1737 2114 1799 medi-

463 1826 658 1890 cinam
687 1826 1105 1908 refugiendum
1136 1834 1247 1892 est.

2198 761 2285 820 καὶ
2339 762 2518 837 μόνοις
2576 764 2664 821 καὶ
2721 761 2828 821 οὐδ’
2877 764 3060 829 αὖτοτς
3111 770 3350 845 φανερῶς
3402 763 3733 844 ἀνεκαλύφθη
3787 765 3850 820 τὸ

2199 855 2296 914 τ’ἦς
2353 850 2570 930 Τριάδος
2627 853 2938 934 μυστήριον,
2996 854 3090 910 ἵνα
3149 853 3228 929 μὴ
3275 851 3469 933 Τριάδα
3521 852 3852 927 ἐνωτισάμε-

2201 961 2303 1014 νοι,
2356 939 2431 1004 εἰς
2480 941 2579 1008 τὴν
2622 942 2982 1021 Αἰγυπτιακὴν
3033 941 3176 1006 αὖθις
3227 947 3632 1022 μεταστραφῶσι
3679 939 3851 998 πολυ-

2198 1029 2348 1085 θείαν
2382 1046 2395 1062 ·
2445 1029 2500 1086 ο⁴ί
2552 1051 2691 1094 τινες
2737 1033 2824 1088 καὶ
2875 1032 3010 1109 μετὰ
3054 1029 3315 1099 τοσαύτης
3358 1029 3716 1109 διδασκαλίας,
3766 1031 3854 1086 καὶ

2199 1115 2579 1197 παραινέσεως,
2637 1120 2725 1176 καὶ
2788 1121 2853 1178 τὰ
2910 1118 3204 1188 τηλικαῦτα
3249 1120 3521 1200 τεράστια,
3595 1118 3850 1198 συχνάκις

2195 1207 2329 1286 πρὸς
2399 1205 2826 1288 εἰδωλολατρείαν
2896 1208 3198 1288 ἐτρέποντο,
3272 1210 3361 1265 καὶ
3428 1214 3527 1276 τῆς
3597 1207 3849 1287 προτέρας

2196 1295 2384 1359 κακίας
2454 1296 2763 1378 ἀντείχοντο
2808 1311 2826 1330 ⁹
2897 1296 3035 1354 ἀλλά
3103 1299 3190 1354 καὶ
3259 1305 3479 1374 νομικοῦ
3537 1297 3846 1376 γράμματος

2198 1381 2515 1463 ὁδηγοῦντος
2573 1387 2760 1450 αὐτοὺς
2830 1388 2961 1466 πρὸς
3031 1388 3132 1456 τὴν
3182 1387 3677 1466 πνευματικωτέραν
3731 1383 3851 1441 διά-

2197 1496 2364 1554 νοιαν,
2426 1474 2622 1533 ἐκεῖνοι
2677 1475 2966 1544 κτηνώδεις
3015 1474 3163 1542 ὄντες
3218 1485 3296 1553 τῷ
3349 1477 3651 1558 φαινομένῳ
3694 1498 3856 1558 προσέ

2197 1561 2422 1638 έκειντο,
2481 1565 2620 1641 μόνῃ
2675 1572 2745 1643 τῇ
2803 1567 3039 1637 αἰσθήσει
3095 1557 3428 1632 δουλεύοντες
3484 1580 3502 1600 ⁸
3562 1569 3605 1623 εἰ
3664 1563 3718 1622 δὲ
3762 1557 3858 1621 καὶ

2195 1674 2338 1732 παρα
2384 1658 2489 1710 τῶν
2542 1660 2830 1736 προφητῶν
2885 1654 3236 1732 ὠνειδίζοντο,
3280 1655 3364 1713 διὰ
3409 1657 3469 1713 τὸ
3515 1654 3853 1734 σκληροκάρο

2197 1739 2303 1798 διον
2355 1741 2524 1799 αύτῶν
2571 1744 2659 1800 καὶ
2711 1743 2949 1820 ἀναμπὲς
2994 1747 3087 1804 οὒκ
3138 1745 3426 1818 ἐπείθοντο,
3477 1745 3607 1801 ποτὲ
3658 1742 3712 1800 δὲ
3764 1744 3852 1799 καὶ

2127 1829 2524 1897 Βάπέκτεινον.
2597 1828 2801 1889 Ἐδόκει
2871 1833 3041 1892 τοίνυν
3109 1835 3170 1889 τὸ
3239 1834 3562 1914 ἀνθρώπινον
3636 1841 3842 1912 τραῦμα

465 1917 696 1994 ἀνίατον,
758 1919 848 1975 καὶ
902 1920 938 1988 ἡ
994 1916 1182 1996 πληγὴ
1241 1915 1588 1994 ἀθεράπευτος
1622 1934 1639 1953 θ
1707 1913 1786 1972 διὸ
1843 1918 1930 1974 καὶ
1989 1921 2144 1999 χρεία
2193 1919 2414 2002 ιὲγένετο
2475 1919 2846 2001 ἐμπειροτέρου
2931 1924 3246 2001 θεραπευτοῦ
3335 1924 3428 1979 σὺν
3509 1920 3851 2002 δραστικοτέο

465 2029 574 2087 ροις
605 2008 928 2088 φαρμάκοις,
961 2009 1050 2064 καὶ
1077 2009 1303 2087 ἰατρείας
1333 2011 1432 2073 τῆς
1464 2007 1724 2082 μείζονος.

542 2095 605 2158 4.
638 2093 782 2168 Quis
811 2103 1008 2160 autem
1039 2103 1128 2157 est
1155 2094 1277 2176 hic,
1333 2112 1509 2176 quem
1540 2095 2116 2175 qumrimus,'medi-

465 2202 571 2247 cus
599 2184 743 2246 artis
770 2202 894 2247 suae
936 2183 1356 2266 peritissimus,
1413 2192 1474 2246 et
1516 2184 1617 2265 qui
1666 2185 1888 2266 optime
1920 2196 2107 2264 curat,

465 2271 582 2335 nisi
610 2271 796 2336 Filius
836 2272 947 2335 Dei
992 2279 1054 2334 et
1081 2271 1346 2334 Verbum
1374 2271 1780 2350 substantiale,
1819 2292 1924 2354 per
1951 2276 2111 2356 quod

463 2360 640 2424 Pater
661 2369 846 2424 totum
865 2361 1152 2424 mundum
1173 2360 1596 2443 hominemque
1619 2364 1810 2442 ipsum
1837 2363 2053 2426 creavit
2082 2362 2114 2422 ‘?

468 2451 569 2533 qui
595 2451 793 2512 omnia
814 2469 882 2513 ex
905 2450 1090 2513 nihilo
1116 2449 1412 2532 produxit,
1441 2460 1797 2532 cooperante
1815 2460 2017 2513 sancto
2040 2471 2112 2515 ac

463 2539 694 2621 vivitico
727 2538 1004 2621 Spiritu?
1035 2543 1164 2621 Per
1198 2537 1390 2621 ipsum
1441 2539 1599 2600 enim
1631 2559 1761 2620 quas
1789 2539 1990 2602 vivunt
2027 2543 2111 2602 vi-

465 2618 788 2682 viﬁcantur
810 2632 870 2682 et
898 2618 1254 2684 viineﬁ‘abili
1283 2618 1708 2699 gubernantur.
1734 2621 1893 2683 Idem
1920 2628 1977 2683 et
2002 2622 2107 2685 ho-

470 2707 695 2771 minem
730 2724 763 2769 e
793 2705 1178 2769 beatitudinis
1213 2714 1363 2768 statu
1380 2706 1689 2786 delapsum
1712 2708 2109 2786 regeneravit;

467 2794 739 2876 hancque
767 2793 1284 2873 regenerationem
1315 2791 1577 2856 Verbum
1597 2811 1664 2854 ac
1684 2794 1840 2855 Deus
1862 2794 1942 2856 ita
1962 2795 2106 2857 etl‘e-

467 2881 570 2958 cit,
603 2888 667 2942 ut
697 2887 967 2944 naturam
999 2881 1318 2942 humanam
1369 2879 1431 2940 in
1474 2879 1671 2961 seipso
1723 2881 2108 2961 producendo

465 2969 528 3031 in
559 2976 862 3050 posterum
894 2976 1162 3050 tempore
1186 2974 1519 3050 opportuno
1540 2985 1675 3030 sese
1691 2969 2109 3033 manifestave-

463 3056 564 3120 rit.
597 3055 768 3120 Nunc
820 3057 978 3121 enim
1029 3056 1314 3139 quaeritur
1363 3057 1596 3138 qualem
1648 3056 1838 3137 primo
1889 3059 2116 3123 Adamo

466 3145 978 3228 dispensationem
1007 3145 1421 3228 implicuerit;
1476 3145 1577 3208 ubi
1628 3145 1937 3228 paradisus
1983 3169 2115 3212 cum

467 3235 701 3299 deliciis
731 3235 881 3313 suis,
934 3244 992 3298 et
1045 3234 1261 3317 quibus
1309 3235 1523 3317 plantis
1575 3235 1839 3298 consitus
1891 3237 2117 3300 fuerit:

2280 2086 2351 2158 δ’.
2387 2101 2476 2163 Τίς
2529 2098 2575 2156 δ’
2623 2099 2828 2179 ἕτεροςῖ
2850 2102 3064 2182 ὑπῆρχε
3106 2108 3342 2166 τοιοῦτος
3389 2103 3563 2180 ἰατρος
3611 2099 3848 2175 δοκιμώ-

2197 2209 2354 2252 τατος
2424 2189 2513 2246 καὶ
2581 2191 2902 2270 θεραπευτὴς
2958 2188 3358 2272 ἀκριϐέστατος,
3417 2187 3536 2246 ἀλλ’
3592 2189 3628 2257 ἢ
3689 2189 3849 2264 μόνος

2194 2277 2349 2340 αὐτὸς
2407 2279 2434 2334 6
2491 2277 2612 2341 Υἱὸς
2669 2285 2762 2336 τοῦ
2821 2286 2950 2335 Θεοῦ
3005 2281 3093 2335 καὶ
3153 2279 3322 2359 Λόγος
3367 2281 3395 2336 6
3445 2278 3844 2356 ἐνυπόστατοςς

2194 2368 2281 2422 καὶ
2330 2367 2502 2423 τοίνυν
2527 2369 2704 2448 οὗτος,
2753 2365 2819 2424 δι’
2875 2371 2935 2425 οὗ
2982 2369 3070 2424 καὶ
3122 2369 3150 2424 6
3199 2369 3383 2448 Πατὴρ
3412 2370 3484 2432 ὡς
3519 2374 3854 2446 Δημιουργοῦ

2193 2455 2285 2512 τὸν
2355 2454 2477 2513 ὅλον
2547 2457 2747 2534 κόσμον
2817 2459 2906 2514 καὶ
2972 2458 3064 2513 τὸν
3136 2457 3408 2537 ἄνθρωπον
3466 2459 3845 2531 συνεστήσατο,

2193 2544 2281 2599 καὶ
2306 2543 2366 2600 ἐκ
2391 2550 2484 2602 τοῦ
2535 2545 2612 2621 μὴ
2661 2544 2810 2610 ὄντος
2863 2548 2936 2610 εἰς
2986 2547 3047 2602 τὸ
3093 2546 3234 2602 ε’ίναι
3281 2548 3584 2626 παρήγαγε,
3635 2547 3722 2602 σὺν
3775 2553 3852 2621 τῷ

2193 2632 2436 2710 παναγίῳ
2506 2636 2595 2690 καὶ
2663 2642 2910 2710 ζωοποιῷ
2975 2638 3132 2694 αὐτοῦ
3201 2636 3464 2711 Πνεύματι
3498 2655 3516 2674 ο
3594 2633 3678 2691 διὰ
3749 2636 3850 2713 γὰρ

2192 2721 2378 2780 τούτου
2431 2728 2810 2794 ζωοποιοῦνται
2860 2725 2927 2781 τὰ
2981 2730 3175 2796 ζῶντα,
3233 2727 3322 2781 καὶ
3379 2723 3586 2803 ἀῤῥήτῳ
3635 2723 3850 2800 δυνάμει

2190 2808 2527 2889 συνέχονται.
2585 2803 2642 2871 ιΟ
2695 2813 2850 2878 αὒτὸς
2906 2811 3065 2869 πάλιν
3124 2811 3415 2869 ἐκπεσόντα
3469 2824 3562 2873 τοῦ
3603 2814 3658 2870 εὖ
3707 2814 3852 2870 εἶναι

2191 2899 2281 2955 τὸν
2337 2897 2607 2979 ἄνθρωπον
2661 2902 2733 2966 εἰς
2785 2911 2940 2960 τοῦτο
2993 2900 3348 2958 ἀνεκαλέσατο
3384 2916 3399 2932 ⁸
3451 2900 3598 2967 ὅπως
3645 2900 3699 2958 δὲ
3747 2902 3846 2968 τὴν

2197 2985 2488 3054 ἀνάκλησιν
2517 2989 2807 3060 ἐποιήσατο
2854 2988 3163 3054 ἀναπλάσας
3213 2991 3240 3046 6
3289 2988 3449 3067 λόγος
3497 2992 3585 3046 καὶ
3637 2992 3764 3053 Θεὸς
3795 2989 3852 3044 ἐι

2199 3074 2369 3150 ἑαυτῷ
2419 3077 2519 3144 τὴν
2572 3078 2900 3157 ἀνθρωπίνην
2953 3079 3128 3158 φύσιν,
3178 3079 3266 3134 καὶ
3316 3077 3481 3142 οὕτως
3542 3079 3850 3158 ἀνορθωσά-

2208 3185 2391 3246 μενος,
2420 3167 2625 3246 προϊὼν
2658 3171 2686 3224 6
2717 3167 2886 3248 Λόγος
2937 3165 3125 3233 διδάξει
3168 3168 3304 3225 κατὰ
3348 3171 3530 3246 καιρὸν
3558 3170 3649 3225 τὸν
3679 3191 3852 3246 προσ-

2202 3253 2425 3322 ήκοντα.
2486 3265 2589 3315 Νῦν
2643 3256 2744 3337 γὰρ
2797 3255 3198 3336 προηγούμενός
3250 3256 3390 3313 ἐστιν
3437 3259 3465 3313 6
3511 3258 3706 3337 τρόπος
3754 3263 3856 3325 τῆς

467 3324 750 3424 quidnam
781 3343 817 3387 a
866 3326 992 3388 Deo
1035 3323 1283 3424 vetitum
1332 3323 1458 3404 sit;
1510 3324 1700 3424 qualis
1745 3343 1779 3386 a
1823 3328 2113 3410 principio

2201 3340 2266 3406 ἐν,
2285 3349 2362 3418 τῷ
2389 3345 2584 3424 πρώτῳ
2613 3323 2785 3422 ’Ᾰδάμ
2814 3323 3151 3421 οἰκκόνομίας
3199 3352 3292 3403 τοῦ
3341 3353 3470 3403 Θεοῦ
3515 3323 3715 3424 πάσης,
3768 3323 3859 3403 καὶ

464 3414 729 3516 Adamus
794 3423 1027 3516 creatus
1073 3414 1272 3516 tuerit,
1307 3423 1384 3516 _et
1427 3415 1569 3516 quid
1618 3415 2113 3516 ipsi_acciderit;

2198 3430 2278 3494 τίς
2420 3414 2755 3514 παράδεισος.
2789 3436 2878 3492 καὶ
2933 3435 2968 3502 ἡ
3007 3414 3198 3514 τρυφὴ,
3259 3435 3346 3491 καί
3403 3434 3534 3492 ὅπου
3594 3414 3857 3516 πεφύτευ-

469 3503 768 3588 quomodo
791 3504 1100 3568 tentationi
1121 3503 1505 3568 succubuerit
1521 3510 1580 3566 et
1594 3503 1734 3586 quid
1757 3505 1896 3568 inde
1916 3526 2117 3588 perve-

470 3593 649 3657 nerit.
687 3592 784 3657 Sic
814 3594 974 3657 enim
1006 3594 1405 3678 procedentes
1436 3601 1495 3656 et
1540 3593 1735 3657 ordini
1778 3597 2116 3662 methodico

463 3683 810 3747 insistentes
831 3703 1049 3747 novum
1073 3685 1370 3748 Adamum
1402 3683 1773 3747 inveniemus
1804 3693 1861 3750 et
1890 3695 2116 3751 naturae

465 3773 743 3837 humanae
787 3774 1048 3854 delapsae
1083 3774 1599 3854 regenerationem
1645 3774 2108 3840 veriticabimus.

463 3863 624 3932 Hinc
651 3863 831 3944 igitur
860 3865 1064 3928 exorsi
1094 3865 1420 3948 loquimur.

2197 3541 2306 3600 ται,
2366 3522 2455 3580 καὶ
2509 3523 2624 3580 τίνα
2678 3524 2745 3581 τὰ
2803 3522 3197 3599 ὲπιτεταμμένα
3248 3524 3404 3603 φυτὰ,
3464 3537 3622 3581 ποῖον
3677 3523 3731 3580 δὲ
3793 3526 3855 3582 τὸ

2197 3607 2606 3693 κεκωλυμμένον
2640 3628 2656 3644 ⁹
2710 3613 2799 3669 καὶ
2848 3624 3008 3674 ποῖος
3053 3610 3290 3678 ἐπλάσθη
3331 3613 3393 3668 τὸ
3439 3610 3560 3670 κατ’
3608 3613 3779 3693 ἀρχὰς
3828 3617 3859 3671 6

2198 3691 2392 3778 Ἀδὰμ,
2441 3701 2529 3757 καὶ
2585 3705 2638 3757 τί
2689 3699 2788 3781 ἄρα
2843 3701 3014 3775 τούτῳ
3061 3697 3454 3775 ἐπισυμϐέϐηκε
3506 3719 3521 3735 ·
3570 3691 3659 3758 καὶ
3704 3691 3853 3767 ὅπως

2193 3784 2422 3844 ὑπέπεσε
2471 3794 2542 3867 τῇ
2590 3796 2860 3870 παρακοῇ,
2909 3791 2998 3846 καὶ
3059 3787 3114 3843 εἴ
3164 3811 3212 3844 τι
3242 3789 3444 3853 τούτοις
3475 3789 3852 3872 ἐμπεριέχεται

2191 3875 2394 3957 ἕτερον.
2444 3875 2596 3936 Οὕτω
2649 3879 2749 3959 γὰρ
2811 3877 2916 3953 ὁδῷ
2970 3877 3366 3957 προκαίνοντες,
3413 3881 3501 3936 καὶ
3548 3885 3616 3956 τῇ
3660 3879 3850 3956 δεούσῃ

467 3952 746 4044 ἀκολουθίᾳ
800 3954 1074 4034 ἑπόμενοι,
1127 3954 1195 4013 δι’
1243 3956 1493 4044 εὒτᾴκτου
1537 3961 1636 4025 τῆς
1699 3953 1997 4037 διηγήσεως
2052 3960 2136 4019 ἐπὶ
2189 3952 2291 4023 τὸν*
2346 3965 2462 4023 νέον
2531 3952 2731 4044 Ἀδὰμ,
2772 3952 3196 4041 καταντήσομεν,
3255 3952 3356 4024 καὶ.
3399 3969 3464 4025 τὰ
3519 3952 3639 4025 κατ’
3697 3952 3853 4026 αὐτὸν

466 4043 842 4138 ιστορήσομεν,
933 4045 1022 4138 καὶ
1107 4045 1214 4138 τὴνΔ
1290 4042 1356 4138 δι’
1446 4045 1603 4105 αἶ)τοῦ
1671 4047 1961 4126 γενομένην
2029 4057 2128 4119 τῆς
2174 4056 2439 4125 πεσούσης
2508 4042 2674 4134 ἡμῶν
2737 4057 2942 4138 φύσεως
3020 4055 3306 4134 ἀνόρθωσιν
3374 4059 3462 4115 καὶ
3529 4057 3848 4119 ἀνάπλασιν.

466 4129 704 4212 Δέγομεν
731 4133 899 4190 τοίνυν
933 4132 1162 4191 ἐντεῦθεν
1192 4133 1503 4215 ἀρχόμενοι.

656 4309 934 4375 Primum
967 4315 1169 4375 autem
1195 4310 1356 4375 hunc
1381 4313 1577 4392 operis
1605 4313 1822 4380 librum
1850 4318 1938 4384 ita
1965 4322 2276 4388 concludit
2299 4329 2535 4400 auctor,
2565 4339 2905 4407 proponens
2926 4323 3177 4388 secundi
3205 4329 3666 4406 argumentum.

544 4496 756 4560 Sermo
786 4496 865 4561 de
908 4506 1121 4563 caetero
1169 4498 1234 4562 in
1279 4502 1543 4565 secundo
1587 4503 1741 4568 libro
1796 4505 2110 4572 habendus

463 4585 582 4651 erit
636 4585 716 4648 de
761 4587 882 4651 vita
927 4587 1252 4672 spirituali,
1302 4593 1594 4673 angelica,
1645 4599 2106 4677 supernaturali,

2275 4500 2488 4578 Ῥητέον
2543 4510 2730 4572 λοιπὸν
2787 4511 2840 4570 ἒν
2897 4521 2973 4590 τῷ
2999 4511 3244 4596 ξδευτέρῳ
3312 4511 3498 4592 βιϐλίῳ
3563 4515 3680 4593 περὶ
3719 4520 3852 4582 ’τῆς

2195 4605 2556 4676 πνευματικῆς
2627 4606 2770 4673 ζωῆς
2821 4604 2910 4660 καὶ
2980 4603 3274 4682 ἀγγελικῆς
3333 4607 3432 4670 τῆς
3488 4602 3617 4682 ὑπὲρ
3674 4603 3852 4684 φύσιν,

462 4694 638 4758 quam
692 4677 962 4773 (lhri-stus
1015 4677 1360 4773 introduxit.
1439 4686 1592 4773 Tum
1671 4686 1920 4748 secundi
1975 4687 2113 4751 libri

2198 4688 2259 4756 ἣν
2289 4690 2318 4746 6
2347 4691 2571 4770 Χριστὸς
2627 4691 2877 4770 εἰσήγαγε
2910 4709 2926 4725 ⁶
2979 4677 3157 4773 ἀρχὴν
3206 4692 3349 4756 αὖθις
3398 4677 3600 4771 ἑτέραν.
3627 4677 3854 4759 ποιησα-

461 4744 689 4861 novum
710 4765 960 4861 initium
975 4767 1084 4832 sub
1116 4771 1529 4834 commentarii
1558 4773 1748 4837 forma
1775 4775 2113 4840 faciendum

2220 4744 2249 4756 ⁸⁷
2300 4744 2310 4746 ⁷
2348 4744 2467 4770 V—V"
2495 4744 2569 4755 ’⁷⁷
2634 4744 2874 4770 V'VV'I'VI'
2981 4744 3011 4749 ’⁷
3096 4744 3150 4761 ’¹”
3208 4744 3346 4756 "iv"
3401 4744 3571 4771 "1""
3635 4744 3829 4759 ""1'“

2198 4777 2384 4856 μένους
2453 4789 2546 4840 τοῦ
2613 4778 2849 4861 δευτέρου
2919 4744 3122 4859 βιϐλίόυ
3210 4782 3308 4848 τὴν
3398 4781 3696 4861 πρέπουσαν
3765 4783 3856 4837 καὶ

464 4853 602 4935 erit,
629 4853 758 4933 ubi,
807 4857 966 4941 quod
1013 4858 1090 4924 ad
1142 4860 1474 4926 secundum
1521 4862 1818 4928 Adamum
1858 4873 2110 4951 spectat,

463 4961 851 5028 exponemus.

2193 4867 2506 4951 ἀφηγητὴν,
2561 4870 2650 4926 καὶ
2719 4871 2785 4928 τὰ
2853 4879 2946 4930 τοῦ
3007 4869 3246 4952 δευτέρου
3315 4867 3508 4950 Ἀδὰμ,
3581 4872 3670 4926 καὶ
3739 4876 3849 4927 τῶν

2191 4955 2439 5025 καθεξῆς.
