1954 3059
163 147 1785 167 ___—______________________________

105 163 1781 184 ﬂ

108 178 1781 195 Ψ

799 257 886 278 ANNO
905 255 1022 278 DOMINI
1043 254 1100 276 MV.

697 351 1208 441 ANONYMI

195 524 522 624 VITA
589 520 680 625 S.
743 518 1026 621 NILI
1089 514 1702 621 JUNIOBIS

451 694 611 726 ABBATIS
631 693 793 726 CRYPT/E
814 691 1004 725 FERRATIE
1026 690 1068 723 IN
1090 689 1192 722 AGRO
1213 688 1440 721 TUSCULANO

583 823 1009 873 COMMENTARIUS
1059 821 1314 866 PRJEVIUS

316 908 404 947 (Acta
421 907 618 939 Sanctorum
634 907 798 947 Bolland.,
817 905 991 948 Septembr.
1008 907 1084 938 tom.
1101 906 1170 945 VII,
1185 904 1225 937 ad
1240 904 1325 937 diem
1339 903 1390 944 26,
1407 911 1479 944 pag.
1496 902 1581 944 279.)

224 1035 345 1066 Notitia
362 1035 507 1067 locorum
524 1046 530 1067 :
552 1036 619 1068 Vita
633 1036 747 1068 Sancti
761 1037 882 1077 scripta
896 1045 917 1066 al
933 1037 1203 1074 contemporaneo
1220 1043 1226 1065 :
1244 1034 1316 1072 ejus
1330 1033 1541 1064 chronotawt's
1557 1033 1684 1073 aliqua.

154 1140 181 1170 1.
196 1139 334 1169 Sanctum
351 1139 448 1170 Nilum
465 1139 601 1170 abbatem
627 1140 759 1180 nomino,
779 1143 807 1171 et
822 1139 932 1180 Cryptaa

110 1181 238 1213 Ferratze
254 1182 368 1218 nuntio,
386 1188 524 1224 tanquam
541 1184 685 1215 siibidem
702 1184 780 1215 diem
793 1183 930 1215 obiisset:

111 1227 249 1257 usitatum
276 1227 310 1257 ab
337 1227 402 1258 aliis
426 1237 536 1259 morem
562 1229 670 1269 potius,
697 1238 783 1269 quam
799 1233 931 1260 nostrum

111 1271 283 1311 scrupulose
298 1276 428 1303 secutus.
452 1272 640 1304 Prmlaturam
665 1272 841 1304 abbatialem
858 1281 934 1304 sciti-

112 1324 165 1356 per
179 1315 222 1346 sic
238 1315 396 1346 declinavit
418 1321 547 1352 sanctus,
568 1322 596 1346 ut
615 1321 713 1348 tamen
729 1326 848 1357 semper
862 1317 933 1347 sub-

111 1359 188 1389 ditos
210 1363 239 1390 et
261 1369 405 1400 sequaces
429 1361 591 1392 monachos
615 1362 759 1401 plurimos
772 1361 933 1400 ,habuerit.

113 1403 193 1435 Obiit
207 1408 303 1435 autem
332 1404 362 1435 in
387 1405 568 1435 monasterio
593 1404 623 1436 S.
650 1406 781 1445 Agathm,
808 1405 935 1436 distante

114 1448 201 1479 tertio
214 1448 359 1478 milliaria
371 1448 689 1489 Cryptm-Ferratensi,
706 1449 740 1480 ad
758 1449 837 1490 quod
852 1459 936 1483 sacra

113 1492 179 1532 ejus
194 1491 311 1522 cimelia
327 1493 466 1524 translata
478 1494 570 1532 fuere,
588 1494 709 1534 ubique,
722 1498 754 1524 ut
769 1494 857 1534 primi
873 1495 936 1534 ejus

112 1536 237 1567 abbatiae
252 1536 427 1572 fundatoris,
441 1537 589 1578 praecipuo
607 1538 719 1570 honore
731 1538 810 1569 culta
825 1542 853 1569 et
864 1547 936 1578 pro-

113 1581 202 1620 digiis
225 1581 317 1612 a.Deo
344 1582 489 1612 illustrata
509 1582 603 1613 fuere.
627 1582 772 1613 Batonius
796 1583 832 1613 ad
857 1583 937 1614 hunc

113 1625 195 1655 diem
209 1625 247 1655 96
263 1624 448 1666 Septembris
464 1625 493 1656 S.
512 1626 611 1657 Nilum
628 1627 668 1658 ita
690 1627 804 1658 nuntiat
825 1627 856 1657 in
875 1627 937 1658 Ilo-

114 1679 203 1700 mano
219 1670 441 1709 Martyrologio:
473 1681 488 1700 ‹
515 1671 547 1702 ln
563 1680 632 1710 agro
648 1671 814 1702 Tusculano
830 1672 863 1705 Β,
880 1671 938 1702 Nili

113 1713 241 1751 abbatis,
259 1714 423 1745 fundatoris
435 1715 605 1746 monasterii
616 1716 728 1756 Cryptae
740 1718 866 1747 Ferralae
880 1726 940 1747 ma-

113 1767 179 1798 gnae
190 1758 353 1788 sanctitatis
369 1758 435 1789 viri.
463 1771 476 1787 »
496 1760 618 1791 Frustra
631 1761 723 1791 sancti
738 1770 846 1792 nomen
861 1760 939 1801 apud

115 1802 329 1842 martyrologos
353 1802 493 1833 classicos
509 1813 623 1844 quaeras
639 1814 705 1835 cum
727 1805 786 1836 illis
802 1805 940 1836 omnibus

114 1847 154 1877 sit
180 1847 339 1886 posterior,
364 1851 465 1886 utpote
488 1851 600 1878 tantum
622 1849 706 1879 initio
731 1850 830 1880 smculi
853 1858 881 1880 x1
903 1848 940 1880 ad

114 1900 242 1931 superos
264 1891 434 1923 translatus.
461 1891 560 1927 Wion,
586 1894 752 1931 Menardus,
776 1893 940 1933 Dorganius

112 1935 197 1965 fastis
219 1935 311 1965 sacris
340 1935 603 1967 Benedictinorum
629 1936 773 1968 insertum
805 1938 937 1968 habent:

113 1979 196 2018 quia,
220 1979 336 2010 etiamsi
366 1989 425 2010 non
454 1980 542 2011 fuerit
573 1981 737 2011 monachus
764 1981 877 2012 ordinis
907 1981 938 2012 S.

113 2022 342 2059 Benedicti,sed
355 2023 386 2055 S.
398 2023 508 2062 Basilii,
519 2036 530 2054 α
549 2025 710 2062 diutamen,
726 2025 942 2066 inquitMenar-

114 2067 173 2098 dus
189 2067 220 2097 in
244 2067 520 2107 Observationibus,
547 2070 687 2101 habitavit
713 2071 742 2101 in
760 2071 940 2102 monasterio

116 2111 148 2144 S.
169 2111 312 2143 Bonifacii
327 2116 355 2143 et
370 2113 467 2144 Alexii
487 2113 599 2152 Roma},
624 2115 702 2155 quod
724 2120 767 2146 est
782 2115 896 2146 ordinis
909 2115 940 2147 S.

115 2156 286 2188 Benedicti.
314 2169 327 2184 ιι
352 2156 446 2192 Quam
463 2157 514 2188 diu
542 2158 652 2190 ibidem
675 2160 772 2198 egerit
794 2159 822 2190 S.
847 2159 941 2198 Nilus,

114 2201 146 2231 in
159 2201 289 2231 decursu
305 2200 481 2234 videbimus:
498 2202 618 2234 interim
632 2203 800 2244 dispiciant,
817 2214 943 2244 quorum

116 2245 255 2282 interest,
289 2254 325 2275 an
348 2245 410 2276 haec
437 2247 510 2277 ratio
537 2247 576 2278 sit
599 2248 761 2286 sufﬁciens,
778 2253 810 2280 ut
825 2255 945 2280 sanctus

119 2290 189 2330 quis
205 2289 302 2319 ordini
313 2290 439 2330 cuipiam
456 2293 631 2323 ascribatur.
649 2293 803 2324 Ferrarius
819 2293 848 2324 in
857 2292 944 2325 Cata-

117 2334 189 2373 logo
216 2338 385 2365 sanctorum
405 2333 495 2366 Italiae
518 2336 638 2368 uberius
661 2337 697 2368 de
724 2339 755 2369 S.
785 2338 852 2370 Nilo
873 2339 944 2378 agit,

119 2378 315 2415 contrahens,
332 2387 397 2418 qua:
417 2379 496 2420 apud
511 2380 670 2412 Baronium
686 2382 716 2413 in
732 2382 897 2414 Annalibus
911 2382 947 2413 ad

119 2431 235 2454 annum
250 2423 310 2454 976
326 2426 355 2453 et
369 2423 440 2454 alibi
455 2434 556 2464 sparsa
570 2425 691 2465 legerat.
708 2425 840 2458 Junioris
854 2436 948 2466 agno-

120 2476 194 2497 men
211 2467 333 2511 sortitus
349 2471 393 2498 est
406 2472 527 2500 sanctus
548 2470 640 2502 abbas
663 2471 864 2502 distinctionis
880 2480 949 2511 ergo

120 2520 191 2556 eum
208 2510 493 2556 alteroAhomonymo
511 2513 542 2545 S.
558 2514 623 2545 Nilo
638 2515 741 2546 itidem
759 2515 873 2553 Graeco,
900 2510 951 2556 qui

120 2554 287 2586 Theodosii
295 2554 426 2587 Junioris
436 2558 632 2598 temporibus,
644 2560 806 2590 honoribus
818 2564 848 2591 et
858 2554 951 2591 titulis

124 2599 270 2644 excussis,
279 2601 493 2632 monasterium
500 2603 754 2644 Constantinopoli
761 2613 877 2636 summa
883 2613 951 2635 cum

124 2641 216 2673 laude
231 2643 458 2676 administravit.
476 2646 518 2677 De
533 2647 583 2678 illo
598 2641 733 2679 doctrina
749 2652 779 2680 et
793 2650 950 2680 sanctitate

124 2685 240 2732 celebri
263 2689 407 2726 agendum
432 2691 531 2722 veniet
546 2692 582 2723 ad
607 2692 688 2725 diem
713 2694 748 2725 12
763 2692 948 2732 Novembris,

124 2740 186 2778 quo
202 2731 335 2778 R_omano
350 2733 560 2778 martyrologio
578 2736 740 2778 inscriptus
755 2738 873 2778 legitur.

169 2775 200 2821 2.
217 2775 268 2821 Est
282 2785 369 2816 porro
385 2776 569 2811 Tusculanus
589 2775 681 2821 ager;
700 2782 751 2812 ubi
776 2775 904 2814 decessit
918 2781 949 2814 S.

127 2819 227 2859 Nilus,
243 2819 376 2852 Romano
391 2823 565 2862 proximus:
581 2819 642 2857 imo
657 2826 824 2867 Campania
838 2827 951 2859 Roma-

292 2875 422 2910 PATROL.
438 2878 495 2911 Gn.
511 2878 602 2913 CXX.

972 1147 1017 1169 nm
1045 1146 1125 1178 pars.
1151 1136 1260 1168 Civitas
1280 1136 1322 1167 ibi
1345 1137 1524 1178 episcopalis
1546 1141 1602 1175 est,
1627 1147 1716 1178 quam
1736 1137 1804 1171 Itali

973 1182 1126 1219 Frascati,
1141 1181 1272 1221 indeque
1287 1181 1471 1212 recentiores
1487 1182 1606 1222 quidam
1622 1183 1801 1214 Frascatam

974 1226 1075 1257 Latine
1091 1225 1256 1266 appellant:
1280 1225 1369 1256 distat
1394 1226 1429 1257 12
1454 1226 1629 1257 milliaribus
1645 1226 1681 1258 ab
1707 1226 1800 1266 Urbe,

974 1271 1218 1311 contenduntque
1231 1270 1363 1310 plurimi,
1380 1271 1487 1302 eodem
1503 1271 1568 1302 loco
1582 1276 1666 1303 vetus
1683 1271 1803 1302 Tuscu-

974 1316 1035 1347 lum
1052 1315 1154 1353 fuisse,
1172 1323 1188 1345 a
1203 1315 1282 1354 quod
1301 1315 1414 1345 vicinus
1429 1324 1499 1354 ager
1513 1315 1610 1346 adhuc
1627 1325 1736 1346 nomen
1753 1325 1804 1348 re-

975 1361 1058 1391 tinet.
1076 1359 1148 1390 Inde
1162 1359 1199 1390 ad
1215 1358 1374 1390 meridiem
1397 1369 1455 1389 uno
1478 1359 1599 1390 circiter
1615 1360 1736 1391 milliari
1747 1361 1803 1392 de-

975 1403 1166 1441 clinantibus,
1182 1403 1232 1434 ubi
1249 1403 1318 1433 olim
1334 1403 1447 1434 Luculli
1468 1404 1535 1435 villa
1559 1404 1614 1436 fuit
1642 1404 1678 1435 ad
1697 1414 1802 1445 aquam

976 1449 1129 1486 Crabram,
1142 1447 1271 1478 occurrit
1279 1447 1397 1479 celebre
1406 1448 1588 1489 cmnobium,
1598 1449 1677 1489 quod
1692 1449 1724 1480 S.
1740 1449 1805 1480 Nilo

976 1497 1076 1524 nostro
1088 1492 1205 1523 initium
1217 1501 1302 1522 suum
1319 1496 1347 1523 et
1363 1492 1554 1532 splendorem
1570 1493 1678 1525 debet:
1699 1494 1806 1525 Grotta

980 1538 1109 1569 Ferrato
1116 1536 1152 1568 ab
1160 1536 1320 1576 indigenis,
1332 1545 1349 1566 a
1361 1536 1470 1567 Latinis
1481 1547 1550 1568 vero
1568 1538 1684 1577 Crypta
1693 1538 1807 1569 Ferra-

979 1586 1009 1613 ta
1020 1582 1172 1613 vocitatur.
1181 1580 1468 1620 Nominisoriginem
1476 1581 1683 1612 deducuntalii
1693 1592 1806 1622 aspecu

978 1635 1066 1667 quem
1083 1625 1253 1656 incolebant
1269 1625 1418 1663 monachi,
1432 1626 1541 1666 quique
1557 1627 1663 1657 ferreis
1685 1627 1807 1658 clathris

978 1670 1182 1707 claudebatur,
1199 1674 1230 1700 ut
1245 1669 1444 1700 contendunt:
1461 1679 1478 1700 a
1492 1670 1564 1701 ferri
1579 1670 1692 1701 ibidem
1710 1671 1807 1702 abun-

979 1715 1079 1746 dantia
1094 1714 1230 1745 derivant
1244 1713 1305 1744 alii.
1330 1714 1493 1745 Kircherus
1517 1714 1549 1745 in
1574 1715 1656 1746 Latio
1681 1715 1810 1755 Cryptae-

979 1758 1165 1790 Ferratcnsis
1180 1757 1304 1788 abbatite
1323 1757 1444 1788 exordia
1467 1757 1684 1790 Bartholomaeo
1701 1758 1730 1790 S.
1748 1759 1809 1791 Nili

980 1803 1126 1844 discipulo
1142 1802 1282 1833 ascribit:
1306 1801 1390 1832 illum
1404 1802 1539 1842 sequitur
1553 1802 1655 1834 Piazza
1675 1803 1707 1834 in
1722 1803 1808 1835 Hier-

980 1847 1082 1879 arcliia
1097 1846 1307 1879 Cardinalitia:
1325 1850 1353 1876 at
1364 1846 1441 1877 infra
1454 1846 1634 1888 videbimus,
1650 1857 1808 1888 perperam

980 1892 1009 1923 id
1043 1892 1119 1931 ﬁeri,
1145 1891 1332 1931 primumque
1353 1890 1432 1922 illius
1454 1895 1605 1922 auctorem
1636 1891 1808 1924 habendum

981 1946 1046 1967 esse
1061 1941 1197 1967 sanctum
1214 1939 1360 1973 nostrum,
1376 1935 1412 1966 de
1431 1945 1491 1976 quo
1517 1945 1612 1976 pauca
1634 1936 1809 1977 admodum,

982 1985 1011 2012 et
1038 1980 1062 2011 si
1097 1980 1301 2011 chronotaxim
1331 1988 1516 2020 examenque
1548 1985 1810 2012 monumentorum

981 2034 1033 2055 seu
1048 2024 1121 2056 Vitae
1137 2024 1301 2064 exceperis,
1320 2024 1402 2055 nulla
1421 2025 1484 2056 fere
1499 2024 1548 2056 hic
1564 2035 1693 2066 operose
1708 2025 1812 2057 discu-

982 2069 1085 2102 tienda
1106 2073 1184 2100 sunt.
1209 2068 1293 2104 Quod
1315 2078 1403 2109 porro
1428 2069 1464 2100 ad
1488 2069 1520 2101 S.
1545 2070 1605 2101 Nili
1633 2069 1728 2109 Vitas,
1758 2080 1812 2102 seu

983 2114 1079 2155 potius
1093 2113 1189 2144 Vitam
1206 2116 1330 2153 spectat,
1347 2113 1444 2144 omnis
1455 2113 1518 2146 fere
1530 2114 1688 2146 difﬁcultas
1703 2115 1734 2146 in
1747 2115 1813 2154 ejus

983 2162 1103 2189 auctore
1119 2157 1322 2196 investigando
1339 2158 1394 2188 sita
1406 2162 1469 2190 est:
1488 2159 1641 2190 leviusculi
1664 2159 1746 2190 enim
1761 2168 1812 2190 er-

983 2212 1067 2233 rores
1082 2202 1169 2233 facile
1184 2202 1321 2242 scriptori
1334 2206 1476 2243 poterunt
1499 2203 1660 2243 indulgeri,
1686 2203 1813 2234 simodo

985 2248 1049 2287 ejus
1065 2247 1139 2278 ﬁdes
1153 2247 1349 2278 etauctoritas
1364 2247 1486 2278 aliunde
1503 2248 1687 2288 probabitur.
1710 2246 1740 2278 S.
1755 2247 1814 2278 Nili

986 2291 1053 2323 Vita
1067 2291 1244 2332 primigenia
1267 2291 1368 2322 Graeca
1393 2296 1448 2330 est,
1473 2302 1507 2323 ex
1531 2302 1637 2333 eaque,
1663 2292 1694 2323 ni
1716 2292 1813 2329 fallor,

987 2336 1085 2374 unica,
1104 2335 1281 2376 prodierunt
1306 2335 1379 2367 Vita:
1401 2336 1512 2368 Latina;
1535 2346 1589 2377 pro
1610 2336 1814 2377 interpretum

989 2381 1128 2412 methodo
1142 2380 1258 2411 diversa
1279 2384 1430 2421 utcunque
1453 2381 1532 2412 inter
1546 2390 1578 2412 se
1593 2378 1813 2422 discrepantes.

989 2426 1068 2456 illam
1093 2424 1222 2463 assignat
1246 2424 1391 2456 Baronius
1417 2425 1448 2455 in
1462 2424 1627 2456 Annalibus
1648 2426 1685 2457 ad
1706 2435 1817 2458 annum

989 2469 1100 2501 Christi
1115 2469 1185 2509 976,
1199 2478 1281 2499 num.
1299 2470 1318 2499 2
1334 2470 1364 2500 in
1378 2470 1499 2510 antiquo
1524 2470 1627 2502 codice
1642 2469 1818 2502 monasterii

989 2513 1102 2554 Cryptaa
1127 2514 1255 2545 Ferrato
1269 2523 1287 2545 a
1312 2513 1407 2545 sancti
1430 2513 1578 2556 discipulo
1598 2515 1791 2556 compositam
1809 2524 1817 2553 ;

991 2558 1127 2590 eamdem
1151 2557 1275 2589 Barrius
1297 2558 1336 2589 de
1364 2558 1547 2600 Antiquitate
1573 2559 1715 2592 Calabriae
1729 2559 1783 2591 lib.
1799 2566 1819 2590 v

991 2611 1026 2634 ac
1047 2602 1176 2643 denique
1204 2602 1361 2634 Ferrarius
1387 2603 1420 2634 in
1447 2604 1648 2636 Annotatione
1676 2603 1817 2645 appellat.

991 2646 1151 2678 Videamus
1189 2655 1289 2687 porro,
1314 2657 1352 2678 an
1381 2657 1450 2679 vere
1477 2657 1535 2680 una
1559 2648 1725 2689 eademque
1755 2648 1821 2680 Vita

991 2690 1092 2723 Graeca
1113 2692 1162 2729 sit,
1179 2691 1258 2723 unde
1273 2692 1401 2724 diversae
1414 2693 1567 2724 versiones
1581 2693 1819 2734 profectaasunt.

1032 2735 1062 2767 3.
1080 2735 1223 2767 Baronius
1240 2736 1377 2768 laudatus
1392 2739 1435 2768 ita
1448 2737 1598 2778 loquitur:
1630 2750 1643 2766 α
1668 2738 1758 2778 Cujus
1776 2736 1820 2778 (S.

992 2780 1060 2817 Nili)
1075 2785 1228 2820 resgestas
1243 2780 1345 2813 Graece
1359 2782 1544 2823 conscriptas
1557 2782 1594 2813 ab
1603 2783 1668 2822 ejus
1675 2781 1822 2823 discipulo

994 2825 1136 2858 Latinitas
1152 2825 1295 2858 hactenus
1319 2835 1472 2868 nunquam
1497 2827 1580 2860 vidit.
1605 2827 1662 2864 Qui
1686 2827 1769 2871 prius
1788 2835 1824 2858 ex

1570 2880 1584 2913 Ι
