1954 3059
171 129 202 165 li

164 200 285 241 antiquo
311 200 415 232 codice
440 200 610 232 monasterii
637 201 750 242 Cryptae
772 202 902 233 Ferratae
927 206 990 233 tra—

164 244 241 276 didit
257 245 415 285 Latinitati,
432 245 484 276 fuit
500 249 601 276 noster
615 246 779 277 Federicus
791 247 909 284 Metius,
926 247 989 288 epi-

165 298 273 330 scopus
288 289 525 326 Thermularum,
544 299 560 321 a
585 300 643 330 quo
658 300 710 330 ego
733 291 849 331 primus
872 291 987 331 accepi,

166 338 196 364 et
217 334 346 364 nonnula
371 343 405 364 ex
428 334 471 364 eis
495 343 547 374 pro
573 335 690 366 ratione
716 335 857 375 temporis
880 335 988 366 nostris

164 378 329 409 Annalibus
337 383 502 418 opportuna
515 378 672 409 occasione
687 380 834 410 contexui.
850 392 863 408 ι
877 379 986 412 Eadem

163 423 214 454 illa
223 422 400 453 combinavit
417 431 450 452 ex
466 423 595 453 Baronio
607 422 710 454 Surius
725 428 753 454 et
768 424 804 454 ad
820 424 898 455 hunc
907 424 984 456 diem

163 466 333 498 collectioni
369 475 430 497 suae
464 466 600 497 inseruit.
640 467 813 499 Versionem
854 468 933 499 Melii
969 478 985 499 a

162 511 305 543 Martenio
338 511 466 542 inferius
499 511 657 549 laudando,
695 512 737 542 uti
773 517 802 543 et
832 522 849 543 a
875 513 983 544 Jacobo

162 555 350 591 Sciommari,
368 554 481 586 ordinis
506 554 537 586 S.
565 555 664 586 Basilii
687 560 717 587 et
731 557 843 597 Cryptae
855 557 983 588 Ferrata:

164 601 309 631 monacho
332 599 362 630 in
386 599 468 630 Notis
488 599 524 630 ad
550 599 646 631 Vitam
672 600 703 631 S.
729 601 933 632 Bartholomaai
947 602 982 632 ab

162 645 227 685 ipso
242 644 344 676 Italice
358 644 481 680 editam,
504 644 622 684 reperio
637 645 825 684 assignatam,
842 646 894 676 sed
912 655 982 686 pra:-

163 694 209 721 ter
223 698 259 720 ea
272 697 337 730 quae
357 687 420 719 suis
433 688 598 720 Annalibus
613 688 738 719 inseruit
752 690 906 730 Baronius,
928 690 984 721 alia

162 743 223 765 non
238 732 356 764 invenio
375 742 383 770 ;
406 732 486 763 unde
510 732 624 771 dubito,
648 742 684 764 an
710 734 878 765 versionem
900 743 982 765 suam

162 777 237 818 typis
252 777 379 808 ediderit
392 777 509 814 Metius,
526 779 556 808 et
571 786 629 807 non
646 777 733 808 fuerit
748 779 844 819 potius
868 779 898 810 in
926 779 984 810 Ba-

162 821 240 853 ronii
254 821 345 853 solius
356 820 477 861 gratiam
487 820 640 852 adornata.
650 821 799 863 Quidquid
816 822 862 860 sit,
880 833 945 863 quae
960 823 986 854 is

162 866 250 897 nobis
265 875 298 896 ex
322 865 460 896 versione
482 865 531 896 illa
553 865 785 897 subministravit
807 867 925 898 abunde
949 868 985 898 ad

161 920 225 942 rem
247 914 421 950 praesentem
437 914 535 940 erunt.
552 909 726 941 Edmundus
740 913 870 943 Martene
886 913 986 944 Colle-

163 955 270 986 ctionis
283 958 418 986 veterum
431 953 609 993 scriptorum
623 958 695 986 tom.
712 955 761 993 VI,
779 956 836 987 col.
849 956 919 996 887,
933 957 987 987 Vi-

161 1008 219 1030 tam
250 1000 280 1031 S.
306 998 363 1029 Nili
388 998 521 1028 inseruit.
548 998 641 1037 lllam,
666 1003 698 1029 ut
719 1001 749 1030 in
773 999 987 1032 Observatione

158 1044 269 1087 prmia
280 1047 390 1079 monet,
408 1043 494 1073 vertit
509 1052 542 1073 ex
558 1044 661 1074 Graeco
677 1045 837 1076 cardinalis
850 1046 987 1084 Sirletus,

159 1090 351 1128 Latinamque
367 1087 432 1127 ejus
447 1087 720 1131 interpretationem
738 1089 819 1120 illam
838 1097 990 1131 repererat

159 1135 230 1166 olim
249 1133 282 1163 in
299 1131 401 1162 codice
412 1131 557 1162 Vaticano
580 1130 712 1162 Joannes
730 1132 887 1165 Durandus
903 1145 990 1166 accu-

159 1183 281 1218 rateque
304 1174 483 1215 descriptam
499 1175 706 1207 transmiserat
722 1177 757 1207 ad
774 1177 990 1215 Mabillouium,

159 1224 247 1254 etiam
259 1219 383 1251 Adriani
393 1218 506 1250 Valesii
519 1219 635 1258 judicio
653 1220 719 1251 luce
737 1221 856 1261 publica
872 1223 991 1261 dignam

161 1275 287 1307 moxque
303 1263 462 1300 edendam,
479 1263 535 1294 nisi
551 1264 630 1294 varia
645 1265 992 1306 stndiaimpedivissent.

161 1309 328 1344 Versiomis
353 1307 519 1339 Sirletinnaa
549 1308 637 1339 etiam
668 1310 804 1341 meminit
828 1311 994 1344 laudandus

159 1365 240 1396 saepe
255 1352 478 1389 Sciommarius,
497 1353 621 1393 ejusque
637 1354 799 1393 exemplar.
819 1364 875 1386 ms.
893 1362 922 1387 et
939 1367 992 1388 nos

158 1400 304 1432 habemus
320 1407 353 1428 ex
376 1396 567 1428 Bibliotheca:
593 1396 742 1429 Vaticana;
769 1399 836 1433 cod.
862 1409 916 1430 ms.
934 1401 989 1432 sub

159 1453 243 1476 num.
262 1440 497 1481 6151,quiidem
508 1445 562 1480 est,
575 1441 654 1472 unde
668 1451 753 1473 suum
773 1445 986 1485 apographum,

160 1488 240 1530 quod
255 1496 322 1518 cum
348 1490 449 1516 nostro
473 1485 508 1516 ad
531 1485 632 1525 apices
659 1487 807 1526 convenit,
825 1488 987 1521 adornasse

162 1529 348 1569 Durandum,
366 1529 470 1562 scribit
485 1530 656 1562 Martenius.

197 1638 226 1668 4.
240 1636 356 1676 Adjecit
371 1639 471 1666 nostro
489 1635 720 1675 Papebrochius,
740 1637 890 1677 exemplar
903 1637 983 1669 Grae-

157 1691 223 1712 cum
250 1681 359 1711 vidisse
383 1689 414 1710 se
439 1680 468 1710 in
495 1680 608 1719 Cryptre
630 1680 759 1710 Ferratae
788 1682 978 1719 monasterio,

156 1725 365 1764 consuluitque
381 1733 479 1755 ceram
501 1723 665 1754 Romanum
682 1724 828 1764 codicem,
845 1726 880 1756 ad
893 1735 980 1766 quem

155 1770 266 1812 aliquid
282 1768 461 1806 observavit,
488 1772 520 1798 ut
542 1768 620 1798 iul‘ua
642 1768 820 1799 videbimus.
847 1769 982 1810 Denique

152 1815 283 1847 Joannes
311 1813 462 1845 Matthaeus
495 1812 698 1852 Caryopliilus,
736 1813 981 1853 archiepiscopus

153 1858 329 1891 Iconiensis,
344 1856 485 1897 praeteriti
496 1857 596 1887 saeculi
607 1857 689 1886 initio
702 1857 803 1887 Latine
819 1858 981 1889 vertituna-

153 1913 210 1945 que
239 1912 304 1933 cum
328 1906 409 1932 textu
435 1900 537 1932 Graeco
567 1909 601 1931 ex
630 1901 743 1941 Cryptm
773 1902 901 1933 Ferratze
923 1912 978 1933 ms.

153 1947 295 1980 Romanis
318 1946 450 1977 Zannetti
478 1945 552 1985 typis
573 1954 650 1975 anno
675 1945 749 1976 16‘24
775 1945 869 1976 edidit
883 1946 978 1978 Vitam

153 1992 183 2024 S.
216 1991 287 2031 Nili,
311 1999 398 2031 quam
424 1989 559 2030 queritur
583 1998 676 2029 usque
705 1993 765 2020 tum
795 1989 824 2020 in
849 1991 979 2022 tenebris

150 2036 314 2068 delituisse.
331 2034 500 2074 Caryophili
515 2034 671 2073 diligentia
685 2038 714 2064 et
727 2034 757 2064 in
774 2034 883 2066 Latinis
898 2045 978 2077 aeque

150 2091 184 2112 ac
200 2080 309 2112 Griecis
335 2079 440 2120 peritia
455 2078 529 2109 nihil
552 2078 630 2108 circa
645 2077 740 2108 Vitam
759 2079 905 2118 praefatam
922 2081 978 2112 de-

150 2126 312 2156 sideratum
344 2123 496 2163 relinquit,
527 2126 633 2162 praeter
658 2121 769 2153 hiatum
795 2123 915 2155 unicum
946 2125 976 2156 in

149 2169 245 2210 capite
260 2169 289 2199 2.
318 2167 346 2198 Is
371 2165 444 2198 mihi
465 2167 587 2197 dubium
617 2167 730 2206 injecit,
757 2177 792 2197 an
813 2168 916 2200 saltem
937 2176 975 2200 'er

149 2215 253 2246 eodem
262 2211 745 2252 CryptzeFerratensismonasterii
757 2212 859 2243 codice
875 2212 974 2245 Sirleti

145 2259 242 2290 versio
251 2259 383 2300 profecta
393 2257 441 2297 sit,
457 2265 522 2286 cum
536 2256 566 2286 in
577 2255 745 2296 Caryophili
759 2261 835 2287 textu
852 2258 972 2296 omissa,

145 2303 218 2335 duas
234 2305 296 2335 fere
312 2302 466 2334 columnas
482 2301 510 2331 in
526 2300 659 2332 Martenii
676 2301 805 2332 editione
819 2302 970 2343 impleant.

145 2348 181 2379 At
197 2357 315 2379 summo
331 2347 400 2377 alibi
419 2347 527 2385 passim
543 2346 737 2376 consonantia
750 2347 863 2386 peperit
877 2349 972 2388 suspi-

143 2393 270 2431 cionem,
296 2401 334 2422 ne
358 2392 434 2422 forte
459 2393 611 2431 postquam
628 2390 762 2421 codicem
779 2392 970 2423 consuluerat

144 2436 280 2472 Sirletus,
305 2436 408 2467 folium
433 2446 467 2467 ex
490 2445 538 2472 eo,
562 2435 606 2465 vel
630 2435 808 2475 negligentia
838 2437 883 2467 vel
912 2437 969 2468 alio

141 2490 211 2512 casu
234 2481 366 2521 perierit.
385 2480 531 2521 Quidquid
547 2480 594 2518 sit,
619 2489 684 2511 cum
709 2485 817 2511 textum
835 2480 967 2512 Graecum

141 2525 269 2556 ediderit
291 2525 484 2566 Caryophilus
508 2528 669 2564 exactaque
682 2524 816 2556 videatur
831 2526 895 2565 ejus
918 2525 966 2556 in-

140 2570 324 2610 terpretatio,
341 2570 439 2600 Vitam
458 2579 492 2601 ex
509 2570 559 2600 illo
576 2570 660 2600 edam
677 2579 683 2601 :
702 2573 732 2600 et
745 2571 859 2610 nequid
874 2571 967 2602 lector

138 2614 289 2646 desideret
313 2615 486 2655 hintumque
507 2614 647 2654 supplere
673 2615 778 2655 possit,
810 2616 904 2646 locum
930 2625 964 2646 ex

138 2658 236 2691 Sirleti
260 2660 398 2691 versione
424 2659 510 2690 dabo.
536 2659 578 2690 De
608 2659 770 2699 biographo
792 2659 834 2690 sic
860 2660 964 2691 scribit

137 2702 330 2745 Caryophilus
339 2707 404 2744 post
419 2703 536 2735 initium
553 2703 735 2735 Prwfationis
750 2704 784 2735 ad
801 2704 960 2737 lectorem:

137 2759 148 2776 α
173 2749 313 2780 Monachi
327 2748 424 2780 Vitam
441 2749 603 2779 monachus
629 2748 743 2786 scribit,
762 2749 895 2789 magistri
911 2749 959 2780 di-

134 2792 278 2832 scipulus.
295 2792 367 2829 Quis
392 2796 491 2824 tamen
513 2792 565 2824 ille
589 2792 690 2831 fuerit,
707 2803 766 2824 non
782 2793 869 2834 plane
883 2803 957 2825 con-

134 2839 200 2869 stat.
231 2837 478 2870 Bartltolomzeum
505 2837 694 2879 suspicantur
715 2837 810 2875 multi,
838 2839 958 2880 quidam

922 134 1102 169 ΑΝΟΝΥΜῘ

1820 144 1861 177 19

1035 204 1123 250 etiam
1152 211 1288 238 asserunt
1319 208 1412 239 virum
1443 215 1470 241 et
1500 210 1595 250 ipsum
1625 212 1857 247 sanctissimum,

1033 249 1091 295 Nili
1104 250 1197 295 civem
1212 255 1241 282 et
1252 253 1402 292 sapientia
1412 254 1474 294 ejus
1491 249 1519 284 et
1535 255 1651 295 pietatis
1659 257 1818 289 haredem.
1845 271 1856 286 ιι

1031 293 1098 324 Haec
1114 294 1162 325 ille
1189 295 1312 327 aliorum
1330 307 1417 328 sensa
1428 293 1468 329 Vde
1483 293 1710 338 Bartholomaeo,
1727 311 1784 332 non
1801 311 1858 333 sua

1030 347 1189 384 promens:
1217 345 1244 370 et
1273 346 1359 372 caute
1388 351 1458 373 sane
1482 343 1556 374 sicut
1568 344 1741 384 prudentem
1759 345 1855 376 virum
1878 372 1880 374 .

1028 383 1153 429 decebat
1180 387 1239 429 tum
1267 395 1318 426 pro
1335 395 1368 417 ea
1385 396 1518 417 censurze
1535 383 1625 428 parte,
1642 399 1699 429 qua
1730 389 1852 429 biogra—

1028 427 1116 466 phum
1129 427 1160 459 S.
1178 428 1237 459 Nili
1252 427 1539 470 contemporaneumr
1551 432 1641 463 fuisse
1653 427 1852 469 asseriz,‘tum

1027 480 1078 545 prlo
1095 472 1199 513 altera,
1222 483 1277 514 qua
1306 479 1418 506 asserta
1434 476 1470 507 de
1487 476 1700 508 Bartholomzeo
1717 479 1745 507 in
1761 478 1853 508 dubio

1027 524 1057 545 re
1072 517 1176 545 Induit.

1024 517 1176 557 relinquit.

1065 586 1362 627 5.Supervacaneum
1380 595 1468 627 esset,
1487 600 1538 630 pro
1555 592 1779 623 conﬁrmatione
1795 593 1856 632 pri'

1027 639 1081 661 mae
1094 632 1184 671 partis
1200 633 1344 673 qumpiam
1367 634 1505 673 allegare,
1531 645 1596 665 cum
1624 636 1761 675 pluribus
1778 637 1853 666 locis

1026 675 1113 720 talem
1130 685 1162 706 se
1176 677 1342 709 luculenter
1364 680 1535 719 proliteatur
1557 679 1748 720 biographus.
1767 681 1853 716 Quod

1025 718 1060 749 ad
1079 721 1241 752 secundam
1258 727 1381 762 spectat,
1402 723 1500 763 plures
1516 718 1617 754 Vitam?
1629 718 1708 754 illam
1726 726 1758 755 Β.
1777 726 1853 756 Bar-

1027 763 1183 796 tholomaeo
1208 766 1371 804 ascribunt,
1397 767 1474 798 inter
1493 777 1567 807 quos
1591 768 1801 799 Sciommarius
1825 777 1854 800 et

1026 808 1205 847 Martenius;
1221 815 1250 841 at
1265 810 1290 841 is
1303 811 1385 842 solus
1400 821 1433 842 ex
1451 812 1484 842 iis
1500 822 1574 852 quos
1589 812 1646 842 vidi
1671 813 1777 844 asserti
1803 823 1853 844 ra-

1027 851 1138 883 tionem
1155 854 1266 893 reddit,
1281 864 1366 895 quam
1376 851 1515 895 propono:
1530 868 1540 883 σι
1554 856 1735 896 Discipulum
1752 862 1852 888 autem

1028 896 1122 934 illum,
1133 897 1335 938 inquid,haud
1347 899 1435 929 alium
1449 900 1538 930 fuisse
1549 909 1565 930 a
1575 900 1596 931 Β
1623 901 1853 937 Bartliolommo,

1030 941 1116 985 tertio
1135 946 1201 981 post
1215 942 1246 974 S.
1264 942 1359 973 Nilum
1377 944 1629 983 Cryptw-l’erratze
1644 945 1759 985 abbate,
1789 947 1854 976 col-

1029 983 1162 1021 ligimus,
1192 996 1258 1016 cum
1293 997 1327 1017 ex
1356 987 1558 1028 inscriptione,
1593 998 1655 1028 qua}
1685 983 1757 1020 Vitm
1789 991 1854 1030 ejus

1031 1030 1191 1069 pmﬁgitur
1208 1031 1236 1061 iu
1253 1031 1354 1062 codice
1379 1031 1518 1062 Vaticano
1540 1033 1771 1065 MMMMMMCLI
1797 1035 1852 1064 hoc

1032 1074 1135 1104 modo:
1155 1086 1168 1102 α
1182 1075 1265 1105 Hanc
1275 1075 1368 1106 Vitam
1388 1078 1418 1106 Β.
1438 1077 1666 1107 Bartholemzeus
1681 1077 1816 1117 scripsit:
1835 1090 1849 1108 »

1033 1123 1093 1148 tum
1115 1128 1149 1149 ex
1165 1118 1292 1149 breviori
1309 1120 1440 1158 ejusdem
1457 1119 1486 1151 S.
1505 1120 1709 1151 Bartholomzei
1727 1122 1803 1162 \‘ita,
1822 1123 1851 1152 in

1032 1171 1089 1202 qua
1100 1163 1312 1202 haeclegimus:
1337 1177 1345 1190 α
1366 1164 1544 1203 Hymnorum
1561 1166 1791 1196 elucubralorac
1803 1167 1850 1196 ui-

1037 1218 1051 1234 ιι
1069 1207 1158 1236 [ηίυιη
1185 1207 1333 1246 sapienter
1356 1217 1402 1238 res
1433 1213 1526 1247 gestas
1549 1210 1590 1239 sui
1615 1211 1806 1248 prteceptoris
1822 1215 1850 1241 et

1038 1263 1049 1277 α
1069 1250 1224 1281 multorum
1235 1256 1399 1282 sanctorum
1410 1252 1590 1282 describens.
1606 1252 1766 1284 niteddunt
1782 1256 1830 1294 qui
1844 1271 1850 1277 -

1035 1294 1101 1324 dem
1118 1298 1264 1334 postrema
1280 1295 1328 1326 illa
1342 1301 1453 1326 certum
1471 1300 1627 1336 utcunque,
1646 1297 1678 1328 Β.
1693 1298 1850 1328 Bartholo-

1035 1348 1138 1368 mazum
1167 1339 1320 1379 scripsisse
1346 1341 1438 1370 Vitam
1469 1341 1560 1370 sancti
1588 1341 1632 1370 sui
1659 1343 1851 1382 pra‘ceptoris

1032 1381 1090 1412 Nili
1108 1392 1115 1420 ;
1131 1392 1243 1420 verum,
1255 1384 1330 1424 quod
1344 1384 1436 1415 Vitam
1450 1385 1582 1415 eamdem
1596 1385 1675 1415 illam
1693 1381 1849 1416 elucubra-

1030 1426 1077 1462 rit.
1101 1437 1186 1467 quam
1218 1428 1365 1468 hodieque
1388 1428 1541 1465 habemus,
1567 1439 1623 1459 non
1650 1439 1682 1459 ex
1707 1439 1742 1460 eo
1766 1439 1848 1470 aeque

1028 1475 1109 1501 certo
1124 1471 1226 1512 liquet.
1244 1472 1324 1508 Quod
1341 1473 1375 1502 ad
1392 1473 1523 1503 codicem
1541 1473 1712 1503 Vaticanum
1731 1475 1815 1505 attint
1827 1480 1845 1508 ι,

1028 1525 1129 1555 parum
1157 1525 1227 1546 sane
1256 1517 1394 1557 ponderis
1422 1521 1532 1547 asserto
1548 1519 1713 1554 accederet,
1732 1518 1845 1548 etiamsi

1025 1558 1172 1600 interpres
1188 1560 1324 1601 Sirletus,
1341 1561 1385 1591 vel
1401 1561 1449 1601 qui
1465 1562 1529 1601 ejus
1553 1562 1720 1593 versionem
1747 1562 1842 1593 codici

1024 1603 1186 1644 inscripsit.
1202 1605 1291 1636 verba
1306 1605 1477 1645 addidisset,
1494 1615 1559 1646 quae
1574 1605 1603 1636 in
1621 1610 1699 1636 textu
1728 1606 1841 1646 Graeco,

1025 1657 1110 1688 quem
1140 1649 1236 1685 vertit,
1268 1659 1325 1680 non
1356 1649 1554 1689 legebantur:
1587 1651 1638 1681 sed
1673 1659 1709 1681 ne
1733 1654 1841 1681 tantum

1025 1692 1143 1732 quidem
1159 1693 1283 1724 subsidii
1309 1703 1359 1734 pro
1385 1703 1437 1724 sua
1461 1695 1601 1725 oninione
1624 1695 1712 1725 habet
1735 1698 1842 1725 Marte-

1025 1737 1100 1774 nius,
1131 1737 1238 1778 quique
1266 1747 1332 1768 cum
1359 1738 1409 1768 illo
1439 1739 1592 1770 sentiunt:
1622 1739 1841 1779 Papebrochius

1024 1781 1114 1818 enim,
1149 1783 1198 1822 qui
1228 1782 1360 1813 codicem
1390 1782 1561 1813 Vaticanum
1593 1783 1718 1824 propriis
1748 1784 1840 1814 oculis

1024 1826 1165 1863 lustravit,
1195 1827 1293 1857 addita
1317 1827 1354 1857 ad
1384 1827 1582 1868 apographum
1609 1832 1742 1858 nostrum
1774 1832 1840 1858 nota

1023 1871 1152 1901 studiose
1168 1875 1276 1908 monet,
1293 1871 1350 1901 alia
1364 1871 1485 1902 indubie
1500 1881 1588 1902 manu
1604 1873 1692 1903 verba
1717 1873 1840 1911 allegata

1022 1914 1112 1945 fuisse
1135 1914 1257 1955 adjecta.
1275 1925 1361 1955 quam
1378 1925 1435 1956 qua
1451 1915 1516 1946 Vita
1531 1921 1648 1947 exarata
1661 1921 1715 1948 est.
1742 1917 1837 1952 Plura,

1023 1958 1052 1988 ni
1063 1959 1156 1997 fallor,
1165 1969 1238 2000 opus
1247 1969 1303 1989 non
1312 1960 1482 1998 estaddere,
1497 1964 1528 1990 ut
1543 1960 1687 1992 rationem
1704 1961 1838 1999 reddam,

1021 2003 1836 2044 quaresententizeillustrissimiCaryophilisubscribam,

1020 2056 1076 2078 nec
1098 2048 1205 2087 Vitam,
1225 2048 1302 2088 quod
1326 2052 1421 2079 tamen
1439 2058 1490 2088 pro
1515 2048 1661 2088 probabili
1679 2049 1786 2086 habeo,
1803 2048 1834 2079 Β.

1020 2090 1232 2122 Bartholomwo
1255 2092 1377 2123 indubie
1397 2092 1554 2124 ascribam.
1576 2094 1679 2132 Major,
1697 2093 1799 2131 fateor,
1822 2100 1838 2122 a

1019 2135 1052 2166 B.
1078 2136 1291 2166 Barlholomzeo
1314 2136 1470 2167 auctoritas
1496 2137 1566 2167 Vitae
1597 2139 1775 2174 accederet;
1810 2140 1837 2165 at

1018 2189 1104 2220 quam
1121 2180 1264 2212 habemus
1278 2191 1294 2210 a
1315 2181 1458 2221 scriptore
1473 2191 1579 2219 coaavo,
1598 2182 1708 2222 quique
1724 2181 1754 2212 S.
1772 2180 1835 2211 Nilo

1016 2225 1046 2255 in
1076 2225 1139 2265 ipso
1165 2225 1227 2255 loco
1254 2225 1392 2265 convixit,
1423 2226 1642 2266 candoremque
1665 2235 1748 2257 suum
1779 2233 1834 2255 non

1017 2279 1074 2301 uno
1090 2270 1154 2301 loco
1170 2269 1284 2310 probat,
1301 2270 1387 2300 nobis
1404 2271 1522 2302 sufﬁcit.

1054 2348 1084 2379 6.
1097 2347 1221 2378 Nuncad
1231 2348 1397 2388 quampiam
1409 2348 1614 2380 chronotaxim
1630 2347 1830 2380 deducendam

1014 2396 1042 2423 et
1059 2402 1150 2433 pauca
1176 2393 1274 2433 aliqua
1287 2393 1481 2423 examinanda
1496 2393 1722 2425 descendamus.
1744 2391 1829 2422 Natus

1013 2441 1056 2467 est
1081 2436 1111 2468 S.
1136 2437 1219 2467 Nilus
1243 2437 1367 2467 Rosszmi
1398 2437 1426 2467 in
1457 2437 1602 2475 Calabria,
1631 2439 1699 2469 olim
1729 2438 1827 2473 Magna

1011 2481 1124 2513 Graecia
1152 2481 1247 2512 vocari
1277 2482 1374 2513 solita.
1402 2481 1556 2513 Provincia
1577 2488 1622 2513 est
1651 2479 1826 2526 amplissima

1009 2527 1092 2565 regni
1108 2526 1292 2566 Neapolitani
1308 2526 1336 2556 in
1363 2526 1451 2556 Italiae
1474 2527 1510 2557 ad
1533 2528 1672 2558 Austrum
1691 2529 1827 2556 extremis

1010 2570 1116 2601 ﬁnibus
1133 2570 1322 2610 maribusque
1338 2570 1447 2608 Siculo,
1466 2571 1545 2602 lonio
1562 2577 1591 2602 et
1605 2571 1755 2612 Tyrrheno
1770 2575 1824 2596 un-

1008 2614 1097 2656 dique
1124 2615 1232 2651 cincta,
1250 2620 1445 2655 prieterquam
1462 2625 1564 2646 versus
1579 2614 1823 2656 Septentriouem,

1008 2654 1058 2690 ubi
1075 2654 1257 2700 provinciam
1280 2654 1468 2691 Basilicatem
1494 2654 1708 2690 conterminam
1725 2654 1824 2703 habet.

1005 2704 1183 2742 Rossanum,
1211 2706 1288 2745 quod
1313 2705 1361 2735 alii
1385 2704 1563 2736 Roscianum
1581 2704 1726 2748 scribunt,
1744 2706 1824 2748 prm-

1004 2751 1119 2790 cipatus
1134 2750 1218 2780 titulo
1244 2754 1273 2780 et
1299 2749 1547 2790 archiepiscopali
1562 2748 1636 2779 sede
1651 2745 1822 2790 insignitum

1005 2787 1058 2832 est,
1077 2794 1225 2835 distatque
1241 2794 1287 2825 vix
1303 2794 1321 2824 3
1337 2787 1516 2824 milliaribus
1530 2792 1567 2824 ab
1591 2801 1643 2823 ora
1671 2790 1753 2835 sinus
1767 2787 1823 2835 Ta-

1003 2839 1123 2870 rentini.
1136 2833 1241 2880 Ampla
1255 2838 1383 2879 etprohe
1397 2838 1475 2870 culta
1489 2837 1642 2878 hodieque
1656 2834 1755 2866 civitas
1771 2833 1821 2870 est_
