1954 3059
70 210 108 242 13

67 275 220 315 Sanculox,
239 276 279 307 uti
295 281 324 308 et
339 276 472 308 Calabria
490 276 628 307 universa
643 275 768 316 imperio
784 275 892 307 Orien-

69 320 108 350 tis
118 321 217 352 adhuc
235 321 366 362 parebat,
385 324 505 361 eratque
522 325 551 351 et
567 321 667 361 lingua
683 324 711 350 et
725 321 800 351 titus
817 321 893 352 Grie-

68 374 123 395 cus
138 366 168 396 in
187 375 241 397 usu
263 366 382 406 q-iando
398 365 508 396 ibidem
526 369 611 396 natus
628 369 673 396 est
689 364 719 396 S.
738 365 835 396 Nilus.
853 365 895 396 De

70 410 244 448 parentibus
259 411 324 450 ejus
348 418 486 449 annoque
512 410 598 440 natali
627 410 700 440 nihil
717 409 896 441 determina-

70 453 130 484 tius
143 454 252 493 legitur
277 455 306 484 in
322 453 399 485 Vita.
417 454 534 485 Gabriel
563 454 681 485 Barrius
697 455 732 485 de
746 455 850 494 Antiq.
868 458 895 485 et

70 498 132 528 situ
149 498 301 530 Calabria:
322 498 390 529 libri
407 508 422 528 v
439 498 522 528 initio
544 498 659 536 scribit,
686 500 716 530 S.
745 498 844 530 Nilum
861 508 894 530 ex

71 542 225 573 nobilibus
241 543 412 583 parentibus
437 547 533 573 ortum
558 552 636 581 esse,
651 547 896 583 assertorumque

71 590 181 617 testem
206 587 314 626 allegat
337 588 371 618 Β.
398 587 648 617 Bartholomwum
665 587 759 618 sancti
776 587 895 626 biogra-

70 630 181 670 phum;
196 635 224 661 at
239 632 283 661 vel
299 632 420 671 vulgare
436 635 480 661 est
495 631 551 662 hoc
582 631 683 661 vilium
702 629 894 669 scriptorum,

69 675 124 714 qui
135 680 254 707 sanctos
265 676 431 706 stemmatis
446 675 559 715 fulgore
575 675 677 715 quavis
692 675 737 706 via
752 675 896 706 decorare

69 719 218 757 laborant,
237 721 281 751 vel
298 720 384 750 aliam
398 719 506 757 Vitam,
523 720 600 759 quod
619 723 716 750 tamen
732 719 778 750 vix
794 720 895 757 credo,

68 773 131 804 prin
149 764 242 794 oculis
258 764 360 795 habuit
375 764 506 795 Burrius.
523 763 553 794 Id
571 772 642 794 sane
659 773 756 804 neque
772 764 802 794 in
818 768 898 794 textu

69 808 177 840 Graeco
195 818 292 849 neque
308 809 336 839 in
359 808 560 845 versionihus,
588 817 661 848 quas
681 807 774 838 habeo
794 808 899 839 asseri-

69 858 128 884 tur.
147 853 230 889 Quod
247 854 283 884 ad
309 862 417 883 annum
443 852 570 883 natalem
596 852 714 889 attinet,
733 852 899 883 Sciomma-

69 897 133 927 rius
150 897 224 928 Nota
239 898 258 928 8
273 897 306 927 ad
325 898 419 927 Vitam
433 897 465 928 Β.
480 896 687 928 Βεινιὶιοιοηιεεὶ
701 897 901 936 designatan-

73 951 146 971 num
164 941 273 972 Christi
289 942 358 979 910⁷
377 946 404 972 et
420 946 522 972 recte:
542 941 651 981 quippe
673 940 745 971 Vitae
762 951 845 973 num.
863 941 900 972 87

74 986 185 1016 dicitur
212 988 242 1016 ὃ.
269 985 351 1016 Nilus
381 985 491 1016 abiisse
515 995 593 1016 anno
622 986 715 1016 etatis
745 986 783 1017 95
826 987 903 1017 Mor-

75 1034 142 1060 tuus
171 1034 270 1060 autem
301 1035 345 1061 est
372 1040 449 1061 anno
478 1029 586 1061 Christi
619 1030 697 1061 1005
723 1039 730 1068 ;
767 1030 848 1061 unde
878 1029 902 1060 si

76 1083 168 1105 annos
196 1075 236 1105 95
273 1074 469 1112 subtraxeris,
512 1074 541 1104 in
580 1083 690 1105 annum
729 1075 789 1105 910
818 1074 902 1105 dela-

78 1118 121 1149 bel
134 1118 170 1149 is.

117 1223 144 1254 '1.
164 1221 256 1252 Porro
272 1231 382 1253 annum
410 1223 518 1254 Christi
550 1222 624 1255 1005
638 1223 731 1254 sancti
749 1223 835 1254 morti
851 1233 901 1254 as-

81 1267 223 1306 signatum
240 1276 297 1296 non
315 1267 458 1297 habemus
474 1268 503 1297 in
519 1267 596 1307 Vita,
614 1269 665 1297 sed
684 1268 764 1298 illum
783 1277 816 1298 ex
836 1268 902 1298 aliis

83 1310 280 1341 monumentis
308 1311 391 1342 bona)
420 1316 495 1342 nota;
519 1312 645 1342 accersit
678 1311 900 1344 Sciommarius.

80 1356 161 1386 Juxta
177 1355 279 1385 turrim
297 1356 431 1386 ecclesiae
447 1356 754 1396 (Iryptazl’erratensis
763 1357 903 1388 marmori

82 1399 226 1438 insculpta
256 1403 300 1429 est
329 1400 390 1441 haec
406 1400 586 1440 inscriptio:
620 1396 764 1439 Ἐιοιμήϐη
790 1403 803 1429 ὁ
828 1402 902 1441 ἅγιος

84 1444 173 1475 Natio:
200 1443 256 1475 ἔτος
285 1440 394 1488 ,ζφιγῖ
425 1457 438 1472 α
456 1444 682 1476 ObdormivitS.
712 1443 797 1475 Nilus
825 1455 902 1476 anno

81 1488 128 1518 651
139 1488 168 1518 3.
186 1500 199 1515 ι
210 1487 291 1518 Idem
304 1497 399 1518 annus
411 1489 498 1519 morti
509 1489 540 1520 S.
558 1489 615 1520 Nili
631 1490 811 1530 assignatur,
829 1494 902 1520 teste

82 1530 283 1570 Sciommario,
302 1532 332 1562 in
348 1533 467 1573 antiquo
493 1533 607 1567 codice,
629 1534 678 1574 qui
703 1533 804 1564 Basilii
826 1535 902 1565 Por-

82 1577 264 1616 phyrogeniti
282 1577 458 1617 appellatur,
485 1578 526 1608 uti
549 1583 577 1608 et
602 1578 632 1608 in
658 1578 766 1618 Typico
783 1578 902 1618 antiquo

82 1620 111 1651 Β.
125 1621 337 1652 Bartholomaei
360 1622 485 1662 aliisque
500 1622 568 1653 Mss.
593 1622 807 1654 monumentis.
825 1624 902 1654 Eru—

79 1665 136 1695 dite
170 1675 268 1705 porro,
301 1666 449 1697 variorum
477 1667 654 1706 scriptorum
679 1667 706 1697 in
726 1667 782 1697 hoc
816 1667 902 1696 modo

80 1710 269 1750 computandi
291 1711 435 1750 correptis
459 1711 602 1751 lapsibus,
623 1711 735 1741 ibidem
761 1711 901 1747 ostendit,

79 1763 187 1784 annum
213 1754 313 1784 mundi
339 1754 508 1786 Graecorum
534 1764 617 1785 more
640 1755 784 1794 signatum
811 1756 901 1792 (5513,

80 1807 143 1828 esse
160 1798 361 1837 vulgariszaerze
374 1799 462 1831 1005.
474 1799 583 1830 Omitto
599 1804 782 1839 argumenta,
796 1799 903 1839 quibus

80 1842 106 1871 id
134 1842 258 1872 indubie
283 1843 403 1879 evincit,
429 1853 553 1884 qumque
577 1844 653 1884 apud
684 1844 780 1884 ipsum
811 1843 903 1874 videri

80 1890 213 1926 possunt.
230 1887 353 1918 Interim
372 1888 518 1928 imprimis
529 1894 642 1919 certum
658 1893 713 1925 est,
727 1889 813 1928 juxta
829 1889 904 1918 hanc

79 1931 220 1970 cpocham
232 1933 607 1973 rectecombinari,qumin
624 1932 688 1963 Vita
704 1933 740 1963 de
751 1933 905 1963 conventis

77 1975 184 2006 Ottone
200 1975 241 2007 III
258 1976 436 2016 imperatore
462 1981 491 2008 et
516 1977 658 2017 Gregorio
677 1977 701 2008 V
719 1977 859 2016 pontiﬁce
874 1977 904 2007 in

74 2030 164 2051 causa
173 2019 298 2051 Joannis
308 2021 453 2062 antipapa:
464 2027 633 2059 narrantur,
641 2031 764 2062 quaeque
774 2025 906 2062 pugnant

72 2065 153 2105 apud
179 2064 347 2096 Gabrielem
373 2066 520 2104 Barrium,
545 2067 691 2097 Lubinum
715 2066 850 2106 aliosque
873 2065 904 2097 S.

73 2109 133 2139 Nili
148 2114 273 2141 mortem
283 2110 318 2141 ad
329 2121 440 2142 annum
458 2111 527 2149 980,
545 2111 589 2142 vel
607 2111 720 2151 aliquot
733 2112 822 2142 annis
837 2115 906 2142 ante

72 2155 167 2185 finem
183 2155 283 2186 saeculi
297 2165 314 2185 χ
324 2155 489 2187 referentes
501 2167 506 2186 :
518 2166 585 2187 cum
598 2160 711 2187 certum
724 2155 762 2186 sit
774 2165 807 2186 ex
821 2165 903 2186 num.

72 2199 125 2236 87,
144 2198 399 2240 Quadragesimali
415 2205 548 2240 tempore
560 2200 682 2232 Romam
695 2209 729 2231 ea
741 2209 828 2231 causa
840 2210 906 2241 pro-

74 2244 188 2275 fectum
215 2249 363 2282 sanctum,
391 2245 480 2286 idque
506 2255 583 2276 anno
608 2246 678 2282 998,
696 2249 727 2275 ut
753 2245 846 2284 liquet
871 2254 905 2276 ex

72 2289 281 2319 monumentis
295 2299 313 2319 a
329 2290 489 2321 Muratorio
506 2291 536 2321 in
552 2289 718 2321 Annalibus
733 2289 844 2320 ibidem
859 2290 903 2320 al-

72 2333 193 2371 legatis.
210 2333 313 2374 Neque
329 2335 558 2376 minuslimpide
567 2334 730 2366 secundum
744 2334 904 2365 chronota-

70 2378 134 2408 xim
150 2377 244 2409 ﬂuunt
259 2379 327 2409 allia
343 2379 497 2417 nonnulla,
514 2389 579 2420 qua:
595 2379 672 2409 notis
686 2378 905 2418 chronologicis

68 2422 100 2453 in
131 2423 199 2453 Vita
228 2424 453 2465 circumscripta
480 2429 558 2455 sunt.
591 2423 714 2460 Quando
748 2422 779 2454 S.
820 2423 904 2454 Nilus

71 2468 187 2498 mundo
204 2468 355 2509 valedixit,
372 2469 506 2500 nondum
523 2469 690 2509 expleverat
716 2477 825 2497 annum
853 2468 903 2505 30,

72 2522 161 2543 num.
176 2513 216 2544 6:
241 2513 330 2553 igitur
343 2523 484 2545 accessus
501 2514 564 2554 ejus
580 2513 615 2544 ad
642 2512 803 2543 monachos
826 2521 903 2542 anno

72 2556 139 2587 940
152 2557 198 2587 vel
213 2559 351 2598 sequenti
376 2559 508 2598 contigit.
537 2557 667 2588 Numero
682 2557 756 2587 Vitae
780 2556 819 2587 ‘20
835 2555 903 2587 Ste-

74 2601 219 2641 phanusv
235 2602 410 2634 adolescens
426 2612 569 2634 annorum
595 2603 656 2632 fere
679 2601 781 2641 viginti
805 2600 905 2639 junxit

74 2655 108 2676 se
126 2644 157 2677 S.
170 2646 247 2684 Nilo,
264 2647 341 2687 quod
359 2648 482 2687 contigit
496 2648 584 2687 hujus
594 2646 724 2677 altero...
738 2645 767 2675 in
784 2644 905 2685 spelun-

73 2699 143 2720 cam
155 2690 332 2721 secessionis
347 2701 436 2722 anno.
456 2705 467 2720 ιο
488 2701 570 2723 num.
586 2691 624 2722 27
637 2690 804 2730 Stephanus
819 2698 902 2720 num.

72 2734 114 2766 94
127 2735 358 2775 septuagenario
377 2736 471 2776 major
481 2735 616 2767 laborare
632 2735 737 2765 solitus
752 2733 843 2764 fuisse
855 2733 902 2763 di-

74 2778 166 2810 citur.
183 2778 364 2819 Stephanum
390 2786 538 2811 mortuum
554 2780 610 2811 sub
626 2778 765 2810 eumdem
781 2787 902 2815 annum,

74 2832 137 2863 quo
151 2822 220 2854 Otto
237 2823 274 2855 ΙΙΙ
290 2824 441 2865 inperator
459 2825 598 2860 decessit,
626 2823 721 2864 liquet
733 2822 847 2854 ibidem
869 2831 904 2852 ex

74 2867 236 2907 adjunctis.
254 2868 373 2900 Ottouis
396 2869 493 2900 obitus
519 2879 597 2900 anno
620 2868 695 2900 1001
713 2868 905 2906 consignatus

74 2915 141 2944 est:
159 2912 240 2944 circa
253 2912 338 2945 illum
354 2914 461 2946 obierit
475 2914 665 2956 Stephanus;
681 2911 819 2953 ejusdem
843 2920 905 2943 mo-

682 208 773 243 VITA
795 210 824 242 S.
849 210 931 241 NILI
952 209 1138 242 JUNIORIS.

1729 211 1763 243 14

935 277 1055 308 nasticae
1069 276 1136 308 vitae
1152 276 1236 307 initia
1250 276 1329 308 circa
1343 285 1453 308 annum
1470 277 1529 309 945
1545 277 1594 316 figi
1612 282 1760 318 poterunt,

935 320 1061 352 Rursum
1073 331 1156 353 num.
1166 322 1206 353 95
1215 321 1424 352 monasterium
1435 321 1583 362 Serperis,
1597 322 1714 363 «inquo
1725 322 1760 353 ad

935 374 1028 396 annos
1053 368 1089 397 10
1114 366 1307 397 monasticam
1334 366 1451 396 duxerit
1472 367 1575 408 vitam,
1596 379 1610 395 ιο
1629 367 1762 398 deseruit

936 409 966 441 S.
982 410 1064 441 Nilus
1078 415 1106 441 et
1123 411 1238 442 duobus
1254 414 1317 451 post
1333 410 1484 441 mensibus
1509 421 1591 442 num.
1620 413 1659 443 97
1675 411 1760 442 obiit.

936 454 976 485 Eo
993 455 1084 493 igitur
1098 455 1257 486 accesserit
1280 464 1357 485 anno
1372 454 1432 486 994
1456 455 1502 486 vel
1517 457 1664 496 sequenti.
1694 457 1756 488 Nu-

937 508 1018 529 mero
1036 500 1073 530 86
1088 500 1119 530 in
1143 499 1306 531 Vallelucio
1327 499 1385 538 egit
1411 499 1581 539 quindecim
1597 510 1702 541 annos,
1719 500 1756 532 ab

935 543 1076 582 Aligerno
1092 543 1261 574 Cassinensi
1276 543 1381 574 abbate
1394 542 1424 573 in
1439 543 1513 574 illud
1523 543 1669 575 admissus
1678 554 1760 577 num.

936 588 986 625 62,
1003 588 1130 619 deducto
1154 591 1306 628 computu,
1332 587 1387 619 sub
1406 597 1517 618 annum
1533 590 1603 626 9'78,
1620 598 1678 630 quo
1694 589 1759 620 Ali—

937 641 1047 672 gernus
1071 632 1177 673 agebat
1190 632 1314 663 abhatiae
1329 633 1379 672 ‘29,
1396 632 1446 673 qui
1462 636 1599 665 mortuus
1609 637 1663 674 est,
1680 642 1758 665 asse-

937 681 1021 707 rente
1037 677 1207 715 Mabillone,
1226 686 1304 707 anno
1320 676 1391 708 986.

978 754 1007 784 8.
1018 754 1168 785 Hincanni
1182 755 1197 784 7
1210 753 1321 785 residui
1336 757 1406 785 sunt
1421 753 1554 786 locandis
1567 754 1615 793 iis,
1630 764 1696 796 quae
1708 755 1763 786 sub

939 798 1339 838 Aligernisuccessorenum.
1354 798 1394 830 84
1404 802 1433 830 et
1444 799 1641 838 sequentibus
1651 799 1762 831 ibidem

938 844 969 873 S.
995 842 1060 873 Nilo
1080 843 1239 883 contigisse
1250 847 1420 884 narrantur,
1437 843 1478 875 uti
1494 848 1524 875 et
1535 843 1694 884 quaerendo
1716 844 1766 876 alii

940 887 1072 918 solitario
1083 888 1148 918 loco
1159 888 1371 928 migrandoque
1380 887 1415 918 ad
1429 888 1641 919 monasterium
1654 888 1764 929 Serpe-

940 931 997 962 ris:
1016 936 1103 972 atque
1130 931 1172 963 sic
1197 933 1332 964 ordinate
1353 931 1563 963 combinantur
1576 933 1687 964 omnia.
1703 933 1764 965 Ob-

943 981 1040 1006 servat
1056 986 1143 1017 porro
1164 975 1378 1008 Sciommarius
1397 985 1474 1017 saepe
1487 977 1622 1008 laudatus
1636 978 1712 1009 Nota
1727 979 1764 1008 18

942 1020 977 1050 ad
995 1021 1080 1051 vitam
1110 1022 1144 1052 B.
1162 1021 1380 1058 Bartholomzei,
1404 1025 1536 1052 sanctum
1563 1021 1593 1052 in
1617 1021 1765 1062 baptismo

942 1064 1095 1095 Nicolaum
1123 1064 1213 1095 fuisse
1239 1065 1434 1095 nominatum.
1461 1064 1565 1096 Clarus
1585 1066 1675 1097 estin
1691 1067 1767 1098 hanc

943 1119 1004 1139 ren
1021 1109 1103 1140 locus
1120 1109 1266 1141 Pancratii
1292 1109 1322 1140 in
1348 1109 1535 1149 Panegyrico;
1550 1109 1694 1141 dicentis:
1712 1113 1765 1146 Τὴν

942 1156 1025 1191 μονὴν
1055 1157 1103 1188 τῆς
1141 1154 1340 1195 Κρυπτοψέῤῥης
1376 1154 1558 1192 ἆπαρξιμὲνω
1595 1160 1640 1184 τοῦ
1678 1156 1765 1194 μεγά-

942 1198 988 1226 λοι
1012 1199 1141 1228 Νικολάου)
1156 1205 1203 1229 τοὺ
1227 1200 1270 1228 καὶ
1291 1199 1379 1230 Νείλος
1403 1199 1538 1236 μόνοννος.
1560 1208 1574 1228 ‹
1589 1198 1662 1230 Cum
1681 1200 1767 1239 prin-

942 1242 1051 1283 cipium
1059 1243 1377 1274 dedissetmonasterio
1386 1242 1499 1283 Cryptaa
1510 1243 1635 1274 Ferrato:
1642 1253 1765 1283 magnus

942 1286 1089 1322 Nicolaus,
1108 1287 1159 1328 qui
1174 1292 1203 1318 et
1213 1287 1297 1318 Nilus
1312 1287 1420 1327 solum,
1431 1298 1444 1316 ι
1459 1287 1584 1324 scilicet,
1601 1289 1767 1328 appellatus

942 1335 999 1367 est,
1016 1331 1089 1362 Nota
1118 1332 1153 1363 13
1179 1332 1303 1369 dixerat,
1329 1331 1359 1361 in
1383 1331 1489 1361 ordine
1513 1331 1543 1363 S.
1568 1331 1681 1372 Basilii,
1699 1342 1765 1363 cum

943 1376 1074 1406 hab3tum
1096 1376 1162 1416 quis
1177 1376 1285 1413 induit,
1302 1385 1409 1406 nomen
1427 1375 1533 1406 mutari
1549 1376 1663 1413 solere;
1680 1381 1768 1417 atque

942 1420 981 1450 ita
996 1422 1026 1450 Si
1046 1420 1159 1451 Nicolai
1178 1429 1287 1451 nomen
1303 1420 1333 1451 in
1350 1419 1458 1455 Nilum,
1478 1419 1511 1451 B.
1529 1419 1628 1450 Basilii
1645 1420 1674 1451 in
1690 1421 1765 1452 Bar-

943 1465 1129 1495 tholomzeum
1140 1469 1281 1495 mutatum
1298 1463 1398 1494 fuisse.
1421 1463 1490 1500 Quae
1505 1464 1540 1494 ad
1557 1464 1763 1496 educationem

943 1509 1008 1547 ejus
1020 1516 1048 1539 ct
1065 1508 1295 1539 adolescentiam
1313 1512 1445 1538 exactam
1457 1513 1602 1548 spectant,
1620 1509 1766 1549 quapiam

943 1553 973 1582 in
990 1552 1053 1583 Vita
1067 1553 1247 1584 releruntur.
1266 1552 1467 1583 Barroniusin
1483 1553 1647 1583 Annalibus
1664 1553 1700 1584 ad
1717 1563 1769 1584 an-

943 1606 1013 1627 num
1030 1598 1140 1628 Christi
1155 1598 1225 1637 9'16,
1243 1607 1324 1628 num.
1341 1596 1371 1635 2,
1389 1596 1432 1627 sic
1447 1597 1550 1627 scribit
1565 1606 1599 1628 ex
1613 1597 1690 1628 lletii
1706 1606 1770 1628 ver-

942 1641 1037 1679 sione,
1051 1651 1138 1682 quam
1151 1651 1251 1672 secum
1265 1641 1513 1672 communicatam
1529 1641 1662 1672 dixerat:
1679 1641 1770 1672 «Fuit

943 1685 1025 1717 Nilus
1041 1687 1094 1717 iste
1118 1687 1155 1717 ah
1172 1686 1288 1724 origine
1314 1685 1558 1723 Graecaﬁossani
1583 1685 1613 1716 in
1634 1685 1770 1717 Calabria

943 1731 1060 1762 civitate
1075 1735 1173 1766 natus.
1200 1730 1335 1761 doctrina
1351 1734 1438 1770 atque
1455 1729 1562 1770 pietate
1579 1729 1714 1769 insignis,
1731 1731 1768 1761 ab

946 1775 1069 1805 infantia
1091 1775 1143 1806 Dei
1159 1775 1255 1806 cultor
1272 1775 1397 1805 eximius
1419 1780 1448 1805 et
1464 1780 1530 1814 post
1547 1774 1768 1805 matrimonium

947 1819 1036 1850 vitam
1063 1819 1254 1850 monasticam
1281 1822 1420 1849 sectatus.
1449 1831 1462 1846 »
1486 1818 1597 1849 Eadem
1618 1818 1656 1849 de
1676 1818 1771 1849 sancti

948 1863 1134 1894 matrimonio
1160 1863 1270 1894 habent
1293 1863 1399 1895 Surius
1423 1866 1452 1893 et
1475 1862 1614 1893 Bailletus
1638 1863 1673 1893 ad
1690 1863 1769 1894 hunc

947 1907 1038 1939 diem.
1056 1907 1171 1945 Nescio,
1189 1917 1225 1938 an
1242 1908 1358 1938 diversa
1380 1907 1410 1938 in
1429 1917 1463 1938 eo
1488 1907 1576 1938 fuerit
1593 1907 1675 1939 Metii
1699 1916 1770 1938 ver-

947 1952 1007 1993 sio;
1033 1958 1061 1984 at
1077 1952 1102 1983 si
1116 1953 1206 1984 habet
1222 1953 1331 1983 similia
1346 1952 1416 1989 illis,
1443 1961 1508 1992 quae
1521 1952 1551 1982 in
1566 1950 1632 1983 Vita
1656 1951 1773 1982 edenda

948 2006 1014 2036 cap.
1030 1998 1058 2034 1,
1074 2007 1154 2028 num.
1169 1997 1186 2029 3
1202 2001 1231 2028 et
1242 2007 1319 2037 seq,,
1333 2001 1501 2031 narrantur,
1515 1999 1579 2026 utut
1593 1995 1698 2026 durum
1715 1999 1772 2035 est,

948 2046 1068 2072 sanctos
1090 2044 1218 2081 gravium
1241 2050 1382 2072 noxarum
1408 2044 1564 2081 suspectos
1586 2040 1725 2078 reddere,
1749 2040 1775 2070 si

947 2085 1063 2116 veritati
1087 2086 1231 2116 litandum
1258 2090 1313 2120 est.
1340 2085 1460 2116 diffiteri
1480 2093 1539 2115 non
1563 2093 1696 2124 possum,
1714 2088 1772 2114 tam

948 2130 1051 2161 saltem
1068 2131 1191 2161 dubium
1208 2140 1284 2168 esse,
1302 2140 1338 2160 an
1351 2129 1514 2169 legitimum
1525 2129 1773 2160 fueritcommer-

948 2175 1025 2205 cium
1042 2175 1125 2212 illud,
1155 2180 1185 2205 ut
1211 2175 1331 2205 minime
1355 2178 1435 2205 certo
1457 2173 1676 2204 matrimonium
1705 2171 1774 2202 inde

948 2219 1013 2250 erui
1044 2219 1145 2260 possit.
1169 2219 1355 2250 Contrarium
1392 2227 1466 2248 sane
1503 2217 1617 2248 censuit
1653 2216 1774 2248 Gabriel

947 2263 1078 2298 Barrius,
1092 2263 1160 2294 dum
1175 2264 1226 2294 lib.
1241 2273 1255 2293 v
1269 2264 1304 2295 de
1314 2263 1506 2302 :tn/z’quitute
1519 2264 1614 2292 ctsitu
1625 2260 1776 2291 Calabriae

947 2309 984 2339 de
1006 2308 1036 2340 S.
1071 2308 1136 2339 Nilo
1171 2313 1270 2339 nostro
1306 2307 1426 2338 scribit:
1459 2316 1473 2336 cr
1511 2305 1583 2336 Inde
1613 2314 1684 2336 vero
1712 2305 1776 2344 jam

947 2353 1079 2384 exoletus
1104 2353 1247 2384 daemonis
1271 2361 1374 2393 opera,
1401 2360 1468 2381 cum
1492 2349 1608 2390 virgine
1637 2349 1775 2390 quapiam

946 2398 1117 2436 concubuit,
1136 2398 1285 2438 ﬁliamque
1298 2407 1331 2427 ex
1347 2405 1382 2427 ea
1396 2395 1538 2435 suscepit.
1556 2395 1703 2426 Caeterum
1720 2393 1776 2424 de-

945 2442 1016 2473 inde
1041 2443 1223 2482 resipiscens
1250 2452 1284 2473 ac
1313 2451 1345 2472 se
1361 2439 1522 2481 perpetrati
1539 2438 1661 2480 deliquii
1678 2438 1776 2479 poeni-

947 2491 1022 2524 tens,
1055 2487 1159 2518 mundi
1187 2487 1405 2518 oblectamenta
1432 2493 1468 2515 ac
1492 2483 1609 2515 divitias
1633 2483 1776 2514 deserere

946 2533 1060 2563 statuit.

985 2603 1016 2633 9.
1029 2602 1151 2641 Verum,
1160 2602 1235 2633 sicut
1243 2599 1466 2632 matrimonium
1476 2601 1556 2630 certo
1567 2601 1705 2629 astruere
1716 2605 1776 2627 non

947 2656 1080 2686 possum,
1097 2649 1140 2678 sic
1155 2656 1211 2678 nec
1226 2650 1283 2676 tam
1300 2645 1394 2675 crude
1410 2653 1443 2674 ac
1458 2642 1626 2674 decretorie
1637 2645 1776 2671 sanctum

946 2690 1149 2722 fornicationis
1157 2699 1282 2730 arguere
1297 2688 1407 2726 ausim;
1419 2691 1487 2718 sunt
1501 2687 1582 2718 enim
1599 2688 1777 2730 exiutraque

947 2739 1031 2774 parte
1055 2729 1206 2772 nonnulla,
1221 2743 1287 2775 quae
1309 2742 1371 2764 rem
1398 2731 1565 2770 ambiguam
1590 2729 1776 2775 relinquunt.

946 2772 984 2810 Et
995 2788 1047 2819 pro
1059 2772 1245 2810 matrimonio
1261 2777 1383 2822 quidem
1400 2776 1498 2822 facere
1513 2775 1630 2822 videtur
1644 2772 1779 2822 studiosa

948 2818 1107 2864 descriptio
1121 2824 1235 2864 puellae,
1251 2821 1409 2863 quaeinter
1423 2819 1497 2850 alias
1513 2818 1779 2864 matrimonioAnon

948 2859 1100 2908 copulatas
1115 2859 1180 2909 ejus
1193 2859 1313 2899 amores
1328 2868 1474 2905 aucupata
1487 2867 1533 2895 est
1548 2867 1577 2895 et
1591 2862 1666 2909 ﬁxit.
1693 2859 1779 2909 Quod

949 2903 1065 2945 scilicet
1097 2903 1318 2954 pulchritudine
1339 2903 1465 2941 cunctas
1487 2906 1693 2945 antecelleret,
1723 2903 1780 2937 sed
