1954 3059
173 174 211 209 15
934 180 991 212 ΑΝ4

1033 175 1111 212 ῘΥΜΙ

171 243 298 276 obscuro
313 244 378 276 loco
393 248 460 277 nata
475 249 564 278 esset.
578 244 694 277 Etenim
711 246 736 277 si
751 245 790 277 de
798 246 992 278 concubinam

171 287 306 328 illegitim
320 299 385 330 nque
400 291 579 322 commercio
597 295 708 322 tantum
725 291 876 330 agebatur,
891 300 992 331 super-

171 332 231 364 ﬂua
246 343 318 365 sane
333 334 426 365 videri
441 337 558 375 poterat
574 335 789 366 animadversio
806 336 842 366 de
857 335 991 366 obscuri—

173 381 231 408 tate
246 378 374 417 generis,
400 388 466 410 cum
479 389 539 410 non
554 380 669 411 soleant
685 380 853 420 hujusmodi
870 389 993 410 veneres

169 422 287 461 generis
316 423 448 455 claritate
477 424 647 464 splendere.
677 423 811 464 Denique
843 423 994 454 videretur

168 466 256 506 plane
270 466 311 498 ibi
328 467 551 499 matrimonium
575 477 642 500 cum
670 468 792 509 imparis
815 468 993 499 conditionis

169 519 297 550 persona
311 511 453 548 describi.
480 513 536 543 nisi
559 513 757 544 reclamarent
779 512 898 543 aliunde
924 513 991 544 alia.

168 554 250 587 Mitto
274 555 354 588 inter
377 556 428 587 illa
451 566 609 588 recensere
641 557 799 588 invectivas
823 557 992 597 expressio-

169 608 282 641 nesque
297 600 435 632 duriores
451 601 603 642 biographi
617 611 624 639 ;
642 601 708 632 novi
724 601 816 642 enim,
834 602 993 641 simplicio-

168 653 217 675 rcs
239 645 401 678 monachos
420 646 562 677 castitatis
578 647 722 677 zelatores
738 645 872 682 eximius,
897 656 992 686 quan-

169 688 267 729 doque
278 689 388 721 similia
403 690 591 721 malrimonio
607 690 754 730 licitisque
770 690 887 720 aliunde
903 700 993 721 saecu-

169 732 275 764 larium
290 733 493 775 voluptatibus
504 735 604 766 atllare
621 745 629 771 ;
643 735 805 765 solasancti
819 736 894 774 fuga,
909 739 993 774 prout

170 785 188 806 a
202 775 364 818 biographo
371 778 560 816 describitur,
577 779 694 819 sufﬁcit,
714 783 744 809 ut
755 779 895 809 mihirem
904 784 992 810 totam

169 820 288 852 dubiam
303 822 419 853 reddat.
438 822 473 853 Et
495 833 579 859 sane,
603 823 628 854 si
644 823 810 863 legizimum
837 824 991 854 matrimo-

169 865 250 895 nium
267 865 332 904 fuit,
349 875 407 897 non
424 867 532 898 licebat
548 867 578 900 S.
605 867 683 905 Nilo,
700 867 804 898 relicta
829 872 992 908 comparte,

168 908 273 948 fugere
288 915 318 941 et
343 911 547 942 monachalem
571 911 657 942 vitam
682 912 831 952 amplecti,
859 912 909 943 illa
935 922 993 942 non

168 955 389 986 consentiente.
425 956 620 987 Consensisse
654 960 764 993 autem,
800 956 845 987 vcl
879 966 895 987 e
923 957 994 987 vivis

162 998 227 1037 jam
254 1000 430 1037 excessis~e,
449 1000 527 1041 quod
553 1000 731 1038 decretorie,
759 1001 824 1032 sine
850 1005 923 1032 teste
949 1006 990 1031 la-

170 1051 249 1080 men,
280 1044 388 1075 asserit
425 1044 579 1083 Bailletus,
621 1045 695 1075 nihil
732 1045 855 1077 omnino
888 1047 992 1076 suadet

167 1086 302 1126 aedere,
318 1088 377 1118 imo
392 1088 490 1129 potius
501 1089 682 1120 contrarium
699 1089 845 1120 innuitur.

208 1130 256 1162 tO.
274 1131 366 1171 lgitur
379 1141 428 1163 res
446 1132 475 1163 in
502 1133 640 1173 ambiguo
660 1133 711 1164 sit:
726 1133 859 1173 quamvis
871 1134 991 1165 ditiiteri

167 1183 224 1205 non
236 1175 348 1216 possim
366 1178 508 1218 majorem
525 1187 621 1208 meam
639 1187 706 1208 esse
716 1178 753 1208 de
766 1188 824 1209 non
842 1179 992 1209 matrimo-

165 1218 215 1250 nio
230 1220 445 1262 suscipionem.
462 1221 545 1253 Nunc
560 1231 654 1264 pauca
673 1227 831 1263 supersunt
852 1223 889 1254 de
903 1223 990 1254 insti-

1824 177 1863 212 16

1038 249 1098 277 tuta
1112 256 1129 277 a
1144 245 1175 278 S.
1199 245 1264 277 Nilo
1287 247 1602 287 Cryptze-Ferratensis
1624 246 1752 284 abbatia,
1775 247 1861 286 cujus

1035 290 1120 322 initia
1143 295 1172 322 et
1195 290 1411 330 fundationem,
1437 296 1469 322 ut
1489 292 1553 331 jam
1583 291 1720 332 superius
1745 291 1860 330 monui,

1035 335 1153 375 quidam
1184 335 1279 366 serius
1301 335 1404 375 ﬁgunt.
1433 335 1537 369 Pauca.
1562 335 1695 376 inquam,
1719 335 1860 376 quoniam

1034 380 1167 420 quisquis
1192 379 1264 410 Vita:
1285 380 1408 410 edenda:
1433 379 1488 410 tria
1513 380 1616 410 ultima
1641 380 1736 420 capita
1760 383 1858 410 alten-

1034 424 1091 454 tius
1120 424 1289 464 perlegerit,
1317 424 1551 456 luculentissime
1577 425 1746 465 perspiciet,
1784 424 1808 455 si
1825 425 1859 454 Β.

1035 469 1246 499 Βειιιιιιοιοῐηωο
1262 468 1452 500 celeberrimi
1469 469 1641 499 monasterii
1658 468 1799 508 perfectio
1810 467 1862 498 de-

1036 513 1148 548 beatur.
1162 517 1262 544 sancto
1273 517 1355 544 certe
1371 517 1471 544 nostro
1489 513 1666 553 principium
1682 513 1746 552 ejus
1761 512 1856 543 ascri-

1037 557 1165 588 bendum
1196 566 1261 588 esse
1302 557 1439 589 Testatur
1460 558 1488 588 id
1514 558 1637 597 insuper
1661 557 1860 597 apertissimis

1035 601 1132 632 verbis
1156 601 1327 632 Pancratius
1348 611 1437 641 supra
1454 611 1536 633 num.
1553 602 1572 633 8
1587 601 1720 631 laudatus
1736 601 1860 642 ipseque

1036 648 1057 677 Β
1100 646 1331 677 Bartliolomzeus
1365 646 1395 676 in
1431 645 1541 686 Typico
1578 655 1644 682 suo,
1680 646 1756 686 quod
1790 646 1862 676 citat

1034 690 1246 722 Sciommarius
1272 690 1346 721 Nola
1361 691 1411 722 18.
1426 689 1468 721 lbi
1492 691 1534 720 sic
1551 690 1657 729 legitur
1680 690 1728 720 die
1744 690 1782 721 25
1803 689 1860 721 Se-

1035 734 1197 775 ptembris:
1227 741 1274 763 Δεῖ
1303 736 1452 774 γινώσκειν,
1471 734 1510 762 ὅτι
1541 734 1631 768 ἐπειδὴ
1663 735 1699 766 εἰς
1727 736 1776 769 τήν
1803 728 1863 771 κζ’

1035 779 1205 817 ἐπιτελοῦμεν
1228 781 1278 812 τήν
1298 784 1343 808 τοῦ
1367 779 1584 818 πρωτοκτήτορος
1611 782 1660 812 τῆς
1686 782 1769 817 μ’νιῆς
1787 779 1859 815 μνή-

1035 836 1087 862 μην
1112 825 1212 863 lingit:
1240 824 1316 861 ἡμῶν
1347 823 1448 854 Νείλου.
1477 835 1489 850 ε
1517 822 1676 854 Sciendum
1701 826 1755 859 est,
1778 822 1859 863 quod

1035 867 1074 900 26
1098 867 1147 898 die
1172 867 1356 898 celebremus
1384 867 1555 897 memoriam
1582 866 1668 907 primi
1693 866 1859 897 fundatoris

1037 911 1220 948 monasterii,
1247 911 1340 942 Patris
1362 911 1455 942 nostri
1481 910 1551 942 Nili.
1583 923 1594 938 ι
1620 911 1714 951 Atque
1735 911 1797 941 hzec
1821 910 1858 940 ad

1035 956 1240 987 stabiliendam
1270 955 1401 992 Baronii,
1428 955 1556 995 primum
1583 954 1720 986 abbatem
1742 956 1860 995 Crypta:

1035 1001 1161 1032 Ferrato:
1177 1005 1309 1031 sanctum
1333 1004 1465 1030 nostrum
1489 999 1677 1040 appellantis,
1701 999 1860 1030 annuntia-

1035 1045 1145 1076 tionem
1161 1044 1322 1075 Sufﬁciunt.
1340 1046 1484 1074 Caeterum
1511 1053 1546 1074 ex
1563 1043 1775 1081 monumentis,
1792 1052 1859 1083 qua

1032 1090 1063 1120 in
1079 1089 1158 1120 Latio
1174 1099 1227 1120 Suo
1245 1098 1309 1128 cap.
1337 1091 1366 1119 2.
1404 1098 1470 1128 pag.
1497 1088 1546 1124 61,
1564 1087 1669 1127 allegat
1683 1087 1857 1126 Kircherus,

1032 1134 1150 1165 videtur
1166 1133 1342 1164 mulieribus
1357 1143 1413 1163 nm
1431 1137 1531 1172 patere
1547 1141 1684 1162 accessus
1700 1132 1734 1162 ad
1753 1132 1854 1172 capel-

1034 1178 1103 1218 lam,
1112 1178 1162 1209 ubi
1171 1176 1299 1208 S.Niliet
1311 1179 1342 1208 B.
1357 1176 1564 1207 Bartliolomzei
1576 1184 1700 1216 corpora
1711 1175 1860 1216 hodieque

1033 1221 1168 1263 deposita
1184 1226 1252 1253 sunt
1266 1225 1294 1252 et
1308 1229 1425 1252 summa
1440 1220 1630 1252 veneratione
1647 1220 1796 1251 coluntur.

568 1403 771 1468 ΒΙΟΣ
823 1404 974 1469 ΚΑΙ
1028 1399 1463 1470 ΠΟΛΙΤΕΙΑ

784 1535 847 1559 ΤΟΥ
870 1535 968 1560 ΟΣΙΟΥ
991 1535 1048 1561 ΚΑΙ
1072 1534 1246 1561 ΘΕΟΦΟΡΟΥ

287 1630 760 1715 ΠΑΤΡΟΣ
845 1633 1181 1717 ΗΜΩΝ
1273 1628 1745 1714 ΝΕΙΔΟΥ

647 1853 790 1910 Vl'l‘A
835 1854 912 1911 ET
954 1852 1374 1913 CONVERSATIO

823 1963 960 1995 SANCTI
983 1963 1032 1996 ET
1054 1964 1210 1996 DEIFERI

442 2058 828 2171 PATRIS
895 2061 1289 2173 NOSTBI
1354 2059 1580 2172 NILI

243 2229 380 2259 Auctore
394 2226 497 2258 Sancti
523 2227 689 2268 discipulo,
708 2227 786 2260 forte
810 2228 844 2268 B,
861 2228 1087 2262 Bartholomaeo
1102 2239 1110 2270 ;
1127 2229 1248 2262 editore
1264 2231 1296 2261 et
1314 2228 1485 2269 interprete
1499 2229 1618 2260 Joanne
1633 2226 1779 2260 Matthaeo

699 2281 895 2323 Caryophilo,
913 2282 1156 2324 archiepiscopo
1171 2281 1338 2314 Iconiensi.

929 2438 1055 2470 CAPUT
1078 2439 1102 2470 Ι.

166 2503 320 2534 Nascitur
332 2502 365 2535 S.
384 2502 488 2544 Nilus,
505 2503 719 2544 peipara'que
733 2503 882 2543 offertur.
900 2503 1055 2543 Magnum
1068 2505 1106 2534 in
1121 2504 1194 2544 ipsa
1208 2501 1422 2544 adolescentia
1438 2501 1476 2531 in
1488 2498 1666 2544 uirtutibus
1679 2502 1709 2531 et
1719 2498 1861 2544 scientiis

162 2552 370 2584 progresz
387 2539 487 2582 facit.
504 2539 606 2574 Var-iis
633 2539 813 2574 a'dwmone
839 2539 1070 2576 tmtati'on'ibus
1082 2539 1266 2584 appetitur,
1286 2542 1387 2582 iisque
1406 2541 1583 2582 superatis,
1604 2540 1642 2580 ﬁt
1664 2539 1858 2571 monachus.

205 2612 233 2641 t.
250 2608 350 2641 Gratia
366 2608 482 2639 Domini
500 2608 594 2638 nostri
607 2607 678 2639 Jesu
695 2609 805 2640 Christi
821 2615 851 2640 et
863 2609 991 2640 charitas

1074 2605 1112 2640 α’.
1130 2604 1162 2638 Ἠ
1179 2609 1258 2650 χάρις
1273 2614 1319 2639 τοῦ
1343 2609 1435 2649 Κυρίου
1458 2609 1536 2646 ἡμῶν
1561 2603 1648 2642 ἰησοῠ
1672 2611 1794 2647 Χριστοῦ,
1811 2606 1855 2634 ιιιῖ

162 2652 492 2687 Deietcommunicatio
501 2652 733 2693 sanctiSpiri-us
747 2653 870 2693 (bonum
883 2654 991 2694 quippe

1033 2655 1049 2689 ἦ
1070 2655 1161 2694 ἀγάπη
1187 2659 1232 2684 τοῦ
1257 2658 1322 2683 Θεοῦ
1345 2654 1389 2682 καὶ
1413 2655 1528 2693 Πιτρὸς,
1553 2654 1597 2681 καὶ
1623 2654 1640 2686 ἠ
1666 2651 1789 2680 κοινωνία
1814 2655 1861 2680 τοῦ

163 2704 208 2730 est
228 2702 258 2730 et
283 2697 376 2729 ordiri
396 2706 414 2728 a
427 2697 489 2728 Deo
506 2702 535 2728 et
550 2697 579 2727 in
596 2697 688 2728 Deum
705 2697 852 2732 desineret
868 2699 907 2729 sit
923 2707 989 2730 cum

1033 2700 1107 2739 ἁγίου
1131 2700 1285 2737 Πνεύματος
1309 2698 1402 2738 (κκλὸν
1427 2699 1477 2738 γὰρ
1504 2698 1534 2726 ἐκ
1559 2702 1624 2727 Θεοῦ
1648 2696 1788 2737 ἄρχεσθπι,
1817 2695 1861 2723 καὶ

162 2743 300 2774 omnibus
310 2742 442 2774 studiose
453 2741 645 2773 audientibus
656 2746 757 2772 etcum
771 2743 916 2774 tenuitate
924 2752 991 2774 mea

1033 2754 1069 2775 εις
1097 2745 1162 2773 Θεὸν
1189 2742 1362 2783 καταλήγειν)
1385 2742 1432 2777 εἴη
1457 2743 1524 2781 μετὰ
1547 2742 1653 2770 πάντων
1677 2744 1729 2769 τῶν
1745 2739 1860 2781 φιλοπό-

162 2787 330 2828 mentisque
338 2790 525 2828 paupertate.
535 2786 734 2826 quiautlacter
748 2787 903 2818 historiam
919 2786 991 2818 Vita:

1038 2799 1089 2820 νως
1111 2788 1297 2829 ἀκροωμένων,
1327 2788 1371 2816 καὶ
1400 2788 1467 2826 μετὰ
1493 2790 1543 2821 τῆς
1569 2787 1637 2824 ὶμῆς
1661 2785 1791 2816 εὐτελείας
1816 2783 1860 2811 καὶ

161 2831 255 2863 sancti
270 2827 364 2862 Patris
390 2831 484 2862 nostri
511 2830 710 2871 Nilijunioris
726 2840 791 2862 sum
808 2835 991 2862 narraturus.

1037 2827 1206 2873 mulovotac
1242 2837 1289 2863 τοῦ
1332 2831 1475 2871 μέλλοντος
1516 2831 1658 2871 τολμηρῶς
1696 2827 1860 2868 διαγγέλλειν

160 2875 226 2908 Non
242 2876 321 2908 enim
339 2885 394 2917 per
408 2875 574 2914 hominem,
591 2876 636 2907 vel
653 2880 828 2916 suggerente
845 2881 874 2907 et
889 2876 991 2908 adhor-

1037 2877 1096 2918 περὶ
1118 2882 1166 2908 τοῦ
1193 2877 1250 2916 βίου
1276 2881 1323 2907 τοῦ
1350 2877 1421 2906 ὁσίου
1453 2877 1556 2916 Hispo:
1588 2877 1668 2914 ἡμῶν
1696 2873 1789 2904 Νείλου
1815 2876 1862 2902 τοῦ
