1954 3059
127 134 162 169 31

888 138 1069 172 ΑΝΟΝΥΜῙ

1782 137 1821 173 32

125 201 326 248 ambulabam,
342 203 565 236 absconderant
579 204 718 246 laqueum
727 204 841 237 mihi...
855 204 924 244 »(1Ξ

1017 206 1074 247 άχη
1090 206 1158 235 ἐπὶν
1173 207 1240 236 κατὰ
1253 207 1283 236 τό
1301 215 1309 224 ⁸
1329 219 1342 236 ι
1360 206 1404 237 Ἐν
1420 206 1472 245 ὀδῷ
1493 209 1575 247 ταῦτῃ
1598 210 1616 248 ᾗ
1639 208 1815 248 sarcias-Seium,

127 246 185 278 Sed
196 249 358 289 respondet
370 249 609 291 amentiaraptus
625 254 654 281 et
667 250 725 282 ait:
742 250 874 288 Recede,
892 259 954 280 mo-

125 292 233 331 nache;
249 295 313 325 vita
329 303 403 326 meae
417 293 482 325 dies
497 295 569 325 anni
582 294 689 326 decem
713 298 793 326 sunt.
818 295 873 326 Per
886 297 952 325 octo

125 345 220 367 annos
232 338 356 378 explebo
371 339 478 370 animm
507 349 583 370 mea;
607 339 758 370 desideria
772 343 801 370 et
814 339 951 370 inimicos

126 382 290 413 meosmilii
305 383 475 424 subjiciam,
495 384 570 414 sicut
585 384 651 416 volo
663 393 734 423 ego:
752 383 868 414 duobus
883 392 952 414 vero

124 425 210 469 annis
230 427 438 466 paenitentiam
463 437 549 468 agam
565 432 594 460 et
610 429 736 469 recipiet
752 438 799 459 me
814 428 904 465 Deus,
921 432 953 458 ut

123 468 194 500 olim
211 476 400 503 meretricem
417 476 446 503 et
461 473 604 504 latronem
619 473 645 505 9.
664 473 748 504 Tunc
763 472 854 504 abbas
868 472 952 504 Nilus

122 519 225 558 sancto
241 516 356 547 adlatus
372 516 495 557 Spiritu,
514 517 772 558 respondensilli,
797 517 855 548 ait:
874 517 951 548 Cave

121 557 188 602 tibi,
214 560 330 592 miselle
350 562 461 593 homo:
486 557 693 598 nam’decem,
716 570 790 602 quos
812 565 840 592 te
865 568 950 601 putas

120 601 270 647 victurum
285 615 379 637 annos
399 610 429 637 et
451 606 559 637 animm
583 601 733 638 desideria
748 606 948 647 expleturum,

121 645 228 678 decem
241 648 306 680 dies
317 654 430 681 tantum
447 655 526 682 sunt.
545 651 710 683 Nefallaris
727 645 809 691 ergo,
826 649 950 681 somniis

123 691 400 736 etdivinationibus
425 699 454 726 te
476 695 573 736 ipsum
599 695 767 736 decipiens.
796 696 866 726 Haec
882 703 948 725 cum

121 735 216 767 animi
228 737 363 785 libertate
377 740 413 771 ad
431 735 498 771 eum
514 741 590 771 fatus
606 741 636 772 in
663 735 878 771 monasterium
903 748 949 770 re-
960 755 982 785 Β

121 788 239 825 versus,
265 783 431 824 hegumeno
453 785 574 825 quidem
599 785 792 823 renuntiavit,
821 785 949 815 futuram

122 824 206 857 brevi
219 828 329 867 perditi
338 824 470 860 hominis
485 834 622 862 mortem.
639 830 676 861 At
692 829 826 860 insolens
842 828 893 859 ille
906 828 951 859 vir

993 250 1106 291 ἔκρυψαν
1122 251 1218 291 παγίδα
1249 264 1305 290 pm.
1324 265 1338 281 ι
1365 256 1404 291 Τῇ
1549 253 1617 282 ἀλλὰ
1647 253 1814 292 ἀποκρίνεται

993 296 1060 332 μετὰ
1089 296 1224 333 ἀπονοίας,
1253 298 1297 325 καὶ
1322 299 1399 338 φησέν
1417 307 1424 314 '
1440 287 1539 336 ἰ’παγε
1572 298 1718 337 χαλόγηρε,
1753 297 1815 325 δέκα

992 339 1039 373 Em
1053 341 1215 381 ὑπάρχουσιν
1244 343 1269 370 αἱ
1295 342 1391 381 ἡμέραι
1420 354 1470 380 μου
1486 351 1493 358 ⁸
1511 343 1536 370 ἐν
1565 349 1624 374 τοῖς
1652 343 1723 370 ὀκτὼ
1745 341 1813 369 ἔτεσι

993 384 1127 424 πλτιρώσω
1145 386 1178 413 τὶι
1204 388 1253 419 τῆς
1279 389 1370 427 ψυχῆς
1401 398 1450 424 μου
1478 386 1674 426 ἐπιθυμὴματα1
1690 387 1733 414 καὶ
1754 387 1815 418 τοὺς

993 429 1177 469 ἐχθραίνοντάς
1203 441 1246 468 μοι
1267 431 1399 471 imo-tiam,
1425 433 1461 463 ὡς
1486 431 1553 460 Θέλω
1580 431 1633 470 ἐγώ
1649 439 1656 447 '
1674 432 1710 462 εἷς
1735 430 1761 458 δὲ
1782 431 1815 458 τὰ

992 472 1036 501 δύο
1061 473 1108 507 ἔτη
1138 478 1266 515 μετονοὼ,
1303 477 1346 504 καὶ
1383 475 1557 515 προσδέχεταί
1585 487 1617 513 με
1644 477 1658 503 ὁ
1685 477 1749 506 Θεὸς
1778 476 1815 506 ὡς

992 518 1040 551 τὴν
1067 518 1166 557 πόρνην
1188 520 1231 547 καὶ
1258 521 1303 547 τὶν
1332 519 1447 557 λῃστήν.
1477 520 1541 549 Τότε
1569 521 1583 548 ὁ
1611 519 1692 551 ἆὲὅᾶς
1717 519 1813 551 Νεῖλος

991 563 1041 591 ὒπὸ
1069 568 1114 592 ταῦ
1150 563 1223 602 ἁγίου
1263 565 1413 602 Ilva-Juxta;
1451 564 1615 602 ὲμπνευσθεὶς
1648 565 1814 604 ἀποκρίνεται

992 608 1074 645 αὖτῷ,
1098 608 1142 635 καὶ
1163 609 1261 647 φησίν·
1280 609 1398 649 Πρόσεχε
1424 613 1535 649 σεαυτῷ,
1563 609 1669 636 ταπεινὲ
1684 609 1813 648 ἄνθρωπε·

992 650 1008 678 ἂ
1036 651 1085 690 γάρ
1112 651 1224 687 ἐλπίζεις
1252 651 1313 680 δέκα
1339 653 1385 686 ἔτη
1414 654 1520 693 βιῶσαι,
1550 654 1593 681 καὶ
1621 654 1654 681 τὰ
1677 653 1814 690 Θελήματα

991 697 1040 728 τῆς
1070 697 1161 735 ψυχῆς
1190 707 1236 726 σο)
1263 697 1403 737 πληρῶσαι
1436 697 1498 726 δέκα
1529 698 1624 737 ἡμέραι
1652 698 1812 737 τυγχάνωσι

993 739 1081 776 μόναι.
1106 741 1150 774 Μὴ
1173 741 1257 769 τοίνυν
1284 741 1388 781 πλανῶ⁷
1419 741 1445 770 ἓν
1472 742 1580 782 ὀνείροις
1608 742 1651 770 καὶ
1680 742 1814 779 μαντείαις

992 785 1099 813 σεαυτὸν
1127 784 1247 817 ἀπατῶν,
1281 791 1366 815 Ταῦτι
1401 787 1467 824 μετα
1496 786 1640 825 πιῤῥητιίας
1669 787 1734 825 πρὸς
1763 787 1813 815 αὖ·

992 829 1036 856 τὸν
1066 829 1189 869 εἰρηκὼς,
1219 831 1262 858 καὶ
1289 831 1453 869 ὑποστρέψας
1483 830 1508 858 ἐν
1533 834 1567 868 τῇ
1590 833 1668 869 μονῇ,
1698 833 1736 866 τῷ
1766 830 1813 867 μὲν

123 870 230 910 frigida
250 873 406 914 calidaque
428 874 503 905 febri
529 874 626 905 statim
651 878 818 914 correptus,
831 872 924 913 jaceb.

1017 873 1132 911 γουμένῴ
1168 874 1315 913 ἀπήγγειλε
1351 875 1399 905 τὴν
1437 876 1567 914 ταγιῖστην
1606 874 1740 902 ἀπώλειαν
1767 879 1813 902 tofi

123 924 176 956 per
198 916 262 948 dies
289 927 397 950 novem
420 919 603 959 gravissimis
626 919 754 950 afﬂictus
781 917 948 949 doloribus:

161 968 178 995 9
190 971 252 1001 .los.
273 981 310 1012 vi,
328 973 388 1009 25;
405 972 498 1004 Hebr.
514 981 554 1011 vr,
572 972 606 1003 31
626 984 634 1010 ;
650 972 722 1003 Luc.
740 980 824 1012 xxtii,
843 971 894 1002 43.

995 916 1088 950 δεινοῦ,
1117 913 1174 947 t03::
1199 917 1310 958 σοϐαρὸς
1337 918 1438 951 ἐκεῖνος
1466 919 1531 958 ἀνὴρ
1553 919 1617 958 ῥίγει
1641 919 1685 947 καὶ
1710 922 1813 958 πυρετῷ

804 1023 931 1056 Joannis
951 1023 1016 1056 Clei
1033 1026 1125 1056 noue.

138 1106 144 1111 .
158 1070 215 1105 (12)
227 1071 296 1111 Quae
303 1071 350 1100 hic
358 1071 556 1111 desiderantur
563 1079 621 1101 non
631 1079 720 1108 pauca
729 1079 763 1100 ex
769 1071 863 1111 Sirleti
879 1077 939 1099 ver-

121 1107 389 1143 sionesupplemus;
403 1118 414 1134 α
424 1109 458 1137 At
467 1108 561 1137 divina
569 1115 622 1143 ope
631 1107 826 1136 communitus
836 1113 939 1142 acpro-

120 1142 181 1180 pria
189 1142 334 1180 alacritate
344 1149 523 1176 concertans,
543 1142 604 1172 haec
622 1150 714 1180 usque
732 1143 766 1171 ad
774 1148 938 1180 extremum

119 1178 183 1219 vius
192 1179 331 1219 spiritum
342 1180 529 1219 immobiliter
538 1178 675 1219 servavit:
687 1179 757 1208 Cum
771 1179 857 1219 igiiuf
867 1185 938 1219 qua:

120 1213 250 1250 draginta
265 1215 326 1243 dies
340 1215 370 1243 in
385 1216 476 1244 sancti
493 1216 546 1244 hac
565 1215 661 1251 magni
678 1213 811 1251 martyris
826 1213 937 1243 Naiarii

119 1251 294 1286 monasterio
309 1256 499 1286 permaneret,
515 1251 564 1280 ubi
574 1255 600 1280 et
615 1250 745 1280 sanctum
764 1250 891 1278 habitum
907 1256 938 1277 se

119 1285 222 1326 induit,
238 1293 295 1326 per
311 1285 385 1326 totos
415 1287 468 1315 bos
494 1287 565 1326 dies
582 1294 678 1326 neque
704 1293 816 1326 partem,
844 1291 938 1326 neque

119 1321 217 1357 vinum
234 1322 366 1356 gustavit,
382 1329 476 1357 neque
489 1322 567 1351 aliud
590 1321 636 1350 ex’
650 1323 695 1350 his
711 1329 774 1357 quae
794 1321 854 1357 igni
869 1327 939 1357 con-

119 1354 256 1385 ﬁciuntur
271 1365 280 1392 ;
297 1358 347 1385 sed
371 1354 480 1387 vivebat
504 1358 640 1386 arborum
670 1354 820 1385 fructibiis'
831 1360 858 1392 et
879 1355 940 1392 ole-

119 1392 201 1420 ribus
216 1391 379 1421 contentus.
409 1393 525 1422 Multum
555 1397 650 1422 autem
675 1393 717 1421 illi
737 1393 792 1421 hoc
814 1391 850 1420 ad
867 1391 939 1420 male

119 1427 285 1462 patiendum
307 1428 367 1461 fuit,
399 1429 508 1458 homini
537 1436 551 1457 a
582 1428 715 1457 deliciosa
741 1428 795 1457 vita
824 1432 939 1463 repente

117 1463 152 1491 ad
167 1468 311 1492 austeram
336 1464 411 1492 hanc
429 1464 543 1493 vivendi
567 1464 687 1492 formam
712 1463 859 1493 translato.
884 1463 936 1491 Ne<

118 1499 266 1539 queenim
283 1499 390 1539 desidia
417 1500 602 1539 abstinentize
617 1500 729 1539 pondus
753 1499 934 1539 levabat,_aut

118 1534 331 1574 inultosomno
352 1536 452 1574 otium
468 1534 660 1574 transigebat:
675 1535 726 1564 sed
753 1539 841 1564 totum
857 1534 932 1574 diem

117 1570 147 1598 in
176 1571 295 1606 pulchre
323 1571 473 1601 scribente
502 1570 676 1605 conterebat,
705 1575 735 1600 ut
759 1570 933 1599 monasterio

117 1613 257 1635 manuum
274 1614 392 1636 suarum
413 1611 630 1636 monumentum
648 1606 811 1642 reliqueret,
827 1613 932 1641 neque,

117 1642 192 1678 quod
208 1642 316 1671 otiosus
332 1650 434 1678 panem
463 1643 658 1675 manducaret,
683 1642 923 1678 condemnaretur

116 1677 234 1719 Noctem
249 1676 347 1719 autem
362 1679 391 1707 in
408 1680 548 1719 oratione,
565 1678 682 1719 psalmis
708 1683 735 1707 et
749 1678 869 1719 genibus
883 1676 935 1718 ﬂe-

117 1713 228 1742 ctendis
242 1713 374 1747 ducebat,
389 1715 481 1744 tribus
510 1715 714 1743 certaminibns
737 1713 789 1742 sibi
805 1713 934 1748 proposi-

116 1748 153 1785 tis
170 1749 295 1778 trinitate
323 1750 443 1783 munito,
468 1750 575 1785 duplici
599 1750 783 1780 continentia,
806 1749 934 1782 corporis

117 1784 216 1825 labore
236 1789 264 1825 et
285 1785 449 1825 afflictione,
478 1784 541 1814 cum
571 1785 677 1825 vigiliis
701 1788 823 1825 peracta.
849 1786 935 1825 etne

117 1820 183 1854 quis
212 1821 366 1854 existimet,
387 1819 466 1850 initia
490 1819 679 1850 certaminum
703 1819 869 1856 huiusmodi
885 1827 936 1856 ex:

116 1856 232 1887 stitisse.
249 1856 322 1884 ﬁnes
335 1861 429 1886 autem
455 1858 551 1885 minus
576 1856 694 1885 feliciter
722 1855 869 1891 peractos:
886 1855 937 1883 sed

115 1892 357 1929 quemadmodum
383 1893 560 1929 principium
598 1892 797 1929 approbatum,
842 1891 879 1919 ita
909 1895 936 1919 et

115 1932 291 1990 postremum
308 1928 363 1956 Deo
378 1928 429 1957 fuit
452 1928 610 1963 acceptum.
641 1928 819 1957 Manifestum
842 1931 937 1955 autem

138 1970 172 1990 oc
188 1963 305 1990 eritDei
330 1965 419 1990 gratia
444 1964 598 1990 adiuvante
618 1969 645 1990 et
668 1964 797 1990 oratione
821 1970 935 1990 nroare-

138 1970 172 2000 oc
188 1963 419 2000 eritrDeiigratia
444 1964 598 2000 adiuvante
618 1969 645 1992 ct
668 1964 797 2000 oratione
816 1970 935 2000 progre-

117 1998 224 2026 diente.
240 1998 368 2033 Quodam
384 2000 430 2028 die
443 1998 510 2028 adiit
524 2000 606 2028 illum
620 2006 654 2027 ex
680 1999 868 2028 familiaribus
885 2006 934 2027 ve—

116 2034 226 2072 teribu_s
249 2034 377 2072 quidam,
406 2036 455 2072 qui
481 2042 547 2064 cum
577 2035 721 2064 laudasset
747 2041 933 2072 eum,_que_m

116 2077 183 2104 erga
197 2070 287 2107 Deum
310 2070 423 2099 bonum
446 2071 575 2100 animum
600 2078 659 2107 pra:
685 2078 716 2099 se
728 2071 803 2102 tulit.
819 2070 933 2107 dumin

117 2105 225 2134 mundo
254 2106 341 2143 vitam
378 2107 501 2143 degeret,
535 2111 568 2143 et
591 2105 748 2143 rursusdin
779 2106 934 2143 monastica

116 2142 349 2176 conservatione;
382 2141 506 2178 cumque
534 2142 649 2171 beatum
682 2141 936 2178 illumpraelica-

980 1077 1050 1099 meae
1072 1072 1176 1100 animae
1199 1071 1301 1100 salute.
1329 1071 1437 1105 Quibus
1462 1071 1553 1104 dictis,
1581 1071 1712 1100 discessit
1729 1076 1802 1101 atto-

979 1106 1057 1143 nitus
1071 1111 1157 1143 atque
1171 1107 1297 1136 hominis
1313 1108 1356 1136 vir
1370 1113 1446 1136 utem
1462 1108 1620 1139 admirans.
1638 1108 1672 1136 At
1688 1113 1804 1137 sanctus

979 1141 1072 1174 Nilus,
1100 1141 1166 1170 c'um
1196 1143 1326 1178 petiisset
1350 1151 1364 1172 a
1397 1143 1561 1172 monasterii
1590 1143 1707 1172 cellario
1732 1151 1807 1173 unus

982 1178 1098 1211 pecudis
1113 1178 1227 1213 pellem,
1253 1179 1327 1207 hanc
1352 1179 1483 1207 manibus
1506 1179 1677 1210 conﬁciens.
1702 1186 1735 1207 ac
1757 1180 1807 1208 be-

981 1213 1190 1242 nedictionibus
1217 1215 1323 1242 variam
1347 1221 1492 1242 exornans
1515 1215 1574 1243 suis
1597 1215 1725 1243 humeris
1752 1216 1807 1244 im-

980 1249 1083 1283 posuit,
1107 1256 1204 1277 secum
1228 1250 1357 1285 cogitans
1380 1257 1446 1278 eum
1469 1250 1518 1285 qui
1547 1249 1629 1281 dixit,
1650 1261 1661 1276 ι
1677 1249 1798 1279 Circuie-

980 1285 1219 1326 runtin_melotis
1235 1288 1263 1314 et
1277 1286 1400 1326 peltibus
1413 1286 1562 1326 caprinis.
1585 1295 1596 1310 ι
1617 1285 1801 1326 Propositum

980 1324 1075 1349 autem
1099 1319 1151 1349 hoc
1178 1319 1334 1349 unum’illi
1361 1325 1432 1355 erat,
1458 1319 1544 1350 vitam
1565 1319 1749 1355 apostolicam
1773 1327 1804 1352 et

980 1355 1071 1384 zelum
1087 1356 1286 1392 propheticum
1310 1357 1340 1385 in
1365 1356 1454 1392 animi
1479 1356 1732 1392 promptitudinem
1749 1365 1798 1386 su.

980 1391 1100 1428 scipere,
1126 1396 1210 1428 atque
1233 1391 1269 1420 ad
1292 1391 1358 1421 illos
1381 1391 1496 1421 assidue
1522 1391 1678 1428 aspiciens,
1695 1401 1727 1421 ex
1744 1394 1801 1422 illis

981 1426 1118 1456 formabat
1141 1426 1306 1456 interiorem
1331 1432 1415 1464 atque
1436 1426 1606 1457 exteriorem
1631 1428 1801 1458 hominem:

981 1468 1065 1497 caput
1085 1464 1248 1498 inopertum
1271 1463 1410 1495 habebat;
1432 1463 1512 1499 juxta
1538 1464 1665 1499 Apostoli
1692 1471 1799 1499 praece-

982 1503 1069 1532 ptum,
1085 1506 1142 1527 una
1159 1506 1224 1528 vero
1246 1499 1342 1528 tunica
1368 1506 1452 1528 omne
1477 1504 1590 1534 tempus
1615 1499 1797 1534 induebatur,

978 1534 1174 1570 evangelicum
1209 1534 1316 1563 dictum
1355 1542 1490 1570 sequens,
1529 1535 1671 1571 pedesque
1706 1536 1799 1565 nudos

975 1575 1274 1607 gerensspropterea,
1301 1571 1378 1606 quod
1403 1571 1439 1607 ita
1461 1579 1476 1599 a
1493 1572 1630 1607 propheta
1651 1577 1796 1601 suntcum

975 1606 1164 1642 admiratione
1180 1605 1343 1642 huiusmodi
1369 1605 1453 1642 pedes
1478 1605 1635 1641 apprObati.
1662 1607 1798 1640 Quamvis

976 1640 1011 1668 ab
1027 1641 1190 1677 huiusmodi
1216 1640 1470 1678 laboribus‘atque
1494 1640 1696 1678 amictionibus
1712 1647 1803 1672 exire-

977 1683 1030 1705 mae
1056 1679 1210 1706 senectutis
1238 1677 1388 1707 inﬁrmitas
1411 1677 1495 1713 atque
1511 1677 1688 1707 imbecillitas
1716 1678 1798 1708 illum

975 1713 1089 1744 amovit,
1101 1718 1202 1750 tamen
1219 1714 1254 1742 ab
1269 1714 1357 1742 animi
1381 1713 1535 1750 virtutibus
1554 1720 1588 1741 ne
1604 1721 1664 1748 ipsa
1681 1715 1797 1750 quidem

978 1755 1054 1785 mors
1082 1749 1248 1781 absterruit,
1273 1749 1428 1785 quominus
1453 1750 1482 1777 in
1510 1748 1564 1777 illis
1590 1748 1698 1784 primas
1723 1750 1804 1784 prin-

976 1784 1100 1820 cipatum
1117 1784 1244 1817 haberet,
1260 1784 1353 1820 neque
1368 1785 1444 1813 illius
1462 1784 1627 1813 memeriam
1644 1785 1729 1814 futuri
1747 1786 1799 1814 aevi

977 1819 1084 1856 delevit
1094 1820 1211 1852 oblivio.
1228 1820 1368 1855 siquidem
1396 1821 1475 1856 iuxta
1498 1820 1668 1856 Apostolum
1684 1825 1803 1851 manent

978 1856 1039 1884 haec
1051 1855 1114 1888 tria,
1131 1863 1207 1891 spes,
1223 1856 1292 1884 fides
1311 1861 1340 1885 et
1353 1855 1489 1885 charitas.

1017 1902 1028 1917 ι
1058 1893 1094 1920 At
1123 1890 1231 1921 interea
1260 1892 1295 1920 ad
1319 1899 1351 1920 ea
1380 1900 1444 1927 quae
1473 1891 1612 1927 coepimus
1638 1890 1798 1921 redeamus.

979 1926 1042 1964 Erat
1072 1927 1344 1964 regulusrquidam,
1370 1926 1456 1964 quem
1483 1926 1618 1964 comitem
1641 1932 1744 1964 vocant
1768 1929 1798 1957 in

979 1963 1146 1997 regionibus
1174 1962 1242 1995 illis.
1272 1963 1362 1992 durus
1379 1962 1426 1991 'ac
1460 1963 1581 1991 nimium
1613 1962 1799 1997 inhumanus,

976 1998 1085 2027 nullam
1101 2006 1160 2027 suae
1174 1999 1274 2028 salutis
1291 2001 1431 2028 rationem
1448 1999 1577 2027 habens:
1604 2003 1688 2027 utens
1704 2004 1798 2029 autem

976 2034 1126 2076 tyrannide
1150 2039 1235 2076 atque
1256 2035 1429 2076 arrogantia,
1454 2034 1727 2076 servituti__su_bjecit
1754 2036 1799 2076 in-

976 2075 1125 2099 nocentem
1142 2071 1271 2099 animum
1293 2070 1454 2106 cujusdam,
1465 2070 1512 2106 qui
1522 2070 1557 2099 ad
1573 2070 1644 2099 illud
1659 2075 1799 2100 monaste-

975 2106 1062 2138 rium,
1092 2106 1140 2134 ubi
1171 2106 1268 2134 beatus
1296 2106 1377 2135 Nilus
1417 2106 1593 2137 versabatur,
1624 2106 1798 2141 pertinebat.

976 2141 1105 2174 Quodam
1121 2142 1208 2178 igitur
1223 2142 1268 2170 die
1291 2149 1356 2170 cum
1381 2141 1429 2170 ille
1453 2146 1592 2178 tyrannus
1618 2142 1750 2172 irruisset
1765 2143 1794 2171 in

115 2180 167 2210 τοι,
197 2182 358 2225 propterea,
384 2177 467 2225 quod
484 2179 589 2225 bonam
619 2181 728 2225 pertom
758 2177 853 2219 elegit,
870 2177 1181 2225 quaeDmonasterium
1210 2178 1245 2225 ad
1273 2177 1625 2225 explendumlproprium
1653 2182 1796 2225 Ventremz

115 2219 174 2241 non
198 2212 343 2242 auferetur
369 2212 406 2242 ab
431 2221 476 2243 eo.
504 2215 540 2243 At
562 2212 662 2242 isz’Si
691 2212 1069 2248 bonum,’inquit,”neque
1103 2213 1179 2241 enim
1208 2214 1245 2242 ub
1282 2212 1385 2242 animae
1420 2212 1592 2243 utilitatem;
1628 2220 1694 2241 cum
1723 2218 1799 2242 esset

115 2253 166 2286 ost,
183 2256 202 2286 or
215 2249 310 2286 frater,
336 2249 412 2285 quod
437 2249 544 2283 laudas,
571 2257 660 2286 quare
684 2253 711 2277 et
727 2253 755 2278 tu
772 2256 828 2286 non
844 2256 933 2286 aemuf

116 2283 206 2322 laris?
227 2283 376 2322 Propterea
406 2286 493 2321 quod,
522 2283 624 2322 inquit,
648 2292 713 2322 non
743 2285 838 2313 existit
863 2284 934 2312 mihi

114 2320 245 2357 amictus,
262 2320 355 2357 neque
371 2320 435 2350 lana
450 2320 577 2350 conlecta
593 2321 700 2349 tunica.

151 2365 164 2382 ‹
181 2356 286 2394 Statim
296 2355 391 2386 autem
403 2365 529 2394 surgens
540 2362 656 2386 sanctus
665 2357 718 2389 vir,
735 2355 851 2394 dempto
866 2356 930 2388 sibi,

114 2399 197 2428 quem
211 2392 337 2428 gerebat,
353 2392 473 2422 amictu?
489 2401 591 2422 novum
608 2400 641 2421 ac
670 2392 794 2421 maxime
809 2392 933 2428 delecta-

114 2426 256 2456 bilem'ei
285 2426 335 2464 dat
356 2428 563 2461 excusationes,
594 2429 779 2464 importunas
802 2427 931 2464 ﬁngenti,

115 2469 147 2490 ac
160 2463 374 2498 quamprimum
399 2472 500 2492 zonam
522 2462 692 2498 dissolvens,
716 2462 856 2492 studebat
873 2471 934 2491 sese

113 2505 231 2531 exuere,
247 2503 278 2527 ut
307 2503 334 2527 et
363 2501 490 2528 tunicam
519 2500 559 2528 illi
575 2499 672 2528 daret:
689 2499 772 2534 Cape,
789 2499 931 2534 inquiens,

113 2534 184 2563 haec.
201 2535 288 2563 frater
303 2535 399 2569 modo,
425 2543 461 2564 ne
485 2536 557 2564 bona
582 2540 662 2570 parte
689 2535 822 2570 priveris,
838 2535 872 2562 de
889 2542 934 2563 me

112 2577 180 2599 vero
208 2570 320 2606 abiecto
363 2571 442 2599 illius
477 2578 559 2599 servo
599 2570 738 2599 Dominus
762 2570 932 2604 providebit.

111 2605 180 2635 Cum
206 2605 255 2634 ille
281 2606 333 2635 viri
367 2607 633 2642 magnanimitatem
653 2606 859 2642 perspexisset,
875 2606 932 2634 im-

112 2649 299 2678 memsanque
328 2641 495 2671 charitatem
529 2647 614 2678 atque
629 2641 810 2670 eﬂerventem
825 2641 927 2675 zelum,

110 2684 168 2714 non
184 2679 313 2714 permisit
335 2678 419 2707 illum
447 2679 565 2707 omnino
591 2678 858 2714 exui,rerubescens
873 2685 929 2706 nii-

111 2713 191 2742 dum'
208 2713 325 2743 videre:
352 2714 492 2743 amictum
521 2720 616 2743 au'em
642 2713 735 2742 solum
765 2713 880 2748 capiens
895 2721 928 2742 ac

110 2749 165 2778 sibi
191 2749 355 2784 imponens.
382 2750 538 2783 Posuitens,
570 2750 672 2786 inquit,
698 2748 784 2777 credo
808 2748 928 2778 Domino

109 2789 209 2814 nostro
223 2786 290 2814 Jesu
306 2786 429 2819 Christo,
456 2790 483 2814 et
505 2793 590 2821 spero
606 2786 634 2814 in
652 2790 766 2813 sanctas
781 2789 846 2813 tuas
860 2792 927 2813 ora-

110 2820 213 2860 tiones.
228 2821 307 2857 quod
319 2821 357 2860 ob
373 2820 600 2860 recordationem
617 2821 703 2857 huius
718 2820 840 2860 amictus
867 2823 929 2849 stu-

110 2856 182 2889 debo
197 2860 225 2887 et
237 2855 293 2895 ego
318 2857 377 2887 Deo
401 2858 526 2895 placere,
551 2866 584 2888 ac
598 2855 743 2886 certamen
762 2855 858 2885 subire
876 2863 928 2892 pro

977 2248 1168 2282 discessurus,
1193 2249 1341 2284 praefectus
1364 2249 1437 2277 nihil
1464 2255 1551 2276 ausus
1574 2252 1616 2277 est
1641 2256 1673 2277 ea
1704 2248 1738 2276 de
1767 2256 1798 2278 re

977 2284 1081 2317 dicere,
1100 2285 1207 2313 veritus
1221 2285 1415 2320 arrogantiam
1441 2289 1525 2320 atque
1550 2284 1628 2312 illius
1642 2284 1795 2319 impuden-

977 2320 1066 2348 tiam:
1104 2320 1251 2349 advocavit
1279 2320 1306 2348 B.
1336 2320 1442 2351 Nilum.
1471 2322 1500 2348 in
1530 2327 1587 2355 quo
1616 2320 1793 2350 admirabilis

975 2355 1110 2392 loquendi
1134 2356 1252 2392 libertas
1275 2356 1376 2387 inerat.
1403 2360 1488 2391 atque
1512 2355 1592 2384 illum
1615 2355 1796 2392 adhortatur,

976 2395 1006 2420 iit
1031 2391 1188 2420 terribilem
1211 2392 1291 2420 illum
1318 2392 1476 2427 principem
1497 2398 1661 2427 aggressus,
1679 2391 1795 2425 animae,

975 2435 1060 2462 quain
1082 2427 1188 2463 iniuste
1212 2432 1408 2462 occupaverat,
1437 2427 1641 2463 liberationem
1660 2428 1796 2462 impetra-

976 2468 1017 2491 ret
1040 2463 1094 2497 Qui
1114 2462 1195 2490 velut
1220 2471 1233 2491 a
1257 2463 1315 2491 Deo
1339 2463 1447 2498 jussus,
1464 2468 1547 2498 atque
1563 2462 1722 2491 indubitata
1739 2463 1794 2493 dde

975 2504 1110 2531 armatus,
1151 2498 1220 2527 adiit
1250 2499 1433 2527 temerarium
1475 2499 1568 2531 illum,
1599 2503 1625 2526 et
1654 2505 1741 2533 opere
1769 2504 1796 2528 et

976 2535 1078 2570 verbis,
1095 2534 1291 2569 spiritualibus
1315 2534 1560 2563 admonitionibus
1582 2538 1678 2566 utens,
1694 2542 1796 2570 quem-

974 2569 1128 2598 admodum
1145 2578 1159 2598 a
1185 2571 1316 2605 praefecto
1344 2569 1482 2601 audierat,
1505 2570 1662 2598 admonens
1678 2569 1742 2598 eum
1759 2571 1794 2599 de

975 2606 1118 2641 proposita
1148 2613 1190 2638 re,
1220 2606 1302 2641 cuius
1339 2607 1429 2640 gratia
1459 2610 1584 2633 venerat.
1615 2605 1671 2633 Hoc
1699 2610 1793 2635 autem

973 2642 1095 2669 nimium
1112 2641 1335 2674 contradicente,
1362 2646 1447 2676 atque
1462 2641 1626 2676 petitionem
1642 2647 1790 2675 renuente,

971 2677 1047 2712 quod
1071 2684 1163 2713 neque
1179 2677 1202 2705 si
1228 2676 1347 2713 angelus
1363 2684 1378 2704 e
1399 2676 1471 2705 coelo
1487 2676 1678 2706 descenderet.
1697 2684 1791 2713 neque

970 2713 1057 2742 alicui
1082 2712 1191 2740 homini
1217 2712 1292 2741 esset
1316 2712 1574 2748 obtemperaturus,
1604 2716 1636 2740 ut
1650 2712 1790 2748 eiusmodi

970 2749 1097 2776 animam
1124 2747 1274 2783 eriperet;
1314 2748 1414 2776 beatus
1442 2747 1523 2776 Nilus
1560 2747 1670 2776 mortis
1689 2750 1794 2778 stimu-

970 2784 1028 2812 lutn
1065 2783 1172 2818 injecit,
1213 2783 1398 2812 considerans
1436 2784 1535 2812 mortis
1563 2784 1788 2813 recordationem

971 2820 1104 2848 idoneam
1145 2826 1217 2852 esse,
1248 2823 1279 2848 ut
1309 2825 1337 2848 et
1373 2819 1512 2855 lapideam
1541 2819 1667 2849 animam
1697 2828 1792 2849 move-

970 2863 1013 2885 re.
1032 2865 1043 2881 Ι
