1954 3059
139 208 318 246 παραχρῆμα
354 206 502 245 συσχεθεὶς,
539 205 622 233 ἔκειτο
661 203 740 244 μέχρί
782 206 831 236 τῆς

139 250 251 290 ἡμέρας
291 250 494 288 βασανιζόμενος
531 249 681 283 ἀνηκέστως
697 257 704 264 ·
734 249 777 276 καὶ
812 251 846 286 τῇ
873 246 971 284 δεκάτῃ

142 295 300 327 συστάσεως
337 297 407 332 αὒτῷ
446 295 597 334 ἐνεχθείσης
630 293 702 333 παρὰ
738 296 790 321 τῶν
828 291 972 330 οἷκητόρων

141 341 199 372 τῆς
236 340 342 379 κώμης,
368 339 413 367 καὶ
444 339 547 367 πάντων
585 337 780 376 βουλευομένων
805 337 882 365 αὐτὸν
903 336 972 363 ἁπο-

141 390 264 424 δυεεῖναι,
299 384 377 415 αὐτὸς
412 384 500 421 μαθὼν
528 388 604 413 τοῦτο
642 383 707 422 πρὸς
734 385 783 415 τῆς
821 380 866 410 ὑπ’
896 382 974 410 αὐτοῦ

142 428 327 467 πορευομένης
339 427 463 466 μαινάδος
488 427 558 467 (13).
581 426 725 456 ἐπελάϐετο
750 427 798 465 μὲν
822 430 860 463 τῷ
884 425 972 465 θράσει

142 475 200 505 τῆς
227 472 342 512 σπάθης,
372 473 416 500 καὶ
444 472 543 504 πάντας
572 472 664 503 αὐτοὺς
702 470 880 510 διεσκόρπισεν
918 469 974 498 ἐπι-

143 517 239 555 φανεὶς
261 517 305 545 καὶ
329 517 420 554 μόνον.
439 520 482 553 Τῷ
507 515 533 544 δὲ
559 515 632 556 φόέᾠ
657 515 699 543 καὶ
724 519 757 553 τῇ
780 514 862 542 δειλία
885 525 971 542 κατα-

143 561 255 600 σχεθεὶς
279 561 322 589 ἐπι
357 561 462 598 πλεῖον,
499 561 543 589 καὶ
581 559 715 598 βουληθεὶς
754 563 787 598 τῇ
825 562 895 599 φυγῇ
922 559 971 591 τὴν

143 606 282 644 σωτηρίαν
325 605 458 645 εὕρασθαι,
501 606 551 632 ὑπὸ
593 608 646 632 τῶν
682 603 751 632 ἰδίων
789 602 970 642 συμποόισοεὶς

145 649 286 688 ἁρμάτων,
314 651 357 678 καὶ
384 651 471 678 πεσὼν
496 654 542 678 τοῦ
566 651 612 684 ζῆν
635 648 780 687 ἀπηλλάγη
799 656 804 662 '
822 649 865 676 καὶ
887 657 970 678 ουτως

143 693 200 720 ὑπὸ
226 697 278 722 τῶν
307 693 369 733 παρ’
397 696 474 723 αὒτοῡ
498 692 626 724 πολλακις
655 692 830 726 ἀδικηθέντων
854 692 902 726 τὴν
928 702 971 720 κε-

144 737 236 776 φαλὴν
265 737 417 778 ἀπετμήθη,
442 739 486 766 γαὶ
509 744 567 769 τοῖς
602 738 660 767 κυσὶ
683 736 812 777 παρεδόθη
837 738 873 768 εἷς
897 737 970 776 βρῶ-

144 792 202 812 σιν.
224 783 278 830 ,Καὶ
307 782 448 830 ἐπληρόξθη
484 784 554 819 αὐτῷ
587 781 787 830 -ἱμέιτρξίρρησις⁵
809 786 855 830 τοῦ
883 781 1000 830 ἁγίου,Β

144 826 185 857 ὡς
202 825 259 854 οὔτε
280 827 364 867 ἐντὸς,
388 826 444 855 εὖτε
469 827 556 863 ἕκτος,
579 825 638 854 ἀλλ’
664 826 690 854 ἒν
715 829 749 859 τῆ
774 825 870 864 δεκάτῃ
896 825 968 863 ἦμέ-

145 880 190 909 pq.
213 871 285 899 Μετὰ
308 870 335 899 δε
358 871 454 902 ταύτας
478 872 525 902 τὰς
550 870 650 910 ἡμέρας
673 869 831 909 ὑπέστρεψεν
857 871 871 897 ὁ
897 868 968 900 ὅσιος

143 915 236 954 πατὴρ
273 915 368 947 Νεῖλος
408 915 513 955 πλήρης
546 915 581 944 ὢν
625 915 776 953 Πνεύματος
821 914 896 953 ἁγίου
925 915 969 942 καὶ

145 959 262 991 πίστεως
305 961 369 1000 πρὸς
403 961 464 992 τοὺς
502 960 590 998 ἁγίους
627 959 742 998 Πατέρας
782 959 842 990 τοὺς
881 958 907 987 ἐν
931 962 969 996 τῷ

145 1004 309 1043 Μερκουρίῴ.
341 1005 389 1032 Καὶ
414 1004 464 1043 γὰρ
499 1004 597 1043 πὲφυκε
634 1007 672 1041 τῷ
708 1004 791 1041 ὁμοίῴ
817 1004 847 1031 τὸ
877 1002 968 1041 ὅμοιον

144 1047 254 1079 πάντως
283 1047 452 1083 συνήδεσθαι·
469 1049 512 1076 καὶ
540 1047 639 1079 ἰδόντες
668 1049 744 1077 αὑτὸν
779 1048 875 1079 πάντες
904 1047 969 1075 ἀπο-

145 1092 270 1120 στολικὸν
289 1093 332 1120 καὶ
357 1093 412 1131 βίον
438 1093 482 1120 καὶ
509 1095 605 1132 σχῆμα
632 1093 676 1120 καὶ
701 1091 863 1129 ἐπιτήδευμα
890 1103 968 1131 περι-

145 1134 323 1176 6εϐλημὲνον,
367 1136 464 1177 ἔχοντα
510 1135 537 1164 δὲ
585 1137 630 1164 καὶ
672 1137 721 1169 τὴν
759 1136 968 1176 εὖπρεπεστότην

144 1182 302 1209 ταπείνωσιν
318 1182 362 1210 σὺν
384 1184 418 1215 τῆ
445 1180 514 1210 αἰδοῖ
541 1184 580 1219 τῷ
606 1181 721 1220 μετώπῴ
748 1181 965 1221 προκαθημένην,

144 1223 220 1257 δόξαν
235 1225 402 1263 ἀνέπεμψαν,

188 1264 217 1298 ι’.
236 1270 318 1301 Αὐτὸς
333 1268 359 1297 δὲ
379 1270 479 1302 πάντας
509 1270 556 1308 μὲν
581 1269 684 1298 ἐσέϐετο
710 1271 754 1298 καὶ
777 1269 915 1300 εὐλαϐεῖτο
929 1271 966 1301 ὡς

146 1312 274 1352 ἀγγέλους
305 1314 408 1354 Κυρίου,
443 1314 579 1354 ἐξαιρέτως
612 1313 638 1342 δὲ
667 1314 760 1354 σχέσιν
789 1315 832 1342 καὶ
858 1314 966 1354 ἀγάπην

145 1358 274 1396 μεγίστην
302 1358 428 1392 ἐκέκτητο
456 1360 521 1399 πρὸς
549 1360 595 1387 τὸν
622 1359 708 1396 τίμιον
735 1358 835 1398 Πατέρα
862 1362 966 1387 Φαντϊ-

145 1413 201 1432 νον.
219 1402 346 1434 Κάκεῖνος
362 1401 389 1430 δὲ
412 1403 490 1431 πάλιν
512 1404 542 1431 τὸ
566 1404 628 1432 αὖτὸ
651 1403 755 1443 φίλτρον
780 1403 798 1437 ἢ
821 1404 864 1431 καὶ
887 1403 966 1431 πλέον

146 1445 257 1476 ἐδείκνυε
278 1448 344 1486 πρὸς
368 1447 443 1476 αὐτόν
459 1456 467 1464 ⁸
483 1448 532 1481 τὴν
561 1452 607 1477 τοῦ
636 1448 733 1487 Πέτρου
761 1449 804 1475 καὶ
832 1446 966 1487 Ἰωάννου,

770 133 863 168 VITA
884 135 916 166 S.
938 130 1022 166 NILI
1042 132 1228 166 JUNIORIS.

876 202 966 235 ἐνάτηςΙ

1055 199 1132 231 cimo
1148 209 1217 231 vero
1247 200 1467 241 conspiratione
1479 198 1508 231 in
1519 209 1584 231 eum
1592 199 1749 232 faclaavici
1758 202 1837 233 illius

1801 134 1841 167 34

1013 245 1118 275 incolis
1144 249 1173 275 et
1195 245 1432 276 consultantibus
1458 245 1596 276 omnibus
1621 246 1658 276 de
1682 245 1838 277 inferenda

1015 289 1055 319 illi
1072 299 1157 330 nece,
1174 289 1343 320 admonitus
1359 290 1409 320 ille
1424 290 1461 320 de
1480 290 1536 320 hoc
1560 300 1576 320 a
1602 291 1733 321 mwnade
1756 291 1836 330 (13),

1016 343 1080 374 quae
1095 334 1159 373 ejus
1175 333 1291 364 libidini
1315 333 1472 370 serviebat,
1496 333 1620 374 arripuit
1634 334 1753 374 quidem
1779 338 1838 374 gia-

1015 378 1096 409 dium
1113 379 1204 409 t'retus
1219 377 1352 414 audacia,
1370 382 1542 417 tantumque
1558 378 1618 408 illis
1633 379 1713 410 visus
1733 388 1838 411 omnes

1015 423 1044 453 in
1060 423 1159 462 fugam
1175 422 1268 453 vertit.
1296 423 1406 452 Verum
1432 421 1538 452 timore
1555 431 1720 463 pavoreque
1745 425 1836 454 vehe-

1016 469 1143 498 mentius
1159 467 1296 507 agitatus,
1315 467 1475 507 volensque
1500 466 1557 497 sibi
1578 467 1642 505 fuga
1665 469 1836 507 consulere,

1014 513 1076 543 suis
1091 513 1155 553 ipse
1173 512 1353 553 praepeditus
1378 517 1422 543 est
1448 512 1550 548 armis,
1576 513 1735 553 lapsusque
1747 524 1838 545 occu-

1014 556 1087 594 buit,
1105 561 1227 598 tumque
1245 556 1398 596 praecisum
1425 556 1467 587 illi
1495 556 1549 587 fuit
1564 561 1652 596 caput
1665 558 1700 588 ab
1713 559 1759 597 iis,
1787 560 1837 599 qui

1013 611 1090 641 szepe
1104 601 1140 632 ab
1157 611 1190 632 eo
1201 601 1329 641 pessima
1344 610 1469 641 qumque
1486 601 1600 631 fuerant
1616 602 1706 642 passi,
1726 604 1838 643 projec-

1013 650 1117 686 tusque
1133 646 1196 687 ipse
1222 645 1345 676 canibus
1370 645 1407 676 ad
1430 646 1645 676 devorandum.
1673 646 1707 677 Et
1729 647 1837 688 imple—

1013 694 1072 721 tum
1103 696 1158 729 est,
1186 690 1264 731 quod
1291 690 1334 720 vir
1355 695 1475 721 sanctus
1503 690 1540 721 de
1568 690 1618 720 illo
1649 691 1835 731 praedixerat,

1012 735 1127 766 scilicet
1153 745 1211 766 non
1245 739 1324 774 ante,
1353 743 1412 767 n0n
1443 740 1518 775 post,
1548 734 1601 765 sed
1630 735 1747 766 decima
1775 737 1836 769 die.

1012 780 1169 818 Postquam
1194 779 1226 810 hi
1252 780 1318 810 dies
1340 779 1452 815 abiere,
1484 789 1624 810 reversus
1653 784 1698 811 est
1727 780 1838 821 Spiritu

1011 831 1113 856 sancto
1139 829 1167 854 et
1193 825 1250 854 (ide
1269 825 1374 864 plenus
1389 828 1508 855 sanctus
1525 826 1608 855 l’ater
1622 824 1708 855 Nilus
1719 826 1756 856 ad
1767 836 1838 857 san-

1011 874 1073 900 ctos
1089 868 1189 899 Patres
1206 869 1235 898 in
1253 868 1529 900 Mercurio.Natura
1541 869 1620 900 enim
1633 875 1836 910 comparatum

1012 917 1056 944 est
1066 917 1096 944 ut
1104 914 1190 954 plane
1197 913 1839 950 similibussimiliadelectentur,etvidentes

1011 967 1077 989 eum
1094 967 1198 988 omnes
1224 961 1253 988 et
1277 958 1335 988 vita
1361 962 1390 988 et
1411 958 1474 988 zelo
1500 962 1528 988 et
1542 959 1642 989 habitu
1659 963 1689 990 et
1704 959 1838 991 instituto

1011 1007 1146 1034 ornatum
1161 1002 1326 1042 apostolico
1354 1007 1383 1033 et
1408 1003 1592 1035 relucentem
1617 1003 1645 1034 in
1663 1004 1728 1044 ejus
1742 1005 1839 1036 l'ronte

1010 1056 1076 1078 cum
1115 1047 1297 1077 verecundia
1334 1047 1584 1078 modestissimam
1625 1049 1837 1088 humilitatem,

1011 1091 1196 1122 exsultarunt
1211 1095 1239 1121 et
1255 1091 1343 1122 laetati
1359 1096 1428 1122 sunt
1443 1091 1564 1132 Deoque
1578 1093 1700 1132 gloriam
1718 1098 1838 1135 propter

1011 1136 1109 1176 ipsum
1126 1135 1285 1167 dederunt.

987 1180 1183 1220 ἠγαλλιάσαντο
1196 1181 1240 1209 καὶ
1269 1181 1464 1221 ηὒφράνοησαν,
1490 1182 1534 1209 καὶ
1555 1185 1592 1219 τῷ
1614 1185 1671 1220 θεῷ
1697 1181 1738 1211 ἐπ’
1767 1185 1837 1222 αὖτῷ

1052 1265 1098 1297 10.
1116 1264 1183 1305 Ipse
1209 1274 1278 1296 vero
1295 1274 1400 1296 omnes
1412 1265 1608 1297 venerabatur
1624 1271 1762 1307 tanquam
1779 1277 1834 1299 an-

1008 1309 1089 1350 gelos
1099 1309 1228 1346 Domini,
1246 1310 1395 1350 praecipuo
1405 1320 1476 1342 vero
1488 1320 1590 1341 amore
1599 1311 1836 1351 prosequebatur

1009 1365 1184 1396 summaque
1207 1355 1349 1386 charitate
1364 1356 1618 1396 complectebatur
1633 1357 1833 1389 venerabilem

1008 1399 1125 1432 Patrem
1152 1400 1309 1431 Fantinum
1335 1411 1343 1439 ;
1373 1405 1401 1432 et
1430 1401 1481 1432 ille
1517 1401 1658 1434 vicissim.
1687 1402 1761 1441 pari,
1789 1403 1834 1434 vel

1010 1446 1098 1477 etiam
1115 1445 1220 1486 majori
1246 1445 1352 1477 adfectu
1395 1447 1505 1477 amoris
1529 1446 1738 1487 respondebat,
1757 1447 1834 1479 Petri

144 1491 163 1523 ἢ
185 1490 320 1521 Βασιλιίου
342 1493 386 1520 καὶ
412 1493 553 1531 Γρηγορίου
576 1492 694 1531 συζυγίαν
721 1493 765 1520 καὶ
789 1491 963 1520 ἀδιάσπαστον

1051 1501 1076 1522 m
1093 1492 1218 1529 Joanne,
1236 1500 1288 1522 seu
1312 1491 1414 1522 Basilii
1438 1501 1504 1522 cum
1530 1492 1673 1532 Gregorio
1689 1502 1834 1524 summam

144 1535 255 1574 γνώμην
295 1535 321 1564 ἐν
365 1537 467 1568 ἑαυτοῖς
509 1536 711 1576 προδηλοῦντες.
756 1536 964 1575 Συγκαθημένων

145 1579 196 1618 γὰρ
210 1581 295 1609 αὐτῶν
323 1579 464 1621 πολλάκις,
493 1582 537 1609 καὶ
563 1582 610 1613 τὰς
639 1581 742 1621 Γραφὰς
767 1580 965 1619 ἀναγινωσκόν-

144 1634 208 1663 των,
253 1626 397 1663 συνήγοντο
434 1627 457 1654 oi
492 1625 597 1666 ἆδελροὶ
635 1626 699 1665 πρὸς
728 1626 820 1657 αὖτοὺς
855 1625 965 1665 πάντες,

144 1668 354 1707 παρακαλοῦντες
382 1669 490 1699 ἀκοῦσαι
519 1669 596 1709 λόγον
617 1669 742 1709 ὠφελείας
776 1669 806 1698 ὲκ
832 1675 879 1699 τοῦ
907 1681 966 1698 στο-

145 1723 226 1750 ματος
250 1715 345 1744 αὐτῶν,
365 1714 413 1743 Καὶ
427 1713 565 1746 ἀκούοντες
588 1715 649 1746 τοὺς
672 1714 766 1753 λύγους
791 1717 840 1748 τῆς
856 1715 965 1754 χάριτος

146 1757 206 1788 τοὺς
241 1757 462 1797 ἐκπορευομένους
500 1758 530 1787 ἐκ
565 1763 612 1788 τοῦ
645 1758 776 1796 στόματος
812 1764 858 1789 τοῦ
895 1759 966 1788 ὁσίου

148 1802 249 1841 Πατρὸς
291 1803 368 1840 ἡμῶν
414 1801 518 1843 Νείλου,
571 1805 725 1842 θεωροῦντες
778 1802 804 1831 δὲ
831 1804 875 1831 καὶ
917 1804 964 1837 την

146 1845 340 1885 ἂστράπτουσαν
355 1846 434 1886 χάριν
460 1847 502 1874 ἐπι
525 1848 570 1875 τὸν
590 1847 664 1886 ἅγιον
694 1847 795 1888 Πατέρα
823 1851 964 1888 Φανττνον,

146 1889 215 1919 οὐδὲν
244 1890 309 1919 ἄλλο
332 1890 515 1929 ὑπελάμϐανον
553 1892 658 1923 τούτους
691 1892 830 1932 ὑπάρχειν,
859 1891 918 1920 ἀλλ’
947 1892 965 1926 ἢ

147 1935 242 1974 Πέτρον
258 1937 302 1964 καὶ
326 1935 437 1972 Παῦλον,
463 1937 499 1964 ὧν
524 1937 568 1965 καὶ
592 1937 637 1965 τὸν
663 1937 718 1975 βίον
744 1937 864 1972 ἐζήλουν,
890 1937 964 1968 Τινὲς

147 1980 188 2008 οὖν
230 1983 282 2008 τῶν
318 1979 420 2020 ἆδεφῶν
454 1980 610 2013 ἀπελθόντες
647 1982 682 2013 εἷς
716 1983 892 2021 προσκύνησιν
918 1987 965 2011 τοῦ

148 2024 262 2064 μεγάλου
302 2029 402 2066 [ἰατρὸς
445 2026 577 2067 Ἰωάννον,
609 2026 718 2067 ἤρξαντο
759 2027 876 2055 ἐπαινεῖν
918 2028 963 2055 τὸν

148 2069 273 2109 μακάριον
302 2070 409 2111 Νεῖλον,
437 2073 473 2104 ὡς
510 2071 637 2112 ιῖκρελείας
669 2073 790 2102 ὗπόθεσιν
820 2072 890 2111 παρὰ
918 2076 965 2101 τοὺ

149 2118 211 2143 Θεοῦ
247 2115 397 2155 πεμφθέντα
431 2116 458 2144 ἐν
498 2123 558 2147 τοῖς
598 2116 689 2148 τόποις
725 2116 832 2148 ἐκείνοις
857 2127 964 2156 προστι-

1007 1541 1037 1568 et
1061 1537 1238 1568 indivulsam
1262 1537 1428 1568 animorum
1453 1538 1693 1577 conjunctionem
1721 1547 1835 1577 praese—

1007 1582 1150 1614 ferentes.
1161 1581 1391 1613 Considentibus
1404 1592 1474 1622 ergo
1489 1591 1569 1623 saepe
1582 1582 1642 1613 illis
1656 1586 1686 1613 et
1701 1583 1832 1624 Scriptu-

1009 1636 1057 1658 ras
1082 1627 1294 1667 lectitantibus,
1313 1627 1533 1658 conveniebant
1547 1637 1652 1658 omnes
1671 1628 1775 1659 fratres
1797 1629 1833 1660 ad

1008 1671 1086 1709 illos,
1111 1671 1325 1711 rogabantque,
1356 1676 1388 1702 ut
1416 1671 1471 1702 sibi
1502 1671 1635 1702 utilitatis
1664 1681 1833 1704 sermonem

1007 1715 1229 1756 depromerem.
1260 1715 1296 1746 Et
1323 1716 1477 1747 audientes
1506 1717 1596 1747 verba
1623 1716 1735 1757 gratim,
1767 1727 1832 1757 qua:

1007 1759 1208 1800 procedebant
1221 1759 1259 1790 de
1275 1769 1326 1791 ore
1343 1761 1435 1791 sancti
1452 1761 1546 1791 Patris
1567 1760 1626 1791 Nili
1638 1765 1667 1792 et
1682 1761 1835 1792 intuentes

1008 1804 1096 1835 etiam
1117 1804 1294 1835 emicantem
1321 1805 1444 1844 gratiam
1470 1805 1507 1836 de
1533 1809 1634 1836 sancto
1652 1804 1738 1836 Patre
1753 1805 1832 1836 Fan-

1007 1849 1081 1885 tino,
1094 1849 1263 1887 nihiltaliud
1280 1858 1346 1880 esse
1360 1849 1426 1880 illos
1443 1850 1594 1890 putabant,
1608 1859 1696 1889 quam
1714 1851 1831 1881 Petrum

1007 1897 1037 1924 et
1055 1893 1189 1931 Paulum,
1207 1902 1333 1934 quorum
1350 1894 1437 1925 etiam
1454 1894 1519 1924 vitae
1533 1894 1721 1925 aemulatores
1737 1898 1832 1924 erant.

1006 1938 1206 1969 Accesserunt
1221 1947 1290 1976 ergo
1317 1938 1436 1978 quidam
1460 1947 1477 1970 e
1498 1938 1623 1969 fratibus
1639 1938 1675 1968 ad
1693 1948 1832 1979 magnum

1008 1983 1121 2013 Patrem
1143 1983 1286 2013 Joannem
1314 1983 1375 2024 (l4)
1400 1982 1586 2014 salutationis
1611 1993 1708 2021 causa,
1736 1992 1833 2024 coepe-

1006 2031 1133 2067 runtque
1152 2026 1304 2058 celebrare
1327 2027 1445 2058 beatum
1471 2027 1582 2066 Nilum,
1622 2028 1698 2068 quod
1726 2028 1834 2058 missus

1006 2080 1022 2102 a
1037 2071 1098 2101 Deo
1121 2075 1199 2102 esset
1220 2080 1256 2102 ea
1280 2072 1310 2102 in
1335 2072 1399 2102 loca
1415 2071 1549 2103 utilitatis
1567 2080 1651 2112 ergo,
1666 2071 1832 2109 addebant-

1007 2124 1075 2156 que,
1103 2115 1185 2146 illum
1214 2125 1268 2146 nec
1294 2125 1369 2156 pane
1395 2117 1485 2154 vesci,
1509 2126 1565 2147 nec
1590 2116 1689 2147 vinum
1714 2115 1831 2154 bibere,

148 2159 232 2190 θέντες
255 2161 299 2187 καὶ
323 2165 411 2202 τοῦτο,
436 2161 476 2189 ὅτι
500 2159 558 2189 οὸτε
583 2160 673 2201 ἄρτου,
699 2161 757 2190 οὒτε
786 2162 855 2190 οὶνου
879 2171 964 2198 μετα-

1051 2160 1170 2191 )errima
1207 2161 1273 2191 vita;
1308 2161 1423 2192 ratione
1457 2165 1603 2192 utentem.
1642 2160 1734 2192 Jussit
1761 2169 1832 2200 ergo

149 2203 286 2245 λαμϐάνει,
315 2206 427 2240 ἄσκησιν
464 2205 565 2233 διώκων
601 2205 783 2242 ὑψηλοτάτην,
815 2204 965 2235 Ἐκέλευσεν

1051 2208 1104 2243 ter,
1122 2209 1153 2235 ut
1168 2204 1192 2235 is
1207 2205 1243 2235 ad
1269 2214 1301 2236 se
1325 2205 1503 2237 mitteretur.
1529 2205 1571 2236 Eo
1589 2205 1720 2245 profecto
1737 2208 1765 2235 et
1781 2215 1835 2235 co-

149 2250 189 2278 οὖν
218 2251 310 2282 αὐτοῖς
338 2252 352 2279 ὁ
381 2254 471 2290 Πατηρ
503 2249 659 2278 ἀποστεῖλαι
685 2250 775 2280 αὒτόν.
803 2250 851 2279 Καί
874 2250 966 2280 τούτου

1052 2253 1096 2279 ter
1109 2253 1243 2289 excepto,
1270 2249 1357 2289 jubet
1383 2259 1505 2289 magnus
1528 2251 1616 2281 Pater
1630 2251 1770 2283 Joannes.
1788 2249 1835 2280 of-

150 2295 298 2335 γεγονότος,
328 2296 372 2324 καὶ
402 2296 469 2333 μετᾶ
501 2298 587 2335 χαρᾶς
615 2294 834 2335 προσδεχθέντος,
864 2295 965 2323 κελεύει

1054 2293 1078 2324 ri
1094 2293 1135 2324 illi
1151 2294 1372 2334 generosissimi
1387 2294 1446 2324 vini
1465 2295 1616 2335 poculum,
1635 2293 1765 2334 experiri
1781 2303 1834 2324 vo-

150 2339 162 2366 ὁ
178 2338 260 2378 μέγας
277 2343 368 2380 Πατηρ
382 2339 507 2373 Ἰωάννης
535 2338 640 2373 δοθῆναι
665 2341 735 2377 αὖτῷ
755 2340 882 2380 ποτήριον
893 2339 966 2370 οἴνου

1051 2348 1084 2377 IS,
1101 2348 1171 2370 num
1186 2339 1348 2371 secundum
1367 2339 1460 2371 Deum
1479 2340 1647 2371 institutum
1664 2340 1728 2380 ejus
1745 2344 1834 2372 esset.

810 2399 939 2431 Joannis
963 2399 1027 2432 Clei
1054 2401 1149 2431 notae.

187 2452 252 2492 (l3)
268 2452 384 2484 Hrecita
395 2453 481 2485 vertit
494 2453 639 2485 Sirletus:
655 2464 666 2480 ι
680 2451 746 2492 Ipse
757 2452 819 2484 haec
831 2452 966 2490 audiens,

153 2491 255 2538 ab'ea,
282 2503 370 2534 quam
397 2493 626 2529 adullerabatur,
652 2491 739 2538 furia,
773 2493 970 2538 apprehendit

140 2537 261 2575 ,temere
273 2533 378 2575 ensem
394 2538 483 2575 atque
498 2543 601 2565 omnes
611 2533 828 2575 s_uos_dispersil
845 2543 968 2575 manens

155 2574 242 2614 solus.
273 2573 393 2605 Timore
420 2572 518 2605 autem
552 2573 646 2613 magis
673 2572 874 2614 detentusrac
902 2574 969 2614 fuga

156 2612 208 2654 sibi
237 2614 361 2645 salutem
398 2615 500 2646 volens
528 2612 710 2654 comparare,
741 2622 757 2644 a
784 2613 845 2644 suis
872 2612 969 2654 impe-

156 2653 231 2684 ditus
253 2659 284 2685 et
306 2664 394 2686 curru
421 2655 562 2686 decidens
584 2653 604 2684 a’
624 2653 681 2684 vita
709 2654 846 2684 excessit.
867 2666 879 2682 »
897 2653 969 2682 Μαι-

155 2694 208 2729 νὰς,
225 2699 276 2736 est
284 2694 405 2736 furiosa,
424 2705 489 2736 quae
503 2694 572 2736 facit
586 2694 662 2736 alios
671 2693 808 2736 insanire
821 2694 969 2736 :_libidine

155 2734 252 2772 procul
260 2734 350 2766 dubio
357 2733 404 2766 hic
415 2733 443 2767 ei
450 2733 727 2766 amoribusillicitis.
750 2739 781 2765 ut
792 2734 970 2774 indicatgmp-

154 2775 311 2816 γευομένης;
328 2785 430 2806 verum
456 2775 634 2806 adulterium
651 2774 740 2814 gratis
754 2774 888 2814 adjunxit
903 2773 966 2816 Sir—

154 2813 224 2845 letus
249 2819 278 2845 et
303 2813 425 2856 ἇρμάτων
449 2815 537 2847 vertit
563 2823 699 2856 currum.
748 2820 823 2856 ᾼρμα
848 2815 967 2855 proprie

153 2862 274 2887 cur-mm
287 2854 433 2896 signiﬁcat
447 2866 455 2889 :
480 2857 549 2897 ἅρμα
564 2854 642 2896 apud
656 2854 855 2896 posteriorum
870 2854 966 2886 saecu-

1010 2453 1105 2494 lorum
1134 2452 1252 2494 Graecos
1276 2462 1328 2494 pro
1354 2452 1444 2484 armis
1472 2452 1659 2494 frequentius
1681 2452 1773 2491 venit,
1804 2457 1836 2484 ut

1010 2493 1103 2534 liquet
1116 2493 1193 2534 apud
1218 2493 1359 2531 Cangium
1375 2493 1406 2524 in
1427 2493 1600 2525 Glossario:
1625 2502 1833 2534 sensu,rqnem

1010 2533 1203 2574 Caryophilus
1219 2533 1384 2574 expressit,
1409 2533 1505 2573 potius
1530 2535 1579 2565 hic
1594 2533 1671 2564 sumi
1693 2533 1831 2574 videtur;

1009 2578 1126 2644 itttum
1155 2573 1275 2614 spiritus
1303 2574 1378 2605 lenis
1407 2583 1459 2613 pro
1487 2583 1595 2615 aspero
1616 2574 1756 2605 substitui
1776 2573 1832 2605 deé

1033 2624 1048 2644 ε
1065 2638 1071 2644 .

1033 2617 1071 2644 et.

1050 2653 1112 2693 (14)
1138 2653 1261 2693 Agresta
1290 2658 1371 2695 parte
1394 2662 1424 2691 ν,
1441 2663 1506 2695 cap.
1533 2656 1563 2692 5,
1580 2654 1656 2684 Vitae
1680 2652 1718 2695 S.
1728 2653 1832 2695 Basilii

1011 2694 1068 2724 tria
1090 2695 1268 2724 monasteria
1294 2694 1384 2725 fuisse
1411 2694 1516 2725 asserit
1542 2703 1633 2734 prope
1649 2694 1830 2734 territorium

1012 2734 1181 2771 Palmense,
1199 2734 1325 2774 primum
1341 2744 1356 2765 a
1372 2735 1403 2765 S.
1420 2733 1579 2770 Mercurio,
1593 2733 1757 2764 secundum
1770 2743 1786 2764 a
1797 2733 1828 2765 S.

1009 2774 1150 2805 Michaele
1158 2773 1349 2813 appellatum,
1362 2775 1491 2809 tertium,
1504 2775 1644 2814 denique,
1657 2774 1706 2804 ubi
1720 2773 1827 2804 vixitS.

1006 2815 1146 2852 Joannes,
1163 2813 1212 2854 qui
1228 2814 1429 2846 verisimiliter
1457 2814 1536 2846 idem
1552 2815 1578 2846 is
1586 2813 1648 2854 est,
1664 2814 1702 2845 de
1717 2823 1776 2855 quo
1791 2814 1828 2845 ad

1007 2859 1095 2897 caput
1109 2855 1140 2895 1,
1156 2857 1220 2887 not.
1236 2855 1267 2887 6.

1798 2957 1845 2976 (.4-

1785 2981 1796 2992 Δ
