1954 3059
131 98 170 134 39

860 99 1039 134 ΑΝΟΝΥΜΙ

1779 105 1820 138 40

132 161 187 192 bus
202 162 317 194 dimisit
340 163 370 194 in
393 172 476 204 pace.
505 161 627 194 Sanctus
650 171 720 194 vero
745 163 834 194 Pater
848 165 949 193 noster

1033 163 1083 200 τὸν,
1114 162 1286 202 ἐπευξάμενός
1323 173 1351 191 τε
1380 164 1423 192 καὶ
1460 163 1606 203 εὖλογήσας
1635 164 1762 194 ἀπέλυσεν
1791 165 1818 193 ἐν

132 207 217 238 Nilus
233 207 345 247 majora
359 207 389 238 in
404 207 467 238 dies
485 207 670 238 incrementa
685 207 797 238 faciens
811 207 848 238 ad
864 207 952 237 altio-

132 259 182 281 res
197 251 333 282 virtutum
356 252 475 291 gradus,
493 251 601 291 quibus
614 251 702 282 homo
718 251 831 282 accedit
846 253 881 282 ad
901 249 952 281 Dei

130 295 364 336 similitudinem,
394 296 501 326 amavit
529 296 617 326 etiam
651 296 792 327 virtutum
819 295 952 326 omnium

132 343 255 370 matrem
263 339 466 378 solitudinem,
485 341 613 380 majores
624 350 658 371 ex
674 349 709 371 ea
723 339 838 371 divitias
853 339 953 370 lucra-

131 387 213 414 turus
228 388 255 414 et
266 384 446 415 immensum
462 385 615 425 sapientia:
630 385 794 416 cumulum.
811 384 847 416 Et
869 393 953 414 com-

132 428 290 459 municatio
307 429 430 459 consilio
447 439 500 460 suo
516 439 582 460 cum
598 429 707 460 sanctis
718 428 856 459 Patribus
873 428 955 468 (age-

131 471 178 502 bat
188 473 266 503 enim
276 473 363 513 nihil,
380 473 651 512 illisincons-nltis),
668 477 818 503 annuente
835 473 953 502 illorum

131 516 298 556 prudentia,
332 517 530 557 precibusque
559 517 781 558 opitulantibus,
812 517 889 556 quod
919 516 949 546 in

130 561 345 592 consultatione
360 565 432 601 erat,
449 562 599 593 decretum
615 562 677 592 fuit.
698 563 748 592 Est
774 571 831 592 non
848 561 949 601 procul

130 614 146 635 a
158 606 347 636 monasteriis
358 606 499 646 spelunca
506 606 631 636 summis
642 607 672 636 in
686 606 821 646 rupibus,
838 605 951 636 habens

130 659 248 690 quoque
261 650 415 681 aediculam
434 650 571 681 Michaeli
587 651 763 690 archangelo
785 650 848 691 (16)
865 650 950 680 dica-

132 694 384 732 tam,solitudinis
406 695 545 726 studiosis
568 695 732 736 aptissima.
761 695 793 726 In
810 695 885 725 hanc
899 694 950 725 ille

131 737 302 769 fortitudine
317 738 454 779 inclytus,
481 745 632 780 assumpto
657 740 750 770 Heliae
765 739 828 770 zelo
844 743 872 770 et
887 738 949 769 He-

132 782 221 813 lissaei
238 783 404 822 tolerantia,
422 784 789 824 sanctorumqueomnium
798 783 948 824 patientia,

995 208 1096 247 εἷρὴνῃ,
1130 204 1158 237 10
1185 207 1211 236 δὲ
1247 207 1318 239 ὅσιος
1349 209 1439 248 Πατὴρ
1475 209 1553 246 ἤμων
1583 209 1676 241 Νεῖλος
1707 209 1744 238 ἔτι
1773 211 1817 238 καὶ

995 251 1033 280 ἔτι
1068 253 1224 292 προκόπτων
1259 252 1304 280 καί
1340 252 1514 290 αὒξανόμενος
1548 260 1608 285 ταῖς
1643 255 1710 282 κατὰ
1747 254 1812 282 Θεόν

996 295 1136 326 ἀναϐάσεσι
1166 298 1210 326 καὶ
1245 297 1380 334 θεώσεσιν,
1418 297 1518 336 ἠράσθη
1555 299 1599 326 καὶ
1631 301 1678 336 τῇς
1716 300 1816 339 μητρὸς

996 344 1088 370 πασῶν
1115 344 1166 369 τῶν
1205 341 1304 381 ἀρετῶν
1340 341 1465 381 ἡσυχίας,
1503 341 1610 370 πλείονα
1647 342 1759 371 πλοῦτον
1788 343 1818 371 ἐκ

995 386 1092 419 ταύτης
1120 386 1221 425 ἰσχύων
1259 384 1382 425 κερδῇσαι
1419 387 1462 414 καὶ
1490 386 1597 426 ἄπειρον
1635 388 1739 427 σοφίαν,
1769 388 1819 416 Καὶ

995 434 1071 458 τοῦτο
1098 431 1198 462 ἀναθεὶς
1231 437 1288 461 τοῖς
1316 430 1398 468 ἁγίοις
1436 431 1564 470 Πατράσι,
1600 430 1641 459 διὰ
1675 433 1705 459 τὸ
1733 433 1818 460 πάντα

996 476 1062 513 μετά
1076 474 1172 513 βουλῇς
1201 474 1286 502 αὖτῶν
1314 475 1451 513 πράττειν,
1469 478 1502 512 τῇ
1532 475 1617 503 αὐτῶν
1647 476 1746 504 συνέσει
1774 477 1819 504 καὶ

993 519 1128 559 δι’,εὒχῶν
1150 520 1269 558 συνεργίᾳ
1296 519 1327 546 τὸ
1356 518 1492 556 βουλευθὲν
1523 519 1652 559 ἐκυρώθη.
1681 520 1818 555 Σπήλαιον

991 565 1018 593 δέ
1048 565 1117 592 ἐστιν
1146 563 1174 591 οὗ
1204 564 1306 602 μακρὰν
1334 566 1386 591 τῶν
1414 565 1609 604 μοναστηρίων,
1641 564 1666 592 ἐν
1694 569 1732 602 τῷ
1757 565 1816 603 ὕψει

991 613 1036 638 τοῦ
1059 612 1178 648 κρημνοῦ
1206 607 1380 646 διακείμενον,
1410 608 1474 648 ἕχον
1499 609 1525 637 ἓν
1554 610 1623 647 αὸτῷ
1651 611 1694 638 καὶ
1723 612 1816 639 θυσια-

992 655 1098 694 στήριον
1125 651 1166 681 ἐπ’
1205 653 1315 690 ὁνὸματι
1353 656 1399 681 τοῦ
1435 654 1651 693 ἀρχιστρατήγου
1692 655 1816 694 Μιχαὴλ,

991 699 1058 726 πάνυ
1085 699 1150 736 πρὸς
1178 697 1291 737 ἡσυχίαν
1321 696 1350 725 ἄν
1379 697 1527 732 ἐπιτήδειον
1554 706 1612 730 τοῖς
1648 698 1817 732 επιτηδείοις,

991 742 1036 771 Ἐν
1047 742 1131 778 τούτῳ
1156 745 1194 778 τῷ
1221 741 1344 778 σπηλαίῳ
1371 743 1385 769 ὁ
1410 741 1528 781 ἀνδρεῖος
1552 743 1652 774 ἐκεῖνος
1679 742 1818 771 ἀναλαϐὼν

993 782 1083 815 Ἠλιοῦ
1097 787 1142 814 τὸν
1171 785 1263 823 ζῇλον,
1277 787 1321 814 καὶ
1337 784 1485 814 Ἐλισσαίου
1500 787 1549 821 τὴν
1563 788 1710 827 καρτερίαν,
1726 788 1774 821 τὴν
1790 799 1817 816 τε

131 827 232 857 sedem
249 827 740 868 positurusascendilmaximocum
753 828 860 868 gaudio
875 837 949 858 sum-

1033 831 1126 869 λμονὴν
1148 830 1253 858 πάντων
1278 833 1331 858 τῶν
1355 830 1448 869 ἁγίων,
1475 831 1615 871 ἀνέρχεται
1650 832 1818 866 κατοικήσων

128 880 233 911 maque
255 872 417 904 alacritate.
435 872 467 902 In
483 882 517 903 ea
541 872 703 903 solitariam
720 873 806 904 vitam
823 873 947 910 ducens,

127 914 280 956 Deumque
297 917 480 957 prastolans,
497 918 556 947 imo
571 921 639 948 ante
654 917 736 948 illum
762 921 842 948 stans
857 921 885 948 et
901 917 949 948 in-

128 959 274 992 visibile'm
302 965 443 1000 tanquam
472 961 616 992 visibilem
646 971 782 1000 cernens,
808 962 899 992 multa
921 966 951 993 ct

131 1004 258 1036 maxima
285 1007 446 1037 certamina
467 1007 591 1038 viriliter
613 1007 796 1046 decertavit;
826 1007 948 1038 studens

129 1049 326 1090 antiquiorum
343 1051 475 1081 omnium
496 1056 663 1082 sanctorum
687 1051 896 1091 justorumque
918 1051 946 1081 in

132 1094 315 1131 perferendis
332 1095 482 1126 laboribus
504 1105 677 1136 comparare
702 1096 758 1126 sibi
782 1096 904 1126 virtutes
919 1100 948 1127 et

130 1138 319 1179 merita,qua-.
331 1140 428 1170 nullus
436 1144 535 1171 autveu
545 1140 590 1170 bis
601 1140 769 1181 exprimere
782 1144 882 1180 queat,
898 1144 949 1170 aut

128 1182 246 1223 scriptis
264 1184 415 1222 mandare,
432 1193 467 1215 eo
484 1185 562 1224 quod
580 1185 609 1215 in
625 1185 740 1215 occulto
756 1184 831 1215 facta
852 1184 948 1214 solum

128 1225 209 1257 illum
233 1237 292 1258 non
316 1230 435 1266 lateant,
462 1229 511 1269 qui
535 1229 614 1259 videt
635 1230 774 1260 occulta:
800 1228 858 1258 nisi
883 1228 949 1268 quis

129 1279 162 1300 ea
177 1273 326 1312 conjectel
338 1282 372 1303 ex
389 1273 448 1304 line
458 1278 486 1304 et
501 1273 695 1304 retributione
712 1279 844 1313 paterna.
865 1285 877 1300 α
895 1272 948 1303 Pa-

129 1320 175 1345 ter
190 1316 282 1354 enim,
300 1317 397 1358 inquit
422 1318 457 1355 ‘3,
485 1322 563 1356 tuus,
587 1320 636 1358 qui
667 1317 747 1348 videt
770 1317 800 1348 in
824 1317 949 1347 abscon-

129 1358 203 1395 dito,
222 1361 327 1392 reddet
343 1361 396 1392 tibi
420 1362 452 1392 in
477 1362 644 1393 manifesto.
670 1373 684 1391 ν
711 1363 745 1393 Ει
769 1371 871 1392 rursus
898 1362 946 1392 l3:

132 1415 145 1430 ι
162 1403 348 1446 Quicumque
356 1406 564 1446 glorificaverit
581 1416 638 1444 me,
651 1406 821 1446 gloriﬁcabo
834 1414 913 1436 eum.
933 1416 948 1436 ι

175 1494 221 1526 14.
241 1492 313 1524 Nam
329 1493 395 1534 quis
410 1498 519 1525 tantam
537 1499 712 1526 consecutus
726 1499 769 1526 est
783 1496 905 1536 gloriam
921 1501 950 1528 et

130 1539 273 1570 honorem
291 1538 320 1569 in
335 1539 528 1578 generatione
544 1539 609 1577 hac,
624 1544 760 1580 quantam
778 1541 880 1571 beatus
901 1541 949 1572 hic

129 1584 172 1614 vir
188 1592 245 1614 non
264 1583 350 1614 modo
363 1593 379 1614 a
395 1584 570 1615 Christianis
586 1585 705 1624 regibus
720 1589 750 1615 et
767 1585 950 1626 principibus

128 1627 303 1668 patriarchis
318 1634 347 1658 et
363 1629 564 1668 pontiﬁcibus,
582 1629 643 1660 sive
656 1629 764 1660 nostris
780 1630 840 1661 sive
852 1634 951 1662 exter-

127 1673 185 1710 nis,
202 1672 254 1703 sed
271 1672 358 1703 etiam
375 1672 411 1703 ab
427 1673 596 1703 inﬁdelibus
613 1674 754 1714 tyrannis,
773 1673 951 1706 Sarraceno-

126 1726 205 1754 rum,
234 1716 367 1757 inquam,
393 1717 547 1757 dynastis?
562 1717 598 1748 Hi
611 1727 681 1748 sane
698 1718 740 1749 vel
756 1719 867 1749 nudum
886 1720 951 1759 ejus

127 1770 236 1792 nomen
245 1761 274 1791 in
287 1761 398 1791 honore
416 1761 576 1800 habebant,
588 1762 656 1802 quia
666 1767 840 1803 praesentem
851 1764 951 1795 videre

126 1815 184 1836 non
202 1809 348 1845 poterant.
375 1805 444 1836 Haec
469 1807 568 1837 omnia
590 1807 758 1838 certissima
781 1811 848 1838 sunt
867 1817 951 1847 argu-

128 1855 227 1880 menta
248 1850 457 1880 ferventissitni
481 1860 550 1890 erga
572 1852 666 1882 Deum
690 1852 812 1889 amoris,
832 1852 951 1893 depres~

127 1895 212 1934 sique
237 1894 340 1932 animi,
367 1904 425 1934 quo
450 1895 649 1926 sublimantur
673 1895 819 1933 homines,
839 1897 949 1928 multo-

127 1948 252 1978 rumque
270 1938 452 1979 jejuniorum
470 1943 498 1970 et
513 1939 678 1978 vigiliarum
695 1944 723 1970 et
739 1940 950 1980 profundarum

126 1983 363 2014 incurvationum
373 1987 401 2013 et
415 1983 639 2014 innumerorum
648 1984 800 2024 affligendi
818 1986 950 2026 corporis

129 2027 297 2068 modorum,
314 2036 429 2058 necnon
445 2028 631 2059 aestuantium
647 2029 843 2060 tentationum
860 2039 950 2070 oppu-

127 2071 359 2112 gnationumque
368 2071 545 2112 spiritalium
557 2072 773 2104 etsensibilium
783 2075 950 2114 etcorporis

992 876 1058 912 μετὰ
1072 875 1198 907 πλείστης
1224 877 1310 914 χαρᾶς
1331 885 1359 902 τε
1383 875 1427 902 καὶ
1450 876 1608 914 προθυμίας.
1637 874 1681 904 Ἐν
1702 878 1724 912 ᾧ
1751 877 1818 904 κατὰ

992 921 1073 958 μόνας
1089 919 1269 956 αὒλιζόμενος,
1291 919 1335 946 καὶ
1358 920 1402 946 τὸν
1425 921 1488 947 Θεὸν
1515 919 1728 960 προσδεχόμενος
1745 920 1816 958 μᾶλ-

991 964 1037 992 λον
1066 963 1088 992 δ’
1107 963 1218 992 ἐνώπιον
1242 963 1320 991 αὐτοῦ
1343 965 1549 1002 παριστάμενος,
1565 965 1609 993 καὶ
1632 966 1677 993 τὸν
1706 965 1816 1004 ἀόρατον

990 1010 1026 1040 ὡς
1043 1009 1135 1048 ὁρατὸν
1158 1007 1354 1047 πρυορώμενος,
1379 1007 1493 1040 πολλοὺς
1514 1010 1557 1037 καὶ
1581 1011 1717 1048 μεγίστους
1739 1009 1816 1049 ἀῳῶ-

989 1064 1035 1085 νας
1060 1052 1185 1092 ἀνδρικῶς
1213 1051 1371 1089 ἐπεδείξατο,
1401 1053 1506 1081 πάντων
1533 1057 1584 1081 τῶν
1616 1055 1818 1092 προηγωνισμέ-

991 1109 1040 1126 νων
1056 1098 1134 1125 ὁσίων
1145 1107 1173 1125 τε
1188 1097 1231 1124 καὶ
1246 1095 1350 1124 δικαίων
1375 1098 1421 1128 τὰς
1444 1097 1535 1136 ἀρετὰς
1560 1099 1603 1125 καὶ
1618 1099 1650 1126 τα
1676 1098 1741 1125 ἆθλα
1756 1099 1816 1126 ἀνα-

991 1142 1118 1180 μάξασθαι
1147 1141 1273 1169 σπεωωψ
1302 1141 1368 1181 εἴπερ
1394 1141 1474 1173 ουδεὶς
1503 1143 1538 1170 ὥν
1563 1142 1670 1182 ἰσχύσαι
1699 1154 1717 1175 η
1743 1142 1815 1181 λόγῳ

991 1186 1097 1225 φράσαι,
1128 1186 1145 1220 ἢ
1181 1189 1268 1225 γραφῇ
1302 1185 1470 1225 παραδοῦναι,
1505 1185 1546 1214 διὰ
1582 1189 1612 1214 τὸ
1652 1186 1678 1214 ἐν
1716 1191 1817 1225 κρυπιῴ

991 1231 1063 1268 μόντμ
1088 1234 1126 1267 τῷ
1154 1230 1186 1258 τὰ
1215 1231 1314 1269 κρυπτὰ
1341 1230 1418 1259 εἰδότι
1447 1232 1697 1271 προσα-ἀφὲρεσθαγ
1730 1233 1751 1259 εἰ
1777 1233 1815 1269 μή

990 1275 1040 1302 πού
1064 1286 1103 1306 τις
1132 1278 1213 1302 ταῦτα
1238 1275 1290 1302 ἀπὸ
1317 1279 1363 1303 τοῦ
1387 1275 1477 1306 τέλους
1502 1277 1673 1315 τεκμῄροιτο,
1699 1276 1812 1304 τουτέστι

991 1321 1037 1357 τῇς
1066 1319 1136 1358 παρὰ
1164 1322 1209 1346 τοῦ
1234 1322 1299 1347 Θεοῦ
1324 1318 1412 1356 δόξης,
1437 1320 1480 1347 καὶ
1504 1323 1551 1357 τῇς
1579 1323 1708 1359 πατρικῇς
1733 1321 1816 1348 ἀντα-

991 1362 1134 1395 ποδόσεως.
1152 1374 1167 1390 α
1185 1359 1213 1391 Ὀ
1239 1364 1328 1402 Πατήρ
1354 1375 1399 1391 σου
1424 1365 1484 1403 γὰρ,
1513 1366 1602 1404 φησὶν,
1626 1367 1640 1392 ὃ
1662 1365 1766 1402 βλέπων
1789 1365 1816 1392 ἐν

1422 1408 1429 1417 9

991 1411 1028 1445 τῷ
1052 1411 1170 1447 κρυπτῷ,
1192 1407 1321 1436 ἀποδώσει
1350 1419 1390 1436 σοι
1421 1408 1447 1435 ἐν
1475 1413 1513 1446 τῷ
1540 1413 1644 1449 φανερῷ
1660 1410 1724 1437 ’καὶ
1753 1410 1813 1441 τοὺς

960 1451 1143 1491 (ςδοξάζοντάς
1160 1463 1205 1490 με,
1222 1453 1297 1492 φησὶ,
1313 1451 1425 1485 δοξάσω.
1445 1464 1459 1481 υ

1031 1495 1074 1527 ιδ’.
1093 1501 1137 1528 Τις
1159 1495 1181 1524 δ’
1203 1496 1284 1528 οὕτως
1313 1496 1436 1531 ἐδοξάσθη
1465 1499 1509 1525 καὶ
1539 1497 1652 1535 ἐτιμήθη
1668 1498 1694 1525 ὲν
1711 1501 1744 1536 τῇ
1771 1509 1815 1538 γε-

991 1543 1036 1577 νεᾷ
1063 1541 1158 1578 ταύτῃ,
1187 1542 1223 1572 ὡς
1252 1542 1266 1569 ὁ
1295 1542 1422 1581 μακάριος
1457 1543 1552 1582 οὗτος,
1581 1542 1610 1569 οὗ
1637 1543 1716 1579 μόνον
1745 1544 1815 1582 παρά

991 1589 1091 1614 πιστῶν
1119 1585 1248 1623 βασιλέων
1278 1587 1321 1614 καὶ
1358 1586 1507 1626 ἀρχόντων,
1550 1591 1721 1626 πατριαρχῶν
1751 1589 1816 1625 ὁμοῦ

991 1631 1035 1658 καὶ
1070 1629 1225 1670 ἀρχιερέων,
1265 1630 1404 1670 ὁμοφύλων
1446 1632 1489 1659 καὶ
1529 1631 1581 1671 οὔχ
1623 1631 1815 1670 ὁμογλώσσων,

991 1674 1058 1702 ἀλλὰ
1085 1675 1128 1702 καὶ
1158 1675 1228 1713 παρὰ
1266 1677 1318 1702 τῶν
1355 1675 1471 1704 ἀπίστων
1510 1676 1654 1716 τυράννων,
1685 1675 1756 1714 λέγω
1783 1675 1814 1709 δη

990 1722 1043 1747 τῶν
1070 1718 1246 1758 Σαῤῥακηνῶν
1282 1718 1486 1759 ιρυλαρχούντων
1503 1727 1510 1735 ⁸
1542 1719 1639 1752 οἵτινες
1678 1721 1752 1757 μόνῳ
1778 1725 1816 1757 τῷ

991 1764 1099 1801 ὀνόματι
1132 1766 1211 1810 αυτοῦ
1247 1764 1327 1801 τιμὴν
1365 1763 1512 1802 ἀπεδίδουν,
1552 1764 1642 1798 ἐπειδὴ
1683 1768 1731 1802 τῇς
1757 1765 1816 1797 θέας

991 1808 1127 1846 ἠμοίρουν,
1155 1807 1283 1847 Ἔλεγχος
1312 1808 1339 1836 δὲ
1368 1813 1449 1838 ταῦτα
1476 1809 1562 1839 πάντα
1589 1813 1637 1847 τῇς
1665 1813 1711 1837 τοῦ
1726 1809 1816 1849 ἀνδρὸς

991 1854 1054 1892 πρὸς
1081 1853 1145 1884 Θεὸν
1173 1851 1295 1892 διαπύρου
1325 1853 1442 1894 ἀγάπης,
1473 1855 1517 1881 καὶ
1544 1857 1591 1892 τῇς
1615 1854 1745 1891 ὑψοποιοῡ
1772 1865 1817 1882 ται

991 1896 1206 1936 πεινοφροσύνης,
1254 1897 1299 1925 καὶ
1332 1900 1384 1925 τῶν
1433 1897 1538 1926 πολλῶν
1584 1901 1726 1935 νηστειῶν,
1773 1899 1817 1926 καὶ

991 1941 1140 1981 ἀγρυπνιῶν
1167 1942 1210 1969 καὶ
1249 1945 1394 1979 μετανοιῶν
1423 1943 1467 1970 καὶ
1501 1945 1655 1982 κακουχιῶν
1672 1951 1679 1959 ·
1698 1942 1727 1969 οὗ
1765 1943 1818 1979 μὴν

991 1984 1018 2012 δὲ
1040 1985 1108 2013 ἀλλὰ
1137 1986 1180 2013 καὶ
1203 1988 1256 2013 τῶν
1282 1985 1405 2025 ἒμτώρων
1431 1989 1596 2025 πειρασμῶν,
1623 1986 1668 2014 καὶ
1692 1985 1818 2023 πολέμων

991 2033 1093 2063 νοητῶν
1130 2031 1176 2067 καὶ
1215 2031 1328 2069 ὁρατῶν,
1366 2031 1410 2058 καὶ
1452 2031 1609 2069 νοσημάτων
1646 2034 1816 2071 σωματικῶν,

991 2078 1043 2102 τῶν
1069 2075 1140 2114 παρὰ
1169 2077 1222 2102 τῶν
1260 2075 1415 2112 πνευμάτων
1453 2078 1500 2113 τῇς
1538 2076 1665 2114 πονηρίας
1702 2076 1818 2114 ἰσχυρῶς

127 2116 362 2156 aegrotationum,
373 2126 446 2156 quas
460 2116 502 2147 illi
519 2126 647 2158 nequam
658 2117 778 2157 spiritus
786 2119 948 2150 vehemen-

1033 2123 1063 2156 τῷ
1086 2118 1293 2158 ἐπενεχθέντων,
1318 2118 1360 2147 διὰ
1384 2120 1414 2147 τὸ
1439 2119 1544 2157 μέλλειν
1568 2120 1645 2147 αυτὸν
1671 2118 1818 2148 ἀναϐαίνειν

127 2166 170 2191 tes
194 2160 340 2199 indixere,
365 2161 444 2201 quod
467 2170 645 2192 ascensurus
670 2162 733 2202 ipse
749 2163 869 2194 essetin
885 2173 949 2195 eam

127 2206 352 2243 sublimitatem,
364 2207 400 2236 de
415 2215 471 2246 qua
488 2206 530 2237 illi
545 2207 690 2238 exturbati
705 2212 783 2240 sunt.
802 2208 858 2240 Sed
874 2220 950 2250 quo-

127 2251 206 2281 niam
223 2260 258 2282 ex
274 2250 373 2281 multis
388 2250 424 2281 ab
440 2260 474 2281 eo
489 2251 632 2291 praeclare
648 2252 740 2291 geSIis
756 2262 847 2293 pauca
865 2264 949 2286 com-

126 2304 292 2326 memorare
308 2299 434 2336 oportet,
451 2299 594 2336 quotquot
609 2296 696 2327 nobis
710 2297 851 2340 indignis,
877 2309 951 2340 quos

126 2347 164 2370 ex
184 2340 283 2370 animo
300 2340 363 2380 ipse
379 2340 492 2378 dilexit,
509 2350 569 2371 non
586 2341 749 2373 mentiente
765 2343 866 2382 lingua
880 2353 950 2375 nar-

127 2385 201 2415 ravit
226 2384 301 2424 (t7),
319 2385 532 2417 cohortationis
546 2395 614 2426 ergo
629 2387 666 2418 ad
683 2387 814 2427 potiores
828 2389 953 2422 virtutes

169 2463 196 2487 ίί
212 2465 319 2498 Matth.
333 2474 376 2502 v1,
396 2466 442 2499 t8.
486 2467 541 2499 ‘51
564 2466 635 2508 Reg.
657 2476 689 2506 ιι,
706 2467 757 2501 30.

992 2163 1027 2195 εἰς
1052 2162 1129 2200 ὕψος,
1157 2162 1213 2191 ὀῖὶεν
1238 2162 1327 2191 ἐκεῖνα
1359 2163 1490 2197 κατῆλθον
1507 2174 1513 2181 ·
1532 2163 1622 2197 ἐπειδὴ
1649 2163 1676 2192 δὲ
1704 2163 1734 2192 ἐκ
1748 2164 1817 2192 πολ-

991 2207 1045 2236 λῶν
1073 2211 1124 2235 τῶν
1152 2207 1249 2236 ἐκείνου
1285 2209 1492 2248 κατορθωμάτων
1530 2208 1606 2247 ὀλίγα
1642 2208 1683 2237 δεῖ
1717 2220 1820 2246 μνημο-

992 2256 1092 2287 νεῦσαι,
1123 2252 1171 2280 ὅσα
1208 2253 1275 2290 ἡμῖν
1308 2260 1366 2284 τοῖς
1405 2253 1514 2286 ἀναξίως

992 2297 1169 2336 ἀγαπηθεῖσιν
1183 2297 1200 2331 ἡ
1222 2295 1337 2334 ἀψευδὴς
1363 2297 1447 2325 αὑτῶν
1463 2298 1488 2325 εἴ
1513 2308 1577 2337 ρηκε
1602 2297 1720 2336 γλῶσσα,
1749 2309 1817 2337 προ-

992 2344 1092 2380 τροπῇς
1131 2340 1207 2369 ἕνεκα
1242 2343 1290 2374 τῆς
1323 2342 1401 2379 ἡμῶν
1440 2342 1584 2381 προὼμίας
1621 2344 1670 2374 τῆς
1710 2342 1745 2373 εἰς
1787 2343 1820 2371 τά

993 2385 1104 2424 κρείττω
1132 2385 1200 2413 κατὰ
1232 2386 1291 2418 τοὺς
1332 2389 1384 2414 τῶν
1418 2385 1570 2415 παλαιστῶν
1605 2385 1623 2418 ἦ
1651 2385 1819 2423 πολεμιστῶν

1555 2253 1625 2290 αὒτῷ
1655 2253 1684 2281 ἐκ
1711 2253 1818 2292 καρδίας

814 2549 942 2583 Joannis
960 2551 1024 2585 Clei
1042 2555 1134 2585 notae.

171 2627 233 2669 (15)
249 2625 323 2659 Tum
339 2627 388 2660 hic
401 2631 461 2659 tum
479 2628 587 2669 passim
610 2628 680 2660 alibi
696 2629 854 2662 observare
869 2631 948 2671 licet,

128 2673 326 2714 biograpbum
343 2683 392 2705 res
406 2678 503 2713 gestas
517 2673 623 2705 ordine
640 2675 792 2715 temporis,
809 2686 868 2716 quo
883 2686 953 2708 con-

130 2719 269 2758 tigerunt,
299 2728 357 2750 non
388 2728 520 2756 narrare,
553 2723 583 2750 et
621 2719 752 2760 prolepsi
779 2721 954 2762 frequenter

131 2767 235 2851 uu('16)
261 2808 331 2842 Hec
346 2813 415 2842 sunt
434 2809 637 2842 verisimiliter
660 2810 794 2850 exordia,
811 2810 953 2851 cmnobii,

993 2633 1072 2673 quod
1097 2643 1115 2664 a
1140 2633 1173 2665 S.
1197 2633 1341 2664 Michaele
1365 2632 1477 2664 ibidem
1503 2632 1687 2664 nominatum
1714 2633 1817 2675 fuisse,

992 2677 1065 2709 dicit
1080 2678 1216 2718 Agresta.
1232 2677 1307 2709 Vide
1326 2683 1387 2710 not.
1408 2679 1456 2710 14.

1035 2723 1097 2764 (17)
1122 2723 1272 2754 Habemus
1297 2722 1346 2754 hic
1372 2722 1473 2764 procul
1499 2722 1590 2754 dubio
1617 2722 1813 2764 biographum

995 2772 1098 2800 sancto
1113 2772 1395 2809 contemporaueum
1402 2792 1409 2800 .
