1954 3059
82 103 119 134 41

704 100 797 133 VITA
819 99 850 131 S.
874 98 957 131 NILI
978 98 1162 130 JUNIORIS.

1741 98 1780 131 42

83 168 276 210 διδασκάλους,
316 173 397 197 ταῦτα
426 171 564 208 παρθῶμεν
593 172 632 205 τῷ
660 167 731 206 λόγῳ
759 172 816 198 τοῖς

1009 163 1068 210 lius
1083 163 1169 195 nobis
1184 163 1385 210 arripiendas,
1411 167 1444 195 ut
1469 163 1700 210 palaestritarum
1723 175 1780 206 pu-

84 213 216 251 λομένοις
238 215 268 243 ὲκ
295 214 400 242 πάντων
424 213 551 254 ὠφέλειαν
577 214 758 253 καρποῦσθαι·
791 213 821 240 οὐ
847 212 913 238 θαυ-

85 258 184 295 μάτων
212 259 352 297 μεγίστων,
380 258 398 292 ἢ
424 258 559 297 τερατείων
589 256 718 289 ἀπόδειξιν
741 257 912 295 παριστῶντι,

84 304 130 334 οἷς
172 302 387 338 καταπλήττεται
411 303 429 336 ἡ
458 302 526 335 ἀκοὴ
561 304 613 329 τῶν
641 299 866 339 νηπιιιιϐεστέρων²
897 297 915 331 ἣ

83 349 140 374 τῶν
157 347 288 383 ἀπίστων,
315 346 382 374 ἀλλὰ
406 346 498 374 κόπων
528 345 647 384 ἀμέτρων
664 346 715 390 "ml
739 344 848 384 μόχθων
873 344 915 374 οἷς

82 392 116 418 τὸ
141 390 308 419 Ἀπόστειλον
331 391 536 430 ἐγκαυχώμενον
561 388 634 418 οἶδα.
664 383 750 426 ’δμως
772 389 816 416 καὶ
836 391 917 416 ταῦτα

82 442 145 468 τοῖς
185 437 233 473 μὲν
271 436 387 475 ἀπείροις
423 434 550 467 πολλαϐις
581 435 677 463 ἄπιστα
705 433 832 473 δόξουσιν,
857 439 915 464 τοῖς

82 479 111 506 δὲ
142 482 236 512 ποσῶς
264 480 466 520 πεπειραμένοις
497 479 579 515 ζῆλον
609 479 744 514 ἐνθήσουσι
776 478 819 506 καὶ
844 478 915 514 μνή-

83 535 140 561 μης
157 523 329 564 ἔμπύρευμα.

956 208 1169 248 gnantiuinque
1184 208 1316 248 magistri
1330 209 1427 240 facere
1442 208 1540 240 solent
1554 219 1562 247 ;
1579 218 1646 249 age,
1662 209 1693 240 in
1714 219 1780 240 me-

958 253 1037 283 dium
1054 254 1250 293 proferamus,
1267 254 1422 285 utilitatem
1439 263 1474 285 ex
1490 263 1667 295 unaquaque
1683 264 1716 286 re
1732 263 1782 285 vo-

958 296 1213 338 lentibuscapere,
1227 307 1284 328 non
1295 307 1359 338 quas
1369 307 1467 339 praese
1480 298 1574 329 ferant
1583 299 1779 330 maximorum

959 342 1170 373 miraculorum
1178 351 1210 372 ac
1217 342 1421 382 prodigiorum
1428 343 1782 384 amplitudinem,quibus

958 386 1170 427 obstupescunt
1185 386 1327 417 ineruditi
1341 391 1371 417 et
1385 387 1536 426 infideles,
1553 387 1604 419 sed
1620 389 1782 420 immensos

958 431 1075 462 labores
1091 435 1121 462 et
1133 431 1271 468 sudores,
1291 431 1328 462 de
1344 431 1451 472 quibus
1463 432 1525 462 scio
1534 433 1704 473 Apostolum
1721 433 1782 473 glo-

957 477 1097 507 riantem.
1108 476 1180 507 Nam
1191 480 1220 507 et
1233 477 1295 506 haec
1305 476 1370 515 ipsa
1379 477 1540 516 inexpertis
1549 478 1668 517 quidem
1678 478 1780 509 incre-

958 521 1062 552 dibilia
1077 520 1255 552 videbuntur
1267 531 1274 558 ;
1282 520 1389 561 quibus
1395 529 1463 552 vero
1471 521 1588 562 aliquod
1595 523 1782 563 experimen-

959 570 1019 596 tum
1035 568 1090 602 est,
1117 564 1289 596 excitabunt
1313 565 1409 596 zelum
1432 569 1462 597 et
1488 565 1572 605 ignes
1591 567 1701 598 addent
1716 576 1779 598 me-

958 618 1069 640 muriae.

844 680 964 713 CAPUT
979 681 1028 713 IlI.

81 735 118 768 S.
129 736 226 767 Nilus
225 736 356 776 jejuniis
364 736 538 776 vigiliisque
547 743 670 767 carnem
676 735 777 766 domat
787 738 814 766 et
822 734 949 774 spiritui
956 734 1023 775 subj
1026 735 1092 767 icit:
1116 737 1201 767 varie
1212 737 1364 768 orationes
1374 739 1640 779 occupatimtesque
1654 739 1780 770 diurnas

124 780 240 812 dividit
254 781 295 811 ad
309 781 464 812 vitandum
479 781 619 812 taedium:
637 781 836 824 antiquorum
853 780 979 810 Patrum
992 780 1130 820 singulas
1146 782 1266 813 vivendi
1280 791 1406 814 normas
1420 784 1582 823 experitur
1596 793 1606 813 :
1616 785 1737 824 jejuniu
1752 789 1781 816 et

125 826 389 866 mortiﬁcationem
404 834 499 865 usque
511 825 551 856 ad
565 828 716 865 stuporem
731 823 810 861 colit,
827 824 971 863 varieque
986 833 1004 855 a
1019 825 1154 857 dwmone
1167 829 1298 858 tentatus
1313 828 1346 858 in
1361 827 1498 858 morbum
1513 829 1633 860 incidit.

129 873 176 908 ιε’.
195 878 316 910 Ἐκεῖνος
329 880 342 906 ὁ
358 878 481 918 ἕνσαρκος
505 877 617 917 ἅγγελος
631 876 742 910 ὑπέταξε
757 878 805 915 μὲν
823 878 899 916 ψυχὴ

1009 878 1118 918 5.Ergo
1128 889 1288 919 corporeus
1296 879 1778 922 illeangelussubdideratquidem

87 924 132 950 καὶ
161 928 267 960 πνεῦμα
295 926 334 960 τῷ
368 923 441 960 νόμῳ
469 926 515 950 τοῦ
543 923 706 959 πνεύματος,
736 921 818 960 μηδὲν
847 921 916 953 ὅλως

86 967 170 1000 ἐάσας
208 969 253 996 τὸν
287 971 346 996 νοῦν
380 968 522 1006 φροντίζειν
559 971 610 996 τῶν
644 968 717 995 κάτω
753 968 796 996 καὶ
830 969 917 1007 χαμαὶ

86 1011 257 1051 ἐρχομένων,
283 1011 343 1039 ἀλλ’
365 1011 496 1051 ἐξερευνᾷν
519 1012 563 1039 τὸν
588 1012 668 1049 νόμον
693 1015 738 1040 τοῦ
767 1015 846 1051 Θεοῦ,
874 1013 917 1040 καὶ

86 1055 114 1082 ἐν
143 1054 199 1094 ὅλῃ
228 1055 318 1095 καρδίᾳ
347 1055 470 1091 ἐκζητεϊν
498 1061 544 1085 τοῦ
571 1055 709 1095 πληρῶσαι
740 1056 786 1087 τὰς
809 1054 916 1086 ἐντολὰς

86 1101 179 1130 αὐτοῦ.
199 1095 323 1132 ιΥπέτπιξε
345 1099 372 1127 δὲ
397 1100 447 1133 τὴν
472 1100 554 1139 σάρκα
577 1103 614 1136 τῷ
638 1100 778 1139 πνεύματι,
803 1099 918 1127 πλεῖστα

87 1146 156 1182 αὐτῇ
195 1145 374 1182 νομοθετήσεις
410 1145 453 1172 καὶ
488 1143 585 1184 σφόδρα
622 1143 840 1183 δουλαγωγήσας,
870 1148 917 1172 τοῦ

88 1191 200 1222 εὐπειθῆ
230 1190 273 1217 καὶ
297 1189 412 1226 εὖήνιον⁷
444 1189 517 1216 εἶναι
542 1193 580 1226 τῷ
604 1189 711 1226 νεύματι
735 1193 780 1217 τοῦ
804 1188 915 1216 ἐπιστα-

47 1233 55 1236 ’
86 1239 209 1264 τοῦντος.
243 1232 355 1266 Ἐδίδαξε
383 1234 431 1270 μὲν
469 1234 519 1272 γὰρ
546 1234 638 1269 αὐτὴν,
665 1232 706 1260 διὰ
727 1231 772 1261 δύο
837 1236 914 1272 τριῶν

85 1279 212 1318 ἡμερῶν,
242 1277 259 1311 ἢ
284 1278 327 1305 καὶ
354 1277 431 1305 πέντε
455 1276 598 1315 λαμϐάνειν
619 1280 730 1317 τροφῆς,
755 1278 799 1305 καὶ
822 1277 915 1305 τοσαύ-

87 1334 138 1356 την
168 1322 210 1350 ἀεί
226 1321 313 1361 ἐνδεῆ,
340 1323 382 1349 καὶ
406 1322 466 1350 θ’ἕαν
491 1321 521 1349 ἂν
546 1322 628 1361 τύχῃ,
655 1324 688 1359 τῇ
708 1331 736 1349 τε
756 1324 807 1348 τῶν
830 1320 913 1354 ἡδέων

87 1367 170 1406 ὀρέξει
209 1365 339 1404 μηδαμῶς
362 1365 524 1394 ἐπισπεύδειν
543 1375 550 1383 '
581 1366 727 1405 ἀπέχεσθαι
758 1364 843 1403 οἴνου,
871 1367 914 1393 καὶ

86 1412 221 1439 παντοίων
250 1409 292 1438 διὰ
319 1411 399 1449 πυρὸς
426 1409 587 1447 ἐδεσμάτων.
616 1409 756 1447 Ἐμάστιζε
783 1408 810 1437 δὲ
833 1410 914 1443 αὐτὴν

88 1455 245 1496 ἀγρυπνίαις
273 1455 316 1483 καὶ
345 1454 510 1493 ψαλμῳδέαις
532 1456 575 1482 καὶ
604 1455 750 1494 παννόχοις
781 1455 912 1483 στάσεσιν.

90 1499 202 1534 Ἐπειδὴ
219 1499 246 1527 δὲ
271 1499 324 1527 ἐστι
348 1499 392 1527 καί
421 1499 447 1527 ἐν
471 1501 560 1530 αὺτοῖς
582 1505 640 1530 τοῖς
663 1498 757 1530 καλοῖς
772 1499 914 1538 πανουργία

90 1544 237 1584 ὂαίμόνων,
273 1543 340 1583 πέρα
373 1548 419 1572 τοῦ
447 1543 542 1582 μέτρου
568 1542 722 1571 ἐκτείνεσθαι
751 1541 916 1570 ὑποϐάλλου-

90 1600 124 1617 σα
159 1595 220 1619 τοῖς
249 1587 377 1627 ἀπείροις,
409 1591 489 1616 ταῦτα
523 1586 615 1624 ἐκείνῳ
648 1587 734 1626 μέτρῳ
761 1586 914 1627 διετελεῃτο⁷

91 1632 129 1661 ἵν’
158 1634 180 1661 εἰ
207 1632 257 1670 μὲν
289 1631 399 1670 ἐλλείψῃ
426 1643 450 1660 τι
478 1633 530 1659 τῶν
558 1632 759 1669 τετυπωμένων,
791 1632 916 1670 ῥᾳθυμίας

91 1677 187 1717 δειχθῇ
213 1677 245 1704 τὸ
265 1675 369 1715 λεἐψαιι³
395 1676 439 1702 καὶ
462 1676 498 1707 ὡς
523 1675 662 1715 χρεώστην
687 1675 765 1704 αὐτὸν
788 1675 836 1708 τὴν
860 1685 918 1702 συν-

91 1723 182 1756 ήθειαν
198 1721 337 1758 ἀπαιτήσῃ
354 1727 361 1735 ‘
387 1721 408 1747 εἱ
432 1719 458 1747 δέ
484 1731 509 1747 τι
535 1720 718 1759 περισσότερον
747 1721 760 1747 ὁ
787 1719 915 1758 λογισμὸς

92 1765 246 1803 omam“,
275 1764 406 1804 ᾃαιμόνων
433 1764 503 1792 εἶναι
531 1765 562 1792 τὸ
595 1763 683 1804 ἔργον,
711 1765 754 1791 καὶ
778 1764 915 1803 ἀποφεύγῃ

92 1811 137 1838 τὸν
153 1801 243 1841 δόλονξ
272 1801 341 1839 ’ὃθεν
366 1808 419 1837 ἀπὸ
443 1809 514 1848 πρωί
539 1807 589 1839 ἕως
610 1801 705 1847 ’τρίτης
732 1807 810 1841 ὀξέως
839 1801 917 1835 ἕκαλ-

93 1855 228 1895 λιγράφει,
264 1853 353 1890 λεπτῷ
388 1854 432 1881 καὶ
466 1856 557 1890 τωκνῷ
596 1857 734 1892 χρώμενος
770 1852 913 1892 ἷδιοχείρῳ,

92 1901 136 1928 καὶ
150 1897 285 1939 τετράδιον
308 1897 416 1937 πληρῶν
442 1896 500 1925 καθ’
527 1897 640 1930 ἑκάστην
657 1905 664 1912 ⁵
688 1897 714 1925 ἐν
742 1897 826 1933 τούτῳ
840 1897 914 1930 πλη-

93 1945 144 1984 ρῶν
179 1944 230 1977 τὴν
265 1946 312 1970 τοῦ
344 1942 494 1981 ἐργάζεσθαι
524 1941 678 1970 κελεύουσαν
704 1940 825 1975 ἐντολήν,
861 1941 916 1974 Τὴν

93 1989 120 2017 δὲ
148 1992 195 2017 τοῦ
221 1988 371 2025 Πνεύματος
397 1986 476 2026 χάριν
502 1987 568 2024 μετὰ
592 1987 643 2014 τῶν
668 1985 822 2014 ἀποστόλων
843 1984 916 2023 λαμ-

94 2032 179 2062 ϐάνων
207 2033 306 2061 ’ίστατο
340 2031 436 2071 μέχρις
471 2030 550 2064 ἕκτης
576 2032 647 2070 παρὰ
674 2034 712 2068 τῷ
740 2033 843 2069 σταυρῷ
872 2041 918 2058 του

100 2078 234 2106 Δεσπότου
270 2076 337 2114 μετὰ
363 2076 461 2115 Μαρίας
491 2076 535 2103 καὶ
565 2073 686 2103 Ἰωάννου
712 2075 743 2102 τὸ
771 2073 916 2114 ψαλτήριον

96 2124 207 2163 πιχῶν,
236 2122 280 2149 καὶ
307 2120 390 2148 ποιῶν
419 2119 584 2159 γονυκλισίας
608 2119 710 2160 χιλίας,
731 2118 916 2154 τελειουμένης

957 921 1011 952 Dei
1026 922 1083 962 legi
1098 928 1127 953 et
1141 923 1270 954 animam
1287 930 1318 954 et
1344 925 1493 965 spiritum,
1520 935 1579 956 non
1604 921 1780 966 permittens

959 967 1080 997 omnino
1092 968 1182 999 menti
1195 968 1232 998 de
1244 968 1354 999 infimis
1366 973 1396 999 et
1405 969 1558 1000 vilissimis
1571 971 1711 1010 cogitare,
1725 971 1780 1002 sed

958 1010 1038 1041 illam
1049 1011 1166 1051 erigens
1178 1012 1295 1044 assidue
1302 1013 1337 1043 ad
1347 1014 1595 1053 perscrutandum
1613 1015 1666 1045 Dei
1683 1015 1779 1055 legem

959 1059 989 1085 et
1000 1055 1171 1100 enitendum
1180 1057 1260 1088 omni
1274 1058 1384 1095 studio,
1396 1062 1427 1088 ut
1438 1063 1584 1099 praecepta
1595 1059 1778 1100 ejusimple-

958 1103 1015 1129 ret.
1037 1098 1172 1139 Subjecit
1187 1110 1255 1130 vero
1271 1111 1390 1132 carnem
1409 1102 1527 1141 spiritui
1542 1103 1644 1134 multis
1660 1098 1777 1134 edomi-

957 1149 1015 1174 tam
1030 1144 1144 1183 legibus
1159 1149 1187 1175 et
1203 1154 1337 1184 magnam
1363 1146 1392 1176 in
1417 1148 1588 1178 servitutem
1612 1148 1776 1189 redactam,

957 1192 991 1218 ut
1001 1197 1033 1218 se
1040 1189 1155 1219 facilem
1168 1193 1368 1230 etpromptam
1375 1190 1412 1220 ad
1421 1190 1621 1222 obediendum
1632 1192 1780 1232 praeberet

958 1233 1139 1264 moderantis
1155 1233 1287 1266 arbitrio.
1306 1234 1411 1265 Docuit
1439 1235 1548 1276 quippe
1575 1236 1654 1266 illam
1670 1236 1777 1275 altero,

957 1276 1002 1307 vel
1018 1277 1115 1314 tertio,
1134 1278 1177 1308 vel
1201 1278 1303 1318 quinto
1327 1288 1446 1319 quoque
1471 1279 1518 1310 die
1543 1279 1642 1310 cibum
1658 1289 1777 1312 sumere

957 1322 1171 1359 necessarium,
1189 1331 1318 1362 eumque
1333 1327 1450 1353 tenuem
1463 1323 1596 1361 ;ol)viam
1613 1328 1642 1354 et
1655 1334 1774 1355 suavem

955 1367 1158 1405 appetentiam
1190 1367 1314 1398 minime
1342 1367 1440 1406 sequi,
1468 1368 1617 1399 abstinere
1649 1369 1717 1399 vino
1749 1373 1779 1400 et

956 1411 1182 1452 quibuscunque
1193 1412 1301 1443 eduliis
1312 1412 1372 1452 igni
1382 1414 1484 1445 coctis.
1499 1414 1677 1454 Flagellabat
1686 1424 1777 1454 porro

957 1455 1037 1485 illam
1055 1456 1160 1495 vigiliis
1177 1461 1205 1487 et
1221 1458 1398 1497 psalmodia,
1416 1459 1688 1498 pernoctationibus
1698 1469 1778 1489 nun-

956 1509 1044 1539 quam
1058 1501 1235 1532 sedentariis
1252 1506 1281 1532 et
1296 1502 1422 1533 ﬂexione
1437 1503 1618 1534 creberrima
1633 1513 1775 1542 genuum.

958 1545 1103 1575 Caeterum
1122 1544 1190 1585 quia
1206 1555 1260 1577 nec
1276 1547 1305 1576 in
1329 1546 1402 1586 ipsis
1424 1546 1510 1577 bonis
1534 1547 1619 1578 deest
1633 1548 1779 1578 calliditas

958 1588 1113 1626 daemonis,
1129 1590 1312 1628 rudioribus,
1331 1590 1450 1622 modum
1467 1594 1498 1621 ut
1513 1592 1666 1629 excedant,
1677 1602 1781 1631 sugge-

957 1641 1039 1673 rens,
1052 1633 1081 1663 in
1094 1633 1232 1664 omnibus
1243 1635 1292 1664 ille
1302 1635 1420 1665 modum
1432 1635 1605 1674 adhibebat,
1617 1641 1659 1671 ut,
1674 1637 1698 1666 si
1707 1636 1777 1677 quid

958 1686 993 1708 ex
1004 1678 1171 1709 constitutis
1186 1678 1244 1708 sibi
1257 1678 1354 1709 minus
1364 1679 1493 1718 fecisset,
1517 1680 1650 1711 defectus
1668 1680 1779 1711 tribue—

956 1725 1039 1752 retur
1053 1722 1197 1752 socordiaa
1212 1727 1240 1753 et
1264 1732 1281 1753 ιι
1305 1723 1414 1763 seipso,
1442 1733 1549 1764 nempe
1574 1729 1606 1755 ut
1630 1725 1778 1765 debitore,

957 1771 1130 1797 consuetum
1145 1776 1257 1800 morem
1271 1768 1421 1807 exigeret:
1439 1769 1463 1798 si
1480 1769 1550 1808 quid
1566 1778 1635 1799 vero
1650 1770 1779 1809 amplius

957 1810 1135 1850 subjecisset
1150 1811 1299 1851 cogitatio,
1312 1813 1540 1851 dignosceretur
1551 1823 1624 1853 opus
1635 1813 1779 1844 daemonis

957 1859 987 1885 et
1002 1857 1161 1886 evitarelur
1179 1856 1275 1887 dolus.
1293 1856 1392 1896 Itaque
1408 1866 1425 1887 a
1441 1857 1535 1897 prima
1554 1857 1617 1888 luce
1634 1867 1727 1898 usque
1741 1858 1777 1888 ad

956 1899 1073 1930 tertiam
1091 1900 1231 1931 velociter
1242 1901 1392 1941 politeque
1403 1901 1598 1939 exscribebat,
1612 1902 1778 1932 litterarum

957 1944 1052 1974 forma
1068 1949 1152 1975 utens
1169 1945 1281 1975 minuta
1298 1950 1327 1976 et
1352 1946 1453 1984 densa,
1483 1951 1514 1976 ut
1528 1946 1653 1986 singulis
1673 1946 1779 1977 diebus

959 1989 1184 2029 quaternionem
1201 1990 1360 2030 impleret;
1391 1991 1445 2021 hac
1467 1990 1581 2021 ratione
1597 1995 1778 2031 praeceptum

958 2033 1128 2071 observans,
1140 2044 1196 2074 quo
1208 2034 1404 2065 laborandum
1417 2035 1632 2074 esse,jubelur.
1650 2035 1779 2076 Spiritus

957 2086 1027 2108 vero
1043 2078 1165 2116 gratiam
1179 2088 1246 2109 cum
1270 2079 1420 2119 Apostolis
1440 2080 1603 2120 accipiens,
1632 2080 1729 2110 stabat
1744 2079 1781 2110 ad

958 2131 1076 2152 crucem
1094 2122 1212 2153 Domini
1241 2133 1336 2163 usque
1360 2123 1396 2154 ad
1420 2127 1533 2154 sextam
1561 2133 1627 2154 cum
1644 2124 1738 2154 Maria
1753 2127 1782 2154 et

95 2168 141 2196 κᾶν
156 2168 242 2203 τούτῳ
266 2168 315 2199 τῆς
340 2166 380 2193 ἀεὶ
405 2165 597 2205 προσεύχεσθαι
624 2164 732 2198 ἐντολῆς
757 2175 866 2204 παρεγγι

1015 2176 1082 2203 nne,
1113 2167 1243 2199 recitatis
1273 2168 1402 2208 psalmos
1428 2172 1458 2199 et
1480 2178 1612 2207 genuum
1637 2168 1780 2199 ﬂexiones

96 2222 156 2244 σης,
187 2211 256 2240 Ἀπὸ
283 2209 310 2237 δὲ
335 2209 414 2242 ἕκτης
438 2209 488 2240 ἕως
511 2209 605 2242 ἐνάτης
633 2208 745 2242 ἐκάθητο
766 2208 867 2247 ἀναγινι

1012 2212 1039 2242 le
1055 2220 1212 2251 peragens,
1225 2204 1281 2243 hac
1291 2213 1379 2243 etiam
1392 2222 1426 2243 ex
1440 2204 1657 2253 parteimplens
1672 2222 1778 2253 perpe-

97 2267 148 2284 κων
181 2256 226 2283 καὶ
256 2254 393 2294 ἐξερευνῶν
425 2255 470 2281 τὸν
498 2254 578 2291 νόμον
606 2258 652 2283 τοῦ
681 2254 783 2293 Κορέου⁷
811 2253 854 2280 καὶ

1009 2266 1014 2286 ε
1029 2257 1177 2288 orationis
1195 2264 1386 2298 praeceptum.
1414 2259 1439 2288 A
1457 2263 1541 2288 sexta
1555 2258 1591 2288 ad
1607 2267 1714 2288 nonam
1729 2267 1780 2288 se-

97 2301 233 2338 ποιήματα
248 2300 299 2327 τῶν
313 2297 486 2329 διδασκάλων,
518 2303 600 2327 Τοῦτο
624 2298 674 2337 γὰρ
698 2298 711 2325 ὁ
735 2299 808 2328 θεῖος

1010 2305 1048 2331 iat
1071 2295 1462 2342 legens,‘persciutansque
1486 2303 1583 2342 legem
1612 2302 1731 2333 Domini
1753 2305 1781 2332 et

98 2343 187 2376 στολος
203 2344 313 2384 γράφει·
333 2343 466 2382 Πρόσεχε⁷
486 2341 584 2381 λέγων,
656 2342 813 2381 ἀναγνώσει.
837 2340 916 2370 Ἐνα-

99 2399 147 2422 την
174 2387 201 2417 δὲ
237 2388 393 2427 πληρώσας,
429 2388 472 2415 καὶ
500 2387 536 2418 ὡς
563 2387 679 2424 θυμίαμα
709 2389 766 2423 θεῷ
794 2385 916 2422 ἀναπέμ-

99 2443 154 2460 πων
184 2434 229 2462 τὸν
259 2432 379 2472 ἑσπέριον
415 2431 506 2471 ὕμνον,
533 2431 661 2471 ἐξήρχετο
689 2430 738 2466 ἕξω
766 2431 916 2470 περιπατῶν

99 2478 141 2505 καὶ
156 2477 348 2517 ὼραϊζόμενος,
374 2477 417 2504 καὶ
442 2476 535 2515 μικρὸν
556 2475 696 2503 ἀναπαύων
720 2475 768 2508 τὴν
793 2474 916 2508 αἴσθησιν

99 2528 263 2560 κεκμηκυῖαν
298 2524 335 2559 τῷ
364 2521 444 2558 μήκει
473 2523 521 2553 τῆς
550 2519 650 2559 ἡμέρας
679 2519 763 2559 φέρων
792 2521 859 2557 ὁμοῦ
886 2520 916 2547 τὸ

99 2570 144 2595 τοῦ
167 2565 330 2594 Ἀποστόλου
359 2566 400 2593 ἐπὶ
423 2570 469 2594 τοῦ
498 2564 628 2602 στόματος
657 2574 664 2581 ·
704 2570 749 2593 Οτι
773 2565 805 2591 τὰ
819 2563 916 2603 ἀόρατα

100 2615 144 2640 τοῦ
172 2615 236 2639 Θεοῦ
263 2611 315 2638 ἀπὸ
339 2610 449 2641 κτίσεως
474 2609 576 2646 κόσμου
599 2615 658 2640 τοῖς
677 2609 808 2645 ποιήμασι
837 2609 914 2637 νοού-

100 2665 162 2692 μενα
189 2657 329 2695 καθορᾶται
345 2664 351 2671 ·
383 2655 427 2682 καὶ
453 2655 495 2693 τὸ,
520 2653 566 2682 Ἐκ
590 2655 642 2681 τῶν
673 2651 915 2692 δημιουργημάτων

100 2700 142 2727 τὸν
159 2701 322 2740 Δημιουργὸν
337 2697 594 2737 καταλαμϐάνοντες.

139 2787 168 2814 η
180 2787 194 2820 Ι
205 2787 283 2822 Tim.
299 2796 340 2821 xv.
359 2787 406 2821 13.
448 2787 478 2814 15
491 2788 580 2820 Rom.
593 2796 615 2827 ι,
630 2787 681 2820 90.
723 2785 752 2812 ίθ
764 2785 842 2818 Ibid.

275 2839 404 2876 Ρωοι..
419 2839 475 2875 Gn.
491 2839 577 2874 CXX.

959 2345 1070 2385 scripta
1081 2350 1250 2376 sanctorum
1267 2348 1386 2378 Patrum
1414 2351 1503 2386 atque
1528 2347 1682 2377 doctorum
1699 2347 1782 2377 evol-

957 2398 1028 2420 vens
1044 2400 1052 2428 ;
1068 2390 1110 2420 ita
1129 2390 1207 2421 enim
1227 2391 1362 2432 praecipit
1387 2392 1558 2432 Apostolus,
1574 2390 1714 2431 Attende,
1731 2390 1781 2421 in-

958 2434 1065 2474 quiens
1076 2434 1114 2472 14,
1129 2435 1261 2466 lectioni.
1281 2437 1351 2467 Post
1367 2445 1473 2466 nonam
1494 2436 1624 2476 dirigens
1637 2436 1673 2467 ad
1687 2436 1781 2467 Deum

958 2479 1195 2510 sicutincensum
1202 2481 1350 2520 vespertin
1357 2490 1405 2511 um
1412 2481 1784 2522 hymnum,egrediebatur

958 2523 1189 2561 deambulatum,
1203 2529 1231 2555 et
1241 2534 1361 2556 sensum
1372 2525 1453 2556 varia
1467 2527 1648 2566 spectatione
1664 2526 1781 2556 modice

957 2573 1126 2599 recreatum
1142 2569 1284 2600 diuturno
1300 2570 1470 2600 dieilabore
1478 2571 1640 2607 defessum,
1651 2569 1784 2610 Apostoli

958 2612 1069 2643 dictum
1082 2615 1318 2652 pronuntiando:
1335 2614 1418 2650 Quod
1431 2614 1592 2645 invisibilia
1600 2614 1679 2645 Deia
1696 2623 1782 2645 crea-

959 2660 1023 2687 tura
1036 2657 1137 2688 mundi
1147 2667 1199 2698 per
1209 2667 1254 2696 ea,
1267 2669 1332 2699 qua:
1347 2660 1421 2690 facta
1438 2663 1516 2696 sunt,
1536 2659 1687 2690 intellecta
1704 2668 1780 2689 con-

958 2702 1123 2742 spiciuntur
1138 2703 1183 2735 ‘5:
1197 2707 1225 2735 et
1239 2704 1324 2744 illud,
1340 2705 1364 2736 E
1375 2704 1519 2736 creaturis
1530 2705 1700 2736 Creatorem
1714 2712 1781 2743 per-

958 2747 1105 2788 cipientes
1119 2748 1159 2781 ‘6.
