1954 3059
166 110 205 144 43

916 109 1098 144 ΑΝΟΝΥΜΙ

1815 117 1864 148 44

207 178 258 224 16.
275 176 380 224 Multas
392 184 510 224 quoque
526 175 688 206 sententias
704 178 733 224 et
747 173 837 206 verba
852 173 988 214 Gregorii

1071 172 1117 209 ις’.
1142 178 1258 224 Πολλοὺς
1280 178 1307 207 δὲ
1331 180 1375 208 καὶ
1399 180 1555 216 ἀπεστήθιζε
1579 181 1674 221 λόγους
1704 171 1746 211 καὶ
1772 195 1859 224 χρη-

166 221 296 262 theologi
312 220 453 252 recitabat
464 224 700 260 caeterorumque
715 220 882 253 doctorum.
900 227 988 250 men-

169 272 229 299 tem
245 267 274 297 in
288 265 334 297 his
360 269 502 306 perpetuo
530 274 683 303 exercens,
710 268 743 296 ut
757 264 839 295 nullo
856 267 990 303 tempore

169 310 428 352 vagaretur,simul
437 309 525 340 etiam
534 309 678 341 discendo
699 309 850 348 ingenium
868 316 988 339 acuens.

167 359 238 390 Post
252 355 321 386 solis
336 364 476 386 occasum
490 354 526 385 ad
542 364 675 385 mensam
691 354 751 385 ibat
764 365 770 385 :
784 363 888 384 mensa
903 361 991 393 porro

165 401 210 433 illi
223 403 286 432 erat
300 399 375 439 lapis
400 399 559 437 maximus,
586 403 614 430 et
636 398 760 429 scutella
785 398 927 438 apposita,
945 396 990 427 la-

167 454 250 486 genae
265 445 477 484 fragmentum,
496 447 524 474 et
539 443 638 474 cibum
666 453 732 474 cum
749 443 865 474 actione
879 441 991 486 gratia-

165 485 233 522 rum
248 488 396 520 sumebat.
411 488 482 518 Erat
497 492 595 519 autem
608 487 693 518 cibus
704 497 756 518 vex
767 487 893 527 simplex
906 485 991 526 panis

165 538 196 566 et
219 542 295 574 aqua
321 532 357 563 ad
383 541 530 569 mensam,
557 532 602 562 vel
630 535 711 563 certe
735 532 829 562 solum
851 531 990 570 legumen

165 583 303 610 coctum:
320 576 437 616 frugum
464 585 583 616 quoque
606 580 744 616 tempore
759 575 904 606 fructibus
921 578 989 604 tan-

166 627 229 654 tum
244 622 430 653 vescebatur.
448 620 582 651 Adnixus
607 621 686 652 etian
711 630 790 660 saepe
806 624 850 651 est
866 627 989 658 magna-

165 668 267 699 nimus
295 666 339 697 vir
367 665 517 705 decerptis
543 674 577 696 ex
604 665 712 696 arbore
736 665 851 705 siliquis
877 664 988 700 vivere,

167 711 312 752 myrtique
328 709 426 740 baccis
441 713 470 740 et
484 709 667 750 unedonum,
691 719 725 741 ac
749 708 909 740 similibus.
928 706 990 752 Ye-

164 751 407 793 rum,obtinente
418 753 539 784 domina
552 763 642 784 carne
655 763 720 794 quae
729 762 801 784 vere
814 753 903 783 ﬁebat
913 751 991 783 sicut

166 799 266 831 uterin
277 798 536 839 pruinal7,rursus
546 797 582 828 ad
590 798 674 838 panis
680 807 765 828 usum
776 797 905 828 redibat.
913 794 991 832 Quid

1031 232 1085 254 σεις
1119 228 1166 252 τοῦ
1197 223 1338 262 Θεολόγου,
1374 235 1418 252 και
1452 225 1505 253 τῶν
1539 224 1638 254 λοιπῶν
1673 225 1860 264 διδασκάλων,

1031 267 1169 305 γυμνάζων
1200 268 1240 296 ἀεὶ
1274 270 1318 296 τὸν
1346 273 1405 298 νοῦν
1433 269 1459 296 ἐν
1485 270 1599 308 τούτοις,
1626 271 1669 298 καὶ
1699 270 1863 310 ρεμϐασμοῦ

1031 311 1121 350 καιρὸν
1137 312 1175 349 μὴ
1190 311 1327 352 παρέχων,
1343 312 1398 349 ἅμα
1421 311 1447 340 δὲ
1469 313 1513 340 καὶ
1534 315 1582 346 τὴν
1597 315 1672 354 φύσιν
1686 318 1720 353 τῇ
1737 317 1860 352 μαθήσει

1033 354 1139 387 ὀξύνων,
1174 351 1262 384 Ἠλίου
1290 355 1317 384 δὲ
1340 355 1460 387 δύναντος
1485 351 1756 398 προσερχομενοςητῆ
1785 371 1860 399 τρα-

1031 399 1098 438 πέζῃ
1119 399 1206 438 ἐκείνῃ
1223 409 1230 416 ’
1258 400 1328 432 λίθος
1353 400 1379 428 δὲ
1404 401 1435 435 ἦν
1462 401 1586 440 μέγιστος
1609 402 1686 440 αὕτη,
1711 405 1755 432 καὶ
1770 405 1861 435 πινά-

1031 455 1087 472 κιον
1122 443 1164 472 ἐπ’
1199 446 1280 478 αίπῆς
1316 445 1475 483 ἀπόκλασμα
1509 447 1633 485 κεραμίου
1648 456 1654 462 ·
1685 447 1860 485 μετελάμϐα-

1030 499 1072 516 νεν
1101 489 1262 529 εὐχαρίστως
1288 492 1398 529 τροφῆς,
1424 491 1457 523 ῆς
1481 496 1608 530 μετεῖχεν
1637 490 1752 526 ἐκεῖνος,
1784 493 1858 520 ποτὲ

1031 532 1078 569 μὲν
1107 533 1184 570 ψιλὸν
1221 531 1308 573 ἄρτον,
1337 535 1382 561 καὶ
1418 533 1484 573 ὕδωρ
1523 533 1549 562 ἐν
1584 534 1681 574 μέτρῳ,
1720 537 1785 564 ποτὲ
1825 535 1855 564 δὲ

1030 577 1143 616 ὀσπρίων
1159 577 1300 615 ἐψημὲνων
1315 578 1359 605 καὶ
1382 578 1473 615 μόνον.
1505 577 1548 607 Ἐν
1573 583 1656 618 καιρῷ
1678 579 1704 607 δὲ
1720 587 1779 612 τοῖς
1798 584 1857 609 τῶν

1031 619 1140 660 δένδρων
1167 628 1281 660 καρποῖς
1310 622 1401 653 αὐτοῖς
1429 622 1539 662 ἠρκεῖτο
1567 624 1610 651 καὶ
1639 624 1741 661 μόνοις,
1772 623 1858 654 Ἐπύ-

1031 676 1137 694 κτευσεν
1166 667 1180 694 ὁ
1204 664 1322 705 ἀνδρεῖος
1348 666 1504 705 ὰρκεσθῆναι
1532 666 1661 700 πολλάκις
1686 675 1744 700 τοῖς
1769 669 1856 697 αὖτο-

1033 710 1125 748 μᾶτοις
1160 709 1232 749 δρυὸς
1269 711 1408 750 κερατίοις,
1438 711 1566 750 μυρσίνων
1595 723 1623 740 τε
1650 720 1708 744 τοῖς
1737 720 1857 753 καρποῖς

1029 755 1073 782 καὶ
1102 755 1237 793 κομάρων,
1267 755 1310 782 καὶ
1337 762 1396 787 τοῖς
1425 755 1536 793 ὁμοίοις.
1574 756 1655 785 Ἀλλὰ
1683 756 1725 785 διὰ
1751 758 1782 785 τὸ
1813 759 1856 795 μῆ

1032 797 1222 838 καταδέχεσθαί
1256 800 1301 826 τὸν
1340 798 1537 836 οἱδοδεσπότην,
1574 801 1711 839 γινόμενον
1746 801 1856 835 ἀληθῶς

167 832 341 875 ωυιιειίίιοι
369 832 488 873 vivendi
509 832 643 872 instituta
669 846 808 882 expertus
834 845 896 885 est,
918 842 988 885 quot

1069 855 1070 858 η
1104 832 1184 874 sciit);
1220 842 1246 870 ἐν
1281 846 1315 881 τῇ
1348 844 1454 884 πάχνη,
1491 832 1638 884 ὑπεστρεψε
1671 845 1750 873 πάλιν
1785 832 1856 885 πρὸς

167 887 292 928 singulis
313 887 385 918 olim
409 886 520 917 sanctis
545 886 681 918 Patribus
705 885 863 917 familiaria
886 884 989 921 fuisse,

166 933 298 972 legerat:
327 935 356 962 et
385 931 578 971 quadraginta
603 931 724 971 quidem
757 934 818 961 toto
843 929 906 960 dies
930 937 991 958 non

164 976 322 1018 jejunavit,
340 976 479 1006 humanae
495 975 590 1006 laudis
604 975 746 1006 invidiam
762 975 989 1015 pertimescens,

166 1021 322 1060 inﬁatique
336 1020 428 1052 animi
443 1019 646 1060 perniciosum
672 1029 763 1051 cornu
790 1018 989 1059 perfringens,

166 1071 215 1097 ter
242 1075 312 1097 vero
338 1065 459 1096 vicenos
488 1065 601 1105 peregit
628 1064 704 1105 dies,
735 1063 802 1094 cibo
831 1073 884 1103 per
916 1061 990 1093 illud

166 1114 284 1150 tempus
299 1110 345 1141 bis
357 1112 471 1140 tantum
490 1112 619 1149 sumpto,
632 1118 698 1139 cum
710 1118 745 1139 ex
756 1108 885 1148 practica
894 1107 990 1150 Theof

165 1149 262 1186 doreti
287 1153 415 1185 histOria
436 1153 640 1193 cognovisset,
666 1153 813 1184 exstitisse
839 1152 910 1182 olim
936 1149 991 1181 Dei

166 1203 314 1230 amantem
330 1198 483 1234 feminam,
495 1207 560 1238 quae
574 1197 631 1228 hoc
647 1197 830 1237 praestiterit.
843 1195 990 1232 Quocirca

165 1243 219 1275 ubi
232 1252 297 1274 rem
313 1242 517 1283 experimento
533 1241 676 1282 probavit,
703 1250 772 1271 vera
787 1250 853 1272 esse
868 1249 990 1280 compe-

165 1288 217 1328 rit,
246 1297 313 1328 qua
341 1289 451 1326 scripta
477 1290 556 1317 sunt.
584 1287 642 1317 Per
669 1295 779 1316 annum
807 1295 866 1316 uno
892 1284 990 1316 minus

168 1341 272 1363 mense
294 1331 405 1362 nullam
430 1331 550 1370 penitus
574 1330 709 1362 adhibuit
735 1329 897 1370 potionem,
914 1337 990 1369 pane

167 1376 232 1407 solo
244 1375 376 1416 quotidie
382 1375 419 1406 ad
430 1384 584 1415 vesperam
597 1384 668 1405 usus
679 1379 745 1415 post
757 1374 828 1404 solis
839 1382 986 1409 occasum,

167 1420 226 1451 duo
242 1420 299 1450 sibi
316 1429 350 1450 ea
378 1428 412 1450 ex
437 1428 471 1450 re
494 1419 652 1459 magnique
676 1417 819 1449 momenti
844 1416 988 1462 beneﬁcia

1069 1418 1179 1446 νέσθίων
1206 1416 1282 1457 ἄρτον
1305 1417 1383 1457 ξηρὸν
1407 1419 1474 1456 μετὰ
1497 1417 1566 1446 δύσιν
1593 1419 1667 1453 ἡλίου
1685 1429 1692 1436 ⁸

168 1473 356 1504 comparans,
372 1472 493 1504 nempe,
520 1467 550 1494 et
574 1463 625 1493 uni
651 1471 668 1493 e
695 1469 821 1502 quatuor
834 1460 989 1492 virtutibus

167 1508 372 1549 temperantiae
399 1507 553 1549 suppetias
585 1507 699 1538 ferret:
738 1506 875 1537 studebat
908 1506 987 1537 enim

169 1553 318 1594 praecipue
346 1553 392 1584 vel
421 1552 485 1593 ipsa
520 1551 645 1583 naturali
673 1551 833 1582 efﬂuxione
862 1550 989 1581 liberare

166 1607 287 1638 corpus,
305 1597 384 1638 quod
399 1601 676 1637 utassequerentur,
690 1596 809 1636 plurimi
820 1599 989 1626 sanctorum

167 1642 378 1680 decertarunt;
407 1641 523 1672 confert
549 1645 648 1673 autem
676 1641 714 1671 ad
744 1641 800 1671 hoc
828 1639 989 1680 plurimum

166 1686 613 1728 aquaeabstinentia,utquidam
629 1687 804 1717 Sanctorum
822 1685 885 1724 (18)
899 1684 987 1716 dixit:

168 1736 260 1771 utque
272 1735 416 1772 praeterea
427 1731 536 1762 mentis
546 1731 705 1761 vanitatem
716 1729 991 1770 reprimeretaddu-

166 1774 298 1812 bitantis,
315 1784 371 1806 nec
390 1775 480 1806 ﬁdem
502 1775 641 1806 habentis
665 1774 896 1809 narrationibus,
925 1782 989 1814 quae

166 1819 205 1851 de
219 1819 404 1850 admirandis
427 1819 651 1859 magniﬁcisque
672 1823 843 1850 sanctorum
867 1817 988 1849 Palmm

165 1863 251 1894 factis
278 1864 428 1904 leguntur.
460 1863 548 1894 Certe
577 1863 656 1894 enim
684 1867 753 1893 nota
778 1867 823 1894 est
852 1861 990 1893 omnibus

166 1907 293 1939 historia
311 1909 387 1948 eius,
405 1908 456 1948 qui
467 1907 726 1949 pertrienniumin
737 1906 991 1938 ministeriofurni

166 1955 303 1984 versatus
332 1957 379 1984 eat
404 1953 469 1984 sine
495 1956 567 1994 potu
587 1956 615 1983 et
640 1951 671 1982 in
699 1950 877 1982 abstinentia
906 1960 988 1982 mor-

168 1999 237 2027 tuus
253 1997 315 2037 (19)
331 2000 386 2029 est.

208 2041 259 2072 17.
271 2041 333 2072 Hoc
349 2041 519 2081 exemplum
533 2050 601 2072 cum
626 2039 713 2071 beato
729 2039 799 2071 huic
813 2039 941 2072 venisset
956 2040 988 2071 in

167 2090 310 2123 mentem,
341 2095 379 2116 ne
409 2085 531 2116 ariditas
552 2085 645 2116 nimia
670 2085 819 2125 pulmonis
848 2094 987 2124 magnum

1031 888 1080 920 τὴν
1108 890 1153 914 τοῦ
1182 886 1259 926 ἄρτου
1284 890 1393 927 χρῆσιν.
1423 889 1453 916 Τί
1475 887 1516 916 δεῖ
1537 888 1623 916 πολλὰ
1647 889 1759 930 λέγειν,
1784 901 1855 918 τοσ-

1032 932 1111 962 αύτας
1146 930 1279 963 πολιτείας
1314 930 1430 968 διῆλθεν,
1465 931 1528 963 ὅσας
1557 931 1618 972 παρ’
1654 934 1712 965 ἑνὸς
1741 935 1856 962 ἑκάστου

1030 978 1082 1003 τῶν
1110 975 1229 1015 ἀρχαίων
1264 975 1384 1015 πατέρων
1412 977 1573 1015 πραχθείσας
1605 975 1716 1015 ἆνέγνω.
1747 983 1855 1007 Τεσσα-

1031 1019 1143 1058 ράκοντα
1178 1019 1227 1057 μὲν
1262 1019 1362 1059 ἡμέρας
1398 1020 1522 1058 ἄγευστος
1546 1021 1576 1048 οό
1604 1019 1719 1057 διῆλθεν,
1748 1023 1856 1062 ὑφορώε

1031 1074 1110 1101 μενος
1137 1064 1168 1092 τὺ
1204 1063 1231 1091 ἐν
1259 1063 1379 1095 ἀπαίνοις
1403 1064 1534 1101 βάσκανον
1554 1068 1605 1092 τῶν
1631 1064 1786 1105 ἀνθρώπων,
1808 1067 1856 1094 καὶ

1030 1109 1060 1135 τὸ
1095 1112 1140 1137 τοῦ
1172 1108 1252 1147 τύφου
1297 1107 1436 1136 κατακλῶν
1482 1107 1629 1137 δεινότατον
1665 1110 1754 1149 κέρας.
1791 1111 1854 1150 Τρὶς

1032 1151 1117 1180 εἴκοσι
1128 1151 1244 1190 διῆλθεν,
1279 1151 1315 1183 δὶς
1350 1152 1377 1180 ἐν
1412 1153 1505 1184 αὑταῖς
1544 1154 1705 1192 γευσάμενος
1742 1157 1852 1192 μόναις,

1029 1197 1099 1236 παρὰ
1131 1197 1254 1235 γυναικὸς
1287 1196 1407 1236 φιλοθέου
1441 1200 1518 1225 τοῦτο
1551 1198 1640 1235 μαθὼν
1675 1198 1794 1227 τελεσθὲν
1821 1199 1853 1227 ὲκ

1029 1243 1078 1274 τῆς
1114 1240 1281 1279 Θεοδωρήτου
1316 1243 1462 1280 πρακτικῆς
1498 1242 1623 1280 ἱστορίας.
1661 1244 1707 1270 Διὸ
1742 1244 1786 1271 καὶ
1815 1246 1851 1281 τῇ

1030 1285 1106 1324 πείρᾳ
1140 1285 1203 1313 αὐτὸ
1234 1283 1390 1322 δοκιμάσας,
1427 1286 1498 1325 εὗρεν
1533 1285 1620 1319 ἀληθῆ
1648 1287 1717 1314 εἶναι
1746 1288 1778 1315 τὰ
1805 1299 1850 1326 γε-

1031 1329 1180 1368 γραμμένα.
1217 1329 1364 1362 Πεποίηκεν
1398 1329 1443 1356 ἕνα
1472 1329 1588 1358 ἐνιαυτὸν
1616 1331 1685 1370 παρὰ
1713 1334 1783 1368 μῆνα
1812 1333 1852 1369 μὴ

1031 1374 1190 1412 γευσάμενος
1205 1374 1284 1413 ὑγροῦ
1298 1373 1357 1401 οἵου
1372 1372 1403 1408 δή
1427 1384 1491 1402 ποτε
1515 1373 1596 1414 ὅλως,
1622 1376 1666 1402 καὶ
1688 1374 1746 1403 καθ’
1768 1376 1852 1404 ἐσπέ-

1719 1419 1764 1449 δύο
1780 1432 1851 1460 πρα-

1030 1463 1226 1501 γματευόμενος
1255 1462 1284 1490 ἐκ
1312 1462 1404 1490 τούτου
1432 1462 1547 1501 μεγάλα,
1577 1464 1607 1492 τό
1634 1475 1662 1492 τε
1686 1465 1851 1505 ὑπερμαχῆ-

1030 1518 1073 1535 σαι
1102 1506 1135 1535 δι’
1162 1507 1239 1535 αὐτοῦ
1265 1509 1299 1545 τῇ
1327 1510 1375 1544 μιᾷ
1403 1509 1455 1535 τῶν
1481 1508 1580 1547 ἆρετῶν
1609 1510 1754 1549 σωφροσύνῃ
1772 1518 1779 1525 ’
1808 1511 1851 1538 καὶ

1030 1552 1080 1591 γὰρ
1115 1551 1295 1591 ἐφιλοτιμεῖτο
1329 1553 1374 1579 καὶ
1408 1552 1490 1586 αὐτῆς
1527 1555 1576 1586 τῆς
1609 1556 1721 1593 φυσικῆς
1757 1554 1850 1594 ἐκροῆς

1031 1595 1177 1628 ἀπαλλάξαι
1201 1597 1231 1624 τὸ
1259 1599 1347 1634 σῶμα,
1372 1596 1436 1635 ὅπερ
1466 1597 1626 1636 ἠγωνίσαντο
1649 1600 1702 1626 τῶν
1722 1599 1804 1637 ἁγίων
1827 1601 1850 1627 οἱ

1030 1639 1153 1668 πλεῖστοι
1170 1649 1178 1657 ⁸
1208 1639 1275 1668 πολὺ
1291 1639 1317 1668 δὲ
1340 1640 1518 1678 συμϐάλλεται
1542 1642 1560 1675 ἡ
1582 1645 1628 1669 τοῦ
1651 1641 1743 1674 ὕδατος
1768 1642 1850 1671 ἔνδεια

1030 1691 1089 1716 τοῖς
1105 1685 1243 1720 τοιούτοις,
1271 1686 1307 1716 ὡς
1334 1683 1384 1725 ἔφη
1410 1696 1450 1716 τις
1474 1688 1525 1713 τῶν
1550 1686 1631 1724 ἁγίων
1648 1694 1656 1703 ⁸
1687 1688 1730 1715 καὶ
1745 1688 1774 1715 τὸ
1789 1687 1850 1716 ἆνα-

1030 1729 1133 1757 στεῖλαι
1159 1730 1208 1762 τὴν
1241 1733 1287 1757 τοῦ
1317 1728 1445 1768 λογισμοῦ
1471 1729 1607 1770 φλυαρίαν,
1634 1730 1797 1766 διστάζοντός
1821 1743 1849 1760 τε

1030 1774 1074 1801 καὶ
1100 1773 1271 1805 ἀπιστοῦντος
1301 1773 1327 1801 ἐν
1360 1780 1419 1805 τοῖς
1446 1774 1582 1814 ὑπερφυῶς
1611 1775 1654 1802 καὶ
1682 1775 1848 1815 μεγαλοπρε-

1030 1820 1087 1849 πῶς
1110 1824 1169 1849 τοῖς
1190 1818 1274 1857 ἁγίοις
1301 1818 1416 1857 Πατράσι
1437 1818 1640 1856 πεποιημένοις.
1667 1820 1778 1851 Πάντως
1800 1821 1848 1860 γὰρ

1030 1862 1183 1900 ἀκηκόαμεν
1208 1862 1303 1894 πάντες
1333 1864 1378 1891 τὸν
1407 1862 1435 1890 ἒν
1464 1866 1498 1901 τῇ
1527 1862 1643 1900 διακονίᾳ
1671 1868 1717 1893 τοῦ
1742 1864 1849 1904 φούρνου

1030 1907 1178 1941 ποιήσαντα
1205 1906 1263 1946 τρία
1291 1906 1350 1945 ἔτη,
1379 1907 1423 1935 καὶ
1451 1907 1490 1944 μὴ
1517 1907 1623 1948 πιόντα,
1649 1908 1693 1936 καὶ
1717 1907 1744 1936 ἒν
1768 1908 1849 1945 τούτῳ

1029 1950 1211 1982 τελειωθέντα.

1069 2034 1114 2075 ιζ’.
1141 2027 1220 2079 ’,Θπερ
1249 2038 1398 2078 ἐνθυμηθεὶς
1423 2041 1437 2068 ὁ
1467 2040 1594 2080 μακάριος
1623 2051 1711 2082 ουτος,
1734 2042 1772 2079 μή
1794 2053 1848 2074 πως

1028 2084 1046 2118 ἡ
1081 2084 1213 2118 παντελὴς
1249 2088 1294 2112 τοῦ
1329 2085 1475 2123 πνεύμονος
1517 2085 1590 2122 ψύξις
1624 2085 1740 2114 κίνδδνον
1779 2087 1847 2124 αὖτῷ

163 2129 290 2161 inferret
305 2130 484 2170 periculum,
501 2129 538 2160 ab
563 2130 692 2170 incoepta
709 2129 864 2160 deterruit.
882 2131 986 2170 Neque

1069 2129 1152 2168 ιγάγῃ
1180 2132 1226 2156 τὸν
1254 2128 1282 2156 οὗ
1317 2130 1444 2169 τυχόντα,
1473 2129 1607 2169 ἀνετράπη
1636 2133 1685 2163 τῆς
1715 2130 1844 2170 ἐργασίας.

166 2174 246 2205 enim
261 2174 326 2205 sitis
341 2174 385 2205 illi
397 2174 459 2215 jam
476 2174 600 2205 molesta
624 2177 698 2211 erat,
721 2178 754 2204 ut
777 2174 842 2214 ipse
857 2174 987 2205 afﬁrma-

1069 2184 1095 2201 τε
1131 2174 1179 2214 γὰρ
1209 2172 1270 2211 δίψα
1298 2175 1381 2212 αὐτῷ,
1411 2175 1447 2205 ὡς
1477 2176 1555 2206 αὐτὸς
1584 2174 1771 2216 ἐπληροφόρει,
1797 2187 1847 2204 πα-

163 2217 223 2257 bat,
233 2219 286 2250 sed
301 2228 398 2260 usque
412 2219 449 2250 ad
461 2222 594 2249 octavum
607 2217 686 2250 diem
708 2221 840 2257 tantum;
857 2219 988 2250 studiose

1069 2217 1165 2258 νώχλει
1193 2217 1298 2258 λοιπὸν,
1334 2217 1402 2246 ἀλλὰ
1437 2218 1532 2258 μέχρις
1560 2218 1656 2258 ὀγδόης
1685 2219 1785 2259 ἡμέρας
1808 2219 1848 2248 καὶ

161 2263 309 2295 recitabat
323 2263 658 2294 etobservahatdictum
669 2263 758 2294 illud:
778 2273 792 2292 α
803 2263 988 2303 Adhaesitpa-

1069 2274 1110 2290 νον
1127 2271 1134 2278 ⁸
1161 2263 1191 2290 ἐκ
1212 2261 1350 2294 διαθέσεως
1374 2262 1461 2290 ἐλάλει
1487 2273 1515 2291 τε
1539 2264 1583 2291 καὶ
1608 2263 1690 2292 ἐποίει
1705 2265 1746 2304 τὸ,
1762 2263 1848 2292 Ἐκολ-

107 2325 110 2328 -
160 2308 290 2340 vimento
297 2308 395 2340 anima
404 2318 480 2344 mea,
491 2307 605 2339 viviﬁca
616 2317 663 2338 me
676 2307 844 2338 secundum
860 2307 984 2339 verbum

1069 2309 1099 2341 θη
1129 2311 1166 2344 τῷ
1201 2306 1287 2348 ἐδάφει
1311 2308 1328 2341 ἡ
1353 2309 1429 2347 ψυχή
1459 2319 1520 2346 μοι),
1546 2309 1626 2344 ζῆσόν
1650 2319 1683 2346 με
1712 2309 1779 2336 κατὰ
1805 2309 1847 2336 τὸν

158 2355 240 2383 tuum
252 2353 281 2378 18
296 2363 305 2391 ;
319 2365 332 2381 η
349 2353 460 2384 deinde
470 2352 640 2384 veroillud:
658 2363 669 2380 α
678 2351 983 2392 Erexistimihispiri-

1069 2365 1108 2392 (ον
1134 2363 1181 2380 σου
1198 2362 1205 2369 '
1236 2351 1378 2390 μετέπειτα
1407 2352 1434 2380 δὲ
1462 2354 1504 2393 τὸ,
1534 2352 1687 2392 Ἐξήγειράς
1721 2364 1771 2391 μου
1801 2354 1846 2386 τὴν

159 2397 492 2428 tumetcousolatusvixi
503 2396 543 2428 ‘9.
555 2408 566 2425 υ
584 2395 746 2427 Conﬁrmat
757 2406 826 2427 vero
838 2396 981 2428 assertio-

1069 2397 1122 2434 ιὴν,
1146 2396 1189 2424 καὶ
1213 2395 1390 2435 παρακληθεὶς
1418 2395 1510 2432 ἔζησα,
1538 2396 1646 2425 Βεϐαιοῖ
1671 2396 1698 2425 δὲ
1723 2398 1753 2425 τὸ
1781 2398 1846 2436 εἰρη-

159 2449 229 2472 nem
247 2445 379 2472 nostram
392 2441 471 2482 quod
482 2441 606 2472 dicitur:
622 2440 692 2471 Sitis
699 2441 779 2471 sitim
791 2445 883 2478 curat,
891 2441 984 2472 fames

1069 2452 1104 2469 γον
1129 2442 1142 2469 ὁ
1164 2441 1250 2481 φήσας
1268 2449 1275 2456 ⁶
1303 2442 1372 2479 Δίψα
1393 2439 1469 2479 δίψαν
1493 2442 1574 2478 ἰᾶται,
1596 2448 1677 2470 πεῖνα
1703 2441 1730 2469 δὲ
1755 2449 1845 2470 πεῖναν

157 2484 268 2516 famem
279 2495 340 2516 non
353 2486 498 2526 reprimit.
509 2485 613 2517 Totam
625 2494 713 2525 porro
720 2489 851 2517 sanetam
857 2486 985 2527 quadra-

1069 2497 1073 2513 :
1102 2484 1260 2516 ἐναστὲλλει,
1291 2485 1346 2519 Τὴν
1375 2484 1401 2513 δὲ
1432 2485 1508 2525 ἁγίαν
1537 2485 1754 2525 Τεσσαρακοστὴν
1780 2485 1846 2526 διήρ-

159 2580 167 2586 ,
195 2544 225 2570 Π
239 2544 316 2576 Psal.
334 2553 436 2585 cxvur,
449 2546 501 2577 83.
543 2545 572 2570 18
585 2544 664 2577 Psal.
676 2552 777 2586 cxvui,
792 2545 841 2576 83.
886 2545 915 2571 49
927 2547 988 2578 Psal

1069 2552 1126 2582 :xv,
1142 2544 1191 2574 17.

852 2613 975 2646 Joannis
994 2614 1057 2648 Clei
1071 2615 1159 2644 notae.

198 2666 248 2708 (178
265 2665 372 2699 Toties
388 2669 580 2699 occurrentes
595 2666 757 2708 sententias
772 2675 807 2708 ex
823 2666 985 2708 Scripturis
1025 2665 1164 2708 bushaeo
1177 2662 1332 2708 afferente.

155 2701 248 2738 sacris
265 2717 329 2748 non
342 2708 475 2748 assigno,
500 2716 567 2738 cum
593 2706 679 2738 facile
704 2707 832 2747 reperiri
855 2717 872 2739 a
887 2701 987 2739 verbis
1069 2703 1264 2748 (19_)_Ali_eg?‘
1279 2703 1471 2748 Carypphilus
1484 2701 1602 2734 Pratum
1627 2703 1780 2748 Spiljituale
1794 2703 1839 2735 ubi

155 2748 283 2789 possint.
296 2743 442 2781 Observ'at
454 2743 658 2789 Caryophilus,
674 2743 842 2789 sermonem
858 2748 908 2780 hic
922 2757 988 2780 esse
1026 2743 1092 2788 cap.
1110 2743 1150 2776 84
1163 2743 1343 2776 admiranda
1352 2744 1415 2776 haec
1430 2748 1567 2775 narratur
1580 2743 1749 2776 austeritas.

158 2787 195 2820 de
209 2788 319 2821 abbate
335 2789 471 2830 Theona,
488 2787 587 2821 collat.
600 2788 619 2820 2
631 2787 669 2819 de
680 2787 835 2819 nocturnis
843 2789 988 2821 illusioni-
