1954 3059
115 115 169 148 4θ

738 117 831 149 VITA
852 117 883 149 S.
905 116 989 148 N111
1008 116 1194 149 IUNIORIS.

1769 120 1809 153 50

116 179 297 211 λεπτότατον.
328 183 377 211 Καὶ
405 183 508 217 Βοήσας
540 183 607 221 μετὰ
634 180 715 223 φόϐου
743 181 843 212 πολλοῦ
871 179 1650 223 λέγειΑοιειῐηοιιεεΜίεθνοῑθάηίιιιίι,ῐηθί,1)οωίηο,
1668 187 1698 215 et
1712 183 1806 217 bene-

111 226 186 264 πρὸς
211 226 289 255 αὒτόν
304 235 313 245 ⁶
339 225 467 260 Ἐλέησόν
493 238 537 265 με,
568 227 697 263 Δέσποτα,
727 227 771 255 καὶ
800 226 944 266 εὖλόγησόν

114 280 154 307 με
181 270 226 298 τὸν
261 269 352 299 δοῦλόν
387 282 446 303 σο).
474 272 539 301 Τότε
568 273 582 300 ὁ
611 272 706 311 Σωτὴρ
734 270 867 304 ὲΞηλώςας
894 272 944 305 τὴν

114 312 207 346 δεξιὰν
234 322 316 354 χεῖρα
343 315 395 344 ἀπὸ
422 319 468 344 τοῦ
495 321 617 355 σταυροῦ,
646 316 730 356 τρίτον
755 315 944 356 ἐπεσφράγισεν

114 359 213 398 αὐτὸν,
237 360 282 387 ναὶ
310 359 385 392 τέλος
410 360 489 400 εἶχεν
513 361 530 394 ἡ
558 360 643 392 ἔνθεος
665 361 789 400 ὀπτασία,
811 361 856 388 σὺν
879 361 944 399 αὒτῇ

112 401 144 446 δὲ
161 403 206 431 καὶ
220 403 337 446 πόλεμος
353 404 434 439 ἅπας,
451 405 494 434 καὶ
519 405 537 438 ἡ
565 407 613 438 τῆς
638 405 738 446 φύσεως
764 405 848 444 ῥεῦσις
866 414 873 421 ο

114 445 186 486 ὅπερ
215 436 406 489 οὖχἿΆχυσαν
434 448 567 477 ἐκτελέσαι
596 451 621 478 αἱ
645 436 744 477 ἶπολλαὶ
764 436 872 489 Ιπεῖναι,
900 450 944 478 καὶ

113 490 272 530 ἀγρυπνίαι,
303 493 416 534 ἴσχυσεν
443 494 460 528 ἡ
491 494 647 526 ταπείνωσις
675 494 719 523 καὶ
751 495 769 528 ἡ
803 493 943 533 ἐπίγνωσις

113 537 169 569 τῆς
185 537 282 576 οἰκείας
298 537 455 576 ἀδυναμίας.

161 573 198 610 κ’.
226 573 386 620 Διατρίϐοντι
410 582 494 611 τοίνυν
516 585 554 620 τῷ
573 582 637 620 ὁσίῳ
659 581 686 610 ἐν
708 581 795 610 ἀνέσει
819 583 862 610 καὶ
886 593 942 622 χα-

117 627 153 663 ρᾷ
187 626 231 654 καὶ
265 626 407 666 εὔφροσύνῃ
442 630 618 666 πνευματικῇ,
661 626 767 667 ἔρχεταί
803 638 842 659 τις
877 627 942 665 πρός

118 670 202 697 αὐτὸν
236 669 347 712 ἀδελφὸς
382 671 541 711 παρακαλῶν
583 678 797 710 συμπαραμεῖναι
833 673 903 708 αὺτῴ
933 679 940 686 ⁸

901 406 945 433 καὶ

985 224 1034 255 dic
1048 224 1158 255 famulo
1173 229 1232 256 tuo.
1251 225 1335 257 Tunc
1358 225 1501 264 Salvator,
1522 236 1646 258 excusso
1658 229 1807 260 edextera

986 278 1075 314 manu
1094 271 1188 307 clavo,
1206 273 1250 301 ter
1261 270 1446 309 signocrucis
1455 271 1609 304 benedixit
1619 272 1675 314 illi,
1689 277 1718 304 et
1732 274 1804 304 visio

985 313 1086 344 divina
1112 314 1239 350 evanuit,
1267 315 1416 356 simulque
1441 325 1537 356 pugna
1560 318 1656 349 omnis
1682 318 1807 350 cessavit

986 362 1014 389 et
1042 365 1156 390 naturae
1184 359 1382 400 proﬂuvium;
1413 364 1443 391 et
1475 361 1554 401 quod
1579 365 1720 402 praestare
1744 372 1804 393 non

986 408 1146 444 potuerunt
1161 404 1255 435 multa
1275 405 1391 445 jejunia
1412 405 1537 446 sitisque
1560 407 1652 438 nimia
1676 411 1705 439 et
1729 407 1805 447 vigi-

985 448 1043 486 liae,
1075 448 1210 489 praestitit
1233 449 1385 481 humilitas
1415 454 1444 482 et
1469 451 1597 491 propriae
1625 451 1805 483 inﬁrmitatis

984 493 1105 533 agnitio.

1024 581 1073 613 20.
1082 582 1368 623 Degebatitaquevir
1376 586 1496 614 sanctus
1510 583 1641 624 quietam
1655 587 1686 615 et
1701 586 1800 617 laatam

983 626 1082 663 vitam,
1099 626 1300 667 spiritalisque
1316 627 1425 658 laetitiae
1436 628 1564 668 plenam.
1585 627 1703 660 Interea
1715 629 1806 660 frater

986 671 1105 712 quidam
1121 672 1246 702 accessit
1267 681 1385 712 rogans,
1403 676 1433 703 ut
1448 672 1691 704 contubernalem
1707 683 1739 704 se
1753 683 1805 704 re-

119 712 191 745 ἵσως
210 716 357 749 σωθήσεται
381 715 414 744 δι’
438 718 529 747 αὐτοῦ.
557 716 639 748 Μόλις
668 715 712 744 οὖν
738 716 872 756 ἐπιτυχὼν
899 727 921 744 τ(

1027 720 1108 753 teret,
1122 716 1147 746 si
1159 716 1232 747 forte
1244 716 1308 756 ejus
1319 726 1410 757 opera
1421 716 1545 748 salutem
1558 723 1804 758 consequeretur.

117 762 222 787 σκοποῦ
236 760 300 799 φησὶ
314 761 379 800 πρὸς
403 761 448 790 τὸν
472 761 543 790 ὅσιον
560 769 567 776 '
594 761 690 801 Πάτερ,
713 761 771 798 ἐψω
793 762 851 801 τρία
865 761 943 798 νομί-

118 812 222 846 σματα,
239 804 264 832 τί
288 804 405 837 κελεύεις
420 806 530 839 ποιῆσαί
556 817 588 843 με
613 806 696 846 αὐτάς
725 801 753 834 Ὀ
777 805 815 842 δὲ,
842 804 941 834 Ἀπιλ-

118 845 174 874 θὼν
190 845 233 890 δὸς
248 849 314 877 αὐτὰ
328 855 386 882 τοῖς
415 856 540 890 πτωχοῖς
555 858 562 865 ³
587 850 631 878 καὶ
653 848 716 889 ἄρας
739 851 769 878 τὸ
796 849 942 889 ψαλτήριόν

118 900 168 917 σου
184 889 248 918 ἕπου
261 899 322 924 ταῖς
337 892 459 925 ἐντολαῖς
475 899 522 924 τοῦ
535 897 658 933 Σωτῆρος
677 903 684 911 ·
701 893 795 926 εὐθέως
811 893 837 922 δὲ
849 893 943 927 ἐποίη-

118 944 166 961 σεν
194 935 288 968 οὕτως.
319 938 368 966 Καὶ
397 937 600 978 διακαρτερήσας
624 939 691 976 μετὰ
714 942 761 966 τοῦ
785 940 857 968 ὁσιου
884 941 943 967 Πα-

118 979 184 1017 τρός
219 980 249 1008 οὗ
285 982 414 1019 μήκιστον
449 983 557 1023 χρόνον,
591 984 635 1011 καὶ
661 983 750 1020 μαθὼν
775 981 837 1022 παρ’
867 982 948 1012 αὐτοῦ

119 1022 172 1056 τὴν
200 1027 249 1058 τῆς
278 1025 467 1066 καλλιγραφίας
503 1026 688 1066 δυσὸιόρθωτον
717 1026 830 1066 τέχνην,
857 1026 943 1066 ἀχθε-

119 1068 191 1100 σθεὶς
227 1069 269 1097 ἐπὶ
303 1081 331 1098 τε
365 1074 399 1109 τῇ
443 1071 623 1110 σκληροτάτῃ,
660 1072 703 1099 καὶ
746 1071 944 1110 ἀπαραμυθήτῳ

120 1111 245 1150 ἀσκήσει,
280 1113 376 1154 ἤρξατο
401 1116 601 1156 προφασίζεσθαι
629 1115 772 1155 προφάσεις
799 1115 826 1144 ἐν
853 1116 942 1155 ἀμαρ-

119 1156 201 1196 τίαις,
233 1159 276 1186 καὶ
311 1163 403 1195 ζητεῖν
437 1161 532 1200 πόρους
562 1160 742 1200 λογομαχίας,
772 1158 806 1187 δι’
833 1161 870 1187 ὧν
897 1160 943 1188 τὸν

122 1202 226 1240 Πατέρα
252 1204 317 1243 πρὸς
352 1205 433 1242 θυμὸν
461 1204 586 1244 διεγείρῃ.
623 1206 705 1236 Αἰγεὺς
733 1203 759 1232 δὲ
785 1204 826 1232 ἀεὶ
853 1203 879 1232 ἑν
907 1207 945 1241 νῷ

120 1246 268 1286 περιφέρων
300 1249 345 1281 τὰς
381 1249 488 1282 ἐντολὰς
524 1253 569 1278 τοῦ
602 1253 678 1285 Θεοῦ,
705 1250 743 1280 ὡς
771 1249 837 1288 πρὸς
864 1248 944 1286 μόνον

121 1291 199 1319 αὒτὸν
227 1293 379 1334 εῐρημένσις⁷
415 1295 459 1323 καὶ
496 1295 661 1332 μνηνονεύων
689 1295 726 1326 ὡς
755 1295 769 1322 ὁ
796 1293 881 1333 λέγων
908 1296 947 1331 τῷ

121 1334 227 1375 ἀδελφῷ
254 1337 334 1368 αὺτοῦ
359 1334 449 1375 ιΡαιιᾶι,
476 1339 570 1380 ἔνοχος
599 1339 671 1367 ἔσται
697 1339 733 1370 εἷς
762 1339 810 1372 τὴν
838 1338 945 1378 γέενναν

121 1384 167 1408 τοῦ
181 1383 274 1422 πυρὸς,
305 1382 426 1412 οὐδέποτε
452 1384 528 1412 εἶπεν
545 1383 615 1421 arer
633 1384 706 1422 ῥῆμα
728 1383 854 1422 πονηρόν.
880 1382 945 1411 Τότε

123 1423 196 1463 λέγει
229 1427 294 1466 πρὸς
330 1428 406 1456 αὖτὸν
440 1428 530 1466 πράως
565 1428 608 1455 καὶ
647 1427 770 1458 ἐπιεικῶς
788 1435 795 1442 ·
835 1425 944 1466 Ἀδελφὲ

985 761 1040 793 Vix
1057 761 1175 792 tandem
1195 771 1317 801 compos
1340 761 1484 792 desiberii
1511 762 1604 793 factus
1619 762 1655 793 ad
1671 766 1804 794 sanctum

984 806 1039 838 ait:
1053 805 1164 842 Habeo,
1175 805 1461 846 Pater,numismata
1475 806 1542 847 tria,
1558 807 1627 847 quid
1643 807 1686 838 vis
1700 807 1805 838 faciam

984 851 1022 882 de
1038 849 1096 881 illis
1107 849 1122 880 ?
1142 849 1205 886 Ille,
1220 849 1288 890 Abi,
1313 849 1420 891 inquit,
1439 854 1468 881 et
1482 850 1520 881 da
1535 851 1728 892 pauperibus,
1745 851 1804 882 tol-

984 895 1108 935 lensque
1133 894 1308 926 Psalterium
1327 897 1409 926 tuum
1425 904 1552 936 sequere
1577 901 1726 935 praecepta
1742 895 1806 927 Sal-

983 939 1110 971 vatoris:
1127 943 1154 970 et
1168 939 1218 970 ille
1238 939 1337 970 statim
1352 939 1512 971 obsecutus
1528 943 1581 970 est.
1598 939 1665 971 Non
1681 940 1804 971 multum

985 983 1125 1024 temporis
1141 983 1253 1014 efﬂuxit
1269 983 1476 1021 contubernio,
1494 984 1658 1025 didicitque
1673 994 1690 1015 a
1702 989 1805 1016 sancto

985 1029 1069 1059 Patre
1085 1027 1233 1059 difﬁcilem
1249 1028 1376 1068 pulchre
1392 1028 1678 1068 aptequescribendi
1691 1034 1802 1060 artem:

984 1072 1036 1103 sed
1049 1072 1248 1111 asperrimum
1263 1072 1328 1103 vitae
1356 1072 1523 1103 institutum
1549 1082 1673 1113 perosus
1688 1077 1717 1104 et
1731 1073 1805 1104 soli—

984 1116 1067 1147 tariae
1079 1116 1143 1147 vitae
1158 1116 1276 1147 labores
1293 1116 1373 1147 nulla
1386 1117 1563 1148 remissione
1574 1117 1696 1153 laxatos,
1715 1118 1806 1158 coepit

984 1161 1126 1192 adhibere
1142 1161 1346 1192 excusationes
1361 1161 1391 1191 in
1408 1161 1535 1201 peccatis
1563 1165 1592 1192 et
1607 1162 1807 1192 contentionis

985 1205 1158 1236 occasiones
1173 1214 1318 1245 qumrere,
1345 1204 1453 1244 quibus
1479 1209 1580 1245 posset
1604 1207 1718 1237 Patrem
1735 1215 1808 1247 pro:

986 1259 1093 1281 vocare
1127 1249 1164 1280 ad
1198 1249 1285 1281 iram.
1322 1249 1374 1281 llle
1402 1258 1471 1280 vero
1507 1254 1654 1290 prazcepta
1687 1250 1807 1281 Domini

986 1303 1106 1334 semper
1119 1293 1218 1324 animo
1234 1293 1367 1331 volvens,
1388 1298 1527 1334 tanquam
1545 1294 1602 1324 sibi
1614 1295 1664 1325 uni
1680 1295 1803 1335 prolata,

987 1343 1016 1369 et
1030 1338 1174 1368 memoria
1188 1342 1341 1378 repetens,
1356 1346 1442 1368 reum
1469 1347 1535 1368 esse
1557 1339 1702 1377 gehennae
1717 1338 1806 1378 ignis,

987 1382 1037 1423 qui
1052 1382 1160 1413 dixerit
1172 1381 1255 1412 fratri
1267 1391 1331 1420 suo,
1345 1382 1442 1413 Bacca
1452 1381 1493 1417 ΞΟ,
1512 1391 1662 1423 nunquam
1679 1392 1749 1413 usus
1765 1386 1809 1414 est

986 1430 1090 1458 contra
1104 1436 1171 1457 eum
1186 1435 1290 1466 aspero
1304 1425 1406 1457 verbo.
1424 1425 1556 1457 Tandem
1573 1426 1687 1466 placido
1703 1431 1732 1458 et
1747 1437 1808 1458 mo-

123 1469 278 1508 τιμιώτατε,
297 1471 323 1500 ἐν
346 1473 436 1511 εἰρήνῃ
455 1471 585 1505 κέκληκεν
608 1473 679 1509 ἡμᾶς
703 1473 717 1500 ὁ
743 1472 808 1502 Θεὸς
823 1471 921 1500 ἐνταῦθι

1027 1475 1089 1502 rato
1104 1471 1204 1502 animo
1219 1471 1261 1502 sic
1278 1480 1344 1502 eum
1362 1471 1466 1502 affatus
1478 1475 1541 1502 est:
1558 1470 1737 1503 Honorande
1751 1471 1810 1503 fra-

124 1514 168 1541 καὶ
195 1515 222 1542 ἐν
246 1516 349 1555 ἀγάπῃ,
375 1516 504 1554 πνεόματί
524 1527 552 1544 τε
575 1515 722 1555 πραότητος
738 1523 747 1532 ⁸
774 1515 813 1553 μὴ
841 1515 891 1554 γὰρ
918 1514 944 1542 ὲν

123 1560 213 1597 πικρίᾳ
227 1561 270 1588 καὶ
295 1561 362 1600 ὀργῇ
383 1562 426 1589 καὶ
451 1562 544 1600 θυμῷτ,
570 1561 592 1588 εἰ
617 1559 644 1588 δὲ
666 1563 790 1589 τοσοῦτον
804 1558 944 1599 βεϐάρυσαι

124 1603 160 1634 εἷς
189 1604 236 1641 ἐμὲ
265 1605 310 1632 τὸν
338 1606 472 1642 ταπεινὸν,
499 1605 543 1632 καὶ
570 1604 702 1644 ἀφόρητος
731 1603 861 1642 ἐγενόμην
886 1609 944 1634 τοῖς

125 1654 184 1679 σοῖς
213 1648 371 1688 ὀφθαλμοῖς,
402 1650 512 1689 πορεύου
539 1649 566 1677 ὲν
591 1649 682 1688 εἰρήνῃ
704 1647 768 1677 ὅπου
797 1647 826 1676 ἂν
849 1647 941 1686 βούλῃ,

124 1692 167 1720 καὶ
194 1692 242 1730 ἐμὲ
269 1694 315 1721 τὸν
343 1693 499 1734 ἁμαρτωλὸν
519 1694 563 1731 ,μὴ
592 1692 720 1733 ἐνόχλει·
752 1691 813 1721 οἶδα
837 1693 886 1732 γάρ
915 1702 944 1720 σε

125 1737 179 1777 ἐγὼ
204 1738 242 1776 μὴ
272 1737 422 1776 δυνάμενον,
456 1737 556 1777 μᾶλλον
584 1738 610 1766 δὲ
639 1739 682 1766 καὶ
717 1738 756 1775 μὴ
785 1736 944 1775 βουλόμενον

127 1783 313 1811 ἀποσείσασθαι
342 1784 372 1811 τὸ
396 1781 563 1822 παραϐάλλω
585 1793 626 1810 σοι
651 1787 753 1819 πνεῦμα
778 1784 827 1815 τῆς
853 1781 944 1822 φιλαρ-

126 1828 188 1868 χίας
211 1829 254 1856 καὶ
280 1817 485 1868 φιλοῖερατείας,
511 1817 622 1855 “Artem:
643 1817 740 1863 τοίνυν,
765 1817 944 1866 ἐκπληρώσων

125 1873 154 1899 τὸ
179 1872 224 1900 σὺν
253 1871 386 1909 βούλημα,
422 1872 465 1899 καὶ
499 1871 616 1910 εὑρήσεις
644 1871 674 1897 τὸ
699 1869 837 1907 κατάλυμα
865 1870 946 1910 πρόσ-

126 1927 214 1956 φορον,
253 1912 282 1945 Ὀ
319 1915 346 1943 δὲ
381 1914 491 1955 ἀδελφὸς
526 1914 605 1943 πλέον
649 1915 698 1942 ὑπὸ
742 1917 788 1942 τοῦ
829 1918 946 1953 πονηρου

127 1961 240 2003 ἐξαφθεὶς
265 1960 307 1989 ἐπὶ
336 1964 374 1998 τῷ
403 1960 509 2000 ἐλέγχῳ
540 1963 593 1988 τῶν
627 1959 740 1998 κρυφίων
769 1960 848 1987 αὐτοῦ
875 1957 947 1997 λογι-

128 2010 212 2045 σμῶν,
239 2007 317 2046 φησὶν
344 2005 513 2045 ὀργιζόμενος
541 2005 605 2043 πρὸς
633 2003 708 2032 αὐτόν
726 2011 732 2017 '
762 2002 812 2034 Δός
842 2013 887 2040 μοι
915 2003 947 2030 τὰ

127 2052 183 2091 τρία
197 2063 249 2089 μου
263 2050 425 2088 νομίσματα,
457 2050 501 2078 καὶ
525 2048 679 2088 πορεύομαι.
706 2048 736 2076 Τί
756 2047 806 2087 γὰρ
829 2047 946 2086 ἀνάγκην

130 2097 209 2136 εῖχοτ
224 2096 277 2135 ἐγὼ
292 2094 378 2123 δοῦναι
408 2094 473 2123 αὐτὰ
497 2100 556 2126 τοῖς
579 2099 716 2133 πτωχοῖς,
742 2092 763 2119 εἰ
788 2091 826 2129 μὴ
841 2091 947 2119 ἐπειθό-

130 2135 180 2179 μην
207 2143 241 2177 τῇ
270 2138 388 2168 κελεύσει
411 2141 446 2176 τῇ
470 2141 523 2178 σῇ;
550 2136 732 2175 Ἀποκρίνεται
764 2135 857 2167 εὐθέως
882 2137 947 2175 πρὸς

130 2185 202 2214 αὐτὸν
219 2185 232 2212 ὁ
250 2183 338 2222 Πατήρ
352 2191 358 2197 ·
376 2182 479 2222 Γράψον
495 2193 550 2219 μοι,
568 2182 658 2221 φησὶν,
681 2179 786 2220 ὰδελφέ,
803 2181 839 2212 εἷς
854 2182 948 2218 τμῆμα

130 2229 236 2270 γαρτίου
264 2233 311 2257 τοῦ
339 2225 484 2255 ἀπολαϐεῖν
507 2236 539 2264 με
566 2227 610 2253 τὸν
636 2225 727 2262 μισθὸν
752 2226 837 2253 αὐτῶν
860 2223 887 2251 ἐν
915 2227 949 2262 τῇ

132 2264 248 2313 βασιλείᾳ
275 2276 328 2301 τῶν
357 2272 483 2311 οὒρανῶν,
519 2271 563 2299 καὶ
598 2269 640 2300 οὲς
676 2268 738 2297 αὐτὸ
774 2267 815 2296 ἐπὶ
851 2269 881 2296 τὸ
910 2269 953 2296 θυ-

132 2319 291 2358 σιαστήριον,
327 2317 403 2355 καγὼ
437 2315 495 2354 ἄρτι
530 2314 641 2354 παρέχω
668 2324 709 2341 σοι
738 2313 770 2342 τὰ
797 2313 854 2352 τρία
883 2313 954 2350 νομί-

131 2374 227 2403 σματα,

168 2400 225 2437 κατ
254 2402 283 2435 ιΟ
311 2404 338 2433 δὲ
365 2403 447 2433 θέλων
475 2402 591 2439 ἀπιδεῖν,
620 2402 698 2431 πόθεν
727 2401 776 2441 ἄρα
804 2400 849 2440 ἐξῇ
877 2401 949 2439 αὐτῷ

135 2452 269 2492 πληρῶσαι
303 2451 333 2478 τὸ
369 2447 616 2488 ὲπαγγηλλόμενον,
662 2447 730 2492 μήτε
758 2445 822 2492 -κέν
856 2444 948 2492 ὀϐολὸν

134 2490 231 2537 ἔχοντι,
267 2494 316 2531 ἰδίᾳ
350 2495 420 2534 χειρὶ
447 2494 478 2521 τὸ
512 2491 651 2537 κελευσθὲν
686 2490 874 2537 ἇπεπλήρωσε,
892 2491 949 2537 ’καὶ

134 2534 169 2579 ei];
193 2540 368 2578 θυσιαστηρίῳ
392 2538 530 2571 ἐπέθηκεν.
560 2537 609 2565 Καὶ
630 2535 662 2569 δὴ
683 2534 843 2574 παραλαϐὼν
873 2535 948 2563 αὐτὸν

134 2588 146 2615 ὸ
167 2585 255 2625 Πατὴρ
278 2583 437 2624 κατέρχεται
464 2583 529 2622 πρὸς
554 2582 584 2609 τὸ
613 2584 658 2609 τοῦ
681 2579 835 2609 καστελλίου
863 2579 949 2608 κοινό-

133 2630 184 2659 ϐιον
199 2637 206 2645 ⁸
237 2623 358 2657 κάκεῖθεν
385 2627 568 2665 δανεισάμενος
593 2626 651 2666 τρία
684 2625 844 2663 νομίσματα,
869 2623 947 2652 δέδω-

133 2686 174 2704 κεν
196 2674 262 2704 αὐτὰ
285 2673 352 2711 μετὰ
374 2672 481 2712 ἀγάπης
507 2675 545 2709 τῷ
567 2670 684 2710 ἀδελφῷ.
713 2669 842 2701 Κάκεῖνος
869 2667 945 2702 δεξά-

166 2771 194 2798 ὀ
209 2771 314 2804 Matth.
326 2779 355 2809 v,
373 2769 422 2802 22.

986 1520 1041 1554 ter,
1056 1515 1135 1547 Deus
1148 1515 1179 1546 in
1195 1525 1267 1556 pace
1282 1525 1336 1546 nos
1351 1516 1409 1547 huc
1423 1515 1536 1546 vocavit
1560 1519 1589 1546 et
1611 1515 1643 1546 in
1662 1516 1808 1547 charitate

986 1565 1016 1592 et
1026 1561 1130 1601 spiritu
1146 1560 1383 1592 mansuetudinis
1397 1571 1404 1599 ;
1421 1560 1565 1601 numquid
1581 1562 1660 1591 enim
1675 1561 1713 1592 ad
1728 1570 1810 1592 acer-

987 1605 1108 1637 bitatem
1125 1610 1154 1637 et
1170 1605 1244 1636 iram
1257 1612 1287 1636 et
1301 1605 1418 1636 bilem?
1433 1605 1491 1637 Sed
1504 1605 1659 1636 si'humilis
1670 1615 1723 1646 ego
1735 1606 1809 1637 adeo

986 1650 1082 1689 gravis
1097 1650 1149 1681 tibi
1165 1659 1230 1681 sum
1247 1653 1276 1680 et
1291 1650 1384 1681 oculis
1400 1649 1458 1681 tuis
1481 1649 1577 1681 factus
1601 1649 1809 1688 intolerabilis,

985 1695 1094 1726 vadein
1109 1704 1194 1736 pace,
1207 1704 1385 1736 quocunque
1395 1695 1527 1732 libuerit,
1542 1699 1570 1726 et
1580 1695 1812 1735 peccatorimihi

987 1739 1048 1770 noli
1076 1748 1142 1771 esse
1165 1740 1334 1770 molestus:
1361 1740 1422 1770 scio
1448 1740 1541 1780 cnim,
1569 1743 1597 1770 te
1623 1749 1683 1770 non
1710 1749 1809 1780 posse,

987 1784 1046 1815 imo
1061 1793 1132 1816 vero
1148 1784 1236 1815 etiam
1254 1784 1343 1822 nolle,
1360 1784 1498 1824 spiritum
1515 1783 1675 1824 repellere,
1694 1783 1744 1824 qui
1755 1784 1810 1815 tibi

987 1830 1065 1860 taces
1079 1828 1200 1868 subjicit
1224 1829 1400 1859 dominandi
1414 1833 1443 1860 et
1456 1828 1598 1868 fungendi
1626 1827 1807 1860 sacerdotio.

986 1873 1042 1904 Abi
1058 1873 1148 1913 igitur
1163 1877 1191 1904 et
1207 1873 1292 1914 exple
1305 1873 1461 1904 libidinem
1477 1877 1557 1904 tuam
1574 1876 1710 1913 etaptum
1722 1881 1812 1913 repe-

986 1918 1047 1948 ries
1072 1918 1282 1949 diversorium.
1308 1919 1420 1949 Verum
1444 1917 1537 1948 frater
1563 1917 1614 1948 ille
1640 1926 1659 1948 a
1683 1916 1813 1956 maligno

988 1961 1123 1993 daemone
1137 1962 1235 1993 acrius
1248 1962 1397 2000 incitatus,
1423 1960 1502 2002 quod
1530 1961 1668 2001 redargui
1684 1961 1810 1998 videret,

989 2016 1055 2047 qum
1070 2008 1194 2038 latenter
1208 2007 1272 2047 ipse
1299 2007 1490 2045 cogitaverat,
1515 2005 1671 2047 respondit
1695 2005 1810 2037 iratus:

989 2051 1092 2082 Redde
1108 2051 1180 2081 mihi
1197 2053 1254 2082 tria
1268 2051 1318 2082 illa
1332 2051 1510 2082 numismata
1527 2057 1556 2081 et
1566 2060 1633 2080 mox
1645 2049 1733 2081 abibo
1741 2049 1812 2090 quid

989 2094 1069 2126 enim
1085 2095 1208 2135 cogebat
1224 2106 1281 2133 me,
1300 2100 1333 2127 ut
1357 2105 1392 2126 ea
1416 2095 1596 2136 pauperibus
1617 2095 1732 2133 darem,
1750 2094 1808 2124 nisi

958 2128 1082 2180 Djussio
1112 2128 1172 2180 tua,
1203 2141 1250 2171 cui
1274 2128 1382 2180 parere
1408 2128 1515 2171 volui?
1540 2140 1576 2169 Et
1600 2139 1700 2169 statim
1724 2128 1812 2169 Pater

990 2183 1026 2215 ad
1042 2193 1120 2222 eum,
1138 2184 1254 2222 Scribe,
1271 2184 1378 2225 inquit,
1393 2184 1494 2224 frater,
1521 2183 1594 2214 mihi
1618 2183 1649 2213 in
1664 2183 1812 2219 chartula,

992 2228 1054 2259 fore
1066 2233 1099 2260 ut
1111 2229 1281 2260 mercedem
1298 2238 1401 2260 eorum
1416 2228 1558 2268 recipiam
1575 2227 1605 2258 in
1615 2236 1706 2266 regno
1723 2226 1814 2257 caelo-

993 2282 1071 2311 rum,
1089 2277 1117 2304 et
1134 2283 1211 2314 pone
1226 2274 1320 2314 ipsam
1336 2282 1426 2314 super
1450 2273 1541 2304 altare
1568 2275 1596 2302 et
1611 2281 1663 2311 ego
1679 2270 1731 2302 tibi
1746 2280 1814 2302 mox

994 2317 1104 2348 solvam
1120 2318 1176 2349 tria
1192 2318 1380 2349 numismata.

1030 2399 1080 2430 21.
1099 2398 1151 2429 Ille
1167 2407 1235 2429 vero
1248 2398 1327 2428 scire
1340 2397 1476 2438 cupiens,
1489 2397 1570 2428 unde
1582 2395 1625 2427 illi
1638 2405 1676 2428 ne
1690 2395 1811 2428 obulum

989 2443 1109 2484 quidem
1123 2443 1246 2474 habenti
1258 2443 1379 2474 facultas
1390 2446 1561 2484 suppeteret
1576 2441 1723 2482 implendi
1740 2451 1811 2482 pro-

991 2488 1125 2525 missum,
1164 2496 1218 2518 sua
1248 2496 1337 2518 manu
1366 2487 1496 2527 scripsit,
1527 2486 1605 2528 quod
1635 2486 1814 2526 postulatum

991 2536 1063 2570 erat,
1081 2536 1109 2562 et
1125 2532 1256 2563 chartam
1283 2541 1372 2572 super
1395 2533 1488 2563 altare
1513 2531 1622 2571 posuit.
1651 2530 1714 2567 Qua
1730 2530 1816 2561 Pater

989 2580 1110 2617 accepta
1127 2576 1282 2608 descendit
1296 2575 1327 2607 in
1343 2576 1456 2607 castelli
1481 2575 1650 2607 coenobium
1666 2578 1698 2606 et
1713 2578 1815 2605 mutuo

988 2621 1058 2653 inde
1073 2626 1190 2662 sumpta
1213 2622 1270 2653 tria
1295 2622 1472 2652 numismata
1493 2620 1577 2652 fratri
1601 2620 1697 2651 amice
1713 2619 1811 2651 dedit.

986 2666 1110 2707 Accepit
1120 2667 1145 2697 is
1162 2670 1190 2698 et
1204 2666 1327 2698 recessit
1344 2671 1372 2698 et
1386 2665 1526 2697 voluntati
1541 2673 1603 2696 suae
1618 2664 1807 2696 satisfaciens
