1954 3059
124 115 159 148 51

875 112 1053 145 ANONYMI

1767 113 1810 145 52

124 182 185 223 egit
201 182 344 223 quidquid
359 181 416 213 sibi
427 181 514 213 Pater
527 181 712 222 praedixerat,
734 184 762 212 et
777 180 863 221 paulo
876 190 893 221 p

1038 191 1062 212 ῖς
1096 181 1279 222 ἀνεχώρησεν,
1316 184 1360 211 καὶ
1391 183 1568 222 πεπλήρωκεν
1596 183 1729 214 ἰδιοτελῶς
1759 181 1809 209 ὅσα

126 227 262 259 moritur.
280 227 402 258 Sanctus
417 235 485 257 vero
509 230 592 266 pater
615 225 699 257 Nilus
719 225 748 256 in
776 234 857 256 suam
875 234 944 265 spe-

125 271 242 302 luncam
258 280 405 308 reversus,
423 271 591 311 sedensque
612 270 642 300 in
667 270 809 310 patientia
823 275 853 300 et
870 269 946 300 tole-

125 317 219 347 rantia
250 316 350 353 multa,
382 315 458 346 intra
484 324 594 355 paucos
623 315 687 346 dies
712 315 767 345 tria
791 313 949 354 exscripsit

125 360 267 392 Psalteria
283 360 387 400 (fertur
403 361 482 390 enim
504 359 535 389 in
557 359 672 398 singula
688 365 816 398 quatuor
831 358 946 388 insum-

126 405 224 444 psisse
238 405 314 445 dies)
332 408 360 435 et
376 404 453 435 liber
468 413 486 435 a
499 403 598 434 debito
611 403 727 441 mansit,
739 403 817 443 quod
829 407 949 444 propter

125 448 233 480 Christi
249 453 428 489 praeceptum
446 452 644 480 contraxerat.
668 448 705 478 At
719 457 787 478 vero
799 448 947 487 justorum

124 493 218 524 hostis
244 493 353 524 victum
377 503 409 524 se
435 498 675 533 prostratumque
700 501 826 523 cernens
854 501 870 522 a
885 492 946 522 viro

121 537 202 577 justo
218 537 248 567 in
261 537 385 576 singulis
396 536 616 577 congressibus,
634 536 744 567 luctum
765 536 800 566 ab
812 535 947 566 interiori

125 582 246 613 homine
259 583 407 613 transtulit
418 582 452 613 ad
467 582 645 613 exteriorem
660 586 687 612 et
698 581 823 612 summis
832 581 944 611 dolori-

125 625 182 656 bus
197 631 225 657 et
241 626 353 657 morbis
369 626 502 666 corporis
517 635 584 658 eum
601 630 703 666 petere
720 626 901 665 aggreditur,
919 629 952 656 ut

127 670 232 702 saltem
244 675 381 701 avocaret
391 680 408 701 a
419 670 590 711 quotidiana
601 670 764 701 ministerio
783 674 811 700 et
831 670 951 700 inimica

129 714 186 745 sibi
197 719 344 755 oratione,
357 724 414 755 qua
426 724 510 745 mens
526 715 564 745 ad
579 715 711 745 cmlestia
722 715 864 754 pervolat.
876 714 951 750 Quid

130 768 200 798 ergo
216 759 401 790 machinatur
415 759 446 789 in
461 759 580 800 ipsum?
604 759 728 791 Maximo
752 763 882 800 tumore,
896 759 952 789 do-

128 802 253 843 loreque
280 803 459 834 intolerabili
486 803 566 834 vocis
602 813 711 842 organa
740 804 989 853 comprimens,B

126 848 206 878 vocis
222 857 307 878 usum
324 848 367 878 illi
390 848 508 888 penitus
530 848 661 888 abstulit,
688 853 718 879 et
733 849 835 888 jacere
852 848 948 887 coegit

129 896 271 925 consueto
287 891 353 922 cibo
369 884 566 923 abstinentem
581 903 589 932 ;
610 896 638 923 et
652 884 682 922 in
698 884 754 923 hoc
771 896 868 922 tamen
883 884 947 932 ipso

128 938 220 969 multo
237 936 330 976 magis
344 936 582 967 confundebatur
606 937 696 967 hostis
712 940 740 967 et
761 936 946 968 vincebatur.

128 982 191 1019 Quo
207 981 286 1012 enim
302 981 397 1020 magis
412 981 612 1021 praepediebat
624 981 813 1020 illelinguam
827 980 948 1020 psalmis

127 1025 441 1066 ethymnisassuetam,
452 1034 486 1055 eo
500 1025 574 1056 alius
589 1026 655 1065 ipse
671 1030 801 1056 mentem
817 1025 950 1056 elevabat

125 1070 163 1102 ad
178 1070 284 1109 Deum,
301 1071 421 1110 Deoque
436 1073 516 1109 grata
542 1073 571 1101 et
595 1070 750 1109 magniﬁca
765 1071 948 1110 contempla-

123 1115 205 1145 tione
221 1114 377 1145 fruebatur
393 1113 460 1144 sine
475 1113 536 1144 ulla
551 1114 659 1144 mentis
671 1114 868 1153 divagatione.
888 1113 948 1145 Sed

125 1168 164 1190 ne
181 1159 260 1190 fame
288 1158 403 1199 periret
427 1161 456 1189 et
480 1158 601 1189 omnino
626 1158 778 1196 deﬁceret,
796 1168 871 1198 aqua
888 1158 948 1188 sic-

126 1213 192 1234 cum
209 1212 316 1243 panem
331 1203 506 1234 humectans
535 1206 564 1234 et
588 1202 691 1240 frians,
708 1203 796 1234 diaeta
812 1203 867 1234 hac
883 1206 950 1234 ute-

125 1247 221 1280 batur.

987 232 1120 264 προεῖπεν
1134 228 1205 264 αὖτῷ
1221 228 1234 255 ὁ
1251 227 1352 267 Πατὴρ,
1380 228 1424 255 καὶ
1449 227 1507 266 μετ’
1531 227 1620 267 ὀλιγὸν
1647 228 1736 266 καιρὸν
1761 236 1810 253 τε-

987 269 1156 304 τελεύτηκεν.
1192 267 1220 300 Ὀ
1251 270 1278 299 δὲ
1305 271 1376 303 ὅσιος
1403 273 1494 312 Πατὴρ
1517 273 1593 309 ἡμῶν
1619 271 1714 302 Νεῖλος
1740 272 1810 298 ὕπο-

989 315 1103 354 σρτὲψας
1138 315 1165 343 ἐν
1201 320 1238 353 τῷ
1274 316 1397 354 σπηλαίῳ
1432 317 1521 354 αὺτοῦ,
1551 317 1595 345 καὶ
1621 316 1754 346 καθεσθεὶς
1782 315 1811 342 ἐν

989 360 1111 398 ὑπομονῇ
1139 361 1182 388 καὶ
1210 362 1332 400 καρτερίᾳ
1356 361 1454 400 πολλῇ,
1488 361 1560 393 ἐντὸς
1584 361 1680 399 ὀλίγων
1704 361 1811 398 ἡμερῶν

989 404 1048 443 τρία
1087 404 1222 444 ψαλτήρια
1257 406 1394 445 γεγραφώς
1412 415 1418 423 ·
1454 407 1513 434 τότε
1549 406 1598 445 γὰρ
1632 404 1736 444 λέγεται
1766 413 1814 430 πε-

989 448 1158 487 πληρωκέναι
1194 450 1220 478 ἓν
1257 449 1366 478 ἕκαστον
1401 450 1426 482 ἐξ
1468 453 1552 480 αὐτῶν
1596 449 1638 478 διὰ
1678 448 1813 487 τεσσάρων

989 493 1094 532 ἡμερῶν
1113 503 1120 511 ⁸
1150 493 1226 527 ἐλύθη
1249 497 1295 522 τοῦ
1319 494 1415 534 χρέους
1440 500 1485 524 τοῦ
1505 494 1547 523 διὰ
1568 495 1616 523 τὴν
1642 493 1750 526 ἐντολὴν
1765 496 1814 520 τοῦ

990 539 1114 576 Χριστοῦ.
1134 536 1207 565 Ἰδὼν
1223 538 1266 566 οὖν
1282 539 1295 565 ὁ
1311 541 1362 566 τῶν
1390 537 1495 567 δικαίων
1518 539 1626 578 ἐχθρὸς,
1643 538 1682 566 ὅτ.
1698 537 1723 565 ἐν
1739 537 1813 574 πάσῃ

989 580 1126 620 προσϐολῇ
1150 582 1261 615 ἡττᾶται
1283 582 1326 609 καὶ
1353 581 1546 616 καταϐέϐληται
1570 583 1621 610 ὑπὸ
1644 587 1691 610 τοῦ
1714 580 1814 608 δικαίου

992 623 1095 664 ἀνδρὸς,
1114 626 1268 662 μετατίθησι
1280 626 1329 659 τὴν
1355 626 1443 660 πάλην
1469 627 1521 655 ἀπὸ
1544 632 1590 656 τοῦ
1612 626 1684 657 ἐντὸς
1709 625 1813 664 ἀνθρώ-

992 680 1042 696 που
1068 669 1110 697 ἐπὶ
1138 670 1183 697 τὸν
1208 669 1294 707 ἐκτὸς,
1321 671 1364 699 καὶ
1388 670 1499 710 ἄρχεται
1525 671 1650 705 πλήττειν
1679 670 1756 698 αὺτὸν
1785 669 1813 696 ἐν

993 713 1084 744 πόνοις
1116 712 1225 754 δεινοῖς,
1260 715 1304 742 καὶ
1339 714 1492 754 ἆῤῥωστίαις
1528 721 1707 752 σωματικαῖς,
1744 713 1813 740 ὥστε

994 757 1041 785 κᾶν
1072 757 1210 795 ἐμποδίσαι
1239 760 1316 788 αὒτὸν
1339 759 1392 786 ἀπὸ
1418 762 1466 792 τῆς
1491 761 1668 799 καθημερινῆς
1691 758 1813 797 λειτουρ-

996 802 1058 840 γίας
1086 803 1176 841 αὐτοῦ,
1203 804 1246 830 καὶ
1272 806 1319 836 τῆς
1343 803 1534 843 οὗρανοόρόμου
1557 805 1599 832 καὶ
1623 803 1718 843 ἐχθρᾶς
1743 803 1814 839 αὒτῴ

994 849 1158 886 προσευχῆς.
1182 847 1225 875 ’Τί
1259 847 1304 875 οὖν
1340 851 1494 887 μηχανᾶται
1529 849 1588 887 περὶ
1614 848 1712 887 αὖτὸν,
1742 846 1815 885 ὄγκῳ

991 888 1136 926 δεινοτάτῳ
1175 891 1219 918 καὶ
1254 891 1378 930 ἆᾳορήτῳ
1413 892 1486 928 πόνῳ
1518 891 1664 932 περιλαϐὼν
1699 892 1731 919 τὰ
1765 891 1814 924 τὴν

989 935 1080 973 φωνὴν
1114 934 1294 964 ἀποτελοῦντα
1329 935 1427 975 ὄργανα
1456 937 1535 965 αὐτοῦ
1562 938 1705 970 πεποίηκεν
1738 935 1814 963 αὐτὸν

989 977 1092 1018 ἄφωνον
1139 981 1312 1008 κατακεῖσθαι
1356 979 1491 1012 παντελῶς
1535 982 1579 1008 καὶ
1614 979 1729 1020 ἄϐρωτον
1764 982 1812 1012 τῆς

990 1024 1116 1057 συνήθους
1152 1027 1251 1063 τροφῆς
1270 1032 1276 1039 “
1312 1023 1372 1052 ἀλλ’
1407 1024 1480 1062 ὅμως
1507 1026 1550 1053 καὶ
1578 1025 1604 1053 ἐν
1632 1025 1717 1060 τούτῳ
1733 1023 1813 1066 Ππολυ

990 1067 1070 1095 πλέον
1085 1068 1219 1108 ᾐσχύνετο
1234 1069 1277 1096 καὶ
1292 1070 1390 1102 ἡττᾶτο
1415 1071 1429 1097 ὁ
1452 1069 1577 1107 πολέμιος
1598 1069 1703 1109 ἐχθρός,
1733 1062 1812 1096 ⁵Ὀσιόν

991 1112 1043 1151 γὰρ
1071 1112 1174 1143 ἐκεῖνος
1204 1112 1328 1141 ἀπέκλειε
1353 1114 1402 1147 τὴν
1429 1113 1599 1152 ψαλμολόγον
1628 1115 1671 1141 καὶ
1695 1113 1813 1152 ὑμνοιρό-

991 1166 1035 1191 ρον
1061 1157 1164 1195 φωνὴν,
1195 1162 1318 1186 τοσοῦτον
1344 1158 1421 1189 αὐτὸς
1446 1159 1494 1192 τήν
1522 1157 1636 1186 διάνοιαν
1659 1157 1726 1194 ὕψου
1749 1158 1813 1196 πρὸς

993 1201 1039 1228 τὸν
1070 1201 1146 1240 Θεὸν,
1175 1202 1219 1229 καὶ
1255 1201 1379 1242 ἐνετρύφα
1407 1203 1694 1242 ἀπερισπάστωςῌταῒς
1720 1201 1812 1240 θεαρὲο

991 1255 1065 1275 στοις
1083 1249 1086 1252 ’
1101 1238 1145 1273 κάί
1180 1238 1406 1285 μεγαλοπρεπέσιν
1447 1238 1568 1278 ἐννοίαις,
1616 1238 1666 1276 ἳνα
1709 1245 1736 1274 δὲ
1768 1238 1814 1273 καὶ

991 1291 1028 1324 τῷ
1050 1288 1121 1326 λιμῷ
1145 1290 1184 1326 μὴ
1208 1289 1319 1328 ἐλλείψῃ
1345 1291 1387 1318 καὶ
1411 1291 1550 1330 ἆποκάμῃ,
1574 1290 1645 1319 ὕδατι
1669 1292 1714 1319 τὸν
1736 1289 1813 1329 ξηρὸν

991 1331 1068 1371 ἄρτον
1083 1332 1206 1374 λειώσας,
1222 1335 1303 1373 ταύτῃ
1318 1334 1448 1374 ἐκέχρητο
1506 1334 1602 1374 διαίτῃ.

877 1432 999 1466 CAPUT
1012 1433 1063 1467 IV.

126 1514 175 1546 Ad
188 1513 356 1546 coenobium
372 1522 452 1554 (eger
465 1514 621 1550 reductus,
639 1512 827 1552 convalescit,
843 1522 1024 1559 rursumque
1038 1515 1078 1546 ad
1091 1516 1265 1556 speluncam
1276 1526 1414 1549 reversus
1429 1526 1447 1549 a
1460 1517 1579 1549 diabolo
1592 1521 1724 1559 graviter
1736 1519 1814 1559 fuste

221 1559 415 1596 vulneratur,
431 1568 490 1599 quo
503 1559 585 1590 malo
597 1558 768 1599 prodigiose
781 1563 918 1590 sanatur.
935 1558 1125 1599 Stephanum
1140 1563 1209 1592 vitae
1223 1563 1399 1593 monasticae
1418 1563 1569 1594 institutis
1582 1564 1721 1595 instruit.

169 1618 290 1650 22.N0n
301 1618 393 1649 multo
402 1622 469 1658 post
480 1618 568 1658 igitur
576 1618 612 1649 ad
625 1618 781 1649 visendum
796 1618 892 1658 ipsum
904 1628 938 1649 ac

1042 1615 1074 1658 ιβ’
1089 1620 1152 1650 Μετ’
1168 1622 1197 1649 οὔ
1212 1622 1279 1650 πολὺ
1294 1623 1378 1650 τοίνυν
1403 1623 1467 1662 πρὸς
1495 1623 1633 1660 ἐπίσκεψιν
1655 1625 1733 1653 αὖτοῦ
1747 1624 1813 1659 ἐλή-

128 1663 217 1694 cessit
229 1663 374 1694 Fantinus
395 1663 600 1694 sanctissimus
611 1662 685 1703 (erat
702 1663 780 1693 enim
792 1663 869 1694 inter
884 1663 951 1694 illos

125 1707 266 1748 frequens
281 1707 494 1738 commercium
509 1717 516 1745 ;
533 1707 658 1738 alterum
674 1707 767 1737 altero
793 1706 887 1738 instar
902 1707 950 1738 lu-

128 1751 287 1782 minarium
304 1751 410 1782 crebro
435 1761 488 1782 sua
511 1752 577 1783 luce
603 1751 812 1792 perfundente)
836 1755 949 1782 etcum

129 1795 395 1828 bebdomadarium
411 1805 516 1836 panem
534 1800 600 1837 post
626 1795 733 1826 multas
748 1805 854 1833 preces
869 1799 900 1826 ut
914 1795 950 1826 ab

130 1850 162 1872 se
178 1840 338 1880 acciperet,
367 1849 493 1880 magnus
515 1839 659 1871 Fantinus
682 1840 716 1870 B.
741 1839 807 1872 Nilo
832 1849 952 1880 persua-

130 1885 228 1923 sisset,
246 1883 282 1915 ab
298 1894 334 1915 eo
348 1894 454 1916 rursus
464 1885 501 1916 de
513 1885 615 1916 labore
628 1894 768 1915 manuum
785 1885 849 1924 ejus
859 1885 952 1924 gratia

130 1929 174 1960 illi
189 1928 421 1969 rependebatur.
446 1931 517 1961 Cum
544 1939 615 1968 ergo
641 1929 671 1959 in
688 1929 795 1960 talibus
811 1929 952 1969 angustiis

130 1983 197 2004 eum
214 1973 346 2010 vidisset,
373 1973 558 2013 multumque
581 1977 726 2012 rogasset,
751 1973 869 2005 tandem
898 1974 953 2005 de-

130 2018 213 2048 duxit
228 2017 259 2048 in
274 2027 361 2048 suum
376 2018 589 2048 monasterium
599 2018 679 2048 omni
688 2017 819 2048 adhibita
828 2018 950 2057 diligen-

129 2062 179 2099 tia,
197 2063 319 2102 insuper
334 2066 363 2093 et
376 2062 438 2093 Deo
455 2071 558 2102 preces
573 2062 714 2093 fundebat
729 2071 762 2093 ex
778 2066 836 2093 toto
852 2063 952 2094 animo

128 2116 183 2147 pro
200 2106 265 2146 ejus
278 2106 457 2137 valetudine.
475 2106 520 2137 Ad
536 2105 768 2147 patientissimus
783 2106 867 2137 Nilus
883 2116 950 2138 cum

127 2155 232 2192 praeter
245 2160 350 2191 aquam
367 2150 444 2181 nihil
459 2150 616 2190 degustare
641 2155 750 2191 posset,
779 2150 868 2192 idque
883 2161 950 2182 cum

126 2196 268 2227 violentia
296 2198 326 2227 et
347 2195 449 2226 labore
473 2204 527 2235 per
553 2195 619 2226 dies
645 2197 764 2233 multos,
790 2196 951 2235 cogitatio-

125 2242 283 2289 nem_ba_nc
293 2240 406 2279 habuit,
420 2240 498 2282 quod
512 2241 541 2272 Si
552 2244 658 2289 praesto
669 2244 746 2289 esset
755 2240 852 2289 aliqua
862 2241 949 2281 piscis
956 2257 980 2289 D

126 2286 280 2326 particula,
294 2295 434 2316 vescerer
445 2289 473 2317 et
483 2287 651 2326 aperiretur
664 2285 737 2316 mihi
749 2285 795 2316 via
806 2286 841 2316 ad
854 2295 952 2317 come-

123 2329 266 2361 dendum.
279 2330 391 2361 Etcum
403 2330 510 2361 luctam
524 2339 629 2371 passus
649 2335 728 2361 esset
748 2334 813 2361 octo
828 2330 947 2372 diebus,

124 2378 175 2405 aut
192 2374 279 2415 paulo
295 2375 372 2415 plus,
390 2384 428 2405 ne
445 2375 493 2406 cui
508 2383 572 2405 rem
588 2374 730 2416 aperiret,
743 2384 809 2405 cum
823 2383 948 2416 praeser-

121 2419 176 2450 tim
192 2419 307 2450 videret
323 2418 456 2460 quotidie
472 2419 630 2460 quemdam
659 2428 675 2450 e
691 2419 834 2450 fratribus
849 2423 946 2451 trans-

120 2466 243 2494 euntem
258 2467 326 2494 ante
343 2473 376 2494 se
392 2467 547 2495 eteuntem
555 2464 590 2494 ad
597 2463 773 2504 piscandum
784 2464 946 2495 etredeun-

120 2511 181 2539 tem
198 2517 265 2538 cum
283 2507 428 2548 piscibus,
445 2508 647 2548 postmultum
656 2512 806 2539 certamen
819 2512 847 2539 et
855 2509 945 2549 palae-

119 2555 210 2584 stram
228 2551 402 2592 bujusmodi
417 2552 613 2592 cogitationis,
640 2562 705 2584 esse
730 2553 811 2584 venit
825 2553 944 2593 quidam

117 2597 153 2628 ad
169 2597 268 2638 ipsum
284 2597 330 2628 vir
345 2597 441 2628 laicus
465 2597 592 2628 aﬂ‘erens
613 2597 731 2628 carbem
761 2598 882 2637 plenam
897 2599 942 2639 pi-

117 2642 212 2673 scium
227 2641 382 2673 frictorum
400 2645 428 2673 et
440 2646 617 2679 assatorum,
631 2643 752 2673 hortans
761 2651 940 2682 rogansque,

116 2690 149 2717 ut
163 2686 200 2718 de
215 2686 251 2717 iis
266 2690 400 2727 gustaret
417 2696 423 2717 :
443 2685 604 2723 Quoniam,
621 2686 729 2727 aiebat,
747 2686 785 2718 de
801 2691 850 2718 tua
864 2697 941 2727 aegra

114 2730 286 2762 valetudine
301 2741 368 2762 cum
380 2731 498 2772 vesperi
508 2730 701 2768 audivissem,
714 2740 852 2771 egressus
861 2741 937 2770 sum,

111 2778 140 2806 et
154 2775 185 2807 in
200 2785 254 2807 suo
268 2779 373 2809 sancto
392 2776 514 2808 nomine
530 2775 674 2816 piscarer,
693 2780 722 2808 et
732 2776 940 2816 adjuvantibus

992 1663 1065 1692 λυθεν
1079 1669 1209 1697 Φαντϊνος
1235 1668 1259 1702 (7)¹
1273 1667 1420 1705 ἀγιώτατος
1441 1675 1448 1682 '
1473 1666 1638 1706 παρέϐαλλον
1666 1669 1715 1707 γὰρ
1730 1668 1813 1703 ἀλλής

993 1709 1049 1741 λοις
1079 1711 1246 1750 πυκνότερον,
1270 1710 1393 1746 ἒλλῆλοις
1416 1713 1452 1743 ὡς
1476 1711 1520 1739 δύο
1547 1715 1686 1751 φωστῆρες
1715 1713 1812 1741 πυκνό-

993 1764 1067 1791 τερον
1095 1755 1317 1795 καταφωτίζοντες
1335 1763 1342 1770 ·
1373 1756 1415 1783 καὶ
1441 1757 1485 1783 τὸν
1512 1755 1712 1796 ἑϐδομαρισαϊον
1739 1757 1812 1797 ἄρτον

995 1799 1009 1825 ὁ
1024 1797 1109 1837 μέγας
1137 1803 1265 1831 Φαντϊνος
1288 1800 1333 1827 σὺν
1355 1799 1441 1838 πολλῇ
1467 1800 1631 1839 παρακλήσει
1653 1802 1745 1833 πείσας
1770 1803 1813 1829 τὸν

995 1842 1067 1870 ὅσιον
1084 1843 1179 1872 Νεῖλον
1203 1843 1331 1881 δέξασθαι,
1356 1843 1419 1884 παρ’
1443 1847 1520 1874 αὑτοῦ
1544 1845 1573 1873 ἐκ
1601 1848 1649 1878 τῆς
1674 1850 1725 1874 τῶν
1756 1857 1814 1886 χει-

993 1889 1044 1926 ρῶν
1074 1887 1196 1927 ἐργασίας
1223 1889 1272 1922 τὴν
1293 1889 1371 1929 χάριν
1394 1889 1580 1924 ἆντεσήκοῦτο,
1603 1888 1675 1918 Ἰδὼν
1704 1902 1812 1929 τοιγαρ-

995 1935 1039 1959 οῦν
1064 1931 1140 1961 αὐτὸν
1169 1932 1195 1961 ἐν
1221 1936 1254 1971 τῇ
1276 1933 1384 1971 τοιαύτῃ
1411 1933 1526 1972 ἀνάγκη,
1550 1935 1593 1961 καὶ
1616 1934 1701 1962 πολλὰ
1726 1934 1812 1962 δυσω-

993 1976 1081 2011 πήσεις
1116 1977 1253 2016 ἀπήγαγεν
1289 1978 1325 2008 εἷς
1358 1978 1389 2006 τὸ
1425 1979 1601 2017 μοναστήριον
1641 1979 1719 2009 αὐτοῦ
1747 1980 1813 2017 μετὰ

993 2021 1081 2054 πάσης
1110 2020 1225 2054 σπουδῆς
1244 2029 1250 2036 ·
1277 2021 1345 2049 ἀλλὰ
1371 2022 1414 2049 καὶ
1436 2023 1480 2050 τὶν
1503 2023 1566 2050 Θεὸν
1590 2023 1731 2063 παρεκάλει
1756 2025 1812 2063 περὶ

994 2067 1042 2098 τῆς
1068 2066 1156 2104 ὑγείας
1181 2067 1258 2094 αὐτοῦ
1283 2065 1308 2098 ἐξ
1333 2065 1397 2099 ὅλης
1424 2068 1527 2106 ψυχῆς.
1557 2062 1585 2095 ’0
1609 2067 1636 2095 δὲ
1658 2069 1814 2107 καρτερικώ-

993 2120 1070 2141 τατος
1100 2110 1195 2141 Νεῖλος
1224 2110 1262 2147 μή
1291 2109 1431 2148 δυνάμενος
1461 2111 1599 2149 γεύσασθαί
1626 2123 1695 2144 τινος
1725 2114 1745 2140 εἰ
1775 2113 1812 2150 μὴ

993 2152 1085 2186 ὕδατος
1114 2155 1157 2182 καὶ
1186 2155 1264 2184 αὗτοῠ
1292 2155 1359 2192 μετὰ
1386 2155 1444 2193 βίας
1473 2157 1515 2183 καὶ
1544 2157 1636 2191 πόνου,
1666 2158 1709 2184 καὶ
1738 2161 1812 2185 τοῦτο

991 2198 1033 2226 ἐπὶ
1069 2198 1170 2230 πολλὰς
1205 2199 1316 2238 ἡμέρας,
1350 2199 1427 2227 εἶπεν
1457 2202 1526 2237 αὐτῷ
1556 2201 1569 2228 ὁ
1601 2200 1739 2240 λογισμὸς⁷
1773 2201 1810 2229 ὅτι

993 2242 1075 2283 Εἴπερ
1092 2243 1122 2276 ἧν
1140 2244 1192 2271 ἀπὸ
1216 2244 1306 2283 ἰχθύος
1333 2244 1410 2282 μέρος
1429 2245 1530 2282 μικρὸν,
1557 2244 1704 2282 ἐλάμϐανον
1730 2245 1760 2273 ἂν
1787 2246 1811 2278 ἐξ

993 2288 1082 2327 αὺτοῦ,
1098 2288 1140 2316 καὶ
1156 2286 1272 2326 διήνοιγέ
1287 2300 1332 2325 μοι
1355 2288 1404 2321 τὴν
1429 2287 1487 2316 ὁδὸν
1510 2293 1556 2318 τοῦ
1578 2296 1685 2329 φαγεῖν,
1702 2291 1811 2318 [Ιυκτεύ-

991 2343 1039 2363 σας
1055 2333 1099 2360 οὖν
1121 2332 1163 2360 ἐπὶ
1187 2332 1288 2371 ἡμέρας
1313 2333 1394 2370 ὀκτὼ,
1418 2333 1436 2366 ἢ
1459 2333 1503 2360 καὶ
1529 2335 1580 2372 πρὸ
1603 2337 1648 2362 τοῦ
1673 2334 1710 2372 μὴ
1733 2334 1811 2373 ἀναγ-

990 2375 1079 2415 γεῖλαι
1108 2378 1138 2404 τὸ
1165 2377 1275 2416 πρᾶγμά
1299 2388 1348 2405 τινι
1367 2385 1374 2391 '
1401 2378 1444 2405 καὶ
1477 2377 1592 2414 μάλιστα
1616 2378 1674 2406 καθ’
1698 2378 1809 2412 ἑκάστην

988 2422 1055 2460 ὁρῶν
1100 2420 1270 2461 διερχόμενόν
1314 2432 1371 2450 τινα
1417 2425 1469 2449 τῶν
1514 2421 1634 2462 ἀδελφῶν
1667 2422 1809 2462 ἔμπροσθεν

988 2465 1077 2504 crit-:06,
1105 2466 1149 2493 καὶ
1172 2466 1237 2505 πρὸς
1261 2466 1290 2492 τὸ
1318 2464 1437 2493 ἀλιεῦσαι
1456 2467 1645 2505 πορευόμενον,
1672 2468 1715 2494 καὶ
1739 2467 1808 2499 αὖθις

1040 2509 1046 2520 1
1081 2511 1088 2521 Ί
1133 2510 1139 2521 Ι
1215 2511 1221 2519 ι
1319 2509 1323 2518 Ι
1528 2511 1534 2518 \
1642 2511 1648 2519 ‘
1705 2509 1716 2517 u

987 2521 1036 2548 μετ
1082 2512 1179 2550 ιχθυων
1213 2521 1408 2550 υποστρειροντα
1425 2518 1432 2525 ·
1475 2521 1542 2548 μετα
1569 2510 1670 2544 πολλην
1701 2511 1808 2545 αθληαιν

986 2555 1030 2582 καὶ
1058 2554 1145 2588 πάλην
1175 2558 1220 2582 τοῦ
1250 2555 1366 2584 τοιούτου
1393 2554 1533 2594 λογισμοῦ,
1558 2555 1612 2583 ἰδοὺ
1641 2555 1747 2595 ἔρχεταί
1769 2567 1806 2587 τις

986 2600 1051 2638 πρὸς
1080 2599 1155 2628 αὐτὸν
1184 2601 1311 2637 κοσμικὸς
1342 2600 1530 2639 ἐπιφερόμενος
1561 2601 1676 2640 κοῳίνιον
1713 2602 1806 2638 μεστὸν

984 2644 1093 2684 ἰχθύων,
1110 2648 1162 2673 τῶν
1188 2644 1234 2682 μὲν
1260 2648 1437 2683 τηγανιστῶν,
1464 2648 1516 2672 τῶν
1541 2644 1567 2672 δὲ
1589 2646 1677 2673 ὀπτῶν
1701 2657 1805 2684 τυγχα-

983 2690 1091 2728 νόντων,
1122 2688 1282 2728 παρακαλῶν
1310 2689 1353 2716 καὶ
1380 2688 1502 2726 δεόμενος
1532 2689 1620 2720 αὐτοῦ.
1650 2689 1721 2720 ὅπως
1751 2690 1806 2727 γεύ-

982 2744 1059 2766 σηται
1076 2732 1101 2766 ἐξ
1116 2734 1201 2761 αὐτῶν
1218 2742 1225 2750 ⁸
1252 2732 1360 2769 Επειδὴ,
1388 2735 1478 2772 φησὶν,
1506 2733 1618 2773 ἑσπέρας
1644 2734 1758 2765 ἀκούσας
1774 2734 1804 2761 τὰ

980 2778 1047 2806 κατὰ
1075 2778 1115 2816 σὲ,
1142 2777 1250 2811 ἐξῆλθον
1279 2782 1325 2807 τοῦ
1349 2777 1467 2807 άλιεῦσαι
1493 2778 1534 2807 ἐπὶ
1561 2782 1598 2816 τῷ
1623 2778 1732 2816 ὀνόματί
1761 2789 1804 2808 σου
