1954 3059
89 135 139 170 53

723 139 818 171 VITA
838 137 869 169 Su
892 136 976 169 NILI
995 136 1179 170 IUNIORIS.

1756 139 1794 172 54

84 208 134 242 τῷ
177 205 256 244 ἁγίῳ,
293 206 338 234 καὶ
370 209 423 234 τῶν
468 207 557 246 εὐχῶν
596 207 668 244 ὑμῶν
711 205 855 246 συνεργησά

1020 203 1110 234 εείῢιιε
1126 203 1194 242 tuis,
1218 204 1335 235 venatio
1351 204 1507 235 commoda
1520 204 1586 243 fuit,
1604 208 1634 236 et
1645 213 1720 245 opus
1736 209 1791 244 est,

88 249 280 289 ἠγρευσάμην
296 250 444 290 ἆκρούστως
458 259 466 267 ⁸
496 251 539 279 καὶ
563 249 620 279 δέον
647 262 688 289 σε,
703 251 799 291 Πάτερ,
817 247 930 288 μεταλα-

88 293 163 322 ϐεῖν
180 294 207 328 ἐξ
223 295 320 326 αὐτῶν.
337 296 402 324 Τότε
417 297 431 324 ὁ
446 295 575 335 μακάριος
592 295 687 328 Νεῖλος
702 297 747 324 τὸν
763 296 811 333 μὲν
827 294 929 331 ἄνθρω-

88 350 152 367 πον
184 339 338 367 ἀπέστειλεν
367 339 527 379 εᾶλογήσας,
557 341 600 369 καὶ
622 340 744 379 μεγάλως
767 339 929 380 εὖχαριστή-

90 393 150 414 σας
182 383 248 422 ὑπὲρ
275 389 321 413 τοῦ
344 384 423 412 αὐτοῦ
445 384 528 414 κόπου
542 394 550 402 ·
580 388 618 422 τῷ
645 384 672 412 δὲ
700 384 821 423 λογισμῷ
850 383 930 411 αὰτοῦ

95 425 245 466 διελέγετο
261 428 344 460 οὕτως
361 436 368 443 ·
397 433 483 458 Ταῦτα
503 430 555 469 οὐχ
580 430 594 457 ὁ
617 430 680 461 Θεὸς
703 429 856 466 ἡτοίμασεν,
879 425 932 457 οὔδ’

93 469 223 510 ἅγγελος
242 480 248 487 ·
286 471 343 500 οὒδὲ
378 473 428 512 γὰρ
460 473 513 510 εἶμι
548 476 599 501 τῶν
635 472 802 513 φοϐουμένων
841 471 929 509 αὐτὸν,

93 515 151 543 ’ίνα
183 516 214 544 τὸ
241 515 344 554 θέλημά
373 528 423 554 μου
446 517 557 555 ποιήσῃ,
584 515 666 545 Ἀλλὰ
691 520 769 546 τοῦτο
797 518 826 544 τὸ
857 515 930 556 "spyov

94 563 150 587 τοῦ
181 559 304 589 διαϐόλου
339 561 476 600 τυγχάνει,
513 561 605 597 ἐπειδή
642 572 675 599 με
705 561 800 599 ᾔσθετο
829 560 929 590 δουλω-

96 603 185 632 θέντα
209 607 244 642 τῇ
267 605 376 643 τοιαύτῃ
403 605 538 643 ἐπιθυμίᾳ.
563 605 712 645 Γέγραπται
741 606 790 646 γάρ
806 615 814 623 ο
846 617 860 632 α
887 605 931 638 Μὴ

98 648 288 686 ἐπιθυμήσῃς.
308 660 321 676 ι
339 652 380 687 Σῇ
407 650 512 690 Κύριος,
539 650 586 678 οὒκ
607 650 754 690 εἰσέρχεταί
767 661 791 678 τι
807 649 832 683 ἐξ
847 649 932 678 αὒτῶν

99 693 142 725 εἷς
160 693 192 721 τὸ
208 693 294 731 στόμα
318 705 380 731 μου,
406 689 526 735 ιΓπῆρχε
551 694 578 722 δὲ
599 695 659 723 τότε
678 689 743 723 sst
758 695 878 734 μοναχός
893 705 932 725 τις

98 739 324 778 παραγενόμενος
340 739 370 767 ἐκ
396 742 449 767 τῶν
474 738 528 768 ἄνω
552 743 650 780 μερῶν,
675 741 704 772 ὃς
726 739 784 768 λίαν
809 740 933 779 ἠγαπᾶτο

98 781 171 822 παρ’
188 783 267 811 αὐτοῦ
282 783 324 811 διὰ
350 784 381 812 τὸ
405 784 550 822 ᾇσματικὸν
575 785 645 812 εἶναι
670 784 748 812 αὐτὸν
773 785 815 812 καὶ
835 783 933 824 σφόδρα

101 827 288 867 καλλίφωνον.
315 833 411 857 Τοῦτον
439 828 552 860 καλέσας
578 830 592 857 ὁ
617 828 689 860 ὅσιος
713 828 824 856 δέδωκεν
849 831 929 865 αὐτῷ,

101 872 197 900 καθὼ-
234 872 247 883 τ
317 873 324 881 “
417 873 424 893 ί
534 874 542 901 ί
571 873 578 883 “
672 874 686 900 ὸ
748 873 791 901 ’ό
824 881 831 888 ”
863 871 918 900 Λ’ρ

185 893 196 903 ς
233 884 265 906 ην
301 883 330 900 το
363 883 491 912 κοφ.νιον⁹
521 883 600 901 επων
636 884 670 912 πρ
688 884 701 904 ς
729 884 776 901 αυτ
794 885 806 900 ν
885 883 931 900 αοε

103 921 187 946 τοῦτο
203 917 234 944 τὸ
259 915 353 956 ξένιον,
382 916 446 955 ὅπερ
472 918 528 945 ὅσοι
553 917 664 956 Χριστὸς
687 916 878 949 ἐξαπέστειλεν,
904 913 933 945 Ὀ

103 959 133 988 δὲ
150 959 241 989 λαϐὼν
257 961 438 1001 ἀνεχώρησεν.
456 960 528 990 Ἰδὼν
557 961 601 989 οὖν
625 962 639 989 ὁ
666 962 729 993 Οεὸς
742 961 792 994 τὴν
807 962 933 1000 μεγίστην

105 1007 192 1034 αὒτοῦ
218 1005 355 1042 ὑπομονὴν
390 1006 433 1033 καὶ
467 1005 615 1045 καρτερίαν,
653 1004 810 1034 ἀντελάϐετο
843 1006 932 1043 αὐτοῦ,

105 1049 154 1076 καὶ
169 1047 322 1084 ἀπήλλαξεν
338 1050 414 1078 αὐτὸν
443 1052 492 1082 τῆς
519 1049 612 1083 ὀδύνης
637 1051 681 1078 καὶ
704 1052 753 1082 τῆς
777 1050 853 1078 νόσου
868 1049 935 1077 ἐκεί-

105 1105 158 1126 νης
182 1096 231 1126 τῆς
256 1097 385 1133 πονηρᾶς,
408 1097 453 1122 τοῦ
477 1095 575 1125 πάθους
599 1093 671 1122 ἔνδον
695 1094 722 1122 ἐν
746 1097 785 1131 τῷ
805 1093 935 1134 τραχήλῳ

105 1137 247 1176 ῥαγέντος,
293 1138 336 1165 καὶ
381 1137 473 1169 ἕλκους
517 1138 617 1166 πολλοῦ
650 1137 693 1166 διὰ
723 1143 770 1168 τοῦ
803 1139 933 1176 στόματος

107 1181 271 1214 ἐξελθόντος,
298 1184 397 1221 Μικρᾶς
421 1182 464 1210 οὖν
486 1182 599 1214 ἀνέσεως
631 1183 765 1223 ἐπιτυχὼν
793 1183 934 1223 ἀνέρχεται

107 1225 193 1253 πάλιν
215 1226 241 1254 ὲν
264 1229 302 1263 τῷ
328 1225 452 1263 σπηλαίῳ
475 1229 524 1260 τῆς
548 1228 672 1262 συνήθους
698 1226 828 1267 ἐχόμενος
852 1227 934 1256 πολι-

107 1270 195 1306 τείας,
230 1270 273 1298 καὶ
312 1270 360 1303 τήν
395 1271 508 1309 ἡσυχίαν
543 1271 726 1308 ἀσπαζόμενος
760 1273 797 1302 ὡς
839 1272 934 1300 οἰκείαν

110 1314 227 1353 μητέρα.
258 1309 286 1342 Ὀ
314 1313 340 1341 δὲ
369 1313 488 1346 διάϐολος
516 1315 563 1343 οὐκ
589 1315 720 1343 ἐπαύσατο
748 1315 854 1355 βρύχων
875 1315 934 1345 κατ⁹

970 248 1068 283 Pater.
1086 247 1185 279 cibum
1202 257 1236 279 ex
1254 249 1290 279 iis
1305 253 1333 279 te
1349 258 1480 280 sumere.
1499 249 1582 280 Tunc
1592 249 1696 281 beatus
1707 251 1792 282 Nilus

970 291 1065 323 virum
1081 292 1199 334 quidem
1217 292 1342 334 dimisit,
1369 293 1550 325 benedicens
1567 294 1609 325 illi
1625 295 1794 336 gratiasque

971 346 1024 377 pro
1041 337 1141 368 labore
1157 341 1295 377 suscepto
1323 347 1414 377 agens
1428 348 1434 368 :
1462 347 1564 370 secum
1581 348 1648 370 vero
1663 339 1728 380 ipse
1744 340 1793 371 di-

971 381 1072 412 cebat:
1089 381 1158 413 Haec
1174 392 1233 413 non
1250 391 1302 422 per
1316 381 1421 420 Deum,
1433 392 1492 413 non
1503 393 1556 424 per
1567 384 1704 423 angelum
1718 385 1794 415 mihi

974 429 1080 466 praesto
1109 431 1198 458 sunt:
1224 435 1319 467 neque
1346 426 1425 457 enim
1453 436 1507 467 ego
1533 437 1599 458 sum
1626 437 1642 459 e
1663 438 1792 460 numero

973 470 1140 501 timentium
1156 481 1235 510 eum,
1250 474 1282 501 ut
1296 480 1391 502 meam
1408 471 1587 503 voluntatem
1609 472 1716 504 iaciat:
1741 473 1794 504 sed

973 515 1030 546 hoc
1044 515 1155 546 diaboli
1169 525 1243 556 opus
1259 521 1314 546 est.
1342 515 1483 555 Cognovit
1499 517 1591 553 enim,
1609 526 1657 548 me
1672 522 1792 558 captum

973 559 1132 599 cupiditate
1148 561 1213 597 hac,
1224 560 1291 601 quia
1299 560 1441 601 scriptum
1456 565 1500 592 est
1514 570 1520 592 :
1541 572 1552 589 α
1571 561 1635 592 Non
1647 562 1790 602 concupi-

973 604 1086 634 808321.
1108 616 1120 632 1
1148 605 1225 635 Vivit
1247 604 1401 641 Dominus,
1427 614 1486 635 non
1507 605 1693 644 ingredietur
1708 615 1741 636 ex
1756 605 1795 636 iis

973 647 1003 678 in
1019 657 1052 678 os
1067 657 1179 680 meum.
1198 648 1307 680 Aderat
1322 653 1393 680 tunc
1405 649 1482 680 forte
1498 650 1660 680 monachus
1674 650 1795 690 quidam

974 701 990 723 e
1006 693 1210 733 superioribus
1224 693 1358 733 partibus
1383 694 1547 734 profectus,
1572 693 1630 734 ipsi
1654 694 1796 725 charissi-

975 746 1051 774 mus,
1069 737 1139 777 quia
1152 738 1326 768 suavissime
1351 737 1487 770 canebat.
1513 737 1599 769 Hunc
1625 738 1729 769 beatus
1753 738 1798 769 vir

974 791 1040 813 cum
1057 782 1242 820 advoeasset,
1252 782 1334 814 dedit
1348 782 1522 823 cophinum,
1535 783 1577 813 uti
1589 783 1705 814 oblatus
1720 787 1794 820 erat,

942 842 965 873 Β
975 826 1168 873 addiditque:
1181 826 1429 873 Accipexenium,
1440 827 1542 873 quod_a
1548 826 1667 873 Christo
1674 827 1794 873 missum

977 870 1030 901 tibi
1059 875 1113 902 est.
1139 871 1265 911 Accepit
1289 871 1339 902 ille
1366 875 1394 901 et
1416 871 1553 902 recessit.
1578 871 1692 902 Videris
1708 871 1797 910 igitur

974 916 1054 946 Deus
1067 925 1213 946 summam
1220 915 1276 945 viri
1292 915 1464 956 patientiam
1480 920 1568 956 atque
1583 916 1795 954 constantiam,

974 960 1041 991 tulit
1055 970 1143 1001 opem
1164 959 1376 1000 doloribusque
1401 960 1536 990 liberavit
1562 963 1593 991 et
1618 959 1722 991 morbo
1745 960 1797 991 illo

974 1005 1161 1044 gravissimo,
1198 1003 1332 1044 disrupto
1361 1004 1439 1034 intus
1466 1004 1498 1034 in
1527 1004 1643 1035 cerviee
1671 1004 1797 1035 abcessu

976 1049 1126 1089 multaque
1141 1048 1224 1079 sanie
1241 1057 1293 1088 per
1319 1057 1352 1078 os
1376 1052 1485 1087 egesta.
1512 1047 1555 1078 Ita
1578 1048 1733 1089 paululum
1747 1057 1798 1079 re~

975 1097 1092 1124 creatus
1106 1092 1264 1123 revertitur
1279 1092 1309 1122 in
1325 1101 1408 1123 suam
1425 1092 1613 1131 speluncam,
1639 1092 1795 1132 pristinum

975 1137 1041 1168 vitae
1054 1137 1220 1168 institutum
1237 1140 1461 1177 prosecuturus,
1487 1145 1589 1168 amore
1613 1137 1795 1173 solitudinis,

976 1191 1063 1223 quam
1080 1181 1211 1222 parentis
1226 1180 1290 1212 loco
1315 1180 1560 1220 amplectebatur.
1587 1182 1625 1212 At
1645 1191 1715 1213 vero
1731 1177 1797 1212 dia-

975 1226 1062 1258 bolus
1071 1226 1209 1256 dentibus
1222 1226 1252 1256 in
1263 1235 1330 1256 eum
1342 1225 1485 1256 frendens
1504 1225 1682 1263 enitebatur,
1704 1226 1728 1257 si
1744 1235 1798 1265 per

976 1271 1031 1303 Dei
1044 1269 1259 1311 providentiam
1275 1269 1407 1300 licuisset
1422 1269 1490 1307 sibi,
1504 1270 1590 1301 utvel
1602 1270 1696 1310 ipsam
1708 1271 1796 1301 vitam

977 1321 1079 1346 sancto
1094 1315 1158 1346 viro
1174 1315 1315 1354 eriperet.

111 1358 192 1386 αὐτοῦ
218 1358 278 1389 τοὺς
303 1357 412 1389 ὀδόντας
443 1359 487 1386 καὶ
509 1358 714 1397 ἀγωνιζόμενος,
747 1359 805 1398 εἴγε
827 1360 876 1388 ὑπὸ
904 1364 955 1396 τῆς
979 1366 1025 1390 τοῦ
1053 1364 1118 1389 Θεοῦ
1146 1360 1267 1399 προνοίας
1296 1366 1495 1399 παρεχωρεῖτο,
1521 1360 1589 1388 ὥστε
1614 1361 1658 1388 καὶ
1679 1363 1726 1388 τοῦ
1753 1362 1800 1398 ζῇν

111 1401 261 1435 ἀπαλλάξαι
277 1403 321 1430 τὸν
337 1401 433 1431 δίκαιον
449 1401 538 1442 ἄνδρα.

152 1441 207 1486 κγ’.
226 1447 274 1475 Καὶ
288 1445 319 1480 δὴ
334 1447 401 1475 κατὰ
414 1448 444 1474 τὸ
464 1446 522 1479 ἔθος
546 1447 705 1487 σχολάζοντι
730 1447 757 1476 ἐν
784 1451 832 1486 μιᾷ
847 1450 919 1478 νυκτὶ

1027 1448 1065 1480 l3.
1082 1448 1213 1484 Quadam
1229 1457 1298 1487 ergo
1312 1451 1411 1488 nocte,
1424 1448 1528 1479 cumis
1539 1447 1575 1480 de
1587 1457 1671 1479 more
1691 1447 1798 1479 divinis

113 1491 158 1519 καὶ
193 1489 390 1530 διαγρυπνοῦντι
419 1491 445 1519 ἐν
474 1491 595 1529 ψαλμοῖς
629 1493 674 1520 καὶ
701 1492 876 1532 γονυκλισίαις

1031 1497 1094 1524 aret
1107 1492 1224 1529 ofﬁciis,
1241 1496 1490 1533 pernoctaretque
1505 1492 1536 1523 in
1563 1492 1685 1533 psalmis
1701 1496 1731 1522 et
1745 1501 1798 1531 ge-

112 1539 151 1572 τῷ
179 1539 265 1574 μικρῷ
294 1534 432 1574 σπηλαρίῳ
466 1539 504 1573 τῷ
535 1535 579 1564 ὑπ’
609 1537 687 1565 αὺτοῦ
712 1536 883 1576 λελατομημέ

1028 1547 1070 1568 im
1086 1537 1264 1568 ﬂexionibus
1291 1536 1323 1567 in
1348 1546 1436 1578 parva
1460 1537 1614 1577 spelunca,
1631 1546 1718 1577 quam
1734 1537 1799 1576 ipse

113 1580 158 1607 καὶ
181 1582 230 1612 τῆς
260 1582 306 1607 τοῦ
331 1578 444 1618 φέγγους
468 1580 552 1619 αὒγῆς
575 1581 607 1608 τὰ
634 1580 719 1608 πάντα
743 1581 884 1619 καταλαμπ

1029 1583 1037 1612 i
1065 1585 1255 1613 excavaverat
1290 1585 1321 1613 et
1355 1582 1498 1622 splendor
1533 1582 1607 1612 lucis
1636 1581 1800 1612 illustraret

113 1635 175 1660 σης,
204 1623 236 1657 ἦν
266 1624 315 1663 γὰρ
342 1628 388 1652 τοῦ
422 1623 509 1663 θέρους
537 1625 555 1658 ἡ
584 1624 650 1663 ὥρα,
680 1625 797 1664 φαίνεται
826 1628 884 1663 αὒτρ

1032 1626 1081 1658 nia
1098 1626 1173 1667 (erat
1197 1625 1276 1657 enim
1303 1630 1418 1666 tempus
1442 1625 1602 1666 zestivum),
1619 1629 1742 1666 apparet
1756 1624 1799 1655 illi

116 1667 236 1699 διάϐολος
266 1667 474 1707 ὀφθαλμοφανῶς
497 1670 534 1700 ὡς
558 1669 660 1707 Αἰθίοψ,
687 1668 801 1707 ῥόπαλον
826 1670 852 1699 ἐν
877 1682 887 1699 τ

1029 1670 1249 1711 ὼὶίίιιΕιιιὶορίε
1273 1670 1374 1710 specie
1398 1670 1544 1708 diabolus,
1572 1670 1683 1701 clavam
1711 1679 1800 1700 manu

116 1712 191 1751 χερσὶ
224 1712 347 1756 κατέχων
363 1720 370 1728 '
407 1711 463 1749 μεθ’
493 1714 522 1740 οὗ
550 1713 634 1750 τύψας
663 1713 711 1746 τὴν
740 1713 858 1754 κεφαλὴν

1032 1725 1095 1753 ens,
1113 1724 1171 1756 qua
1185 1724 1252 1746 cum
1280 1719 1368 1755 caput
1392 1715 1456 1754 ejus
1478 1714 1684 1755 percussisset,
1701 1713 1802 1744 stravit

118 1757 201 1795 ἁγίου,
227 1754 328 1795 ἕρῤιψεν
352 1757 429 1785 αὒτὸν
449 1756 492 1785 ἐπὶ
517 1757 565 1790 τὴν
591 1759 653 1796 γῆν,
678 1758 722 1785 καὶ
750 1757 851 1798 ἀφῆκεν
875 1760 889 1793 ἡ

1031 1759 1062 1790 ni
1071 1754 1307 1790 semimortuum.
1317 1754 1393 1790 Post
1402 1754 1489 1790 unius
1500 1759 1582 1790 horae
1593 1758 1720 1799 spatium
1736 1767 1802 1788 sese

117 1802 181 1834 θανῆ
209 1800 388 1840 τυγχάνοντα,
417 1801 489 1828 Μετὰ
514 1804 577 1840 γοῦν
605 1802 665 1839 μίαν
689 1802 758 1841 ὥραν
783 1804 819 1834 εἷς
845 1804 888 1831 ἑαυ

1031 1804 1155 1844 olligens
1183 1803 1318 1840 Sanctus,
1356 1803 1490 1843 cognovit
1524 1803 1644 1844 quidem
1689 1801 1802 1833 diaboli

118 1844 198 1873 ἐλθὼν
227 1846 240 1872 ὁ
269 1844 352 1879 ὅσιος,
379 1844 447 1884 ἔγνω
471 1845 518 1882 μὲν
548 1850 594 1875 τοῦ
621 1845 743 1875 διαϐόλου
770 1848 816 1875 τὸν
843 1848 889 1887 φθό

1032 1849 1117 1880 idiam
1133 1849 1375 1888 immensumque
1392 1849 1525 1885 livorem,
1554 1848 1607 1879 sed
1632 1845 1803 1878 vehementi

119 1890 161 1917 καὶ
193 1889 242 1923 τὴν
271 1887 377 1928 ἄπειρον
403 1888 461 1917 κατ’
490 1891 568 1918 αὒτοῦ
602 1890 755 1929 βασκανίαν,
785 1891 883 1932 σφόδρα

1027 1893 1084 1924 ιίιὶε
1099 1893 1202 1923 dolore
1217 1892 1356 1923 laborans
1372 1896 1401 1923 et
1416 1891 1570 1923 dimidiam
1585 1891 1671 1923 faciei
1687 1895 1798 1932 partem

118 1934 164 1968 τὴν
179 1933 296 1974 κεφαλὴν
317 1933 504 1973 ἀλγυνόμενος,
531 1935 574 1962 καὶ
597 1935 628 1962 τὸ
652 1936 735 1972 ἥμισυ
756 1939 801 1963 τοῦ
829 1947 889 1975 προς

1028 1947 1046 1968 n
1063 1937 1183 1968 sinistro
1199 1937 1285 1968 oculo
1309 1937 1440 1968 inflatam
1466 1936 1580 1968 habens
1604 1941 1634 1967 et
1658 1935 1799 1967 lividissi-

120 1989 167 2023 ποι)
184 1979 246 2023 ,σὺν
273 1981 312 2015 τῷ
331 1978 467 2023 ,αριστερῷ
498 1977 625 2018 ὀφθαλμῷ
661 1980 860 2019 πεφυσιωμένον

1030 1992 1070 2023 m,
1089 1986 1231 2022 praeterea
1246 1982 1377 2013 luxatum
1401 1984 1432 2012 et
1457 1982 1619 2012 arefactum
1634 1980 1801 2020 brachium,

122 2022 301 2051 πελιδνότατον
330 2021 413 2062 ἔχων,
441 2023 471 2051 οὒ
493 2023 546 2060 μὴν
571 2022 640 2051 ἀλλὰ
662 2024 706 2051 καὶ
735 2024 781 2052 τὸν
808 2025 893 2065 βραχίι

1030 2021 1101 2058 Γείιὶ
1113 2026 1255 2057 orationis
1265 2026 1396 2057 ofﬁcium
1410 2026 1595 2066 persolveret
1606 2035 1665 2056 non
1676 2023 1801 2056 valebat.

120 2066 327 2106 παραλελυμένον
373 2068 416 2095 καὶ
460 2067 679 2107 τεταριχευμένον
695 2091 703 2104 ,
753 2069 839 2098 οὐκέτι
889 2082 891 2105 λ

122 2112 134 2121 ,Ι
273 2114 285 2119 η
392 2113 399 2121 \
444 2112 450 2121 ‘
518 2115 532 2119 -ο
592 2115 598 2121 ε
629 2115 641 2120 -
689 2111 699 2121 λ
799 2114 804 2121 l
870 2114 877 2121 ι

1028 2071 1101 2102 :ebat
1132 2080 1201 2110 ergo
1237 2075 1266 2101 et
1300 2070 1459 2101 Dominum
1479 2069 1650 2121 Iinvoc‘aba't‘
1672 2069 1799 2121 dicensz‘

122 2112 214 2152 ἴσχυσε
239 2114 332 2145 στῆναι
357 2113 400 2140 καὶ
424 2112 473 2146 τὴν
501 2115 550 2145 τῆς
576 2115 659 2152 εὐχῆς
689 2111 836 2152 λειτοργίαν
866 2114 893 2142 ἀπ

1034 2124 1086 2146 eus
1110 2115 1141 2146 in
1163 2115 1345 2156 adjutorium
1362 2123 1459 2145 meum
1478 2113 1610 2150 intende,
1629 2113 1754 2145 Domine
1768 2111 1805 2142 ad

122 2156 267 2195 πληρῶσαι,
304 2157 429 2200 Κείμενος
464 2155 491 2183 δὲ
527 2155 569 2184 ἐπ’
605 2155 714 2196 ἐδάφους
758 2158 802 2185 τὸν
846 2159 893 2198 Κύρ

1035 2160 1178 2191 uvandum
1191 2170 1238 2191 me
1249 2159 1365 2191 festina.
1376 2158 1598 2190 Confundantur
1609 2162 1638 2189 et
1649 2165 1806 2188 reverean-

124 2200 274 2229 ἐπεκαλεῖτο
292 2209 300 2217 ³
331 2196 359 2229 ’0
383 2201 458 2232 Θεὸς,
481 2200 578 2239 λέγων,
604 2202 640 2232 εἰς
665 2202 714 2229 τὶν
738 2202 859 2240 βοήθείάν
884 2196 895 2241 ἰ

1035 2229 1040 2244 ,
1054 2206 1101 2244 qui
1112 2204 1383 2245 quaeruntanimam
1399 2212 1510 2240 meam,
1526 2215 1537 2231 ι
1554 2206 1584 2233 et
1595 2211 1660 2242 quae
1675 2210 1806 2242 sequun-

125 2245 236 2285 πρόσχες
254 2253 261 2260 ·
299 2245 386 2284 Κύριε,
424 2246 461 2276 εἰς
493 2246 523 2273 τὸ
543 2246 689 2287 ⁸βοηθῆσαί
724 2257 769 2283 μοι
801 2250 896 2275 σπεῦσο

1040 2248 1076 2280 99.
1102 2249 1134 2280 In
1160 2250 1208 2280 his
1226 2253 1316 2279 totum
1333 2248 1417 2278 illum
1443 2247 1558 2287 peregit
1573 2255 1697 2282 annum,
1714 2246 1805 2275 innu-

127 2290 344 2330 Αίσχυνθήτωσαν
379 2291 422 2317 καὶ
457 2285 644 2329 ἐντραπείησαν
673 2292 695 2318 οἱ
724 2294 863 2326 ζητοῦντες
890 2303 898 2318 ιι

1034 2302 1062 2324 ra
1071 2293 1208 2324 dolorum
1227 2285 1528 2324 etacerbissimorum
1545 2289 1805 2321 incommodorum

125 2335 209 2374 ψυχὴν
234 2345 295 2374 μου,
325 2335 369 2361 καὶ
390 2335 422 2362 τὰ
445 2334 525 2363 λοιπά
546 2338 591 2363 τοΰ
616 2334 734 2374 ψαλμοῦ,
762 2334 805 2364 Ἐν
835 2337 895 2365 τούτ

1036 2338 1147 2369 lamina
1175 2339 1336 2368 sustinens.
1369 2336 1405 2367 Et
1430 2345 1497 2365 cum
1523 2335 1698 2366 suaderetur
1723 2333 1768 2365 illi
1790 2343 1807 2364 a

124 2378 201 2412 διῆξεν
234 2379 279 2406 τὸν
314 2377 418 2406 ἅπαντα
457 2380 553 2419 χρόνον
586 2379 689 2407 ἐκεῖνον
718 2381 817 2419 μυρίοις
846 2381 895 2409 πόν

1033 2382 1091 2419 ltis,
1115 2385 1147 2412 ut
1174 2380 1383 2412 medicinalem
1409 2379 1594 2410 curationem
1623 2379 1804 2419 admitteret,

124 2423 248 2452 πυκτεύων
277 2424 321 2452 καὶ
343 2430 491 2463 συμφοραῖς
515 2423 684 2457 ἀνηκέστοις.
714 2424 823 2453 Πολλῶν
849 2425 895 2463 μέν

1034 2426 1100 2457 nino
1117 2426 1221 2457 abnuit
1248 2425 1358 2462 sciens,
1372 2424 1469 2455 curari
1487 2433 1577 2454 manu
1600 2423 1729 2454 hominis
1746 2432 1805 2453 non

125 2467 292 2507 βουλευόντων
334 2469 454 2508 ἰατρικῆς
497 2467 649 2505 ἐπιμελείας
695 2470 895 2509 προσανασχέσθ

1036 2479 1068 2501 se
1083 2471 1189 2502 vulnus
1196 2469 1376 2501 diabolicum
1387 2468 1463 2509 (21).
1477 2467 1585 2509 Elapso
1596 2468 1717 2500 demum
1730 2477 1807 2499 anno

160 2553 180 2575 ²¹
195 2552 287 2585 Exod.
304 2560 355 2591 xx,
372 2551 421 2584 17.
464 2551 490 2574 Β
505 2552 580 2583 Psal.
596 2560 677 2590 Lux,
693 2552 723 2583 2.

812 2638 935 2670 Joannis
950 2638 1012 2671 Clei
1028 2643 1116 2672 nota.

163 2717 258 2788 £21)“
267 2717 341 2748 forte
351 2726 453 2748 verum
465 2721 521 2758 est,
531 2717 580 2748 sia
592 2717 737 2748 maleﬁcio
745 2718 938 2757 pertinaciam

181 2762 209 2788 et
233 2757 364 2788 malum:
390 2757 441 2788 sed
468 2757 590 2788 vulnera
613 2767 630 2788 a
653 2757 788 2788 dmmone
802 2758 879 2788 fuste
894 2759 938 2788 vel

132 2757 209 2789 habet
233 2757 364 2789 malum:
390 2757 441 2789 sed
468 2757 590 2788 vulnera
613 2767 630 2788 a
653 2757 788 2789 dmmone
802 2758 879 2789 fuste
894 2759 939 2790 vel

134 2797 213 2829 simili
222 2798 419 2839 instrumento
435 2797 562 2839 naturati
573 2797 696 2839 inflicta,
705 2807 805 2839 quare
812 2799 942 2830 humana

135 2847 181 2879 ope
195 2838 294 2870 sanari
307 2847 367 2869 non
383 2838 509 2879 possint,
526 2837 600 2870 ratio
615 2847 675 2870 non
690 2837 831 2879 sdppetit.
844 2839 941 2871 Credo

983 2719 1094 2760 itaque,
1107 2720 1237 2752 divinam
1249 2721 1426 2752 voluntatem
1443 2721 1473 2752 in
1485 2729 1520 2751 eo
1535 2718 1699 2760 agnovisse,
1711 2726 1812 2760 suam-

983 2757 1043 2800 qué
1058 2757 1230 2801 patientiam
1252 2770 1393 2793 exercere
1418 2760 1449 2792 S.
1471 2757 1575 2801 Nilum
1592 2759 1733 2796 voluisse,
1751 2757 1809 2801 d9-

983 2797 1188 2847 nec_'tandem
1217 2801 1273 2833 Dei
1302 2800 1508 2833 misericordia
1543 2808 1627 2832 servo
1657 2808 1708 2831 suo
1738 2797 1812 2829 sub-

984 2846 1076 2874 venit.
