1954 3059
111 135 162 168 57

745 134 838 166 VITA
859 135 889 165 S.
913 132 991 166 NILl
1013 132 1198 164 IUNIORIS.

1775 132 1813 164 58

113 205 171 232 καὶ
185 204 234 235 τὰς
248 202 352 242 βίϐλους
369 211 378 220 '
394 203 441 235 τὰς
464 203 513 240 μὲν
536 202 633 242 λέγων,
661 202 701 230 ὅτι
716 202 783 231 ὄνων
797 203 840 231 καὶ
854 202 944 242 βορδο-

1036 199 1081 230 nis
1094 199 1229 239 oppletas
1242 202 1271 230 et
1289 199 1437 239 jumentis
1463 198 1616 230 vilissimis
1631 205 1698 230 esse
1714 199 1814 239 pollu-

87 255 92 258 '
115 250 189 276 νίων
207 247 375 283 ἐπλήσθησαν
405 248 449 276 καὶ
475 246 637 285 μεμόλυνται
655 257 663 264 ”
688 248 721 275 τὰ
736 246 763 275 δὲ
778 248 949 286 πνρίκαυστα,

115 292 204 332 φησὶ,
219 292 354 330 γεγόνασι,
372 292 415 319 καὶ
429 290 567 319 ἀπώλοντο
584 299 591 306 ·
616 291 663 323 τὰς
685 290 712 318 δὲ
736 290 776 319 ὅτι
798 290 952 331 ἐϐράχησαν

115 337 171 364 καὶ
208 336 383 375 ἦχρειωνται,
428 336 473 363 καὶ
513 334 606 363 λοιπὸν
640 338 690 363 ποῦ
724 335 871 374 ἀναγνῶναι
907 335 954 364 οὒκ

116 379 242 420 ἔχομεν.
271 376 362 408 Ἧνίκα
391 379 418 408 δὲ
440 379 551 420 ἀδελφὸν
577 380 646 419 ἐώρα
675 382 723 413 τῆς
750 382 829 409 αὒτοῦ
855 382 952 419 μονῆς,

115 425 162 456 ὡς
181 425 273 464 νεκρὸν
289 424 388 453 ἐπένθει
403 425 481 454 αὐτὸν
504 423 588 462 λέγων
602 434 608 441 ·
635 423 675 452 ὅτι
690 423 744 463 ἐγώ
757 435 797 459 σε,
813 424 836 452 ὧ
849 424 950 459 τέκνον,

115 468 281 498 ἀπέκτεινα.
317 472 404 497 Ταῦτα
438 469 482 496 καὶ
516 467 549 496 τά
583 471 692 497 τοιαῦτα
727 467 815 496 ἐλάλει
851 479 879 496 τε
910 469 954 496 καὶ

118 512 225 549 ἐποίει,
261 513 329 551 μήτε
364 513 415 540 ὑπὸ
450 512 548 552 στέγην
583 512 747 552 ἀνεχόμενος
781 519 952 550 καταμεῖναι,

121 558 201 595 μήτε
236 560 336 597 τροφῆς
371 557 577 596 ἀπογεύσασθαι,
613 556 672 585 ἀλλ’
697 557 739 586 ἐπὶ
765 558 812 590 τὰς
839 557 952 597 ἐρήμους

118 601 302 639 πλανώμενος
332 600 440 640 διῃτᾶτο
468 608 526 633 τοῖς
555 601 772 642 ἀγριολαχάνοις,
803 605 889 630 Ταῦτα
916 603 952 633 είς

119 646 257 685 μεγίστην
285 645 376 683 θλτψιν
405 647 449 674 καὶ
472 645 558 678 λύπην
585 645 680 685 ἤνεγκε
703 646 798 675 Νεῖλον
824 647 869 674 τὸν
893 645 952 675 ἆοί-

118 689 204 728 διμον
221 699 228 707 ·
252 691 295 718 καὶ
325 689 421 730 σχεδὸν
445 690 545 729 νύκτωρ
568 701 596 718 τε
620 691 663 719 καὶ
687 689 743 725 μεθ’
757 691 857 730 ἡμέραν
872 690 952 718 ἐπέν-

117 736 162 762 θει
193 735 237 763 καὶ
265 735 342 766 αὒτὸς
372 735 420 768 τὴν
445 734 566 774 στέρησιν
588 739 634 764 τοῦ
657 735 739 765 καλοῦ
758 735 885 773 συννόμου
907 735 952 763 καὶ

117 779 294 818 συνεργάτου.
343 778 474 810 Πολλάκις
523 779 573 818 γὰρ
620 779 826 815 ἀκολουθήσαντι
880 780 950 816 αὖ)τῷ

119 823 320 863 ἆναχωροῦντι,
355 825 399 852 καὶ
433 822 594 852 δυσωποῦντι
629 827 674 853 τοῦ
709 823 870 864 ὑποστρέψαι
905 825 948 852 καὶ

117 868 261 908 ᾑσυχᾶσαι
286 868 311 896 ἐν
336 871 374 905 τῷ
399 868 577 908 μοναστηρίῳ,
600 870 652 908 οὐχ
672 869 805 903 ὑπήκουσε
835 867 920 906 λέγων
938 875 944 882 ¹

124 904 235 940 δτίτοὶ
259 912 286 940 ἐν
314 904 445 950 τῇγμονῇ
475 904 525 942 οὐκ
545 904 593 940 εἶσί
697 912 813 952 ἀδελφοὶ,
839 904 895 940 ἐπεὶ
920 911 949 940 ἂν

993 249 1048 284 tas,
1065 244 1244 275 monasteria
1256 243 1383 274 ﬂammis
1397 243 1551 274 combusta
1563 242 1699 284 periisse,
1721 243 1813 274 libros

993 288 1172 320 madefactos
1188 298 1246 319 non
1265 297 1331 319 esse
1346 287 1471 328 amplius
1486 288 1564 324 usui,
1590 297 1645 319 nec
1656 288 1718 328 jam
1735 297 1812 324 esse,

994 333 1072 374 quod
1090 333 1220 373 legamus
1237 333 1309 369 (24).
1327 332 1397 364 Cum
1414 342 1484 363 vero
1499 332 1626 373 aliquem
1640 332 1815 364 monasterii

994 378 1040 409 sui
1056 378 1176 408 fratrem
1191 377 1319 415 videbat,
1331 377 1448 416 lugebat
1459 377 1540 408 illum
1551 377 1634 417 quasi
1650 382 1811 414 mortuum,

995 422 1192 462 dicebatque:
1211 423 1272 461 Ego
1289 426 1328 462 te,
1345 422 1398 458 ﬂii,
1417 421 1524 452 occidi.
1556 421 1625 452 Haec
1650 425 1678 452 et
1706 421 1815 453 similia

995 467 1099 506 agebat
1111 471 1140 497 et
1150 466 1334 507 loquebatur,
1347 475 1443 507 neque
1453 466 1507 497 sub
1521 470 1596 497 tecto
1612 475 1745 503 manere,
1758 475 1815 497 nec

994 511 1092 542 cibum
1100 520 1218 542 sumere
1224 511 1337 549 volens,
1349 511 1401 542 sed
1410 511 1534 551 perloca
1545 510 1687 542 oberrans
1695 511 1814 542 deserta

994 555 1177 586 silvestribus
1188 555 1338 586 victitabat
1348 555 1479 586 oleribus
1504 555 1572 586 Haec
1584 555 1812 586 celeberrimum

993 600 1090 631 Nilum
1108 610 1234 631 maerore
1249 604 1278 632 et
1301 600 1405 630 dolore
1427 600 1556 631 maximo
1581 601 1770 640 perculerunt
1786 603 1816 630 et

994 644 1056 676 fere
1071 645 1120 675 diu
1137 649 1285 685 noctuque
1300 643 1428 675 deflebat
1457 648 1486 674 et
1507 644 1574 684 ipse
1589 643 1692 684 optimi
1705 643 1814 674 sodalis

995 693 1024 720 et
1039 689 1240 730 cooperatoris
1253 689 1420 720 orbitatem.
1435 688 1508 719 Nam
1520 698 1587 720 cuin
1599 698 1676 729 sape
1693 693 1814 719 secutus

993 733 1078 765 illum
1095 734 1283 765 secedentem
1300 737 1426 771 rogaret,
1444 737 1477 763 ut
1499 733 1611 764 rediret
1634 733 1670 763 ad
1694 741 1765 763 suos
1786 736 1816 764 et

992 779 1111 810 sederet
1122 779 1151 809 in
1168 778 1358 818 monasterio,
1370 777 1509 808 audiebat
1519 777 1556 808 ab
1576 777 1626 808 illo
1647 781 1811 808 renuente:

991 823 1045 859 Qui
1061 827 1129 854 sunt
1143 823 1172 854 in
1189 822 1381 860 monasterio,
1395 822 1500 853 fratres
1511 822 1569 853 mei
1581 831 1639 853 non
1650 826 1728 859 sunt,
1743 830 1810 852 nam

991 871 1019 898 et
1035 867 1089 907 ipsi
1109 877 1225 899 mecum
1242 868 1366 898 ﬂerent:
1385 876 1464 898 nunc
1474 870 1576 898 contra
1588 866 1645 908 ipsi
1653 867 1753 898 furere
1765 875 1813 897 me

991 915 1020 942 et
1035 912 1168 943 insanire
1183 916 1297 953 putant.

116 957 165 985 καὶ
202 958 274 985 arb-toi
306 956 410 986 ἔκλαιον
445 957 489 984 σὺν
525 956 608 994 ἐμοί’
644 957 716 986 αὐτοὶ
751 956 778 984 δὲ
811 956 959 985 τούναντίον
994 961 1112 985 ποιοῦσιν
1147 957 1316 997 ἐξεστηκότα,
1352 958 1395 986 καὶ
1430 957 1587 994 μαινόμενόν
1623 967 1656 995 με
1690 958 1814 996 κρατοῦν-

115 1012 177 1034 τες.

164 1041 218 1076 κε’.
246 1031 308 1074 Ἕσο
341 1046 425 1074 τοίνυν
462 1045 612 1084 γινώσκων,
648 1045 817 1079 πολυπόθητε
851 1046 948 1085 Πάτερ,

123 1090 167 1118 ὅτι
184 1089 344 1129 διαϐήσομαι
368 1091 433 1130 πρὸς
456 1091 505 1124 τὴν
526 1089 581 1119 ἅνω
605 1091 708 1131 χώραν,
734 1090 813 1119 κάκεῖ
838 1090 950 1118 τελειω-

122 1135 255 1172 θήσομαι,
291 1135 335 1163 καὶ
370 1136 405 1167 είς
442 1135 472 1163 τὸ
501 1135 676 1174 μοναστήριόν
703 1146 753 1172 μου
779 1134 864 1163 οὒκὲτι
888 1135 950 1163 ἐπι-

123 1180 323 1219 στραφήσομαι.
356 1180 437 1211 Αὗτὸς
467 1179 585 1216 μὲν-οὗν
616 1181 629 1208 ὁ
653 1180 793 1219 μακάριος,
821 1179 887 1209 καθὰ
907 1180 951 1207 καὶ

122 1223 293 1262 προείρηκεν,
338 1223 407 1252 οὕτω
451 1224 494 1251 καὶ
530 1223 677 1264 τετέλεκεν,
713 1222 871 1252 καταλαϐὼν
905 1225 950 1252 τὸν

123 1267 219 1303 τόπον,
255 1267 281 1295 ἐν
315 1269 338 1304 ᾧ
367 1268 513 1307 προώρισεν
541 1269 611 1306 αὒτῷ
637 1270 651 1296 ὁ
677 1269 742 1300 Θεὸς
766 1269 816 1308 πρὸ
844 1268 950 1296 πάντων

123 1314 180 1340 τῶν
205 1312 307 1340 αἰώνων
331 1311 514 1346 τελειωθῆναι.
543 1308 572 1341 Ὀ
601 1312 627 1340 δὲ
654 1312 726 1345 ὅσιος
756 1313 847 1352 Πατὴρ
872 1314 949 1350 ἡμῶν

126 1356 226 1388 Νεῖλος
261 1357 427 1397 ὑποστρέψας
462 1357 488 1385 ἐν
523 1360 561 1394 τῷ
595 1356 730 1394 σπηλαίῳ,
766 1357 792 1385 ἐν
829 1358 950 1395 ὑπομονῇ

126 1399 254 1440 διήρχετο
283 1401 332 1434 τὴν
361 1401 455 1434 στενὴν
479 1401 576 1435 ταύτην
600 1401 685 1435 πύλην
709 1402 752 1429 καὶ
774 1401 950 1439 τεθλιμμένην

126 1444 187 1474 ὁδὸν
216 1446 264 1479 τὴν
295 1445 393 1485 ὀλίγοις
419 1445 617 1486 εὒριιηιομένην.
652 1450 789 1486 Ερχομται
813 1451 950 1484 τοιγαροῦν

126 1490 192 1527 πρὸς
222 1490 299 1519 αὑτὸν
326 1491 349 1518 οἱ
369 1493 418 1523 τῆς
447 1493 530 1528 μονῆς
551 1495 597 1520 τοῦ
620 1491 691 1520 ὁσίου
716 1491 841 1519 Φαντίνου
867 1490 950 1518 Πατέ-

126 1545 182 1574 ρες,
213 1534 424 1573 παρακαλοῦντες
454 1535 532 1563 arbth
565 1534 704 1572 ηυλῆναι,
733 1536 776 1562 καὶ
804 1535 948 1574 ἡγούμενον

126 1580 217 1610 αὐτοῖς
232 1581 395 1612 καταστῆσαι
411 1579 440 1607 ὃν
466 1578 496 1606 ἂν
520 1578 651 1611 ἐκλέΞοιτο
680 1580 697 1612 ἡ
713 1579 790 1606 atii-:05
815 1579 921 1612 ὁσιότης
940 1587 947 1594 ⁸

126 1621 184 1660 περὶ
209 1622 258 1661 γὰρ
287 1622 366 1650 αὒτοῡ
394 1622 493 1652 ἐκείνου
520 1622 627 1660 ᾐδοῦντο
651 1624 694 1651 καὶ
719 1623 847 1660 ὀνομάσαι
871 1623 949 1662 γινώ-

126 1676 233 1697 σκοντες
249 1667 294 1694 τὸν
320 1666 408 1705 ἄνδρα.
437 1662 465 1695 Ὀ
489 1665 515 1694 δὲ
541 1666 612 1699 εἴξας
637 1670 671 1705 τῇ
694 1668 779 1696 αὐτῶν
805 1667 947 1706 παραγ-λή-

127 1720 178 1749 σει,
207 1711 250 1738 καὶ
279 1709 400 1739 εἰσελθὼν
424 1710 450 1739 ἐν
476 1714 509 1749 τῇ
539 1714 607 1750 μονῇ
636 1710 693 1749 μετ’
719 1714 803 1741 αὐτῶν
830 1711 948 1744 εἰσῆλθεν

128 1753 153 1781 ἐν
248 1754 375 1791 ἐκκλησίᾳ
399 1759 447 1783 τοῦ
475 1754 604 1788 εὔξασθαι.
635 1757 684 1785 Καὶ
707 1757 812 1786 πάντων
834 1756 948 1785 ἀκολου-

127 1798 261 1831 θησάντων
297 1799 380 1836 αὐτῷ,
416 1800 484 1837 μετὰ
518 1801 548 1829 τὸ
574 1800 745 1834 τελειωθῆναι
774 1802 822 1835 τὴν
851 1801 947 1841 εὐχὴν,

129 1844 142 1870 ὁ
168 1843 235 1870 κατᾶ
264 1843 346 1882 σάρκα
375 1843 486 1884 ἀδελφὸς
507 1848 553 1873 τοῦ
578 1845 780 1885 μακαριωτάτου
807 1846 946 1882 Φαντῖνου,

130 1890 229 1918 Λουκᾶς
263 1891 302 1924 τῷ
334 1887 454 1928 ὀνόματι,
492 1888 677 1929 προσδραμὼν,
708 1890 752 1918 καὶ
780 1893 831 1917 τῶν
860 1889 947 1918 ποδῶν

129 1934 172 1959 τοῦ
199 1931 270 1959 ὁσίου
303 1930 473 1973 δραξάμενος,
509 1933 597 1972 ὅρκοις
630 1934 708 1962 αὒτὸν
737 1934 780 1961 καὶ
808 1933 947 1971 ἐπιτιμίοις

130 1974 346 2015 φρικωδεστάτοις
374 1977 426 2005 ἀπό
452 1988 480 2005 τε
507 1981 555 2011 τῆς
586 1978 662 2017 ἁγίας
696 1976 804 2010 Τριάδος
828 1978 871 2005 καὶ
895 1981 949 2005 τῶν

130 2020 207 2059 ἁγίων
243 2020 363 2060 Πατέρων
412 2020 525 2050 ὑπέϐαλε
569 2027 616 2052 τοῦ
656 2021 841 2054 καταδέξασθαι
878 2022 947 2050 εἶναι

130 2065 203 2093 αὑτὸν
237 2064 330 2096 αὐτοῖς
365 2065 479 2103 ποιμένα
510 2067 554 2094 καὶ
589 2067 802 2107 χατηγούμενον.
839 2066 869 2095 Τί
904 2066 946 2094 οὖν

130 2108 190 2148 εἶχε
215 2111 325 2142 ποιῆσαι
353 2110 366 2137 ὁ
397 2110 523 2150 ἀγχίνους
553 2110 654 2142 ἐκεῖνος
678 2111 744 2149 ἀνὴρ
768 2111 811 2138 καὶ
834 2111 892 2150 περὶ
917 2111 947 2138 τὸ

348 2153 358 2170 ζ

131 2151 296 2186 διανοηθῆναι
332 2153 388 2186 ὀξύς
400 2164 408 2194 ;

1032 1045 1081 1077 25.
1099 1044 1179 1076 Scito
1189 1045 1290 1086 igitur,
1306 1045 1499 1077 dilectissime
1508 1045 1606 1083 Pater,
1624 1054 1672 1076 me
1681 1044 1717 1076 ad
1726 1054 1813 1085 supe-

993 1089 1101 1120 riorem
1115 1091 1305 1121 transiturum
1320 1090 1484 1129 regionem,
1497 1090 1597 1130 ibique
1614 1094 1739 1121 mortem
1756 1099 1812 1129 op-

992 1135 1151 1174 petiturum
1177 1139 1205 1165 et
1233 1135 1271 1166 ad
1300 1145 1398 1166 meum
1425 1135 1636 1166 monasterium
1660 1143 1811 1174 nunquam

991 1187 1191 1210 reversurum.
1209 1178 1309 1220 Itaque
1323 1179 1425 1210 beatus
1441 1179 1489 1209 ille
1504 1179 1601 1216 Pater,
1629 1179 1705 1209 sicut
1731 1187 1809 1218 prae-

993 1222 1077 1263 dixit,
1095 1223 1184 1254 finem
1201 1224 1322 1255 sortitus
1338 1228 1393 1260 est,
1410 1223 1440 1254 in
1457 1233 1523 1254 eum
1541 1223 1689 1264 profectus
1700 1222 1809 1262 locum,

993 1267 1022 1297 in
1038 1277 1097 1308 quo
1113 1267 1196 1298 illum
1222 1277 1257 1299 ex
1275 1269 1330 1299 hac
1353 1268 1409 1298 vita
1435 1268 1628 1307 migraturum
1653 1267 1730 1298 Deus
1745 1271 1813 1298 ante

993 1311 1186 1352 praefinierat.
1198 1312 1235 1343 At
1252 1316 1374 1344 sanctus
1382 1312 1557 1344 PaterNilus
1568 1321 1634 1342 cum
1646 1312 1676 1342 in
1691 1311 1812 1349 spelun-

992 1366 1055 1387 cam
1068 1361 1241 1395 remeasset,
1256 1357 1285 1388 in
1304 1358 1441 1398 patientia
1454 1366 1506 1397 per
1515 1361 1666 1396 augustam
1684 1359 1809 1396 portam,

992 1405 1020 1431 et
1030 1401 1178 1441 spinosam
1190 1401 1254 1434 ibat
1264 1402 1351 1439 viam,
1372 1411 1426 1443 per
1440 1411 1526 1442 quam
1539 1401 1702 1442 procedunt
1714 1401 1809 1440 pauci.

992 1444 1124 1476 Veniunt
1150 1446 1240 1485 igitur
1268 1447 1303 1477 ad
1335 1447 1430 1488 ipsum
1459 1447 1558 1477 Patres
1582 1444 1752 1476 monasterii
1775 1445 1809 1476 Β.

992 1489 1119 1528 Fantini,
1150 1491 1350 1529 obsecrantes,
1381 1496 1413 1522 ut
1441 1491 1573 1522 laborem
1595 1491 1761 1530 susciperet
1782 1493 1811 1520 et

991 1535 1481 1575 constitueretipsishegumenum,
1491 1544 1708 1576 quemcumque
1719 1534 1811 1574 pietas

991 1578 1055 1618 ejus
1079 1578 1255 1619 delegisset:
1273 1580 1354 1610 illum
1380 1581 1460 1610 enim
1478 1580 1575 1620 ipsum
1591 1579 1636 1610 vel
1653 1578 1808 1609 nominare

991 1623 1180 1661 verebantur,
1198 1633 1264 1655 cum
1279 1624 1371 1664 probe
1383 1624 1539 1655 hominem
1547 1623 1668 1655 scirent.
1681 1622 1775 1653 Cessit
1785 1623 1810 1653 is

991 1667 1130 1708 precibus
1147 1668 1266 1700 illorum
1283 1673 1312 1700 et
1326 1669 1455 1709 perrexit
1469 1678 1535 1701 cum
1552 1669 1608 1699 illis
1621 1668 1651 1698 in
1664 1671 1812 1698 monaste-

991 1711 1090 1742 rium:
1121 1717 1149 1743 et
1164 1713 1297 1752 ingresso
1313 1714 1378 1754 ipso
1401 1714 1432 1744 in
1459 1713 1615 1745 ecclesiam
1643 1716 1675 1743 ut
1699 1717 1808 1752 oraret,

991 1765 1095 1788 omnes
1118 1757 1270 1788 subsecuti
1296 1763 1375 1790 sunt.
1400 1758 1522 1790 Peracta
1549 1757 1691 1790 oratione.
1717 1756 1812 1788 frater

991 1800 1151 1832 beatissimi
1169 1803 1284 1833 Fantini
1306 1803 1468 1834 secundum
1495 1811 1625 1842 carnem,
1643 1802 1736 1832 Lucas
1753 1810 1809 1831 no-

990 1845 1081 1882 mine,
1093 1855 1262 1884 accurrens,
1278 1847 1428 1888 pedeSqne
1440 1847 1531 1877 sancti
1545 1846 1596 1876 viri
1612 1846 1808 1885 amplexatus,

990 1889 1147 1921 horrendis
1159 1891 1287 1922 maxime
1299 1891 1555 1928 obtestationibus,
1567 1891 1757 1930 dirarumque
1769 1890 1811 1920 in-

990 1934 1251 1967 terminationibus
1263 1946 1315 1977 per
1327 1942 1456 1967 sanctam
1468 1936 1639 1967 Trinitatem
1652 1938 1680 1965 et
1690 1937 1809 1965 sanctos

989 1977 1091 2010 Patres
1105 1980 1271 2019 adjurabat,
1286 1984 1319 2012 ut
1346 1985 1491 2022 pastorem
1517 1983 1547 2011 et
1561 1980 1760 2019 hegumenum
1776 1987 1809 2009 se

990 2031 1055 2054 esse
1069 2028 1228 2065 pateretur.
1248 2024 1322 2061 Quid
1338 2026 1483 2065 agendum
1500 2029 1560 2055 errt
1573 2024 1634 2054 viro
1651 2023 1809 2065 sagacitate

989 2067 1018 2093 et
1029 2064 1209 2103 perspicacia
1221 2063 1462 2105 praestantissimo
1473 2065 1488 2095 ?
1503 2065 1665 2095 Przevalens
1680 2065 1744 2104 ipse
1758 2063 1809 2094 de-

990 2106 1110 2138 tinentis
1125 2108 1208 2139 Lucae
1223 2109 1359 2140 manibus
1371 2114 1466 2140 etnon
1476 2109 1604 2140 absimili
1615 2109 1701 2139 m0th
1719 2108 1808 2148 pedes

447 2153 639 2195 Ὕπερισχύσας
674 2158 725 2183 τῶν
763 2158 861 2195 χειρῶν
902 2160 944 2184 τοῦ

1032 2161 1054 2198 Is
1084 2153 1279 2192 prehensans,
1310 2154 1416 2185 iisdem
1441 2154 1558 2184 funibus
1581 2151 1805 2192 circumligavit,

131 2200 294 2237 κρατοῦντος,
323 2199 366 2226 καὶ
395 2202 433 2235 τῷ
466 2199 536 2236 αὒτῷ
562 2200 684 2239 σχήματι
712 2198 860 2237 περιλαϐὼν
887 2199 944 2231 τοὺς

1032 2195 1097 2227 ibus
1108 2197 1157 2228 ille
1170 2197 1318 2237 ligaverat,
1332 2199 1487 2229 uttandem
1499 2199 1523 2229 is
1535 2197 1807 2228 interminationum

132 2240 208 2273 πόδας
223 2241 312 2278 αὖτοῦ,
338 2249 398 2274 τοτς
423 2243 512 2275 αὒτοτς
536 2245 665 2284 σχοινίοις
690 2244 732 2274 οἷς
757 2242 889 2283 ἐκέχρητο
904 2243 949 2271 αὖ-

131 2286 171 2312 τὸν
193 2284 356 2325 περιὲδησεν,
386 2286 453 2315 ὥστε
476 2286 551 2315 λῦσαι
577 2288 654 2316 αὐτὸν
677 2288 709 2315 τὰ
734 2285 789 2314 ἴδια
813 2286 941 2324 ἐπιτίμια,

130 2329 168 2357 καὶ
200 2329 317 2368 γενέσθαι
351 2332 421 2368 αὖτῷ
450 2331 514 2371 ὅπερ
545 2335 583 2369 τῷ
619 2332 697 2367 πατρὶ
732 2329 917 2359 ἐπεϐούλευσεν
935 2339 941 2345 ·

129 2373 158 2408 ἦν
172 2374 219 2413 γὰρ
233 2374 277 2402 καὶ
291 2375 380 2410 αὐτὸς,
403 2376 424 2403 εἰ
445 2376 488 2404 καὶ
515 2376 554 2413 μὴ
583 2375 640 2404 λίαν
665 2375 787 2413 ἔμπειρος
803 2378 854 2403 τῶν
869 2375 944 2403 θείων

131 2419 243 2459 Γραφῶν,
279 2417 338 2446 ἀλλ’
375 2420 447 2448 οὗνθε
476 2421 653 2461 οἷκονομικὸς,
681 2421 725 2448 καὶ
753 2420 869 2457 συνετὸς,
900 2420 944 2448 καὶ

132 2466 164 2500 τῷ
187 2463 236 2501 βίῳ
263 2463 345 2500 μηδὲν
373 2464 491 2494 ἇποδέων
519 2469 563 2493 τοῦ
586 2464 709 2505 ἀδελφοῦ.
739 2465 875 2499 Συστήσας
900 2465 944 2493 οὖν

130 2507 207 2535 πάντα
240 2508 253 2535 ὁ
289 2506 363 2540 ὅσιος
395 2510 486 2550 Πατὴρ
524 2510 592 2538 κατὰ
624 2511 655 2538 τὸ
684 2512 742 2546 Θεῷ
771 2508 873 2546 δοκοῦν,
902 2510 946 2537 καὶ

130 2553 261 2583 νουθεσίαις
291 2551 388 2585 ἐνθέοις
417 2553 602 2594 παρακαλέσας
632 2554 676 2582 καὶ
702 2552 824 2593 στηρίξας
846 2554 891 2581 τὸν
917 2564 944 2582 τε

131 2596 267 2634 ἡγούμενον
291 2597 334 2624 καὶ
364 2598 425 2630 τοὺς
447 2597 584 2639 ἀδελφοὺς,
609 2597 755 2637 ἀπηλλάγη
781 2598 825 2626 καὶ
851 2597 944 2626 τούτου

131 2643 168 2668 τοῦ
181 2644 335 2679 πειρασμοῦ.
352 2639 464 2678 δοξάζων
478 2644 522 2671 καὶ
538 2642 654 2682 εὖλογῶν
669 2643 713 2670 τὸν
730 2642 806 2674 Θεόν,

990 2240 1083 2271 nodos
1098 2242 1229 2279 solverit,
1256 2247 1284 2273 et
1310 2243 1373 2274 ﬁeri
1395 2242 1451 2273 sibi
1478 2251 1580 2282 passus
1605 2241 1704 2281 fuerit,
1729 2241 1807 2281 quod

989 2293 1044 2324 per
1058 2285 1181 2316 insidias
1198 2287 1277 2317 Patri
1293 2287 1479 2318 moliebatur.
1495 2286 1565 2317 Erat
1590 2286 1669 2317 enim
1688 2290 1716 2316 et
1731 2285 1806 2326 ipse,

987 2329 1054 2359 licet
1069 2329 1236 2360 divinarum
1252 2330 1472 2371 Scripturarum
1488 2340 1546 2361 non
1557 2329 1715 2361 admodum
1729 2329 1807 2370 peri-

985 2375 1044 2410 tus,
1053 2378 1138 2414 aptus
1146 2379 1244 2405 tamen
1253 2375 1288 2406 ad
1296 2375 1513 2415 suscipiendam
1520 2374 1807 2406 administrationem

985 2422 1014 2449 et
1025 2419 1166 2458 prudens,
1182 2419 1307 2460 vitaeque
1322 2421 1517 2452 sanctimonia
1546 2420 1628 2451 fratri
1654 2429 1713 2450 non
1729 2420 1807 2451 infe-

989 2463 1060 2495 rior.
1105 2464 1181 2503 Ergo
1227 2464 1331 2496 beatus
1374 2465 1429 2503 vir,
1466 2465 1633 2496 constitutis
1669 2465 1808 2496 omnibus

987 2517 1052 2548 quae
1066 2518 1142 2549 opus
1157 2513 1240 2540 erant
1256 2509 1292 2540 ad
1305 2509 1357 2541 Dei
1367 2509 1599 2551 beneplacitum,
1611 2509 1807 2549 animatisque

987 2556 1016 2584 et
1030 2553 1213 2584 conﬁrmatis
1227 2563 1280 2594 per
1293 2563 1391 2586 sacras
1419 2555 1620 2586 instituti-mes
1636 2558 1693 2585 tam
1710 2554 1807 2593 begu-

987 2606 1085 2635 meno,
1111 2607 1197 2638 quam
1222 2598 1372 2638 fratribus,
1399 2600 1476 2631 hanc
1499 2599 1589 2631 etiam
1612 2597 1806 2629 tentatiouem

985 2642 1146 2682 superavit,
1163 2643 1236 2674 dans
1250 2643 1373 2683 gloriam
1390 2648 1420 2676 et
1433 2644 1616 2676 benedicens
1630 2643 1703 2674 Deo.

810 2731 934 2764 Joannis
947 2731 1009 2764 Clei
1023 2736 1110 2765 notae.

167 2798 226 2839 (24)
240 2798 382 2833 Observat
394 2801 610 2835 illustrissimus
624 2799 828 2842 Caryophilus,
844 2800 927 2832 hisce
939 2801 1014 2833 forte
1027 2801 1156 2834 Orientis
1170 2803 1299 2835 scbisma
1315 2803 1405 2835 fuisse
1420 2803 1648 2845 praefiguratum.
