1954 3059
74 120 120 153 61

712 119 804 150 VITA
827 118 857 150 S.
881 118 963 150 NILI
984 117 1170 149 IUNIORIS.

1746 110 1784 143 62

73 187 130 220 ἦν,
153 185 264 224 Ἀκμὴν
291 187 341 226 γὰρ
365 188 412 216 οὒκ
436 186 493 224 ᾔδει
519 189 620 226 σαφῶς,
648 184 688 213 ὅτι
710 186 740 213 τὸ
764 184 794 213 ἐκ
819 185 914 226 cpiast»:

1005 186 1098 214 ertem
1115 185 1144 212 et
1155 181 1330 222 impigrum,
1348 180 1445 222 qualis
1461 179 1525 220 ipse
1539 182 1602 210 erat
1619 189 1625 210 :
1650 177 1782 226 nondum

74 231 113 260 οὗ
145 232 317 269 μεθίσταται,
345 226 390 263 Ὠς
413 231 458 259 οὖν
484 231 646 270 ἆνετύγχανε
672 233 718 258 τοῦ
743 235 852 270 σκοποῦ,
878 232 922 259 καὶ

75 275 204 316 διῆλθον
219 275 315 315 ἡμέραι
337 279 426 316 τριῶν,
443 276 520 315 ἐτῶν,
536 274 606 314 λέγει
627 274 653 302 ἐν
678 275 761 312 ἐαυτῷ
776 276 789 303 ὁ
805 276 895 315 Πατήρ
912 283 919 290 ·

80 313 159 359 Ἀρά
177 331 209 358 γε
226 320 247 347 εἰ
269 313 302 354 ἦν
328 313 373 358 μοι
397 313 517 360 ἀδελφὸς·
532 319 550 353 ἢ
574 320 627 350 υἱὸς
651 319 668 352 ἣ
691 318 811 358 ἀνεψιὸς,
827 313 922 348 οὐκᾶν

77 365 133 392 καὶ
173 363 263 404 ὕϐρεσι
297 366 342 393 καὶ
382 364 542 402 ὀνειδισμοῖς
578 364 737 404 ἐχρησάμην
772 365 838 404 πρὸς
872 364 921 398 τὴν

79 408 199 438 ἐκείνου
227 409 380 449 παίδευσιν,
417 409 608 446 Δοχιμᾶσωμεν
640 407 718 436 πάλιν
746 409 776 436 τὺ
804 412 921 437 τοιουτον

80 451 170 484 εἶδος
203 451 246 481 ἐπ’
267 453 348 490 αὒτῷ,
374 454 412 491 μή
436 464 501 481 ποτε
525 453 602 490 μείνῃ
631 451 784 483 ἀπαίδευτος
810 453 824 480 6
848 450 921 479 ἀδελ-

82 497 156 536 φός.
177 497 244 525 Τότε
268 496 363 536 ἤρξατο
389 498 525 536 αὖστῆρῶς
549 496 636 536 λέγειν
663 496 744 536 αὖτῷ,
769 496 812 524 καὶ
835 494 921 534 ὕϐρεσι

80 541 206 580 στύφειν
235 541 313 569 αὖτὸν
330 551 336 558 ·
367 541 496 573 πολλάκις
528 540 555 569 δὲ
579 542 621 569 καὶ
647 541 700 569 ἀπὸ
728 541 818 580 χειρὸς
841 539 921 568 ἐδίδου

81 585 180 622 αὐτῷ.
220 585 383 623 Βουλόμενος
412 586 461 624 γὰρ
496 583 592 617 διδάξαι
622 585 699 614 αὐτὸν
727 585 775 616 τὰς
803 585 921 619 συνήθεις

82 630 181 668 εὐχὰς
210 630 254 657 καὶ
280 631 310 657 τὸ
341 629 499 669 ψαλτήριον,
523 629 641 668 ἀνάγκην
669 628 748 668 εἶχεν
772 629 814 656 καὶ
836 627 920 656 κολα-

83 675 225 712 φιστικῶς
253 673 379 702 ἅπτεσθαι
408 673 496 704 what").
524 673 606 704 Αὐτὸς
634 671 661 700 δὲ
686 673 770 700 πάντα
796 672 921 712 ὑπὲφερεν

84 715 203 756 ἀϐαρῶς
238 718 281 745 καὶ
317 718 382 755 μετὰ
418 721 516 758 χαρᾶς,
555 718 622 755 μήτε
657 717 706 750 τὴν
736 716 920 756 σκληροτάτην

86 759 212 794 ἄσκησιν
242 763 285 789 καὶ
318 762 366 795 τὴν
401 761 517 796 ἄληκτον
552 762 692 801 ἀγρυπνίαν
720 760 863 798 δειλιάσας,
895 760 921 787 ἐν

86 807 179 832 πᾶσιν
207 805 370 843 ἐξισούμενος
399 810 438 844 τῷ
464 805 584 846 μεγάλῳ,
613 807 681 844 μήτε
710 806 743 834 τὰ
767 804 853 839 ὀνείδη
877 804 921 833 καὶ

89 849 141 880 τὰς
174 850 246 889 παρὰ
271 855 317 880 τοῦ
339 851 439 890 Πατρὸς
463 851 587 890 ἐπηρείας
615 850 776 890 ἀποδράσας.
803 851 849 878 Διὸ
877 850 920 878 καὶ

87 894 162 932 πρὸς
198 897 243 922 τοῦ
272 898 337 924 Θεοῦ
365 894 513 935 ἐφυλάχθη,
553 895 642 932 μείνας
679 895 834 934 ἀπείραστος
869 897 919 927 τῆς

87 936 255 975 δαιμονικῆς
300 940 469 979 πανουργίας.
516 939 646 971 Πολλάκις
692 940 741 979 γὰρ
781 939 920 979 ἐρωτηθεὶς

88 982 168 1021 παρὰ
196 986 242 1010 τοῦ
277 983 359 1022 ὁσίου,
395 985 480 1015 ποίοις
507 983 556 1024 ἄρα
585 983 726 1023 λογισμοτς
755 983 919 1023 ἐνοχλεῖται,

91 1025 239 1065 ἀπεκρίθη,
276 1027 316 1055 ὅτι
351 1030 404 1057 Οὐκ
438 1028 496 1068 ἔχω
529 1028 657 1068 λογισμόν
683 1029 707 1056 τί
734 1039 812 1066 ποτε,
842 1029 920 1066 μόνον

91 1068 122 1097 δὲ
153 1071 273 1106 νυστάζω
307 1071 404 1110 πολλὰ,
440 1074 484 1100 καὶ
518 1071 560 1100 διὰ
589 1078 666 1102 τοῦτο
693 1071 825 1110 θλίϐομαι,
856 1072 921 1100 Τότε

92 1121 174 1142 ποιεῖ
198 1117 268 1152 αὒτῷ
290 1117 303 1144 6
330 1117 419 1155 Πατὴρ
444 1117 570 1154 σκαμνίον
599 1117 664 1157 ἕχον
691 1116 782 1145 πόδιον
810 1118 849 1154 ἓν,
878 1117 922 1144 καὶ

93 1157 171 1196 λέγει
201 1159 282 1197 «ora,
312 1160 352 1188 ὅτι
386 1161 422 1188 Σὺ
451 1161 499 1198 μὲν
528 1159 602 1200 ’ἔχεις
628 1160 710 1192 πόδας
739 1160 794 1199 δύο,
824 1162 868 1189 καὶ
891 1162 922 1189 τὸ

94 1204 225 1240 σταμνίον
255 1203 281 1232 ἕν
299 1212 305 1219 '
336 1203 389 1234 ἰδοὺ
414 1212 485 1243 τρεῖς
510 1205 587 1237 πόδες
606 1213 613 1220 ·
643 1206 687 1233 καὶ
710 1205 779 1233 οὕτω
800 1207 922 1243 καθήμε-

95 1257 154 1283 νος,
184 1250 234 1281 τῆς
263 1248 377 1286 μελέτης
402 1250 440 1287 μὴ
465 1249 615 1288 ἀμελήσῃς,
643 1246 670 1279 ’0
693 1249 719 1278 δὲ
742 1251 792 1284 τὴν
818 1261 921 1290 παραγ-

95 1290 190 1329 γελίαν
205 1291 353 1334 δεξάμενος,
382 1293 496 1332 οὖδαμοῦ
519 1293 631 1328 ἐκάθητο
657 1294 687 1322 ἔκ
711 1305 771 1323 τοτε
795 1296 817 1324 εί
841 1295 880 1333 μὴ
896 1296 922 1322 ὲν

95 1338 136 1372 τῷ
166 1337 286 1374 σκαμνίῳ
314 1337 405 1375 ἐκείνῳ
434 1340 478 1366 καί
507 1339 534 1367 ἐν
561 1342 595 1377 τῇ
623 1338 734 1377 μελέτῃ,
763 1341 807 1368 καὶ
834 1340 860 1367 ἔν
890 1342 924 1378 τῇ

97 1378 239 1417 ἐκκλησίᾳ,
266 1382 309 1409 καὶ
332 1381 359 1410 ἐν
383 1383 421 1419 τῷ
445 1383 598 1422 γεύσασθαι.
624 1384 777 1421 Νικώμενος
801 1383 828 1412 δὲ
853 1383 923 1412 πολ-

98 1422 177 1456 λάκις
202 1425 252 1453 ὑπὸ
272 1430 319 1455 τοῦ
343 1430 502 1466 νυσταγμοῦ,
525 1427 569 1454 καὶ
592 1427 694 1456 πίπτων
723 1428 766 1456 ἐπὶ
786 1428 836 1462 τὴν
859 1431 923 1468 γῆν,

964 227 1073 269 quippe
1081 227 1152 257 satis
1163 225 1319 261 didicerat,
1337 226 1400 257 tolli
1416 234 1474 255 non
1487 233 1586 265 posse,
1601 223 1679 263 quod
1696 231 1713 253 a
1726 230 1782 252 na-

964 277 1029 303 tura
1038 275 1083 302 est
1097 271 1236 302 inditum.
1253 272 1326 301 Cum
1343 280 1412 310 ergo
1432 269 1505 300 nihil
1521 269 1690 309 proﬁceret,
1703 270 1782 296 tem-

963 326 1079 358 pusque
1095 316 1185 347 trium
1201 325 1346 346 attnorum
1371 316 1433 356 jam
1452 314 1583 348 abiisset,
1600 321 1701 343 secum
1718 310 1783 351 ipse

964 364 1052 394 Pater
1063 361 1159 392 dixit:
1190 359 1265 391 Nutu
1295 360 1318 390 si
1342 369 1426 390 meus
1450 359 1499 390 hic
1526 358 1616 389 frater
1628 360 1718 396 essﬂ,
1733 358 1783 386 aut

963 407 1052 443 ﬁlius,
1075 409 1125 437 aut
1139 409 1219 436 certe
1235 403 1333 435 fratris
1355 404 1444 442 ﬁlius,
1470 402 1592 433 minime
1607 401 1780 432 adhiberem

963 451 1096 483 convicia
1103 454 1132 481 et
1143 448 1401 489 increpationesad
1412 445 1631 479 erudiendum?
1643 443 1782 485 Experia-

964 505 1031 527 mur
1041 499 1071 527 et
1082 495 1137 525 hoc
1147 493 1339 524 institutionis
1345 501 1449 532 genus,
1458 501 1496 522 ne
1505 491 1782 522 fraterincorrectus

965 543 1091 570 maneat.
1109 539 1191 570 Tunc
1203 537 1291 578 coepit
1305 543 1423 568 austere
1438 546 1505 567 cum
1518 535 1583 575 ipso
1599 533 1679 574 loqui
1690 537 1719 565 et
1729 541 1782 573 per

962 584 1158 616 contumelias
1168 582 1363 614 acrimoniam
1390 581 1489 612 verbis
1503 579 1625 620 addere,
1640 588 1698 609 non
1714 586 1780 608 raro

961 629 1050 660 etiam
1068 637 1155 659 manu
1172 626 1368 667 perculiebat.
1400 626 1472 658 Nam
1490 634 1556 656 cum
1573 623 1682 654 docere
1696 622 1780 653 illum

962 673 1052 703 vellet
1067 676 1223 703 consuetas
1237 670 1386 702 orationes
1401 673 1431 701 et
1459 668 1642 710 psalterium,
1659 675 1782 710 necesse

961 716 1088 748 habebat
1102 719 1130 747 et
1144 715 1285 755 colaphos
1298 714 1341 745 illi
1354 709 1530 755 impingere.
1547 712 1600 744 Ille
1615 721 1683 743 vero
1707 709 1780 741 nihil

963 762 1097 798 moleste,
1115 760 1167 791 sed
1184 754 1281 791 libens
1298 759 1374 790 ferre
1398 754 1508 796 omnia,
1533 767 1592 788 non
1615 754 1779 796 asperrimo

964 805 1078 836 vivendi
1093 813 1214 845 genere,
1228 813 1287 834 non
1299 803 1462 844 vigiliarum
1476 802 1647 833 assiduitate
1662 804 1779 845 perter-

962 851 1047 887 ritus,
1063 844 1146 890 aeque
1160 858 1195 879 ac
1211 849 1300 880 Pater
1314 848 1464 879 sustinens
1493 846 1592 877 omnia
1618 849 1648 876 et
1672 844 1782 890 probra

961 904 1020 926 non
1035 887 1168 924 devitans
1190 896 1220 924 et
1234 893 1463 933 increpationes,
1489 891 1598 932 quibus
1613 898 1680 920 eum
1696 887 1782 933 Pater

961 938 1133 979 impetebat.
1151 937 1192 968 Ex
1206 947 1264 977 quo
1280 932 1399 973 factum,
1417 939 1449 968 ut
1464 936 1524 967 Deo
1541 938 1688 970 servante,
1709 932 1778 979 nul—

961 977 1116 1023 las—passus
1129 982 1218 1013 fuerit
1229 991 1282 1022 per
1304 981 1414 1012 diaboli
1432 981 1621 1012 calliditatem
1639 977 1779 1010 tentatio-

961 1037 1026 1059 nes.
1041 1026 1113 1057 Nam
1129 1035 1207 1066 saepe
1221 1029 1340 1065 rogatus
1354 1035 1372 1056 a
1386 1025 1472 1056 beato
1488 1025 1583 1061 Patre,
1604 1023 1780 1064 quibusnam

963 1070 1192 1111 cogitationibus
1219 1074 1385 1110 vexaretur,
1409 1069 1610 1110 respondebat
1631 1077 1664 1098 se
1687 1067 1783 1097 nullas

963 1116 1073 1146 habere
1089 1114 1294 1154 cogitationes.
1307 1115 1358 1146 sed
1371 1114 1461 1145 nimia
1483 1118 1595 1145 tantum
1611 1111 1707 1144 somni
1725 1121 1782 1152 op-

964 1160 1119 1201 pressione
1134 1159 1276 1199 torqueri.
1292 1159 1375 1190 Tunc
1391 1158 1460 1189 fecit
1470 1159 1512 1189 illi
1525 1160 1613 1190 Pater
1628 1165 1782 1188 scamnum

964 1200 1023 1236 uno
1037 1204 1113 1245 pede
1127 1207 1267 1234 constans
1283 1208 1312 1234 et
1325 1203 1366 1234 ait
1379 1214 1385 1233 :
1411 1204 1452 1234 Tu
1469 1202 1588 1244 quidem
1604 1202 1679 1232 duos
1694 1200 1784 1241 pedes

965 1249 1056 1280 habes
1072 1252 1101 1279 et
1115 1257 1246 1279 scammo
1263 1253 1306 1279 est
1330 1257 1427 1279 unus:
1454 1257 1524 1278 ecce
1549 1252 1609 1277 tres
1625 1245 1728 1286 pedes,
1745 1245 1786 1275 ita

964 1298 1072 1325 sedens
1087 1292 1272 1324 meditationi
1280 1302 1399 1333 operam
1413 1292 1509 1323 dabis.
1525 1291 1588 1328 Ille,
1600 1294 1722 1331 accepto
1729 1290 1785 1320 hoc

965 1338 1113 1376 mandato,
1126 1337 1207 1368 nulla
1217 1337 1362 1378 deinceps
1372 1337 1428 1368 alia
1443 1337 1515 1368 sede
1530 1337 1679 1375 utebatur,
1695 1343 1782 1375 quam

964 1392 1094 1414 scammo
1109 1382 1173 1419 illo,
1186 1381 1248 1413 sive
1264 1381 1467 1419 meditaretur,
1484 1381 1546 1412 sive
1558 1385 1637 1412 esset
1649 1379 1679 1410 in
1692 1379 1785 1410 eccle-

965 1427 1073 1458 siasive
1082 1426 1330 1465 sumeretcibum,
1339 1426 1391 1457 sed
1397 1435 1500 1457 somno
1510 1425 1684 1466 plerumque
1690 1424 1785 1454 victus

99 1469 166 1496 ποτὲ
189 1469 237 1506 μὲν
262 1471 306 1498 τὸν
328 1471 468 1511 βραχίονα,
493 1471 558 1500 ποτὲ
587 1470 613 1500 δέ
640 1473 671 1500 τὸ
693 1473 834 1512 πρόσωπον
859 1483 914 1502 συν-

1005 1472 1136 1512 densque
1148 1471 1178 1501 in
1198 1475 1317 1510 terram,
1336 1472 1423 1502 modo
1439 1470 1605 1509 brachium,
1623 1469 1711 1500 modo
1726 1467 1784 1498 sibi

103 1512 219 1552 ετρίϐετο
224 1539 230 1545 ,

143 1552 202 1592 κη’.
232 1558 314 1588 Πάλιν
340 1560 485 1600 ἐρχόμενος
512 1561 554 1589 ἐπὶ
584 1562 614 1590 τὸ
639 1562 737 1599 ἑψῆσαι
763 1562 793 1590 τὸ
817 1560 923 1602 ὄσπριον

103 1603 147 1630 καὶ
169 1603 247 1634 τιθεὶς
270 1603 350 1632 πλέον
372 1604 390 1638 ἢ
410 1606 441 1633 τὸ
465 1610 556 1637 σκεῦος
581 1608 705 1646 χωρῆσαι
728 1605 850 1646 ἧόύνατο,
873 1607 923 1634 ὑπὸ

102 1648 151 1679 τῆς
180 1647 238 1684 βίας
266 1647 358 1687 ἁθρόον
390 1648 541 1688 ἐῤῥήγνυτο.
567 1648 609 1678 Ἐν
631 1652 678 1687 μιᾷ
698 1654 759 1689 γοῦν
781 1653 834 1678 τῶν
856 1651 924 1688 ἠμε-

103 1694 153 1730 ρῶν
187 1693 342 1731 συναγαγὼν
380 1693 483 1722 ἅπαντα
517 1695 550 1722 τὰ
586 1694 737 1733 κλάσματα,
774 1694 922 1722 ὑπεδείκνυε

102 1736 139 1773 τῷ
162 1737 239 1776 πατρὶ
264 1738 295 1765 τὸ
319 1737 427 1778 σφάλμα
455 1738 705 1778 ἐξομολογούμενος.
737 1735 766 1768 ¹Ο
793 1738 821 1767 δὲ
850 1739 921 1779 λέγει

102 1781 165 1819 πρὸς
180 1780 256 1810 αὐτόν
271 1789 279 1796 ”
309 1783 358 1811 Καὶ
381 1783 405 1811 τί
426 1784 456 1811 τὸ
480 1783 584 1824 ὄφελος,
610 1782 650 1812 ὅτι
676 1783 824 1823 ἐξομολογῇ
848 1784 922 1821 μόνῳ

103 1825 185 1865 ἐμοὶ,
220 1825 305 1865 ὅπαγε
332 1828 368 1859 εἱς
397 1829 429 1856 τὰ
456 1830 631 1868 μοναστήρια,
660 1830 704 1857 καὶ
730 1828 815 1862 δεῖξον
843 1830 920 1866 αὔτα,

103 1869 147 1914 ’ίνα
175 1871 335 1910 γνωρίσωσιν
359 1872 448 1900 ὑποτοι
478 1874 592 1907 ἀσκηταὶ
612 1875 694 1911 ἡμεῖς
718 1874 797 1911 ἐσμεν
820 1885 921 1914 χυτρο-

103 1913 222 1945 κλάσται.
248 1915 312 1944 Τότε
338 1915 426 1944 λαϐὼν
454 1918 487 1945 τὰ
514 1909 653 1955 κλάσματα
681 1909 841 1958 ἀπέρχεταίί
856 1909 921 1958 πρὸς

104 1962 229 1987 Φαντϊνον
258 1961 303 1987 τὸν
327 1961 480 2000 ὁσιώτατον,
507 1964 552 1990 καὶ
579 1964 609 1990 τὸ
629 1965 739 2002 πρᾶγμα
762 1964 832 2000 αὖτῷ
857 1962 920 1996 ἐξη-

104 2004 211 2042 γήσατο.
236 2005 319 2036 Αὐτὸς
342 2004 369 2033 δὲ
391 2007 429 2043 τῷ
455 2011 547 2044 σκοπῷ
566 2007 694 2044 ἑπόμενος
717 2011 763 2036 τοῦ
782 2008 920 2047 θεόφρονος

103 2049 144 2075 καὶ
176 2048 332 2088 ὁμόφρονος,
382 2052 537 2090 συναγαγὼν
579 2052 666 2080 πάντα
701 2052 733 2080 τὰ
766 2051 917 2091 κλάσματα,

104 2093 144 2120 καὶ
170 2094 279 2132 σχοινίῳ
307 2093 447 2135 συνδήσας,
475 2097 518 2124 καὶ
545 2097 583 2134 τῷ
605 2095 736 2136 τραχήλῳ
759 2096 837 2124 αὖτοῦ
861 2107 919 2135 κρε-

106 2136 194 2174 μάσας,
231 2139 375 2172 πεποίηκεν
410 2139 488 2168 αὒτὸν
524 2140 592 2168 οὕτω
628 2143 793 2180 παραστῆναι
821 2140 848 2168 ἐν
881 2141 919 2178 τῷ

105 2181 239 2220 ἆριστηρίῳ
266 2185 318 2210 τῶν
348 2182 465 2224 ἀδελφῶν
495 2185 655 2224 γευομένων.
686 2186 782 2214 Τούτου
811 2184 838 2212 δὲ
871 2196 918 2224 γε-

105 2225 207 2263 νομένου
234 2226 386 2256 ἀπέστειλεν
415 2229 493 2257 αὐτὸν
521 2229 600 2258 πάλιν
627 2230 692 2270 πρὸς
718 2231 763 2258 τὸν
792 2228 864 2258 ὅσιον
891 2229 918 2258 ἐν

106 2270 140 2314 τῷ
165 2269 285 2307 σπηλαίῳ
313 2277 359 2302 τοῦ
382 2271 473 2303 λοίποῦ
501 2273 681 2314 διορθωθέντα.
709 2274 917 2314 [Ιεριερχόμενος

106 2312 130 2341 δέ
153 2325 213 2342 ποτε
249 2316 262 2343 ὁ
300 2316 427 2356 μακάριος
463 2312 596 2358 Στέφανος
632 2319 687 2357 εὗρε
722 2312 754 2346 τά
786 2312 918 2357 λενομετα

105 2360 243 2398 σπαράγγια
260 2369 266 2375 “
297 2361 341 2388 καὶ
367 2362 522 2401 συναγαγὼν
550 2364 612 2392 αὐτὸ
640 2363 683 2390 καὶ
710 2363 812 2399 ἑψήσας
844 2373 915 2402 παρ-

103 2402 182 2435 έθηκεν
210 2402 237 2430 ἐν
264 2406 298 2442 τῇ
326 2405 380 2444 ὣρᾳ
404 2409 450 2434 τοῦ
476 2407 626 2444 γεύσασθαι,
652 2405 814 2435 Μεταλαϐὼν
838 2405 864 2434 δὲ
890 2406 915 2439 ἐξ

103 2446 176 2490 αῷτῶν
212 2448 225 2474 6
261 2448 364 2489 Πατὴρ,
399 2451 442 2477 καὶ
478 2451 516 2482 ὡς’
548 2452 618 2490 παρὰ
652 2452 789 2486 συνήθειαν
819 2454 914 2490 μικρᾶς

103 2489 186 2524 ἡδονῆς
222 2491 389 2530 αἰσθόμενος,
426 2494 533 2523 ἐπύθετο
567 2489 613 2524 τοῦ
640 2495 752 2535 ἑταίρου,
784 2495 842 2534 εἴγε
870 2496 914 2523 καὶ

104 2535 169 2566 αὐτὸς
182 2537 230 2568 τῆς
256 2537 337 2570 αὐτῆς
363 2537 524 2577 γλυκύτητος
548 2538 653 2577 ᾔσθετο.
681 2543 731 2568 Τοῦ
753 2538 780 2567 δὲ
801 2550 914 2578 συμφω-

105 2579 230 2620 νήσαντος,
254 2580 332 2618 ῥῖψαι
347 2581 412 2609 αὐτὰ
429 2581 478 2615 ἔξω
501 2584 582 2623 πικρά
605 2587 651 2612 τοῦ
676 2584 776 2623 [ἰατρὸς
792 2582 913 2610 εκελεύε-

104 2633 130 2650 το
144 2631 154 2668 ⁸-
179 2627 264 2668 fail-.1
306 2626 366 2665 γὰρ,
411 2628 485 2666 φησὶ,
532 2629 603 2667 παρὰ
637 2628 711 2668 φύσει
745 2628 914 2668 τυγχάνοντα

105 2668 117 2694 6
146 2665 259 2712 διάϐολος
295 2664 399 2709 ἤρτυσε,
418 2664 479 2699 ’καὶ
515 2664 612 2712 γλυκέα
644 2664 816 2705 Immin-45v;-
845 2664 912 2703 ﬂEum;

105 2711 211 2757 τοσούτου
246 2711 433 2752 ἐγκρατεύοντο
469 2717 492 2744 οἱ
533 2717 668 2757 μακάριοι,
705 2717 749 2744 καὶ
784 2716 827 2754 βίᾳ
862 2715 911 2749 τὴν

105 2754 166 2794 φῦσιν
188 2754 314 2790 διηνεκῶς
342 2758 532 2798 κατεδάμαζον,
559 2754 631 2790 Μετὰ
655 2754 683 2790 δὲ
709 2765 789 2792 ταῦτα
812 2760 912 2800 ἔκρινεν

964 1515 1070 1547 faciem
1086 1515 1294 1556 perfringebat.
1310 1537 1312 1539 ›

1005 1561 1054 1592 28.
1073 1560 1188 1592 Rursus
1203 1561 1272 1591 dum
1297 1561 1353 1592 iret
1374 1561 1410 1592 ad
1437 1560 1606 1592 elixandum
1629 1559 1781 1598 legumen,

962 1614 1070 1645 vasque
1085 1605 1161 1636 ultra
1187 1606 1306 1636 modum
1332 1606 1481 1647 impleret,
1507 1608 1630 1645 repente
1659 1603 1731 1634 illud
1756 1602 1784 1632 vi

964 1649 1198 1689 dirumpebatur.
1216 1649 1346 1686 Quadam
1363 1661 1431 1691 ergo
1447 1651 1496 1682 die
1507 1652 1670 1689 fragmenta
1685 1647 1783 1679 omnia

964 1694 1086 1725 collecta
1097 1694 1174 1725 Patri
1185 1695 1370 1732 ostendebat,
1380 1700 1508 1727 erratum
1521 1704 1605 1726 suum
1627 1693 1782 1725 confitens.

963 1740 1001 1770 Et
1017 1743 1100 1779 pater
1114 1739 1149 1770 ad
1176 1739 1258 1770 illum
1276 1749 1282 1771 τ
1309 1739 1385 1776 Quid
1410 1750 1478 1772 vero
1502 1740 1623 1781 prodest
1639 1738 1713 1769 mihi
1730 1736 1782 1768 uni

963 1784 1096 1815 confiteri
1109 1785 1123 1814 ?
1134 1785 1228 1823 Perge
1243 1785 1279 1815 ad
1295 1785 1473 1816 monasteria
1493 1789 1522 1816 et
1533 1785 1657 1816 ostende
1670 1783 1731 1816 illa.
1751 1786 1784 1813 ut

963 1833 1156 1867 cognoscant.
1170 1829 1402 1869 qualessolitarii
1419 1830 1524 1863 simus.
1535 1829 1660 1860 ollarum
1670 1829 1780 1858 fracto-

963 1881 1022 1903 res.
1035 1872 1172 1913 Acceptis
1183 1882 1252 1912 ergo
1262 1874 1312 1905 ille
1323 1874 1505 1914 fragmentis,
1519 1873 1650 1915 perrexit
1659 1873 1695 1904 ad
1708 1872 1782 1903 bea-

963 1917 1108 1947 tissimum
1136 1917 1304 1957 Fantinum,
1330 1928 1452 1960 remque
1477 1919 1519 1950 illi
1542 1918 1697 1949 enarravit.
1730 1918 1783 1949 Ille

961 1970 1030 1992 vero
1047 1961 1146 1992 divina
1160 1963 1303 2002 sapientis
1319 1968 1348 1994 et
1363 1964 1544 1995 unanimiter
1559 1963 1702 2004 sapientis
1726 1963 1782 1993 vivi

963 2009 1093 2036 mentem
1100 2007 1401 2047 secutus,,fragmenta
1409 2009 1507 2039 omnia
1514 2008 1646 2045 collecta,
1655 2007 1783 2048 funeque

963 2049 1098 2087 colligata
1115 2050 1150 2080 ad
1167 2051 1276 2082 collum
1302 2052 1367 2093 ejus
1392 2053 1542 2094 appendit,
1561 2057 1590 2083 et
1602 2057 1680 2083 stare
1695 2051 1783 2091 iussit

961 2094 1119 2138 habentem
1129 2095 1179 2125 illa
1188 2095 1216 2125 in
1225 2097 1470 2134 caenaculo,dum
1480 2097 1781 2138 fratresprandcrent.

960 2137 1066 2168 Postea
1082 2138 1118 2169 ad
1133 2144 1267 2171 sanctum
1284 2141 1378 2172 virum
1404 2142 1434 2172 in
1460 2142 1631 2183 speluncam
1653 2140 1778 2177 remisit,

960 2187 1127 2213 correctum
1144 2184 1174 2215 in
1190 2189 1355 2225 posterum.
1380 2186 1452 2218 Cum
1474 2186 1544 2217 olim
1561 2195 1614 2226 per
1626 2194 1712 2225 agros
1725 2185 1782 2216 iret

960 2227 992 2258 B.
1007 2226 1186 2268 Stephanus,
1198 2229 1484 2271 invenitasparagos,
1493 2230 1574 2270 legit,
1585 2230 1672 2268 coxit,
1688 2239 1782 2270 appo-

959 2272 1078 2312 suitque
1090 2272 1164 2304 hora
1179 2275 1306 2314 prandii.
1326 2275 1370 2306 Uti
1387 2275 1471 2306 Pater
1483 2275 1669 2314 degustasset
1682 2279 1711 2305 et
1724 2284 1784 2305 mo-

959 2317 1057 2347 dicum
1074 2319 1201 2358 cepisset
1217 2320 1371 2360 voluptatis
1388 2324 1493 2360 praeter
1520 2319 1782 2357 concueludinem,

957 2361 1091 2401 quaesivit
1107 2371 1142 2392 ex
1157 2364 1250 2404 socio,
1267 2374 1338 2394 num
1353 2369 1382 2394 et
1397 2364 1446 2394 ille
1462 2363 1590 2394 similem
1602 2363 1781 2404 voluptatem

957 2405 1090 2436 sentiret.
1102 2406 1255 2438 Afﬁrmant
1264 2418 1279 2439 e
1293 2408 1355 2446 illo,
1366 2408 1539 2448 jussitipse,
1552 2412 1583 2438 ut
1594 2408 1673 2439 foras
1685 2408 1781 2448 proji-
1817 2408 1822 2412 ’

957 2453 1042 2480 ceret
1057 2458 1063 2480 :
1077 2450 1149 2481 Nam
1162 2452 1273 2490 cibum,
1285 2452 1394 2494 inquit.
1405 2456 1509 2483 natura
1523 2462 1655 2483 amarum
1671 2452 1779 2483 condi-

957 2494 996 2524 vit
1013 2494 1150 2527 diabolus
1164 2501 1191 2527 et
1206 2506 1325 2528 suavem
1340 2497 1483 2529 reddidit.
1501 2497 1583 2528 Adeo
1595 2497 1783 2529 continentes

959 2542 1044 2569 erant
1058 2539 1136 2570 beati
1152 2541 1205 2572 viri
1221 2546 1250 2573 et
1267 2541 1293 2571 vi
1309 2542 1428 2572 assiduo
1454 2541 1586 2572 adhibita
1603 2541 1782 2572 edomabant

957 2586 1105 2632 naturam.
1119 2585 1189 2616 Post
1200 2586 1311 2632 haec_B.
1323 2585 1408 2632 l_‘iilus
1421 2585 1735 2632 cogitandum_censuit
1745 2585 1782 2616 de

956 2629 1254 2677 impotentequoque
1320 2630 1583 2677 Srtephanirparte.
1608 2629 1697 2677 Mittit
1712 2639 1782 2669 ergo

956 2673 1056 2722 ipsimi
1067 2673 1176 2706 additis
1187 2675 1295 2707 litteris
1309 2676 1345 2722 ad
1362 2685 1434 2722 ven.
1448 2675 1636 2722 Theodoram
1653 2674 1721 2722 (hoc
1736 2677 1782 2705 est

955 2716 1013 2747 divi
1043 2717 1193 2751 'tauctam
1218 2721 1394 2752 muneribus
1419 2721 1457 2751 de
1481 2719 1609 2758 nomine)
1634 2718 1778 2758 virginem

955 2761 1007 2793 bea
1053 2764 1158 2797 simam
1168 2766 1197 2797 id
1211 2767 1352 2808 temporis
1362 2767 1449 2798 vitam
1461 2766 1616 2807 degentem
1631 2764 1779 2797 monasti-
