1954 3059
84 135 123 169 65

695 137 789 171 VITA
811 139 841 171 S.
866 137 950 175 NIIJ
971 135 1159 169 JUNIORIS.

1727 134 1772 166 .66

87 208 126 242 τῷ
141 205 189 243 μὶν
213 206 324 243 στόματι
347 204 532 245 θεολογοῦμεν,
557 209 596 243 τῷ
620 205 650 234 δὲ
674 207 717 234 νο¹ι
742 205 899 243 ἀλογοὖμεν.

993 202 1188 242 vagationem,
1205 201 1275 233 dum
1291 205 1365 239 orat,
1383 210 1438 233 nec
1446 200 1574 233 attendit
1589 200 1625 232 ad
1641 208 1688 242 ea,
1702 209 1768 242 quae

87 249 143 277 Καὶ
169 248 258 288 ἔλεγεν
282 249 332 287 ἀεὶ,
363 249 402 278 ὅτι
430 249 503 278 οὐδὲν
532 249 596 278 ἄλλο
620 249 738 290 διεγείρει
764 251 823 282 τοὺς
849 249 907 277 δαί-

990 257 999 278 5
1015 247 1136 288 profert.

91 303 173 330 μονας
200 294 267 321 κατὰ
291 297 336 322 τοῦ
364 297 484 333 μοναχοῦ
509 295 544 326 ὡς
571 295 584 322 ὁ
611 293 762 333 ῥεμϐασμὸς
791 294 818 322 ἐν
906 295 1052 332 προσευχῇ,
1088 292 1131 319 καὶ
1166 292 1196 319 τὸ
1231 291 1285 328 μὴν
1319 290 1460 331 προσέχειν
1493 297 1552 323 τοῖς
1587 290 1770 331 ὲξερχομένοις

89 336 180 376 λόγοις
194 337 224 366 ἐκ
238 341 283 366 τοῦ
295 338 426 376 στόματος
441 338 529 368 αὑτοῦ.

132 378 238 414 λ’Τότε
262 386 348 413 τοίνυν
370 386 384 413 ὁ
410 384 482 416 ὅσιος
511 386 602 425 Πατὴρ
622 386 698 423 ἡμῶν
725 384 821 416 Νεῖλος
844 385 910 422 ἡμέ-

990 379 1040 411 30.
1051 380 1135 410 Tunc
1145 378 1234 418 igitur
1249 378 1352 409 beatus
1367 378 1454 409 Pater
1479 377 1575 416 Nilus,
1592 378 1643 409 ubi
1657 378 1768 419 illuxit,

92 439 139 467 ρας
167 428 367 462 καταλαϐούσης
396 428 515 458 ἀπελθὼν
551 423 592 457 ἒνἺ
611 432 650 467 τῷ
678 429 810 466 σπηλαίῳ,
840 431 910 469 εὗρεν

993 424 1165 464 speluncam
1173 432 1310 454 reversus
1320 423 1466 462 cognovit,
1479 423 1549 454 illuc
1561 432 1654 464 usque
1666 432 1772 464 perve-

93 471 133 501 ὅτι
160 472 272 506 ἀνῆλθον
300 472 350 505 ἕως
379 472 437 501 ἐκεῖ
463 475 486 502 οἱ
514 473 688 512 Σαρῤακηνοὶ,
709 474 753 501 καὶ
776 473 912 514 ἀφείλοντο

93 517 123 544 τὸ
158 517 276 557 τρίχινον
311 520 359 551 τῆς
397 516 518 556 ἀλλαγῆς
549 519 638 558 αὖτοῦ,
669 518 823 556 γεμίσαντες
853 519 915 547 αὐτὸ

94 560 203 589 ἀπιδίων
237 561 333 601 ἀγρίων
367 562 494 600 κειμένων
522 562 621 593 ἐκεῖσε.
651 561 790 591 Κατελθὼν
818 561 844 590 δὲ
872 561 916 591 καὶ

94 605 131 637 εἰς
145 607 176 634 τὸ
201 606 388 646 μοναστήριον,
415 607 458 634 καὶ
483 605 543 634 ἰδὼν
569 606 672 635 ἅπαντα
698 607 916 646 κατεστραμμένα

95 651 139 678 καὶ
169 650 395 690 κατηρημωμὲνα,
426 650 563 690 ἐλογίσατο
590 652 640 680 ὑπὸ
665 654 717 679 τῶν
741 651 917 690 Σαρῤακηνῶν

95 696 257 734 κρατηθῆναι
281 695 326 723 τὸν
350 694 423 723 ὅσιον
448 695 580 735 Στέφανον
604 695 659 724 εἴτε
685 695 712 723 ἒν
735 699 774 733 τῷ
788 695 916 735 σπελαίιρ,

98 731 154 766 sit:
182 739 209 767 ἐν
240 743 279 776 τῷ
313 741 491 779 μοναστηρίῳ.
507 731 632 779 ’Ἤρξατο
659 743 722 787 γοῦν
751 731 848 780 σφόδρα
875 731 917 769 λάξ

97 785 214 823 -ι-ιείσθαι⁷
260 785 303 812 καὶ
343 783 430 823 λέγειν
475 784 501 813 ἐν
537 785 643 822 ἐαυτῷ·
682 783 778 816 Ὄντως
813 784 917 813 ταπεὶνὲ

99 827 190 868 Νε·λε,
214 829 228 856 ὁ
250 827 361 869 ἀδελφὸς
384 829 516 870 Στέφανος
544 828 634 861 δοῦλος
661 831 755 869 ὑπάγει
773 838 780 845 '
810 830 917 862 πάντως

956 468 1037 500 uisse
1048 468 1226 499 Sarracenos
1237 471 1267 498 et
1287 467 1452 507 abripuisse
1473 467 1624 498 cilicinum
1641 477 1771 505 saccum,

957 522 1016 553 quo
1032 512 1095 553 ipse
1108 511 1246 542 utebatur
1259 512 1416 552 alternum,
1439 512 1517 552 pyris
1532 512 1698 552 agrestibus
1713 512 1772 543 im-

959 558 1084 598 plentes,
1094 566 1159 597 quae
1170 556 1280 587 ibidem
1294 561 1478 597 repercrant.
1490 557 1649 587 Descendit
1659 565 1776 597 quoque

957 602 989 632 in
1005 601 1216 632 monasterium
1231 605 1261 632 et
1275 610 1341 632 cum
1369 605 1476 632 vastata
1500 601 1599 632 omnia
1613 601 1733 633 vidisset
1747 605 1778 632 et

959 647 1102 687 desolata,
1140 651 1256 686 captum
1293 646 1471 677 existimavit
1496 655 1513 676 a
1542 645 1712 677 Sarracenis
1741 645 1774 676 Β.

960 691 1153 732 Stephanum,
1173 691 1235 721 sive
1250 690 1280 721 in
1295 691 1447 731 spelunca,
1465 690 1528 722 sive
1543 690 1573 721 in
1585 690 1775 723 monasterio.

959 735 1052 776 Cmpit
1067 745 1137 775 ergo
1153 735 1346 767 vehementer
1359 735 1469 766 trist-ari
1485 739 1513 766 et
1537 745 1639 766 secum
1654 735 1775 767 dicere:

958 779 1039 811 Heus
1054 780 1223 812 miserande
1233 779 1311 818 Nile,
1323 780 1414 810 frater
1424 781 1592 820 Stephanus
1603 779 1705 820 procul
1721 779 1778 810 du-

959 824 998 855 ba
1011 825 1144 863 captivus
1159 830 1213 856 est.
1229 825 1314 856 Certe
1323 824 1403 855 enim
1420 828 1448 855 te
1461 829 1637 865 exspectans
1656 824 1717 855 sive
1732 824 1780 855 hic

97 872 147 912 γὰρ
163 868 395 921 περιμένγιῆμᾶς
421 868 476 902 εἴτε
502 873 564 914 ὦδε,
590 873 645 902 εἴτε
672 874 698 902 ἐν
723 868 761 911 τῷ
783 873 910 911 σπηλαίῳλ

990 869 1064 899 vein
1075 869 1227 909 spelunca,
1248 873 1350 909 captus
1363 873 1419 900 est.
1438 870 1552 899 Justum
1575 868 1663 909 plane
1676 871 1732 905 est,
1750 873 1782 900 ut

99 915 240 956 ἐκρατήθη.
273 915 370 950 Ὄντως
397 917 494 946 δίκαιόν
522 918 604 955 ὲεττιν⁷
626 919 672 947 ’ἕνα
693 919 847 957 ὑπάγωμεν,
874 919 918 946 καὶ

101 959 280 999 δουλεύσωμεν
305 961 362 999 μετ’
387 963 467 992 αὺτοῦ
483 972 490 979 ⁸
517 964 560 991 χετὶ
586 966 668 991 ταῦτα
691 962 775 1002 λέγων
800 961 918 1002 ἐδάκρυε,

101 1004 261 1045 φοϐούμενος
295 1006 342 1043 μὲν
371 1007 401 1035 τὸ
430 1005 531 1039 ἀναιδὲς
559 1008 602 1035 καὶ
625 1007 768 1046 ἀκάθαρτον
789 1010 842 1035 τῶν
865 1018 920 1034 πα-

102 1053 200 1088 γανῶν,
237 1049 448 1088 ἀναγκαζόμενος
477 1050 504 1079 δὲ
533 1051 612 1079 πάλιν
639 1051 723 1079 θεῖναί
750 1051 799 1084 τὴν
829 1050 920 1090 ψυχὴν

103 1093 167 1132 ὑπὲρ
182 1098 228 1123 τοῦ
255 1094 329 1134 φίλου
353 1096 432 1124 αὐτοῦ
455 1094 496 1124 διὰ
517 1100 567 1129 τὴν
591 1095 700 1129 ἐντολὴν
722 1099 768 1124 τοῦ
798 1098 920 1135 Χριστοῦ.

104 1141 190 1166 Ταῦτα
224 1139 308 1167 τοίνυν
337 1138 535 1177 ἐνθυμούμενος,
568 1139 714 1180 ἀπέρχεται
743 1140 787 1167 καὶ
814 1139 923 1174 καθέζε-

103 1192 146 1209 ται
175 1182 224 1210 ἀνὰ
252 1182 331 1220 μέσον
357 1186 406 1217 τῆς
430 1182 558 1221 δημοσίας
581 1183 652 1223 ὁδου,
679 1183 854 1223 ἐκδεχόμενος
875 1184 923 1217 τὴν

105 1224 224 1254 διάλασιν
239 1229 291 1255 τῶν
307 1227 494 1267 Σαρῥαχηνῶν,
520 1228 556 1257 0-3
583 1227 650 1256 πολὺ
674 1229 704 1256 τὸ
728 1227 755 1255 ἒν
782 1228 866 1265 μέσῳ,
882 1228 925 1256 καὶ

106 1268 159 1297 ἰδοὺ
185 1269 300 1310 ἤρχοντο
335 1272 396 1300 ὡσεὶ
426 1271 488 1300 δέκα
515 1271 697 1312 καὸαλλιίριοι⁷
727 1271 855 1310 ἐνδύματα
882 1272 926 1300 καὶ

107 1313 175 1342 ὅπλα
191 1315 233 1342 καὶ
254 1315 389 1356 φακιόλια,
412 1317 456 1345 καὶ
481 1315 542 1345 ὅλον
566 1318 596 1344 τὸ
619 1319 714 1357 σχῆμα
739 1316 848 1356 ἔχοντες
873 1319 925 1344 τῶν

107 1357 282 1398 Σαῤῥακηνῶν
299 1370 306 1377 ⁸
344 1361 387 1392 οὓς
421 1359 482 1389 ἰδὼν
516 1363 530 1389 ὁ
555 1361 685 1400 μακάριος
715 1361 805 1400 Πατὴρ
833 1360 926 1392 εὖθὲως

961 923 1063 945 eamus
1076 918 1106 945 et
1116 914 1280 945 serviamus
1297 923 1364 944 cum
1381 914 1441 945 illo.
1452 913 1615 954 Flebatque
1632 913 1702 944 dum
1720 914 1782 945 haec

961 958 1085 995 diceret,
1103 959 1279 998 proterviam
1296 958 1415 999 quidem
1430 963 1460 990 et
1474 959 1675 999 impuritatem
1691 968 1781 1000 paga-

962 1012 1066 1033 norum
1080 1003 1214 1040 horrens,
1228 1008 1347 1034 coactus
1361 1008 1457 1035 tamen
1472 1003 1605 1034 animam
1618 1013 1670 1044 pro
1686 1003 1782 1035 amico

964 1057 1074 1088 ponere
1088 1052 1207 1088 propter
1217 1048 1325 1080 Christi
1337 1053 1528 1089 praeceptum.
1542 1048 1610 1079 Haec
1624 1048 1720 1080 amico
1736 1058 1785 1080 co-

964 1093 1059 1131 gitans
1074 1091 1134 1122 abit
1150 1096 1179 1123 et
1192 1092 1220 1122 in
1251 1092 1350 1123 media
1370 1092 1415 1122 via
1438 1092 1523 1123 sedet
1542 1093 1697 1123 transitum
1711 1092 1783 1124 Sar-

965 1145 1141 1166 racenorum
1164 1140 1351 1176 exspectans.
1364 1136 1427 1167 Non
1443 1137 1534 1167 multo
1552 1141 1629 1176 post,
1647 1146 1718 1167 ecce
1732 1136 1785 1167 tibi

966 1180 1082 1220 equites
1097 1180 1159 1211 fere
1174 1180 1279 1213 decem
1305 1181 1462 1212 veniebant
1486 1180 1597 1219 habitu,
1622 1185 1782 1218 armatura,

966 1225 1096 1256 fasciolis
1132 1225 1220 1266 capiti
1253 1225 1473 1266 circumpositis
1506 1229 1535 1256 et
1561 1225 1676 1266 reliquo
1705 1225 1785 1256 cultu

968 1269 1170 1300 Sarra-enica.
1201 1269 1281 1306 Quos
1309 1270 1359 1301 ubi
1380 1269 1534 1310 conspexit
1559 1269 1663 1302 beatus
1687 1269 1787 1306 Pater.

967 1315 1066 1345 statim
1095 1314 1190 1345 erexit
1217 1324 1250 1346 se
1279 1314 1383 1346 iterato
1409 1315 1506 1346 crucis
1535 1315 1675 1355 pretiosae
1703 1315 1786 1355 signo

966 1368 1001 1390 se
1031 1359 1179 1395 muniens,
1209 1359 1305 1391 stabat
1325 1359 1526 1400 exspectando
1550 1359 1628 1390 illos.
1650 1359 1695 1390 Illi
1719 1368 1786 1390 cum

105 1402 215 1440 ἀνέστη,
245 1404 288 1432 καὶ
323 1405 600 1444 κατασφρογισάμενος
636 1405 728 1434 ἑαυτὸν
756 1409 794 1442 τῷ
825 1405 910 1442 σημείι

990 1403 1192 1444 minusipsum
1203 1404 1403 1444 agnovissent,
1415 1404 1589 1436 desilientes
1597 1404 1634 1435 ab
1653 1404 1737 1445 equis
1751 1404 1787 1434 ad

105 1450 151 1475 τοῦ
185 1448 272 1485 τιμίου
307 1453 418 1488 σταυροῦ
453 1448 515 1482 ἔστη
544 1449 690 1489 περιμένων
719 1450 822 1482 αὐτοὺς,
852 1451 910 1478 Λῦτι

990 1458 1038 1478 um
1053 1450 1207 1489 pedestres
1224 1454 1415 1480 accesserunt
1429 1454 1457 1480 et
1472 1449 1564 1487 pedes
1579 1449 1644 1489 ejus
1658 1449 1790 1480 venerati

107 1489 134 1518 δὲ
151 1491 279 1531 μακρόθεν
307 1491 458 1532 ἐπιγνόντες
486 1495 563 1522 αὑτὸν
587 1492 723 1527 ἀπέϐησαν
745 1497 798 1522 τῶν
821 1493 910 1522 ’ἵππων

990 1497 1050 1533 unt,
1061 1502 1134 1534 quos
1147 1493 1248 1530 etiam,
1260 1493 1401 1525 detractis
1412 1493 1449 1525 de
1461 1493 1535 1525 facie
1546 1493 1686 1531 fasciolis,
1697 1503 1790 1534 agno-

106 1535 152 1563 καὶ
177 1537 252 1572 πεζοὶ
276 1536 367 1577 ἦλθον,
392 1539 436 1566 καὶ
461 1539 658 1578 προσεκύνησαν
685 1538 746 1571 τοὺς
771 1537 853 1570 πόδας
876 1539 908 1567 αὖ

990 1537 1009 1569 it
1024 1537 1109 1569 Pater
1135 1538 1248 1569 castelli
1269 1537 1358 1577 cives,
1384 1542 1416 1569 ut
1440 1539 1538 1570 locum
1563 1543 1730 1570 tutarentur
1750 1538 1792 1569 ita

106 1583 165 1610 τοῦ.
196 1580 380 1620 Περιελόμενοι
416 1581 442 1610 δὲ
471 1583 504 1611 τὰ
529 1581 654 1623 φακιόλια
682 1583 735 1611 ἀπὸ
761 1586 812 1612 τῶν
842 1593 908 1622 προσ

990 1581 1164 1621 ompositos.

106 1624 188 1653 ώπων
217 1625 313 1665 αὐτῶν,
344 1625 538 1666 ἐγνωρίσθησαν
564 1628 615 1656 ὑπὸ
642 1632 689 1657 τοῦ
711 1628 826 1668 Πατρὸς,
849 1627 880 1655 ἐκ
901 1629 948 1655 τοῦ
971 1626 1124 1655 καστελλίου
1149 1627 1218 1655 εἶναι
1244 1627 1347 1665 αὐτοὺς,
1374 1628 1418 1656 καὶ
1441 1628 1519 1668 χάριν
1541 1631 1587 1656 τοῦ
1607 1627 1791 1656 ἀποσκεπάσαι

104 1669 152 1697 τὸν
167 1669 246 1698 τόπον
262 1673 371 1704 ποιῆσαι
384 1675 466 1700 ταῦτα
477 1672 583 1704 αὖτοὺς,

150 1712 183 1741 λα
191 1709 206 1744 ’.
239 1716 288 1744 Καὶ
317 1716 407 1753 μαθὼν
434 1715 497 1756 παρ’
510 1717 607 1757 αὐτῶν,
633 1716 673 1745 ὅτι
699 1717 861 1756 σεσωσμένοι
885 1719 910 1746 ει

1013 1716 1064 1748 3t.
1081 1715 1337 1756 Compertoqneex
1345 1715 1483 1746 iissalvos
1494 1724 1561 1747 esse
1570 1715 1674 1747 fratres
1686 1725 1792 1747 omnes

109 1758 209 1790 πάντες
235 1760 258 1787 οἱ
285 1759 404 1800 ἀδελφοὶ,
433 1762 476 1789 καὶ
505 1760 537 1795 δὴ
565 1763 609 1790 καὶ
635 1763 649 1790 ὸ
677 1760 758 1794 ἆϐὅᾶς
787 1762 910 1801 Στέφανοι

990 1765 1004 1791 :t
1013 1770 1071 1792 una
1081 1770 1148 1791 cum
1160 1759 1257 1791 illisB.
1271 1759 1465 1801 Stephanum,
1477 1761 1566 1792 rediit
1576 1760 1606 1792 in
1620 1761 1791 1801 speluncam

110 1802 271 1842 ὺπέστρεψεν
306 1804 333 1832 ἐν
366 1809 405 1843 τῷ
440 1805 563 1843 σπηλαίῳ
598 1808 762 1847 εὐχαριστῶν
795 1811 834 1845 τῷ
862 1810 910 1844 Θεᾷ

990 1806 1035 1837 leo
1063 1804 1172 1845 gratias
1195 1813 1297 1844 agens.
1335 1804 1390 1836 Ubi
1424 1806 1581 1837 Sarraceni
1608 1805 1792 1847 abscessere,

112 1847 361 1887 Ἀναχωρησάνεων
394 1849 422 1878 δὲ
456 1854 510 1879 τῶν
544 1847 745 1891 assume»,
759 1850 822 1886 ἦλθε
847 1852 891 1880 καὶ

990 1849 1092 1881 dvenit
1107 1853 1136 1880 et
1151 1851 1184 1881 B.
1201 1848 1367 1890 Stephanus
1380 1854 1409 1881 et
1421 1850 1578 1890 pristinum
1592 1850 1657 1881 vitae
1673 1850 1792 1881 institu-

113 1892 242 1939 μακάριρς
256 1893 400 1935 Στέφανος,
424 1896 468 1924 καὶ
491 1894 570 1924 πάλιν
593 1895 702 1935 εἴχοντο
729 1899 778 1930 τῆς
805 1896 910 1936 προτέρς

990 1904 1037 1926 um
1053 1894 1319 1935 prosequebantur.
1332 1894 1442 1926 Verum
1465 1900 1534 1927 ante
1557 1895 1631 1933 haec,
1648 1904 1716 1926 cum
1731 1894 1795 1935 ipse

113 1936 184 1968 ὁδοῦ.
216 1936 302 1970 Όντος
332 1938 359 1966 δὲ
392 1940 471 1969 αὑτοῦ
500 1939 528 1968 ἐν
555 1943 594 1978 τῷ
622 1951 790 1980 μοναστηριῳ
817 1941 848 1969 τὸ
874 1951 910 1980 πρ

990 1939 1045 1970 Ἰίῐῐ]
1070 1943 1150 1970 esset
1174 1939 1203 1970 in
1228 1940 1408 1971 monasterio
1423 1940 1528 1971 messis
1542 1949 1642 1978 causa,
1659 1940 1765 1971 didicit
1779 1949 1796 1970 a

114 1980 157 2011 διὰ
171 1982 217 2011 τὸν
241 1983 374 2023 θερισμὸν,
399 1983 432 2018 ἧν
455 1995 496 2016 τις
517 1983 600 2024 γέρων
625 1984 683 2013 ἐκεῖ
706 1988 789 2014 ποιῶν
818 1986 851 2013 τὰ
865 1995 910 2013 σπι

992 1993 1048 2015 ene
1062 1983 1202 2024 quodam,
1217 1984 1391 2024 quitexebal
1401 1985 1558 2026 sportulas,
1575 1991 1680 2016 texere
1692 1984 1795 2025 etipse

112 2025 180 2066 ρίδια
195 2033 203 2041 ⁸
233 2027 276 2054 καὶ
305 2028 405 2068 μαθὼν,
434 2027 496 2068 παρ’
522 2028 600 2056 αὖτοῦ
629 2028 735 2057 πλέκειν
756 2029 805 2062 τὴν
833 2029 910 2068 σειρὰε

990 2027 1091 2060 'estim.
1107 2027 1189 2059 Fecit
1203 2038 1272 2068 ergo
1285 2028 1428 2060 ﬁscellam
1443 2029 1606 2070 detulitque
1625 2029 1654 2060 in
1670 2029 1795 2070 spelun-

111 2069 236 2103 ἐποίησεν
260 2071 287 2099 ἓν
309 2070 448 2112 μαλάκιον,
470 2073 514 2101 καὶ
537 2071 648 2112 ἤνεγκεν
672 2074 709 2105 εἰς
736 2074 766 2101 τὸ
790 2073 910 2108 σπήλαια

990 2081 1054 2111 :am,
1072 2076 1190 2113 putans,
1219 2082 1252 2104 se
1275 2073 1316 2104 ita
1338 2078 1508 2113 pergratum
1535 2069 1613 2105 Patri
1632 2073 1794 2105 facturum.

111 2116 226 2153 νομίζων
261 2115 301 2144 ὅτι
337 2123 471 2157 χαριεῖται
508 2116 553 2146 ὑπ’
581 2118 652 2155 αὒτῷ
679 2119 694 2146 ὁ
722 2118 822 2158 πατήρ.
852 2116 882 2147 ’0

993 2118 1042 2156 lle,
1067 2126 1133 2148 cum
1149 2117 1289 2148 vidisset:
1308 2118 1380 2157 Age,
1407 2118 1513 2158 inquit.
1529 2118 1620 2149 frater
1635 2117 1795 2157 Stephane,

111 2157 187 2198 λέγει
202 2160 267 2199 πρὸς
282 2161 359 2190 αὒτόν
377 2168 383 2175 '
407 2165 500 2202 Δεῦρο,
528 2160 622 2202 ἀδελφὲ
646 2161 773 2202 Στέφανε,
790 2161 910 2202 πληρώσι

990 2171 1033 2192 nos
1048 2161 1135 2192 etiam
1151 2161 1328 2202 impleamus
1344 2157 1522 2203 przeceptum
1541 2171 1644 2193 unum.
1662 2161 1800 2198 Quando-

114 2214 163 2241 μεν
200 2205 244 2232 καὶ
271 2205 353 2243 ἡμεῖς
382 2207 438 2243 μέεν
464 2205 572 2241 ἐντολήν
589 2214 596 2221 '
625 2205 716 2240 ἐπειδὴ
738 2206 798 2234 ἄνευ
820 2208 910 2246 παραθι

990 2206 1100 2246 ιιιίἁειῃ
1115 2205 1246 2246 injussus
1261 2211 1291 2237 et
1304 2207 1414 2246 absque
1430 2206 1554 2237 consilio
1578 2206 1673 2238 fecisti
1702 2206 1796 2243 illam,

114 2257 183 2280 σεως
208 2249 251 2277 καὶ
274 2248 370 2286 βουλῆς
395 2249 522 2284 ἐποίησας
549 2250 623 2288 αὐτὸ,
649 2249 788 2288 βάλλωμεν
811 2252 855 2279 καί
877 2262 910 2279 κα

992 2252 1131 2281 radamus
1145 2250 1206 2290 igni
1220 2251 1256 2282 ad
1284 2250 1532 2287 comburendum,
1552 2250 1593 2281 ita
1617 2250 1697 2281 enim
1711 2249 1798 2290 jubet

116 2302 207 2329 σωμεν
243 2293 306 2321 αὑτό
324 2303 331 2310 ⁵
368 2293 436 2322 οὕτω
463 2295 513 2334 γὰρ
540 2293 611 2333 λέγει
641 2296 654 2323 ὁ
682 2295 766 2334 μέγας
795 2295 910 2333 βασίλεια

990 2304 1103 2334 nagnus
1111 2295 1235 2326 Basilius
1243 2305 1251 2332 ;
1258 2295 1416 2336 statimque
1423 2295 1798 2334 surgensaccenditrogum

118 2336 167 2364 Καὶ
194 2336 239 2364 σὺν
263 2340 301 2374 τῷ
329 2336 400 2376 λόγῳ
426 2338 539 2370 ἀναστὰς
568 2339 655 2376 ἀνῆψε
678 2339 771 2378 πυρὰν,
795 2340 839 2367 καὶ
863 2338 908 2367 ἕὸα

990 2345 1010 2371 et
1019 2339 1162 2370 ﬁscellam
1176 2339 1288 2379 injecit.
1305 2340 1376 2372 Cum
1392 2349 1461 2371 vero
1477 2339 1610 2378 vidisset,
1623 2348 1700 2380 aegre
1715 2339 1798 2370 illum

116 2381 147 2407 τὸ
172 2379 314 2418 μαλάκιον.
343 2380 412 2410 Ἰδὼν
437 2382 464 2410 δὲ
491 2383 579 2423 αὑτὸν,
605 2382 644 2410 ὅτι
667 2383 769 2422 βαρέιὸς
789 2382 883 2422 ἤνεγκε

990 2385 1061 2416 'erre
1079 2389 1108 2415 et
1122 2393 1306 2425 nequaquam
1337 2394 1402 2415 cum
1427 2385 1587 2424 gratiarum
1601 2384 1728 2422 actione,
1745 2383 1800 2415 sed

118 2428 243 2464 πρᾶγμα,
275 2426 318 2453 καὶ
345 2427 375 2454 οὗ
403 2425 462 2464 μετ’
486 2426 663 2466 εὐχαριστίας,
695 2426 763 2454 ἀλλὰ
790 2428 857 2465 μετὰ
891 2426 910 2455 λι

990 2430 1150 2470 refragante
1162 2430 1271 2465 animo.
1290 2430 1422 2470 permisit
1437 2429 1581 2461 ﬁscellam
1598 2429 1714 2469 penitus
1723 2438 1802 2460 com-

119 2479 228 2507 γισμοιλ,
257 2469 331 2498 εἴασε
358 2472 388 2499 τὸ
404 2470 532 2509 μαλάκιον
555 2473 750 2505 κατακαυθῆναι
776 2471 910 2504 παντελῶς

990 2475 1052 2506 buri
1067 2469 1095 2506 et
1110 2475 1201 2505 nimio
1216 2469 1297 2506 eum,
1312 2474 1354 2506 rei
1369 2475 1475 2506 affectu
1500 2474 1644 2506 liberavit.
1670 2473 1801 2510 Quadam

119 2515 163 2542 καί
213 2513 295 2546 οὕτως
343 2515 494 2550 ἀπήλλαξεν
547 2515 624 2544 αὑτὸν
672 2517 721 2549 τῆς
767 2517 910 2555 προσπαθεί

990 2529 1057 2560 ergo
1066 2519 1245 2550 dieaccessit
1255 2528 1345 2550 senex
1357 2519 1418 2556 ille,
1430 2519 1480 2560 qui
1491 2520 1672 2560 Stephanum
1683 2518 1802 2549 texendi

120 2559 209 2588 αὐτοῦ.
249 2557 292 2587 Ἐν
329 2564 377 2598 μιᾷ
402 2565 464 2600 γοῦν
492 2564 544 2589 τῶν
573 2562 679 2600 ἡμερῶν
708 2559 814 2600 ἔρχεται
851 2562 865 2589 ὁ
894 2573 910 2600 γ

990 2557 1078 2595 artem
1104 2563 1259 2602 docuerat,
1289 2568 1392 2604 petens
1419 2557 1498 2595 Patri
1523 2557 1554 2594 ut
1579 2573 1637 2595 una
1669 2573 1736 2595 eum
1759 2563 1803 2593 ire

121 2619 173 2648 ρων
206 2608 221 2635 ὁ
255 2604 357 2639 διδάξας
393 2606 471 2634 αὐτὸν
504 2606 538 2636 τὰ
571 2604 701 2645 σπυρίδια,
745 2608 832 2641 ζητῶν
865 2606 910 2633 αὐτ

990 2609 1171 2649 permitteret
1182 2608 1218 2639 ad
1231 2608 1385 2648 legendam
1392 2608 1527 2639 herbam.
1538 2608 1619 2639 Abiit
1630 2608 1801 2648 illejussus.

124 2653 195 2692 παρὰ
210 2654 256 2680 τοῦ
281 2652 393 2690 Πατρὸς,
420 2650 464 2678 ἵνα
488 2651 601 2689 πορευθῇ
621 2648 678 2688 μετ’
704 2649 780 2678 αὒτὺν
806 2650 870 2689 πρὸς
894 2660 908 2677 τ

990 2648 1058 2685 Cum
1076 2662 1145 2692 ergo
1157 2661 1247 2684 senex
1259 2662 1346 2683 suum
1363 2653 1485 2684 haberet
1499 2651 1805 2689 Psalterium,alicubi

122 2690 169 2725 τού
203 2696 301 2736 χόρτου
334 2694 477 2734 συλλογήν.
516 2690 543 2723 ’0
575 2693 602 2722 δὲ
633 2693 778 2726 κελευσθεὶς
814 2694 910 2728 ὰπῆλθι

990 2690 1147 2738 repositum
1163 2697 1270 2728 oblitus
1279 2697 1388 2734 amisit,
1405 2696 1494 2728 Venit
1508 2698 1605 2737 itaque
1619 2698 1655 2728 ad
1670 2701 1804 2727 sanctum

122 2745 213 2782 Ἐχων
228 2741 271 2769 οὖν
296 2739 352 2779 μεθ’
377 2740 469 2768 ἑαυτοῦ
482 2740 496 2767 ὁ
520 2738 604 2779 γέρων
626 2740 659 2767 τὸ
683 2738 829 2779 ψαλτήριον
851 2739 910 2767 αὖτε

990 2742 1230 2783 Ριιεειη,ι(1θ‹ιιιθ
1245 2751 1300 2773 suo
1317 2741 1472 2773 ‘Psalterio
1497 2741 1680 2772 constristari
1704 2739 1805 2781 coepit;

125 2785 289 2822 ὁπουδήποτε
310 2785 423 2814 τέθεικεν
446 2785 521 2823 αὐτὸ,
543 2785 586 2813 καί
610 2783 774 2824 ληθαργηθὲν
798 2784 910 2814 ἀπώλεο

990 2786 1101 2819 Videas
1111 2785 1199 2818 Pater
1213 2787 1297 2818 illum
1322 2786 1353 2818 in
1376 2795 1492 2818 summo
1518 2794 1658 2825 maerore,
1685 2784 1807 2817 miseri-
