1954 3059
127 160 169 195 69

726 156 819 191 VITA
839 158 869 189 Β.
892 155 975 189 NILI
994 153 1182 190 IUNIORIS.

1773 156 1815 189 70

128 225 236 267 Ἡμεῖς,
254 229 276 257 ὦ
291 228 434 267 τιμιώτατε
457 227 563 268 ἀδελφὲ,
587 227 616 256 οὗ
637 226 679 255 διᾶ
703 227 748 254 τὸν
777 226 841 253 Θεὸν
854 225 898 259 ἣὲ

1039 226 1110 268 ipter
1124 221 1233 268 Deum,
1255 227 1306 254 aut
1329 221 1445 268 virtutis
1469 231 1539 263 ergo
1554 222 1694 268 sedemus
1707 222 1739 254 in
1755 222 1810 254 hac

125 285 172 303 κεν
195 274 291 313 ἀρετῆς
317 273 452 310 καθήμεθα
474 272 500 300 ἐν
528 275 562 310 τῇ
586 272 682 312 ἐρημίᾳ
703 271 798 308 ταύτῃ,
826 269 893 298 ἀλλὰ
908 268 949 297 διὰ

124 321 157 348 τὸ
187 320 225 357 μὴ
257 318 378 347 δύνασθαι
407 319 585 356 ὑπενεγκετν’
613 320 659 345 τοῦ
682 314 850 344 κοινοϐιακοῦ
871 314 949 342 κανό-

123 377 168 397 νος
183 366 228 396 :6;
244 364 338 404 ἔχθος,
365 363 550 403 κεχωρίκαμεν
577 363 685 393 ἑαυτοὺς
712 361 764 389 ἀπὸ
779 364 830 389 τῶν
845 360 948 399 ἀνθρώ-

126 420 198 446 πων,
215 408 305 448 ὥσπερ
324 408 393 439 τινὲς
415 407 505 447 λεπροὶ
527 408 571 435 καὶ
594 407 745 446 ἀκάθαρτοι.
773 405 810 432 Σὺ
831 405 874 432 οὖν
900 415 950 432 κα-

126 452 180 485 λῶς
196 460 284 484 ποιεῖς
299 452 440 492 φροντίζων
468 453 517 484 τῆς
543 451 675 490 σωτηρίας
698 452 746 483 τῆς
771 451 820 482 σῆς
846 451 949 488 ψυχῆς.

128 497 242 535 Πορεύου
255 496 339 524 τοίνυν
356 497 391 528 είς
418 496 451 523 τὰ
475 493 606 531 κοινόϐια,
637 495 696 522 ἔνθα
720 494 859 530 ἀναπαύσῃ
876 495 952 532 ψυχῇ

127 552 157 569 τε
187 542 231 569 καὶ
266 541 379 579 σώματι,
419 535 448 568 Ὀ
476 539 514 577 δὲ,
546 539 635 578 ὥσπερ
663 538 765 576 ἀδάμας
795 537 950 575 ἆπείραστος

128 585 200 624 μένει
229 588 263 623 τῇ
286 589 331 613 τοῦ
352 584 458 624 σιδήρου
483 583 629 622 προσϐολῇ,
657 583 726 612 οὕτω
752 581 863 610 διέκειτο
887 583 951 619 πρὸς

128 631 189 662 τοὺς
205 630 232 657 ἐν
261 630 382 669 πειρασίᾳ
405 628 500 668 λόγους
529 632 575 656 τοῦ
600 628 711 667 Πατρός.
737 630 791 660 Τῆς
818 625 845 654 δὲ
860 637 953 666 κυρια-

127 677 178 708 κῆς
202 674 302 713 ἡμέρας
330 672 542 709 καταλαϐούσης,
566 672 592 701 ἐν
617 674 635 711 ᾗ
661 672 694 700 τὰ
715 670 834 700 κοινόϐια
858 673 952 709 μικρᾶς

128 729 198 750 τινος
247 717 438 756 παρακλήσεως
488 719 643 754 σωματικῆς
691 714 949 754 μεταλαγχάνουσιν,

127 761 255 799 λαμϐάνει
291 762 368 790 αὒτὸν
404 762 418 789 6
455 761 544 799 Πατὴρ
573 761 609 793 εἷς
638 761 668 788 τὸ
695 765 741 789 τοῦ
768 758 952 788 Καστελλάνου

129 805 258 844 λεγόμεον
294 806 482 844 μοναστήριον,
519 804 579 833 ἔνθα
606 807 716 844 τροφῆς,
747 803 871 841 δαψιλοῦς
900 802 951 839 ἒμ-

129 849 299 889 φορηθὲντες,
315 850 359 877 καὶ
374 849 550 886 μεταλήψεως
576 849 650 877 οἴνου
676 848 786 887 μετρίως
811 847 950 887 τυχόντες,

991 267 1171 305 solitudine;
1183 266 1235 297 sed
1247 267 1316 308 quia
1328 267 1406 298 ferre
1426 277 1485 299 non
1498 277 1656 309 possumus
1667 267 1811 299 observa-

991 311 1080 342 tionis
1095 310 1282 343 cmnobiticae
1311 312 1438 352 pondus,
1464 314 1684 351 segregavimus
1708 322 1762 344 nos
1776 312 1813 343 ab

991 355 1171 392 hominibus,
1188 356 1272 396 quasi
1287 356 1399 394 leprosi
1413 357 1532 397 quidam
1548 360 1576 387 et
1590 356 1746 388 immundi.
1769 355 1815 387 Tu

993 409 1061 431 vero
1086 400 1162 431 bene
1186 399 1269 438 facis,
1293 400 1400 431 anima:
1422 401 1546 432 salutem
1574 411 1694 433 curans.
1720 400 1814 440 Perge

992 444 1081 484 igitur
1107 444 1142 475 ad
1172 444 1318 484 coenobia,
1349 445 1457 485 quibus
1485 446 1592 477 anima:
1621 449 1650 476 et
1679 446 1815 486 corporis

992 489 1090 530 qniete
1102 489 1218 520 frueris.
1232 489 1284 520 Ille
1295 489 1457 520 adamantis
1470 490 1573 527 instar,
1598 490 1650 530 qui
1664 490 1735 521 ferri
1755 489 1817 521 ictu

994 543 1052 564 non
1069 533 1222 574 frangitur,
1240 533 1275 564 ad
1295 534 1389 565 Patris
1402 535 1491 566 verba
1507 534 1658 575 probantis
1671 543 1738 566 eum
1754 534 1814 565 im-

994 581 1091 608 motus
1105 578 1212 609 stabat.
1231 578 1283 609 Die
1297 587 1366 609 vero
1381 577 1546 616 Dominico,
1564 588 1623 620 quo
1648 580 1746 610 solent
1759 588 1817 610 cce-

995 621 1082 653 nobia
1098 621 1215 653 modica
1230 622 1364 663 corporis
1379 623 1559 654 relaxatione
1573 623 1628 660 uti,
1652 622 1734 654 duxit
1748 632 1815 654 eum

993 667 1080 698 Pater
1089 676 1190 697 secum
1203 667 1233 698 iu
1244 670 1466 704 monasterium,
1485 668 1562 708 quod
1578 667 1736 700 Castellani
1753 667 1814 708 (30)

992 715 1124 749 vocatur,
1141 711 1170 742 in
1185 721 1244 752 quo
1268 711 1390 752 opipare
1416 712 1531 753 excepti
1555 717 1583 743 et
1608 713 1676 743 vino
1701 712 1817 744 modice

993 757 1131 793 recreati,
1149 761 1301 796 postquam
1318 756 1355 787 de
1381 766 1482 788 mensa
1507 757 1715 797 surrexissent,
1731 756 1818 788 Pater

993 799 1033 830 ita
1047 809 1149 831 senem
1165 800 1270 830 atratus
1284 804 1349 831 est:
1368 801 1495 832 Domine
1510 800 1628 840 Georgi,
1647 804 1816 841 exspectato

993 844 1041 874 hic
1057 853 1226 884 parumper,
1244 844 1340 875 donec
1357 845 1505 884 profectus
1527 846 1562 876 ad
1588 845 1724 877 visendos
1739 845 1814 876 alios

131 887 198 932 μετὰ
232 896 263 922 τὸ
297 894 439 927 ἀναστῆναι
475 896 524 927 τῆς
559 893 690 933 τραπέζης
719 892 790 931 λέγει
819 893 832 919 6
862 894 901 919 Πα

1046 895 1102 920 Lres
1116 894 1258 920 revertar.
1278 890 1338 920 Hoc
1352 898 1421 920 vero
1437 889 1616 920 dixitanimo
1628 889 1817 930 relinquendi

130 940 195 979 πρὸς
230 939 275 966 τὸν
319 938 428 978 γέροντα
446 946 453 953 ’
502 939 578 978 Κόριε
614 937 738 977 Γεώργιε,
776 943 897 979 μεῖνον,

1050 942 1076 963 m
1094 933 1236 974 deinceps
1249 933 1278 964 iu
1295 934 1488 966 monasterio.
1506 933 1588 970 Quod
1601 943 1694 965 senex
1711 933 1818 965 intelli-

131 984 232 1023 μικρὸν,
250 983 300 1015 ἕως
315 987 361 1011 τοῦ
389 983 509 1011 ἀπελθὼν
533 984 568 1014 εἰς
599 982 735 1019 ἐπίσκεψιν
761 981 858 1020 ἑτέρων
873 978 902 1007 ἆδ

1045 987 1077 1023 Is,
1094 978 1191 1008 statim
1208 978 1363 1018 respondit
1380 987 1387 1009 :
1412 978 1475 1009 Non
1497 987 1623 1023 aequum,
1642 982 1698 1015 est,
1725 987 1816 1009 vene-

130 1021 185 1068 φῶν
211 1028 380 1068 ὑποστρέψω.
419 1033 500 1058 Τοῦτο
529 1027 650 1068 δὲῄεῖπε
679 1026 760 1056 θέλων
790 1026 867 1054 αὒτὸν
896 1025 901 1052 l

1044 1021 1089 1052 Ide
1103 1023 1200 1060 Pater,
1217 1023 1268 1052 sed
1297 1031 1475 1063 quocunque
1499 1023 1585 1054 iverit
1608 1022 1757 1063 dominus,
1781 1031 1815 1053 eo

128 1064 175 1100 τοῦ
208 1064 302 1102 λοιποῖι
333 1064 511 1110 καταλετψαι.
563 1064 640 1111 ηΟπερ
674 1072 773 1106 νοήσας
808 1071 822 1097 ὑ
857 1069 899 1108 γέρ

1043 1069 1139 1111 [uetur
1152 1070 1181 1096 et
1206 1065 1299 1097 canis.
1326 1067 1498 1097 Admiratus
1522 1068 1611 1098 Pater
1633 1067 1814 1111 allegoriam,

131 1117 225 1149 εὐθέως
241 1117 366 1156 ἀπεκρίθη
384 1127 390 1133 ·
417 1109 461 1145 Οὖν
480 1115 577 1144 δίκαιόν
603 1109 669 1155 ἐστι,
696 1116 765 1152 τίμιε
781 1114 878 1153 Πάτερ,
895 1113 902 1140 ἐ

1045 1119 1063 1139 n
1085 1109 1142 1140 sibi
1156 1110 1316 1151 assumpsit
1335 1112 1448 1142 socium
1465 1115 1493 1142 et
1510 1111 1691 1142 unanimiter
1705 1110 1816 1142 reversi

129 1159 196 1188 ὅπου
225 1161 239 1188 6
267 1159 397 1194 δεσπότης
423 1160 539 1199 ἀπέλθῃ,
569 1160 625 1188 ἐκεῖ
650 1161 693 1188 καὶ
719 1160 733 1187 ὑ
763 1159 833 1187 κύων
853 1158 954 1186 ἐπακο-
996 1157 1075 1185 sunt.

128 1204 264 1239 λουθήσει.
307 1203 442 1243 Ἀγασθεὶς
477 1205 520 1233 οὖν
556 1206 570 1232 6
605 1204 693 1244 πατὴρ
727 1203 769 1231 ἐπὶ
803 1206 842 1240 τῷ
876 1199 1066 1241 παραδείγματι
1103 1200 1192 1239 αὺτοῦ,
1234 1198 1378 1239 παρέλαϐεν
1425 1200 1501 1228 αὐτὸν
1538 1199 1594 1238 μεθ’
1635 1201 1738 1239 ἑαυτου,
1773 1201 1818 1228 καὶ

129 1248 295 1288 ὑπέστρεψαν
309 1248 485 1286 ὁμοθυμαδόν.

173 1287 224 1323 λδί
241 1293 318 1331 Λέγει
348 1292 391 1321 οὗν
416 1292 486 1329 αὒτῷ
510 1294 524 1321 6
550 1293 679 1332 Γεώργιος
703 1292 772 1320 κατὰ
791 1291 840 1324 τὴν
867 1289 925 1318 ὁδόν

1044 1288 1086 1319 34.
1100 1288 1174 1318 Dum
1188 1292 1267 1319 esset
1283 1288 1313 1318 in
1327 1288 1446 1328 itinere,
1462 1288 1504 1320 ait
1518 1298 1608 1320 senex
1622 1289 1657 1319 ad
1675 1291 1789 1320 Patrem
1808 1300 1815 1321 :

132 1336 192 1366 Οἴει
207 1347 252 1374 με,
270 1338 344 1375 μίμιε
359 1338 456 1377 Πάτερ,
472 1337 583 1377 ἀπορεῖν
608 1337 635 1364 ἒν
654 1336 692 1374 τῷ
706 1337 774 1372 οἴκῳ
790 1347 840 1373 μου
853 1345 903 1374 τριν

1047 1341 1095 1369 Las,
1112 1333 1282 1364 venerande
1298 1334 1394 1371 Pater,
1412 1333 1493 1364 domi
1515 1342 1587 1363 meae
1613 1333 1719 1364 deesse
1746 1333 1818 1364 mihi

133 1383 178 1409 καὶ
206 1382 330 1414 παντοίας
359 1380 467 1421 χλιδῆς,
505 1383 548 1410 καὶ
583 1380 752 1414 δελεασθῆναί
779 1390 812 1418 με
839 1379 904 1417 νομί]

1045 1376 1110 1406 riam
1126 1376 1300 1408 deliciarum
1328 1381 1356 1408 et
1371 1378 1565 1418 voluptatum,
1591 1387 1625 1409 ac
1640 1377 1729 1409 veluti
1743 1388 1816 1420 pue-

132 1426 170 1457 ὡς
205 1425 299 1465 βρέφος
332 1426 383 1453 ὑπὸ
418 1424 553 1462 δαψιλείας
588 1428 635 1458 τῆς
678 1427 801 1464 τροφῆς;
847 1422 903 1450 Πένί

1048 1431 1074 1459 n,
1091 1421 1271 1452 abundantia
1286 1421 1419 1452 ciborum
1436 1432 1483 1453 me
1497 1426 1613 1462 captum
1641 1423 1791 1454 existimas
1807 1423 1819 1453 ’ί

129 1468 173 1497 ὅτι
189 1469 218 1497 03
232 1471 318 1509 θροεῖς
335 1480 368 1507 με
381 1468 439 1497 οὔτε
465 1470 516 1497 ὑπὸ
538 1469 700 1508 ἐγκρατείας,
727 1467 784 1496 οὔτε
805 1467 854 1495 ὑπὸ
871 1465 900 1494 ἄλ

1047 1470 1083 1496 'to
1099 1465 1187 1503 scias,
1205 1475 1252 1497 me
1269 1476 1326 1496 non
1352 1466 1575 1504 abstinentiam,
1602 1477 1661 1497 non
1687 1468 1818 1508 quamvis

131 1513 195 1545 οἵας
231 1512 329 1548 δήποτε
355 1514 512 1553 κακουχίας.
539 1512 610 1552 Ἐγὼ
638 1513 687 1552 γὰρ
713 1511 798 1540 πολλᾶ
827 1510 902 1539 πλεύε

1048 1519 1083 1540 im
1100 1509 1298 1541 austeritatem
1312 1510 1549 1542 formidaturum.
1566 1510 1624 1550 Ego
1637 1511 1716 1542 enim
1729 1512 1819 1543 multa

130 1558 177 1585 καὶ
212 1557 312 1590 πολλὰς
348 1558 438 1598 χώρας
473 1558 612 1597 γυρεύσας,
648 1556 754 1585 πολλῶν
789 1555 877 1584 καλῶν

1044 1554 1185 1594 vigatione
1192 1564 1274 1592 usus,
1289 1555 1447 1596 multisque
1461 1555 1632 1595 regionibus
1644 1556 1815 1596 peragratis,

129 1604 221 1630 κακῶν
236 1600 385 1640 ἐπειράθην.
405 1602 454 1631 Καὶ
481 1601 586 1630 δύναται
613 1603 627 1630 6
652 1602 716 1633 Θεὸς
739 1599 781 1629 διὰ
805 1603 858 1628 τῶν
874 1600 900 1638 ἄη

1046 1600 1090 1630 illa
1105 1598 1181 1630 bona
1197 1603 1227 1630 et
1241 1599 1318 1630 mala
1333 1604 1472 1640 expertus
1487 1609 1565 1637 sum,
1582 1603 1611 1630 et
1627 1604 1723 1640 potest
1739 1601 1817 1632 Deus

129 1657 180 1674 σου
214 1645 301 1686 εὐχῶν
337 1646 515 1683 ἐνδυναμῶσαί
549 1657 582 1684 με
616 1649 661 1674 τοῦ
693 1647 838 1679 ὑποστῆναι
867 1644 900 1672 ὥσ

1048 1647 1182 1674 ιδδηςιειε
1211 1647 1276 1674 tuas
1299 1635 1403 1684 preces
1427 1644 1467 1675 ita
1493 1653 1541 1674 me
1558 1635 1771 1682 icorroborare,
1789 1648 1819 1675 ut

130 1690 223 1718 ἐκεῖνα
250 1689 292 1718 διὰ
326 1691 375 1724 τὴν
400 1689 475 1724 δόξαν
502 1696 548 1720 τοῦ
575 1691 687 1728 κόσμου,
717 1689 775 1718 οὔτε
804 1689 847 1717 καὶ
874 1699 901 1716 τα

1045 1692 1072 1718 ιιι
1087 1687 1138 1719 illa
1151 1687 1189 1718 ob
1206 1688 1309 1719 mundi
1324 1688 1461 1728 gloriam,
1485 1688 1526 1719 ita
1540 1688 1602 1719 haec
1618 1688 1765 1728 perferam
1779 1688 1816 1719 ob

130 1735 176 1763 διὰ
190 1735 238 1768 τὴν
254 1735 332 1763 αὐτοῦ
355 1735 473 1775 ἀγάπην,
500 1736 544 1769 Μὴ
569 1735 613 1764 οὖν
639 1735 704 1763 ἄλλο
727 1746 752 1763 τι
767 1734 832 1763 ποτὲ
852 1734 901 1762 ὑπο

1046 1733 1210 1764 iamorem.
1235 1732 1315 1764 Nihil
1341 1742 1412 1773 ergo
1436 1732 1517 1770 aliud,
1540 1732 1646 1772 cogita,
1674 1742 1722 1764 me
1737 1733 1817 1764 enim

129 1777 183 1817 ϐῃς
201 1787 208 1794 ·
246 1780 260 1807 6
281 1780 330 1819 γὰρ
355 1781 419 1812 Θεὸς
441 1779 506 1819 πρός
532 1779 562 1807 σέ
585 1790 617 1817 με
640 1778 804 1819 ἀπέστειλεν,
828 1779 872 1806 καὶ
897 1791 900 1805 l

1048 1786 1077 1808 is
1091 1776 1127 1808 ad
1144 1781 1172 1808 te
1188 1777 1279 1818 misit,
1296 1781 1324 1808 et
1338 1777 1403 1808 ﬁeri
1418 1787 1476 1808 non
1497 1780 1602 1818 potest.
1619 1783 1682 1808 uta
1697 1781 1725 1808 te
1737 1786 1819 1818 sepa-

129 1823 212 1852 νατόν
241 1823 294 1852 ἐστι
323 1824 486 1864 χωρισθῆναί
513 1835 546 1862 με
574 1824 627 1852 ἀπὸ
649 1827 707 1854 σοῦ.
734 1828 820 1852 Ταῦτα
843 1823 900 1851 ἄκουέ

1050 1846 1057 1853 .
1074 1820 1142 1852 Haec
1168 1830 1292 1861 magnus
1317 1822 1402 1852 Pater
1424 1831 1490 1852 cum
1513 1820 1656 1860 audisset,
1679 1830 1819 1861 germana

129 1869 145 1896 6
161 1867 246 1907 μέγας
271 1867 398 1907 ἐκύρωσεν
422 1869 458 1900 εἷς
483 1869 560 1897 αὐτὸν
584 1868 702 1907 ἀγάπην,
727 1869 772 1896 καὶ
794 1871 840 1896 τοῦ
863 1866 900 1895 λοι

1049 1875 1066 1896 n
1083 1865 1226 1896 charitate
1243 1865 1396 1906 amplexus
1426 1870 1470 1897 est
1496 1870 1526 1896 et
1553 1865 1695 1905 deinceps
1718 1865 1820 1897 habuit

128 1912 214 1953 ἔσχεν
242 1913 320 1941 αὐτὸν
347 1913 383 1945 ὡς
413 1912 514 1952 πατέρα
533 1922 540 1930 ’
571 1913 648 1944 αὐτὸς
675 1911 702 1940 δὲ
732 1911 811 1940 πάλιν
833 1923 898 1940 κατο

1046 1919 1063 1940 o
1078 1909 1190 1950 patris:
1210 1913 1240 1940 et
1253 1909 1318 1950 ipse
1332 1909 1462 1941 vicissim
1477 1909 1681 1941 communiens
1695 1919 1728 1941 se
1742 1920 1816 1941 con—

127 1957 220 1997 ρώσας
248 1957 340 1987 ἑαυτὸν
365 1960 399 1996 τῇ
426 1959 490 1997 πρὸς
518 1958 564 1986 τὸν
589 1957 661 1985 ὅσιον
685 1957 783 1996 πίστει,
816 1956 860 1984 καὶ
884 1955 898 1983 ὲ

1046 1958 1083 1985 tta
1097 1954 1128 1985 in
1143 1954 1260 1985 Patrem
1277 1954 1398 1992 ﬁducia,
1426 1963 1621 1995 speransque,
1638 1963 1670 1986 se
1685 1964 1738 1995 per
1751 1963 1817 1986 eum

126 2013 179 2035 σας
194 2000 228 2030 δι’
243 2002 321 2030 αὐτοῦ
346 2009 440 2042 τυχεῖν
463 2005 512 2036 τῆς
537 2002 652 2042 οὐρανῶν
676 2000 821 2040 βασιλείας,
844 2000 897 2038 ἦγά

1048 1998 1127 2030 lestis
1141 1999 1225 2039 regni
1240 2004 1409 2039 compotem
1426 1999 1501 2036 fore,
1528 1998 1638 2029 amavit
1653 2008 1719 2030 eum
1735 1999 1819 2040 quasi

127 2057 176 2075 σεν
202 2046 280 2075 αὐτὸν
304 2047 340 2078 ὡς
366 2047 443 2075 αὐτὸν
464 2048 510 2075 τὸν
535 2046 612 2077 Θεόν.
638 2046 704 2077 Τοὺς
729 2043 756 2073 δὲ
781 2044 887 2084 λόγους,

1049 2052 1094 2074 um
1113 2042 1215 2074 Deum.
1236 2043 1331 2075 Verba
1348 2052 1448 2085 porro,
1473 2052 1539 2084 quae
1563 2042 1705 2074 audiebat
1719 2052 1753 2074 ex
1769 2053 1820 2075 ore

128 2090 227 2125 ἤκουεν
260 2090 290 2119 ἐκ
324 2094 370 2120 τοῦ
405 2091 535 2129 στόματος
571 2090 650 2119 αὒτοῦ
695 2091 876 2121 νουθετοῦντος

1048 2097 1073 2125 s,
1103 2087 1165 2118 sive
1195 2096 1264 2119 suas
1290 2087 1340 2119 ille
1367 2087 1568 2119 institutiones
1591 2086 1732 2128 traderet,
1758 2087 1819 2119 sive

129 2136 237 2173 ἑαυτοῦ,
275 2135 293 2170 ἢ
328 2136 372 2164 καὶ
406 2135 596 2176 ὲρμηνεόοντος
632 2135 678 2166 τὰς
719 2134 833 2174 Γραφὰς,
872 2133 900 2162 οὕ

1048 2131 1165 2171 ipturas
1182 2132 1366 2173 explanaret,
1386 2133 1428 2164 ita
1441 2131 1624 2173 suscipiebat
1639 2136 1667 2163 et
1676 2132 1819 2172 jucunda-

129 2179 288 2219 ὑπεδέχετο,
318 2181 362 2208 καὶ
390 2179 497 2214 ἡδύνετο
522 2178 563 2208 ἐπ’
589 2179 691 2216 αὺτοῖς,
724 2179 761 2210 ὡς
789 2178 816 2206 ἐν
843 2177 899 2206 διαθ

1047 2185 1082 2206 ur
1094 2176 1125 2206 in
1137 2176 1208 2214 illis,
1219 2177 1384 2208 utsentiret
1394 2177 1531 2208 affectum
1543 2176 1683 2208 dicentis:
1697 2188 1711 2204 ι
1725 2176 1818 2213 Quam

130 2224 248 2263 γίνεσθαι
276 2227 322 2252 τοῦ
351 2224 469 2256 εἰπόντος
487 2234 493 2240 ·
523 2219 568 2255 Ὧς
589 2223 687 2262 γλυκέα
710 2226 749 2260 τῷ
771 2222 880 2262 λόρυγγί

1051 2219 1096 2251 cia
1109 2220 1242 2252 faucibus
1265 2222 1340 2253 meis
1366 2221 1484 2262 eloquia
1512 2225 1572 2258 tua,
1598 2229 1688 2261 super
1703 2221 1760 2252 mel
1774 2222 1819 2252 ori

130 2256 165 2296 τὰ
179 2267 257 2307 λόγια
272 2268 341 2298 dou!
369 2268 433 2308 ὑπὲρ
463 2267 522 2306 μέλι
552 2256 812 2306 τῴΙστόματί1μουί

1049 2275 1065 2296 o
1074 2264 1114 2297 ³6.
1126 2278 1139 2293 ι
1152 2265 1266 2297 Idcirco
1274 2276 1409 2307 asperam
1424 2256 1505 2297 illam
1515 2256 1603 2306 supra
1614 2256 1732 2296 modum
1749 2275 1819 2306 per-

129 2311 243 2352 ὑπέφερε
283 2313 331 2346 τὴν
360 2312 459 2353 ἄφατον
493 2312 604 2346 ἄσκησιν
640 2311 753 2347 ἐκείνην,
784 2310 900 2349 μεταϐλη

1047 2309 1110 2340 ebat
1124 2310 1191 2342 vitae
1205 2310 1364 2349 rationem,
1382 2315 1509 2341 mutatus
1525 2313 1648 2349 repente
1664 2319 1699 2340 ex
1713 2319 1818 2342 assue-

131 2356 226 2396 ἆθρόον
254 2357 306 2385 ἀπὸ
331 2359 380 2390 τῆς
409 2356 457 2390 ἔξω
485 2357 620 2390 συνηθείας
649 2357 686 2388 εἷς
713 2356 810 2390 ταύτην
828 2364 835 2371 ·
863 2357 899 2388 εἷς

1053 2353 1102 2385 ine
1113 2355 1276 2386 domestica
1286 2355 1317 2385 in
1329 2355 1416 2391 hanc,
1425 2364 1512 2395 quam
1525 2354 1639 2394 experti
1650 2355 1820 2396 complures

130 2399 227 2428 πολλοὶ
262 2399 450 2439 δοκιμάσαντες
483 2400 597 2429 είσελθεν
632 2401 676 2429 καὶ
703 2403 874 2441 καρτερῆσέι,

1050 2407 1063 2428 n
1080 2398 1178 2429 animo
1195 2398 1375 2439 persistendi
1390 2398 1421 2429 in
1438 2398 1600 2439 proposito,
1626 2398 1684 2430 cito
1707 2400 1821 2432 resilie-

130 2443 407 2485 xéwcémam‘ﬁnnv,
423 2446 467 2473 καὶ
479 2443 638 2484 ἀπέδρασαν.

543 2448 638 2484 pun.
997 2447 1068 2474 runt
1081 2447 1109 2474 et
1124 2443 1314 2483 aufugerunt.

174 2483 226 2520 λε’,
263 2490 299 2518 T6
333 2487 360 2517 δὲ
389 2483 550 2527 θαυμαστὸν,
579 2488 618 2517 ὅτι
648 2487 781 2526 μηδέποτε
812 2489 945 2529 γράμματε

1047 2488 1087 2518 ιδ.
1098 2487 1132 2518 Et
1144 2488 1221 2529 quod
1235 2488 1342 2519 mirum
1357 2491 1430 2525 erat,
1448 2496 1515 2518 cum
1526 2496 1677 2528 nunquam
1693 2488 1818 2521 didicis-

133 2534 226 2570 μαθὼν
254 2533 336 2566 ὦτως
363 2532 462 2572 ἔψαλλε
488 2535 537 2568 τὴν
565 2533 694 2572 ὑμνῳδίαν
722 2532 748 2562 ἕν
775 2544 805 2562 τε
834 2533 904 2571 ψαλμ

1056 2531 1181 2572 litteras,
1207 2532 1248 2563 ita
1269 2532 1415 2574 psallebat
1439 2536 1468 2563 et
1493 2531 1631 2564 cantabat
1646 2533 1778 2573 psalmos
1793 2538 1822 2566 et

172 2627 206 2654 90
217 2627 293 2660 Psal.
308 2636 408 2670 cxvm,
427 2628 494 2662 103.

827 2693 950 2726 Joannis
965 2694 1027 2727 Clei
1040 2698 1129 2727 notae.

185 2749 236 2791 30)
251 2749 410 2782 Castellum
426 2750 568 2780 hactenus
591 2757 644 2790 pro
667 2747 790 2779 nomine
803 2748 955 2791 communi
995 2748 1158 2791 derivatum
1188 2754 1244 2791 est,
1279 2759 1348 2781 cum
1383 2749 1500 2791 reliqua
1530 2749 1723 2791 monasteria
1740 2749 1822 2791 sole-

173 2754 236 2820 ξω)
251 2754 410 2782 Castellum
426 2754 568 2780 hactenus
591 2757 644 2790 pro
667 2756 790 2779 nomine
803 2757 955 2794 communi
995 2754 1158 2781 derivatum
1188 2754 1244 2787 est,
1279 2759 1348 2781 cum
1383 2754 1500 2791 reliqua
1530 2754 1723 2796 mon_asteria_
1740 2754 1822 2782 sole-

133 2789 173 2820 ha
196 2790 502 2835 ui_etinabserva_turn
524 2793 688 2835 propterea
712 2792 882 2835 praeterivi;
907 2789 956 2820 hic
996 2789 1131 2835 [ους-ιιι)-
1155 2790 1280 2835 urbibus
1303 2791 1438 2835 sejuncta
1461 2798 1637 2835 ,εεεεοηιιιιειι⁸
1663 2794 1761 2835 potius
1785 2790 1823 2822 de

136 2798 226 2821 nanui
240 2798 270 2822 et
283 2798 502 2822 inaoservatum
551 2798 688 2829 ropterea
712 2798 882 2829 praeterivi;
907 2798 956 2820 nic
996 2798 1064 2820 rent
1090 2798 1126 2820 an
1155 2798 1280 2822 Ill‘DIDuS
1303 2798 1438 2830 seiuncta
1465 2798 1543 2827 esse,
1575 2798 1633 2820 nisi
1663 2798 1761 2830 potius
1785 2798 1822 2822 ue

136 2830 290 2870 proprium
325 2835 381 2863 est.
419 2830 488 2862 Erat
522 2798 606 2870 Igne
630 2829 719 2860 situm
746 2828 826 2870 intra
853 2838 957 2861 muros
996 2829 1160 2862 Basilicam
1185 2830 1336 2862 ulterioris
1361 2830 1436 2862 urbe
1459 2828 1709 2862 Castellanetensi
1724 2836 1822 2862 sermo

136 2868 261 2903 civitatis
300 2871 346 2903 vel
381 2870 470 2903 castri
503 2868 670 2910 cujusdam,
714 2868 795 2901 unde
835 2878 956 2901 nomem
997 2874 1055 2902 est.
