1954 3059
162 177 203 210 75
915 177 1093 210 ANONYMI
1806 177 1847 210 76

163 242 278 285 licebit,
295 251 345 275 eas
359 243 471 275 habere
495 242 542 286 ad_
556 242 674 276 labores
688 243 806 276 modice
820 243 979 276 sublevan-

1043 256 1087 275 ατε
1111 245 1207 285 Πάτερ,
1233 245 1323 279 ἐπειδὴ
1347 248 1473 274 κοπιῶσιν
1500 246 1523 274 οἱ
1547 245 1662 286 ἀδελφοὶ,
1690 245 1736 274 ἵνα
1760 245 1842 284 ἐργά-

165 288 230 320 (108.
270 283 275 285 1
535 283 542 293 ’
1025 283 1324 320 σωνταιτὺνέπιούσιον
1346 289 1434 330 ἄρτον,
1460 289 1540 318 καλόν
1562 290 1644 328 ἐστιν,
1669 290 1690 318 εί
1713 289 1841 330 κελεύεις,

1025 334 1071 363 ἵνα
1085 334 1170 374 ἔχωσι
1184 338 1264 363 ταῦτα
1281 335 1367 375 βραχύ
1380 346 1405 362 τι
1419 335 1592 374 παραμύθιον,

205 376 254 408 38.
271 375 307 407 Et
321 384 444 416 magnus
458 375 565 408 Pater:
581 376 647 408 Non
662 377 720 415 his,
737 377 979 419 inquit,indigenl

1067 376 1125 413 λη’.
1154 379 1231 418 Λέγει
1257 379 1300 407 οὗν
1325 380 1390 419 πρὸς
1412 380 1488 408 αὐτὸν
1513 381 1527 407 6
1548 380 1639 419 Πατήρ
1655 387 1662 396 ⁸
1689 380 1726 408 Οὔ
1749 379 1841 419 χρείαν

164 421 282 461 fratres,
293 421 353 451 imo
366 421 506 452 conducit
521 422 575 460 eis,
588 426 621 453 ut
635 421 781 454 laborent.
793 422 875 454 Vade
884 423 979 463 igitur,

1043 436 1119 465 χουσι
1143 425 1242 453 τούτων
1263 426 1286 452 οἳ
1311 423 1416 464 ἀδελφοί
1441 433 1448 440 ⁸
1475 423 1574 462 μᾶλλον
1597 423 1624 452 δὲ
1649 424 1771 465 συμφέρει
1798 425 1844 452 αὖ·

163 469 259 496 macta
269 469 298 496 et
310 465 450 504 dilargire
466 466 655 507 pauperibus.
672 466 774 498 Statim
787 471 818 498 ut
833 478 923 500 senex
939 478 979 499 au

1044 477 1096 507 οῖς,
1133 468 1180 497 ἵνα
1213 471 1337 500 κοπιῶσι,
1385 467 1459 496 Ἀλλ’
1502 467 1622 497 ἀπελθὼν
1657 469 1762 508 σφάξον,
1799 468 1843 496 καὶ

162 510 248 547 divit,
265 511 346 541 nulla
361 511 535 552 interpOSita
545 521 638 548 mora,
647 512 770 543 sublatis
778 513 902 544 manicis
917 513 979 544 bra-

1044 513 1114 546 ιάόος
1149 514 1240 546 αὐτοὺς
1276 521 1334 546 τοῖς
1363 520 1499 553 πτωχοῖς.
1535 514 1635 545 Εὗθέως
1662 513 1689 541 δὲ
1717 515 1731 542 6
1760 513 1844 553 γέρων

162 555 230 586 chia
247 555 380 597 nudavit,
397 559 425 586 et
440 560 558 597 arrepto
575 556 684 596 gladio,
700 557 736 588 ad
762 557 917 588 cmdendas
928 558 979 589 ibat

1043 559 1153 596 κούσας,
1180 559 1223 587 καὶ
1249 557 1316 595 μηδὲ
1344 559 1409 598 πρὸς
1443 558 1512 598 ὥραν
1545 557 1691 596 μελλήσας,
1727 558 1845 595 ἀνεκομ-

161 608 278 637 vaccas,
290 600 676 641 etimplessetpraeceptum,
687 601 744 632 nisi
755 602 843 633 Pater
856 602 979 633 velocius

1043 603 1132 632 Ῑώσατο
1160 603 1209 636 τὴς
1234 609 1341 642 χεῖρας,
1372 603 1415 630 καὶ
1442 606 1490 636 τῆς
1522 602 1656 642 μαχαίρας
1687 601 1844 640 δραξάμενος

162 644 355 676 acclamando
362 654 450 675 manu
456 654 484 675 m
492 645 681 676 detinuisset.
699 644 819 685 Cognita
827 655 896 686 ergo
903 648 979 677 Patet

1043 647 1135 687 ipp-qus
1165 650 1211 675 τοῦ
1234 646 1337 674 τελέσαι
1358 647 1389 675 τὸ
1412 646 1595 683 κελευόμενον.
1622 647 1670 675 Καὶ
1692 645 1844 685 ἐπλήρωσεν

163 689 196 719 in
220 689 287 728 ejus
316 689 415 719 animo
429 689 624 720 Abrahamica
638 689 761 721 virtute:
787 689 830 721 Ne
856 691 979 729 occidas,

1043 698 1059 719 ἒν
1073 691 1178 730 εὖθέως,
1194 691 1269 728 εἰμὴ
1288 690 1394 731 ταχέως
1419 692 1534 731 φονήσας
1560 692 1574 719 6
1598 689 1669 722 ὅσιος
1692 691 1741 724 τὴν
1764 697 1845 730 χεῖρα

161 732 273 774 inquit,
287 733 356 773 quia
365 743 467 774 parum
479 733 614 765 utilitatis
623 734 680 765 erit
693 745 700 764 :
717 734 769 765 sed
782 734 854 765 duas
864 735 979 775 quidem

1043 734 1168 765 κώλυσεν.
1199 735 1263 764 Τότε
1289 735 1366 774 γνοὺς
1394 736 1407 763 ὁ
1426 730 1522 774 Πατὴρ
1546 736 1577 762 τὸ
1603 730 1775 774 Ἀὄραμιαῖον
1796 737 1845 767 τῆς

164 777 269 808 demus
276 777 478 817 egentioribus
485 782 513 808 et
520 778 775 810 numerosioribus
786 779 979 818 monasteriis,

1043 782 1117 819 νυχῆς
1152 779 1230 808 αὒτοῦ
1246 787 1253 795 ·
1288 780 1332 813 Μὴ
1367 780 1494 820 φονεύσῃς
1535 779 1611 816 αὔτα,
1650 779 1711 818 ἔφη,
1755 777 1846 812 ἐπειδή

163 821 281 852 tertiam
305 831 375 852 vero
398 831 465 852 cum
478 821 584 853 vicinis
595 823 755 862 jungentes
780 824 979 855 necessitatem

1043 824 1113 864 λίγον
1142 824 1236 864 ὄφελος
1264 825 1362 864 γίνειαι
1380 833 1387 840 ⁸
1418 824 1486 853 ἀλλὰ
1512 825 1545 852 τὰ
1582 824 1629 862 μὲν
1657 823 1700 852 δύο
1728 822 1845 861 δώσομεν

162 869 293 896 nostram
305 865 493 896 sublevemus
506 875 514 904 ;
525 875 592 897 nam
606 867 684 906 quod
693 876 783 907 supra
793 867 979 907 indigentiam

1043 870 1068 898 πὶ
1091 869 1124 897 τὰ
1152 868 1225 902 ἐνδεῆ
1251 870 1413 909 μοναστήρια
1433 869 1477 897 καὶ
1500 868 1742 907 πληθυντικώτερα,
1767 868 1797 895 τὸ
1817 866 1844 894 δὲ

164 915 221 947 est,
234 909 270 940 ad
281 910 430 940 avaritiam
441 910 582 950 pertinet.
599 910 672 941 Cum
688 919 758 950 ergo
769 910 877 941 factum
894 916 979 950 esset,

1043 924 1113 952 τερον
1157 913 1276 950 μίξαντες
1323 914 1389 951 μετὰ
1423 916 1476 941 τῶν
1510 913 1635 952 γειτόνων
1674 913 1763 949 ἡμῶν,
1795 911 1845 944 τὴν

162 957 197 984 ιιι
211 955 298 985 Pater
308 955 452 994 jusserat,
469 963 603 994 magnam
619 954 761 985 frumenti
776 955 889 995 copiam
906 965 979 986 anno

1043 957 1116 998 petam
1150 958 1226 994 ἡμῶν
1260 957 1430 997 ἐργασώμεθα
1446 965 1453 972 ·
1477 957 1534 986 ὅθεν
1569 961 1621 985 πᾶν
1648 957 1679 984 τὸ
1705 957 1770 995 ὑπὲρ
1794 956 1844 989 τὴν

163 997 215 1042 illo
225 998 421 1037 collegerunt,
434 1002 572 1029 etomnes
579 1000 641 1031 Deo
647 998 771 1037 gloriam
781 998 902 1030 dabant.
911 1001 979 1031 Cum

1043 1002 1117 1042 ,pelzv
1141 1000 1278 1034 πλεονεξίαι
1302 1001 1368 1033 ἐστί,
1393 1002 1557 1036 Παιήσαντες
1581 1001 1624 1029 οὖν
1649 1002 1686 1032 ὡς
1715 1002 1728 1028 ὁ
1755 1001 1846 1039 Πατὴρ

163 1041 323 1081 aliquando
337 1046 397 1073 tres
411 1042 516 1073 fratres
531 1042 561 1074 in
588 1042 793 1074 molendinum
809 1043 903 1074 issent
917 1053 979 1074 cum

1043 1045 1169 1083 ιεταξατο,
1198 1045 1325 1079 ἐποίησαν
1350 1047 1395 1074 τὸν
1423 1045 1538 1074 ἐνιαυτὸν
1568 1045 1668 1074 ἐκεῖνον
1695 1051 1769 1073 σῖτον
1792 1055 1846 1072 πο-

163 1085 259 1117 tribus
285 1087 429 1125 jumentis
457 1087 582 1125 onustis,
611 1086 802 1127 redirentque
826 1091 942 1128 postero
968 1097 979 1118 ε

1043 1090 1082 1130 ὺν,
1113 1091 1157 1118 καὶ
1182 1090 1275 1121 πάντες
1299 1089 1418 1126 ἐδόξαζον
1442 1092 1486 1118 τὸν
1514 1091 1589 1121 Θεόν,
1625 1090 1692 1118 Ποτὲ
1717 1088 1744 1117 δὲ
1767 1092 1847 1128 τριῶν

163 1131 252 1166 mola,
266 1130 390 1170 jamque
405 1139 498 1171 prope
512 1130 724 1162 monasterium
740 1135 851 1169 essent,
863 1131 924 1162 viso
937 1141 979 1162 ac-

1043 1134 1143 1174 δελφῶν
1167 1134 1196 1162 ἐκ
1218 1138 1264 1162 τοῦ
1288 1135 1462 1174 μοναστηρίου
1483 1135 1510 1163 ἐν
1533 1135 1571 1172 τῴ
1594 1134 1694 1172 μύλωνι
1716 1133 1846 1162 ἀπελθόν-

163 1183 255 1205 censo
270 1176 300 1205 in
315 1175 362 1206 via
375 1184 460 1215 rogo,
479 1175 616 1206 dixerunt
632 1184 639 1206 :
665 1174 698 1205 In
714 1177 892 1207 monasterio
907 1186 979 1207 nunc

1043 1190 1078 1207 ων
1125 1179 1191 1216 μετὰ
1227 1181 1305 1218 τριῶν
1339 1180 1413 1214 ζώων
1448 1178 1676 1219 πεφωρτωμένων,
1714 1179 1781 1215 μετὰ
1816 1179 1847 1205 τὸ

160 1219 327 1259 jejunatur,
345 1219 540 1250 conﬁciamus
553 1219 602 1250 hic
618 1228 723 1260 panem
739 1224 769 1250 et
783 1219 979 1257 comedamus,

1045 1223 1118 1252 λέσαι
1134 1226 1169 1261 τῇ
1183 1223 1304 1262 ἐπαύριον
1326 1224 1552 1263 ὕποστρεφόντων,
1577 1223 1620 1250 καὶ
1643 1222 1694 1256 ἤδη
1719 1225 1753 1260 τῇ
1777 1225 1846 1260 μονῇ

162 1273 201 1294 ne
216 1263 240 1294 si
252 1264 350 1303 jejuni
365 1263 436 1294 illuc
452 1263 689 1303 pervenerimus,
721 1267 750 1294 et
773 1273 827 1294 nos
842 1273 910 1295 cum
925 1264 979 1296 iliis

1043 1269 1313 1307 YYthvtw‘l,ubp(36lV
1339 1267 1365 1296 ἐν
1391 1271 1425 1305 τῇ
1448 1267 1499 1304 ὀδῴ
1522 1268 1605 1306 πυρὰν
1629 1266 1773 1303 καιομένην
1802 1267 1846 1294 καὶ

157 1299 342 1348 jejunemus.
349 1299 557 1348 Feceruntque
564 1308 606 1338 uti
615 1299 862 1339 deliberaverant.
872 1310 979 1348 Cogno-

1043 1311 1144 1350 ἐγουσιν
1161 1320 1168 1327 ⁴
1201 1299 1273 1350 νΑρτι
1310 1311 1336 1340 ἒν
1377 1313 1415 1348 τῲ
1454 1311 1621 1350 μονασττ,ρίῳ
1665 1310 1843 1348 νηστεύουσιν,

161 1352 202 1382 vit
216 1352 272 1382 hoc
286 1352 392 1392 spiritu
406 1351 492 1382 Pater
506 1356 536 1382 et
561 1351 702 1392 przecepit
725 1351 806 1382 cellae
833 1353 979 1393 praefecto,

1045 1358 1177 1394 οιήσωμεν
1200 1355 1250 1393 ea;
1280 1355 1357 1395 ἄρτον
1379 1357 1424 1384 καὶ
1448 1357 1584 1395 φάγωμεν,
1609 1355 1712 1393 μήποτε
1737 1356 1842 1390 νήστεις

162 1400 195 1427 ut
209 1405 342 1426 mensam
357 1402 531 1436 apponeret,
557 1405 614 1436 quo
640 1395 789 1433 fratribus,
808 1396 913 1437 inquit,
931 1406 979 1427 ve-

1043 1400 1174 1432 νελθόντες
1213 1401 1257 1429 καὶ
1296 1402 1377 1438 ἡμεῖς
1422 1399 1480 1438 μετ’
1523 1401 1606 1428 αὖτῶν
1642 1399 1839 1437 νηστεύσωμεν,

162 1439 326 1478 nientibus,
359 1449 436 1480 pane
459 1449 624 1471 vescamur.
649 1441 672 1471 E
693 1440 814 1479 vestigio
842 1445 979 1473 venerunt

1043 1446 1076 1474 ζαὶ
1104 1445 1186 1477 οὕτως
1214 1445 1351 1482 ἐποίησαν,
1381 1446 1467 1476 καθὼς
1491 1443 1686 1474 ἐϐουλεύσαντο.
1713 1444 1792 1475 Γνοὺς
1817 1443 1844 1471 δὲ

162 1484 397 1524 illi,iterumque
405 1494 470 1515 cum
486 1486 570 1515 Patre
581 1489 610 1515 et
622 1484 761 1515 fratribus
782 1486 879 1517 cibum
899 1495 979 1516 sum-

1076 1490 1166 1529 Πατῆρ
1200 1491 1238 1526 τῲ
1273 1490 1404 1526 Πνεύματι
1438 1489 1471 1517 τὰ
1498 1490 1556 1528 περὶ
1585 1490 1680 1529 αὖτῶν,
1710 1488 1843 1516 ἐκέλευσεν

163 1533 297 1569 pserunt.
313 1529 388 1573 Ergo
402 1538 418 1559 e
433 1539 536 1560 mensa
566 1533 720 1569 surgentes
743 1534 827 1561 vocat
850 1540 979 1562 seorsum

1043 1534 1162 1572 τοιμάσαι
1196 1535 1235 1571 τῲ
1268 1533 1422 1573 κελλαρίτῃ,
1458 1532 1516 1570 ἵνα,
1543 1534 1618 1573 φησὶ,
1645 1536 1697 1561 τῶν
1725 1531 1844 1572 ἀδελφῶν

161 1573 251 1604 Pater
261 1573 351 1603 etait:
364 1572 459 1609 Quare
475 1573 641 1614 praebuistis
656 1584 757 1607 aurem
775 1575 892 1606 diabolo
907 1585 982 1606 con-

160 1616 260 1648 silium
293 1617 385 1655 danti,
414 1622 447 1649 ut
471 1627 524 1658 per
550 1618 597 1649 via
621 1620 799 1651 conﬁce-ritis
823 1629 929 1660 panem
954 1624 983 1650 et

159 1661 349 1692 vescerimini
362 1661 375 1693 ?
389 1661 537 1702 Numquid
551 1672 569 1693 a
584 1665 763 1696 monasterio
779 1665 865 1704 longe
880 1665 980 1702 eratis,

159 1710 209 1737 aut
225 1706 303 1737 servi
313 1706 373 1736 mei
389 1706 472 1743 estis,
489 1710 532 1744 ut,
549 1707 618 1746 quia
633 1717 680 1738 me
695 1709 816 1746 timetis,
834 1709 911 1739 clam
927 1718 980 1740 co—

160 1750 286 1781 medatis
300 1750 316 1780 ‘I
330 1751 391 1781 Vos
405 1751 510 1781 fratres
523 1750 583 1781 mei
594 1752 664 1782 estis
679 1757 707 1783 et
727 1752 811 1793 panis
826 1758 926 1784 vester
939 1757 984 1783 est

159 1795 255 1835 labor,
271 1804 327 1827 nec
343 1800 396 1833 est,
414 1796 466 1835 qui
481 1800 588 1836 praeter
611 1797 794 1829 voluntatem
808 1807 860 1828 vos
873 1797 979 1838 adigat.

159 1839 222 1870 Hoc
235 1839 325 1879 igitur
335 1840 474 1878 scientes,
489 1839 563 1870 nihil
574 1850 701 1881 unquam
712 1841 914 1882 committatis,
930 1851 983 1882 per

159 1885 241 1925 quod
261 1885 377 1924 Regula
391 1885 552 1924 frangatur.
579 1884 663 1921 Quod
681 1886 724 1917 illi
739 1886 894 1918 audientes
911 1896 980 1927 pro-

159 1932 328 1966 straverunt
343 1938 386 1966 se,
399 1929 672 1971 promiseruntque,
686 1931 717 1961 in
726 1936 880 1972 posterum
891 1931 979 1962 vitam

159 1981 192 2004 se
209 1973 432 2006 emendaturos.

1023 1579 1175 1618 φθασάντων
1209 1579 1261 1606 ἀπὸ
1289 1582 1335 1607 τοῦ
1370 1578 1451 1616 μύλου
1486 1578 1641 1616 γευσώμεθα
1671 1576 1761 1616 ἄρτου.
1790 1578 1842 1606 Εὖ-

1023 1622 1087 1656 θὲως
1103 1623 1146 1651 οὖν
1171 1622 1276 1651 ἐκείνων
1301 1622 1439 1660 ἐλθόντων,
1464 1623 1508 1650 καὶ
1532 1621 1611 1650 πάλιν
1634 1622 1700 1660 μετὰ
1719 1625 1764 1650 τοὺ
1784 1624 1842 1649 Πα-

1022 1668 1082 1707 τρὶς
1111 1667 1155 1695 καὶ
1189 1669 1240 1696 τῶν
1276 1666 1393 1708 ἀδελφῶν
1428 1666 1607 1706 γευσαμένων,
1644 1666 1711 1704 μετὰ
1736 1667 1767 1694 τὸ
1792 1668 1842 1699 τῆς

1021 1711 1152 1751 τραπέζης
1186 1711 1367 1749 ἐξαναστῆναι,
1403 1711 1481 1739 καλεῖ
1509 1710 1602 1742 αὖτοὺς
1630 1711 1644 1738 ὁ
1670 1709 1760 1749 Πατὴρ
1789 1721 1842 1738 κα-

1023 1756 1056 1784 τὰ
1081 1756 1175 1794 μόνας,
1200 1757 1244 1784 καὶ
1266 1755 1337 1796 λέγει
1366 1755 1456 1787 αὐτοῖς
1479 1764 1487 1772 ”
1518 1755 1592 1783 Διατί
1615 1755 1780 1788 ὑπηκούσατε

1024 1799 1137 1836 διαϐόλῳ
1182 1799 1403 1838 συμϐουλεύσαντι
1446 1801 1510 1837 ὑμῖν
1552 1803 1661 1835 ποιῆσαι
1703 1799 1747 1826 καὶ
1793 1799 1842 1832 τὴν

1023 1843 1082 1872 δ’δὸν
1117 1843 1210 1884 ἄρτους
1245 1846 1288 1873 καὶ
1322 1851 1442 1884 φαγεῖν;
1477 1844 1521 1877 Μὴ
1548 1844 1652 1882 μακρὰν
1680 1845 1728 1876 τῆς
1759 1845 1842 1880 μονῆς

1022 1887 1205 1929 ἐτυγχάνετε;
1239 1889 1257 1922 ἢ
1291 1887 1378 1918 δοῦλοι
1407 1899 1456 1926 μου
1482 1888 1626 1929 ὖπᾴρχετε,
1656 1886 1702 1914 τίνα
1730 1885 1772 1915 διὰ
1797 1887 1842 1914 τὸν

1021 1926 1104 1970 ἐμὸνη
1118 1926 1203 1973 φόϐον
1231 1932 1312 1972 λάθρα
1346 1932 1447 1966 ἐσθίητε
1474 1941 1482 1972 ς
1521 1926 1614 1969 Ὑμεῖς
1649 1929 1756 1970 ἀδελφοί
1791 1941 1842 1968 μου

1021 1976 1091 2017 ἐστὲ,
1119 1980 1163 2005 καὶ
1188 1978 1202 2005 6
1231 1975 1308 2017 ἄρτος
1335 1977 1460 2016 ὑμέτερος
1484 1976 1566 2008 κόπος
1588 1975 1667 2013 ἐστὶν,
1695 1976 1738 2002 καὶ
1761 1974 1842 2006 οὐδείς

157 2017 228 2046 ἐστιν
257 2020 271 2046 ὁ
299 2019 395 2057 βιάζων
429 2019 497 2056 ὑμᾶς
525 2019 574 2053 τὴν
602 2020 749 2059 προαίρεσιν
777 2020 862 2058 ὑμῶν,
892 2023 974 2049 Τοῦτο
1001 2021 1085 2049 τοίνυν
1118 2021 1289 2060 γινώσκοντες
1325 2020 1456 2059 μηδέποτέ
1483 2031 1509 2048 τι
1541 2019 1612 2059 παρὰ
1640 2019 1737 2047 κανόνα
1764 2020 1842 2054 ποιή-

157 2073 233 2096 σητε,
251 2064 280 2091 Οἱ
295 2061 321 2090 δὲ
336 2063 492 2095 ἀκούσαντες
509 2062 601 2092 ἔϐαλον
617 2064 768 2104 μετάνοιαν,
786 2066 828 2092 καὶ
843 2065 1034 2104 ἐπηγγείλαντο
1048 2067 1094 2093 τοῦ
1107 2064 1199 2105 λοιποῦ
1215 2064 1412 2105 διορθώσασθαι.

198 2108 248 2139 39.
262 2107 328 2138 Alio
342 2112 474 2148 tempore
489 2117 556 2139 cum
569 2110 654 2139 Pater
668 2110 797 2147 abesset,
807 2109 887 2149 virgo
903 2119 979 2150 qua:-

158 2151 225 2183 dam
237 2152 318 2183 venit
333 2152 364 2182 in
379 2153 601 2191 monasterium,
629 2158 661 2183 ut
675 2162 742 2183 eum
757 2153 957 2194 alloqueretur
970 2165 976 2186 :

156 2206 211 2227 nec
218 2196 340 2233 sciebat,
350 2197 439 2227 malle
448 2197 531 2228 illum
545 2197 654 2238 aspidis
665 2198 980 2239 commercium,quam

156 2241 291 2272 mulieris
306 2241 498 2282 colloquium.
516 2242 626 2274 Etcum
640 2242 746 2273 fratres
762 2252 867 2273 omnes
882 2243 981 2283 quiete

154 2285 186 2316 in
200 2286 285 2317 cellis
302 2291 491 2317 morarentur
506 2292 537 2318 et
562 2287 712 2318 neminem
738 2286 787 2317 illa
813 2287 933 2318 vulissel
948 2287 980 2318 in

156 2330 294 2368 ecclesia,
311 2330 447 2370 ingressa
472 2334 517 2362 est
541 2335 570 2362 et
592 2331 695 2362 oravit.
719 2330 756 2362 Ut
782 2341 854 2371 ergo
871 2331 977 2362 fratres

155 2383 304 2414 egressam
312 2375 620 2416 viderunt,conquesti
627 2375 664 2406 de
671 2375 720 2406 illa
726 2380 805 2416 sunt,
813 2375 890 2416 quod
898 2384 976 2414 prie-

155 2422 200 2449 ter
215 2419 461 2450 consuetudinem
487 2420 617 2452 fecisset.
645 2421 680 2450 Et
702 2420 762 2458 illa,
790 2419 840 2450 ubi
858 2420 977 2450 rescivit

154 2463 272 2494 Patrem
290 2463 406 2503 abesse,
423 2465 581 2496 confestim
597 2464 680 2496 abiit.
698 2467 846 2496 Reversus
856 2473 978 2503 magnus

153 2506 242 2538 Pater
253 2513 319 2548 post
329 2508 393 2539 dies
404 2513 541 2550 quatuor,
554 2509 644 2550 coepit
654 2510 770 2547 fratres,
783 2509 832 2550 qui
843 2509 879 2540 ad
903 2518 976 2539 con-

155 2551 344 2583 salutandum
354 2558 564 2592 convenerant,
578 2553 734 2594 increpare
743 2563 778 2585 ac
787 2554 902 2584 dicere:
915 2553 976 2585 Ta-

154 2596 199 2628 les
207 2605 258 2627 vos
269 2596 340 2627 estis
350 2597 518 2636 moonachi,
531 2607 605 2638 quos
624 2608 683 2629 una
695 2599 803 2629 mulier
816 2598 977 2629 adveniens

154 2641 278 2673 eluserit
296 2645 324 2672 et
341 2646 469 2674 vestram
491 2643 648 2674 ecclesiam
667 2643 775 2674 foetore
789 2643 976 2683 oppleverit;

151 2686 286 2727 profecto
303 2686 385 2727 digni
401 2686 484 2725 estis,
500 2687 553 2728 qui
576 2689 660 2726 grani
686 2697 773 2728 pmna
797 2687 975 2719 multemini.

151 2729 196 2762 Illi
211 2740 282 2763 vero
305 2735 460 2772 stupentes
486 2732 674 2770 miraculum,
702 2731 927 2773 procubuerunt
948 2735 977 2762 et

151 2776 266 2807 veniam
277 2776 438 2817 petierunt.
458 2776 493 2809 At
503 2785 572 2808 vero
585 2776 689 2808 beatus
700 2786 802 2808 revera
821 2776 974 2817 Georgius,

151 2820 372 2861 egregiisjuxta
379 2821 433 2854 Dei
443 2821 540 2862 legem
552 2821 641 2855 editis
652 2821 805 2863 operibus,
817 2825 848 2854 et
866 2821 976 2863 proba-

1060 2106 1112 2141 λθ’,
1149 2101 1261 2138 ’λλλοτε
1289 2110 1367 2138 πάλιν
1403 2114 1448 2138 τοῦ
1477 2109 1592 2149 μεγάλου
1623 2110 1724 2148 Πατρὸς
1752 2108 1779 2136 ἐν
1806 2121 1840 2147 τῃ

1021 2157 1089 2192 μονῇ
1104 2155 1142 2192 μὴ
1165 2155 1342 2195 ὑπαρχοντος,
1368 2154 1477 2190 ἐλήλυθέ
1502 2165 1542 2185 τις
1556 2152 1680 2193 παρθένος
1698 2160 1838 2193 συντυχεῖν

1022 2198 1092 2235 αὗτῷ
1119 2198 1277 2237 βουλομένη,
1296 2200 1334 2237 μη
1366 2199 1448 2228 εἰδυῖα
1477 2198 1516 2226 ὅτι
1544 2204 1709 2237 προαιρεῖται
1738 2197 1838 2235 μᾶλλον

1022 2242 1121 2283 ἀσπίδι,
1136 2244 1154 2277 ἢ
1180 2245 1282 2282 γόναικὶ
1299 2243 1437 2281 ὁμιλῆσαι.
1465 2243 1523 2272 Τῶν
1547 2242 1574 2270 δὲ
1597 2241 1714 2282 ἀδελρῶν
1743 2243 1779 2274 εἷς
1807 2243 1839 2270 τα

1020 2287 1110 2316 κελλία
1149 2288 1348 2328 ἡσυχαζόντων,
1392 2288 1479 2318 ἰδοῦσα
1514 2287 1580 2321 αὐτὴ
1612 2287 1661 2320 τὴν
1695 2286 1838 2320 ἐκκλησίαν

1019 2332 1224 2369 μεμονωμένην,
1255 2332 1357 2366 εἰσῆλθε
1385 2334 1428 2361 καὶ
1456 2332 1565 2366 uitiato.
1596 2330 1705 2363 Ἰδόντες
1734 2331 1760 2359 δὲ
1789 2331 1838 2359 αὺ-

1017 2376 1066 2410 τὴν
1093 2378 1117 2404 οἱ
1145 2376 1250 2416 ἀδελφοὶ
1278 2377 1471 2415 ἐξεληλνθδῒαν,
1502 2377 1646 2416 ἐγόγγυσαν
1670 2374 1729 2404 κατ’
1757 2376 1840 2409 αὒτῆς

1017 2421 1053 2453 ὡς
1080 2421 1150 2460 παρὰ
1178 2422 1314 2456 σδνήθειαν
1348 2422 1511 2455 ποιησάσης.
1539 2417 1569 2449 ’Π
1599 2420 1625 2448 δὲ
1654 2422 1770 2457 μαθινόσα
1799 2420 1838 2448 ὃτι

1018 2466 1032 2493 ὁ
1060 2466 1149 2505 Πατὴρ
1178 2467 1224 2494 οὒκ
1251 2466 1320 2494 ἔστιν
1349 2467 1446 2503 ἐκεῖσε,
1477 2465 1594 2499 ἀπῆλθεν
1619 2465 1722 2496 εὐθέως.
1748 2469 1838 2493 Κατα-

1018 2508 1104 2538 λαϐὼν
1140 2510 1183 2538 οὖν
1218 2512 1232 2539 6
1268 2511 1350 2550 μέγας
1383 2512 1449 2549 μετὰ
1483 2511 1610 2550 τετάρτην
1644 2509 1758 2549 ἡμέραν,
1795 2509 1839 2537 καὶ

1017 2557 1070 2582 τῶν
1105 2553 1222 2595 ἀδελφῶν
1258 2556 1294 2587 εἷς
1328 2556 1504 2595 προσκύνησιν
1539 2554 1616 2582 αὑτοῦ
1652 2553 1837 2589 συνελθόντων,

1018 2598 1113 2638 ἤρξατο
1148 2600 1239 2631 αὐτοῖς
1274 2600 1478 2639 ἐπιμέμφεσθαι,
1504 2599 1548 2627 καὶ
1574 2598 1661 2637 λέγειν
1679 2608 1687 2616 '
1718 2601 1837 2626 Τοιοῦτοι

1018 2645 1133 2684 μοναχοί
1159 2644 1216 2672 ἐστε
1237 2644 1327 2682 ὑμεῖς,
1353 2644 1393 2672 ὅτι
1419 2644 1464 2681 μία
1488 2643 1554 2683 γύνὴ
1579 2642 1687 2672 ἐλθοῦσα
1713 2642 1837 2675 κατηπα-

1017 2698 1096 2721 τησεν
1129 2688 1208 2725 ὑμᾶς,
1243 2689 1288 2716 καὶ
1323 2688 1456 2724 συνώζησε
1491 2688 1539 2721 τὴν
1575 2686 1715 2720 ἐκκλησίαν
1750 2687 1835 2724 ὑμῶν.

1027 2736 1114 2764 Οντως
1145 2731 1262 2771 μεγάλου
1288 2732 1420 2769 ἐπιτιμίου
1449 2731 1506 2761 ἐστὲ
1535 2731 1613 2765 ἄξιοι.
1644 2733 1673 2760 Οἱ
1697 2730 1724 2759 δὲ
1749 2742 1835 2760 κατα-

1017 2774 1161 2814 πλαγέντες
1197 2775 1240 2804 ἐπὶ
1273 2775 1312 2813 τῷ
1339 2776 1462 2815 θαύματι,
1493 2774 1585 2804 ἔϐαλον
1615 2774 1765 2814 μετάνοιαν,
1794 2774 1837 2802 καὶ

1017 2820 1188 2860 συγχώρησιν
1214 2819 1387 2858 ἐξῃτήσαντο.
1415 2816 1443 2850 l0
1467 2820 1549 2850 τοίνυν
1575 2819 1703 2859 μακάριος
1728 2817 1835 2852 ἀληθῶς
