1954 3059
65 186 107 218 77
677 185 769 218 VITA
791 184 821 216 S.
845 185 929 216 NILI
951 184 1136 216 JUNIORIS.
1705 187 1745 220 78

66 252 197 292 Γεώργιος
233 253 355 292 μεγάλως
389 253 456 281 κατὰ
485 252 550 280 Θεὸν
578 251 810 288 πολιτευσάμενος,
835 251 878 278 καὶ

968 270 969 277 η
983 248 1027 279 illi
1041 252 1163 289 propter
1176 247 1384 280 abstinentiam
1409 252 1441 280 et
1461 258 1600 290 asperum
1613 251 1680 282 vitae
1695 253 1746 283 in-

66 298 240 336 εὖσρεστήσας
268 298 338 334 σιῦτῲ
373 297 400 325 ἕν
434 306 463 324 τε
499 295 636 335 ἐγκρατείᾳ
671 296 714 323 καὶ
742 295 883 334 κακουχίᾳ,

968 297 1071 334 tutum,
1089 302 1204 324 necnon
1218 293 1417 324 obedientiam
1434 293 1509 325 nihil
1527 294 1744 335 dijudicantem

66 342 111 369 καὶ
142 342 247 380 ὑπακοῇ
290 341 439 382 ἀδιακρίτῳ,
486 341 530 368 καὶ
569 339 726 368 ταπεινώσει
761 339 884 378 μεγίστῃ,

971 347 1117 368 summam
1136 337 1332 382 humilitatem
1358 341 1386 369 et
1401 347 1462 370 sua;
1477 338 1635 372 voluntatis
1649 341 1744 374 abne-

65 386 110 414 καὶ
135 388 169 424 τῇ
191 389 262 424 κοπῇ
289 389 335 414 τοῦ
357 386 452 418 οἰκείου
473 384 633 422 θελήματος,
658 383 722 422 ὅπερ
747 383 886 423 μαρτύριόν

968 382 1088 419 tionem,
1105 381 1184 422 quod
1213 385 1258 413 est
1281 386 1311 413 et
1333 388 1453 414 vocatur
1476 384 1657 425 martyrium,
1688 386 1748 417 mi-

65 429 121 458 ἐστί
144 441 172 458 τε
196 431 239 458 καὶ
263 430 379 470 λέγεται,
407 430 472 469 πρὸς
496 429 588 468 Κύριον
613 427 794 465 ἀπεδήμησεν,
825 427 888 455 ἀπο-

968 427 1023 457 avit
1034 427 1071 457 ad
1086 426 1257 463 Dominum,
1284 427 1406 466 pmmia
1425 433 1611 469 recepturus,
1629 435 1750 470 propter

64 474 220 511 ληψόμενος
248 475 280 503 τὰ
311 473 344 502 δι’
381 474 397 502 ἆ
425 474 510 501 πάντα
541 473 689 511 ὑπέμεινεν,
722 471 782 501 Ἐπὶ
807 472 888 508 τούτῳ

971 480 995 501 ω
1010 470 1149 505 sustinuit
1173 471 1282 501 omnia.
1311 470 1408 512 Super
1431 472 1489 504 hoc
1514 482 1637 512 magnus
1661 475 1750 507 Pater

65 517 189 557 μεγάλως
230 519 275 546 τὸν
319 519 384 546 Θεὸν
426 518 608 557 ηὒχαρίστησε
654 516 862 556 πληροφορηθεὶς
879 539 887 552 ,

968 515 989 546 it
1012 515 1073 546 Deo
1099 515 1219 554 gratias,
1246 524 1299 556 pro
1323 520 1407 548 certo
1433 516 1561 558 habens,
1586 527 1619 549 se
1642 519 1749 558 primi-

63 561 104 590 ὅτι
138 562 243 596 ὰληθῶς
285 561 392 600 δόκιμον
437 561 585 601 γεώργημα
632 561 676 589 καὶ
722 561 886 600 ὰναφαίρεμα

968 569 987 589 .s
1009 567 1077 589 sues
1099 559 1241 590 obtulisse
1268 559 1396 600 Christo,
1419 561 1570 601 egregium
1593 572 1654 594 suae
1674 564 1752 603 agri-

63 607 251 647 :37rpdeasxtov
287 608 386 647 καρπὸν
421 606 500 635 αὒτοῦ
541 605 579 642 τῷ
613 604 717 644 Χριστῷ
750 604 887 644 προσηγά-

968 603 1080 634 lationis
1111 603 1240 635 fructum
1287 606 1317 635 et
1358 603 1540 637 oblationem
1574 607 1748 648 acceptissi-

63 661 138 690 γετο.

927 657 1016 680 mam.

816 727 935 760 CAPUT
950 727 1001 759 v1.
1038 716 1040 718 ’

63 794 96 828 S.
113 795 200 827 Nilus
213 795 318 836 gloria
332 797 440 837 suique
454 797 640 835 contemptor
654 793 824 830 Caniscam,
840 802 930 825 suum
944 793 1016 825 olim
1031 794 1224 835 magistrum,
1240 795 1280 826 ad
1295 795 1466 836 despectum
1479 796 1660 830 divitiarum
1673 798 1747 832 hor-

103 843 203 877 tatur;
219 841 331 881 fratres
341 841 481 872 orutione
494 842 598 870 contra
613 838 757 870 damonis
771 837 899 869 insidias
914 839 1014 870 munit
1027 847 1192 883 caecamque
1205 838 1326 871 illorum
1342 841 1547 873 obedientiam
1570 844 1747 883 experitur;

101 887 191 916 avari
201 887 357 926 prapositi
367 885 445 916 bona
457 883 516 916 sibi
531 886 705 915 testamento
720 883 823 922 legata
834 883 1021 922 pauperibus
1036 882 1208 924 elargilur;
1221 885 1441 925 parthenonem
1456 882 1630 925 restaurati;
1645 887 1749 928 populi

107 931 230 961 turbam
245 932 334 970 fugit.

105 978 146 1021 μ’.
163 985 245 1016 Λῦτὸς
261 984 288 1012 δὲ
303 983 473 1017 ἀνεξάλειπτα
489 982 560 1022 ἔχων
575 981 601 1010 ἐν
625 984 659 1020 τῇ
684 983 760 1023 ψυχῇ
784 981 816 1008 τὰ
839 983 884 1008 τοῦ

968 981 1012 1012 ιο.
1037 981 1104 1022 Ipse
1121 991 1188 1012 vero
1204 981 1374 1015 indelebilis
1399 992 1506 1023 gerens
1525 983 1624 1015 animo
1649 985 1748 1017 sancti

65 1027 140 1066 ἁγίου
156 1027 315 1067 Εὒαγγελίου
335 1021 565 1064 ἐνταλματαίκαὶ
588 1026 629 1062 τὸ,
655 1035 669 1054 ‹
698 1021 790 1062 Ὑμεῖς
806 1023 833 1052 δὲ
849 1024 887 1061 μὴ

66 1071 181 1105 κληθῆτε
195 1071 279 1110 ῥαϐϐὶ,
298 1084 311 1099 n
344 1071 410 1109 μηδὲ
434 1071 550 1103 κληθῆτε
573 1071 722 1108 καθηγηται
739 1076 746 1085 ·
765 1066 888 1097 οὒδέποτε

65 1114 220 1148 κατεδέξατο
234 1116 342 1146 ἀκοῦσαι
369 1117 427 1144 οἷον
451 1114 551 1149 δήποτε
578 1112 662 1150 ὄνομα
686 1111 761 1145 δόξης
785 1111 887 1146 ὑπόλη-

65 1161 111 1196 ψιν
140 1159 204 1199 ἕχον
228 1167 236 1176 ⁸
263 1159 321 1188 ἀλλ’
346 1160 386 1188 ἀεὶ
409 1160 439 1187 τὸ
463 1159 586 1199 φρόνημα
607 1157 712 1185 πάντων
737 1157 885 1195 κατώτερον

65 1203 150 1244 ἔχων,
180 1206 217 1236 ὡς
245 1204 290 1232 ἕνα
317 1207 370 1232 τῶν
395 1203 516 1243 ἐσχάτων
532 1201 650 1242 ἀδελφῶν
684 1202 774 1228 ἑαυτὸν
797 1200 886 1238 ἐλογί-

64 1251 136 1283 ζετο.
165 1249 211 1276 Διὸ
235 1250 278 1276 καὶ
303 1252 356 1276 τῶν
385 1248 484 1276 τέκνων
512 1249 561 1280 τῆς
589 1245 689 1285 ἐρήμου
717 1244 886 1282 πληθυνομέ-

65 1303 128 1328 νων,
157 1294 201 1321 καὶ
228 1292 286 1321 καθ’
322 1292 422 1332 ἡμέραν
453 1290 497 1319 ὑπ’
527 1293 606 1320 αὐτοῦ
633 1292 816 1327 πνευματικῶς
845 1299 888 1328 γε-

65 1337 199 1374 νωμένων,
235 1337 279 1365 καὶ
323 1336 500 1376 εὒαγγελικῶς
546 1334 771 1374 ποιμαινομένων,
808 1334 888 1372 ἑτέρῳ

64 1383 94 1409 τὸ
129 1384 178 1414 τῆς
213 1382 370 1420 ἡγουμενίας
407 1380 490 1418 ὄνομα
523 1380 609 1411 πάσας
638 1379 684 1410 τὰς
712 1378 812 1418 ἡμέρας
837 1380 886 1410 τῆς

64 1429 135 1461 ζωῆς
158 1428 237 1455 αὑτοῦ
259 1426 414 1466 ἐνεχείριζεν
432 1435 439 1442 ”
464 1426 501 1452 ὦν
524 1426 565 1455 εἷς
592 1422 689 1462 ὑπῆρξε
711 1423 754 1450 καὶ
781 1425 884 1461 πρῶτος

65 1471 80 1498 ὁ
109 1471 330 1509 παμμακάριστος
358 1470 401 1498 καὶ
436 1469 566 1508 τρισόσιος
590 1466 720 1506 Πρόκλος,
748 1467 814 1505 ἀνὴρ
837 1469 886 1499 τῆς

65 1514 202 1554 ἐγκυκλίου
230 1513 390 1545 παιδεύσεως
419 1512 516 1553 σφόδρα
544 1511 747 1551 πεπειραμένος,
779 1509 885 1549 βιϐλίων

64 1569 92 1586 τε
117 1562 168 1586 τῶν
193 1557 285 1591 ἔξωθεν
311 1559 355 1586 καὶ
383 1561 435 1586 τῶν
459 1556 592 1595 ἡμετέρων
616 1554 766 1583 ἐνδιαθέτων
790 1565 819 1583 τε
844 1555 887 1582 καὶ

63 1606 116 1631 τῶν
143 1602 249 1642 ὕστερον
277 1601 433 1630 ἐκτεθέντων
460 1599 584 1628 κιϐώτιον
608 1600 657 1633 τὴν
691 1600 787 1627 οἰκείαν
819 1610 885 1638 καρ-

65 1647 120 1675 δίαν
146 1638 318 1678 ἀποτελέσας.
360 1638 445 1677 ’δστις
476 1644 593 1684 ἐλέγετο,
623 1644 674 1683 πρὸ
702 1647 749 1672 τοῦ
775 1643 888 1681 μονᾶσαι

65 1691 102 1720 ἔτι
136 1691 194 1723 νέος
226 1691 274 1731 ὢν,
313 1691 339 1718 ἐν
373 1691 411 1727 τῲ
438 1690 543 1729 κάστρῳ
575 1688 727 1728 τυγχάνων,
763 1687 887 1720 τοιαύτην

65 1736 210 1776 ἐσχηκέναι
246 1737 294 1768 τὴν
327 1735 448 1774 ἐργασίαν
465 1741 471 1749 ·
509 1732 567 1762 καθ’
602 1732 719 1765 ἐπέστην
755 1731 886 1765 νηστεύων

64 1780 115 1812 ἕως
151 1780 273 1820 ἑσπέρας,
310 1780 353 1807 καὶ
390 1782 424 1816 τῇ
459 1778 605 1816 ἀναγνώσει
642 1776 792 1816 σχολάζων,
832 1776 886 1803 ὰπ-

65 1826 196 1866 εγόμενος
211 1834 239 1852 τε
254 1827 307 1851 τῶν
323 1823 481 1851 ἐκκαιόντων
496 1823 539 1850 καὶ
568 1821 716 1856 ἡδυνόντων
741 1820 887 1859 βρωμάτων

64 1860 152 1898 τέξκαὶ
166 1869 304 1906 πομάτων,
330 1868 490 1907 περιήρχετο
515 1865 559 1905 ἀφ’
586 1866 696 1905 ἑσπέρας
723 1864 773 1896 ἕως
797 1864 887 1903 ὄρθρου

63 1916 150 1946 πάσας
179 1914 225 1945 τὰς
248 1911 390 1945 ἐκκλησίας
413 1917 458 1940 τοῦ
482 1911 595 1949 καστρου
618 1909 728 1949 πληρῶν
750 1909 780 1936 τὸ
809 1908 886 1936 Ψαλ-

62 1961 166 1999 τήριον,
191 1958 234 1986 καὶ
264 1955 322 1984 καθ’
351 1956 465 1988 ἑκάστην
491 1955 568 1994 Ούραν
593 1953 678 1981 αὒτῶν
698 1956 782 1980 ποιῶν
809 1962 887 1989 μετα-

63 1996 165 2043 νοίας(
193 2001 257 2032 ὅσας
303 1999 388 2036 ἐαυτῷ
432 1999 534 2030 ἐκεῖνος
576 1998 699 2029 τυπώσας
735 1996 886 2035 ἐγίνωσκεν.

63 2041 152 2079 Οὐδεὶς
166 2047 216 2086 γὰρ
244 2046 294 2078 τὴν
318 2045 345 2072 ἐν
370 2045 476 2083 κρυπτῲ
502 2043 624 2082 ἐργασίαν
648 2043 726 2069 αὐτοῦ
746 2041 885 2080 ἠπίστατο,

63 2095 144 2123 Οὗτος
163 2084 246 2119 τοίνυν
274 2088 395 2117 εἰσελθὼν
420 2089 456 2120 εἰς
480 2089 511 2115 τὸ
536 2085 676 2124 μοναδικὸν
702 2084 818 2121 στάδιον,
844 2086 888 2113 καὶ

64 2138 113 2165 ὑπὸ
141 2139 188 2164 τοῦ
222 2135 292 2163 ὁσίου
328 2134 429 2172 Πατρος
464 2133 540 2169 ἡμῶν
570 2130 663 2160 Νείλου
689 2133 738 2163 τῆς
767 2129 888 2169 ἐναρέτου

65 2181 198 2212 πολιτείας
232 2179 281 2212 τὴν
318 2176 450 2218 σφραγῖδα
485 2177 667 2214 ἐνσημανθεὶς,
697 2175 812 2213 τοσαύτῃ
839 2174 888 2213 ἐγ-

64 2226 172 2266 κρατείᾳ
198 2235 226 2252 τε
262 2223 306 2251 καὶ
340 2223 451 2256 ἀσκήσει
481 2221 572 2249 ἑαυτὸν
599 2218 790 2259 καθδπὲϐαλεν,
820 2218 887 2247 ὥστε

65 2263 192 2309 νεκρῶσαι
228 2270 304 2297 αὺτοῦ
338 2267 372 2295 τὰ
404 2265 474 2304 μέλη
509 2266 542 2293 τὰ
584 2265 626 2293 ἐπὶ
660 2267 708 2297 τῆς
745 2266 807 2302 γῆς,
844 2263 888 2290 καὶ

66 2307 206 2345 ἀσθενείαις
236 2318 344 2351 πικραῖς
379 2309 577 2351 προσπλαλαῖσαι
613 2308 694 2348 μέχρι
729 2308 773 2336 καὶ
808 2307 889 2340 αὐτῆς

65 2363 112 2394 τῆς
138 2358 257 2397 ἐσχάτης
286 2349 430 2388 ἆναπνοῆς.
464 2349 544 2382 Ἀλλὰ
569 2354 601 2381 τὰ
621 2354 669 2390 μὲν
693 2351 889 2397 ἐκείνου-ἱκανὰ

66 2403 125 2432 ὅντα
153 2395 217 2430 ἰδίαν
253 2399 406 2440 συγγραφὴν
443 2397 571 2439 ὠιρελείας
602 2398 702 2435 μεστὴν
740 2395 885 2435 ἐκτελέσαι,

67 2447 103 2485 τῷ
136 2447 170 2475 τὰ
205 2445 290 2475 πάντα
325 2442 491 2480 ἐπισταμένῳ
532 2443 575 2470 καὶ
610 2445 689 2470 πᾶσιν
724 2439 888 2468 ὰποδιδοῦντι

67 2494 132 2520 κατα
166 2492 212 2520 τὸν
247 2489 314 2517 ἴδιον
349 2488 431 2516 κόπον
468 2489 525 2524 Θεῲ
570 2487 743 2523 ἀναθήσωμεν
761 2493 768 2500 '
807 2486 888 2521 ἡμεῖς

68 2536 93 2564 δὲ
119 2537 162 2565 ἐπὶ
189 2536 238 2569 τὴν
265 2536 311 2562 τοῦ
339 2532 456 2572 μεγάλου
484 2532 584 2570 Πατρὸς
614 2530 736 2569 διήγησιν
765 2529 888 2566 ἀνακάμ-

69 2584 169 2619 ψῳμεν-

106 2618 165 2664 μαι.
197 2619 241 2653 Ἐν
267 2622 306 2660 ut»
333 2621 416 2662 καιρῷ
443 2621 534 2658 ἐκείνῳ
562 2623 672 2657 σεισμοῦ
698 2618 814 2659 μεγάλου
839 2629 888 2646 κα-

69 2662 234 2701 ταλαϐόντος·
253 2669 282 2696 τὸ
313 2663 444 2696 Ῥυσιάνον
473 2666 540 2704 μετὰ
575 2663 680 2693 πολλῶν
713 2662 886 2704 νυχθημέρων

69 2714 264 2755 ὀμϐροκλυσίαν,
290 2712 335 2741 καὶ
361 2715 408 2741 τοῦ
436 2710 566 2750 ἀνωτέρου
594 2709 689 2748 μέρους
718 2706 885 2737 ἐπαναστάν-

107 2812 135 2838 27
151 2811 252 2845 Matth.
269 2817 352 2848 χχιιι,
365 2809 396 2840 8.

929 1024 1065 1064 Evangeli
1073 1029 1227 1065 praecepta,
1234 1032 1263 1057 et
1271 1027 1354 1057 illurl:
1364 1027 1439 1058 iVos
1447 1033 1546 1059 autem
1556 1028 1646 1059 nolite
1653 1029 1752 1060 vocari

929 1068 1023 1099 Rabbi
1037 1069 1079 1110 27,
1093 1079 1148 1100 nec
1172 1070 1319 1101 vocemini
1342 1071 1494 1111 magistri:
1512 1081 1664 1113 nunquam
1679 1083 1749 1113 pas-

928 1123 979 1144 sus
994 1118 1038 1144 est
1066 1114 1164 1145 vocari
1188 1114 1290 1154 quovis
1314 1115 1446 1153 nomine,
1473 1116 1552 1156 quod
1578 1117 1749 1156 opinionem

927 1158 1027 1197 gloriae
1042 1167 1103 1199 pra;
1117 1168 1148 1189 se
1163 1158 1265 1199 ferret,
1282 1159 1334 1190 sed
1350 1159 1427 1190 infra
1452 1169 1556 1191 omnes
1582 1161 1750 1193 humillime

927 1202 964 1232 de
978 1211 1011 1233 se
1025 1203 1168 1240 sentiens,
1187 1213 1278 1234 unum
1294 1213 1326 1234 se
1341 1203 1378 1235 de
1392 1203 1522 1234 minimis
1538 1204 1678 1236 fratribus
1698 1206 1750 1236 ha-

927 1246 1025 1277 bebat.
1056 1246 1252 1287 Quapropter,
1281 1252 1436 1280 crescente
1466 1258 1591 1279 numero
1620 1249 1749 1281 filiorum

929 1291 1034 1326 eremi,
1047 1291 1275 1322 etnascentibus
1287 1292 1420 1332 quotidie
1441 1293 1613 1334 spiritaliter
1624 1303 1658 1324 ex
1669 1294 1748 1334 ipso,

928 1335 978 1375 qui
994 1335 1166 1375 evangelica
1181 1335 1311 1367 viverent
1326 1337 1440 1378 regula,
1457 1337 1573 1368 titulum
1591 1338 1751 1377 hegumeni

929 1382 990 1410 toto
1012 1379 1077 1411 vitae
1092 1389 1154 1410 sua:
1168 1384 1302 1420 tempore
1325 1381 1411 1412 alteri
1439 1381 1598 1419 tribuebat,
1622 1391 1749 1422 quorum

926 1433 1002 1454 unus
1013 1428 1041 1455 et
1051 1424 1163 1465 primus
1174 1425 1283 1456 exstitit
1295 1425 1482 1456 beatissimus
1496 1429 1526 1456 et
1540 1426 1748 1458 sanctissimus

927 1468 1050 1499 Proclus
1063 1469 1141 1508 (33),
1158 1469 1202 1500 vir
1229 1469 1453 1500 humanioribus
1479 1469 1588 1500 litteris
1610 1470 1750 1510 apprime

928 1512 1071 1550 eruditus,
1089 1517 1117 1543 et
1141 1512 1192 1553 qui
1217 1522 1302 1544 suum
1329 1523 1380 1544 cor
1403 1514 1516 1545 fecerat
1541 1523 1693 1545 sacrorum
1720 1517 1750 1546 et

929 1556 1118 1596 profanorum
1135 1557 1278 1588 librorum
1295 1567 1393 1588 arcam
1410 1562 1439 1589 et
1464 1562 1522 1588 tum
1551 1567 1667 1596 eorum,
1684 1568 1750 1598 quae

929 1610 1080 1641 nunquam
1096 1600 1254 1640 divulgata,
1279 1611 1366 1642 quam
1391 1611 1456 1642 quae
1479 1606 1580 1642 postea
1604 1602 1635 1632 in
1650 1602 1747 1634 lucem

899 1643 1008 1675 Cedita
1036 1649 1116 1676 sunt.
1136 1645 1302 1676 Narrabant
1332 1646 1558 1683 autem'illum,
1589 1650 1748 1686 antequam

930 1690 1091 1720 monachus
1107 1694 1205 1721 esset:
1227 1690 1257 1720 in
1273 1699 1308 1721 eo
1324 1700 1355 1721 se
1365 1691 1505 1731 juvenem
1522 1690 1702 1729 exercuisse,
1717 1694 1749 1722 ut

929 1734 1061 1774 quotidie
1084 1735 1120 1765 ad
1143 1744 1296 1775 vesperam
1319 1745 1413 1776 usque
1435 1735 1596 1776 jejunaret,
1615 1739 1644 1766 et
1658 1735 1688 1765 in
1704 1735 1747 1766 le-

928 1779 1027 1809 ctione
1043 1783 1121 1810 totus
1135 1783 1214 1810 esset
1229 1783 1257 1810 et
1272 1779 1437 1812 abstineret
1452 1779 1518 1810 cibo
1534 1783 1562 1810 et
1588 1783 1669 1819 potu,
1696 1781 1748 1821 qui

928 1823 1043 1854 ardoris
1057 1823 1272 1864 voluptatisque
1289 1823 1383 1854 fomes
1398 1827 1478 1854 esset
1490 1833 1500 1861 ;
1530 1827 1558 1854 at
1573 1832 1695 1863 vespera
1710 1824 1749 1855 ad

929 1867 1104 1898 matutinum
1135 1871 1250 1907 tempus
1277 1872 1400 1898 cunctas
1428 1872 1598 1908 peragraret
1622 1867 1748 1900 civitatis

929 1911 1072 1942 ecclesias
1087 1915 1179 1943 totum
1195 1912 1347 1943 recitando
1358 1912 1533 1942 Psalterium
1540 1916 1569 1942 et
1580 1911 1616 1942 ad
1625 1913 1747 1952 januam

929 1955 1072 1995 cujusque
1088 1956 1222 1986 ecclesia:
1233 1960 1274 1986 tot
1287 1956 1439 1997 profundis
1451 1956 1701 1987 incurvationibus
1716 1967 1749 1989 se

928 1998 1104 2038 inﬂecteret,
1117 2002 1195 2040 quod
1207 2000 1334 2040 ipsesibi
1344 2001 1536 2040 praestituisse
1550 2000 1748 2038 sciebatmam

929 2043 1045 2073 occulta
1057 2044 1122 2083 ejus
1133 2053 1224 2083 opera
1238 2044 1312 2075 nulli
1324 2044 1469 2084 patebant.
1482 2044 1536 2075 Hic
1552 2044 1748 2076 monasticum

928 2086 1080 2126 ingressus
1093 2087 1234 2128 stadium,
1251 2088 1405 2129 sigilloque
1417 2088 1542 2119 instituti
1557 2088 1593 2118 ad
1608 2088 1745 2120 virtutem

930 2129 1051 2161 ferentis
1077 2139 1093 2160 a
1122 2135 1226 2162 sancto
1255 2132 1342 2162 Patre
1364 2135 1466 2162 nostro
1491 2131 1556 2162 Nilo
1576 2131 1747 2172 insignitus,

929 2177 1010 2204 tanta
1024 2173 1218 2211 abstinentia,
1242 2178 1381 2215 tantaque
1404 2175 1470 2205 vitae
1495 2175 1654 2215 asperitate
1679 2184 1749 2206 usus

930 2221 983 2254 est,
1001 2221 1033 2247 ut
1048 2217 1182 2248 membra
1195 2227 1258 2256 sua,
1277 2222 1415 2258 quaesunt
1429 2228 1520 2258 super
1536 2222 1656 2257 terram,
1667 2228 1750 2249 mor-

897 2261 1094 2311 I)tificaveri-t,
1112 2266 1143 2311 et
1156 2262 1374 2311 molestissimis
1388 2262 1749 2311 _morbi_s_afﬂictusfuerit

930 2315 1025 2345 usque
1039 2305 1076 2336 ad
1092 2306 1228 2336 ultimum
1244 2306 1309 2337 vita:
1324 2306 1469 2346 spiritum.
1487 2306 1597 2338 Verum
1613 2310 1658 2337 est
1666 2307 1702 2337 ab
1714 2316 1749 2338 eo

929 2354 1036 2389 gestas,
1048 2359 1113 2390 qum
1133 2350 1255 2390 integrae
1270 2351 1400 2382 historias
1419 2350 1552 2382 utilitatis
1567 2351 1662 2391 plenae
1678 2361 1749 2391 pos-

929 2398 997 2426 sent
1036 2404 1101 2425 esse
1138 2395 1287 2432 materies,
1326 2395 1528 2434 relinquamus
1565 2395 1619 2434 illi,
1659 2405 1748 2436 quem

929 2439 1004 2469 nihil
1026 2438 1096 2469 latet
1121 2443 1151 2470 et
1174 2439 1224 2480 qui
1248 2449 1300 2480 pro
1324 2440 1427 2471 labore
1450 2449 1503 2470 suo
1526 2449 1674 2480 quemque
1697 2449 1749 2472 re-

930 2487 1076 2521 mnnerat,
1093 2488 1122 2515 et
1136 2483 1172 2514 ad
1188 2484 1286 2524 magni
1301 2483 1398 2516 Patris
1413 2483 1616 2515 narrationem
1638 2485 1749 2517 redea-

930 2537 1006 2560 mus.

968 2614 1018 2644 41.
1028 2613 1119 2645 Perid
1128 2613 1381 2654 tempusRossano
1394 2617 1460 2655 post
1473 2614 1752 2647 vehementissimae

928 2658 1089 2689 multorum
1103 2658 1220 2689 dierum
1228 2668 1262 2689 ac
1276 2659 1406 2690 noctium
1424 2658 1535 2690 imbres
1548 2668 1654 2699 magno
1664 2663 1753 2691 terrae

927 2707 1009 2735 motu
1021 2707 1157 2744 quassato
1169 2707 1198 2735 et
1208 2704 1356 2745 superiori
1371 2704 1436 2744 ejus
1450 2708 1544 2745 parte,
1556 2704 1611 2736 hac
1621 2708 1666 2736 est
1677 2704 1752 2736 redi-

744 2863 867 2897 Joannis
882 2863 944 2897 Clei
959 2864 1045 2895 notae.

109 2939 164 2980 (33)
177 2937 221 2971 De
235 2935 340 2971 Proclo
354 2937 397 2970 tot
409 2933 459 2970 hic
473 2932 609 2979 laudibus
623 2930 772 2979 cumulate
786 2931 860 2964 nihil
874 2930 946 2965 alibi
959 2932 1038 2977 lego.
