1954 3059
168 179 210 212 79
921 175 976 208 ΑΝ
979 176 1028 209 ON
1032 177 1103 209 YMI
1820 178 1867 210 80

169 245 226 277 bus
237 249 267 276 et
277 244 404 285 templis,
417 242 546 283 collapsa
556 242 586 274 in
598 241 832 278 inferiorem,ita
842 245 875 273 ut
885 241 989 272 domos
999 244 1010 274 ,Α

1105 243 1151 272 σὺν
1181 243 1267 276 οἴκοις
1294 245 1338 272 καὶ
1366 245 1524 284 εὖκτηρίοις,
1554 245 1598 273 καὶ
1626 244 1785 277 ἐπελθόντος
1812 255 1864 272 του

172 293 202 321 et
209 289 350 321 ecclesias
356 287 500 324 obruerit,
513 291 637 328 excepta
643 286 804 327 episcopali
817 286 942 317 ecclesia
956 286 992 316 ob

1088 288 1193 328 ωτέρου,
1229 287 1395 326 καλύψαντός
1428 299 1457 316 τε
1493 288 1583 320 οἴκους
1619 290 1662 317 καὶ
1699 289 1862 324 ἐκκλησίας,

172 333 368 365 reverentiam
383 336 492 363 sanctae
502 331 604 363 Irenes
620 332 694 371 134),
707 331 913 362 admirandum
931 335 994 361 erat

1113 333 1152 370 μὴ
1187 331 1346 365 αἰδεσθέντας
1381 334 1402 361 εί
1436 334 1474 371 μὴ
1511 333 1595 370 μόνην
1630 335 1680 367 τὴν
1716 333 1865 365 καθολικὴν

173 382 203 409 et
218 377 361 409 horribile
374 376 544 407 videntibus
559 376 774 416 spectaculum,
791 385 856 406 cum
883 379 993 406 mutata

175 427 255 452 esset
269 421 379 461 ubique
389 430 488 452 rerum
501 420 592 452 facies
601 425 630 451 et
639 420 696 451 alia
706 429 738 450 se
750 419 844 450 oculis
859 429 913 460 pro
928 419 993 450 aliis

173 466 327 497 oﬂ‘errent.
337 465 373 496 Et
383 465 464 506 quod
477 469 630 505 stuporem
647 464 792 502 movebat,
810 464 840 494 in
856 468 913 494 tam
930 465 998 494 hor-

173 510 268 541 rendo
285 509 396 540 diluvio
408 509 507 540 nullus
522 509 622 546 homo,
636 509 747 539 nullum
757 509 925 548 jumentum
942 517 996 548 pe-

177 553 271 585 rierat
298 554 371 585 Cum
388 554 451 584 haec
476 553 583 584 multos
611 556 766 584 narrantes
792 552 896 582 beatus
914 553 999 583 Pater

177 598 294 628 audiret
309 602 339 629 et
353 597 589 638 obstupesceret,
601 597 695 627 visum
704 597 746 627 illi
759 600 803 627 est
813 597 997 636 postmodum

176 642 294 682 ingredi
311 645 341 673 et
355 641 490 672 contueri
505 641 582 682 quod
600 641 762 680 contigerat
785 640 1000 680 Ingressusau-

178 690 239 717 tem
255 690 300 717 est
314 686 351 717 ad
366 686 446 717 hunc
462 686 593 716 modum.
606 686 771 725 Projectam
787 685 818 715 in
833 685 878 715 via
893 685 1000 725 pellem

177 731 331 770 vulpinam
346 731 470 770 invenit,
487 729 634 770 capitique
645 729 869 769 circumligavit,
881 729 1001 770 pallium

178 783 250 805 vero
266 774 372 805 baculo
387 774 533 814 injectum
559 774 681 813 gerebat
700 773 836 804 humero.
853 775 895 804 lta
910 778 1001 804 totum

178 818 350 859 pertransiit
364 819 507 859 oppidum
519 818 657 849 omnibus
671 818 848 857 incognitus.
862 817 1003 848 Videntes

1034 376 1206 417 Ἐκκλησίαν,
1235 378 1278 405 καὶ
1301 379 1332 405 τὸ
1355 376 1437 415 ὄνομα
1463 380 1512 410 τῆς
1539 378 1615 416 ἁγίας
1640 379 1765 417 Εἰρήνης,
1792 379 1861 407 θαυ-

1037 423 1135 460 μαστὸν
1150 422 1181 456 ἧν
1203 423 1247 450 καὶ
1271 421 1380 462 φοϐερὸν
1402 430 1461 454 τοῖς
1484 424 1563 462 ὁρῶσι
1589 424 1619 450 τὸ
1642 425 1761 462 γεγονὸς,
1790 423 1862 451 ἄλλα

1037 467 1062 500 ἐξ
1090 467 1178 495 ἄλλων
1202 467 1346 507 φαινόμενα
1374 469 1406 496 τὰ
1430 469 1528 504 πάντα,
1558 469 1601 496 καὶ
1625 468 1700 508 ἕτερα
1726 467 1781 496 ἀνθ’
1806 468 1867 496 ἑτέ-

1038 523 1100 552 ρων.
1131 512 1167 540 Τὸ
1193 510 1221 539 δὲ
1248 511 1405 552 παράδοξον,
1432 512 1471 540 ὅτι
1498 512 1524 540 ἐν
1550 523 1661 549 τοιουτῳ
1683 512 1865 550 κατακλυσμῷ

1038 554 1140 595 φοϐερῷ
1154 554 1259 592 οόδεμία
1283 556 1360 595 ψυχὴ
1384 556 1518 595 ἀνθρώπου
1542 556 1560 590 ἢ
1585 558 1696 591 κτήνους
1720 556 1859 587 ἀπώλετο,

1040 604 1126 628 Ταῦτα
1160 600 1245 628 τοίνυν
1278 599 1384 628 πολλῶν
1419 600 1599 639 ἐξηγουμένων
1635 601 1672 638 τῷ
1714 602 1861 640 μακαρίτῃ,

1039 645 1083 672 καὶ
1115 644 1157 672 ἐπὶ
1191 645 1292 675 τούτοις
1328 644 1541 682 ἐκπληττομένου
1575 644 1658 678 ἔδοξεν
1694 646 1765 682 αὖτῴ
1794 646 1865 683 μετὰ

1040 691 1122 716 ταῦτα
1150 687 1276 716 εἰσελθεῖν
1309 689 1352 716 καὶ
1384 691 1519 728 ἱστορῆσαι
1545 691 1577 718 τὰ
1605 690 1746 728 γεγονότα.
1777 685 1806 718 Ὀ
1837 689 1866 716 δὲ

1042 732 1138 772 τρόπος
1153 735 1202 765 τῆς
1232 731 1358 764 ἐλεύσεως
1382 735 1460 763 αὖτοῦ
1483 734 1516 767 ἦν
1541 733 1642 762 τοιόσδε
1664 744 1670 752 ·
1700 735 1787 774 Εὒρὼν
1813 735 1866 773 γὰρ

1042 778 1110 805 κατὰ
1123 777 1172 810 τὴν
1187 776 1246 805 ὁδὸν
1274 776 1355 816 δέρμα
1378 777 1518 810 ἀλώπεκος
1551 779 1695 818 ἐῤῥιμένον,
1719 780 1762 806 καὶ
1785 783 1866 808 τοῦτο

1043 825 1076 860 τῇ
1104 821 1206 862 κεφαλῇ
1236 821 1314 849 οιῦτοῦ
1348 821 1500 861 περιδήσας,
1531 823 1561 851 τὸ
1591 822 1617 851 δὲ
1641 822 1812 862 περιϐόλαιον
1836 823 1866 850 ἐν

179 867 280 894 autem
296 863 382 903 pueri
397 864 453 893 hoc
469 863 572 893 habitu
588 867 719 907 euntem,
745 861 944 907 sequebantur
956 862 1002 907 la.

1104 865 1189 903 ῥάϐδῳ
1217 867 1288 905 παρὰ
1315 867 1360 894 τὸν
1388 867 1460 903 ὦμον
1488 868 1632 907 κρεμάσας,
1665 861 1734 895 οὸτω
1758 866 1866 900 διῆλθεν

180 907 262 947 pillis
278 911 426 946 petentes,
443 907 638 947 dicentesque
653 916 660 937 :
677 905 758 936 Heus
772 905 900 944 Bulgare
914 905 1001 936 Calo-

180 960 251 991 gere
267 951 506 991 ;aliiFrancum,
519 951 570 982 alii
586 949 729 981 vocabant
743 950 932 981 Armenium.
950 950 1002 981 llle

179 1005 249 1026 vero
265 996 371 1027 tacitus
381 1005 447 1026 cum
460 995 561 1026 omnia
572 994 782 1036 perspexisset,
798 994 834 1025 ad
849 1003 1002 1034 vesperam

181 1040 307 1071 contulit
321 1049 353 1071 se
368 1040 398 1070 in
416 1040 557 1079 majorem
574 1039 744 1074 ecclesiam,
760 1038 908 1078 etabjecta
924 1038 1001 1078 pelle

181 1084 220 1115 de
234 1084 341 1124 capite,
358 1084 469 1124 vilique
485 1084 572 1124 pallio
598 1083 730 1114 humeris
753 1083 904 1122 imposito,
923 1082 1002 1113 subit

181 1136 289 1168 magno
304 1138 371 1159 cum
388 1128 554 1159 devotionis
576 1133 606 1160 et
630 1126 869 1167 cumpunctionis
883 1127 1000 1164 affectu,

182 1176 216 1203 ut
229 1173 368 1204 adoraret
383 1172 533 1212 Virginem
548 1171 628 1202 omni
644 1171 771 1212 puritate
785 1170 1000 1211 sublimiorem,

181 1217 266 1257 cujus
279 1217 330 1247 ille
344 1217 434 1247 ductu
460 1221 489 1247 et
515 1216 678 1257 patrocinio
702 1215 828 1245 vivebat.
845 1214 918 1246 Cum
933 1224 1003 1245 vero

181 1261 340 1302 praefectus
353 1260 496 1292 custodiae
512 1260 614 1301 templi
629 1260 753 1290 vidisset
767 1268 848 1299 eum,
864 1259 1004 1290 Caniscas

183 1305 316 1344 nomine,
335 1315 392 1345 quo
408 1305 434 1335 is
450 1304 522 1335 olim
550 1307 734 1344 praeceptore
758 1312 829 1333 usus
853 1303 960 1341 fuerat,
977 1308 1006 1334 et

182 1349 302 1389 quidam
346 1349 396 1379 alii
429 1348 610 1389 sacerdotes,
647 1352 676 1379 et
712 1356 851 1385 magnum
889 1348 1004 1378 Patrem

183 1393 384 1432 agnovissent,
402 1397 595 1424 accesserunt
617 1396 646 1423 et
666 1392 702 1423 ad
728 1392 818 1432 pedes
843 1391 908 1431 ejus
933 1401 1005 1432 pro-

182 1437 276 1468 voluti
303 1442 383 1475 sunt,
412 1437 593 1469 admirantes
620 1437 658 1468 de
698 1435 817 1467 insolito
855 1436 921 1475 ejus
950 1436 1006 1467 ad-

183 1485 284 1513 ventu.

225 1625 277 1656 42.
304 1623 358 1656 Ille
376 1632 446 1656 vero
471 1623 611 1655 salutaria
635 1623 752 1654 cunctis
776 1623 889 1654 monita
911 1622 1004 1660 dedit,

186 1677 351 1709 magnaque
361 1668 489 1700 utilitate
497 1668 647 1708 impertita
657 1667 781 1706 dimisit,
799 1668 966 1707 mansitque
976 1667 1007 1698 in

186 1713 313 1745 ecclesia
328 1723 394 1744 cum
410 1716 672 1753 suo.przeceptore,
692 1717 721 1743 et
736 1712 892 1743 consilium
908 1712 1005 1749 dabat,

185 1761 219 1788 ut
231 1757 409 1788 valediceret
423 1757 532 1788 saeculo
549 1761 577 1787 et
590 1757 714 1787 salutem
729 1757 835 1787 anima;
851 1760 1006 1796 quaereret.

186 1801 307 1834 Vixerat
321 1801 400 1832 enim
418 1802 443 1832 is
458 1802 488 1832 in
505 1805 646 1841 perpetuo
671 1800 818 1837 caelibatu,
846 1810 904 1831 non
920 1801 1006 1840 gulae,

186 1845 349 1883 antlventri,
363 1849 412 1876 aut
423 1845 554 1876 mollitia:
566 1845 695 1882 deditus,
705 1844 757 1875 sed
769 1844 897 1875 avaritiae
905 1845 1008 1875 morbo

187 1890 262 1920 adeo
279 1889 457 1929 implicatus,
475 1894 508 1920 nt
522 1889 673 1919 videretur
697 1897 805 1919 muscae
820 1888 927 1919 similis
940 1898 1008 1919 ara-

188 1943 313 1965 nearum
329 1934 396 1964 telis
410 1934 543 1964 irretitae.
561 1932 646 1964 Unde
661 1933 749 1963 etiam
757 1934 842 1963 Pater
857 1933 911 1964 hac
923 1937 968 1963 est
980 1933 1011 1963 in

189 1987 256 2008 eum
273 1987 344 2008 usus
360 1978 507 2018 parabola.
525 1977 582 2014 Qui
598 1977 721 2014 ventris,
747 1977 854 2017 inquit,
874 1977 1009 2008 necessi-

189 2026 249 2053 tate
265 2027 454 2062 premuntur;
470 2026 515 2053 est
527 2031 580 2052 cur
590 2031 622 2052 se
633 2021 808 2052 ministeriis
816 2025 845 2052 et
858 2021 1010 2052 laboribus

190 2070 349 2098 exerceant
362 2076 368 2097 :
388 2072 418 2098 tu
432 2076 502 2097 vero
515 2075 581 2098 cum
604 2066 659 2096 hac
674 2066 853 2096 necessitate
869 2065 944 2096 liber
957 2066 1009 2103 sis,

191 2111 262 2151 quid
279 2110 388 2141 frustra
404 2111 502 2148 sedes,
519 2114 550 2141 et
563 2110 676 2150 colligis
691 2110 755 2147 tibi,
774 2118 839 2149 quae
854 2111 884 2140 in
897 2114 1012 2141 stercus

189 2159 302 2186 abeunt
316 2160 345 2187 et
361 2165 463 2186 eorum
480 2155 605 2195 repleris
620 2154 1013 2194 graveolentia?Respondit

189 2198 241 2229 ille
255 2210 261 2228 :
279 2200 362 2230 Multi
376 2209 447 2231 sane
462 2193 574 2237 sumus,
590 2193 755 2230 reverende
777 2198 873 2236 Pater,
887 2193 1010 2239 quivitaa

1091 2209 1103 2230 ς
1133 2199 1239 2226 ἐκείνων
1267 2197 1390 2230 δυσωδίας
1420 2197 1653 2239 μεταλαμϐάνειςς

190 2247 249 2274 tute
263 2243 429 2276 institutum
445 2244 564 2276 beatum
579 2244 786 2284 praedicamus,
804 2248 834 2275 et
849 2253 927 2283 saepe
937 2253 1011 2274 con-

190 2287 290 2318 silium
302 2288 423 2320 iniimus
435 2289 562 2329 exeund;
574 2288 611 2318 ad
624 2287 761 2327 pietatem
777 2288 928 2328 tuam,sed
944 2288 1013 2328 quia

190 2341 250 2364 non
265 2333 322 2364 fert
336 2334 422 2365 nobis
433 2334 551 2365 animus
566 2332 717 2364 abstinere
732 2332 812 2370 vino,
828 2332 961 2363 deterriti
976 2332 1012 2363 ab

1043 910 1112 938 ἅπαν
1146 911 1176 937 τὸ
1200 910 1312 949 χάστρον
1339 909 1383 938 ὑπ’
1412 910 1515 942 οὐδενὸς
1544 913 1747 951 γνωριζόμενος.
1778 913 1807 939 Οἱ
1837 909 1865 938 δὲ

1043 953 1136 986 παῖδες
1163 953 1260 985 ἰδόντες
1286 955 1363 982 αὑτὸν
1390 953 1416 982 ἐν
1439 956 1549 992 τοιούτῳ
1574 956 1694 994 σχήματι
1719 954 1865 994 διερχόμε-

1043 1009 1099 1038 νον,
1114 997 1272 1031 ἠκολούθουν
1288 998 1358 1035 αὒτῷ
1379 998 1525 1033 λιθάζοντες
1550 1000 1626 1027 αὒτὺν
1649 1001 1693 1027 καὶ
1716 999 1837 1038 λέγοντες
1856 1008 1865 1017 ⁸

1044 1037 1076 1070 Ὠ
1092 1037 1095 1038 ν
1110 1043 1140 1070 σὺ
1182 1041 1315 1081 Βαύλγαρε
1350 1041 1483 1082 καλόγηρε
1500 1051 1507 1058 ⁸
1542 1044 1586 1071 καὶ
1620 1043 1703 1083 ἕτεροι
1743 1043 1866 1082 Φράγκον

1043 1086 1120 1114 αὐτὸν
1153 1086 1300 1114 ἀπεκάλουν
1344 1088 1388 1114 καὶ
1423 1086 1498 1115 ἄλλοι
1533 1086 1682 1126 Ἀρμένιον,
1720 1087 1801 1118 Αὒτὸς
1837 1086 1866 1114 δὲ

1043 1133 1163 1167 σιωπῶν,
1197 1129 1423 1169 περιϐλεψάμενος
1456 1132 1555 1169 πάντα,
1591 1132 1668 1169 ὀψίας
1702 1130 1753 1164 ἤδη
1783 1130 1865 1164 οὔσης

1044 1174 1190 1214 ἀπέρχεται
1214 1174 1241 1202 ἐν
1264 1178 1298 1213 τῇ
1327 1174 1436 1214 Μεγάλῃ
1461 1175 1617 1216 Ἐκκλησίᾳ,
1643 1176 1686 1203 καὶ
1711 1175 1788 1214 ῥίψας
1810 1175 1864 1202 ἀπὸ

1043 1221 1092 1251 τῆς
1121 1218 1239 1258 κεφαλῆς
1264 1219 1294 1247 τὸ
1323 1217 1415 1259 δέρμα,
1445 1220 1496 1250 θείς
1518 1230 1547 1247 τε
1571 1221 1601 1248 τὸ
1625 1219 1728 1250 εὐτελὲς
1752 1217 1864 1258 περιϐό-

1045 1261 1119 1290 λαιον
1147 1262 1190 1290 ἐπὶ
1223 1265 1276 1290 τῶν
1310 1262 1403 1300 ὤμων,
1441 1263 1589 1303 εἰσέρχεται
1617 1264 1684 1301 μετᾶ
1710 1263 1792 1292 πόθου
1819 1264 1863 1291 καὶ

1046 1306 1208 1339 κατανύξεως
1245 1310 1425 1346 προσκυνῆσαι
1459 1308 1508 1340 τὴν
1544 1308 1688 1347 ὑπέραγνον
1723 1307 1863 1343 Θεοτόκον⁷

1046 1351 1095 1384 τὴν
1111 1352 1188 1380 αὒτοὺ
1203 1350 1371 1390 παιδαγωγὸν
1386 1352 1430 1379 καὶ
1457 1352 1610 1391 προστὰτιν.
1637 1351 1708 1380 Ἰδὼν
1735 1351 1762 1379 δὲ
1788 1351 1866 1379 αυτὸν

1047 1396 1061 1423 ὁ
1094 1395 1296 1435 προσμονάριος,
1333 1396 1362 1426 ὂς
1397 1395 1502 1434 ἐλέγετο
1538 1399 1680 1432 Κανισκᾶς,
1710 1394 1865 1427 διδάσκαλος

1047 1441 1124 1468 αὐτοῦ
1139 1440 1306 1479 χρηματίσας
1321 1444 1398 1477 ποτε,
1426 1441 1469 1468 καὶ
1493 1438 1568 1468 ἄλλοι
1592 1443 1643 1468 τῶν
1669 1440 1758 1479 ἱερέων
1783 1441 1866 1476 τινὲς,

1046 1484 1090 1512 καὶ
1113 1484 1262 1523 ἐπιγνόντες
1287 1483 1326 1512 ὅτι
1350 1485 1364 1512 ὁ
1390 1484 1473 1523 μέγας
1498 1485 1588 1524 Πατήρ
1611 1484 1692 1525 ἐστιν⁷
1717 1483 1798 1518 ἦλθον
1823 1485 1868 1512 καὶ

1046 1528 1208 1568 προσέπεσον
1240 1534 1299 1560 τοϊς
1334 1529 1409 1556 ποσὶν
1443 1530 1532 1569 αὖτοῦ,
1565 1527 1723 1567 ξενιζόμενοι
1764 1529 1806 1557 ἐπὶ

1017 1571 1038 1602 C
1048 1571 1185 1612 παραδόξῳ
1199 1573 1326 1612 παρουσίᾳ
1340 1575 1429 1602 αὺτοῦ.

1088 1619 1145 1662 μβ’,
1174 1623 1257 1655 Λῦτὸς
1285 1622 1323 1663 δὲ,
1360 1627 1424 1652 πᾶσι
1452 1624 1485 1652 τὰ
1512 1624 1675 1664 συμφέροντα
1703 1623 1865 1663 προσειπὼν,

1048 1669 1092 1696 καὶ
1123 1667 1246 1707 μεγάλως
1274 1667 1406 1707 ὀρρελήσας
1434 1669 1478 1696 καὶ
1506 1668 1640 1700 ἀπολύσας
1666 1668 1769 1703 αὖτοὺς,
1796 1679 1865 1706 παρα

1049 1711 1150 1750 έμεινεν
1179 1711 1205 1740 ἐν
1228 1715 1262 1750 τῇ
1289 1712 1415 1747 ἐκκλησίᾳ
1436 1713 1502 1750 μετὰ
1525 1716 1570 1741 τοῦ
1595 1713 1673 1740 αυτοῦ
1698 1711 1864 1748 διδασκάλου,

1048 1754 1230 1793 συμϐουλεύων
1263 1755 1334 1792 αὗτῷ
1368 1755 1475 1784 ἐκϐῆναι
1509 1756 1562 1785 ἀπὸ
1597 1762 1642 1786 τοῦ
1675 1756 1787 1795 κόσμου,
1824 1756 1868 1784 καὶ

1049 1799 1174 1827 διασῶσαι
1212 1800 1261 1833 τὴν
1303 1801 1394 1840 ψυχὴν
1436 1801 1525 1831 αὐτοῦ.
1569 1795 1616 1829 Ἠν
1651 1801 1700 1840 γὰρ
1736 1799 1867 1838 μηδέποτε

1050 1845 1153 1882 γυναικὶ
1191 1843 1329 1881 συνδεθεὶς,
1372 1843 1439 1882 μηδὲ
1473 1846 1666 1884 γαστριμαργίᾳ
1710 1845 1727 1878 ἢ
1761 1843 1869 1882 βλακείᾳ

1049 1887 1321 1926 καταιδεδοιδλωμενος1
1356 1893 1390 1927 τῇ
1421 1887 1448 1916 δὲ
1479 1888 1633 1929 φιλαργυρίᾳ
1666 1894 1790 1918 τοσοῦτον
1815 1889 1869 1916 ὑπ-

1051 1935 1122 1972 ῆρχε
1150 1933 1395 1972 συμπεπλεγμένος.
1433 1932 1493 1961 ὅσον
1530 1934 1573 1961 καὶ
1609 1940 1675 1971 put;
1702 1937 1736 1971 τῇ
1766 1933 1869 1972 ἀράχνῃ

1051 1984 1238 2017 περιπαρεϊσα.
1259 1978 1308 2006 Διὰ
1330 1978 1374 2006 καὶ
1399 1979 1413 2006 ὁ
1436 1978 1528 2017 Πατὴρ
1553 1978 1602 2011 τὴν
1626 1976 1780 2017 παραϐολὴν
1805 1977 1871 2004 ταύ-

1051 2023 1179 2061 πρδς
1295 2022 1425 2061 εῖρτικενί
1452 2014 1505 2050 ὀτι
1531 2023 1554 2050 οξ
1698 2022 1869 2060 τῆςγαστρὸς

1053 2065 1259 2104 ἀναγκαζόμενοι
1300 2066 1387 2106 χρείᾳ,

1053 2115 1272 2149 προσκαρτεροῦσι
1293 2119 1301 2126 ⁸

1430 2065 1544 2105 εὐλόγως
1601 2072 1662 2097 ταῖς
1717 2066 1869 2104 ὑπηρεσίαις

1332 2111 1362 2137 σὺ
1388 2108 1415 2137 δὲ
1443 2111 1540 2142 ταύτης
1569 2109 1643 2141 ἐκτὸς
1671 2110 1823 2149 τυγχάνων,
1846 2109 1871 2136 τί

1053 2155 1097 2182 καὶ
1127 2154 1213 2192 μάτην
1248 2155 1432 2194 παρακάθησαι
1468 2161 1526 2186 τοῖς
1562 2154 1794 2194 ἐῖικοπρουμὲνοις,
1828 2154 1871 2181 καὶ

1647 2209 1654 2239 ς
1683 2198 1744 2226 Ἐπὶ
1770 2198 1870 2229 τούτοις

1053 2243 1182 2282 ἆποκρίθη
1218 2243 1319 2274 ἐκεῖνος
1337 2251 1344 2258 ⁶
1398 2247 1497 2280 Οντως¹
1543 2244 1612 2280 τίμιε
1648 2244 1743 2283 Πάτερ,
1780 2241 1871 2270 πολλοί

1053 2287 1132 2325 ἐσμεν
1159 2289 1182 2316 οἱ
1209 2287 1394 2327 μακαρίζοντες
1419 2298 1465 2315 σου
1486 2288 1535 2320 τὴν
1556 2287 1688 2315 πολιτείαν
1706 2297 1713 2303 ·
1738 2288 1783 2315 καὶ
1803 2285 1870 2314 πολ-

1053 2331 1130 2363 λάκις
1165 2330 1372 2369 ἐϐουλευσάμεθα
1405 2337 1452 2361 τοῦ
1487 2331 1599 2364 ἐξελθεῖν
1641 2332 1706 2370 πρὸς
1741 2331 1790 2364 τὴν
1823 2331 1871 2364 σὴν

883 2415 1005 2448 Joannis
1018 2415 1080 2448 Clei
1096 2419 1184 2446 notae.

234 2484 592 2525 (34)SicvertitSirletus:
608 2483 672 2515 «Eo
697 2487 831 2525 tempore
848 2491 914 2514 cum
930 2487 1016 2525 terrae

195 2523 292 2555 motus
319 2525 424 2564 ingens
447 2524 614 2555 Rossanum
640 2523 899 2564 apprehendisset,
916 2523 1015 2554 multis

194 2574 260 2595 cum
277 2563 424 2595 imbribus
439 2568 525 2596 nocte
540 2570 628 2604 atque
641 2563 690 2594 die
705 2563 923 2604 ingruentibus,
936 2573 1016 2604 cum:

192 2614 250 2645 que
285 2604 327 2643 hi,
345 2605 395 2645 qui
417 2603 603 2644 superiorem
637 2608 749 2643 partem
774 2603 956 2645 habitabant,
978 2603 1014 2634 ad

191 2644 335 2676 inferiora
355 2644 631 2684 transmigrassent,
656 2653 782 2684 cumque
801 2644 905 2674 domos
927 2647 1016 2684 atque

191 2685 336 2716 ecclesias
351 2685 501 2716 obruisset
523 2689 610 2716 terrm
632 2690 729 2715 motus
751 2684 812 2719 ille,
839 2693 937 2723 neque
960 2684 1018 2714 alia

192 2725 257 2756 loca
266 2725 412 2757 reveritus
424 2729 513 2763 esset,
528 2725 686 2755 nisisolam
698 2723 868 2762 ecclesiam,
881 2733 945 2763 quae
960 2725 1016 2753 Pa-

191 2765 236 2806 cis
249 2766 370 2806 nomine
387 2763 771 2806 appellatur,rradmirabile
780 2768 872 2806 atque
887 2765 1014 2806 horren-

192 2805 264 2846 dum
281 2803 853 2846 omnibus'speclantibusmiraculum,
877 2803 1017 2846 omnibus

191 2845 356 2887 immutatis
380 2843 469 2887 atque
483 2855 519 2877 ex
532 2845 599 2887 aliis
613 2845 679 2887 aliis
693 2844 816 2887 eti‘ectis.
829 2856 842 2873 ι
860 2843 1019 2887 Mittqqum

190 2885 241 2918 hic
257 2882 430 2919 haesitantia'
440 2889 510 2918 sunt
524 2890 554 2918 et
567 2885 720 2926 impedita.
742 2895 755 2915 ι
771 2883 913 2917 Sanctum
934 2882 1019 2916 Pacis

1058 2483 1210 2530 templum,
1229 2495 1256 2530 __»_
1287 2483 1496 2530 paritertlegit
1535 2483 1654 2530 B_arrius
1694 2484 1740 2530 _De_
1765 2483 1869 2530 Antig.

1057 2523 1202 2555 Calabria:
1227 2523 1296 2555 libri
1321 2533 1338 2554 v
1364 2523 1465 2561 initio,
1486 2524 1564 2564 quod
1588 2523 1778 2564 Caryophilus
1800 2524 1870 2554 red-

1057 2563 1131 2594 didit
1159 2569 1271 2596 srmclw
1294 2564 1409 2596 Irenes.
1439 2563 1582 2603 Ambigua
1604 2574 1657 2594 vox
1683 2563 1784 2595 Graeca
1805 2565 1871 2603 εἰρή-

1056 2616 1104 2637 νης
1133 2614 1196 2635 rem
1226 2605 1269 2635 sic
1297 2605 1416 2635 dubiam
1448 2605 1599 2644 relinquit,
1631 2611 1663 2634 ut
1700 2605 1799 2635 malim
1828 2609 1870 2634 ta-

1059 2654 1125 2685 men
1143 2654 1160 2675 a
1174 2645 1348 2685 Garyophilo
1363 2649 1442 2676 stare
1456 2650 1576 2684 propter
1589 2644 1760 2685 adjunclum
1786 2645 1870 2683 ἁγίας.

1059 2683 1175 2715 Sancta;
1201 2683 1289 2724 porro
1305 2685 1406 2716 Irenes
1422 2683 1559 2724 plurima
1574 2683 1661 2722 sunt;
1677 2683 1714 2715 de
1729 2684 1873 2724 aliquibus

1054 2724 1116 2765 jam
1133 2730 1230 2756 actum
1246 2725 1330 2756 estin
1341 2724 1437 2765 Opere
1450 2728 1558 2755 nostro.
1572 2724 1814 2755 Celebratissima
1833 2728 1874 2755 est

1057 2764 1110 2794 illo
1121 2765 1241 2795 nomine
1257 2769 1367 2805 martyr
1381 2764 1635 2805 Constantinopoli
1650 2764 1738 2803 culta,
1756 2766 1794 2796 de
1821 2774 1874 2805 qua

1059 2809 1155 2835 actum
1181 2806 1198 2836 5
1224 2804 1305 2845 Mali,
1331 2814 1388 2845 quo
1411 2804 1596 2845 diecolitur.
1623 2806 1670 2836 An
1694 2805 1730 2836 ab
1755 2805 1810 2836 hac
1830 2804 1874 2836 vel

1061 2853 1222 2890 synonyma
1233 2844 1488 2878 aliaRossanensis
1498 2845 1873 2886 ecclesiaappellatal‘uerit,

1059 2893 1174 2924 ignoro.
