1954 3059
147 72 185 106 83

900 74 953 107 AN
955 73 1080 108 ONYMI

1792 76 1833 110 84

186 140 239 173 44.
253 140 430 181 Hujusmodi
440 139 628 171 sermonibus
643 147 677 170 ac
692 138 812 170 monitis
835 138 971 172 docebat,

1053 136 1097 173 ιδ’.
1125 147 1232 174 Tentat:
1266 149 1326 175 τοῖς
1363 143 1453 182 λόγοις
1480 145 1524 172 καὶ
1553 144 1660 183 τρόποις
1688 143 1822 172 ἐδίδασκεν

148 193 201 216 eos
211 193 295 216 orare
306 185 408 224 quovis
420 184 485 215 loco
497 188 526 215 et
545 187 691 224 tempore,
705 187 791 224 atque
807 184 846 214 ita
861 184 968 216 daemo-

148 239 220 261 num
230 229 352 260 insidias
363 229 523 260 declinare.
537 232 566 259 et
576 238 645 259 vero
659 228 748 259 etiam
758 237 860 259 rerum
877 233 967 260 terre-

149 283 254 305 narum
269 274 375 304 at'fectu
403 283 453 304 eos
478 277 628 313 purgaret,
655 272 864 312 discerentque
879 273 914 303 ab
931 283 966 304 eo

148 318 254 358 velipsi
264 318 329 348 vitzn
339 317 536 348 obedientiam
548 325 730 357 praeponere,
739 316 817 347 aliud
825 317 965 356 quiddam

150 362 209 402 egit
223 362 366 392 memoria
381 361 515 401 dignum.
537 361 628 393 Moris
643 365 705 391 erat
719 360 803 391 beato
818 362 889 391 Viro
905 371 964 391 non

147 410 277 437 anatura
288 406 420 446 profecti,
434 405 486 436 sed
497 405 606 436 virtute
624 404 770 445 acquisiti,
788 414 854 435 sese
869 405 965 445 quali-

147 450 197 481 bet
211 450 242 481 in
256 459 289 481 re
303 450 526 490 reprehendere
539 459 545 481 :
560 459 650 490 quare
665 459 766 480 secum
783 449 847 490 ipse
862 450 964 480 solita-

146 495 199 526 ria
210 495 276 526 vitae
284 495 457 526 suavitatem
467 504 544 534 saepe
556 494 696 534 cogitans,
707 498 828 534 etquam
838 494 878 525 sit
887 495 967 525 omni

147 539 350 571 sollicitudine
360 549 483 570 vacuum
496 539 570 569 nihil
591 538 758 578 possidere,
773 548 890 578 quoque
904 539 967 578 spi-

146 584 276 614 ritalium
292 584 488 614 certaminum
514 583 605 623 pugil,
633 583 658 613 si
684 592 750 613 cum
767 583 908 613 fratribus
923 591 969 613 se-

147 628 227 665 deat,
243 628 340 659 nullos
354 628 441 659 faciat
455 628 485 658 in
502 627 610 658 virtute
626 636 822 667 progressus;
847 627 907 657 imo
923 627 968 658 vix

147 672 321 712 contingere
336 673 438 713 possit,
456 673 526 713 quin
541 672 644 703 evadat
659 671 810 702 deterior:
828 671 901 712 haec,
919 672 967 702 in—

148 726 247 757 quam,
265 717 365 748 omnia
376 726 475 747 secum
492 716 635 754 cogitans,
653 715 742 746 nimis
756 725 832 754 mgre
844 715 966 753 ferebat,

150 769 216 792 esse
232 760 290 791 sibi
316 761 424 791 multos
439 760 627 791 habitationis
649 760 755 794 socios.
783 764 811 790 et
836 760 882 790 vel
905 760 969 799 ipsa

1008 186 1085 218 αὒτὸς
1115 187 1141 214 ἔν
1169 187 1246 215 παντὶ
1273 191 1356 224 καιρῷ
1391 189 1435 216 καί
1462 188 1535 224 τόπῳ
1565 189 1754 228 προσεύχεσθαι
1782 188 1828 216 καὶ

1008 230 1076 258 οὕτω
1090 231 1136 264 τὰς
1162 231 1302 264 ἐπιϐουλὰς
1328 236 1380 260 τῶν
1404 232 1534 270 δαιμόνων
1558 232 1737 272 ἐκτρέπεσθαι,
1770 224 1830 260 "Iv:

1009 275 1032 291 vs:
1148 280 1159 285 -
1226 280 1239 285 .-
1325 279 1336 288 νι
1557 278 1562 287 ι
1642 280 1648 288 1
1685 279 1692 287 \

1007 284 1033 303 0-.
1059 277 1102 305 καὶ
1129 288 1178 310 της
1206 289 1259 305 των
1287 289 1391 316 γηινων
1419 280 1593 317 προσπαθειας
1622 289 1714 309 αυτους
1739 277 1830 305 ἀπαλ-

1006 319 1082 360 λάξῃ,
1119 323 1162 349 καὶ
1194 320 1321 359 παιδεύσῃ
1351 322 1443 354 αὖτοὺς
1473 326 1602 361 προτιμᾷν
1632 322 1680 355 τὴν
1710 321 1831 354 ὑπακοὴν

1006 366 1049 392 καὶ
1077 365 1158 399 αὗτῆς
1184 368 1233 412 Si;
1261 369 1343 406 ζωῆς,
1368 365 1432 394 ἄλλο
1453 367 1582 399 πεποίηκε
1604 367 1647 394 καὶ
1672 366 1734 394 αὒτὸ
1758 367 1831 403 μ.νῆ-

1007 420 1060 447 μης
1084 409 1163 442 ἄξιον.
1190 409 1262 442 Ἐθος
1291 410 1318 438 ἐν
1344 414 1383 447 τῷ
1411 411 1530 450 μακαρίῳ
1558 411 1582 443 ἐξ
1611 411 1706 450 ἀρετῆς
1733 410 1828 443 κτηθέν

1008 453 1054 481 οὒκ
1080 453 1111 481 ἐκ
1136 455 1249 494 ῳύσεως,
1277 455 1306 482 τὸ
1335 455 1361 482 ἐν
1389 456 1467 483 παντὶ
1490 455 1624 494 πράγματι
1649 455 1740 484 ἑαυτὸν
1767 453 1828 482 ἐπι-

1010 497 1166 537 μέμΫεσθαι.
1214 500 1277 527 Οθεν
1313 498 1441 530 πολλάκις
1477 498 1504 526 ὲν
1538 499 1623 536 ἑαυτῷ
1661 498 1830 537 λογιζόμενος

1008 542 1057 574 τὴν
1082 544 1130 575 τῆς
1154 543 1268 582 ἡσυχίας
1294 542 1456 581 γλυκύτητα,
1483 543 1526 570 καὶ
1553 544 1582 570 τὸ
1608 546 1657 576 τῆς
1682 542 1833 579 ἀκτημοσύ·

1009 597 1056 618 νης
1087 585 1242 625 ἀμέριμνον,
1269 588 1312 614 καὶ
1341 586 1380 614 ὅτι
1410 588 1423 614 ὁ
1450 587 1599 624 καθήμενος
1623 587 1690 625 μετᾶ
1713 586 1830 626 ἀδελφῶν

1009 630 1157 669 ἀγωνιστὴς
1195 632 1231 662 εἷς
1267 631 1362 670 ἀρετὴν
1397 633 1426 660 οὗ
1461 631 1618 671 προκόπτει,
1655 632 1698 669 βία
1726 630 1831 669 μέτοιγέ

1009 686 1049 703 τοι
1094 675 1138 717 καὶ
1180 676 1310 714 ὑστερήσῃ
1328 685 1336 692 ·
1384 679 1466 705 ταῦτα
1511 677 1597 704 πάντα
1644 676 1830 713 ἐνθδμούμενος

1010 718 1175 759 ἐδυσχέραινε
1203 719 1300 759 σφόδρα
1326 723 1360 758 τῇ
1388 723 1438 748 τῶν
1466 719 1571 748 πολλῶν
1600 721 1760 759 συνοικήσει,
1788 719 1832 747 καὶ

1009 763 1107 802 ἤχθετο
1124 763 1204 803 μέχρι
1230 765 1273 791 καὶ
1295 766 1344 797 τῆς
1375 764 1460 792 et"):th
1489 765 1642 804 συντυχίας,
1668 766 1704 796 ὡς
1720 762 1831 801 ἐμποδι-

151 813 218 835 cum
235 804 278 836 eis
304 804 461 835 collocutio
488 804 613 835 molesta
636 807 707 841 erat,
735 803 812 843 quod
837 797 967 844 impedi-

1053 818 1105 840 σης
1131 808 1207 836 αὐτὸν
1236 810 1284 841 τῆς
1314 808 1381 836 κατὰ
1410 811 1469 836 νοῦν
1498 810 1618 847 θεωρίας,
1634 810 1678 836 καὶ
1693 811 1740 841 τῆς
1757 806 1831 835 ἔνδο-

149 852 248 879 mento
265 853 343 879 esset
357 848 543 880 meditationi
569 847 690 884 mentis,
715 853 743 878 et
757 847 836 877 intus
851 847 968 878 latentis

1066 854 1184 890 κρυπτῆς
1209 851 1330 890 ἐργασίας
1346 860 1354 866 ·
1378 853 1411 884 ἧς
1437 852 1511 889 μόνοι
1537 853 1705 891 πεπείρανται
1735 849 1832 890 οἱπερὶ

149 893 285 931 actionis,
303 903 390 934 quam
405 893 517 933 experti
530 892 586 923 :soli
603 896 671 922 sunt
694 891 756 922 Deo
773 891 852 932 pleni
869 891 970 923 Patres

1053 895 1162 933 ιτώνιον,
1190 897 1234 924 καὶ
1262 895 1406 935 Ἀρσὲνιον,
1434 897 1477 924 καὶ
1503 895 1628 930 Ἰωάννην
1650 897 1694 924 τὸν
1722 894 1831 925 Καλυὸί-

149 937 306 973 Anlonius,
324 938 469 969 Arsenius
484 940 513 968 et
526 936 656 967 Joannes
667 935 813 975 Calybita.
824 935 847 966 E
857 940 971 966 contra-

1053 951 1072 978 ι,
1087 940 1147 970 τοὺς
1162 939 1300 979 θεοφόρους
1328 939 1456 979 Πατέρας.
1480 941 1586 972 Τούτοις
1607 947 1665 972 τοῖς
1689 940 1831 978 λογισμοῖς

148 981 194 1012 rio
209 991 242 1012 se
256 981 398 1013 offerebat
415 982 526 1012 dictum
550 981 623 1011 illud
649 980 780 1020 Apostoli
797 989 804 1011 :
832 992 846 1008 α
863 979 968 1018 Nemo,

150 1026 229 1066 quod
244 1035 329 1056 suum
345 1030 400 1064 est,
427 1029 548 1066 quaerat,
576 1024 629 1056 sed
655 1024 732 1064 quod
750 1024 921 1061 multorum,
939 1029 971 1054 ut

150 1070 220 1101 salvi
230 1070 345 1101 ﬁantl’ﬁ.
362 1082 376 1098 »
385 1070 486 1100 Visum
493 1079 562 1108 ergo
573 1068 678 1109 estipsi
687 1068 850 1108 periculum
867 1078 967 1099 eorum

147 1113 297 1154 facere,;si
312 1114 383 1154 quid
399 1114 442 1145 eis
456 1113 577 1144 absurdi
593 1113 785 1153 praeciperet:
803 1116 833 1142 ut
847 1112 872 1142 si
888 1113 967 1143 nullo

148 1158 282 1190 adhibito
293 1159 438 1195 examine,
452 1158 533 1189 nulla
544 1157 714 1188 curiositate
728 1157 898 1187 mandatum
915 1166 967 1187 ac-

149 1203 293 1243 ciperent,
311 1206 388 1234 esset
402 1202 459 1233 sibi
475 1211 542 1233 cum
558 1202 595 1232 iis
619 1211 677 1231 una
702 1201 873 1238 vivendum,
889 1201 968 1241 quod

150 1256 185 1278 ea
195 1247 309 1278 ratione
318 1253 439 1287 possent
451 1251 480 1277 et
490 1246 533 1276 illi
547 1245 689 1285 consequi
702 1245 839 1285 salutem,
861 1249 890 1275 et
905 1245 969 1285 ipse

150 1300 167 1322 a
181 1300 234 1322 suo
248 1291 380 1321 instituto
394 1300 454 1321 non
469 1290 611 1321 recedere
625 1300 634 1320 :
664 1289 688 1319 si
704 1298 773 1319 vero
789 1293 891 1319 contra
906 1298 971 1319 eve-

151 1335 239 1372 niret,
256 1335 440 1375 praeferenda
466 1337 545 1365 esset
568 1332 707 1363 solitudo.
733 1331 816 1363 Hanc
829 1333 919 1371 igitur
933 1333 970 1363 ob

153 1387 271 1410 causam
285 1378 333 1409 die
348 1378 473 1418 quadam
503 1381 620 1418 peracto
650 1376 792 1407 matutino
821 1377 918 1407 ofﬁcio
946 1381 975 1407 et

1012 983 1181 1022 ἀντεισήγετο
1196 985 1226 1011 τὸ
1254 987 1299 1012 τοῦ
1325 983 1487 1013 Ἀποστόλοι)
1504 994 1511 1000 ·
1545 996 1557 1011 ι
1585 983 1680 1018 Μηδεὶς
1697 985 1726 1012 τὸ
1741 985 1834 1022 ἑαυτοῦ

1011 1027 1131 1065 ζητείτω,
1149 1027 1216 1056 ἀλλὰ
1230 1029 1260 1056 τὺ
1275 1031 1327 1057 τῶν
1341 1027 1460 1064 πολλῶν,
1475 1027 1522 1056 ἵνα
1548 1030 1676 1060 σωθῶσιν,
1704 1039 1718 1055 »
1744 1019 1832 1060 νΕδοξε

1012 1072 1096 1099 τοίνυν
1127 1072 1197 1109 αὖτῴ
1239 1073 1360 1111 πειράσαι
1408 1073 1499 1104 αὖτοὺς
1534 1071 1561 1100 ἕν
1595 1084 1645 1100 τινι
1681 1071 1832 1111 παραλόγου

1014 1115 1144 1154 ἐπιταγῆς
1178 1115 1337 1155 πράγματι·
1381 1118 1424 1145 καὶ
1461 1117 1482 1144 εἰ
1517 1116 1565 1154 μὲν
1601 1115 1755 1156 ἆδιακρίτως
1788 1117 1833 1144 καὶ

1013 1158 1256 1198 ἀπολυπραγμόνως

1299 1161 1554 1199 συγκαταθήσονται,
1600 1160 1740 1198 ὰρήσεσθαι
1784 1160 1832 1194 τήν

1011 1205 1174 1240 συνοίκησιν,
1200 1205 1236 1235 ὡς
1262 1205 1304 1232 καὶ
1331 1205 1415 1234 αὒτῶν
1441 1204 1510 1232 οὕτω
1531 1203 1678 1241 δυναμένων
1703 1205 1830 1244 σωθῆναι,
1878 1214 1883 1219 “

1013 1247 1135 1275 κάκεῖνον
1150 1248 1199 1281 τὴν
1213 1247 1276 1276 ἰδίαν
1307 1248 1378 1281 τάξιν
1405 1248 1538 1288 φυλάξαι·
1569 1249 1590 1276 εἱ
1613 1247 1645 1276 δά
1669 1260 1694 1276 τι
1722 1248 1831 1287 γένηται

1014 1292 1174 1329 τοῦναντιον,
1190 1293 1239 1326 τὴν
1262 1293 1432 1333 ἀναχώρησιν
1457 1295 1631 1332 προτιμῆσαι.
1657 1293 1706 1320 Διὰ
1734 1293 1830 1325 ταύτην

1014 1336 1058 1363 οὖν
1087 1336 1136 1369 τὴν
1161 1337 1244 1364 αἷτίαν
1272 1340 1320 1375 τῇς
1354 1338 1461 1370 ἑωθινης
1489 1336 1617 1375 ὑμνῳδίας
1643 1337 1669 1364 ὲν
1691 1340 1738 1374 μιᾷ
1758 1335 1832 1364 τελε-

1015 1380 1130 1420 σθείσης,
1159 1381 1202 1408 καὶ
1237 1381 1342 1409 πάντων
1369 1381 1606 1421 συνηθροισμένων,
1641 1380 1711 1419 λέγει
1740 1382 1830 1411 arb-.01;

153 1423 348 1465 praesentibus
364 1423 513 1461 omnibus,
530 1423 612 1453 hunc
636 1431 759 1461 magnus
773 1423 860 1452 Pater
873 1422 971 1453 habuit

1054 1423 1137 1463 μέγας
1155 1431 1161 1439 '
1193 1424 1311 1456 Πολλοὺς
1339 1425 1498 1463 ἀμπελῶνας
1519 1425 1726 1464 πεφυτεύκαμεν,
1743 1425 1765 1451 ὦ
1781 1427 1834 1452 Πα-

153 1477 322 1499 sermonem
337 1479 343 1496 :
361 1467 478 1506 Vincta,
509 1468 621 1507 Patres,
647 1467 740 1497 multa
765 1466 971 1507 plantavimus,

152 1512 244 1553 idque
259 1511 345 1542 nobis
359 1512 487 1542 avaritiae
503 1511 652 1548 tribuitur,
680 1520 715 1542 eo
731 1511 809 1551 quod
825 1511 883 1541 sint
898 1511 973 1542 ultra

154 1556 275 1587 modum
290 1560 400 1587 nostrae
420 1555 604 1595 indigentiae.
629 1555 799 1595 Agitedum,
827 1555 972 1586 caedamus

153 1604 269 1642 partem
282 1609 396 1642 eorum,
424 1609 481 1632 nec
505 1599 720 1641 relinquamus,
744 1599 802 1630 nisi
817 1599 895 1640 quod
911 1600 971 1630 suf-

154 1645 227 1676 ﬁcit.

192 1690 244 1721 45.
260 1689 313 1721 His
328 1689 427 1727 dictis,
444 1698 511 1720 cum
537 1687 660 1720 vidisset
673 1688 740 1719 illos
755 1697 813 1720 non
829 1688 970 1726 abnuere,

153 1733 282 1765 securim
297 1733 432 1765 humeris
449 1733 559 1765 tollens
574 1733 704 1773 perrexit
717 1733 754 1763 ad
771 1733 972 1773 pulchriorem

153 1782 182 1810 et
220 1778 389 1809 uberiorem
405 1778 499 1809 vineae
522 1782 645 1818 partem,
675 1777 790 1808 cunctis
818 1781 884 1817 post
904 1786 971 1807 eum

151 1823 387 1863 insequentibus,
404 1831 442 1854 ne
457 1821 547 1853 verbo
562 1821 681 1862 quidem
698 1831 757 1852 uno
771 1822 896 1862 prolato.
912 1821 973 1853 Nec

153 1867 232 1898 enim
248 1866 402 1898 dixerunt:
430 1866 542 1898 Insanit
565 1866 653 1896 homo
676 1865 743 1903 iste,
769 1866 874 1906 nescit,
901 1866 971 1906 quid

152 1916 228 1952 agat,
244 1912 301 1942 hoc
311 1920 461 1952 nunquam
475 1911 582 1948 visum,
598 1920 749 1951 nunquam
762 1910 892 1941 auditum
902 1915 947 1942 est
962 1921 968 1942 :

152 1955 205 1986 sed
222 1955 297 1986 facta
311 1955 393 1995 prius
417 1954 550 1986 oratione
575 1958 731 1994 coeperunt
756 1963 842 1985 mane
858 1953 972 1985 caedere

153 2008 247 2040 usque
258 1999 294 2030 ad
308 1999 411 2030 horam
424 1999 553 2030 tertiam.
563 1998 646 2029 Tunc
661 1997 759 2036 Pater,
780 1998 878 2038 agnita
893 1998 971 2029 ﬁlio—

154 2053 221 2074 rum
235 2042 414 2083 obedientia,
425 2052 490 2084 quae
502 2043 637 2083 antiquas
645 2042 782 2073 historias
794 2047 969 2083 exaequaret,

151 2088 300 2130 pollicitus
315 2092 359 2119 est
373 2087 434 2119 Deo
450 2096 482 2118 se
503 2097 596 2128 usque
622 2087 657 2118 ad
683 2087 821 2118 ultimum
835 2088 970 2128 spiritum

151 2133 226 2164 nihil
251 2133 310 2164 illis
326 2132 563 2174 praepositurum.
581 2131 653 2164 Cum
679 2131 768 2171 igitur
792 2132 972 2171 divulgatum

150 2178 208 2209 hoc
233 2182 323 2216 esset,
351 2181 380 2208 et
400 2186 494 2217 usque
515 2176 552 2208 ad
578 2180 709 2207 montem
731 2176 829 2207 Athon
856 2176 918 2216 (35)
946 2180 975 2207 et

152 2221 283 2253 Siciliam
298 2221 374 2253 fama
390 2221 571 2253 celebratum
589 2225 677 2256 esset,
696 2230 783 2252 nemo
796 2220 841 2252 rei
856 2229 973 2251 causam

150 2268 268 2307 assequi
293 2266 409 2306 potuit:
436 2267 489 2298 sed
515 2266 635 2307 quidam
666 2265 784 2296 aiebant
813 2265 974 2296 monachos

151 2310 251 2342 ebrios
265 2311 376 2343 tuisse:
407 2311 457 2342 alii
472 2310 568 2342 Patris
592 2310 668 2341 iram
683 2313 881 2341 causabantur
899 2320 906 2342 :
923 2309 974 2340 alii

148 2364 231 2396 vero,
263 2355 341 2397 quod
369 2355 477 2387 multas
499 2355 644 2387 haberent
671 2354 887 2395 possessiones,
917 2363 973 2385 nec

187 2439 217 2466 39
230 2440 244 2472 Ι
258 2440 328 2472 Cor.
343 2448 374 2479 Χ,
389 2440 439 2474 24.

1014 1467 1097 1508 τέρες,
1115 1469 1158 1496 καὶ
1181 1474 1257 1498 τοῦτο
1287 1469 1416 1509 λογίζεται
1445 1470 1512 1507 ἡμῖν
1541 1470 1577 1500 ὡς
1605 1468 1750 1504 πλεονεξία,
1767 1468 1832 1496 διότι

1014 1511 1094 1541 πλέον
1127 1515 1176 1546 τῆς
1212 1515 1302 1553 χρείας
1336 1516 1413 1551 ἡμῶν
1448 1513 1628 1551 ἐκτησάμεθα,
1668 1516 1745 1540 Δεῦτε
1780 1512 1830 1540 κό-

1013 1558 1106 1594 ψωμεν
1128 1557 1153 1590 ἐξ
1175 1557 1271 1596 αὗτῶν,
1298 1559 1342 1587 καὶ
1365 1559 1404 1597 μὴ
1433 1559 1551 1596 ἐάσωμεν
1580 1558 1601 1586 εἰ
1627 1557 1664 1595 μὴ
1693 1557 1772 1595 μόνον
1800 1557 1831 1585 τὸ

1014 1600 1150 1641 αὔταρκες,

1053 1684 1107 1727 με’.
1138 1693 1224 1719 Ταῦτα
1251 1691 1342 1728 εἰπὼν,
1371 1692 1414 1719 καὶ
1441 1690 1500 1719 ἰδὼν
1529 1691 1570 1720 ὅτι
1590 1691 1830 1730 συγκατατίθενται,

1013 1733 1077 1774 ἄρας
1104 1735 1150 1762 τὸν
1177 1734 1287 1763 πέλεκυν
1315 1735 1357 1763 ἐπὶ
1392 1738 1444 1763 τῶν
1483 1736 1562 1773 ὤμων
1592 1737 1679 1772 αὐτοῦ,
1709 1735 1831 1774 ὥρμησεν

1014 1778 1055 1806 ἐπὶ
1080 1779 1110 1807 τὸ
1135 1778 1241 1808 κάλλιον
1267 1780 1311 1807 καὶ
1336 1779 1510 1819 εὒιρορώτερον
1536 1780 1614 1819 μέρος
1638 1782 1684 1807 τοῦ
1709 1779 1833 1816 ἀμπελῶσ

1012 1833 1056 1855 νος
1073 1831 1080 1837 “
1115 1823 1212 1860 ὁμοίως
1248 1823 1280 1857 δὴ
1316 1825 1359 1852 καὶ
1397 1824 1468 1852 αὖτοὶ
1505 1824 1618 1855 ἅπαντες
1645 1823 1826 1856 ἠλολούθησαν

1012 1867 1096 1895 ὀπίσω
1109 1868 1197 1907 αὒτοϋ,
1218 1869 1244 1897 ἓν
1272 1868 1344 1907 ῥῆμα
1371 1869 1414 1896 καὶ
1443 1868 1522 1906 μόνον
1548 1869 1586 1906 μὴ
1613 1866 1736 1906 ῥήξαντες
1753 1877 1760 1883 ·
1790 1867 1834 1895 καὶ

1029 1913 1036 1923 1
1087 1911 1100 1922 Ψ
1181 1911 1209 1928 γι*
1236 1908 1243 1918 (
1283 1912 1295 1921 ν
1431 1912 1438 1921 υ
1472 1913 1478 1922 Ι
1564 1914 1570 1924 Ὺ
1650 1911 1661 1920 ‘
1716 1913 1721 1923 7

1011 1922 1059 1941 ουκ
1073 1922 1162 1947 ειπον,
1180 1922 1219 1940 οιι
1245 1917 1264 1941 0
1280 1914 1414 1951 ανθρωπος
1430 1923 1526 1949 εμανη,
1547 1923 1592 1941 ουκ
1617 1912 1673 1940 otes
1697 1923 1721 1939 τι
1735 1918 1808 1940 ποιεῖ
1825 1921 1833 1930 α

1013 1959 1088 1984 τοῦτο
1116 1956 1180 1984 ποτὲ
1204 1956 1262 1985 οὔτε
1290 1956 1372 1996 ἐφάνη
1402 1956 1460 1984 οὔτε
1487 1957 1602 1990 ἠκούσθη
1621 1964 1627 1971 ·
1656 1955 1723 1983 ἀλλὰ
1750 1956 1833 1995 εὖχῆς

1013 2000 1157 2039 γενομένης
1186 1999 1296 2040 ἤρξαντο
1323 2000 1429 2028 κόπτειν
1465 2001 1518 2028 ἀπὸ
1552 2002 1624 2039 πρωὶ
1660 1999 1709 2031 ἕως
1745 2000 1834 2039 τρίτης

1014 2045 1096 2084 ὢρας.
1125 2044 1189 2073 Τότε
1217 2045 1294 2083 γνοὺς
1321 2046 1335 2072 ὁ
1369 2045 1460 2084 Πατὴρ
1495 2045 1543 2078 τὴν
1578 2048 1630 2072 τῶν
1657 2043 1755 2072 τέκνων
1781 2045 1833 2071 ὑπ-

1016 2089 1097 2122 ακοὴν
1135 2087 1327 2126 ἁμιλληθεϊσαν
1362 2095 1420 2120 τοῖς
1448 2088 1529 2116 πάλαί
1555 2087 1758 2127 ἱστορουμένοις,
1788 2087 1833 2115 δε-

1015 2131 1082 2161 δωκε
1109 2136 1147 2169 τῷ
1174 2136 1231 2170 Θεῷ
1256 2131 1339 2165 δεξιὰς
1368 2132 1449 2171 μηδὲν
1479 2135 1563 2162 αὒτῶν
1591 2135 1754 2172 προτιμῆσαι
1782 2131 1833 2169 μὲ-

1015 2188 1076 2216 χρις
1091 2177 1209 2216 ἐσχάτης
1234 2177 1379 2210 ἀναπνοῆς.
1410 2177 1508 2206 Τούτου
1538 2177 1582 2204 οὗν
1610 2180 1654 2205 τοῦ
1669 2176 1744 2215 ἔργου
1759 2186 1835 2215 περι-

1015 2222 1104 2261 φῆμου
1126 2221 1264 2260 γεγονότος
1289 2223 1332 2249 καὶ
1358 2221 1407 2253 ἕως
1436 2222 1513 2249 αὒτοῦ
1541 2225 1586 2249 τοῦ
1602 2221 1675 2260 ἁγίου
1690 2219 1775 2260 ὅρους,
1792 2221 1836 2248 καὶ

1015 2265 1065 2296 ἕως
1095 2270 1143 2301 τῆς
1167 2264 1301 2304 Σικελίας,
1327 2265 1407 2297 mea;
1435 2264 1544 2300 ἐδυνήθη
1572 2263 1762 2293 καταλαϐέσθαι
1790 2269 1836 2293 τοῦ

1015 2309 1169 2348 πράγματος
1198 2310 1247 2343 τὴν
1275 2309 1396 2338 ὑπόθεσιν
1411 2316 1418 2324 '
1459 2309 1518 2337 ἀλλ’
1555 2308 1628 2337 ἄλλοι
1656 2309 1704 2346 μὲν
1732 2307 1834 2348 ἔλεγον,

1014 2353 1054 2381 ὅτι
1069 2355 1093 2382 οἱ
1113 2355 1227 2395 μοναχοὶ
1250 2353 1426 2391 ἐμεθύσθησαν
1443 2363 1450 2370 ·
1474 2352 1549 2382 ἄλλοι
1574 2352 1613 2390 δὲ,
1641 2351 1680 2380 ὅτι
1706 2353 1719 2380 ὁ
1745 2353 1835 2393 Πατὴρ

844 2491 967 2524 Joannis
983 2491 1045 2524 Clei
1058 2494 1147 2523 notae.

190 2564 250 2604 (35)
261 2563 355 2596 Athos
370 2573 455 2595 mons
466 2568 511 2596 est
520 2564 711 2603 Macedoniae,
726 2565 757 2596 in
763 2573 845 2595 mare
851 2564 973 2604 lEgeum

145 2606 241 2637 instar
256 2605 422 2645 peninsulae
435 2614 597 2636 excurrens
614 2606 693 2636 inter
709 2605 793 2637 sinus
808 2604 974 2645 Strymoni-

145 2656 212 2678 cum
239 2644 269 2676 et
293 2644 481 2684 Singiticum.
509 2645 644 2677 Plurima
667 2646 705 2677 de
730 2645 888 2676 altitudine
909 2645 974 2685 ejus

145 2687 279 2718 scribunt
291 2685 404 2717 Plinius
420 2690 449 2717 et
466 2685 516 2717 alii
531 2695 538 2717 :
556 2686 592 2717 ab
608 2685 689 2717 Italis
703 2686 728 2717 il
749 2689 851 2716 monts
873 2689 970 2723 sunto,

143 2728 218 2766 ἅγιον
230 2727 293 2767 γὸρος
309 2735 326 2757 a
340 2727 453 2759 Graecis
467 2730 497 2757 et
521 2727 669 2759 Monaslir
684 2735 701 2756 a
717 2725 823 2767 Turcis
838 2726 972 2766 appella-

145 2765 202 2798 tur.
213 2765 372 2798 Ndminum
384 2767 504 2798 illorum
515 2766 596 2807 origo
605 2770 669 2798 esta
676 2765 864 2807 multitudine
871 2765 974 2807 mona-

145 2807 303 2839 steriorum
319 2816 384 2848 quae
408 2811 540 2840 montem
564 2805 729 2848 occupant,
742 2805 856 2847 ubique
867 2805 907 2838 24
919 2814 972 2837 ca-

1017 2563 1198 2603 logcrorum,
1225 2572 1277 2594 seu
1303 2563 1517 2595 monachorum
1547 2561 1714 2594 Graecorum
1743 2561 1834 2593 solius

1017 2603 1140 2635 Ordinis
1153 2603 1183 2635 S.
1199 2604 1312 2642 Basilii,
1331 2603 1463 2635 msnachi
1486 2612 1555 2633 vero
1579 2603 1615 2632 ad
1633 2603 1712 2634 6000
1727 2611 1833 2632 nume-

1015 2648 1128 2679 rantur,
1148 2653 1183 2674 ex
1199 2644 1305 2684 quibus
1328 2643 1459 2684 episcopi
1480 2651 1583 2684 omnes
1598 2642 1652 2672 sub
1668 2642 1834 2684 patriarcha

1016 2682 1405 2724 Constantinopolitano—ad
1431 2682 1575 2714 ecclesias
1603 2683 1749 2724 regendas
1777 2682 1832 2712 de-

1014 2731 1186 2756 sumuntur.
1204 2726 1247 2756 De
1271 2726 1327 2756 hoc
1349 2725 1438 2764 igitur
1462 2728 1571 2760 monte,
1598 2723 1649 2753 ubi
1666 2723 1834 2764 inouasticze

1012 2765 1079 2796 vitae
1105 2768 1146 2796 tot
1168 2765 1298 2797 cultores
1325 2762 1509 2804 habitabant,
1538 2772 1637 2795 sermo
1666 2762 1828 2803 biographo

1014 2809 1070 2838 est.
