1954 3059
111 65 163 97 85

724 64 818 98 VITA
839 64 869 97 S.
891 65 975 97 NILI
994 65 1180 97 JUNIORIS.

1774 67 1813 100 86

110 131 266 171 ἐθυμώθη,
292 132 336 160 καὶ
363 131 405 160 διὰ
431 135 507 162 τοῦτο
535 131 643 166 ἐποίησε
666 134 742 161 τοῦτο
760 140 767 149 ·
797 132 840 160 καὶ
863 130 949 169 ἆλλοὶ,

1029 129 1167 161 mcerent
1180 129 1217 160 ad
1232 129 1372 161 colendas
1381 138 1495 162 omnes.
1508 129 1683 161 Necmirum
1689 130 1746 162 hoc
1755 135 1811 172 est,

110 175 161 204 ὅτι
192 175 279 204 πολλὰ
302 176 364 205 ὅντα
391 184 488 214 καμεῖν
517 176 564 206 οὒκ
585 176 694 216 ἴσχυον.
736 177 784 206 Καὶ
818 179 895 204 τοῦτο
922 176 952 204 οὗ

111 221 288 258 θαυμαστὸν,
315 220 412 260 ὅπουγε
439 220 496 250 οὐδὲ
525 221 596 249 αὒτοὶ
624 222 647 249 οὶ
673 221 851 259 συγκόψαντες
876 220 951 254 ἤδει-

113 275 174 293 σαν
208 264 274 293 διατὶ
300 265 410 305 ἔκοψαν,
441 267 462 294 εἰ
500 266 538 303 μὴ
577 267 620 297 οἶς
655 264 789 300 ἠϐούληθη
826 266 839 292 ὁ
869 264 952 304 μέγας

118 309 224 348 Πατήρ
258 309 437 347 ἀποκαλύψαι.
473 310 541 338 Ποτὲ
575 313 623 343 τῆς
653 310 728 348 ἁγίας
757 309 883 346 πέμπτης
907 312 953 337 τοῦ

115 352 227 393 Πάσχα
249 353 461 392 καταλαϐούσης,
487 353 582 393 ἤνεγκέ
608 366 647 386 τις
674 354 766 394 ἰχθύας
792 353 819 381 ἐν
833 356 867 391 τῇ
882 355 950 391 μονῇ

115 395 226 429 καλοὺς
254 399 297 426 καὶ
325 398 482 438 μεγάλους,·
498 400 525 428 ἓν
552 400 667 439 κοφίνιον
696 398 804 438 πλῆρες,
831 397 877 425 ἵνα
901 409 948 435 μι-

115 441 193 479 κρὰν
208 442 374 479 παράκλησιν
389 442 503 471 λάϐωσιν
532 444 555 472 οἱ
582 442 686 482 ἀδελφοὶ
714 442 744 470 ἐκ
770 445 818 475 τῆς
846 441 948 474 πολλῆς

115 486 169 512 καὶ
188 489 289 526 μακρᾶς
307 488 430 520 νηστείας
445 495 452 502 ·
482 487 526 515 καὶ
555 486 615 515 ἰδὼν
644 486 736 518 αὐτοὺς
762 488 776 514 ὁ
791 486 892 525 Πατὴρ,
909 485 949 513 ὅτι

117 530 222 568 μικρὸν
254 530 468 570 ἧγαλλιάσθησαν
505 531 601 562 ἰδόντες
647 531 706 562 τοὺς
741 530 846 570 ἰχθύας,
875 529 949 558 εἴασε

117 573 177 610 μὲν
206 575 298 606 αὐτοὺς
325 574 409 613 ξύσαι,
441 576 484 604 καὶ
511 575 616 615 πλῦναι,
656 575 699 602 καὶ
728 575 864 612 ἑτοιμάσαι
883 575 948 613 πρὸς

116 618 154 645 τὸ
185 618 283 655 ἑψῆσαι
301 627 308 634 '
335 620 404 652 τινὸς
427 619 454 648 δὲ.
478 619 618 659 προσαίτου
642 617 846 656 καταλαϐόντος,
872 618 949 646 δέδω-

117 672 171 689 κεν
188 665 259 700 αὑτῷ
273 663 402 699 ἅπαντας,
420 665 458 702 μὴ
473 665 551 695 ἐάσας
578 663 603 697 ἐξ
628 664 710 692 αὐτῶν
734 662 834 694 coetu.
859 662 948 694 Οὕτως

119 705 278 736 ἐπαίδευσεν
294 708 386 740 αὐτοὺς
407 708 437 736 ἐκ
451 707 588 739 διαθέσεως
615 707 724 745 ψάλλειν
738 707 768 735 τὸ
786 717 791 723 ·
821 717 833 734 ι
861 707 949 746 Κύριε⁹

119 749 244 779 ἐναντίον
259 762 306 780 σου
321 756 393 780 πᾶσα
407 754 424 786 ἡ
439 751 562 790 ἐπιθυμία
577 763 627 790 μου
644 761 651 769 ·
679 763 693 779 ι)
710 752 752 780 καὶ
767 751 797 779 τό
811 760 818 767 ⁸
838 760 853 780 (
870 751 949 790 Μερίς

993 173 1234 214 quandoquidem
1243 174 1348 206 necilli
1360 174 1428 215 ipsi,
1441 174 1679 215 quiceciderant,
1693 183 1811 207 causam

992 222 1108 254 norant,
1133 228 1185 249 cur
1205 219 1396 256 cecidissent,
1413 219 1470 250 nisi
1487 219 1594 260 quibus
1610 219 1675 259 ipse
1689 228 1813 258 magnus

992 264 1078 293 Pater
1088 262 1198 293 detexit
1211 272 1363 294 arcanum.
1380 263 1560 295 Obtulerunt
1575 263 1694 304 quidam
1710 267 1813 295 sancta

992 307 1066 338 feria
1080 307 1182 347 quinta
1199 307 1316 338 Pascha;
1340 309 1519 339 monasterio
1535 308 1655 339 corbem
1671 307 1812 348 egregio-

992 356 1058 378 rum
1082 351 1111 378 et
1136 356 1307 385 magnarum
1333 347 1459 388 piscium
1486 348 1615 388 plenam,
1640 352 1674 378 ut
1694 347 1811 379 modico

990 391 1177 422 afﬁcerentur
1184 390 1336 430 refrigerio
1344 391 1458 429 fratres,
1470 391 1647 423 diuturnoac
1663 391 1753 423 nimio
1765 392 1812 432 je-

987 435 1073 474 junio
1087 435 1212 466 confecti
1225 445 1232 465 :
1249 438 1278 466 et
1288 445 1357 466 eum
1367 435 1488 467 vidisset
1500 436 1566 467 illos
1575 435 1674 473 Pater,
1686 445 1812 476 conspe-

991 478 1046 509 ctis
1061 479 1192 518 piscibus
1207 479 1313 510 leviter
1336 479 1514 511 exhilaratos
1542 480 1676 520 permisit
1690 479 1811 520 quidem

991 522 1177 563 desquamari
1192 523 1299 563 pisces,
1311 523 1400 554 lavari
1411 528 1440 554 et
1452 524 1489 555 ad
1501 524 1690 564 coquendum
1701 525 1810 564 parari,

990 567 1042 598 sed
1055 576 1159 597 omnes
1171 568 1308 598 mendico
1320 567 1437 600 cuidam
1447 572 1516 599 tunc
1530 577 1595 599 sese
1606 568 1743 599 otferenti
1761 568 1812 599 do-

990 611 1080 651 navit,
1097 620 1135 641 ne
1150 621 1208 642 uno
1224 611 1343 652 quidem
1368 612 1484 642 relicto.
1511 613 1553 643 lta
1581 612 1648 643 illos
1663 612 1763 643 docuit
1777 621 1813 642 ex

990 656 1088 686 animo
1099 665 1220 687 canere:
1235 668 1248 684 α
1261 656 1396 694 Domine,
1408 661 1476 687 ante
1488 659 1517 687 te
1529 665 1615 686 omne
1628 655 1811 687 desiderium

992 709 1093 731 meum
1105 701 1156 740 33;
1181 713 1195 728 ι
1215 704 1263 732 et:
1281 713 1294 729 α
1311 701 1408 732 Portio
1424 710 1503 737 mea,
1519 700 1654 737 Domine,
1672 704 1701 730 et
1716 700 1811 740 portio

993 745 1200 776 desiderabilis
1206 746 1247 776 54.
1258 758 1270 773 »
1284 745 1335 776 Est
1347 745 1509 776 oratorium
1519 745 1549 775 in
1560 754 1676 775 summa
1687 743 1813 774 Rossani

120 805 178 831 μου
203 796 241 832 εἴ,
268 797 356 836 Κύριε,
385 797 441 836 καὶ,
457 787 554 835 κλῆρος
578 787 754 829 έπιπόθητος.
771 807 785 822 n
804 787 946 834 Εὖκτήριόν

1030 793 1073 820 rte
1083 789 1347 836 s_pe_ciosissimum,
1358 793 1466 836 sanctae
1479 788 1715 836 Anastas_iae_(_36)
1721 787 1811 836 _dit_:_a.

119 836 198 866 ἐστιν
213 838 240 866 ἐν
268 843 307 876 τῷ
335 835 407 879 ἄκρῳ
436 835 568 870 Ῥυσιάνου
593 840 767 880 τερπνότατον
782 838 824 867 ἐπ’
839 839 949 876 ὀνόματι

117 884 174 914 τῆς
205 883 282 921 ἁγίας
311 881 498 924 Ἀναστασίας,
524 884 626 912 κτισθὲν
650 884 700 920 μὲν
728 883 779 911 ὑπὸ
807 881 949 922 Εὒπραξίου

120 929 173 953 τοῦ
201 926 349 964 βασιλικοῦ,
379 932 467 967 κριτοῦ
489 928 629 967 γεγονότος
652 926 763 959 Ἰταλίας
791 927 834 955 καὶ
858 926 949 956 Καλα-

121 968 220 1008 ερίας,
271 973 468 1011 φροντιστήριον
517 971 544 999 δὲ
588 973 756 1012 χρηματίσαν
802 970 946 1010 παρθένων.

123 1014 228 1044 Τούτου
253 1016 302 1049 τὴν
334 1016 493 1055 προστασίαν
519 1016 656 1048 ἐπιστεύθη
681 1015 752 1054 παρὰ
775 1018 820 1043 τοῦ
843 1015 949 1054 Εὒπρα-

123 1055 181 1089 ξίου
230 1058 303 1091 ὄντος
351 1059 378 1087 ἐν
425 1058 697 1088 Κωνσταντινουπόλει
746 1058 864 1096 μοναψός
908 1069 949 1089 τις

123 1099 271 1134 Ἀντώνιος
296 1106 334 1141 τῷ
362 1103 471 1141 ὀνόματι
489 1114 498 1123 ο
528 1104 557 1135 ὃς
586 1103 732 1143 χρημάτων
758 1101 863 1142 ὑπάρξει
878 1113 950 1141 περι-

123 1146 287 1186 ερχόμενος,
324 1148 368 1176 καὶ
401 1148 452 1176 ὑπὸ
487 1151 533 1176 τοῦ
568 1147 677 1176 θανάτου
715 1146 947 1186 κατεπειγόμενος,

123 1191 295 1230 ὑφορώμενος
343 1193 374 1220 τὸ
422 1195 474 1221 τῶν
523 1193 652 1232 ἀρχόντον
702 1192 861 1231 εὖάρπχκτον
906 1191 949 1219 καὶ

124 1235 278 1275 εὔρόφιστον
292 1259 300 1273 ,
343 1237 385 1265 ἐπὶ
428 1237 473 1266 τὸν
520 1236 613 1266 ὂὶσυλον
659 1237 756 1275 μύργον
790 1236 948 1276 καταφεύγει

125 1278 231 1319 Πατέρα
258 1281 303 1309 τὸν
335 1281 406 1310 ὅσιον
424 1289 431 1296 ·
461 1282 505 1310 καὶ
540 1287 631 1311 τοῦτον
656 1281 762 1309 πάντων
790 1283 841 1308 τῶν
871 1282 948 1309 αὐτοῦ

124 1325 296 1359 καταστήσας
345 1325 494 1366 ἐπίτροπον,
541 1325 609 1355 οὕτω
652 1324 744 1354 λοιπὸν
787 1324 948 1365 ἆφρονίστως

123 1367 310 1402 τετέλευτηκεν
315 1392 322 1400 .

167 1407 223 1449 μί.
265 1418 335 1453 Οπερ
370 1414 482 1447 ἀκούσας
517 1416 531 1443 ὁ
559 1418 604 1443 τοῦ
633 1417 698 1443 Θεοῦ
725 1413 872 1451 οἰκονόμος,
901 1414 977 1457 καὶο

125 1456 333 1497 σπλαγχνισθεὶς
358 1461 388 1488 οὒ
417 1463 539 1488 τοσοῦτον
567 1459 609 1488 ἐπὶ
636 1463 675 1496 τῷ
702 1457 852 1495 ἀπελθόντι,
882 1456 942 1486 {law

126 1499 169 1528 ἐπὶ
197 1504 230 1539 τῇ
259 1505 307 1535 τῆς
337 1505 420 1540 μονῆς
448 1503 606 1532 καταστάσει
623 1512 632 1521 ·
659 1503 691 1537 ἧν
719 1503 769 1542 γὰρ
796 1502 888 1530 λοιπὸν
917 1501 942 1534 ἐξ

126 1544 224 1573 ἐκείνου
251 1546 423 1586 ἀφανισθεῖσα
448 1549 492 1576 καὶ
515 1547 742 1587 διασκορπισθετςα
759 1557 766 1564 ·
797 1546 943 1586 εἰσέρχεται

127 1588 153 1616 ἐν
177 1593 215 1626 τῷ
242 1590 328 1630 ἆστει,
354 1593 397 1620 καὶ
420 1592 453 1621 τὰ
477 1593 525 1630 μὲν
551 1591 783 1631 ὲγκαταλείμματα
808 1594 853 1619 τοῦ
867 1591 948 1618 ἀποι-

128 1633 244 1672 χομένου
255 1633 384 1674 διεμέρισε
413 1642 472 1668 τοῖς
501 1642 638 1676 πτωχοῖς,
669 1636 711 1663 καὶ
725 1633 890 1674 ἐκκλησίαις,
905 1635 949 1663 καὶ

128 1680 166 1713 τῷ
191 1679 359 1717 μοναστηρίῳ
375 1687 383 1696 θ
413 1682 499 1708 πᾶσαν
529 1679 556 1707 δὲ
583 1678 697 1713 σπουδὴν
722 1677 880 1709 κατεϐάλετο
904 1683 950 1708 τοῦ

129 1721 178 1754 τὴν
208 1722 292 1758 μονὴν
321 1724 546 1760 καταστήσασθαι,
583 1724 626 1751 καὶ
653 1723 795 1762 παρθένους
825 1722 853 1750 ὲν
881 1724 947 1760 αὐτῇ

129 1764 283 1804 ὲμφυτεύται
309 1766 380 1800 ἀξίας
404 1772 450 1797 τοῦ
474 1759 698 1807 ἐπαγγέλματος..
715 1759 791 1806 Ὅπερ
814 1767 858 1795 καὶ
883 1759 948 1795 Θεοῧ

131 1815 312 1849 συνεργοῦντος
341 1811 487 1849 τετέλεκεν,
521 1812 607 1844 πάσας
642 1812 688 1844 τὰς
715 1810 946 1851 διεσκορπισμένας

131 1853 249 1891 συνάξας,
279 1855 322 1882 καὶ
349 1856 498 1894 ἡγούμενην
527 1855 569 1884 ἐπ’
599 1858 691 1887 αὖτατς
716 1855 872 1892 ἐπιστήσας,
887 1854 947 1883 οἵαν

130 1898 224 1937 ἀπῄτει
253 1900 266 1927 ὁ
293 1899 371 1938 λόγος
389 1908 396 1915 ⁶
423 1900 609 1940 παρακαλέσας
637 1901 697 1932 τοὺς
725 1901 862 1939 οἰκήτορας
878 1899 948 1927 πάν-

130 1954 174 1974 τας
199 1946 245 1971 τοῦ
273 1944 383 1983 κάστρου
412 1945 552 1984 φροντίζειν
576 1947 670 1984 αὒτῶν,
701 1945 737 1976 ὡς
766 1943 947 1982 ἀσθενεστέρου

132 1987 222 2026 μέρους
237 1988 281 2015 καὶ
295 1989 331 2019 ὡς
346 1987 415 2026 μέγα
443 1988 536 2028 ὄφελος
550 1987 597 2028 ᾐδι’
627 1990 712 2018 αὑτῶν
727 1987 922 2027 καρπουμένους
937 1994 944 2002 ⁶

132 2031 213 2070 λέγῶν
228 2033 319 2063 αὐτοῖς
347 2033 390 2060 καὶ
416 2036 493 2061 τοῦτο
511 2042 517 2050 ⁸
549 2024 602 2061 ’δτι
630 2032 673 2060 ἐὰν
698 2044 737 2064 τις
767 2031 793 2065 ἐξ
820 2033 892 2070 ὑμῶν
907 2042 948 2059 τε-

994 837 1066 870 tum,
1078 833 1113 864 ab
1125 833 1272 874 Eupraxio
1284 834 1430 874 imperiali
1442 833 1590 875 quondam
1599 833 1702 873 judice
1721 831 1813 863 Italiae

992 881 1020 908 et
1044 877 1188 909 Calabriae
1216 878 1442 919 exaediﬁcatum,
1468 877 1545 919 quod
1569 881 1671 918 postea
1693 885 1811 907 sacrum

990 922 1100 954 exstitit
1117 923 1204 953 etiam
1221 922 1404 954 domicilium
1426 923 1587 962 virginum.
1615 921 1712 961 Hujus
1736 920 1812 951 sacri

990 965 1047 996 loci
1063 975 1164 998 curam
1190 967 1419 998 demandaverat
1443 966 1522 998 idem
1547 965 1723 1006 Eupraxius,
1741 964 1812 995 dum

990 1014 1068 1041 esset
1083 1011 1347 1052 Constantinopoli,
1362 1011 1480 1042 cuidam
1498 1011 1656 1050 monacho,
1680 1008 1810 1041 Antonio

990 1056 1110 1086 nomine
1124 1066 1131 1086 :
1156 1056 1207 1097 qui
1223 1066 1290 1087 cum
1306 1061 1384 1087 esset
1398 1057 1577 1097 pecuniosus
1592 1060 1621 1088 et
1636 1056 1720 1086 morti
1739 1053 1810 1084 vici-

991 1108 1057 1136 nus,
1075 1100 1183 1131 timens
1198 1101 1391 1141 rapacitatem
1407 1101 1572 1141 principum
1588 1104 1694 1131 cuncta
1707 1098 1810 1130 absor-

989 1143 1135 1182 bentium,
1151 1145 1189 1176 ad
1205 1145 1380 1176 tutissimam
1407 1145 1524 1183 turrim,
1551 1144 1667 1175 beatum
1692 1144 1810 1175 Patrem

990 1188 1133 1228 confugit,
1148 1198 1236 1229 quem
1253 1199 1372 1220 suarum
1387 1189 1517 1220 omnium
1534 1198 1634 1220 rerum
1642 1191 1810 1218 curatorem

988 1231 1160 1274 instituens,
1178 1234 1255 1265 liber
1269 1238 1330 1266 tum
1353 1234 1472 1266 demum
1499 1233 1580 1265 omni
1604 1230 1805 1263 sollicitudine

990 1276 1148 1308 defunctus
1163 1281 1219 1310 est.

1025 1418 1077 1449 46.
1093 1417 1176 1454 Quod
1193 1417 1242 1449 ubi
1257 1418 1392 1457 cognovit
1403 1416 1456 1449 Dei
1472 1418 1809 1459 (economus,misertus

983 1471 1043 1493 non
1054 1466 1110 1492 tam
1124 1462 1357 1503 defuncti,quam
1364 1465 1456 1493 status
1468 1462 1650 1500 monasterii(
1651 1463 1712 1503 jam
1723 1462 1805 1493 enim

985 1505 1375 1547 defecerat,dispersumque
1384 1510 1445 1538 erat
1451 1515 1484 1536 ex
1491 1516 1527 1538 eo
1535 1507 1810 1547 tempore),ingres-

989 1559 1038 1581 sus
1051 1551 1133 1581 estin
1144 1551 1305 1591 oppidum;
1319 1556 1348 1582 et
1358 1551 1596 1591 mortuiquidem
1616 1560 1666 1582 res
1677 1560 1741 1592 quae
1753 1560 1808 1582 su-

990 1599 1137 1634 pererant,
1149 1595 1179 1625 in
1193 1604 1339 1636 pauperes
1353 1599 1383 1626 et
1397 1595 1538 1626 ecclesias
1553 1599 1582 1626 et
1594 1595 1808 1626 monasterium

990 1639 1129 1678 erogavit,
1144 1649 1231 1670 omne
1241 1649 1310 1670 vero
1322 1640 1453 1670 studium
1466 1640 1564 1680 posuit
1574 1640 1604 1670 in
1625 1639 1808 1671 restituendo

991 1683 1169 1715 monasterio
1185 1688 1214 1715 et
1229 1683 1409 1715 collocandis
1431 1683 1493 1714 illic
1513 1683 1675 1724 virginibus
1690 1683 1808 1722 profes-

989 1727 1073 1758 sione
1084 1728 1190 1767 dignis.
1203 1728 1286 1765 Quod
1300 1728 1400 1766 etiam,
1410 1727 1471 1758 Deo
1490 1728 1656 1768 adjuvante,
1673 1727 1808 1768 perfecit,

989 1775 1018 1802 et
1029 1780 1094 1811 qua
1105 1772 1246 1812 dispersae
1255 1776 1349 1809 erant,
1367 1781 1416 1803 eas
1426 1782 1517 1803 unum
1530 1772 1560 1803 in
1576 1772 1674 1803 locum
1682 1771 1808 1811 redegit,

989 1815 1177 1856 praefecitque
1192 1816 1251 1846 illis
1265 1816 1412 1856 ejusmodi
1426 1816 1578 1853 feminam,
1595 1816 1711 1856 qualem
1722 1825 1808 1856 opor-

989 1859 1081 1896 tebat,
1093 1869 1202 1898 rogans
1214 1870 1318 1891 omnes
1324 1860 1471 1891 civitatem
1480 1860 1656 1898 incolentes,
1666 1864 1698 1890 ut
1707 1868 1807 1890 curam

989 1903 1106 1934 illarum
1123 1903 1318 1944 susciperent,
1347 1908 1485 1945 tanquam
1510 1903 1684 1935 inﬁrmioris
1709 1912 1808 1940 sexus,

987 1947 1066 1978 unde
1076 1947 1164 1978 etiam
1176 1953 1275 1979 essent
1293 1958 1429 1988 magnam
1447 1950 1614 1989 percepturi
1629 1948 1785 1979 utilitatem
1798 1957 1806 1978 :

987 1991 1059 2021 illud
1076 1991 1198 2032 insuper
1209 1992 1322 2023 addens
1337 2004 1344 2024 :
1358 1993 1442 2028 Quod
1457 1993 1482 2023 si
1498 1993 1565 2032 quis
1579 1995 1709 2023 vestrum
1721 1992 1809 2022 dece-

987 2034 1036 2065 dat
1051 2039 1079 2066 et
1093 2045 1167 2066 uxor
1181 2037 1246 2076 ejus
1262 2037 1331 2069 velit
1345 2037 1375 2067 in
1399 2040 1549 2076 posterum
1566 2036 1700 2067 caelibem
1717 2035 1807 2066 vitam

132 2075 256 2114 λευτήσῃ,
286 2076 329 2104 καὶ
353 2076 470 2115 βουληθῇ
498 2078 515 2111 ἡ
544 2077 610 2116 γυνὴ
638 2077 717 2106 αὔτοῦ
741 2082 788 2106 τοῦ
813 2076 906 2106 λοιποῦ
921 2076 947 2104 ἐν

1029 2088 1088 2116 ere,
1105 2080 1129 2110 si
1145 2075 1203 2110 non
1219 2081 1267 2121 sit,
1282 2091 1339 2121 quo
1362 2075 1412 2112 illa
1426 2080 1575 2120 confugiat
1590 2084 1619 2110 et
1633 2079 1758 2120 proinde
1771 2079 1808 2109 ad

132 2121 203 2159 ἁγνίᾳ
218 2120 324 2158 βιῶσαι,
352 2121 390 2158 μὴ
425 2120 524 2161 ἔχουσα
549 2121 576 2150 δὲ
603 2125 654 2150 ποῦ
676 2127 847 2161 καταφυγεῖν,
866 2120 946 2160 ἑτέρῳ

133 2165 207 2203 γάμῳ
240 2164 436 2205 προσομιλήσῃ,
472 2165 596 2205 ὑμέτερόν
631 2166 684 2194 ἐστι
721 2173 854 2205 πταῖσμα,
893 2168 946 2194 τῶν

134 2210 169 2246 μὴ
191 2208 391 2238 σπουδασάντων
414 2210 460 2238 ’ίνα
484 2211 594 2244 τοιαύτη
616 2210 693 2242 πόλις
717 2211 744 2239 ἓν
772 2210 946 2250 μοναστήριον

134 2253 193 2293 ἔχῃ.
232 2257 276 2282 Ετι
305 2252 333 2280 δὲ
363 2254 441 2282 αὒτοῦ
469 2254 495 2282 έν
523 2258 561 2291 τῷ
588 2254 692 2293 κάστρῳ
724 2257 947 2293 προσκαρτεροῦν-

134 2308 185 2334 τος,
214 2298 257 2325 καὶ
286 2299 378 2337 μικρὸν
406 2299 456 2326 ὑπὸ
484 2298 560 2326 νόσου
589 2297 812 2338 καταληφθέντος,
843 2297 946 2331 εἰσῆλθε

134 2343 173 2370 καὶ
198 2343 212 2370 ὁ
248 2341 445 2381 μητροπολίτης
478 2341 626 2382 Καλαϐρίας
665 2341 856 2382 Θεοφύλακτος,
886 2353 948 2371 συν-

170 2422 200 2447 55
213 2421 293 2454 Psal.
308 2430 419 2461 xxxv",
436 2421 485 2454 10.
525 2422 558 2447 ὅ*
571 2421 649 2454 Psal.
665 2428 762 2460 cxvui,
778 2421 829 2453 57.

987 2122 1132 2154 secundas
1149 2123 1266 2164 nuptias
1280 2128 1420 2162 transeat,
1437 2133 1489 2155 vos
1504 2124 1533 2155 in
1550 2124 1638 2163 culpa
1654 2123 1748 2161 eritis,
1759 2122 1810 2163 qui

988 2167 1115 2198 studium
1132 2177 1191 2198 non
1208 2169 1414 2207 adhibueritis,
1431 2173 1462 2199 ut
1476 2172 1532 2198 tam
1549 2167 1690 2199 nobibilis
1704 2166 1810 2198 civitas

988 2221 1078 2242 unum
1095 2212 1202 2244 habeat
1214 2213 1437 2245 monasterium.
1464 2214 1609 2243 Caeterum
1625 2221 1691 2242 cum
1712 2211 1809 2241 adhuc

988 2260 1154 2287 moraretur
1168 2257 1198 2287 in
1214 2257 1321 2297 oppido
1348 2261 1377 2288 et
1399 2257 1429 2287 in
1454 2255 1590 2286 morbum
1616 2265 1675 2286 non
1690 2264 1808 2295 gravem

987 2299 1149 2337 incidisset,
1157 2301 1236 2332 venit
1246 2305 1274 2332 et
1282 2301 1469 2341 metropolita
1475 2299 1616 2332 Calabriae
1625 2299 1808 2339 Theopbyla-

988 2347 1052 2375 ctus
1061 2345 1168 2386 (37),et
1179 2355 1237 2377 una
1244 2355 1310 2377 cum
1321 2345 1384 2386 ipso
1394 2346 1452 2377 Leo
1462 2344 1642 2376 domesticus
1650 2343 1810 2385 (38),litte—

814 2515 936 2548 Joannis
952 2516 1014 2549 Clei
1031 2522 1118 2550 nota}.

173 2570 235 2611 (36)
251 2570 415 2612 Eupraxius
443 2570 468 2601 is
493 2571 572 2602 idem
594 2571 714 2612 videtur
734 2569 772 2601 de
786 2579 843 2612 quo
859 2570 945 2610 paulo

140 2610 263 2652 postrat
277 2610 304 2642 is
317 2611 368 2641 diu
396 2616 465 2652 ante
487 2612 629 2643 sacellum
651 2613 682 2643 S.
701 2610 862 2652 Anastasiae
877 2620 947 2652 con-

141 2650 272 2692 struxisse
286 2651 454 2682 censendus
465 2656 518 2689 est,
531 2651 770 2692 quandoquidem
778 2651 842 2692 ejus
851 2650 946 2692 admi—

143 2691 267 2722 nistratio
282 2700 341 2724 non
358 2701 446 2732 parvo
463 2691 595 2732 tempore
609 2691 742 2723 videatur
757 2691 812 2722 sub
819 2691 947 2722 Antonio

142 2732 234 2768 fuisse,
246 2740 267 2772 7a
282 2732 454 2772 quorlegata
471 2736 644 2764 testamento
660 2732 737 2762 bona
752 2735 905 2771 acceperat
920 2735 949 2762 et

142 2771 310 2812 pauperibus
324 2771 514 2804 distribuerat
541 2774 572 2804 S.
592 2772 685 2810 Nilus,
712 2775 833 2811 propter
858 2781 948 2812 quam

140 2811 194 2843 rem
209 2811 337 2845 avaritiae
357 2812 467 2844 deinde
490 2812 568 2854 apud
591 2812 770 2853 Eupraxium
795 2816 948 2843 accusatus

987 2571 1053 2609 fuit,
1071 2572 1114 2602 uti
1133 2572 1211 2602 infra
1230 2573 1377 2602 narratur.
1392 2568 1563 2601 Verisimile
1578 2577 1666 2608 porro
1684 2572 1738 2605 est,
1759 2577 1810 2599 re-

987 2615 1149 2642 stauratum
1164 2622 1180 2642 a
1196 2615 1298 2642 sancto
1324 2610 1550 2651 parthenonem,
1578 2613 1680 2651 postea
1705 2609 1808 2651 conci-

988 2651 1079 2685 disse,
1097 2662 1164 2683 nam
1181 2652 1260 2684 illius
1274 2648 1351 2691 apud
1376 2652 1532 2689 Agreslam
1556 2648 1634 2690 saepe
1658 2648 1808 2679 laudatum

990 2692 1171 2723 mentionem
1186 2703 1244 2724 non
1258 2691 1387 2723 invenio.

1032 2732 1096 2773 (37)
1110 2734 1155 2764 An
1169 2732 1423 2773 archiepiscopus,
1433 2739 1468 2761 an
1479 2729 1634 2771 praefectus
1635 2727 1811 2799 lpalatinos?

1650 2768 1667 2799 d
1685 2767 1811 2799 suadere

1685 2776 1811 2799 suadere

1030 2813 1094 2854 (38)
1112 2814 1272 2854 Δομέστικος
1287 2817 1350 2845 tum
1372 2810 1450 2852 apud
1474 2808 1652 2852 posteriores
1678 2809 1809 2841 Gracos.
