1954 3059
156 79 191 111 91

158 189 237 226 folia,
251 199 315 229 quae
327 189 408 220 radix
418 192 489 223 erat,
506 193 556 219 aut
569 192 690 219 cortex:
708 192 736 219 ot
749 197 818 218 num
837 197 973 228 prrecera

159 237 238 264 esset
253 233 351 270 arbor,
368 242 403 263 an
420 242 519 273 parva.
544 233 578 263 Et
603 233 670 273 quis
695 241 847 272 exponere
872 232 973 272 possit,

159 277 237 317 quod
252 277 345 307 oculis
359 286 507 316 nunquam
518 276 606 307 vidit?
622 276 817 316 Respondens
833 276 974 306 domes'i-

159 332 210 353 cus
221 321 272 360 ait,
284 321 342 360 Ego
359 331 486 361 quoque.
501 322 597 361 Pater,
611 320 810 359 interrogabo.
828 320 901 356 Quid
918 320 975 352 sibi

155 367 216 396 vult
241 365 350 395 dictum
378 365 451 395 illud
478 365 612 404 Gregorii
635 365 795 404 Tlieologi:
820 364 973 400 Quomodo

155 410 234 441 enim
246 410 330 440 facile
343 410 427 440 saluti
440 410 601 441 eritaliena
611 410 651 449 ei,
664 419 750 449 quem
763 409 889 449 perdidit
905 418 973 448 pro-

154 455 216 495 pria
229 454 287 485 ?Et
301 453 389 485 Pater
404 454 439 484 ad
456 454 538 484 illum
552 463 559 485 :
573 454 786 485 Hocadoctore
799 453 850 483 tibi
863 453 973 483 dictum

154 503 208 535 est,
226 508 264 529 ne
278 499 409 529 confidas
424 498 488 529 fore
504 503 536 528 ut
552 507 604 538 per
620 498 776 529 mulierem
793 498 886 538 possis
900 506 974 527 con-

155 543 239 584 sequi
265 543 402 574 salutem.
425 542 508 578 Quod
533 543 619 573 etiam
645 542 806 582 Apostolus
830 541 970 581 castigato

154 597 293 619 sermone
309 597 379 617 usus
390 587 553 624 atlirmavit,
563 587 682 617 dicens:
697 599 707 615 ιι
718 586 801 618 Unde
811 586 890 616 enim
901 585 970 623 scis,

154 632 272 667 mulier,
284 631 307 661 si
319 631 413 661 virum
425 631 534 661 salvum
547 631 634 661 iacies
645 631 692 662 55?
712 635 868 671 propterea
879 634 970 667 certe,

155 677 224 716 quia
238 677 314 707 solet
329 675 454 715 perdere
470 675 575 706 virum.
607 675 637 706 Si
661 675 759 715 igitur,
777 684 841 714 qua:
857 683 975 714 egressa

156 724 200 750 est
215 720 251 750 de
267 729 356 750 carne
371 719 441 750 Adae
457 724 484 750 et
498 719 615 760 propria
627 720 691 759 ejus
703 719 756 749 fuit
775 728 872 754 soror,
890 723 922 748 ut
936 719 975 748 ita

157 763 265 799 dicam,
291 766 340 793 aut
361 763 430 798 ﬁlia,
448 763 579 803 quiuimo
604 763 714 793 arctius
737 763 780 793 illi
804 762 973 802 conjuncta,

157 811 405 846 transgressorem
422 807 493 838 feeit
507 807 598 838 virum
615 812 643 838 et
660 806 818 847 perditioni
843 806 973 846 tradidit,

157 851 305 893 quomodo
322 856 350 882 te
366 852 400 882 ad
418 852 552 883 virtutem
579 851 772 891 permovebit,
799 860 864 891 qua:
879 850 977 881 aliena

157 900 201 927 est
216 899 275 926 ate
287 900 315 927 et
329 896 478 927 voluntate
494 901 522 926 et
539 896 633 936 positu
659 900 688 926 et
703 895 804 926 habitu
820 899 848 925 et
863 895 975 925 forma-

158 940 262 970 tione?
278 940 353 971 Cave
368 940 460 979 igitur
472 945 499 970 et
515 940 578 980 ipse
588 940 640 970 tibi
653 944 856 979 etsuspectam
871 938 976 969 habeto

157 993 291 1015 uxorem.
323 984 391 1015 Hinc
420 988 452 1015 et
481 984 570 1014 multa
597 985 653 1015 alia
678 994 743 1014 cum
771 984 814 1014 illi
839 983 972 1020 dixisset,

157 1028 344 1059 sermonibus
381 1038 447 1059 eum
487 1029 569 1067 quasi
609 1028 667 1059 alio
704 1027 903 1069 spectantibus
939 1027 974 1057 ad

157 1072 349 1103 monasnicam
388 1071 534 1102 invitabat
569 1072 679 1103 vitam:
722 1081 789 1102 nam
831 1071 914 1102 valde
942 1071 976 1101 il-

155 1116 215 1147 lum
253 1116 367 1147 amabat
401 1116 438 1147 ob
476 1117 661 1147 relucentem
699 1117 730 1147 in
768 1125 803 1147 eo
841 1115 975 1156 pruden-

155 1161 236 1191 tiam.

197 1206 245 1236 50.
262 1208 296 1237 At
311 1206 361 1237 ille
375 1206 550 1246 tespondit:
567 1205 643 1237 Sane
657 1204 800 1245 quidquid
818 1214 852 1235 ex
869 1208 976 1236 tecon-

157 1250 226 1290 silii,
254 1251 397 1291 quidquid
427 1250 637 1281 admonitionis
667 1253 722 1289 est,
749 1253 852 1279 sancte
876 1249 974 1287 Pater,

155 1294 289 1325 utilitatis
304 1295 423 1335 plenum
438 1299 498 1325 est:
524 1304 626 1326 verum
652 1294 682 1324 in
708 1302 792 1324 sacro
817 1293 975 1332 Evangelia

155 1338 301 1378 legimus:
318 1339 401 1375 Quod
417 1339 494 1370 Deus
509 1337 671 1378 conjunxit,
698 1338 785 1368 homo
812 1347 870 1368 non
884 1347 972 1377 sepa-

155 1387 201 1413 ret
210 1383 251 1414 56.
270 1395 283 1410 υ
301 1383 337 1413 Et
351 1393 472 1422 magnus
486 1384 589 1414 Pater:
608 1382 638 1413 Si
653 1382 773 1422 quidem
783 1382 871 1412 homo
885 1391 972 1422 sepa-

904 79 1008 111 ANON
1012 79 1082 111 YMI

155 143 206 175 ubi
223 143 309 175 etiam
327 143 494 182 didicisses,
512 152 614 174 rursus
636 143 834 184 perquireres,
850 153 914 182 qua:
931 143 975 174 illi

1040 145 1104 175 λλων
1119 147 1240 177 ἁπάντων
1259 157 1265 165 ·

1802 79 1854 113 92

1296 150 1310 177 ὃ
1334 150 1377 177 καὶ
1405 150 1472 187 μετὰ
1499 149 1528 177 τὸ
1557 151 1662 190 μαθεῖν,
1678 149 1850 190 ἀπορήσεις,

1015 190 1053 222 τίς
1065 190 1125 219 ποτ’
1140 191 1188 231 ἄρα
1216 193 1233 226 ἡ
1261 193 1328 231 ῥιζα,
1360 194 1384 221 τί
1412 194 1444 221 τὰ
1468 193 1552 232 φύλλα
1566 195 1610 221 καὶ
1624 195 1638 222 6
1655 193 1746 234 φλοιός
1765 202 1772 208 ·
1793 194 1849 221 καὶ

1016 235 1037 262 εἰ
1072 235 1151 274 μέγα,
1187 236 1204 269 ἢ
1240 238 1331 275 μικρὸν
1349 246 1356 254 ·
1389 238 1432 265 καὶ
1459 238 1497 269 τίς
1526 236 1629 266 δύναται
1662 238 1847 276 ἑρμηνεῦσαι,

1016 278 1080 318 ὅπερ
1107 287 1166 311 τοῗς
1189 280 1334 320 ὀςρθαλμοΐς
1359 280 1481 311 οὐδέποτέ
1505 293 1544 313 τις
1573 280 1668 321 εἶδενς
1691 281 1847 321 Ἀπεκρίθη

1016 322 1208 360 ὁδομέστικος,
1235 326 1278 352 καὶ
1306 325 1384 353 εἶπεν
1401 334 1407 340 ·
1440 325 1583 364 Ἐρωτήσω
1610 325 1695 364 κάγὼ,
1723 326 1814 365 Πάτερ
1835 334 1843 341 ⁵

1015 367 1128 395 Τίὲστιν
1156 369 1170 395 ὃ
1199 367 1269 407 λέγει
1296 370 1310 397 6
1339 369 1468 407 Θεολόγος
1497 370 1640 409 Γρηγόριος
1659 378 1667 386 '
1696 373 1756 402 Πῶς
1787 370 1846 409 γὰρ

1016 411 1094 439 σώσει
1109 411 1201 451 ῥᾳδίως
1217 413 1234 446 ἡ
1260 412 1394 453 ἀλλοτρία,
1423 415 1452 442 ὃν
1480 413 1614 442 ἀπώλεσεν
1637 415 1655 448 ἡ
1670 412 1719 441 ἰδία
1736 424 1744 454 ;
1763 409 1794 442 ι0
1813 413 1845 441 δὲ

1016 456 1105 494 Πατὴρ
1120 457 1183 495 πρὸς
1210 457 1285 484 αὒτόν
1302 465 1309 473 ⁸
1337 458 1418 486 Τοῦτό
1441 469 1482 485 σοι
1505 457 1612 497 εἴρηκεν
1636 459 1650 486 6
1665 457 1845 497 διδάσκαλος,

1015 498 1062 547 ἶνα
1077 499 1115 536 μὴ
1140 499 1282 539 θαῤῥῆσῃς,
1299 502 1335 532 ὡς
1364 500 1405 529 διά
1432 503 1555 540 γυναικὸς
1583 503 1684 542 ἱσχύεις
1704 503 1843 535 σωθῆναι.

1022 544 1092 583 ὒπερ
1119 545 1163 572 καὶ
1192 546 1205 572 6
1233 544 1394 577 Ἀπόστολος
1410 545 1610 584 κεκολασμένως
1638 547 1718 574 εἰπών
1735 554 1742 561 ⁶
1777 558 1793 573 ι
1810 545 1846 574 Τί

1013 589 1062 628 γὰρ
1077 588 1163 625 οἶδας,
1181 590 1267 627 γύναι,
1299 591 1321 617 εἰ
1349 591 1394 618 τον
1424 588 1503 630 ἄνδρα
1531 591 1648 631 σώσειςς
1678 591 1784 622 πάντως
1802 591 1844 621 ὡς

1014 634 1150 667 συνήθειαν
1185 633 1300 673 ἐχούσης
1336 638 1383 662 τοῦ
1424 636 1501 663 αὺτὸν
1534 634 1685 664 ἀπολλύειν.
1717 636 1746 664 Εἰ
1774 639 1845 673 γοῦν

1014 676 1133 711 ἐκείνηὴ
1159 678 1188 705 ἐκ
1211 681 1263 705 τῶν
1294 682 1398 718 σαρκῶν
1425 683 1471 707 τοῦ
1499 678 1587 716 Ἀδὰμ
1615 679 1763 715 ἐξελθοῦσα,
1795 679 1845 706 καὶ

1014 720 1064 749 ἰδία
1096 722 1165 759 αὒτῷ
1193 723 1269 759 οὖτα,
1298 724 1333 754 ὡς
1363 724 1459 762 εἰπεῖν,
1488 723 1586 763 ἀδελφὴ
1615 724 1633 757 ἢ
1661 724 1787 762 θυγάτηρ,
1822 722 1842 756 ἢ

1018 766 1117 804 μᾶλλον
1150 767 1214 806 ὑπὲρ
1250 772 1340 804 ταῦτα,
1370 766 1515 807 παραϐάσει
1544 770 1588 796 τὸν
1615 767 1693 807 ἄνδρα
1721 766 1841 796 ὑπέϐαλε

1017 812 1060 839 καὶ
1089 811 1220 852 ἀπώλεσε,
1250 815 1308 844 πῶς
1337 813 1372 844 εἷς
1401 813 1498 852 ἀρετὴν
1526 812 1627 840 ἐλάσειε
1657 813 1700 840 καὶ
1722 812 1798 845 σώση
1821 812 1841 846 ἡ

1016 860 1063 884 σοῦ
1077 855 1199 895 ἀλλοτρία
1224 857 1268 883 καὶ
1295 868 1389 895 γνωμῃ
1418 858 1461 885 καὶ
1488 856 1556 885 θέσει
1583 857 1627 884 καὶ
1653 856 1703 889 ἕξει
1718 857 1761 884 καὶ
1776 855 1840 883 δια-

1016 898 1110 927 πλάσει
1129 909 1137 936 ;
1166 901 1285 940 Πρόσεχε
1313 901 1397 930 τοίνυν
1420 902 1463 929 καὶ
1488 902 1518 929 σὺ
1534 905 1645 940 σεαυτῷ,
1662 902 1705 928 καὶ
1719 901 1771 928 ἀπὸ
1786 903 1840 933 τῆς

1017 944 1153 982 συγκοίτου
1187 955 1232 972 σου
1264 944 1406 984 πεφύλαξο.
1444 950 1530 975 Ταῦτα
1566 946 1644 973 εἰπὼν
1680 946 1750 981 αὒτῷ
1792 945 1841 972 καὶ

1016 987 1090 1026 ἕτερα
1105 987 1201 1021 πολλὰ,
1220 987 1262 1016 διὰ
1290 987 1446 1027 παραϐολῶν
1474 990 1537 1028 ἦγεν
1564 990 1642 1017 αὑτὸν
1666 990 1702 1020 εἰς
1717 990 1765 1021 τὴν
1781 999 1838 1025 μο-

1017 1031 1123 1065 ναδικὴν
1147 1031 1304 1072 πολὶτείανς
1331 1033 1398 1061 πάνυ
1428 1033 1476 1073 γὰρ
1503 1034 1594 1072 ἠγάπα
1619 1034 1695 1061 αὐτὸν
1721 1031 1763 1060 διὰ
1786 1031 1839 1065 τὴν

1016 1076 1124 1110 συνετὴν
1138 1077 1297 1105 κατάσταςιν
1313 1078 1401 1109 αὺτοῦ,

1056 1199 1090 1236 ν’,
1109 1200 1137 1234 ιΟ
1158 1203 1186 1233 δὲ
1210 1205 1376 1245 ἀποκρίνεται
1403 1206 1447 1234 καί
1472 1217 1552 1246 φησιν
1568 1215 1576 1223 ·
1611 1197 1719 1246 ηΟντως,
1747 1209 1834 1245 Πατερ

1016 1249 1086 1289 ἅγιε,
1103 1249 1188 1277 πάντα
1213 1249 1334 1288 ὠψέλιμα
1363 1251 1407 1278 καὶ
1435 1249 1676 1289 συμϐουλεύεις-καὶ
1688 1252 1833 1281 νουθετεῖς.

1017 1286 1099 1322 ’Ᾰλλὰ
1114 1293 1184 1332 λέγει
1200 1295 1230 1321 τὸ
1244 1286 1329 1332 ’ἅγιον
1355 1294 1514 1333 Εὖαγγὲλιον
1532 1303 1540 1311 “
1572 1305 1584 1322 ι
1617 1286 1671 1323 “Οτι
1686 1294 1729 1322 οὗν
1743 1295 1757 1322 6
1769 1295 1834 1326 Θεὸς

1015 1337 1170 1374 συνέζευξεν,
1200 1337 1332 1377 ἄνθρωπος
1362 1339 1400 1375 μὴ
1431 1338 1578 1378 χωριζέτω,
1597 1348 1611 1368 ι
1643 1338 1719 1377 Λέγει
1736 1340 1806 1375 αὒτῷ
1821 1339 1835 1366 ὁ

1015 1381 1097 1420 μέγας
1115 1389 1123 1396 ⁵
1141 1382 1169 1410 Εἰ
1192 1382 1238 1419 μὲν
1268 1382 1401 1421 ἅνθρωπος
1429 1383 1547 1423 χωρίζει,
1576 1382 1663 1414 καλῶς
1680 1383 1772 1419 εἶπας,
1789 1383 1834 1415 Μὴ

155 1431 247 1464 raret,
263 1427 340 1458 bene
370 1427 498 1458 diceres.
524 1427 566 1458 Ne
589 1426 729 1467 separet?
753 1427 792 1457 At
816 1427 841 1456 si
862 1427 972 1458 dictum

1040 1425 1163 1471 ωριζέτω.
1179 1427 1208 1454 Εἰ
1222 1425 1248 1453 δὲ
1264 1427 1278 1454 6
1299 1426 1377 1465 λόγος
1405 1432 1451 1456 τοῦ
1478 1427 1596 1458 εἰπόντος
1621 1427 1689 1455 ἐστιν
1719 1428 1733 1455 ὁ
1749 1427 1836 1467 χωρί-

155 1475 272 1512 separat
283 1471 323 1502 ita
334 1472 552 1512 pronuntiantis
566 1481 572 1502 :
587 1482 601 1502 α
615 1471 669 1507 Qui
681 1480 738 1501 non
755 1470 906 1511 reliquerit
917 1471 973 1501 do-

156 1526 250 1552 mum,
261 1520 310 1546 aut
320 1517 434 1553 fratres,
446 1520 497 1546 aut
507 1526 640 1551 uxorem,
653 1520 701 1546 aut
721 1515 797 1546 ﬁlios
813 1520 842 1546 et
857 1519 972 1554 caetera,

156 1570 216 1591 non
232 1565 276 1591 est
292 1570 339 1591 me
354 1560 460 1599 dignus
477 1561 520 1598 57,
534 1561 600 1601 quis
617 1564 671 1597 est,
689 1559 739 1600 qui
755 1569 828 1600 opus
843 1559 897 1590 hos
912 1561 973 1592 Deo

156 1609 269 1644 gratum
281 1605 427 1644 impedire
437 1609 544 1645 queat?
555 1605 625 1641 Quis
636 1609 733 1635 autem
746 1604 835 1644 novit,
847 1613 884 1634 an
897 1605 974 1635 Deus

156 1648 254 1687 fuerit,
267 1648 435 1689 quijunxit,
445 1653 474 1679 et
484 1659 542 1680 non
558 1658 641 1679 amor
659 1649 755 1689 potius
771 1657 929 1688 corporum
946 1652 975 1678 et

156 1693 253 1723 carnis
274 1693 416 1731 voluptas,
448 1693 484 1724 ob
512 1703 598 1734 quam
625 1697 724 1723 monet
747 1693 916 1732 Apostolus,
942 1696 973 1722 ut

158 1740 279 1777 propter
294 1736 520 1768 fornicationem
536 1738 739 1777 unusquisque
754 1745 837 1766 suam
854 1745 975 1766 uxorem

162 1780 332 1812 habeat38?
354 1781 421 1812 Ηωο
437 1786 464 1812 et
478 1782 562 1822 plura
577 1791 642 1812 cum
658 1781 820 1818 audissent,
837 1790 896 1810 non
913 1790 976 1811 mo-

160 1826 227 1856 dica
241 1825 365 1856 utilitate
395 1830 541 1866 percepta,
570 1830 769 1860 recesserunt,
797 1824 976 1855 admirantes

156 1871 293 1900 virtutem
310 1874 339 1901 et
353 1870 526 1909 sapientiam
542 1870 620 1900 beati
635 1869 709 1900 viri:
735 1873 767 1899 ut
791 1869 977 1908 metropolita

158 1915 223 1954 ipse
238 1914 368 1945 diceret:
386 1914 445 1945 Deo
461 1919 545 1951 teste,
559 1914 660 1951 fateor,
674 1922 813 1952 maguum
825 1922 889 1943 esse
899 1913 976 1944 hunc

158 1959 345 1998 Calogerum.
363 1960 485 1990 Postero
510 1958 558 1996 die
579 1958 624 1989 vir
645 1962 766 1988 sanctus
792 1957 829 1987 de
845 1957 909 1987 loco
927 1957 976 1988 illo

163 2003 329 2039 descendit,
348 2007 376 2034 et
391 2013 459 2034 cum
486 2003 636 2042 ingressus
659 2007 737 2033 esset
760 2001 789 2032 in
814 2001 975 2040 civitatem,

159 2048 282 2078 accessit
296 2047 332 2078 ad
348 2058 415 2079 eum
439 2047 559 2078 Judmus
582 2047 714 2087 quidam,
737 2046 898 2077 Domnulus
921 2056 975 2076 no-

159 2092 250 2129 mine,
281 2092 331 2132 qui
357 2096 443 2122 notus
465 2091 508 2122 illi
530 2096 593 2123 erat
617 2101 634 2122 a
663 2091 756 2132 prima
778 2094 873 2128 aetate,
899 2091 976 2131 quod

159 2141 238 2167 esset
261 2136 421 2167 admodum
436 2136 585 2167 studiosus
600 2140 629 2166 et
646 2136 676 2166 in
692 2135 821 2166 metendi
840 2139 902 2165 arte
919 2145 977 2166 non

158 2181 316 2220 vulgariter
327 2180 443 2211 doctus.
456 2179 549 2220 Cmpit
561 2189 629 2219 ergo
640 2180 676 2210 ad
691 2180 804 2210 Patrem
814 2178 975 2211 itadicere:

158 2224 265 2256 Audivi
280 2225 317 2255 de
333 2233 437 2264 aspera
452 2224 568 2255 vivendi
583 2224 707 2263 ratione,
729 2232 787 2263 qua
803 2227 830 2253 te
845 2232 976 2262 exerces,

158 2278 322 2309 magnaque
337 2268 516 2299 abstinentia
532 2272 560 2299 et
575 2267 716 2307 mirabar,
732 2267 831 2297 sciens
845 2267 978 2307 corporis

157 2313 199 2344 tui
216 2313 433 2351 habitudinem,
463 2313 542 2354 quod
567 2322 626 2343 non
649 2321 729 2342 esses
752 2311 851 2351 lapsus
865 2311 896 2342 in
912 2312 977 2352 epi-

156 2357 292 2398 lepsiam.
323 2357 399 2397 Ergo
428 2357 454 2388 si
482 2357 565 2394 libet,
596 2356 673 2387 dabo
699 2355 751 2387 tibi
783 2356 975 2396 pharmacum

160 2405 394 2442 temperamento
420 2411 599 2442 congruens,
626 2404 658 2432 ut
682 2401 803 2441 posthac
827 2404 887 2431 toto
912 2399 978 2431 vitae

161 2449 219 2476 tuae
249 2450 382 2485 tempore
412 2446 523 2477 nullam
552 2445 745 2487 pertimescas
769 2444 917 2475 morbum.
943 2444 979 2474 Et

160 2499 285 2530 magnus
300 2489 404 2521 Pater:
421 2490 516 2528 Unus,
533 2490 639 2531 inquit,
663 2499 699 2520 ex
717 2489 821 2520 vestris
836 2489 978 2520 Hebraeus

160 2533 234 2565 dixit
248 2533 354 2565 nobis:
376 2547 387 2563 ε
419 2535 534 2566 Bonum
557 2539 602 2566 est
626 2534 777 2566 conﬁdere
801 2534 830 2564 in
854 2533 979 2565 Domino

160 2589 246 2619 quam
263 2579 414 2610 conﬁdere
429 2579 459 2610 in
475 2579 596 2610 homine
618 2579 660 2608 59.
686 2591 700 2607 »
727 2580 788 2611 Nos
803 2578 891 2617 igitur
905 2587 978 2609 con-

160 2623 288 2655 ﬁdentes
316 2628 417 2655 nostro
445 2624 560 2655 medico
590 2624 651 2656 Deo
674 2628 703 2656 et
727 2624 852 2656 Domino
878 2627 978 2655 nostro

1016 1473 1067 1506 ζων
1085 1478 1092 1485 '
1111 1481 1124 1497 α
1152 1474 1186 1502 Ος
1201 1470 1248 1498 οὒκ
1263 1470 1362 1510 ἀφῆκεν
1378 1471 1471 1507 οἰκίας,
1488 1471 1506 1505 ἢ
1521 1470 1658 1510 ἀδελφοὺς,
1675 1471 1692 1504 ἢ
1708 1470 1832 1511 ἀδελφὰς,

1016 1514 1034 1548 ἢ
1066 1521 1187 1552 γυναῖκα,
1215 1516 1233 1548 ἢ
1262 1514 1340 1542 τέκνα

1017 1557 1086 1591 ἄξιος
1103 1566 1109 1573 ⁵
1128 1567 1142 1587 )
1160 1558 1198 1589 τίς
1224 1558 1294 1586 ἐστιν
1322 1560 1336 1586 ὁ
1367 1559 1397 1587 τὸ
1425 1559 1560 1599 θεάρεστον
1583 1564 1658 1588 τοῦτο
1684 1559 1834 1599 κωλύσωνς

1015 1602 1059 1634 Τίς
1089 1601 1118 1630 δὲ
1145 1603 1190 1630 καὶ
1217 1602 1300 1639 οἶδεν,
1331 1604 1352 1631 εἰ
1379 1604 1394 1631 6
1423 1604 1487 1636 Θεός
1517 1604 1587 1631 ἐστιν
1617 1603 1776 1640 ὁευζεύξας,
1791 1604 1834 1631 καὶ

1016 1647 1076 1686 οὒχὶ
1105 1646 1170 1685 ἔρως
1198 1648 1360 1687 σωματικὸς,
1390 1649 1432 1675 καὶ
1461 1647 1542 1682 ἡδονὴ
1570 1648 1678 1687 σαρκὸς,
1708 1649 1793 1679 καθὼς
1821 1649 1835 1676 ὁ

1016 1689 1177 1722 Ἀπόστολος
1192 1690 1263 1730 λέγει
1281 1699 1288 1706 ·
1314 1691 1354 1720 ὅτι
1384 1701 1399 1722 (
1415 1691 1456 1720 3-5:
1470 1693 1516 1724 τὰς
1530 1693 1649 1732 πορνείας
1664 1691 1773 1724 ἕκαστος
1788 1693 1834 1725 τὴν

1018 1735 1109 1764 ἑαυτοῦ
1123 1742 1236 1773 “(manu
1252 1735 1338 1775 ἐχέτω
1354 1745 1362 1776 ;
1393 1748 1406 1764 ι
1439 1740 1525 1765 Ταῦτα
1550 1738 1593 1764 καὶ
1617 1735 1724 1765 πλείονα
1739 1737 1833 1764 τούτων

1019 1779 1188 1819 ἀκούσαντες,
1217 1781 1261 1808 καὶ
1289 1780 1411 1819 μεγάλως
1438 1780 1629 1820 ὠρεληθέντες,
1661 1781 1832 1820 ἀνεχώρησαν

1017 1824 1191 1861 θαυμάζοντες
1219 1827 1268 1858 τὴν
1294 1824 1387 1863 ἀρετὴν
1417 1826 1459 1852 καὶ
1488 1825 1578 1865 σοφίαν
1606 1829 1662 1865 τοῦ.
1681 1825 1806 1864 μακάρίου
1824 1834 1830 1841 '

1017 1869 1054 1899 ὡς
1068 1869 1111 1896 καὶ
1133 1869 1210 1896 αὒτὸν
1224 1869 1269 1896 τὸν
1285 1861 1480 1907 μήτροπολέτην
1508 1861 1591 1897 εἰπεῖν
1610 1878 1616 1884 ·
1650 1861 1702 1898 "ou
1729 1871 1742 1897 6
1755 1861 1759 1864 Ι
1771 1870 1831 1901 Θεὸς

1017 1911 1086 1952 οἶδε,
1116 1913 1199 1952 μέγας
1227 1913 1295 1941 ἐστὶν
1324 1915 1337 1941 6
1368 1913 1521 1953 Καλόγηρος
1550 1915 1636 1945 οὗτος.
1659 1917 1698 1952 Τῇ
1713 1914 1829 1953 ἐπαύριον

1017 1956 1186 1988 κατελθόντος
1221 1960 1267 1985 τοῦ
1299 1957 1371 1985 ὁσίου
1399 1957 1510 1988 ἐκεῖθεν,
1540 1959 1583 1986 καὶ
1612 1958 1638 1985 ἐν
1667 1962 1704 1995 τῷ
1731 1959 1832 1998 κάστριμ

1017 2001 1223 2038 εἰσεληλυθότος,
1272 2001 1378 2041 ἔρχεται
1421 2003 1486 2041 πρὸς
1526 2003 1602 2031 αὺτὸν
1636 2001 1763 2034 Ἰουδαῖός
1794 2014 1832 2034 τις

1019 2047 1126 2084 ὀνόματι
1144 2045 1303 2083 Δόμνουλος,
1334 2047 1363 2078 ὃς
1391 2046 1439 2083 iv,
1451 2049 1521 2084 αὖτῷ
1549 2048 1665 2085 γνωστὸς
1689 2047 1719 2075 ἐκ
1740 2047 1831 2081 νεότη-

1343 1539 1350 1555 ,
1380 1516 1424 1543 καὶ
1447 1515 1480 1543 τὰ
1507 1515 1599 1554 λοιπὰ,
1629 1516 1675 1543 οὔκ
1703 1515 1757 1543 ἔστι
1784 1527 1834 1552 μου

988 2102 1064 2137 Πτος
1078 2092 1166 2129 αὒτοῦ,
1192 2089 1233 2118 διὰ
1261 2091 1291 2117 τὸ
1319 2091 1390 2118 εἶναι
1416 2091 1493 2119 αὺτὸν
1521 2090 1777 2135 σφόδρανφιλομάθῆ
1792 2093 1831 2120 καὶ

1019 2136 1106 2162 ἱκανὸν
1121 2135 1179 2173 περὶ
1192 2134 1241 2168 τὴν
1269 2135 1388 2174 ἰατρικὴν
1423 2135 1584 2172 ἐπιστήμην,
1628 2126 1738 2174 Ἠρξατο
1791 2135 1832 2164 οὖν

1019 2178 1104 2218 λέγειν
1132 2177 1198 2218 πρϐς
1226 2179 1271 2206 τὸν
1294 2179 1422 2219 μακάριον
1448 2179 1530 2211 θ’ἇτως
1549 2189 1554 2195 ·
1598 2183 1702 2208 Ηκουσα
1716 2181 1832 2219 περὶτῆς

1019 2223 1156 2258 ἀσκήσεώς
1171 2234 1227 2260 σου,
1245 2224 1288 2251 καὶ
1313 2223 1415 2257 πολλῆς
1444 2223 1606 2263 ἐγκρατείας,
1634 2225 1678 2251 καὶ
1702 2224 1833 2262 γινώσκων

1019 2268 1067 2301 τὴν
1104 2271 1194 2307 κρᾶσιν
1233 2271 1278 2296 τοῦ
1317 2268 1439 2305 σώματός
1478 2279 1523 2296 σου
1552 2268 1695 2305 ἐθαύμαζον
1725 2271 1781 2299 πῶς
1806 2268 1832 2296 οὔ

1019 2312 1220 2352 περιπέπτωκας
1243 2312 1367 2350 ἐπιλήψει
1385 2321 1393 2328 ⁵
1422 2312 1488 2340 ἀλλὰ
1511 2314 1555 2340 γαὶ
1579 2313 1631 2340 ἀπὸ
1658 2315 1704 2340 τοῦ
1733 2316 1787 2350 νῦν,
1814 2312 1834 2340 εἷ

1019 2356 1144 2397 κελεύεις,
1185 2357 1239 2397 sed)
1275 2368 1315 2385 σοι
1350 2356 1426 2385 δώσω
1453 2358 1590 2397 φάρμακον
1619 2358 1683 2397 πρὸς
1711 2357 1760 2391 τὴν
1787 2359 1831 2391 σήν

1018 2405 1120 2441 κρᾶσιν,
1136 2401 1182 2430 ’ίνα
1209 2402 1277 2442 ἔχῃς
1306 2403 1368 2430 ain?)
1397 2402 1483 2434 πάσας
1512 2403 1558 2434 τὰς
1589 2402 1753 2447 ἡμέραςντῆς
1767 2405 1831 2438 ζωῆς

1019 2438 1077 2486 τὸυ,
1106 2447 1149 2475 καὶ
1183 2438 1312 2485 μηδεμίαν
1342 2446 1474 2475 ἀσθένειαν
1505 2438 1656 2487 φοϐηθήοῃ..
1689 2438 1755 2487 1ίίφη
1771 2447 1833 2484 αὒτῷ

1021 2493 1034 2519 6
1049 2491 1131 2530 μέγας
1148 2501 1156 2510 ⁸
1186 2492 1256 2520 Εῖπε
1283 2492 1348 2531 πρὸς
1377 2492 1448 2529 ἡμᾶς
1476 2491 1502 2524 ἐξ
1528 2493 1601 2530 ὑμῶν
1629 2493 1670 2523 εἷς
1687 2487 1805 2531 Ἑϐραῖος
1824 2500 1832 2510 '

1024 2548 1038 2563 α
1065 2535 1175 2575 Ἀγαθὸν
1202 2536 1353 2565 πεποιθέναι
1377 2537 1419 2564 ἐπὶ
1447 2537 1551 2576 Κύριον,
1583 2536 1598 2570 ἢ
1621 2535 1772 2564 πεποιθέναι
1794 2535 1832 2564 ἐπ’

1020 2577 1165 2620 ἄνθρωπον.
1195 2593 1209 2609 ι
1240 2581 1396 2612 Πεποιθότες
1426 2581 1470 2609 οὖν
1497 2582 1578 2618 ἡμεῖς
1604 2580 1646 2608 ἐπὶ
1672 2581 1718 2608 τὸν
1752 2581 1832 2620 ἰατρὸν

1020 2627 1095 2664 ἡμῶν
1125 2627 1190 2655 Θεὸν
1216 2627 1260 2655 καὶ
1287 2627 1379 2666 Κύριον
1407 2627 1485 2664 ἡμῶν
1514 2625 1615 2660 Ἰησοῦν
1651 2626 1774 2665 Χριστὸν,
1807 2627 1832 2655 οὺ

198 2715 255 2754 551
269 2717 336 2754 Cor.
353 2724 401 2762 vit,
421 2717 468 2750 16.
511 2717 542 2742 36
555 2717 657 2753 Matth.
673 2725 733 2757 xix,
751 2716 780 2752 6,
820 2716 852 2745 37
866 2715 966 2749 Matth.
983 2725 1044 2756 xix,
1062 2717 1110 2752 29.
1152 2719 1184 2744 38
1197 2717 1210 2750 Ι
1225 2717 1292 2753 Cur.
1307 2727 1359 2756 vu,
1375 2717 1394 2749 2
1434 2718 1466 2744 59
1481 2716 1555 2749 Psal.
1573 2725 1661 2756 cxvu,
1678 2717 1709 2749 8.
