1954 3059
81 159 127 192 97

847 152 1022 185 ANONYMI

1739 154 1778 186 98

80 227 185 262 αὐτοῦ,
211 224 255 252 καὶ
281 223 454 262 μεμψάμενος
482 221 531 254 τὴν
559 220 627 248 κατὰ
654 223 701 248 τοῦ
729 218 803 257 ἁγίου
816 218 938 255 θρασύαέ

1011 227 1066 248 sus
1076 221 1150 249 erat.
1164 217 1254 248 Suum
1268 218 1358 257 igitur
1370 227 1532 258 agnoscens
1547 229 1691 257 errorem,
1708 221 1778 252 sibi-

79 281 160 303 τητα
177 270 270 298 ἑαυτοῦ
285 277 291 283 ·
320 268 353 301 ἦν
379 268 427 306 γὰρ
456 266 576 306 ἐχέορων
603 266 698 295 ἱκανῶς
715 265 729 291 δ
744 263 822 302 ἀνὴρ,
839 263 860 290 εί
874 263 918 290 καὶ

81 315 228 353 τετύφωτο
263 315 297 350 τῇ
331 314 379 345 τῆς
416 310 530 343 ἐξουσίας
559 310 679 348 ὑπεροχῇ
696 317 703 325 ·
734 307 823 340 ἱκέτης
852 308 917 334 καθ-

86 350 199 386 ίσταται
235 358 249 385 ὁ
284 356 375 396 πρώην
411 354 611 394 ἐμϐριμώμενος
638 360 699 383 ταῖς
725 351 862 387 ἀπειλαῖς,
893 350 918 377 εἴ

86 414 154 434 πως
180 404 229 434 τῆς
257 401 316 432 θέας
345 400 461 439 ἐπιτύχῃ
490 399 533 426 καὶ
562 398 640 435 μόνον
670 396 789 435 εὖλογίας
820 406 848 423 τε
875 396 919 422 καὶ

88 447 296 486 συγίωρῆσεως
318 447 367 478 τῆς
393 437 454 483 παρ’
485 442 582 471 ἐκείνου
612 440 743 474 ἀξιωθείη,
775 437 803 468 Ὀ
818 439 845 467 δὲ
861 443 919 467 Πα-

89 484 229 530 τήρἧδς
245 489 293 527 μὲν
316 490 347 516 τὸ
375 489 457 527 παρὸν
488 485 645 515 ἀνεϐάλλετο
673 486 722 518 τὴν
747 485 816 512 κατὰ
835 484 920 523 πρόσ-

89 529 172 563 ωπον
187 533 303 571 ὁμιλίαν,
321 534 389 570 μήτε
418 532 519 559 ἐκεῖνον
541 529 757 569 καταδεχόμενος
774 529 920 568 ἐρχόμενον

91 579 121 607 ἐν
141 579 181 616 τῷ
198 578 380 617 μοναστηρῖῳ,
409 577 476 614 μήτε
500 576 577 606 αὒτὸς
607 573 770 625 βαυλιῷενος
786 572 922 609 ἀπελθεῖν,

132 624 135 625 ,
190 622 195 625 _
250 621 273 625 -.
386 622 392 625 .
480 620 487 625 .
539 618 567 625 ..
790 617 796 625 ,
898 621 907 625 -

90 624 141 651 καὶ
171 622 220 656 τὴν
248 621 336 655 δέησιν
367 622 444 649 αὖτοῦ
479 618 626 653 ἐκτελέσαι,
660 617 700 655 τῷ
726 617 925 661 τοιούτ(ρ)γοῦν

92 667 190 707 τρόπῳ
217 666 265 700 τὴν
295 665 424 704 σωτηρίαν
454 664 525 700 αὒτῴ
552 662 815 702 πραγματευόμενος.
865 659 925 695 ῌδει

93 705 150 750 γᾶρ
182 711 210 738 ἐν
246 710 340 746 εὐθέτῳ
368 710 452 748 καιρῷ
487 708 531 735 καὶ
559 707 602 750 τῷ.
624 707 696 747 τύφῳ
720 705 831 736 δεόντως
859 705 926 733 κατὰ

94 747 154 782 τῶν
196 755 360 789 ἀναισθήτων
396 753 557 793 χρήσασθαι.
596 747 642 783 Ὦς
676 756 738 790 γοῦν
767 751 808 778 ἐπὶ
837 751 926 789 τριετῆ

959 273 1015 303 que
1026 262 1143 293 crimini
1153 262 1323 302 dans,quod
1333 263 1362 293 in
1371 268 1505 294 sanctum
1516 264 1609 295 virum
1627 265 1780 305 procacior

959 308 1144 339 fuissetterat
1155 306 1264 346 quippe
1280 307 1349 337 satis
1363 308 1505 347 prudens,
1522 318 1688 350 quanquam
1705 309 1778 340 fastu

960 353 1054 383 elatus
1065 351 1101 381 ob
1114 351 1319 381 excellentiam
1332 352 1493 392 potestatis)
1504 353 1626 393 supplev
1641 354 1778 391 efﬁcttur,

961 397 1010 437 qui
1027 395 1141 436 pridem
1164 395 1443 426 comminationibus
1470 396 1656 435 infremebat,
1683 399 1708 429 si
1723 408 1780 439 quo

962 440 1140 472 modoillum
1153 444 1249 479 posset
1260 439 1447 470 velcontueri
1468 444 1590 478 tantum,
1607 443 1781 483 veniamque

961 485 997 516 ab
1009 494 1044 515 eo
1059 493 1125 514 cum
1141 483 1350 514 benedictione
1361 483 1544 524 impetraret.
1558 487 1598 516 Ac
1608 487 1692 517 Pater
1713 492 1781 518 tunc

963 529 1082 570 quidem
1095 527 1460 567 ditt‘erebalcongressum,
1478 539 1532 560 nee
1549 539 1580 559 se
1596 539 1693 560 coram
1711 541 1781 572 prae-

964 574 1052 605 bebat
1063 572 1231 611 vivendum,
1248 576 1296 602 aut
1312 572 1495 611 permittens,
1513 578 1544 604 ut
1559 574 1609 604 ille
1624 574 1660 605 ad
1676 585 1781 606 mona-

966 618 1088 648 sterium
1101 616 1276 647 accederet:
1294 620 1342 646 aut
1354 616 1416 655 ipse
1428 617 1462 646 ad
1476 617 1557 648 illum
1574 618 1617 648 ire
1639 619 1782 659 cogitans,

967 667 998 693 ut
1013 661 1127 702 roganti
1141 660 1333 700 satisfaceret,
1346 661 1486 691 nimirum
1498 661 1551 692 hac
1562 663 1677 694 ratione
1696 664 1783 695 saluti

968 709 1034 746 ejus
1048 705 1217 736 consulens.
1248 704 1367 735 Sciebat
1389 706 1468 735 enim
1493 705 1523 736 in
1549 709 1681 747 tempore
1709 708 1783 738 fastu

968 751 1055 782 etiam
1072 750 1213 780 decenter
1228 753 1329 780 contra
1353 750 1526 790 insipientes
1541 751 1593 781 uti.
1612 751 1686 791 Ergo
1702 758 1784 791 post—

97 799 200 839 χρόνον
236 800 253 832 ἡ
288 799 453 835 θεόπεμπτος
489 796 574 829 ἐκείνη
610 796 686 827 νόσος
722 795 789 822 κατὰ
817 794 938 832 σμικρὸν

1011 794 1191 827 amtriennio
1199 793 1318 823 morbus
1327 793 1376 824 ille
1387 804 1403 824 a
1415 794 1474 825 Deo
1486 794 1636 826 immissus
1647 797 1785 836 paulatim

97 837 263 871 5911036131
296 844 329 870 τὰ
356 842 523 881 κρύπτομενα
553 840 642 880 μόρια,
672 839 836 879 προσήγγισε
864 837 923 865 λοι-

98 888 153 915 πὸν
170 888 207 924 τῷ
232 887 398 926 καιριωτάτῳ
425 889 478 913 τῶν
508 884 607 924 μελῶν,
635 884 678 911 καὶ
699 884 808 911 θάνατον
823 882 925 915 ἠπείλει

98 935 136 970 τῇ
173 931 265 960 τούτου
299 930 434 970 διαφθορᾷ,
467 929 527 957 τότε
552 929 689 967 πορεύεται
717 928 782 966 πρὸς
811 927 888 955 αὒτὸν
912 927 926 954 ὁ

99 976 220 1015 ψυχικὸς
248 975 347 1014 ἰατρὸς,
378 973 538 1006 ὃυσωπηθεὶς
567 980 626 1004 ταῖς
643 972 820 1010 εἶκτροτάταις
849 971 927 999 αὗτοῦ

101 1014 274 1051 ἐπιστολαῖς,
302 1018 373 1047 Ἰδὼν
395 1019 479 1046 τοίνυν
499 1019 544 1045 τὸν
570 1016 643 1044 ὅσιον
673 1017 687 1044 ὁ
719 1014 868 1054 βασιλικὸς,
883 1015 927 1041 καὶ

101 1062 254 1103 περιλαϐὼν
270 1063 329 1094 τοὺς
355 1063 456 1099 τιμίους
483 1060 565 1092 πόδας
594 1061 683 1099 αὺτοῦ,
713 1063 836 1088 τοσοῦτον
851 1057 926 1091 πλῆ-

103 1102 151 1139 θος
187 1106 304 1146 δακρύων
336 1105 424 1145 ἐξέχεε
460 1104 612 1144 καταφιλῶν
646 1104 751 1139 αὐτοὺς,
791 1102 859 1130 ὥστε
886 1102 930 1130 καὶ

107 1152 188 1180 αὐτὸν
218 1151 293 1190 ἅγιον
328 1151 431 1189 Πατέρα
459 1150 502 1178 καὶ
530 1150 630 1181 πάντας
659 1149 720 1179 τοὺς
746 1158 930 1187 συμπ-αρεστη-

105 1196 189 1226 κότας
218 1196 372 1234 συνθρηνεῖν
401 1194 482 1233 αὖτῷ,
511 1194 554 1221 καὶ
579 1193 678 1221 κλαὶειν
706 1192 835 1232 σιροδρῶς,
853 1190 930 1220 Οὐδὲν

107 1240 160 1278 γὰρ
176 1239 240 1267 ἄλλο
264 1239 365 1266 εἰκάσαι
389 1238 423 1272 ἧν
452 1239 496 1266 καὶ
523 1237 587 1266 tam
615 1236 677 1276 παρ’
707 1239 810 1273 αὺτοῖς,
841 1236 859 1269 ἣ
883 1236 932 1268 τὴν

109 1283 212 1321 πόρνην
227 1282 254 1310 ἐν
270 1281 404 1314 κατανύξει
428 1282 594 1321 κατέχουσαν
617 1282 677 1313 τοὺς
699 1283 824 1321 Σωτῆρος
839 1279 932 1319 πόδας,

109 1327 154 1355 καὶ
169 1326 260 1366 ἄφεσιν
275 1329 328 1354 τῶν
342 1325 596 1364 πλημμελημάτων.

149 1378 198 1413 γε’.
229 1382 301 1412 Ἰδὼν
330 1383 373 1412 οὖν
400 1383 477 1412 αὐτὸν
512 1385 526 1411 ὁ
561 1384 651 1423 Πατὴρ
681 1381 858 1423 χορτασθέντα
885 1387 930 1411 τοῦ

108 1427 255 1466 κλαυθμώ,
290 1428 406 1468 καθάπερ
450 1428 543 1468 βρέφος
586 1439 633 1456 του
678 1427 772 1456 οἰκείου
816 1431 927 1465 μαστοῦ²

109 1472 227 1504 ἐκτείνας
251 1473 300 1506 τὴν
322 1479 404 1513 χεῖρα
433 1471 575 1501 ἐπελάϐετο
603 1473 646 1500 καὶ
674 1471 817 1505 ἀνέστησεν
842 1471 929 1501 αὐτόν.

112 1513 142 1546 ι0
170 1516 197 1544 δὲ
232 1520 295 1545 πᾶσι
330 1516 456 1548 κελεύσας
492 1516 604 1549 ἐξελθεῖν
639 1515 685 1544 ἀπ’
719 1516 808 1553 αὺτοῦ,
837 1514 932 1555 ἤρξατο

111 1561 324 1600 ἀπογυμνοῦσθαι
359 1561 404 1589 σὺν
438 1567 497 1593 τοῖς
533 1563 661 1601 ψυχικοῖς
696 1560 788 1589 πάθεσι
823 1561 867 1588 καὶ
901 1560 934 1587 τὰ

113 1606 264 1645 σωματικὰ,
298 1606 342 1633 καὶ
376 1604 491 1645 δακρύων
527 1605 615 1644 ἔλεγεν
633 1614 640 1621 '

677 1603 755 1644 Ἰδοὺ,
792 1604 934 1642 τιμιώτατε

115 1650 200 1689 Πάτερ
236 1650 358 1689 τριετίαν,

405 1650 505 1690 ἡμέραν
548 1651 591 1678 καὶ
636 1649 715 1678 νύκτα
747 1648 934 1687 βεϐασύνισμαι

115 1695 166 1722 ὑπὸ
194 1698 239 1722 τοῦ
262 1694 415 1724 ἓεινοτάτου
443 1695 552 1735 πάθους,
579 1694 669 1726 πόνοις
700 1693 863 1734 δριμυτάτοις
892 1693 936 1720 καὶ

116 1738 212 1777 ἆγάπῳ
236 1737 347 1775 ἅδσωδιᾳ
367 1739 495 1766 πικτεύων
515 1747 522 1754 ·
545 1739 577 1772 ἣν
601 1738 658 1766 οὔτε
683 1738 782 1771 πλῆθος
808 1748 935 1777 προστρι-

116 1781 226 1819 ϐόμενος
242 1783 343 1823 μύρων,
372 1782 430 1811 οὕτε
460 1783 512 1820 μὴν
599 1782 742 1815 πυκνότητι
756 1785 809 1810 τῶν
824 1781 934 1820 ἱματίων

116 1826 236 1855 παλαιῶν
253 1835 260 1843 ⁸
287 1827 396 1867 ἑπτᾴκις
420 1828 469 1866 γὰρ
497 1829 545 1858 τῆς
574 1827 675 1867 ἡμέρας
690 1826 814 1854 ἀλλάσσω
829 1835 835 1841 ·
853 1826 934 1865 ἐκφυ-

116 1877 174 1910 γεῖν
190 1870 316 1906 ἠδυνήθη,
334 1865 382 1900 Ἦν
403 1870 430 1899 δὲ
457 1865 487 1899 τὸ
515 1872 608 1907 πάθος,
630 1865 674 1903 ’ὡς
704 1873 717 1899 ὁ
733 1871 859 1910 μακάριος
874 1869 935 1898 ἕλε-

117 1927 174 1955 γεν,
188 1917 237 1944 ὑπὸ
264 1917 295 1944 τὸ
320 1916 399 1955 ἦτρον
429 1916 508 1946 αὐτοῦ
535 1916 624 1956 ὥσπερ
653 1917 705 1944 ἀπὸ
733 1915 857 1951 διαϐήτου
880 1913 936 1942 δει-

118 1961 192 2000 χθὲν,
215 1961 258 1989 καὶ
279 1960 343 2000 ἕχον
371 1960 401 1988 ἐκ
427 1964 479 1988 τῶν
506 1961 696 2001 κεχωρισμέων
727 1960 825 2000 μορίων
852 1957 936 1988 οὐδέν.

120 2005 199 2033 Πάλιν
215 2005 258 2033 οὖν
272 2000 319 2036 τὰς
334 2011 429 2045 χεῖρας
444 2008 490 2033 τοῦ
519 2005 617 2034 δικαίου
643 2008 745 2044 κρατῶν
761 2006 775 2032 ὁ
790 2002 938 2042 βασιλικὸς,

119 2050 161 2077 καὶ
186 2048 290 2077 πλύνων
310 2050 390 2080 αὐτὰς
416 2056 475 2081 τοῖς
498 2049 618 2089 δάκρυσιν
633 2048 721 2088 ἔλεγεν
738 2058 746 2066 ο
763 2047 890 2082 Ἐλέησόν
904 2057 938 2084 με

964 839 1093 871 verenda
1102 838 1306 878 absumpserat
1319 843 1550 879 perveneralque
1560 840 1596 870 ad
1609 841 1785 881 praecipuam

966 884 1100 925 corporis
1116 887 1240 923 partem,
1264 887 1292 913 et
1307 887 1432 914 mortem
1448 893 1482 913 ea
1498 889 1635 924 corrupta
1650 885 1785 916 minaba-

969 934 1024 960 tur.
1038 933 1104 959 tunc
1111 927 1390 967 spiritalismedicus
1401 928 1551 968 profectus
1563 933 1617 965 est,
1637 934 1787 969 permotus

968 972 1194 1004 luctuosissimis
1210 972 1274 1011 ejus
1290 972 1432 1011 epistolis.
1451 972 1507 1003 Ubi
1531 982 1635 1012 prorex
1651 979 1786 1005 sanctum

967 1020 1060 1048 virum
1077 1016 1241 1056 conspexit,
1265 1016 1449 1046 venerandos
1473 1017 1657 1056 amplexatus
1685 1019 1786 1058 pedes,

968 1066 1078 1093 tantam
1092 1070 1141 1091 eos
1153 1060 1352 1090 deesculando
1366 1061 1495 1100 profudit
1507 1061 1701 1102 lacrymarum
1716 1063 1786 1100 vim,

970 1111 1002 1137 ut
1017 1109 1134 1137 sanctus
1149 1104 1212 1140 ipse
1228 1103 1313 1134 Pater
1328 1108 1356 1135 et
1371 1109 1498 1135 astantes
1513 1115 1616 1136 omnes
1637 1107 1723 1137 simul
1741 1107 1788 1137 lu-

971 1153 1074 1190 gerent
1090 1153 1117 1180 et
1133 1149 1323 1179 vehementes
1347 1149 1471 1179 ederent
1493 1150 1591 1180 ﬂetus.
1615 1149 1693 1180 Nihil
1708 1150 1788 1181 enim

973 1194 1052 1225 aliud
1068 1193 1168 1224 videre
1184 1193 1260 1232 apud
1278 1201 1329 1223 eos
1345 1196 1418 1230 erat,
1435 1202 1522 1232 quam
1535 1194 1709 1233 peccatricis
1720 1195 1790 1225 ima-

974 1238 1073 1278 ginem
1090 1237 1215 1268 contrito
1231 1237 1330 1268 animo
1355 1237 1481 1268 tenentis
1506 1237 1662 1269 Salvatoris
1686 1239 1790 1280 pedes,

977 1287 1006 1314 et
1021 1281 1147 1322 petentis
1160 1285 1326 1313 erratorum
1342 1283 1467 1314 veniam.

1011 1382 1124 1415 55.Ubi
1133 1382 1194 1421 jam
1206 1386 1403 1414 cxsaturatum
1415 1383 1488 1414 ﬂetu
1499 1383 1573 1414 vidit
1589 1383 1687 1421 Pater,
1699 1384 1792 1417 instar

970 1427 1100 1465 infantis,
1113 1427 1164 1467 qui
1175 1427 1219 1458 lac
1230 1436 1265 1458 ex
1288 1427 1429 1458 uberibus
1451 1427 1568 1459 abunde
1591 1430 1714 1467 suxerit,
1739 1439 1792 1460 ex-

973 1472 1067 1503 tendit
1081 1481 1200 1501 manum
1226 1476 1255 1502 et
1277 1471 1505 1512 apprehendens
1527 1473 1631 1504 erexit.
1655 1472 1707 1504 Ille
1722 1483 1792 1505 vero

971 1515 1324 1557 jussisegrediomnibus,
1340 1516 1491 1547 denudare
1500 1517 1589 1558 coepit
1603 1527 1670 1548 cum
1682 1518 1793 1549 morbis

976 1561 1066 1592 animi
1081 1564 1110 1591 et
1126 1560 1260 1600 corporis
1285 1560 1360 1591 mala
1375 1565 1404 1592 et
1419 1562 1605 1601 lacrymando
1618 1561 1733 1593 aiebat:
1750 1562 1794 1593 En

975 1605 1143 1636 venerande
1174 1606 1273 1642 Pater,
1299 1605 1351 1636 diu
1380 1610 1528 1646 noctuque
1553 1616 1607 1646 per
1633 1607 1794 1638 triennium

976 1649 1147 1690 gravissimo
1175 1649 1230 1679 hoc
1254 1649 1331 1680 malo
1356 1650 1511 1680 aﬂlictalus
1532 1659 1610 1688 sum,
1638 1651 1795 1682 acerrimis

977 1704 1135 1736 oppressus
1150 1694 1304 1725 doloribus
1319 1698 1348 1725 et
1362 1694 1553 1725 inenarrabili
1572 1695 1687 1732 faetore,
1705 1705 1794 1736 quem

977 1749 1075 1780 neque.
1103 1744 1320 1779 unguentorum
1349 1739 1548 1770 adhibitorutn
1578 1741 1673 1781 copia,
1699 1750 1795 1781 neque

976 1784 1137 1816 mutatione
1152 1786 1256 1814 crebra
1280 1784 1416 1821 vestium,
1442 1784 1512 1824 quia
1536 1785 1646 1825 septies
1662 1791 1728 1816 utor
1743 1795 1797 1826 per

976 1829 1040 1861 dies
1050 1829 1193 1869 singulos‘
1211 1829 1339 1868 etl'ugere
1356 1828 1447 1868 potui,
1475 1829 1545 1859 Erat
1559 1839 1647 1870 porro
1663 1830 1795 1867 morbus,

976 1878 1009 1905 ut
1021 1874 1124 1904 beatus
1139 1873 1226 1904 Pater
1238 1873 1388 1914 narrabat,
1413 1873 1467 1903 sub
1492 1875 1620 1913 pectine,
1637 1875 1720 1914 quasi
1735 1874 1796 1905 cir-

978 1914 1045 1945 cino
1060 1914 1241 1945 circumacto
1258 1912 1436 1953 descriptus,
1450 1918 1481 1943 ut
1493 1912 1685 1953 pendentium
1700 1924 1797 1945 mem-

978 1959 1100 1989 brorum
1117 1958 1190 1988 nihil
1204 1962 1383 1998 superesset.
1395 1958 1509 1989 Rursus
1518 1958 1606 1998 igitur
1616 1969 1719 1999 prorex
1727 1969 1797 1990 san-

979 2003 1019 2034 cti
1034 2003 1089 2034 viri
1104 2012 1209 2034 manus
1225 2007 1329 2033 tenens
1345 2006 1374 2032 et
1396 2002 1495 2042 rigans
1519 2003 1655 2044 lacrymis
1680 2004 1795 2035 aiebat:

980 2048 1123 2078 Miserere
1136 2047 1209 2077 mihi
1220 2055 1273 2086 per
1285 2046 1454 2084 Dominum,
1469 2047 1578 2078 Christi
1595 2049 1713 2079 Domini
1727 2049 1798 2080 imi-

121 2092 160 2120 διὰ
175 2094 219 2121 τὸν
236 2094 338 2133 Κύριον,
355 2104 459 2132 μιμητα
484 2098 529 2123 τοῦ
546 2094 679 2122 Δεσπότοι)
695 2098 817 2133 Χριστοῦ,
833 2093 877 2120 καὶ
892 2102 938 2119 κα-

1011 2097 1070 2130 tor,
1083 2101 1138 2123 nec
1163 2101 1209 2121 me
1218 2091 1476 2131 dedignerishisce
1483 2093 1658 2123 venerandis
1664 2094 1799 2124 manibus

121 2136 244 2170 ταξίωσον
263 2144 322 2169 ταῖς
338 2139 436 2173 τιμίαις
451 2149 497 2166 σου
520 2138 626 2181 ταύταις
642 2138 733 2178 χορσὶν
751 2137 891 2176 ἀποκεῖραί
906 2145 939 2173 με

121 2183 163 2210 τὴν
179 2182 333 2220 μανάσωτον
350 2190 356 2197 ·
375 2182 466 2216 ἐπειδὴ
495 2179 659 2221 domitian
686 2186 724 2220 τῷ
740 2186 796 2220 Θεῷ
810 2186 856 2210 τοῦ
868 2179 940 2219 γενέ-

122 2228 177 2254 σθαι
193 2227 323 2267 μοναχός.
340 2226 417 2267 Λέγει
432 2227 477 2255 οὖν
491 2228 636 2268 πρὸςαῦτὸν
653 2229 666 2256 ὁ
682 2228 773 2266 Πατήρ
790 2235 796 2241 ·
821 2227 873 2254 Ούκ
888 2224 940 2257 ἕξε-

123 2271 161 2299 στί
183 2281 224 2299 σοι
250 2271 378 2310 ἀνθρώπῳ
407 2276 508 2310 συνετῷ
535 2272 600 2310 ὄντι,
626 2273 670 2301 καὶ
684 2271 782 2312 σφόδρα
797 2268 941 2299 πεπαιδευ-

125 2315 192 2353 μένῳ
205 2316 238 2345 τὰ
251 2319 302 2345 νῶν
328 2320 423 2345 κοινῶν
449 2317 590 2357 ἀνθρώπων
615 2317 692 2356 λόγια
720 2323 826 2356 φρονεῖν
853 2325 881 2342 τε
898 2314 943 2342 καὶ

125 2359 208 2400 λέγειν
225 2368 232 2375 '
250 2360 364 2393 ἅπαντες
389 2362 439 2401 γὰρ
468 2363 491 2389 οἱ
517 2367 563 2391 τοῦ
586 2362 654 2391 θείου
680 2361 860 2400 βαπτίσματος
874 2369 942 2387 κατ-

126 2403 285 2442 αξιωθέντες,
310 2406 354 2434 καὶ
382 2405 528 2443 ἀμόλυντον
554 2406 607 2434 ἀπὸ
635 2407 724 2439 πάσης
748 2405 874 2444 ἁμαρτίας
904 2403 942 2441 μὴ

128 2448 282 2488 φυλάξαντες
309 2455 398 2486 τοῦτο,
434 2451 517 2491 χωρὶς
551 2451 639 2484 πάσης
676 2450 817 2489 ὁμολογίας
852 2459 943 2489 χρεω-

128 2499 211 2523 στοῦσι
227 2493 306 2522 πάλιν
334 2496 365 2523 τὸ
388 2496 516 2535 μακάριον
538 2495 613 2524 τοῦτο
636 2495 773 2534 βάπτισμα
790 2503 796 2511 ·
823 2493 886 2532 ὅπερ
902 2492 943 2520 διὰ

127 2537 226 2572 πολλὴν
255 2538 451 2579 εὐσπλαγχνίαν
478 2540 522 2567 καὶ
551 2539 701 2579 ἀγαθότητα
725 2546 783 2570 τοῖς
798 2538 942 2577 ἀνθρώποις

128 2584 224 2615 ὁΘεὸς
253 2582 417 2625 ἐδωρήσατο,
442 2584 575 2617 πλουσίοις
603 2586 646 2613 καὶ
674 2584 780 2624 πένησι,
809 2581 942 2622 βασιλεῦσι

983 2137 1064 2168 omni
1086 2135 1200 2167 luxuria
1215 2136 1334 2175 plenum
1348 2137 1484 2167 monachi
1500 2141 1619 2168 tonsura
1643 2137 1798 2176 insignire,

981 2180 1105 2223 promisi
1120 2180 1200 2211 enim
1214 2179 1274 2211 Deo
1293 2180 1487 2211 monasticum
1504 2181 1603 2211 subire
1620 2181 1798 2214 institutum.

982 2226 1027 2257 Ad
1044 2234 1131 2265 quem
1156 2225 1262 2256 Pater:
1286 2223 1350 2255 Non
1373 2224 1441 2255 licet
1465 2225 1518 2255 tibi
1539 2225 1601 2256 viro
1619 2225 1757 2265 prudenti
1772 2231 1802 2257 et

983 2279 1126 2312 perquam
1140 2269 1226 2300 docto
1243 2277 1347 2308 sapere
1362 2273 1412 2299 aut
1436 2269 1516 2308 loqui
1530 2278 1611 2299 more
1627 2270 1800 2309 multorum,

984 2324 1087 2346 omnes
1100 2313 1191 2352 enim,
1204 2313 1254 2353 qui
1264 2321 1381 2343 sacrum
1399 2312 1543 2353 baptisma
1557 2322 1730 2352 suscepere,
1747 2324 1802 2346 nec

984 2368 1090 2401 purum
1100 2357 1172 2389 illud
1182 2357 1218 2388 ab
1229 2358 1308 2387 omni
1319 2361 1440 2397 peccato
1453 2365 1619 2398 servavere,
1627 2357 1692 2388 sine
1699 2359 1804 2399 quovis

983 2408 1050 2435 voto
1066 2406 1204 2434 tenentur
1217 2401 1254 2432 ad
1269 2410 1386 2432 sacrum
1411 2401 1467 2432 hoc
1482 2401 1688 2442 recipiendum
1704 2402 1804 2444 bapti-

985 2458 1049 2480 sma
1065 2447 1138 2486 (43),
1155 2446 1234 2486 quod
1253 2454 1304 2485 pro
1321 2446 1413 2476 multa
1427 2455 1481 2477 sua
1500 2446 1659 2477 clementia
1674 2451 1702 2478 et
1717 2448 1804 2479 boni-

985 2497 1044 2525 tate
1059 2493 1137 2524 Deus
1162 2489 1332 2522 hominibus
1358 2491 1477 2522 donavit
1491 2491 1630 2522 divitibus
1646 2496 1674 2522 et
1689 2493 1804 2532 egenis,

983 2537 1103 2578 regibus
1118 2540 1147 2567 et
1155 2534 1351 2577 principibus,
1365 2535 1603 2566 sacerdotibuset
1616 2537 1806 2576 pontiﬁcibus

985 2586 1014 2614 et
1027 2581 1119 2613 cuivis
1134 2580 1241 2612 anima
1263 2579 1384 2617 volenti,
1401 2589 1460 2611 uno
1488 2581 1631 2621 temporis
1656 2587 1805 2614 momento

810 2660 932 2699 Joannis
947 2666 1009 2699 ι]ιεί
1024 2671 1111 2698 notae.

172 2731 231 2775 (43)
255 2733 302 2764 Ad
328 2734 460 2765 dolorem
485 2735 598 2766 scilicet
618 2735 768 2766 sincerum
795 2739 823 2765 et
848 2734 946 2775 poeni—

988 2738 1137 2774 assumpto
1154 2732 1320 2774 monachali
1335 2741 1387 2763 ceu
1413 2732 1594 2773 poenitentiae
1617 2733 1718 2764 habitu
1736 2745 1742 2765 :
1759 2744 1808 2766 cu‘

132 2773 252 2816 tentiam
269 2774 306 2804 de
323 2776 450 2816 peccatis
474 2776 655 2807 commissis.
681 2775 763 2806 lianc
787 2773 874 2816 porro
889 2775 948 2805 illis
985 2774 1035 2816 jus
1069 2773 1114 2806 rei
1152 2773 1310 2805 innumera
1349 2773 1484 2813 exempla
1521 2777 1590 2804 sunt
1627 2777 1656 2804 et
1698 2776 1809 2815 passim

135 2813 247 2845 saeculis
264 2813 363 2846 testari
378 2815 465 2847 etiam
489 2816 608 2847 maximi
633 2813 946 2856 principes‘solebant,
988 2813 1088 2848 Obvia.
