1954 3059
71 155 125 188 101

681 157 774 189 VITA
796 157 826 188 S.
850 156 934 189 NILI
954 155 1141 187 JUNIORIS.

1697 156 1753 188 102

107 223 116 234 \
164 223 185 241 ι.
277 223 285 251 ί
386 223 393 242 lI
450 223 455 234 Υ
510 234 526 242 ’
707 222 718 233 ἢ
737 235 747 241 ‘
818 222 833 235 β
855 223 860 232 1

70 234 118 251 και
148 234 274 263 ευιαριστ
286 234 327 264 ας,
363 233 475 255 π.στεως
516 234 539 251 .ε
573 224 617 252 καὶ
644 223 747 255 ἒλπίοο,
785 224 880 262 βεοαιαη

980 230 1050 262 iper
1067 221 1238 261 prophetam
1254 220 1346 251 dixit:
1365 220 1439 252 Nolo
1465 225 1590 252 mortem
1612 226 1752 262 peccato-

72 267 195 296 ἀπελθὼν
210 269 276 307 πρὸς
291 269 335 296 τὸν
360 268 482 307 εἰρηκότα
502 267 545 296 διὰ
572 273 618 297 τοῦ
635 269 770 308 προφήτου
787 277 795 285 ·
829 277 841 294 ί
859 270 895 297 Οὗ

71 311 143 339 θέλω
158 313 203 340 τὸν
229 312 339 340 θάνατον
365 315 409 340 τοῦ
436 311 602 352 άμαρτωλοῦ,
631 313 668 344 ὡς
696 313 727 341 τὸ
741 311 895 352 ἐπιστρέψαι

72 356 118 384 καὶ
133 358 211 391 ζῆσαι
227 356 304 384 αὺτὸν
318 356 390 391 ζωὴν
403 356 453 390 τὴν
464 356 582 387 αἰώνιον.
598 368 612 384 ν

115 395 166 435 νζ’⁶
196 401 268 428 Μετὰ
296 400 323 428 δὲ
351 401 381 429 τὸ
410 403 583 434 κατατεθῆναι
607 402 638 429 τὸ
663 404 740 439 σῶμα
764 402 841 430 αξιτοῦ
869 401 895 428 ἐν

72 447 113 480 τῷ
129 444 297 483 μοναστηρίῳ
323 447 372 478 τῆς
403 439 491 483 Ἀγίας
520 444 692 477 Ἀναστασίας
719 448 769 478 τῆς
798 444 895 483 παρθέ-

73 498 131 524 νου,
161 488 335 527 προσέρχεται
361 491 399 525 τῷ
426 489 554 525 θεσπεσίῳ
585 490 664 528 Πατρὶ
691 490 705 517 ὁ
729 489 814 528 ῥηθεὶς
839 500 896 526 μη-

73 531 234 571 τροπολίτης
267 531 441 561 ὑποδεικνύων
491 534 561 570 αὺτῷ
595 533 644 565 τὴν
679 537 726 562 τοῦ
760 531 897 571 βασιλικοῦ

73 574 204 610 διαθήκην
221 584 228 590 ·
259 575 286 603 ἐν
321 577 339 615 ᾗ
366 581 412 605 τοῦ
436 586 464 604 τε
492 576 564 614 πάσῃ
588 580 684 615 κινητῇ
711 578 753 605 καὶ
781 577 897 613 ἀκινήτῳ

75 620 157 647 αὐτοῦ
182 619 322 659 ὑποστᾴσει
356 620 495 659 ἐπίτροπον
530 621 573 648 καὶ
598 619 728 654 δεσπότην
753 621 798 648 τόν
825 619 897 648 ὅσιον

76 662 249 702 διεγράψατο,
267 656 364 703 ’,Ηνπερ
392 656 551 701 θεασάμενος
576 665 590 692 ὁ
618 665 757 704 μακάριος,
783 665 826 692 καὶ
849 665 898 697 τὴν

77 706 105 735 ἐν
133 707 240 739 ἐκείνοις
269 715 328 740 τοῖς
356 708 507 747 πράγμασιν
537 708 666 748 ἀσχολίαν
696 708 793 748 παγίδα
827 709 898 736 εἶναι

77 752 123 779 καὶ
139 751 238 791 χλεύην
262 756 308 781 τοῦ
336 751 457 780 διαϐόλου
483 754 661 793 κατανοήσας,
690 753 776 782 πάντα
792 752 898 792 ἐπιτρέ-

77 798 132 832 ψας
157 800 196 834 τῷ
223 798 292 833 αὗτῷ
314 796 490 836 μετροπολίτῃ
518 796 624 837 δικαίωρ
652 798 822 830 οἰκονομῆσαι

827 798 898 837 ’ὡς

935 266 988 306 ris,
1014 275 1101 306 quam
1124 269 1156 296 ut
1184 269 1373 297 convertatur
1398 269 1428 297 et
1450 265 1536 297 vitam
1562 266 1637 297 vivat
1661 270 1750 297 aeter-

936 319 1004 341 nam
1019 311 1060 342 44.
1079 323 1093 339 ι

978 401 1026 432 57.
1043 400 1199 441 Postquam
1228 409 1335 440 corpus
1358 400 1422 440 ejus
1449 399 1615 440 depositum
1646 400 1698 431 l'uit
1723 400 1753 430 in

938 445 1115 476 monasterio
1130 448 1238 475 sanctm
1254 444 1374 483 virginis
1388 444 1559 480 Anastasize,
1578 445 1703 475 accessit
1715 444 1752 475 ad

937 490 1136 521 venerandum
1153 490 1267 520 Patrem
1285 490 1480 529 metropolita,
1508 499 1594 529 quem
1611 489 1750 526 diximus,

938 544 1071 575 proregus
1086 538 1289 565 testamentem
1306 534 1474 569 ostendens,
1501 534 1531 564 in
1546 543 1604 573 quo
1621 535 1752 564 omnium

938 579 988 610 ille
1003 579 1147 610 bonorum
1162 589 1283 610 suorum
1314 579 1468 608 mobilium
1494 578 1752 618 immobiliumque

938 628 1101 654 curatorem
1116 628 1145 654 et
1159 623 1312 654 dominum
1330 623 1629 662 scripseratsanctum
1645 623 1752 654 virum.

939 667 1022 703 Quod
1038 667 1101 707 ipse
1115 667 1216 698 videns
1232 671 1261 697 et
1275 666 1462 706 negotiorum
1478 666 1648 705 hujusmodi
1663 675 1754 697 occu-

940 712 1100 752 pationem.
1137 711 1246 742 diaboli
1276 712 1411 752 laqueum
1447 714 1477 741 et
1505 710 1662 740 ludibrium
1689 719 1755 741 esse

939 756 1117 796 intelligens,
1133 756 1229 786 eidem
1259 755 1452 796 metropolitae
1477 754 1627 785 tractanda
1655 754 1756 785 omnia

937 800 1016 840 juste
1033 800 1177 840 permisit,
1203 804 1338 840 tanquam
1365 800 1511 830 rationem
1539 799 1692 830 reddituro
1719 799 1757 829 de

78 843 118 877 τῷ
148 841 179 868 τὰ
202 841 288 869 πάντα
317 841 440 881 ἐφερῶντι
470 845 528 878 Θεῷ
561 840 724 870 ἀποδώσοντι
758 842 807 874 τὴν
841 851 880 880 πεί

980 844 1181 884 lsinspicienti
1204 844 1302 874 omnia
1325 843 1402 874 Deo:
1432 844 1495 884 ipse
1519 853 1587 874 vero
1613 843 1643 873 in
1670 852 1755 874 suum

79 885 179 912 τούτων
208 885 364 925 ἀπολογίαν,
390 886 466 917 αὐτὸς
493 886 524 913 τὸ
553 887 651 914 οἰκεῖον
678 884 808 914 κατέλαόε
831 896 899 922 μον-

79 929 216 968 αστήριον,
255 930 338 967 ἑαυτῷ
373 929 525 969 προσέχων,
560 931 603 958 καὶ
633 933 671 968 τῷ
697 933 754 967 Θεῷ
782 940 899 970 προσαν-

80 973 165 1012 ἐχων,
193 974 236 1001 καὶ
266 974 418 1011 πειθόμενος
454 981 512 1006 τοῖς
549 974 634 1013 ἁγίοις
669 974 793 1014 ἀγγέλοις
829 976 900 1010 αὒτῷ

79 1018 234 1056 παραινοῡσί
248 1028 276 1046 τε
303 1019 346 1046 καὶ
371 1017 490 1056 λέγουσιν
507 1026 515 1032 ·
549 1030 563 1045 ι
594 1019 789 1047 Μεταναστεύου
811 1018 853 1046 ἐπὶ
868 1018 900 1045 τὰ

80 1060 130 1099 ὅρη
146 1063 182 1092 ὡς
212 1063 355 1101 στρουθίον,
375 1074 386 1089 n
419 1061 460 1090 ὅτι
488 1061 542 1090 ἰδοὺ
567 1064 590 1090 οἱ
616 1062 642 1095 ἐξ
657 1063 734 1099 ἡμῶν
749 1061 900 1101 ἁμαρτωλοὶ

81 1105 210 1132 ἐνέτειναν
244 1105 330 1146 τόξον,
365 1106 415 1140 τὴν
447 1108 500 1134 τῶν
539 1106 705 1145 ἀνθρωπίνων
737 1107 899 1146 πραγμάτων

81 1149 235 1187 ἐπιμέλειαν
270 1151 313 1178 καὶ
345 1149 477 1190 φροντίδα,
519 1151 562 1178 καὶ
596 1151 741 1188 ἡτοίμασαν
770 1149 834 1188 βέλη
863 1151 900 1182 εἰς

81 1193 222 1233 φαρέτραν,
250 1195 284 1223 τὰ
317 1198 351 1232 τῇ
385 1194 484 1230 διανοίᾳ
508 1196 592 1223 αὐτῶν
616 1194 818 1232 ἐναποτιθέμενα
845 1206 900 1223 πο-

79 1238 149 1277 νηρὰ
177 1237 342 1276 βουλεύματα
368 1239 411 1267 καὶ
447 1237 621 1278 διανοήμανα,
650 1237 694 1278 ἀφ’
720 1240 757 1266 ὦ)
784 1249 900 1267 κατατο-

80 1280 168 1314 ξεῦσαι
196 1282 222 1310 ἐν
252 1283 406 1320 σκοτομήνῃ
433 1282 599 1321 βουλεύονται
623 1284 647 1311 οἱ
674 1282 815 1322 ἀλάστορες
840 1283 900 1314 τοὺς

80 1326 166 1357 εὖθεϊς
192 1330 225 1364 τῇ
253 1326 353 1365 καρδίᾳ.
383 1332 434 1356 Τοῦ
462 1328 546 1355 τοίνυν
571 1327 713 1365 θαυμασίου
742 1328 842 1366 [Ia-cpi):
868 1330 901 1365 τῇ

80 1373 219 1410 προσευχῇ
233 1371 276 1398 καὶ
289 1374 323 1409 τῇ
351 1369 449 1407 διανοίᾳ
472 1375 518 1400 τοῦ
548 1371 629 1410 λόγου
657 1371 724 1409 μετὰ
747 1374 798 1399 τῶν
820 1370 899 1399 ἀδελ-

80 1417 137 1454 φῶν
171 1414 297 1455 φιλοθέως
331 1419 597 1456 προσκαρτεροῦντας,
637 1416 743 1456 ἔρχεταί
770 1427 810 1447 τις
834 1416 899 1456 πρὸς

81 1459 160 1487 αὐτὸν
188 1459 383 1500 στρατηλάτης,
422 1460 584 1492 Πολυευκτος
619 1459 744 1499 τοῦνομα,
771 1460 823 1488 ἀπὸ
850 1463 899 1493 τῆς

80 1514 221 1541 παροικιας
247 1503 423 1534 Μεσουϐιάνου
449 1508 499 1539 τῆς
528 1503 686 1545 Καλαὸρίας,
722 1505 806 1545 φέρων
843 1503 899 1542 μεθ’

941 897 972 919 se
987 888 1347 925 contulitmonasterium,
1374 888 1430 918 sibi
1455 888 1611 919 attendens
1636 887 1756 927 Deoque

940 942 1048 963 vacans
1061 937 1089 963 et
1103 933 1214 964 sanctis
1236 933 1348 972 angelis
1372 932 1496 963 audiens
1524 932 1708 962 hortantibus
1724 941 1757 962 ac

941 976 1124 1008 dicentibus:
1155 976 1347 1014 Transmigra
1373 976 1403 1007 in
1433 980 1547 1007 montes
1584 976 1660 1006 sicut
1689 985 1757 1016 pas-

940 1030 990 1051 ser
1003 1021 1049 1057 55;
1062 1021 1199 1061 quoniam
1216 1030 1297 1059 ecce,
1313 1021 1362 1061 qui
1378 1021 1415 1051 de
1431 1020 1517 1051 nobis
1532 1025 1601 1051 sunt
1617 1024 1756 1060 peccato-

940 1074 1001 1103 res,
1009 1065 1200 1096 intenderunt
1208 1075 1320 1101 arcum,
1329 1074 1427 1095 rerum
1436 1065 1551 1096 scilicet
1559 1065 1754 1095 humanarum

942 1109 1176 1150 procurationem
1203 1116 1233 1140 et
1257 1109 1501 1146 sollicitudinem,
1530 1112 1558 1139 et
1583 1113 1759 1149 paraverunt

941 1154 1062 1193 sagittas
1084 1154 1114 1184 in
1139 1155 1286 1194 pharetra,
1316 1162 1404 1194 prava
1427 1153 1566 1183 videlicet
1590 1153 1714 1183 consilia
1729 1154 1759 1183 et

941 1198 1143 1237 cogitationes,
1154 1207 1226 1238 quas
1235 1198 1264 1228 in
1275 1202 1403 1228 mentem
1411 1197 1582 1237 immittunt,
1591 1196 1759 1237 quibusque

940 1242 971 1273 in
987 1243 1112 1274 obscuro
1127 1247 1223 1273 rectos
1236 1243 1325 1273 corde
1350 1242 1487 1281 sagittare
1503 1242 1607 1272 nel‘arni
1622 1241 1755 1272 student.

943 1286 1015 1318 Cum
1031 1287 1128 1327 itaque
1143 1286 1334 1317 admirandus
1347 1286 1390 1316 vir
1415 1289 1493 1316 totus
1518 1290 1597 1316 esset
1613 1295 1679 1316 cum
1694 1286 1757 1315 fra-

942 1331 1036 1362 tribus
1060 1332 1088 1362 in
1120 1331 1252 1362 oratione
1279 1332 1484 1370 sermonisque
1508 1330 1554 1370 pio
1580 1330 1757 1368 ministerio,

942 1376 998 1407 dux
1013 1376 1131 1416 quidam
1148 1376 1294 1407 exercitus
1318 1375 1398 1406 venit
1421 1375 1458 1405 ad
1486 1384 1566 1415 eum,
1582 1375 1758 1416 Polyeuctus

942 1420 1074 1458 nomine,
1087 1429 1102 1451 e
1114 1421 1235 1460 regione
1246 1419 1409 1452 Mesuhiani
1420 1419 1483 1460 (Η)
1493 1419 1645 1460 Calabriae,
1656 1428 1758 1450 secum

940 1465 1052 1496 ducens
1079 1465 1172 1496 ﬁlium
1200 1475 1284 1496 suum
1323 1464 1505 1505 nequissimo
1540 1464 1675 1495 daemone
1703 1474 1759 1505 op-

942 1519 1087 1550 pressum.
1118 1509 1279 1541 Procidens
1306 1510 1397 1549 igitur
1423 1508 1459 1539 ad
1486 1508 1576 1545 pedes
1601 1508 1679 1540 beati
1702 1510 1757 1540 Pa-

81 1549 174 1578 ἑαυτοῦ
207 1550 252 1577 τὸν
276 1550 331 1577 υἱὸν
366 1550 444 1579 αὐτοῦ
468 1549 649 1590 κατεχόμενον
677 1550 727 1577 ὁπὸ
748 1548 880 1589 σφοδρωτά

980 1564 992 1585 s
1019 1554 1150 1594 rogabat,
1182 1560 1215 1585 ul.
1239 1548 1444 1585 misericordia
1471 1553 1654 1591 ﬂecteretur,
1685 1562 1757 1584 suo-

81 1603 128 1622 του
155 1592 276 1632 δαίμονος
302 1595 461 1632 Προσπεσὼν
488 1594 532 1623 οὗν
565 1595 635 1634 παρὰ
657 1594 717 1624 τοὺς
747 1592 827 1625 πόδας
857 1596 902 1621 τοῦ

82 1638 210 1677 μακαρίου
246 1639 347 1678 Πατρὸς
382 1638 524 1678 παρεκάλει
560 1639 637 1668 αὐτὸν
672 1637 902 1678 σπλαγχνισθῆναι

82 1680 125 1710 ἐπ’
141 1682 221 1720 αὑτῷ,
238 1683 281 1710 καὶ
309 1682 416 1716 ἐλεῆσαι
443 1684 488 1711 τὸν
517 1684 572 1711 υἱὸν
599 1684 689 1720 αὐτοῦ,
711 1681 902 1715 ἀπαλλάξαιτε

82 1726 160 1754 αὐτὸν
172 1732 218 1756 τοῦ
227 1726 311 1756 δεινοῦ
325 1727 485 1765 πνεύματος.

123 1765 178 1803 νη’.
196 1767 224 1799 ’0
253 1770 280 1798 δὲ
308 1770 389 1802 ὅντως
415 1772 470 1803 υἱὸς
493 1774 542 1806 τῆς
571 1771 784 1811 χριστομιμήτου
804 1781 900 1800 ταπει-

83 1815 241 1854 νοφροσύνης
283 1815 439 1855 ἀπεκρίνατο
486 1817 551 1856 πρὸς
600 1816 676 1844 αὑτὸν
694 1824 701 1830 ·
747 1817 899 1852 Πίστευσον,

83 1858 212 1899 ἄνθρωπε,
249 1858 289 1887 ὅτι
325 1858 448 1888 οὐδέποτε
477 1859 643 1900 παρεκάλεσα
672 1861 717 1888 τὸν
758 1861 822 1888 Θεὸν
856 1862 901 1888 τοῦ

83 1901 247 1942 δωρήσασθαι
282 1906 316 1941 τῇ
361 1903 517 1932 ταπεινώσει
562 1914 612 1941 μου
656 1904 734 1943 χάριν
769 1903 898 1941 ἰαμάτων,

83 1947 100 1981 ἢ
128 1951 249 1987 πονηρῶν
278 1948 433 1986 πνευμάτων
462 1947 610 1983 ἀποσοϐήν.
646 1947 709 1977 Εἴτε
743 1951 795 1976 τῶν
829 1947 900 1976 πολ-

83 1991 136 2020 λῶν
171 2004 220 2029 μου
258 1993 455 2032 ἁμαρτημάτων
482 1992 608 2030 δυναίμην
637 1992 796 2032 συγγνώμην
823 1993 901 2028 αἰτή-

84 2038 175 2065 σασθαι
210 2038 256 2065 τὸν
291 2038 367 2077 Θεὸν,
395 2038 439 2065 καὶ
467 2036 624 2076 ἀπαλλαγὴν
653 2040 706 2065 τῶν
734 2037 774 2065 ἀεὶ
801 2047 901 2076 παρεν-

83 2081 234 2120 οχλούντων
249 2091 282 2119 με
297 2085 419 2121 πονηρῶν
447 2080 592 2120 λογισμῶν.
622 2085 701 2120 Δεῦρο
724 2081 809 2109 τοίνυν
824 2082 900 2113 αὐτὸς

942 1608 1001 1649 que
1036 1600 1096 1631 tilio
1132 1609 1219 1640 opem
1251 1599 1352 1637 ferret,
1384 1598 1508 1638 depulso
1538 1598 1665 1638 maligno
1695 1598 1759 1639 spi-

941 1648 1012 1675 ritu.

983 1767 1032 1798 58.
1050 1764 1103 1797 Ille
1117 1775 1277 1805 germanus
1293 1765 1380 1805 plane
1405 1764 1582 1796 humilitatis
1606 1764 1758 1796 Christum

942 1811 1085 1842 imitantis
1099 1811 1176 1841 ﬁlius
1192 1810 1360 1850 respondit:
1372 1811 1539 1850 Nunquam,
1555 1809 1638 1847 mihi,
1657 1809 1757 1848 crede,

942 1856 1043 1896 rogavi
1057 1855 1225 1892 Dominum,
1241 1859 1273 1885 ut
1290 1863 1362 1885 mea;
1377 1855 1513 1885 tenuitati
1534 1854 1660 1884 donaret
1673 1863 1760 1884 cura-

942 1901 1054 1931 tionum
1063 1900 1257 1940 gratiam,aut
1267 1899 1421 1940 spirituum
1442 1899 1637 1938 malignorum
1658 1898 1762 1938 depul-

944 1944 1191 1976 sionem.Utinam
1203 1944 1360 1985 impetrare
1370 1953 1386 1975 a
1398 1944 1457 1974 Deo
1471 1952 1589 1983 possem
1601 1943 1758 1974 multorum

943 1998 1076 2020 meorum
1090 1989 1203 2020 veniam
1220 1993 1406 2029 peccatorum
1437 1992 1466 2019 et
1495 1988 1614 2019 liberari
1629 1997 1646 2018 a
1662 1987 1759 2028 pravis

943 2034 1179 2074 cogitationibus,
1197 2043 1262 2074 qua:
1276 2033 1349 2064 mihi
1371 2033 1498 2064 assuduo
1515 2033 1646 2064 molestae
1661 2036 1729 2063 sunt
1748 2031 1755 2063 !

942 2079 1009 2119 Ipse
1025 2082 1054 2109 tu
1070 2078 1163 2118 magis
1177 2087 1229 2118 pro
1245 2088 1292 2110 me
1317 2078 1352 2109 ad
1375 2078 1468 2109 Deum
1483 2087 1587 2118 preces
1602 2077 1757 2115 effundite,

84 2125 264 2164 παρακάλεσον
293 2127 338 2153 τὸν
372 2126 437 2153 Θεὸν
471 2125 572 2163 μᾶλλον
599 2126 663 2166 ὑπὲρ
687 2125 762 2163 ἐμοῦ,
792 2124 880 2165 ἁδελφὲ

980 2127 1041 2162 iter,
1056 2121 1081 2152 si
1095 2123 1169 2153 forte
1185 2122 1305 2154 liberari
1320 2131 1427 2163 queam
1441 2132 1457 2153 a
1474 2122 1574 2152 multis
1590 2120 1757 2152 circumob-

85 2169 168 2202 εἵπως
196 2169 227 2198 ἂν
247 2170 347 2208 ῥυθείην
371 2173 424 2198 τῶν
451 2170 676 2209 περικυκλοῦντων
700 2180 733 2208 με
760 2169 899 2208 δαιμονίων

83 2213 199 2244 πολλων.
232 2210 260 2243 ²Ο
289 2215 338 2254 γὰρ
373 2214 419 2246 σὸς
453 2215 508 2245 υίὸς
545 2214 570 2243 ἓν
600 2213 733 2252 δαιμόνιον
759 2213 829 2253 ἔχει,
856 2213 900 2241 καὶ

85 2259 147 2287 me
160 2258 300 2296 ἀκουσίως,
317 2258 384 2290 ἴσως
412 2257 440 2286 δὲ
467 2259 510 2286 καὶ
537 2258 602 2297 πρὸς
627 2257 758 2297 σωτηρίαν
772 2260 821 2290 τῆς
835 2257 900 2289 ἰδίας

85 2305 188 2343 ψυχῆς,
217 2303 273 2331 εἴτε
298 2304 364 2343 πρὸς
398 2302 600 2342 παρῳχηκότων
629 2302 826 2341 ἁμαρτημάτων
854 2301 901 2329 ἐκ-

84 2347 219 2387 λύτρωσιν,
246 2347 302 2376 εἴτε
328 2348 372 2375 καὶ
397 2348 463 2386 πρὸς
493 2346 643 2384 μελλόντων
666 2347 813 2382 ὰνακοπήν,
831 2345 902 2386 Ἐγὼ

85 2391 111 2419 δὲ
125 2395 160 2430 τῇ
185 2391 239 2430 ἐμῇ
265 2392 374 2431 ῥᾳθυμίᾳ
402 2392 446 2419 καὶ
473 2391 582 2429 ἀμελείᾳ
610 2389 668 2419 καθ’
696 2391 810 2424 ἑκάστην
840 2389 902 2420 δου-

85 2435 179 2473 λοῦμαι
195 2435 298 2474 χιλιᾶσι
323 2445 351 2463 τε
376 2436 420 2463 καὶ
448 2435 554 2474 μυριάσι
584 2434 715 2472 δαιμόνωι
743 2435 809 2474 πρὸς
824 2434 903 2462 ἀπω-

85 2479 219 2513 λειαν·τῆς
249 2482 340 2520 ψυχῆς
370 2490 432 2517 μου,
462 2482 549 2507 Ταῦτα
577 2479 656 2507 εἰπὼν

85 2525 166 2564 ρήσας
211 2526 315 2564 μικρὸν,
354 2523 502 2562 ἀπέκρυψεν
549 2523 639 2552 ἑαυτὸν

500 2606 532 2633 45
546 2606 623 2640 Psal.
636 2615 669 2646 x,
683 2606 713 2638 2.

698 2479 741 2506 καὶ
754 2479 862 2518 ὑπαναχ
863 2489 903 2505 ω-

682 2522 783 2562 ἧμέρας
817 2523 901 2562 τινὰς,

660 2503 668 2519 ⁷

123 2608 155 2634 64
166 2608 274 2640 Ezech.
291 2617 393 2647 χχχιιι,
411 2607 458 2639 11.

940 2166 1106 2198 sidentibus
1121 2176 1169 2197 me
1184 2166 1377 2197 daemonibus.
1395 2168 1470 2199 Nam
1488 2171 1554 2197 tuus
1575 2166 1652 2196 ﬁlius
1667 2174 1758 2195 unum

940 2211 1029 2242 habet
1044 2211 1232 2250 daemonium,
1248 2211 1336 2252 idque
1352 2221 1411 2242 non
1424 2221 1476 2242 sua
1505 2215 1621 2250 sponte,
1637 2210 1759 2240 fortasse

940 2264 1010 2286 vero
1026 2255 1062 2286 ad
1073 2255 1195 2286 salutem
1207 2256 1323 2296 anima),
1339 2256 1400 2287 sive
1417 2256 1454 2286 ob
1470 2257 1686 2296 praeteritomm
1703 2263 1758 2285 ex-

943 2299 1104 2340 piationem
1119 2300 1290 2337 criminum,
1307 2300 1367 2330 sive
1376 2299 1412 2330 ob
1424 2299 1530 2337 futura,
1548 2298 1584 2329 ad
1601 2298 1758 2330 cautelam.

942 2344 1002 2384 Ego
1024 2353 1091 2374 vero
1121 2344 1152 2375 in
1175 2345 1299 2384 segnitie
1323 2348 1353 2375 et
1376 2344 1512 2374 socordia
1537 2353 1603 2374 mea
1627 2343 1760 2384 quotidie

943 2388 1258 2428 subjiciorinnumeris
1273 2389 1439 2419 daemonum
1457 2388 1549 2428 copiis
1564 2388 1594 2418 in
1621 2387 1761 2428 perditio-

944 2442 1012 2464 nem
1028 2433 1134 2464 anima:
1149 2442 1232 2464 meae.
1245 2433 1299 2464 Hic
1311 2432 1408 2468 dictis,
1436 2433 1554 2471 paulum
1573 2442 1605 2463 se
1622 2432 1760 2463 subduxit

945 2481 974 2509 et
989 2487 1042 2518 per
1056 2477 1121 2508 dies
1136 2477 1248 2518 aliquot
1259 2478 1352 2516 latuit,
1365 2477 1474 2508 veritus
1483 2487 1531 2515 ne,
1544 2478 1569 2508 si
1584 2476 1761 2508 liberaretur

945 2531 1106 2563 oppressus
1120 2530 1136 2553 a
1152 2521 1298 2561 daemone,
1315 2522 1392 2553 fama
1419 2531 1472 2563 per
1495 2526 1583 2553 totam
1611 2525 1762 2553 emanaret

780 2694 903 2728 Joannis
917 2697 978 2729 Clei
994 2702 1080 2729 notae.

127 2760 190 2800 (4'7)
210 2759 338 2800 VSirletus
351 2758 449 2800 habet
474 2757 644 2800 Mestrium.
660 2756 693 2787 In
708 2756 823 2800 mappis
837 2766 905 2800 geo-

88 2796 233 2841 graphicis
259 2799 378 2832 invenio
407 2808 515 2840 pagum
552 2797 686 2830 Misiano
714 2796 907 2829 in’Calabria

947 2757 1080 2829 ιᾶῃῗὲἰοιιεὶ
1093 2757 1195 2799 quinto
1222 2759 1342 2792 milliari
1365 2769 1468 2791 versus
1492 2759 1639 2790 orientem
1665 2757 1764 2789 Mileto

969 2807 994 2829 IS
1026 2807 1044 2829 n
1060 2807 1118 2829 em.

969 2807 1118 2830 iswntem.
