1954 3059
73 150 128 182 101

684 151 778 183 VITA
799 151 830 182 S.
854 150 937 183 NILI
958 150 1145 182 JUNIORIS.

1700 150 1757 182 102

73 218 120 245 καὶ
151 217 331 258 εὖχαριστίας,
367 217 479 249 πίστεώς
514 228 543 245 τε
577 218 621 245 καὶ
649 216 751 249 ἐλπίδος
789 216 895 256 βεϐαίας

984 230 986 246 ι
1002 225 1054 256 per
1070 215 1241 255 prophetam
1258 214 1328 245 dixit
1343 225 1350 245 :
1369 214 1443 246 Nolo
1468 219 1593 246 mortem
1616 219 1756 256 peccato-

75 261 198 290 ἀπελθὼν
213 263 279 301 πρὸς
294 262 339 290 τὸν
363 261 486 300 εἰρηκότα
506 260 548 289 διὰ
576 266 622 291 τοῦ
638 263 774 301 προφήτου
791 271 798 278 ·
833 271 844 288 ι
863 263 899 290 Οὔ

73 305 146 334 θέλω
161 307 206 334 τὸν
233 306 342 334 θάνατον
369 309 413 334 τοῦ
440 305 607 346 ἁμαρτωλοῦ,
635 307 672 338 ὡς
700 307 730 334 τὸ
745 305 899 346 ἐπιπρέψαι

74 351 121 378 χαὶ
136 352 214 385 ζῆσαι
230 350 307 378 αὺτὸν
322 350 393 386 ζωὴν
407 350 457 384 τὴν
468 349 586 381 αἰώνιον.
602 362 616 378 n

118 389 169 430 νζ’·
199 395 272 422 Μετὰ
299 393 326 422 δὲ
354 395 385 422 τὸ
413 396 587 428 κατατεθῆναι
611 396 642 423 τὸ
666 398 743 433 σῶμα
768 396 844 424 αὐτοῦ
872 394 899 423 ἐν

75 441 116 474 τῷ
132 438 300 477 μοναστηρίῳ
326 441 375 472 τῆς
406 433 495 477 Ἀγίας
524 437 696 471 Ἀναστασίας
724 442 772 472 τῆς
802 438 899 478 παρθέ-

76 493 134 518 νου,
164 482 339 522 προσέρχεται
364 485 402 518 τῷ
430 483 558 519 θεσπεσίῳ
589 483 668 522 Πατρὶ
695 484 708 510 ὁ
733 483 818 521 ῥηθεὶς
843 494 899 520 μη-

76 525 237 565 τροπολίτης
271 525 444 554 ὑποδεικνύων
495 528 564 563 αὑτῷ
599 527 648 559 τὴν
683 531 730 556 τοῦ
764 525 900 565 βασιλικοῦ

76 568 208 604 διαθήκην
225 578 232 584 ·
263 569 289 597 ἐν
324 572 342 609 ᾖ
369 575 416 599 τοῦ
439 581 468 598 τε
495 570 568 608 πάσῃ
592 574 688 608 κινητῇ
715 571 757 598 καὶ
785 571 901 607 ἀκινήτῳ

79 614 160 642 αὖτοῦ
185 614 326 653 ὕποστᾷσει
360 614 499 653 ἐπίτροπον
533 615 576 642 καὶ
602 613 732 648 δεσπότην
757 615 802 642 τόν
829 614 901 642 ὅσιον

79 656 252 696 διεγράψατο.
270 650 368 697 "Eme?
395 650 555 695 θεασάμενος
580 659 593 686 ὁ
621 659 761 698 μακάριος,
787 659 830 686 καὶ
852 658 901 691 τὴν

81 701 109 729 ἐν
137 701 244 733 ἐκείνοις
272 709 331 734 τοῖς
360 702 511 741 πράγμασιν
541 702 670 742 ὰαχολίαν
700 702 796 742 παγίδα
831 703 901 730 εἶναι

80 747 127 773 καὶ
142 746 242 786 χλεύην
266 750 311 775 τοῦ
340 745 460 774 διαϐόλου
487 747 665 786 κατανοήσας,
694 747 780 775 πάντα
796 746 902 786 ἐπιτρέ-

81 792 136 827 ψας
161 794 199 828 τῷ
227 792 296 828 αὒτῴ
317 790 494 830 μετροπολίτῃ
522 790 628 831 διχαίωρ
656 792 839 831 οἰκονομῆσαι,
866 792 902 822 ὡς

82 838 122 871 τῷ
152 835 183 862 τὰ
206 835 292 863 πάντα
320 835 444 875 ἐφερῶντι
474 838 531 872 Θεῴ
565 834 727 864 ἀποδώσοντι
762 836 811 868 τὴν
845 835 903 874 περὶ

82 879 182 906 τούτων
212 878 367 919 ἀπολογίαν,
394 879 470 910 αὐτὸς
497 880 527 907 τὸ
557 880 655 908 οἰκεῖον
682 878 812 908 κατέλαϐε
835 890 902 916 μον-

83 923 220 962 αστήριον,
258 924 342 960 ἑαυτῷ
376 923 529 963 προσέχων,
564 925 607 951 καὶ
637 927 675 961 τῷ
701 927 758 960 Θεῷ
786 934 903 963 προσαν-

83 967 169 1006 ἑχων,
196 968 239 995 καὶ
269 968 422 1005 πειθόμενος
458 974 515 999 τοῖς
553 968 638 1007 ἁγίοις
672 967 796 1007 ἀγγέλοις
833 970 904 1004 αὒτῷ

82 1012 237 1050 παραινοῦσί
251 1023 280 1039 τε
306 1013 349 1040 καὶ
375 1011 493 1050 λέγουσιν
511 1019 518 1027 ’
552 1024 566 1039 α
597 1013 793 1041 Μεταναστεύου
815 1011 856 1040 ἐπὶ
871 1012 904 1039 τὰ

83 1054 134 1093 ὅρη
149 1057 186 1086 ὡς
216 1057 358 1095 στρουθέον,
378 1068 390 1083 ιι
423 1055 463 1084 ὅτι
491 1055 544 1084 ἰδοὺ
571 1058 593 1084 οἱ
620 1055 645 1089 ἐξ
660 1057 737 1094 ἡμῶν
752 1055 903 1096 ἁμαρτωλοὶ

83 1099 214 1127 ἐνέτειναν
248 1100 333 1140 τόξον,
369 1100 418 1134 τὴν
451 1103 502 1128 τῶν
541 1100 708 1140 ἀνθρωπίνων
740 1101 902 1140 πραγμάτων

83 1142 239 1180 ἐπιμέλειαν
273 1145 317 1172 καὶ
349 1143 480 1184 φροντίδα,
521 1146 565 1173 καὶ
599 1145 744 1182 ἡτοίμασαν
773 1144 838 1182 βέλη
867 1145 903 1176 εἰς

83 1187 226 1227 φαρέτραν,
254 1189 287 1216 τὰ
320 1192 354 1227 τῇ
388 1188 488 1225 διανοίᾳ
511 1191 596 1218 αὐτῶν
619 1188 822 1226 ἑναποτιθέμενα
850 1200 903 1218 πο-

82 1232 152 1271 νηρὰ
181 1231 345 1270 βουλεύματα
371 1234 414 1261 καὶ
450 1232 624 1273 διανοήμανα,
653 1232 698 1273 ἀφ’
724 1235 760 1261 ὧι
788 1244 904 1261 κατατο-

84 1275 171 1308 ξεῦσαι
200 1276 226 1304 ἐν
255 1278 409 1315 σκοτομήνῃ
437 1277 603 1315 βουλεύονται
627 1279 650 1306 οἱ
678 1277 819 1317 ἀλάστορες
844 1278 904 1308 τοὺς

84 1320 170 1351 εὖθεῖς
196 1324 229 1358 τῇ
257 1321 357 1359 καρδίᾳ.
387 1326 438 1351 Τοῦ
466 1322 549 1350 τοίνυν
575 1322 717 1359 θαυμασίου
746 1323 845 1361 [ἰατρὸς
872 1324 905 1360 τῇ

83 1367 222 1404 προσευχῇ
237 1366 280 1393 καὶ
293 1368 327 1404 τῇ
355 1364 453 1402 διανοίᾳ
476 1369 522 1394 τοῦ
552 1365 633 1405 λόγου
661 1366 727 1404 μετὰ
751 1369 802 1394 τῶν
824 1365 903 1393 ἀδελ-

83 1411 142 1448 φῶν
175 1409 300 1449 φιλοθέως
336 1414 601 1451 προσκαρτερῶν-τος,
641 1410 747 1450 ἔρχεταί
774 1422 814 1442 τις
838 1411 903 1450 πρὸς

84 1454 165 1481 αὑτὸν
192 1453 387 1494 στρατηλάτης,
426 1454 588 1486 Πολυευκτος
623 1455 748 1493 τοῦνομα,
775 1455 827 1483 ἀπὸ
854 1457 903 1488 τῆς

83 1508 225 1535 παροικιας
250 1497 427 1528 Μεσουϐιάνου
453 1502 502 1533 τῆς
532 1497 690 1539 Καλαϐρίας,
726 1499 810 1540 φέρων
847 1497 903 1536 μεθ’

84 1543 179 1572 ἑαυτοῦ
211 1544 256 1571 τὸν
280 1544 335 1571 υἱὸν
370 1544 448 1573 αὺτοῦ
472 1544 653 1584 κατεχόμενον
681 1545 731 1572 ὸπὸ
752 1543 905 1583 σφοόρωτά-

83 1597 132 1616 του
159 1586 279 1625 δαίμονος
306 1588 465 1627 Προσπεσὼν
492 1588 536 1616 οὗν
569 1589 640 1628 παρὰ
661 1588 721 1619 τοὺς
750 1586 831 1620 πόδας
860 1591 906 1616 τοῦ

85 1632 214 1670 μακαρίου
250 1633 351 1671 Πατρὸς
386 1631 528 1672 παρεκάλει
564 1633 641 1662 αὐτὸν
675 1631 905 1672 σπλαγχνισθῆναι

85 1673 129 1703 ἐπ’
144 1676 226 1713 αὐτῷ,
242 1677 285 1704 καὶ
313 1676 420 1710 ἐλεῆσαι
447 1678 492 1705 τὸν
521 1678 576 1705 υἱὸν
604 1678 693 1714 αὐτοῦ,
715 1676 863 1710 ἀπαλλάξαι
877 1687 906 1705 τε

85 1719 164 1748 αὖτὸν
176 1725 222 1750 τοὺ
231 1719 316 1749 δεινοῦ
329 1721 488 1759 πνεύματος.

127 1759 182 1797 νη’.
200 1760 228 1793 Ὀ
257 1764 284 1792 δὲ
312 1764 393 1796 ὄντως
419 1766 474 1797 υἱὸς
497 1769 546 1799 τῆς
575 1766 788 1805 χριστομιμήτου
808 1776 904 1794 ταπει-

86 1809 246 1848 νοφροσύνης
287 1809 443 1848 ἀπεκρίνατο
490 1811 556 1850 πρὸς
605 1811 680 1838 αὑτὸν
698 1818 705 1824 ·
751 1811 904 1846 Πίστευσον,

86 1852 217 1893 ἄνθρωπε,
253 1852 293 1881 ὅτι
329 1852 452 1882 οὐδέποτε
481 1853 647 1894 παρεκάλεσα
676 1855 721 1882 τὸν
762 1855 826 1882 Θεὸν
860 1857 905 1882 τοῦ

86 1896 251 1936 δωρήσασθαι
286 1900 320 1935 τῇ
365 1897 521 1926 ταπεινώσει
566 1909 616 1935 μου
661 1898 738 1937 χάριν
773 1898 903 1936 ίαμάτων,

86 1941 104 1975 ἢ
131 1945 254 1981 πονηρῶν
282 1942 438 1980 πνευμάτων
466 1941 615 1977 ἆποσοϐήν.
650 1942 712 1971 Εἴτε
747 1946 799 1970 τῶν
833 1941 904 1970 πολ-

86 1985 140 2014 λῶν
175 1998 224 2023 μου
262 1987 459 2026 ἁμαρτημάτων
487 1986 612 2024 δυναίμην
641 1987 799 2026 συγγνώμην
826 1987 906 2022 αἰτή-

87 2032 179 2059 σασθαι
214 2032 260 2059 τὸν
294 2032 372 2071 Θεὸν,
399 2032 443 2059 καὶ
471 2031 629 2070 ἀπαλλαγὴν
658 2034 710 2059 τῶν
738 2031 777 2059 ἀεὶ
805 2042 905 2070 παρεν-

87 2075 238 2114 οχλούντων
253 2085 286 2113 με
301 2079 424 2115 πονηρῶν
451 2075 597 2114 λογισμῶν.
626 2078 705 2115 Δεῦρο
727 2076 812 2103 τοίνυν
828 2077 904 2107 αὒτὸς

939 260 992 300 ris,
1017 269 1105 300 quam
1128 264 1159 290 ut
1187 263 1377 291 convertatur
1402 263 1431 290 et
1453 259 1540 291 vitam
1566 260 1640 291 vivat
1664 265 1753 292 aster-

940 313 1008 335 nam
1023 305 1064 336 44.
1083 316 1096 333 ι

982 395 1030 426 5'1.
1047 394 1202 435 Postquam
1231 402 1338 433 corpus
1362 393 1426 433 ejus
1453 393 1618 434 depositum
1649 393 1701 424 fuit
1726 393 1756 424 in

941 439 1119 470 monasterio
1134 442 1242 469 sanctae
1257 438 1378 477 virginis
1392 437 1563 474 Anastasize,
1582 438 1707 469 accessit
1719 438 1755 468 ad

940 484 1139 515 venerandum
1156 484 1270 515 Patrem
1288 483 1484 523 metropolita,
1511 493 1598 523 quem
1614 483 1754 520 diximus,

941 538 1074 569 proregis
1090 532 1292 560 testamentem
1309 528 1478 563 ostendi-ns,
1505 528 1534 558 in
1550 537 1607 567 quo
1624 529 1755 558 omnium

942 573 992 604 ille
1007 573 1151 604 bonorum
1166 583 1286 604 suorum
1318 573 1471 603 mobilium
1499 571 1755 612 immobiliumque

942 622 1105 648 curatorem
1119 622 1148 648 et
1162 618 1316 648 dominum
1333 617 1632 656 scripseratsanctum
1649 616 1756 647 virum.

942 661 1026 698 Quod
1042 661 1105 702 ipse
1118 662 1220 692 videns
1236 665 1264 692 et
1279 661 1465 700 negotiorum
1481 660 1652 699 hujusmodi
1666 669 1758 691 occu-

944 706 1103 746 pationem,
1141 705 1250 736 diaboli
1279 706 1415 745 laqueum
1451 708 1480 735 et
1509 704 1666 734 ludibrium
1693 713 1759 735 esse

943 750 1121 789 intelligens,
1137 750 1233 780 eidem
1263 749 1456 789 metropolitaa
1481 748 1631 779 tractanda
1659 748 1760 779 omnia

941 794 1020 834 jusle
1037 794 1180 834 permisit,
1206 798 1341 833 tanquam
1368 794 1514 824 rationem
1543 793 1696 824 reddituro
1723 793 1761 823 de

911 838 1184 880 Billisinspicienti
1207 838 1306 868 omnia
1329 837 1406 869 Deo:
1436 838 1499 878 ipse
1522 847 1591 868 vero
1617 837 1647 867 in
1674 846 1759 868 suum

945 892 976 913 se
991 883 1114 913 contulit
1128 882 1350 919 monasterium,
1377 882 1434 912 sibi
1459 882 1614 913 attendens
1640 880 1761 921 Deoque

944 936 1052 958 vacans
1065 932 1092 957 et
1107 927 1217 958 sanctis
1239 927 1351 966 angelis
1376 926 1499 957 audiens
1528 925 1712 956 hortantibus
1728 935 1761 956 ac

944 970 1127 1002 dicentibus:
1158 971 1350 1009 Transmigra
1376 970 1406 1001 in
1436 974 1551 1001 montes
1588 970 1663 1001 sicut
1693 979 1761 1010 pas-

944 1024 994 1046 ser
1007 1016 1053 1051 ‘5;
1065 1015 1202 1056 quoniam
1219 1024 1300 1053 ecce,
1316 1015 1366 1055 qui
1381 1015 1418 1046 de
1434 1015 1520 1045 nobis
1536 1020 1605 1045 sunt
1621 1019 1760 1054 peccato-

944 1069 1004 1097 res,
1013 1060 1203 1091 intenderunt
1211 1069 1323 1095 arcum,
1332 1068 1430 1090 rerum
1439 1059 1555 1090 scilicet
1563 1059 1758 1090 humanarum

945 1104 1180 1144 procurationem
1205 1110 1236 1135 et
1260 1103 1504 1141 sollicitudinem,
1534 1107 1562 1134 et
1587 1107 1762 1144 paraverunt

945 1149 1065 1187 sagittas
1087 1149 1117 1178 in
1142 1149 1289 1188 pharetra,
1320 1157 1407 1188 prava
1431 1147 1570 1178 videlicet
1593 1148 1717 1178 consilia
1733 1149 1762 1178 et

945 1193 1147 1231 cogitationes,
1157 1202 1229 1233 quas
1238 1193 1268 1223 in
1279 1197 1406 1223 mentem
1415 1191 1586 1231 immittunt,
1594 1191 1762 1231 quibusque

944 1236 974 1268 in
991 1237 1115 1268 obscuro
1130 1242 1227 1268 rectos
1239 1237 1328 1268 corde
1353 1237 1490 1276 sagittare
1506 1236 1610 1267 nefarii
1626 1236 1758 1266 student.

947 1280 1018 1312 Cum
1035 1282 1132 1321 itaque
1147 1281 1337 1312 admirandus
1350 1281 1393 1311 vir
1419 1284 1496 1311 totus
1521 1285 1601 1311 esset
1617 1290 1682 1310 cum
1698 1280 1761 1310 fra-

946 1325 1039 1356 tribus
1063 1326 1093 1356 in
1124 1326 1256 1356 oratione
1282 1326 1488 1365 sermonisque
1511 1325 1558 1365 pio
1583 1324 1761 1362 ministerio,

946 1371 1002 1401 dux
1017 1370 1135 1410 quidam
1152 1371 1297 1401 exercitus
1321 1370 1402 1401 venit
1425 1369 1461 1400 ad
1490 1378 1569 1409 eum,
1586 1370 1761 1410 Polyeuctus

945 1415 1078 1452 nomine,
1090 1424 1107 1445 e
1118 1415 1239 1454 regione
1249 1413 1412 1447 Mesubiani
1424 1413 1487 1455 (47)
1497 1413 1649 1454 Calabriae,
1660 1422 1762 1445 secum

944 1459 1056 1490 ducens
1083 1460 1176 1491 filium
1204 1469 1288 1490 suum
1327 1458 1509 1499 nequissimo
1544 1458 1679 1490 daamonc
1707 1468 1762 1499 op-

946 1513 1091 1544 pressum.
1122 1504 1282 1535 Procidens
1310 1504 1400 1543 igitur
1426 1503 1462 1534 ad
1490 1502 1581 1540 pedes
1604 1503 1683 1534 beati
1704 1505 1761 1535 Pa-

914 1548 996 1580 Ctris
1023 1549 1154 1589 rogabat,
1187 1555 1219 1580 ut
1243 1547 1447 1579 misericordia
1475 1547 1658 1585 ﬂecteretur,
1689 1557 1761 1578 suo-

946 1603 1005 1634 que
1040 1595 1100 1626 iilio
1135 1603 1222 1634 opem
1255 1593 1356 1631 ferret,
1387 1592 1512 1632 depulso
1542 1592 1669 1632 maligno
1699 1592 1763 1633 spi-

945 1638 1015 1670 ritu.

987 1761 1036 1793 58.
1054 1759 1106 1791 Ille
1121 1769 1281 1800 germanus
1297 1760 1384 1800 plane
1408 1759 1586 1791 humilitatis
1610 1759 1762 1791 Christum

946 1805 1089 1836 imitantis
1103 1805 1180 1836 ﬁlius
1195 1805 1364 1845 respondit:
1376 1805 1543 1845 Nunquam,
1558 1804 1642 1842 mihi,
1661 1804 1761 1842 crede,

946 1851 1047 1890 rogavi
1060 1849 1229 1887 Dominum,
1244 1853 1277 1880 ut
1293 1859 1366 1880 mea:
1380 1849 1516 1880 tenuitati
1538 1849 1663 1880 donaret
1677 1858 1764 1879 cura-

946 1895 1058 1926 tionum
1067 1894 1261 1934 gratiam,aut
1271 1894 1425 1935 spirituum
1446 1894 1641 1933 malignorum
1662 1893 1766 1933 depul-

948 1938 1195 1970 sionem.Utinam
1207 1939 1364 1979 impetrare
1374 1948 1390 1969 a
1402 1938 1461 1969 Deo
1475 1947 1592 1978 possem
1604 1938 1762 1968 multorum

947 1993 1080 2015 meorum
1093 1984 1208 2014 veniam
1224 1987 1411 2024 peccatorum
1441 1987 1470 2014 et
1498 1983 1618 2013 liberari
1633 1992 1650 2013 a
1666 1982 1763 2023 pravis

947 2028 1183 2068 cogitationibus,
1201 2037 1266 2068 qua
1281 2027 1353 2058 mihi
1375 2027 1503 2058 assuduo
1519 2027 1650 2058 molestae
1665 2031 1733 2058 sunt
1751 2025 1758 2057 l

946 2074 1012 2114 Ipse
1028 2077 1057 2103 tu
1074 2073 1167 2112 magis
1181 2082 1233 2113 pro
1249 2082 1296 2104 me
1321 2073 1356 2104 ad
1379 2072 1472 2103 Deum
1487 2081 1591 2112 preces
1605 2072 1761 2109 eﬂundito,

87 2119 268 2158 παρακάλεσον
297 2121 341 2148 τὸν
376 2120 440 2148 Θεὸν
463 2117 576 2157 μᾶλλον
603 2120 667 2159 ὑπὲρ
691 2119 765 2157 ἐμοῦ,
796 2119 901 2160 ἀδελφὲ,

984 2121 1045 2157 iter,
1060 2116 1085 2147 si
1099 2117 1173 2148 forte
1187 2117 1309 2148 liberari
1323 2126 1431 2157 queam
1445 2126 1461 2147 a
1478 2116 1578 2146 multis
1593 2115 1760 2147 circumob-

88 2163 171 2196 εἵπως
200 2164 230 2192 ἂν
250 2164 351 2202 ῥοθείην
375 2167 428 2192 τῶν
455 2163 680 2203 περιχυχλούντων
704 2175 737 2202 με
763 2163 903 2202 δαιμονίων

87 2207 203 2238 πολλων.
236 2203 264 2237 Ὀ
293 2209 342 2248 γὰρ
377 2208 423 2240 σὸς
457 2209 512 2239 υἱὸς
548 2209 575 2236 ἓν
604 2207 737 2246 δαιμόνιον
763 2207 833 2247 ἔχει,
860 2208 904 2235 καὶ

88 2253 151 2281 αὐτὸ
164 2252 304 2290 ἀκουσίως,
320 2252 388 2284 ἴσως
416 2251 443 2280 δὲ
471 2253 514 2280 καὶ
541 2252 606 2291 πρὸς
631 2251 762 2291 σωτηρίαν
776 2254 825 2284 τῆς
839 2251 904 2283 ἰδίας

88 2299 192 2337 ψυχῆς,
221 2297 276 2325 εἴτε
302 2298 368 2337 πρὸς
402 2296 605 2336 παρῳχηκότων
633 2296 830 2335 ἁμαρτημάτων
858 2295 905 2324 ἐκ-

87 2341 223 2380 λύτρωσιν,
250 2341 306 2370 εἴτε
332 2342 376 2370 καὶ
401 2342 466 2380 πρὸς
497 2340 647 2378 μελλόντων
670 2341 817 2376 ἂνακοπήν.
835 2339 906 2380 Ἐγὼ

88 2384 114 2413 δὲ
129 2389 164 2424 τῇ
189 2385 243 2423 ἐμῇ
269 2386 378 2424 ῥᾳθυμίᾳ
405 2386 449 2413 καὶ
477 2384 586 2423 ἀμελείᾳ
614 2383 672 2413 καθ’
700 2385 814 2418 ἑκάστην
844 2384 906 2414 δου-

87 2428 183 2466 λοῦμαι
198 2428 302 2468 χιλιᾶσι
326 2439 354 2456 τε
379 2429 423 2457 χαὶ
452 2429 558 2468 μυριάσι
588 2428 719 2466 δαιμόνωι
747 2430 813 2469 πρὸς
828 2428 906 2456 ἀπω-

88 2473 223 2507 λειαντῆς
252 2475 344 2514 ψυχῆς
373 2484 435 2511 μου.
466 2476 552 2501 Ταῦτα
581 2473 660 2501 εἰπὼν

88 2519 170 2558 ρῆσας

701 2473 745 2501 καὶ
758 2474 906 2501 ὸπαναγω-

215 2484 223 2504 ς
373 2484 435 2511 μου.
471 2484 552 2501 ιαυτα
581 2484 672 2513 ειπων,
701 2484 745 2501 και
758 2484 905 2512 υπαναχω-

215 2519 318 2558 μικρὸν,
357 2517 506 2556 ἀπέκρυψεν
553 2517 643 2546 ἑαυτὸν
686 2517 787 2556 ἡμέρας
821 2518 905 2556 τινὰς,

126 2603 158 2628 ιι
170 2602 278 2634 Ezech.
294 2610 397 2641 χχχιιι,
414 2602 461 2633 lt.
503 2601 536 2628 45
549 2600 626 2634 Psal.
640 2609 673 2641 x,
686 2601 716 2632 2.

784 2688 907 2722 Joannis

129 2754 193 2796 (47)
212 2753 341 2796 _Sir_letus
354 2752 453 2796 habet
477 2751 648 2796 Mestrium.
664 2750 697 2782 In
712 2750 827 2796 mappis
841 2760 909 2796 geo-

89 2791 237 2836 graphicis
262 2793 382 2826 invenio
411 2802 518 2834 pagum
556 2791 690 2824 Misiano
717 2791 910 2823 in’Calabria

944 2161 1110 2192 sidentibus
1125 2170 1173 2192 me
1188 2161 1381 2192 daemonibus.
1399 2163 1475 2194 Nam
1492 2165 1558 2191 tuus
1579 2161 1656 2191 ﬁlius
1671 2169 1762 2190 unum

944 2205 1033 2236 habet
1048 2205 1236 2244 daemonium,
1252 2206 1340 2246 idque
1355 2215 1415 2236 non
1428 2215 1480 2236 sua
1509 2209 1625 2245 sponte,
1641 2205 1763 2236 fortasse

944 2259 1014 2281 vero
1030 2249 1066 2280 ad
1077 2250 1199 2281 salutem
1211 2250 1327 2291 animae,
1343 2250 1404 2281 sive
1420 2250 1457 2280 ob
1474 2251 1690 2290 praeteritorum
1706 2259 1762 2280 ex-

947 2294 1108 2334 piationem
1124 2294 1294 2332 criminum,
1311 2295 1371 2325 sive
1380 2293 1416 2324 ob
1428 2294 1535 2331 futura,
1552 2293 1587 2324 ad
1606 2293 1762 2326 cautelam.

946 2338 1006 2378 Ego
1028 2348 1095 2369 vero
1126 2339 1155 2369 in
1179 2339 1303 2379 segnitie
1327 2343 1357 2370 et
1380 2338 1516 2369 socordia
1541 2347 1607 2368 mea
1631 2337 1764 2378 quotidie

947 2382 1262 2423 subjiciorinnumeris
1276 2383 1442 2414 daemonum
1461 2383 1553 2423 copiis
1568 2382 1598 2412 in
1625 2382 1765 2423 perditio-

948 2437 1016 2458 nem
1032 2427 1138 2458 animae
1152 2437 1236 2459 meaa.
1249 2428 1303 2459 Hic
1315 2428 1411 2463 dictis.
1439 2428 1558 2466 paulum
1577 2437 1609 2458 se
1625 2426 1764 2457 subduxit

949 2476 978 2503 et
993 2481 1045 2513 per
1059 2472 1125 2503 dies
1140 2472 1252 2512 aliquot
1262 2473 1356 2511 latuit,
1369 2472 1478 2503 veritus
1487 2482 1536 2510 ne,
1548 2473 1573 2502 si
1587 2471 1765 2502 liberaretur

949 2525 1110 2558 oppressus
1124 2525 1140 2548 a
1156 2517 1302 2556 dannone,
1319 2517 1396 2548 fama
1423 2526 1476 2558 per
1499 2521 1587 2548 totam
1615 2520 1766 2547 emanaret

921 2691 982 2724 Clei
998 2696 1084 2723 noue.

950 2751 1084 2824 altqziolri
1097 2752 1199 2793 quinto
1226 2753 1346 2786 milliari
1369 2763 1471 2785 versus
1495 2753 1643 2785 orientem
1668 2752 1767 2784 Mileto

973 2802 998 2824 IS
1030 2802 1048 2823 n
1064 2802 1122 2824 em.

973 2802 1122 2824 iswmem.
