1954 3059
33 153 93 186 105
646 155 739 189 VITA
760 155 792 189 S.
812 155 853 188 Nl

962 155 1102 188 NIORIS.
1655 157 1715 191 106

33 232 72 250 τει
107 221 172 251 ποτὲ
200 221 357 263 ἀμφοτέρων
388 224 442 251 τῶν
475 223 585 262 χωρῶν,
614 221 728 256 Ἰταλιας
755 234 785 253 τι
812 224 853 252 καῖ

960 222 1090 260 vinciam,
1107 221 1232 263 Italiam,
1256 223 1389 264 inquam,
1419 227 1449 255 et
1477 223 1643 255 Calabriam
1657 234 1714 256 no-

33 269 83 300 τῆς
112 265 170 295 καθ’
194 267 265 304 ἡμᾶς
290 265 437 306 Καλαϐρίας
462 267 610 307 Νικηφόρος
640 269 653 296 ὁ
684 268 828 308 μάγιστρος
846 277 853 286 ⁸

961 276 999 305 m,
1008 266 1338 307 Nicephorusdignitate
1345 268 1477 308 magistri
1488 269 1552 308 (48)
1562 268 1714 308 praeditus,

34 311 138 351 πρῶτος
174 311 218 340 καὶ
253 311 333 348 μόνος
368 315 406 348 τῷ
451 311 568 350 μεγίστῳ
608 311 739 350 ἀξιώματι
772 313 853 349 τούτῳ

960 320 1012 342 nus
1040 315 1068 341 et
1096 320 1172 342 unus
1199 315 1231 342 ut
1259 312 1316 342 hoc
1345 313 1516 351 magistratu
1543 313 1716 352 fungeretur

34 356 106 395 παρὰ
139 359 191 384 τῶν
231 354 345 384 εὐσεϐῶν
370 355 515 395 *βασιλέων
549 356 591 384 ἐπὶ
633 363 692 388 ταῖς
727 357 858 395 ῥηθείσαις

36 391 138 440 χώραις
167 400 338 432 ἀποσταλείς.
368 391 446 429 Ὥστε
474 401 487 428 ὁ
510 401 651 441 μάγιστρος
679 391 860 441 τῇ1μεγαλο-

37 446 102 485 quiq
130 447 172 473 καὶ
206 449 241 483 τῇ
275 444 332 481 ἀξίᾳ
364 445 522 483 νικώμενος,
554 445 651 483 βουλὴν
687 444 860 476 ἐϐουλεύσατο

37 497 98 522 ταῖς
133 491 180 528 μὲν
209 490 382 529 ἀνθρωπίναις
410 490 520 522 ἐννοίαις
556 490 711 526 ἀπόδεκτον,
741 492 785 519 καὶ
812 491 860 520 δο-

37 541 135 566 κοῦσαν
162 535 309 576 ὠφέλιμον,
335 536 374 573 τῷ
396 537 480 573 θεϊκῷ
504 535 530 563 δὲ
559 535 706 574 βουλήματι
735 536 860 565 ἀνθιστα-

39 580 136 617 μένην,
163 581 206 608 καὶ
234 579 357 617 μηδόλως
382 580 545 619 εὐπρόσιτον,
573 581 609 611 ὡς
637 581 667 608 τὸ
694 579 769 612 τέλος
798 580 861 608 ἀπέ-

39 622 133 656 ὂειΞεν,
163 623 318 663 Ἐλογίσατο
347 624 396 663 γὰρ
423 622 463 663 ἐφ’
491 623 589 661 ἑκάστῃ
619 627 672 652 τῶν
697 627 746 657 τῆς
768 623 860 652 Καλα-

41 667 115 707 6ρίας
147 667 248 697 πόλεων
278 669 471 697 κατασκευάσαι
500 669 532 697 τὰ
560 668 692 707 λεγόμενα
721 667 859 708 χελάνδια,

40 713 86 740 καὶ
113 711 146 740 δι’
181 713 264 741 αὒτῶν
291 713 321 740 οὗ
346 715 426 750 μόνον
455 713 549 744 ἑαυτὰς
577 711 714 752 φυλάττειν
741 711 860 751 ἀσφαλε-

41 756 140 788 στᾶτας
175 757 218 785 καὶ
245 755 485 793 ἆνεπιϐουλεύτους,
515 755 582 784 ἀλλὰ
612 757 656 784 καὶ
682 757 732 790 τὴν
759 756 863 794 γείτονα

41 801 86 829 καὶ
121 801 217 841 ἐχθρὰν
253 800 374 829 Σικελίαν
408 801 548 840 ἀφανισμῷ
583 799 752 840 παραδοῦναι,
782 803 864 829 Τοῦτο

42 845 124 883 δὲμὴ
150 845 299 885 ἐνεγκόντες
323 848 345 874 οἱ
372 846 494 885 πάροικοι
524 841 668 883 Ῥυσιάνου,
698 847 735 877 ὡς
764 845 864 880 ἀσυνή-

901 355 1008 386 missus
1022 365 1038 386 a
1053 355 1109 395 piis
1125 356 1352 396 imperatoribus
1367 357 1397 388 in
1410 367 1458 388 eas
1473 358 1648 397 provincias.
1663 357 1717 388 Hic

900 400 989 440 igitur
1003 400 1094 430 animi
1111 401 1313 439 magnitudine
1325 406 1354 432 et
1366 402 1554 442 magistratus
1578 402 1718 442 amplitu-

902 445 971 475 dine
986 445 1115 482 inﬂatus,
1133 445 1287 476 consilium
1304 446 1409 478 habuit
1434 447 1563 478 humana
1578 446 1719 487 opinione

902 497 961 519 non
983 489 1222 529 improbandum,
1244 490 1295 521 sed
1312 490 1469 522 utilitatem
1485 500 1546 531 prie
1560 500 1592 522 se
1606 491 1718 529 ferens,

901 533 954 564 Dei
970 537 1068 564 tamen
1084 534 1223 565 voluntati
1247 534 1385 566 obnitens
1410 540 1438 566 et
1465 536 1544 566 nullo
1562 536 1648 566 modo
1662 535 1717 566 ad-

903 578 1092 616 mittendum,
1109 582 1140 609 ut
1154 579 1199 609 rei
1214 579 1282 609 ﬁnis
1310 579 1451 611 ostendit.
1483 579 1624 619 Cogitavit
1638 581 1718 610 enim

902 623 1025 661 singulis
1037 622 1180 653 Calabriw
1191 623 1358 654 civitatibus
1370 633 1459 656 naves
1471 624 1536 654 illas
1555 623 1718 661 aedificare,

903 676 968 706 qua:
982 671 1124 698 vocantur
1138 667 1293 698 chelandia
1322 669 1394 709 (49),
1427 668 1535 708 quibus
1551 678 1609 699 non
1625 668 1721 698 solum

903 711 975 750 ipsae
987 711 1154 742 urbestutaa
1165 712 1310 743 essentab
1321 713 1491 744 incursibus
1510 712 1653 752 hostium,
1669 711 1724 743 sed

904 755 1002 786 vicina
1017 756 1105 787 etiam
1121 759 1150 786 et
1165 757 1281 788 hostilis
1295 757 1396 788 Sicilia
1410 757 1621 788 debellaretur.
1638 755 1723 792 Quod

904 808 980 839 aegre
995 800 1123 831 ferentes
1138 800 1351 840 Rossanenses,
1367 805 1399 832 ut
1423 801 1474 842 qui
1499 800 1724 832 chelandiorum

907 844 1076 884 hujusmodi
1099 845 1263 877 ministerio
1291 846 1403 877 assueti
1432 855 1490 876 non
1520 849 1630 883 essent,
1655 854 1722 876 cum

42 881 96 922 θεις
132 881 205 923 ὄντες
233 894 279 920 τοῦ
303 881 453 932 χελανδίοις
486 890 627 928 δουλεύειν,
660 881 730 929 μετᾶ
757 891 787 918 τὸ
812 890 853 924 ἧδι

960 898 980 918 .a
992 889 1053 928 jam
1070 893 1099 919 et
1125 889 1155 920 in
1174 899 1254 921 mare
1282 890 1457 921 deducenda
1483 894 1594 928 essent,
1610 881 1725 920 fervore

42 939 126 964 ταῦτα
153 936 359 975 κατασκευάσαι,
392 936 436 963 καὶ
465 935 571 972 μέλλειν
600 941 657 966 τοῖς
686 938 735 968 τῆς
764 934 865 963 θαλάσ-

42 989 94 1012 σης
130 979 223 1012 νώτοις
258 978 427 1016 ἐπιϐιϐάζειν,
458 979 538 1014 ζήλου
566 979 707 1019 θερμότητι
736 978 865 1018 ἀναφθέν-

43 1034 88 1055 τες
106 1032 115 1040 ”
133 1025 205 1064 ᾧπερ
236 1024 276 1052 ἀεὶ
304 1027 426 1052 νικῶνται
453 1023 518 1062 ὑπὲρ
539 1024 639 1054 πάντας
655 1021 841 1062 Καλαϐριώτας
857 1029 864 1036 ’

43 1067 201 1104 παμπληθεὶ
246 1069 408 1108 ὁρμήσαντες
446 1068 513 1104 μετὰ
553 1068 632 1107 πυρὸς
665 1068 708 1094 καὶ
744 1067 867 1105 μεγίστου

43 1111 154 1151 θορύϐου
182 1112 215 1140 τά
240 1123 269 1140 τε
296 1111 380 1140 πλοῖα
405 1111 579 1151 κατέκαυσαν,
609 1111 654 1139 καὶ
680 1112 739 1142 τοὺς
767 1121 869 1150 πρωτο-

44 1155 178 1195 καράϐους
203 1156 411 1196 ἐκεφαλαίωσαν.
437 1161 519 1186 Τοῦτο
547 1155 574 1183 δὲ
599 1157 635 1196 εἰς
666 1157 792 1195 μεγίστην
821 1156 869 1194 ὁρ-

46 1201 99 1239 γὴν
134 1201 178 1228 καὶ
213 1201 392 1239 ἀγανάκτησιν
433 1201 501 1228 κατὰ
535 1203 587 1228 τῶν
625 1195 790 1228 Ῥυσιανιτῶν
825 1201 869 1227 τὸν

47 1245 194 1284 μάγιστρον
228 1244 341 1285 ἤγαγεν,
376 1246 412 1277 ὼς
442 1243 476 1272 δι’
511 1244 596 1272 αὐτῶν
637 1244 680 1272 καὶ
723 1244 756 1271 τὰ
790 1242 870 1271 λοιπὰ

48 1289 151 1328 κάστρα
185 1290 216 1317 τὸ
250 1288 381 1327 βούλευμα
415 1288 597 1328 ἀνατρέψαντα
614 1298 620 1304 ·
656 1288 720 1327 ὅπερ
756 1288 870 1323 νοήσαν-

49 1343 93 1364 τες
140 1335 164 1361 οἱ
204 1337 250 1362 τοῦ
298 1329 430 1361 Ῥυσιάνου
470 1334 604 1372 πάροικοι,
651 1333 694 1360 καὶ
729 1332 871 1371 καταγνόν-

49 1388 95 1409 τες
130 1380 179 1411 τῆς
214 1378 314 1406 ἑαυτῶν
348 1376 469 1409 ἀϐουλίας
505 1377 549 1404 καὶ
590 1376 707 1413 ἀταξίας,
741 1379 794 1404 τῶν
829 1375 872 1404 δύο

49 1422 80 1449 τὸ
115 1422 143 1451 ἓν
179 1420 375 1459 ἐϐουλεύσαντο,
413 1421 433 1456 ἢ
466 1420 584 1454 παντελῆ
626 1420 786 1449 ἀποστασίαν
829 1421 873 1449 καὶ

50 1466 165 1506 φανεράν
212 1465 383 1499 ἆνυποταξίαν
428 1465 596 1505 ἐργάσασθαι,
643 1465 686 1493 καὶ
727 1468 801 1502 κακῷ
843 1466 874 1494 τὸ

50 1511 135 1539 κακὸν
170 1510 290 1539 ἰάσασθαι
309 1518 316 1526 '
365 1510 383 1544 ἢ
427 1513 462 1548 τῇ
506 1513 558 1538 τῶν
593 1509 741 1549 χρημάτων
775 1508 874 1538 ἐκδόσει

51 1556 98 1584 καὶ
132 1555 171 1593 τῷ
202 1555 297 1591 πλήθει
332 1541 385 1584 τῶν
429 1541 518 1594 δώρων
552 1554 585 1582 τὰ
595 1541 703 1582 "Quive:
738 1541 905 1594 ἐξευμαρί-Ο

50 1602 158 1631 σασθαι,
202 1599 400 1640 Ἀμφοτέρωθεν
439 1598 466 1627 δὲ
501 1599 592 1630 αὐτοῖς
627 1597 711 1626 δεινὸν
746 1599 790 1627 καὶ
824 1599 874 1627 ἐπ-

50 1645 135 1685 αχθὲς
174 1646 308 1685 τυγχάνον
341 1646 373 1674 τὸ
405 1644 580 1685 ἐπιχείρημα,
617 1643 715 1682 βουλὴν
742 1643 876 1682 βουλεύον-

50 1700 94 1717 ται
122 1689 223 1729 ἀγαθὴν
248 1690 291 1717 καὶ
311 1689 408 1729 σφόδρα
429 1688 563 1730 ὠφέλιμον
580 1696 588 1703 ·
619 1687 662 1716 ἐπὶ
687 1688 732 1716 τὸν
756 1686 875 1716 ἄσειστον

906 933 996 962 animi
1010 933 1163 972 concitati,
1176 937 1248 974 (quo
1261 934 1304 964 illi
1316 943 1434 974 semper
1459 934 1652 965 inardescunt
1667 941 1726 973 prae

907 977 1040 1008 Calabris
1054 978 1202 1018 omnibus)
1220 979 1336 1009 irruunt
1350 978 1505 1009 confertim
1525 988 1591 1009 cum
1608 978 1727 1008 ﬂamma

909 1025 938 1052 et
964 1022 1133 1053 turbulento
1159 1023 1282 1063 impetu,
1309 1032 1457 1063 navesque
1482 1025 1675 1054 concremant
1699 1025 1729 1052 et

910 1066 1024 1096 navium
1042 1067 1195 1106 praefectos
1223 1066 1318 1106 capite
1345 1067 1486 1107 plectunt.
1515 1066 1677 1097 Excanduit
1690 1064 1728 1097 ad

911 1109 966 1140 hoc
982 1110 1120 1149 magister
1133 1114 1236 1141 contra
1263 1111 1467 1142 Rossanenses
1496 1114 1525 1141 et
1549 1109 1729 1150 implacabili

910 1154 954 1184 ira
966 1154 1085 1191 exarsit,
1102 1155 1179 1195 quod
1196 1155 1331 1196 exemplo
1348 1156 1398 1186 illo
1414 1159 1443 1186 et
1458 1155 1581 1195 reliquae.
1595 1154 1729 1186 civitates

911 1198 1067 1229 consilium
1091 1200 1155 1239 ejus
1170 1200 1347 1240 fregissent:
1363 1205 1392 1231 at
1408 1200 1611 1233 Rossanenses
1627 1208 1660 1230 re
1674 1207 1728 1229 co-

912 1245 1002 1282 gnita,
1019 1253 1139 1284 suaeque
1155 1244 1329 1276 temeritatis
1353 1249 1383 1275 et
1406 1244 1544 1275 amentiae
1559 1242 1732 1284 poenitentia

913 1287 1004 1325 ducti,
1022 1288 1147 1319 alterum
1164 1289 1221 1320 sibi
1236 1299 1252 1320 e
1273 1288 1392 1320 duobus
1416 1289 1564 1328 agendum
1581 1288 1732 1319 delibera-

913 1335 993 1369 runt,
1006 1332 1050 1363 vel
1059 1333 1155 1372 palam
1171 1333 1300 1364 deficere
1315 1338 1345 1363 et
1358 1332 1477 1373 imperii
1487 1333 1592 1373 jugum
1609 1340 1732 1372 prorsus

915 1381 1065 1414 excutere,
1094 1378 1229 1418 maloque
1243 1379 1350 1409 malum
1376 1386 1491 1416 curare,
1520 1376 1565 1408 vel
1580 1380 1661 1407 certe
1678 1384 1731 1416 pe-

915 1423 1003 1452 cunia
1018 1425 1047 1452 et
1062 1432 1218 1453 munerum
1242 1423 1328 1463 copia
1342 1422 1432 1453 bilem
1447 1421 1513 1452 irati
1539 1422 1656 1452 sedare.
1673 1419 1734 1451 Sed

916 1475 981 1497 cum
998 1467 1141 1506 angustiis
1162 1467 1303 1508 utrinque
1330 1470 1547 1508 premerentur,
1576 1464 1733 1496 consilium

916 1520 1024 1551 cepere
1055 1511 1165 1542 bonum
1202 1516 1230 1543 et
1265 1520 1406 1552 perquam
1437 1510 1532 1542 utile:
1562 1510 1599 1541 ad
1627 1509 1733 1540 incon-

916 1564 1030 1586 cussam
1071 1556 1176 1587 turrim
1217 1556 1398 1596 confugiunt,
1435 1557 1571 1586 sanctum
1600 1553 1737 1585 videlicet

916 1599 1043 1638 Patrem,
1079 1605 1226 1640 rogantes,
1260 1605 1292 1631 nt
1318 1605 1502 1640 sequestrem
1531 1608 1564 1630 se
1593 1597 1741 1639 praeberet

917 1647 946 1674 et
958 1653 1019 1675 suae
1032 1645 1147 1676 virtutis
1161 1644 1327 1677 reverentia
1337 1649 1366 1676 et
1379 1644 1522 1685 principis
1539 1643 1616 1675 iram
1628 1642 1739 1674 restinc

916 1693 1033 1728 gueret.

50 1734 162 1774 πύργον,
180 1733 283 1774 Πατέρα
297 1734 342 1762 τὸν
357 1733 429 1762 ὅσιον
443 1733 644 1773 καταφεύγουσι,
661 1732 770 1771 μεσίτην
785 1732 902 1772 γενέσθαι
918 1734 995 1762 αὒτὸν
1009 1739 1054 1765 τοῦ
1071 1735 1224 1775 πράγματος
1239 1735 1396 1773 ἱλεούμενοι,
1411 1734 1455 1763 καὶ
1470 1737 1503 1773 τῇ
1516 1733 1665 1769 δυσωπήσει
1688 1735 1739 1766 τῆς

52 1779 241 1818 αὖτοῦνάρετῆς
255 1780 300 1807 τὸν
313 1780 394 1817 θυμὸν
408 1777 566 1807 κατασϐέσαι
581 1781 628 1807 τοῦ
642 1777 785 1818 ἄρχοντος,

99 1817 150 1855 ξα’.
166 1823 232 1852 Τότε
254 1822 281 1851 δὲ
306 1824 320 1852 ὁ
346 1823 481 1855 Θεσπέσιος
508 1822 589 1861 μηδὲν
619 1817 730 1853 εἰσαῦθις
759 1819 877 1849 ἀναϐαλ-

57 1867 183 1907 λομενος,
197 1865 265 1895 ἀλλὰ
277 1868 307 1896 τὸ
330 1871 375 1896 τοῦ
405 1871 517 1907 Χριστοῦ
544 1867 627 1905 ὄνομα
652 1865 878 1906 προϐαλλόμενος,

58 1913 90 1940 τὸ
118 1911 182 1940 ἄστυ
209 1911 349 1953 κατέλαϐε,
376 1912 420 1940 καὶ
446 1918 505 1944 τοῖς
533 1911 666 1950 οίκήτορσι
692 1911 726 1938 τὰ
748 1910 882 1949 πρέποντα

60 1955 254 1988 συνεϐούλευεν,
304 1958 390 1996 Οὗπερ
438 1959 472 1994 τῇ
515 1956 670 1990 πεποιθήσει
711 1955 758 1986 τὰς
799 1953 883 1985 πύλας

59 1999 220 2038 ἀνοίξαντες,
254 2000 405 2040 θαρῤοὓντες
445 2001 490 2029 τὸν
535 2000 680 2038 μάγιστρον
715 1997 881 2035 ὑπεδέξαντο,

58 2047 94 2082 τῇ
121 2045 188 2084 ὀργῇ
217 2044 407 2083 πεπρωμένον,
437 2045 480 2073 καὶ
508 2047 546 2081 τῷ
573 2045 648 2082 θυμῷ
676 2041 880 2071 κατοιδαίνοντο.

61 2088 172 2116 Πάντων
206 2089 290 2117 τοίνυν
323 2089 376 2118 ἀπὸ
413 2088 557 2129 προσώπου
593 2088 672 2116 αὐτοῦ
704 2086 882 2126 πτοηθέντων,

61 2132 201 2172 ἀρχόντων
225 2143 253 2161 τε
283 2133 327 2162 καὶ
355 2133 445 2173 ἱερέων
474 2133 519 2161 καὶ
543 2135 596 2160 τῶν
624 2131 736 2168 λοιπῶν,
767 2130 846 2168 μόνος
871 2131 885 2158 ὁ

61 2182 109 2206 τοῦ
138 2181 204 2208 Θεοῦ
225 2177 317 2210 δοῦλος
340 2179 498 2218 «poteram,
522 2178 566 2205 καὶ
589 2176 654 2216 ὑπὲρ
682 2175 788 2204 πάντων
816 2175 885 2203 ἀπο-

958 1823 1008 1854 61.
1020 1822 1096 1862 Ergo
1105 1823 1186 1855 nulla
1196 1823 1369 1864 interposita
1379 1832 1473 1861 mora,
1490 1821 1618 1853 eximius
1640 1822 1739 1858 Pater,

921 1867 1056 1899 invocato
1071 1868 1182 1900 Christi
1209 1869 1341 1909 nomine,
1375 1866 1504 1908 perrexit
1533 1867 1570 1898 ad
1597 1865 1700 1896 urbem
1715 1869 1746 1895 et

923 1911 1036 1943 civibus
1048 1917 1214 1953 opportuna
1230 1912 1354 1944 consilia
1370 1911 1470 1949 dabat,
1486 1911 1571 1951 cujus
1586 1909 1674 1940 etiam
1688 1917 1746 1940 au-

924 1957 1060 1988 ctoritate
1072 1958 1138 1988 freti
1154 1963 1253 1998 portas
1268 1966 1425 1998 aperuere,
1442 1955 1638 1996 depositoque
1653 1957 1746 1991 metu,

925 2001 1098 2041 magistrum
1114 2011 1269 2043 excepere,
1299 2002 1344 2032 ira
1372 2002 1585 2032 inﬂammatum
1603 2003 1632 2030 et
1647 1999 1748 2029 furore

924 2046 1184 2078 intumescentem.
1216 2046 1361 2079 Omnibus
1387 2045 1477 2085 igitur
1491 2045 1527 2076 ad
1542 2045 1609 2084 ejus
1624 2051 1749 2082 conspe-

926 2094 1005 2122 ctum
1019 2091 1202 2131 paventibus,
1216 2091 1365 2122 nobilibus
1382 2095 1412 2121 et
1422 2089 1628 2121 sacerdotibus
1643 2097 1679 2119 ac
1694 2095 1751 2118 eie-

928 2135 1011 2172 teris,
1025 2135 1105 2166 solus
1115 2135 1167 2166 Dei
1178 2145 1281 2167 servus
1293 2134 1470 2171 antestabat,
1484 2143 1596 2174 proque
1612 2131 1752 2163 omnibus

928 2180 1135 2211 defensionem
1151 2179 1350 2220 suscipiebat:
1368 2180 1454 2218 cujus
1465 2180 1600 2209 virtutem
1613 2177 1753 2217 princeps

63 2220 206 2260 λελόγητο.
225 2223 332 2254 Οὗτινος
347 2223 396 2256 τὴν
425 2222 521 2262 ἀρετὴν
546 2222 560 2249 ὁ
588 2220 680 2260 ἄρχων
704 2220 756 2265 ,οὒκ
770 2218 853 2265 αἱδουιι

960 2224 1119 2255 moratione
1133 2218 1317 2265 prosequens
1328 2229 1357 2255 et
1367 2223 1498 2254 divinam
1510 2220 1755 2261 libereloquendi

64 2277 120 2303 νος,
137 2267 182 2294 καὶ
207 2266 257 2300 τὴν
282 2265 368 2296 ἔνθεον
396 2266 541 2306 παρῥησίαν
567 2265 613 2293 σὺν
642 2267 676 2298 τῆ
703 2263 853 2301 ἐπιλαμπού

960 2269 1068 2300 luciam
1085 2263 1150 2299 cum
1173 2263 1332 2308 eﬂ'ulgenle
1355 2267 1386 2298 in
1403 2267 1468 2306 ejus
1485 2275 1537 2297 ore
1553 2265 1645 2305 gratia
1659 2265 1755 2295 sancti

63 2314 103 2348 τῷ
138 2310 274 2350 προσώπῳ
309 2311 389 2340 αὐτοῦ
422 2311 512 2351 χάριτι
545 2313 592 2338 τοῦ
626 2309 702 2348 ἁγίου
737 2308 853 2345 Πνεύμαι

960 2313 1059 2352 ρὶτὶιυδ
1072 2313 1286 2354 ohtupescens,
1311 2311 1487 2344 temeritatis
1501 2320 1536 2341 ac
1549 2309 1650 2341 damni
1664 2309 1756 2354 totius

66 2354 294 2396 ἐκπληττόμενος,
324 2357 395 2393 αὒτῷ
422 2356 471 2389 τὴν
498 2355 581 2394 κρίσιν
607 2355 657 2386 τῆς
687 2352 853 2399 τοιαύτηςμῲ

960 2358 1078 2389 tdicium
1096 2352 1154 2398 ipsi
1168 2358 1312 2399 permisit.
1329 2357 1373 2388 Ad
1389 2365 1479 2397 quem
1504 2356 1548 2386 vir
1562 2359 1681 2386 sanctus
1696 2353 1758 2385 leni

66 2399 123 2432 ξίας
158 2410 187 2428 τε
222 2401 266 2429 καὶ
287 2395 396 2439 γζημίας
431 2398 583 2439 ἐπέτρεπεν.
621 2397 688 2437 Πρὸς
716 2397 746 2424 ὂν
776 2397 790 2424 ὁ
820 2395 851 2423 ὅσ

960 2404 1080 2443 lanaque
1093 2395 1253 2433 admodum
1260 2411 1331 2433 voce
1343 2395 1513 2442 respondit:
1527 2399 1691 2432 Fatendum
1698 2401 1755 2436 est,

763 2462 887 2494 Joannis
902 2461 963 2493 Clei
979 2465 1066 2495 notae.

113 2520 177 2562 (48)
193 2519 326 2562 Nescio,_
344 2519 415 2562 quid
438 2521 518 2562 agat__
535 2517 585 2549 hic
605 2516 751 2562 rSirletus,
767 2515 839 2562 dum
855 2516 898 2562 sic

69 2558 174 2592 vertiti
203 2573 214 2589 ι
241 2558 469 2593 Dominabatur‘
481 2559 551 2590 olim
582 2558 735 2598 utriusque
764 2558 896 2598 regionis

73 2605 102 2633 et
114 2600 205 2632 Italiae
214 2604 244 2643 et
263 2600 405 2632 Calabriae
425 2604 535 2643 noslrm
553 2597 668 2643 regioni
686 2596 786 2643 victor
804 2596 896 2642 Magi-

74 2647 165 2684 strus,
190 2640 305 2684 primus
319 2650 365 2684 _ac
389 2641 471 2672 solus
494 2637 645 2684 dignitate
658 2637 797 2678 praeditus
808 2645 832 2684 _a_
843 2637 898 2684 piis

73 2678 212 2724 regibui
236 2681 275 2724 _ad
310 2681 403 2712 dictas
438 2679 577 2719 regiones
593 2678 745 2724 .missus..
765 2688 778 2706 ι
808 2678 898 2724 Μέγι-

75 2719 256 2763 στροςγοίῐίοὶί
271 2730 384 2763 nomen
407 2725 464 2759 est,
492 2729 552 2751 non
574 2719 629 2750 viri
647 2719 811 2763 proprium.
827 2719 900 2763 Ejus

76 2757 203 2804 dignitas
218 2766 245 2794 et
273 2761 432 2793 auctoritas
455 2757 560 2800 magna
574 2757 709 2804 semper
723 2757 903 2804 fuitin-aula

75 2797 246 2842 Byhntina,
265 2805 416 2843 tantaque,
443 2805 476 2832 ut
504 2797 902 2843 inagistri’interillustrio-

76 2838 125 2875 res
151 2852 214 2875 non
241 2838 311 2875 raro
339 2838 522 2876 tiaberentur
557 2838 587 2873 et
614 2838 755 2880 patricios
788 2846 902 2878 prece-

277 2921 411 2958 ΡΑτιιοι..
425 2922 481 2958 Gn.
496 2919 583 2956 CXX.

938 2516 1054 2587 gerent.
1070 2515 1144 2548 Vide
1170 2515 1311 2557 Cangium
1340 2513 1372 2546 in
1395 2513 1543 2546 Glossario
1571 2512 1760 2545 Graeco-Bar-

959 2566 1023 2587 aro.

959 2566 1023 2588 aro.

979 2596 1042 2637 (49)
1055 2598 1111 2628 Pro
1123 2595 1279 2628 chelandia
1288 2595 1377 2626 habet
1385 2594 1511 2637 S_irl_etus
1520 2593 1762 2637 caravellae,_quae

939 2633 993 2668 νωὶ
1006 2633 1108 2668 Italica
1118 2641 1162 2668 est
1173 2642 1204 2668 et
1214 2640 1324 2667 certam
1337 2635 1445 2674 navigii
1460 2636 1591 2676 speciem
1603 2633 1761 2676 significat.

940 2677 1135 2708 Chelandium
1151 2676 1210 2712 (alii
1223 2673 1440 2712 chelandrium,
1457 2673 1654 2712 chelindrum,
1665 2673 1766 2704 satan-

940 2717 1024 2749 dram
1060 2723 1091 2749 et
1126 2716 1303 2748 salandriam
1336 2715 1483 2758 scribunt)
1522 2725 1575 2747 vox
1606 2711 1652 2745 est
1677 2711 1764 2758 _apud

944 2758 1037 2789 medii
1059 2758 1112 2789 ωνί
1141 2758 1299 2797 scriptores
1327 2756 1446 2797 usitata,
1477 2765 1530 2797 piro
1556 2764 1602 2797 eo_
1619 2756 1706 2797 navis
1716 2762 1765 2797 ge-

943 2808 1028 2839 nere,
1045 2798 1124 2839 quod
1149 2793 1249 2839 Graeci
1272 2793 1457 2839 maximeque
1478 2793 1639 2836 'Bysantini
1663 2793 1766 2835 χελάν-

943 2838 998 2869 διον
1013 2835 1179 2872 nominant.
1193 2837 1272 2871 Vide
1285 2835 1429 2877 Gangium
1444 2835 1476 2868 in
1490 2835 1615 2878 utraque
1629 2842 1714 2866 voce.

1529 2915 1552 2948 4
