1954 3059
86 164 132 196 97

849 156 1024 188 ΑΝΟΝΥΜῙ

1742 157 1780 189 98

85 231 187 266 αὐτοῦ,
213 228 258 256 καὶ
284 226 457 265 μεμψάμενος
485 225 534 258 τὴν
561 223 630 252 κατὰ
657 227 703 252 τοῦ
731 222 805 261 ἁγίου
819 221 943 258 θρασύ-Α

1018 230 1068 251 sus
1079 224 1153 252 erat.
1166 220 1257 251 Suum
1271 221 1360 260 igitur
1373 230 1535 260 agnoscens
1550 231 1694 259 errorem,
1711 223 1781 254 sibi-

84 285 163 308 τητα
179 274 272 302 ἑαυτοῦ
287 281 293 288 ’
323 272 356 306 ἦν
381 272 430 310 γὰρ
458 270 578 310 ἒχέᾮρων
605 269 701 299 ἱκανῶς
718 268 731 295 δ
747 267 825 305 ἀνὴρ,
841 267 863 293 εὶ
877 266 920 293 καὶ

85 319 231 358 τετυφωτο
266 319 299 354 τῇ
333 319 382 349 τῆς
419 314 533 347 ἐξουσίας
562 314 682 352 ὑπεροχῇ
699 321 706 329 ⁸
737 310 826 343 ἱκέτης
854 311 920 338 καθ-

91 353 201 390 ίσταται
237 363 251 390 ὁ
286 353 378 400 πρώην
413 358 613 398 ἒμϐριμιῖιμενος
640 363 702 387 ταῖς
728 354 865 391 ἀπειλαῖς,
895 353 921 381 εἴ

91 418 157 438 πως
182 408 231 438 τῆς
259 399 318 436 θέιξ
348 404 464 443 ἐπιτύχῃ
493 403 536 430 καὶ
565 401 643 438 μόνον
673 399 791 443 suam;
823 409 851 426 τε
878 399 922 426 καὶ

92 451 298 490 συγχωρήσεως
321 451 369 482 τῆς
395 440 456 486 παρ’
488 446 585 474 ἐκείνου
615 444 745 477 ἀξιωθείη,
778 440 805 472 Ὀ
821 442 847 471 δὲ
864 446 921 470 Πα-

94 485 231 535 τ-ὶ,ρ”ἷιτρὸς
248 494 296 531 μὲν
319 494 350 521 τὸ
377 485 459 531 παρὸν
491 489 648 519 ἀνεϐάλλετο
676 489 725 521 τὴν
751 489 818 515 κατὰ
837 487 922 526 πρόσ-

93 532 174 567 ωπον
189 532 306 575 ομιλίαν,
324 538 392 574 μήτε
421 536 522 563 ἒΛεῖνον
545 533 760 573 καταδεχόμενος
777 532 923 571 ἐρχόμενον

95 583 126 611 ἐν
145 583 184 620 τῷ
200 582 382 620 μοναστηρὲῳ,
411 581 479 618 μήτε
503 579 581 610 αὐτὸς
610 577 773 629 βαυλῇιενος
789 575 925 612 ἀπελθεῖν,

95 628 145 655 καὶ
174 627 222 660 τὴν
251 625 339 659 δέησιν
370 625 447 653 αυτοῦ
482 622 629 657 ἐκτελέσαι,
663 621 702 658 τῷ
729 621 928 664 toralium-onv

97 671 193 710 τρόπῳ
220 670 268 703 τὴν
298 669 427 708 σωτηρίαν
457 667 528 704 αὖτῷ
555 665 817 705 πραγματευόμενος.
867 662 928 699 ῌόει

98 708 154 754 γὰρ
186 715 213 742 ἐν
249 714 343 750 εὖθέτῳ
371 713 455 752 καιρῴ
490 712 533 739 καὶ
562 711 605 754 τῷ.
627 711 699 750 τύφῳ
723 709 834 740 δεόντως
862 708 930 736 κατα

98 750 158 786 ’τῶν
200 759 363 792 ἀναισθήτων
398 750 560 796 χρήσασθαι,
599 750 645 786 ιΩς
680 759 740 793 γοῦν
769 754 812 782 ἐπὶ
840 755 929 792 τριετῆ

961 276 1018 306 que
1028 266 1145 296 crimini
1155 265 1239 301 dans,
1247 265 1325 305 quod
1336 267 1364 296 in
1373 271 1507 296 sanctum
1519 267 1611 297 virum
1630 268 1782 307 procacior

962 311 1064 341 fuisset
1075 314 1146 342 terat
1157 309 1267 349 quippe
1282 309 1351 340 satis
1365 311 1507 350 prudens,
1524 321 1691 352 quanquam
1707 312 1781 343 fastu

963 355 1057 386 elatus
1068 354 1104 384 ob
1117 353 1322 384 excellentiam
1334 355 1495 394 potestatis)
1506 356 1629 396 supplex
1643 356 1781 394 efﬁcitur,

963 400 1012 440 qui
1030 399 1143 439 pridem
1167 398 1445 429 comminationibus
1472 399 1659 437 infremebat,
1686 401 1782 441 siquo

964 443 1143 475 modoillum
1155 446 1251 482 posset
1263 442 1306 472 vel
1316 442 1450 473 contueri
1471 447 1592 480 tantum,
1610 445 1784 486 veniamque

964 488 1000 519 ab
1012 497 1047 518 eo
1062 496 1127 517 cum
1144 486 1353 517 benedictione
1363 486 1548 527 impetraret.
1561 488 1601 519 Ac
1611 490 1695 520 Pater
1715 494 1784 520 tunc

966 533 1084 573 quidem
1097 530 1463 570 ditl‘erebatcongressum,
1481 541 1535 562 nec
1552 541 1583 562 se
1599 542 1697 563 coram
1714 543 1784 574 prae-

967 577 1055 608 bebat
1066 576 1234 614 vivendum,
1251 579 1299 604 aut
1315 575 1498 614 permittens,
1516 580 1547 606 ut
1563 576 1611 607 ille
1627 577 1663 608 ad
1679 587 1784 608 morta-

969 621 1091 651 sterium
1103 619 1278 650 accederet:
1297 619 1419 659 autipse
1431 619 1465 649 ad
1479 620 1560 650 illum
1577 621 1620 651 ire
1641 622 1785 662 cogitans,

969 670 1001 696 ut
1016 665 1130 705 roganti
1144 663 1336 703 satisfaceret,
1349 663 1489 694 nimirum
1501 665 1554 694 hac
1565 666 1680 696 ratione
1699 667 1787 697 saluti

971 712 1037 749 ejus
1051 708 1220 739 consulens.
1251 707 1370 738 Sciebat
1393 709 1471 738 enim
1496 708 1526 739 in
1552 712 1684 750 tempore
1713 711 1786 741 fastu

971 755 1058 785 etiam
1075 753 1216 783 decenter
1231 756 1332 783 contra
1356 753 1529 792 insipientes
1544 754 1596 784 uti.
1615 754 1689 793 Ergo
1706 760 1787 794 post-

101 803 204 843 '/_pdvov
239 804 256 836 ἡ
291 803 456 839 θεόπεμπτος
492 799 578 832 ἐκείνη
613 799 689 830 νόσος
725 799 793 826 κατὰ
820 798 943 835 σμικρὸν]

1015 797 1194 830 amtriennio
1201 796 1321 827 morbus
1330 797 1380 827 ille
1390 807 1406 827 a
1418 797 1477 828 Deo
1490 797 1639 828 immissus
1650 799 1788 838 paulatim

102 841 266 875 ἀναλώσασα
299 847 332 874 τὰ
360 846 526 885 κρύπτομενα
556 843 645 883 μόρια,
676 843 839 882 προσήγγισε
867 841 927 868 λοι-

103 892 157 920 πὸν
173 892 211 928 τῷ
235 890 401 930 καιριωτάτῳ
429 892 481 916 τῶν
511 887 610 928 μελῶν,
639 888 682 915 καὶ
702 887 811 915 θάνατον
827 886 928 918 ἠπείλει

103 939 140 974 τῇ
176 935 268 964 τούτου
303 933 437 973 διαφθορᾷ,
471 933 530 961 τότε
556 932 692 971 πορεύεται
721 931 785 970 πρὸς
814 930 891 958 αὐτὸν
916 930 930 956 ὁ

104 980 223 1019 ψυχικὸς
251 979 351 1018 ἰατρὸς,
381 977 541 1010 δυσωπηθεὶς
570 983 629 1008 ταῖς
646 975 823 1014 εἶκτροτάταις
852 975 931 1002 αὐτοῦ

105 1018 277 1055 ἐπιστολαῖς.
305 1022 376 1051 Ἰδὼν
399 1023 482 1050 τοίνυν
502 1022 548 1049 τὸν
573 1020 646 1048 ὅσιον
676 1021 690 1048 ὁ
723 1018 871 1057 βασιλικὸς,
887 1018 930 1045 καὶ

105 1066 257 1107 περιλαϐὼν
273 1067 332 1098 τοὺς
358 1067 460 1103 τιμίους
486 1064 568 1096 πόδας
597 1065 686 1103 αὐτοῦ,
716 1066 839 1091 τοσοῦτον
854 1061 929 1107 πλῆέ

107 1114 153 1143 οος
190 1111 307 1151 δακρύων
339 1109 427 1149 ἐξέχεε
463 1108 615 1148 καταφιλῶν
650 1108 754 1143 αὐτοὺς,
795 1107 862 1134 ὥστε
889 1106 933 1133 καὶ

110 1157 191 1185 αυτὸν
221 1156 296 1194 ἅγιον
332 1155 434 1193 Πατέρα
462 1154 506 1182 καὶ
532 1154 633 1184 πάντας
662 1152 723 1183 τοὺς
750 1161 934 1190 συμπαρεστη-

109 1200 192 1231 κότας
220 1201 375 1238 συνθρηνεῖν
404 1198 485 1238 αὐτῷ,
515 1198 557 1225 καὶ
583 1197 681 1225 κλαὶειν
710 1195 838 1236 σφοδρῶς.
856 1193 934 1224 Οὐδὲν

112 1245 163 1283 γαρ
179 1243 244 1271 ἄλλο
267 1243 368 1270 εἰκάσαι
392 1242 426 1276 ἦν
455 1243 499 1270 καὶ
526 1241 590 1270 ἰδεῖν
618 1240 681 1280 παρ’
711 1243 814 1277 αὐτοῖς,
844 1239 863 1273 ἢ
886 1239 935 1272 τὴν

113 1287 215 1326 πόρνην
231 1287 257 1315 ἐν
274 1285 408 1319 κατανύξει
432 1286 598 1326 κατέχουσαν
620 1287 681 1317 τοὺς
703 1287 828 1324 Σωτῆρος
843 1283 936 1323 πόδας,

113 1332 158 1360 καὶ
173 1330 264 1371 ἄφεσιν
278 1334 331 1358 τῶν
346 1330 600 1368 πλημμελημάτων.

153 1383 202 1417 νε”.
232 1387 304 1417 Ἰδὼν
333 1388 376 1416 οὖν
404 1388 481 1416 αὐτὸν
515 1389 529 1416 ὁ
564 1387 655 1427 Πατὴρ
684 1386 862 1427 χορτασθέντα
889 1391 934 1415 τοῦ

113 1432 259 1471 κλαυθμοῦ,
294 1433 410 1472 καθάπερ
454 1432 547 1472 βρέφος

967 842 1096 875 verenda
1105 841 1310 881 absumpserat
1321 846 1553 882 perveneratque
1563 842 1599 873 ad
1613 843 1788 883 praecipuam

970 887 1104 928 corporis
1119 890 1244 926 partem,
1267 890 1295 916 et
1311 890 1435 916 mortem
1452 895 1485 916 ea
1501 891 1638 926 corrupta
1653 887 1787 918 minaba-

972 937 1027 963 tur.
1040 936 1107 962 tunc
1115 930 1253 970 spiritalis
1260 930 1393 960 medicus
1404 931 1555 970 profectus
1567 935 1620 968 est,
1640 937 1790 972 permotus

971 975 1198 1008 luctuosissimis
1213 975 1277 1014 ejus
1293 975 1436 1014 epistolis.
1454 974 1511 1006 Ubi
1534 984 1638 1014 prorex
1655 982 1790 1007 sanctum

970 1023 1064 1052 virum
1080 1019 1244 1059 conspexit,
1268 1019 1452 1049 venerandos
1477 1020 1660 1059 amplexatus
1687 1022 1789 1061 pedes,

972 1070 1082 1096 tantam
1095 1073 1145 1095 eos
1156 1063 1355 1094 deesculando
1369 1064 1498 1103 profudit
1510 1064 1704 1104 lacrymarum
1720 1065 1789 1102 vim,

973 1115 1005 1141 ut
1020 1113 1137 1140 sanctus
1152 1108 1216 1144 ipse
1231 1107 1316 1138 Pater
1331 1111 1360 1138 et
1374 1112 1501 1138 astantes
1516 1118 1619 1139 omnes
1641 1110 1727 1140 simul
1744 1109 1791 1140 lu-

974 1156 1077 1193 gerent
1093 1156 1121 1183 et
1136 1151 1326 1182 vehementes
1351 1151 1475 1182 ederent
1496 1153 1594 1183 ﬂetus.
1618 1152 1696 1184 Nihil
1711 1153 1792 1184 enim

976 1197 1056 1229 aliud
1071 1196 1172 1227 videre
1187 1196 1263 1236 apud
1281 1205 1332 1226 eos
1348 1200 1422 1233 erat,
1438 1205 1525 1236 quam
1539 1197 1713 1237 peccatricis
1724 1198 1794 1228 ima-

977 1242 1076 1282 ginem
1093 1240 1219 1272 contrito
1235 1240 1333 1270 animo
1358 1241 1485 1271 tenentis
1509 1240 1666 1272 Salvatoris
1689 1242 1793 1283 pedes,

980 1291 1009 1318 et
1024 1285 1150 1326 petentis
1164 1289 1329 1316 erratorum
1346 1287 1470 1317 veniam.

1015 1385 1198 1425 55.Ubijam
1210 1389 1407 1417 exsaturatum
1419 1386 1491 1417 ﬂetu
1503 1385 1576 1417 vidit
1593 1386 1690 1424 Pater,
1702 1386 1796 1420 instar

590 1444 636 1460 του
682 1431 775 1460 οἰκείου
820 1434 931 1469 μαστοῦ,

1015 1430 1104 1468 'anlis,
1117 1431 1168 1471 qui
1178 1431 1223 1461 lac
1234 1439 1269 1462 ex
1291 1430 1433 1462 uberibus
1454 1430 1572 1462 abunde
1594 1432 1718 1470 suxerit,
1743 1442 1796 1463 ex-

115 1477 232 1509 ἐκτείνας
255 1477 304 1511 τὴν
326 1484 408 1517 χεῖρα
436 1475 578 1505 ἐπελάϐετο
606 1477 650 1504 καὶ
678 1475 821 1509 ἀνέστησεν
845 1475 933 1505 αὐτόν.

1015 1465 1204 1506 aditmanum
1230 1479 1258 1506 et
1281 1475 1509 1516 apprehendens
1531 1475 1635 1506 erexit.
1659 1465 1796 1508 Ille'vero

117 1517 146 1549 ’0
175 1520 201 1548 δὲ
236 1524 299 1549 πᾶσι
334 1521 460 1552 κελεύσας
496 1520 608 1554 ἐξελθεῖν
643 1519 689 1549 ἀπ’
723 1521 811 1557 αὐτοῦ,
841 1518 936 1559 ἤρξατο

116 1565 328 1604 ἀπογυμνοῦσθαι
363 1566 408 1593 σὺν
443 1571 501 1597 τοῖς
536 1567 665 1605 ψυχικοῖς
700 1565 792 1592 πάθεσι
826 1564 871 1592 καὶ
905 1563 938 1591 τὰ

118 1610 269 1649 σωματικὰ,
303 1610 346 1637 καὶ
381 1609 496 1649 δακρύων
531 1609 619 1648 ἔλεγεν
637 1618 644 1625 '
681 1607 759 1648 Ἰδοὺ,
796 1608 938 1646 τιμιώτατε

120 1654 205 1693 Πάτερ
240 1654 363 1693 τριετίαν,
409 1654 509 1694 ἡμέραν
551 1655 595 1682 καὶ
640 1653 719 1682 νύκτα
751 1652 938 1691 βεϐασύνισμαι

119 1699 170 1726 ὑπὸ
198 1701 244 1726 τοῦ
266 1697 419 1728 ’δεινοτάτου
447 1699 556 1739 πάθους,
584 1698 673 1730 πόνοις
704 1697 868 1737 δριμυεάτοις
896 1696 940 1724 καὶ

121 1742 217 1781 ἇγάπῳ
240 1741 351 1778 δυσωδιᾳ
372 1743 500 1770 πικτεύων
519 1751 526 1758 ³
549 1743 582 1775 ἣν
605 1741 663 1770 οὔτε
687 1742 787 1775 πλῆθος
812 1751 939 1781 προστρι-

121 1785 230 1823 ϐόμενος
247 1787 347 1826 μύρων,
376 1786 434 1814 οὕτε
465 1786 516 1824 μὴν
604 1786 747 1819 πυκνότητι
761 1789 813 1814 τῶν
829 1784 938 1823 ἱματίων

121 1830 240 1859 παλαιῶν
257 1839 265 1846 ⁸
292 1831 400 1870 ἑπτάκις
424 1831 473 1870 γὰρ
502 1833 550 1862 τῆς
579 1830 679 1870 ἡμέρας
694 1830 818 1858 ἁλλάσσω
833 1839 840 1845 ·
857 1830 938 1869 ἐκφυ-

121 1882 179 1914 γεῖν
194 1874 321 1910 ἠδυνήθη.
338 1869 386 1903 Ἦν
407 1874 434 1902 δὲ
462 1876 492 1903 τὸ
520 1876 613 1911 πάθος,
635 1869 678 1907 νὼς
708 1877 721 1903 ὁ
737 1875 863 1914 μακάριος
879 1873 939 1901 ἕλε-

122 1921 242 1958 γεν,ὺπὸ
269 1921 300 1948 τὸ
325 1920 404 1959 ἦτρον
434 1920 513 1949 αὐτοῦ
540 1920 628 1959 ὥσπερ
657 1920 710 1948 ἀπὸ
737 1919 861 1954 διαϐήτου
885 1917 941 1946 δει-

122 1964 197 2004 χθὲν,
220 1965 263 1992 καὶ
284 1963 347 2006 ἕχον
376 1964 405 1992 ἐκ
432 1967 484 1992 τῶν
511 1965 701 2004 κεχωρισμὲων
732 1964 830 2003 μορίων
857 1961 940 1992 οὐδέν.

125 2008 204 2037 Πάλιν
219 2009 263 2036 οὖν
277 2010 323 2040 τὰς
338 2015 434 2048 χεῖρας
449 2012 494 2037 τοῦ
523 2008 622 2038 δικαίου
648 2012 750 2048 κρατῶν
766 2009 780 2036 ὁ
795 2006 942 2046 βασιλικὸς,

123 2053 166 2081 καὶ
190 2052 295 2080 πλύνων
316 2054 395 2084 αὐτὰς
421 2059 480 2084 τοῖς
502 2052 622 2092 δάκρυσιν
637 2052 726 2092 ἔλεγεν
743 2062 750 2069 '
768 2051 894 2085 Ἐλέησόν
909 2061 942 2087 με

975 1519 1171 1560 jussisegredi
1180 1519 1328 1558 omnibus,
1344 1519 1495 1550 denudare
1504 1520 1592 1560 ccepit
1607 1530 1673 1551 cum
1686 1520 1797 1552 morbis

980 1564 1070 1595 animi
1085 1568 1114 1594 et
1130 1563 1264 1604 corporis
1289 1564 1364 1595 mala
1379 1568 1408 1595 et
1423 1564 1609 1604 lacrymando
1622 1564 1736 1596 aiebat:
1754 1565 1798 1596 En

979 1608 1147 1640 venerande
1179 1610 1277 1646 Pater,
1303 1608 1355 1639 diu
1384 1613 1532 1649 noctuque
1557 1619 1610 1649 per
1637 1609 1797 1641 triennium

980 1653 1151 1694 gravissimo
1179 1653 1234 1683 hoc
1259 1653 1335 1683 malo
1360 1653 1515 1683 atllictalus
1536 1662 1613 1691 sum,
1642 1654 1799 1686 acerrimis

981 1708 1139 1739 oppressus
1155 1697 1308 1728 doloribus
1323 1701 1351 1728 et
1366 1697 1557 1728 inenarrabili
1576 1698 1691 1735 faetore,
1708 1708 1797 1739 quem

981 1753 1079 1784 neque.
1107 1747 1324 1783 unguentorum
1353 1742 1552 1773 adhibitorurn
1582 1744 1677 1784 copia,
1702 1753 1799 1784 neque

980 1788 1141 1819 mutatione
1156 1790 1261 1818 crebra
1284 1787 1420 1824 vestium,
1446 1787 1516 1827 quia
1540 1788 1651 1828 septies
1666 1794 1732 1819 utor
1747 1797 1800 1828 per

980 1833 1044 1864 dies
1054 1832 1197 1872 singulos‘
1215 1832 1344 1871 ell‘ugere
1361 1831 1451 1872 potui,
1480 1832 1550 1862 Erat
1563 1842 1651 1872 porro
1667 1833 1799 1870 morbus,

981 1881 1013 1908 ut
1026 1877 1129 1908 beatus
1144 1876 1231 1907 Pater
1242 1875 1391 1917 narrabat,
1417 1876 1472 1906 sub
1496 1877 1624 1916 pectine,
1641 1878 1724 1917 quasi
1739 1878 1800 1908 cir-

982 1918 1049 1948 cino
1065 1918 1245 1948 circumacto
1263 1915 1441 1956 descriptus,
1454 1921 1485 1946 ut
1497 1915 1689 1956 pendentinm
1704 1927 1800 1948 mem-

983 1963 1105 1993 brorum
1121 1961 1195 1992 nihil
1208 1965 1387 2001 superesset.
1399 1961 1513 1992 Rursus
1522 1961 1610 2000 igitur
1621 1971 1724 2002 prorex
1731 1972 1801 1993 san-

984 2007 1023 2038 cti
1039 2007 1094 2038 viri
1109 2015 1213 2037 manus
1230 2010 1334 2036 tenens
1349 2009 1378 2036 et
1400 2006 1499 2044 rigans
1524 2006 1659 2047 lacrymis
1684 2007 1799 2038 aiebat:

985 2051 1127 2082 Miserere
1141 2050 1213 2081 mihi
1225 2058 1277 2089 per
1289 2050 1458 2087 Dominum,
1474 2050 1582 2081 Christi
1600 2052 1717 2082 Domini
1732 2051 1802 2083 imi-

125 2095 165 2125 διὰ
180 2098 224 2125 τὸν
241 2097 342 2136 Κύριον,
360 2108 463 2135 μιμητα
488 2102 534 2126 τοῦ
551 2097 683 2125 Δεσπότου
700 2101 822 2137 Χριστοῦ,
838 2096 882 2123 καὶ
896 2105 942 2122 κα-

1015 2101 1075 2133 .tor,
1088 2104 1142 2126 nec
1167 2104 1214 2125 me
1223 2095 1394 2134 dedigneris
1400 2094 1481 2125 hisce
1487 2096 1662 2126 venerandis
1669 2097 1804 2127 manibus

125 2140 249 2173 nEt'waov
267 2148 327 2173 ταῖς
343 2142 440 2173 τιμίαις
456 2153 501 2170 σου
524 2142 631 2185 ταύταις
647 2142 738 2181 χορσὶν
756 2140 896 2179 ἀποκεῖραί
911 2149 943 2176 με

1015 2141 1069 2171 nni
1091 2139 1205 2170 luxuria
1220 2139 1338 2179 plenum
1352 2140 1489 2170 monachi
1506 2144 1624 2171 tonsura
1648 2141 1802 2179 insignire,

125 2187 168 2213 τὸν
184 2186 338 2223 μανάσωτον
355 2194 361 2201 ·
379 2185 470 2220 ἐπειδὴ
500 2183 664 2225 ὡμολόγησα
691 2189 728 2222 τῷ
745 2189 802 2223 Θεῷ
815 2189 861 2213 τοῦ
873 2183 945 2223 γενε-

126 2232 182 2258 σθαι
198 2231 328 2270 μοναχός,
344 2230 422 2270 Λέγει
437 2231 482 2259 οὖν
496 2231 641 2271 πρὸςαῦτὸν
657 2232 671 2259 ὁ
687 2231 778 2269 Πατήρ
795 2238 802 2244 ·
825 2230 878 2258 Οὐκ
893 2227 946 2260 ἕξε-

127 2275 165 2303 στί
188 2285 229 2302 σοι
255 2275 383 2314 ἀνθρώπῳ
411 2279 512 2313 συνετῷ
539 2275 605 2314 ὄντι,
632 2276 674 2304 καὶ
690 2274 787 2315 σφόδρα
802 2271 946 2302 πεπαιδευ-

129 2319 197 2357 μένῳ
210 2320 243 2348 τὰ
256 2323 307 2348 νῶν
333 2324 427 2348 κοινῶν
454 2320 595 2361 ἀνθρώπων
621 2320 697 2359 λόγια
725 2325 831 2360 φρονεῖν
858 2329 887 2346 τε
904 2317 948 2345 καὶ

129 2363 213 2403 λέγειν
230 2371 237 2378 ·
255 2364 368 2396 ἅπαντες
395 2365 444 2404 γὰρ
473 2367 496 2393 οἱ
522 2370 568 2394 τοῦ
591 2365 659 2394 θείου
685 2365 865 2402 βαπτίσματος
879 2372 947 2390 κατ-

129 2407 290 2446 αξιωθέντες,
315 2410 359 2437 καὶ
387 2409 533 2447 ἀμόλυντον
559 2409 612 2438 ἀπὸ
640 2410 729 2442 πάσης
753 2407 880 2447 ἁμαρτίας
909 2406 948 2444 μὴ

131 2452 287 2492 φυλάξαντες
314 2459 402 2490 τοῦτο,
439 2455 522 2494 χωρὶς
556 2455 644 2488 πάσης
681 2453 822 2492 ὁμολογίας
857 2462 948 2492 χρεω-

131 2502 216 2526 στοῠσι
232 2496 310 2526 πάλιν
339 2500 370 2526 τὸ
393 2500 521 2538 μακάριον
543 2498 619 2527 τοῦτο
641 2499 778 2537 βάπτισμα
795 2507 801 2514 ·
828 2497 892 2535 ὅπερ
907 2495 949 2523 διὰ

130 2541 230 2575 πολλὴν
260 2542 456 2583 εὖσπλαγχνίαν
484 2544 527 2571 καί
556 2543 707 2582 ὰγαθότητα
730 2549 788 2574 τοῖς
803 2541 948 2581 ἀνθρώποις

131 2587 144 2614 ὁ
166 2587 229 2619 θεὸς
258 2586 422 2628 ἐδωρήσατο,
446 2587 580 2620 πλουσίοις
608 2589 651 2616 καὶ
678 2587 785 2628 πένησι,
814 2585 948 2625 βασιλεῦσι

985 2184 1110 2227 promisi
1125 2184 1204 2214 enim
1219 2183 1279 2214 Deo
1292 2183 1492 2227 monasticum
1508 2183 1608 2215 subire
1624 2184 1802 2217 institutum.

987 2229 1032 2260 Ad
1049 2237 1136 2269 quem
1161 2229 1267 2259 Pater:
1290 2226 1354 2258 Non
1378 2227 1446 2258 licet
1469 2228 1522 2258 tibi
1544 2228 1606 2259 viro
1623 2229 1762 2269 prudenti
1777 2233 1807 2261 et

988 2282 1130 2315 perquam
1145 2273 1231 2304 docto
1248 2281 1352 2312 sapere
1367 2276 1417 2303 aut
1441 2271 1521 2312 loqui
1534 2281 1616 2303 more
1631 2273 1804 2312 multorum,

989 2327 1093 2350 omnes
1105 2317 1196 2355 enim,
1209 2316 1258 2357 qui
1269 2325 1386 2346 sacrum
1403 2316 1548 2356 baptisma
1562 2325 1735 2356 suscepere,
1752 2327 1807 2350 nec

990 2371 1095 2404 purum
1106 2361 1178 2392 illud
1187 2360 1223 2391 ab
1233 2361 1313 2391 omni
1324 2365 1444 2400 peccato
1458 2369 1623 2401 servavere,
1632 2360 1697 2391 sine
1704 2362 1808 2402 quovis

989 2412 1055 2439 voto
1071 2409 1209 2438 tenentur
1222 2405 1259 2436 ad
1274 2413 1391 2435 sacrum
1416 2404 1471 2435 hoc
1487 2405 1692 2445 recipiendum
1709 2405 1808 2447 bapti-

991 2461 1054 2483 sma
1070 2451 1143 2489 (43),
1160 2449 1239 2489 quod
1258 2457 1310 2488 pro
1326 2449 1418 2480 multa
1432 2458 1486 2479 sua
1504 2449 1664 2480 clementia
1679 2455 1707 2481 et
1722 2451 1809 2482 boni-

991 2500 1050 2528 tate
1065 2495 1143 2527 Deus
1168 2493 1337 2525 hominibus
1363 2494 1482 2524 donavit
1496 2494 1634 2525 divitibus
1651 2499 1679 2525 et
1694 2496 1809 2535 egenis,

989 2540 1109 2581 regibus
1124 2538 1356 2580 etprincipibus,
1369 2539 1574 2570 sacerdotibus
1581 2543 1609 2569 et
1621 2540 1811 2579 pontiﬁcibus

990 2589 1020 2617 et
1033 2585 1125 2616 cuivis
1141 2583 1247 2615 animae
1269 2582 1390 2621 volenti,
1406 2592 1465 2614 uno
1493 2584 1636 2625 temporis
1661 2589 1810 2617 momento

816 2671 938 2703 Joannis
953 2670 1015 2702 Clei
1030 2674 1117 2702 notae.

176 2735 236 2778 (43)
261 2737 307 2767 Ad
333 2737 466 2769 dolorem
490 2738 604 2769 scilicet
623 2738 773 2770 sincerum
801 2742 829 2769 et
854 2738 952 2778 paeni-

135 2776 257 2818 tentiam
273 2778 311 2807 de
327 2779 456 2817 peccatis
480 2779 661 2810 commissis.
687 2779 768 2809 lianc
793 2776 879 2818 porro
895 2778 954 2808 illis

138 2816 252 2848 saeculis
269 2816 369 2849 testari
384 2819 471 2850 etiam
495 2819 614 2851 maximi
638 2816 952 2860 principes—solebant,

995 2741 1143 2778 assumpto
1159 2734 1325 2778 rnonachali
1341 2744 1393 2766 ceu
1419 2735 1599 2778 paenitentiae
1622 2736 1723 2767 habitu
1741 2748 1747 2768 :
1764 2747 1813 2769 cu-

992 2776 1119 2849 quyet
1158 2777 1316 2808 innumera
1355 2776 1489 2816 exempla
1527 2780 1595 2807 sunt
1633 2780 1662 2808 et
1703 2779 1813 2818 passim

996 2827 1013 2849 ο
1038 2827 1094 2849 vra.

996 2827 1094 2850 onwa.
