1954 3059
64 145 126 177 101

684 146 778 178 VITA
800 146 830 177 S.
854 145 938 178 NILI
958 145 1145 176 JUNIORIS.

1701 145 1758 177 102

65 213 119 240 καὶ
152 212 331 253 εὖχαριστίας,
367 212 480 244 πίστεώς
514 223 543 240 τε
577 213 621 241 καὶ
649 211 752 244 ἐλπίδος
789 211 895 251 βεϐαίας

984 223 986 242 l
1002 219 1054 251 per
1071 210 1242 250 prophetam
1258 209 1329 241 dixit
1343 220 1350 240 :
1369 209 1443 241 Nolo
1469 214 1593 242 mortem
1616 215 1756 251 peccato-

68 256 199 285 ἀπελθὼν
214 257 280 296 πρὸς
295 258 340 285 τὸν
364 257 486 296 εἰρηκότα
506 256 548 285 διὰ
576 262 621 286 τοῦ
639 258 774 297 προφήτου
791 266 799 273 ·
833 266 845 284 ιι
864 258 899 285 Οὔ

66 300 146 329 θέλω
161 302 207 329 τὸν
234 301 343 329 θάνατον
369 305 414 329 τοῦ
440 300 606 341 ἀμαρτωλοῦ,
635 303 672 333 ὡς
700 302 731 329 τὸ
746 300 899 340 ἐπιπρέψαι

67 346 119 373 καὶ
135 347 215 380 ζῆσαι
231 345 308 373 αὖτὸν
323 345 394 381 ζωὴν
407 345 457 378 τὴν
468 345 586 376 αἰώνιον.
603 357 616 373 n

116 384 170 425 νζ’·
201 390 273 418 Μετὰ
300 389 327 418 δὲ
355 391 385 418 τὸ
414 392 587 424 κατατεθῆναι
611 391 642 418 τὸ
667 394 744 429 σῶμα
768 391 845 419 αὐτοῦ
873 389 899 418 ἒν

69 436 114 470 τῷ
132 433 301 472 μοναστηρίῳ
327 436 376 466 τῆς
407 429 495 472 Ἀγίας
524 433 696 466 ’Λναστασίας
724 437 773 468 τῆς
802 433 899 473 παρθέ-

70 488 134 513 νου,
165 477 339 517 προσέρχεται
365 481 403 514 τῷ
431 478 558 515 θεσπεσίῳ
588 479 669 518 Πατρὶ
695 479 709 506 ὸ
733 479 818 517 ῥηθεὶς
843 489 900 515 μη-

70 520 238 560 τροπολίτης
272 520 445 550 ὑποδεικνύων
495 523 565 559 αὖτῷ
599 523 647 555 τὴν
683 527 730 551 τοῦ
765 520 901 560 βασιλικοῦ

71 563 209 600 διαθήκην
226 574 232 580 ·
263 565 290 592 ἐν
371 570 416 594 τοῦ
440 576 469 593 τε
496 565 568 603 πάσῃ
592 569 688 604 κινητῖι
715 567 757 594 καὶ
785 566 901 602 ἀκινήτῳ

74 609 161 637 αὒτοῦ
186 609 326 649 ὑποστασει
360 609 499 649 ἐπίτροπον
534 610 576 637 καὶ
602 609 731 644 δεσπότην
757 610 802 638 τόν
829 609 902 637 ὅσιον

75 651 253 692 διεγράψατο,
271 645 369 692 "avare?
396 645 555 690 θεασάμενος
580 655 594 682 ὁ
622 655 761 694 μακάριος,
787 654 830 682 καὶ
853 653 901 687 τὴν

76 696 107 724 ἐν
136 697 245 728 ἐκείνοις
273 704 332 729 τοῖς
360 698 511 736 πράγμασιν
541 697 670 738 ἀσχολίαν
700 697 796 737 παγίδα
831 698 902 725 εἶναι

75 742 126 768 καὶ
143 740 242 781 χλεύην
266 746 312 770 τοῦ
341 740 460 770 διαϐόλου
487 743 665 782 κατανοήσας,
694 743 780 771 πάντα
796 741 901 782 ἐπιτρέ-

77 787 136 822 ψας
161 789 200 823 τῷ
227 787 296 823 αὖτῷ
318 785 494 826 μετροπολίτῃ
523 785 628 827 δικαίωρ
656 788 840 826 οἰκονομῆσαι,
866 787 902 817 ὡς

939 255 992 295 ris,
1018 264 1105 295 quam
1128 258 1160 286 ut
1188 258 1377 286 convertatur
1402 258 1432 286 et
1454 255 1541 286 vitam
1567 255 1641 286 vivat
1665 260 1754 287 mter-

940 309 1008 330 nam
1023 300 1064 331 44.
1083 312 1097 328 ι

982 390 1030 422 57.
1048 390 1203 430 Postquam
1232 398 1339 429 corpus
1363 389 1426 429 ejus
1454 389 1619 429 depositum
1650 389 1702 420 fuit
1727 389 1757 420 in

941 434 1120 465 monasterio
1135 438 1243 464 sanctm
1258 433 1378 472 virginis
1393 433 1563 470 Anastasize,
1582 434 1708 465 accessit
1719 434 1756 464 ad

941 480 1140 510 venerandum
1156 479 1271 510 Patrem
1289 479 1484 519 metropolila,
1512 488 1599 518 quem
1615 479 1755 516 diximus,

942 533 1074 564 proregis
1090 528 1293 555 testamentem
1310 523 1479 559 ostendens,
1505 523 1535 553 in
1550 532 1608 563 quo
1625 524 1756 554 omnium

942 569 992 599 ille
1007 569 1151 599 bonorum
1167 578 1287 599 suorum
1319 568 1472 598 mobilium
1499 567 1756 607 immobiliumque

942 617 1106 644 curatorem
1120 617 1149 643 et
1163 613 1316 643 dominum
1334 613 1633 652 scripseratsanctum
1649 612 1757 643 virum.

943 656 1027 692 Quod
1042 657 1105 697 ipse
1119 657 1220 687 videns
1237 660 1265 686 et
1280 656 1466 695 negotiorum
1482 655 1652 695 hujusmodi
1667 664 1758 686 occu-

944 701 1103 741 pationem,
1141 700 1251 731 diaboli
1280 701 1415 740 laqueum
1452 703 1481 730 et
1509 699 1667 730 ludibrium
1694 709 1760 730 esse

944 745 1121 785 intelligens,
1137 745 1233 776 eidem
1263 744 1457 784 metropolitae
1480 744 1632 774 tractanda
1660 743 1760 774 omnia

941 789 1020 829 juste
1037 789 1181 829 permisit,
1207 793 1342 829 tanquam
1369 789 1515 819 rationem
1544 788 1697 819 reddituro
1723 788 1761 818 de

78 833 121 866 τῷ
152 830 184 857 τὰ
207 830 292 858 πάντα
321 830 444 870 ὲφερῶντι
474 834 532 867 Θεῷ
566 830 727 859 ἆποδώσοντι
762 831 811 864 τὴν
845 830 903 869 περὶ

984 833 1004 864 is
1018 833 1185 874 inspicienti
1208 834 1306 863 omnia
1329 833 1406 864 Deo:
1437 833 1499 873 ipse
1523 842 1591 864 vero
1617 832 1648 862 in
1674 841 1760 863 suum

79 874 183 901 τούτων
212 873 368 914 ἀπολογίαν,
394 875 471 906 αὑτὸς
498 876 528 902 τὸ
557 876 655 903 οίκεῖον
681 874 812 903 κατέλαϐε
835 885 903 911 μον-

991 878 1114 908 contulit
1129 878 1351 914 monasterium,
1378 877 1434 908 sibi
1459 877 1615 908 attendens
1641 876 1761 916 Deoque

79 919 220 958 αστήριον,
259 920 343 956 ἑαυτῷ
377 919 529 959 προσέχων,
564 920 607 947 καὶ
637 923 675 957 τῷ
701 923 758 956 Θεῷ
786 930 903 959 προσαν-

80 962 169 1001 ἐχων,
197 963 240 990 καὶ
270 963 423 1000 πειθόμενος
458 970 516 994 τοῖς
553 963 638 1002 ἁγίοις
673 963 797 1002 ἀγγέλοις
833 965 904 1000 αὒτῷ

79 1007 238 1046 παραινοῦσι
252 1018 280 1035 τε
307 1008 350 1035 καὶ
375 1006 494 1046 λέγουσιν
511 1015 519 1022 ⁹
553 1019 567 1034 α
598 1008 793 1036 Μεταναστεύου
815 1007 857 1035 ἐπὶ
872 1007 904 1034 τὰ

80 1049 132 1089 ὅρη
149 1052 186 1082 ὡς
216 1052 358 1091 στρουθίον,
378 1063 390 1078 ιι
423 1051 463 1080 ὅτι
492 1051 545 1080 ἰδοὺ
571 1053 593 1080 oi
620 1051 646 1084 ἒξ
661 1053 737 1089 ἡμῶν
753 1051 903 1091 ἁμαρτωλοὶ

81 1094 214 1122 ἐνέτειναν
248 1095 333 1135 τόξον,
370 1096 418 1129 τὴν
451 1098 503 1123 τῶν
542 1095 709 1135 ἀνθρωπίνων
741 1096 903 1136 πραγμάτων

81 1138 238 1176 ἐπιμέλειαν
274 1141 317 1168 καὶ
349 1139 481 1179 φροντίδα,
522 1141 566 1168 καὶ
600 1141 745 1177 ἡτοίμασαν
774 1139 838 1178 βέλη
867 1141 903 1171 εἰς

82 1182 226 1222 φαρέτραν,
254 1184 287 1213 τὰ
320 1187 354 1222 τῇ
389 1183 488 1220 διανοίᾳ
511 1185 596 1213 αὐτῶν
620 1183 822 1222 ἐναποτιθέμενα
849 1195 903 1212 πο-

81 1228 152 1266 νηρὰ
180 1227 345 1265 βουλεύματα
372 1229 415 1256 καὶ
451 1227 624 1268 διανοήμανα,
654 1227 698 1268 ἀφ’
724 1230 761 1256 ὧι
788 1239 904 1256 κατατο-

83 1270 171 1303 ξεῦσαι
200 1271 226 1299 ἐν
255 1272 409 1310 σκοτομήνῃ
437 1271 603 1310 βουλεύονται
627 1274 650 1300 οἱ
679 1271 819 1312 ἀλάστορες
844 1273 904 1303 τοὺς

83 1316 170 1347 εὔθεϊς
196 1319 229 1353 τῇ
256 1315 357 1355 καρδίᾳ,
387 1321 438 1346 Τοῦ
466 1317 550 1345 τοίνυν
575 1317 717 1354 θαυμασίου
745 1318 846 1356 Πατρὸς
871 1319 905 1355 τῇ

83 1363 223 1400 προσευχῇ
237 1361 280 1388 καὶ
293 1363 327 1399 τῇ
355 1359 453 1397 διανοίᾳ
476 1364 523 1390 τοῦ
552 1360 633 1400 λόγου
662 1361 728 1399 μετὰ
751 1364 802 1389 τῶν
824 1360 903 1388 ἀδελ-

84 1407 142 1444 φῶν
176 1404 300 1445 φιλοθέως
335 1409 600 1446 προσκαρτεροῦντας,
641 1405 747 1445 ἔρχεταί
774 1417 814 1437 τις
839 1406 903 1445 πρὸς

85 1449 165 1476 αὐτὸν
192 1449 387 1489 στρατηλάτης,
426 1450 588 1482 Πολυευκτος
622 1449 748 1488 τοῦνομα,
775 1450 827 1478 ἀπὸ
854 1452 903 1483 τῆς

84 1503 225 1530 παροικιας
251 1492 427 1523 Μεσουϐιάνου
453 1497 503 1528 τῆς
531 1493 690 1534 Καλαϐρίας,
726 1494 810 1534 φέρων
847 1492 904 1531 μεθ’

944 931 1052 953 vacans
1065 927 1092 953 et
1107 922 1218 954 sanctis
1240 922 1352 961 angelis
1377 922 1500 952 audiens
1529 921 1712 952 hortantibus
1728 930 1761 951 ac

945 966 1127 998 dicentibus:
1159 966 1351 1004 'l‘ransmigra
1377 965 1406 996 in
1437 970 1551 996 montes
1588 965 1664 996 sicut
1693 974 1761 1005 pas-

944 1019 994 1041 ser
1007 1011 1053 1046 45;
1066 1011 1203 1051 quoniam
1220 1020 1301 1048 ecce,
1317 1010 1367 1050 qui
1382 1010 1418 1041 de
1434 1010 1520 1040 nobis
1536 1014 1605 1041 sunt
1621 1014 1760 1050 peccato-

944 1064 1005 1092 res,
1013 1054 1203 1086 intenderunt
1212 1064 1324 1091 arcum,
1333 1063 1431 1085 rerum
1440 1054 1555 1085 scilicet
1563 1055 1759 1085 humanarum

945 1099 1180 1139 procurationem
1206 1105 1237 1130 et
1260 1098 1505 1136 sollicitudinem,
1534 1102 1562 1128 et
1587 1102 1763 1138 paraverunt

945 1143 1066 1182 sagittas
1088 1144 1118 1174 in
1143 1144 1290 1184 pharetra,
1320 1151 1408 1183 prava
1431 1142 1570 1173 videlicet
1594 1143 1717 1172 consilia
1733 1143 1763 1173 et

945 1187 1147 1226 cogitationes,
1157 1197 1229 1228 quas
1238 1187 1268 1218 in
1279 1192 1407 1217 mentem
1415 1186 1586 1226 immittunt,
1595 1186 1763 1226 quibusque

944 1232 975 1262 in
991 1232 1116 1264 obscuro
1131 1237 1227 1262 rectos
1240 1232 1329 1263 corde
1354 1232 1491 1271 sagittare
1506 1231 1611 1262 nefarii
1626 1231 1759 1261 student.

947 1275 1018 1307 Cum
1035 1277 1132 1316 itaque
1147 1276 1338 1307 admirandus
1350 1276 1394 1306 vir
1419 1279 1496 1306 totus
1521 1279 1601 1306 esset
1617 1285 1683 1306 cum
1698 1276 1761 1305 fra-

946 1321 1040 1351 tribus
1063 1321 1093 1351 in
1124 1321 1257 1352 oratione
1283 1321 1488 1360 sermonisque
1511 1320 1558 1360 pio
1583 1319 1761 1357 ministerio,

946 1365 1002 1396 dux
1017 1365 1136 1405 quidam
1153 1366 1297 1396 exercitus
1322 1365 1402 1396 venit
1425 1365 1462 1395 ad
1490 1374 1570 1405 eum,
1586 1365 1761 1405 Polyeuctus

945 1410 1078 1447 nomine,
1091 1419 1106 1440 e
1119 1410 1239 1449 regione
1250 1409 1413 1442 Mesubiani
1424 1409 1487 1449 (47)
1497 1408 1649 1449 Calabriae,
1660 1417 1762 1440 secum

945 1454 1056 1485 ducens
1083 1455 1176 1486 ﬁlium
1204 1464 1288 1486 suum
1327 1453 1509 1494 nequissimo
1545 1453 1679 1485 daemone
1707 1463 1763 1494 op-

946 1509 1090 1540 pressum.
1122 1499 1283 1530 Procidens
1311 1499 1400 1538 igitur
1427 1498 1462 1529 ad
1490 1497 1580 1535 pedes
1605 1498 1683 1529 beati
1704 1499 1761 1530 Pa-

85 1538 179 1567 ἐαυτοῦ
211 1539 256 1567 τὸν
280 1539 335 1566 υἱὸν
369 1539 448 1568 αὺτοῦ
472 1539 653 1579 κατεχόμενον
681 1539 732 1567 ὑπὸ
752 1537 904 1578 σφοδρωτά-

984 1554 997 1574 s
1023 1543 1154 1584 rogabat,
1187 1550 1219 1575 ut
1243 1537 1448 1574 misericordia
1476 1543 1658 1580 ﬂecteretur,
1689 1552 1761 1573 suo-

85 1592 132 1611 του
159 1581 280 1620 δαίμονος
307 1584 465 1622 Προσπεσὼν
492 1583 536 1611 οὖν
569 1584 640 1623 παρὰ
661 1583 721 1614 τοὺς
751 1581 831 1614 πόδας
860 1585 906 1610 τοῦ

86 1627 214 1665 μακαρίου
250 1628 351 1666 [ἰατρὸς
386 1627 528 1667 παρεκάλει
564 1628 642 1657 αὐτὸν
676 1626 906 1667 σπλαγχνισθῆναι

87 1669 130 1698 ἐπ’
145 1671 226 1709 αὐτῷ,
242 1672 285 1699 καὶ
313 1671 420 1705 ἐλεῆσαι
447 1673 492 1701 τὸν
522 1673 576 1700 υἱὸν
604 1673 693 1709 αὐτοῦ,
715 1670 863 1704 ἀπαλλάξαι
877 1681 906 1699 τε

86 1714 165 1742 αὐτὸν
177 1721 222 1745 τοῦ
232 1714 316 1744 δεινοῦ
329 1716 488 1754 πνεύματος.

128 1754 182 1791 νη’,
201 1755 228 1788 t0
257 1759 285 1787 δὲ
313 1759 393 1792 ὅντως
420 1761 474 1792 υἱὸς
498 1763 546 1794 τῆς
575 1761 788 1800 χριστομιμήτου
808 1770 905 1788 ταπει-

88 1804 246 1843 νοφροσύνης
287 1803 444 1844 ἀπεκρίνατο
490 1806 556 1844 πρὸς
604 1805 680 1833 αὑτὸν
698 1813 705 1820 ·
751 1805 904 1841 Πίστευσον,

89 1847 217 1888 ἄνθρωπε,
254 1847 293 1876 ὅτι
330 1847 452 1876 οὐδέποτε
481 1848 647 1888 παρεκάλεσα
676 1850 721 1877 τὸν
762 1849 827 1877 Θεὸν
860 1852 906 1876 τοῦ

89 1890 252 1931 δωρήσασθαι
287 1895 320 1930 τῇ
366 1892 522 1920 ταπεινώσει
566 1903 616 1930 μου
660 1893 738 1932 χάριν
773 1892 903 1930 ἰαμάτων,

89 1935 107 1970 ἢ
133 1939 254 1976 πονηρῶν
282 1937 438 1975 πνευμάτων
466 1936 615 1972 ἀποσοϐήν.
650 1936 713 1966 Εἴτε
747 1940 799 1965 τῶν
834 1937 904 1965 πολ-

88 1980 141 2009 λῶν
175 1993 224 2017 μου
262 1981 459 2021 ἁμαρτημάτων
487 1980 612 2018 δυναίμην
641 1981 800 2021 συγγνώμην
827 1981 906 2017 αἰτή-

89 2027 179 2054 σασθαι
214 2027 260 2054 τὸν
295 2027 372 2066 Θεὸν,
399 2027 443 2054 καὶ
472 2025 628 2065 ἀπαλλαγὴν
658 2029 710 2054 τῶν
738 2026 778 2054 ἀεὶ
806 2036 905 2065 παρεν-

89 2069 238 2110 οχλούντων
253 2080 286 2108 με
301 2073 423 2110 πονηρῶν
451 2069 597 2109 λογισμῶν.
626 2074 706 2109 Δεῦρο
728 2070 813 2098 τοίνυν
828 2071 904 2102 αὒτὸς

947 1598 1005 1638 que
1041 1589 1100 1620 tilio
1136 1598 1222 1629 opem
1255 1589 1356 1626 ferret,
1387 1587 1512 1628 depulso
1542 1587 1669 1627 maligno
1699 1587 1763 1628 spi-

946 1637 1015 1665 ritu.

987 1756 1036 1787 58.
1054 1754 1106 1786 Ille
1121 1764 1280 1794 germanus
1296 1755 1384 1795 plane
1409 1754 1586 1786 humilitatis
1610 1753 1761 1785 Christum

946 1800 1089 1831 imitantis
1103 1800 1180 1830 ﬁlius
1195 1799 1364 1840 respondit:
1376 1800 1543 1839 Nunquam,
1559 1798 1642 1837 mihi,
1661 1799 1761 1837 crede,

946 1845 1047 1884 rogavi
1061 1844 1228 1882 Dominum,
1245 1848 1277 1874 ut
1294 1853 1366 1874 meae
1380 1844 1517 1875 tenuitati
1539 1844 1664 1874 donaret
1677 1853 1764 1874 cura—

946 1889 1058 1920 tionum
1067 1889 1261 1930 gratiam,aut
1271 1889 1425 1929 spirituum
1446 1888 1641 1928 malignorum
1663 1887 1766 1928 depul-

948 1935 1072 1965 sionem.
1080 1933 1195 1965 Utinam
1207 1934 1364 1974 impetrare
1374 1943 1390 1964 a
1401 1933 1461 1964 Deo
1475 1942 1593 1972 possem
1604 1933 1762 1963 multorum

947 1987 1080 2009 meorum
1094 1979 1208 2009 veniam
1224 1982 1411 2018 peccatorum
1441 1982 1470 2008 et
1499 1977 1619 2008 liberari
1634 1987 1650 2007 a
1666 1977 1763 2017 pravis

947 2023 1183 2063 cogitationibus,
1202 2032 1266 2063 quae
1281 2023 1353 2053 mihi
1375 2022 1503 2053 assuduo
1519 2022 1650 2053 molestae
1665 2025 1734 2052 sunt
1752 2021 1759 2052 !

946 2069 1013 2108 Ipse
1028 2071 1058 2098 tu
1073 2067 1166 2107 magis
1181 2077 1233 2108 pro
1249 2077 1296 2098 me
1321 2067 1356 2098 ad
1379 2067 1472 2098 Deum
1487 2076 1591 2107 preces
1606 2066 1761 2104 etfundito,

90 2114 269 2152 παρακάλεσον
297 2116 342 2142 τὸν
374 2109 440 2142 Θεὸν
475 2113 576 2152 μᾶλλον
603 2115 668 2154 ὑπὲρ
692 2114 766 2152 ἐμοῦ,
797 2113 902 2154 ἀδελφὲ,

984 2116 1045 2151 iter,
1060 2111 1085 2142 si
1099 2111 1172 2142 forte
1188 2111 1309 2142 liberari
1324 2121 1431 2152 queam
1445 2121 1462 2141 a
1478 2111 1578 2141 multis
1594 2109 1761 2141 circumob-

91 2158 172 2191 εἵπως
200 2158 231 2187 ἂν
251 2159 351 2198 ῥοθείην
376 2162 428 2187 τῶν
455 2159 680 2198 περικυκλούντων
704 2169 737 2196 με
764 2157 903 2196 δαιμονίων

90 2202 203 2233 πολλων.
236 2199 264 2232 ι0
293 2205 342 2243 γὰρ
377 2203 423 2234 σὸς
458 2204 512 2234 υἱὸς
549 2203 575 2232 ἓν
604 2201 738 2240 δαιμόνιον
763 2201 833 2242 ἔχει,
861 2202 904 2230 καὶ

91 2248 151 2276 αὐτὸ
165 2247 304 2285 ἀκουσίως,
320 2246 388 2279 ἴσως
416 2246 443 2274 δὲ
470 2247 514 2275 καὶ
541 2247 607 2286 πρὸς
631 2246 762 2286 σωτηρίαν
776 2249 825 2280 τῆς
840 2245 904 2278 ἰδίας

92 2294 192 2332 ψυχῆς,
221 2291 277 2320 εἴτε
302 2293 368 2332 πρὸς
402 2291 604 2331 παρῳχηκότων
633 2290 830 2330 ἁμαρτημάτων
858 2290 905 2318 ἐκ-

91 2335 223 2375 λύτρωσιν,
251 2336 306 2365 εἴτε
333 2337 376 2364 καὶ
402 2337 467 2375 πρὸς
497 2335 647 2374 μελλόντων
671 2336 817 2371 ἆνακοπήν.
835 2333 907 2374 Ἐγὼ

92 2379 118 2408 δὲ
131 2383 165 2419 τῇ
189 2380 243 2418 ἐμῇ
270 2381 378 2420 ῥᾳθυμίᾳ
406 2381 449 2408 καὶ
478 2380 587 2418 ἀμελείᾳ
614 2378 672 2408 καθ’
700 2380 814 2413 ἑκάστην
844 2378 906 2408 δου-

92 2423 184 2461 λοῦμαι
199 2424 302 2463 χιλιᾶσι
326 2434 355 2452 τε
380 2425 423 2452 καὶ
452 2424 558 2464 μυριάσι
588 2423 720 2461 δαιμόνωδ
747 2424 813 2463 πρὸς
828 2423 907 2451 ἀπω-

92 2468 223 2502 λειαντῆς
253 2471 344 2508 ψυχῆς
374 2479 436 2506 μου,
466 2471 553 2496 Ταῦτα
581 2468 661 2496 εἰπὼν

93 2513 170 2553 ρήσας
215 2514 319 2553 μικρὸν,
358 2512 506 2552 ἀπέκρυψεν
553 2512 643 2541 ἑαυτὸν

701 2468 745 2496 καὶ
759 2469 907 2507 ὑπαναχω-

686 2511 787 2551 ἡμὲρας
821 2512 906 2551 τινὰς,

664 2492 672 2508 ἳ

129 2597 159 2623 44
171 2597 278 2629 Ezech.
295 2605 397 2636 xxxm,
415 2596 462 2628 11.
504 2595 536 2623 45
550 2595 627 2629 Psal.
641 2604 673 2636 x,
687 2596 717 2627 2.

944 2155 1109 2186 sidentibus
1126 2165 1173 2186 me
1188 2155 1381 2186 daemonibus.
1399 2157 1475 2188 Nam
1492 2160 1558 2186 tuus
1579 2155 1656 2185 filius
1671 2164 1762 2185 unum

945 2200 1033 2231 habet
1047 2200 1236 2238 dwmomum,
1252 2200 1340 2240 idque
1356 2210 1415 2230 non
1428 2209 1480 2230 sua
1509 2203 1625 2240 sponte,
1641 2199 1763 2230 fortasse

944 2253 1014 2275 vero
1030 2244 1065 2275 ad
1076 2244 1199 2276 salutem
1211 2245 1327 2286 anima},
1343 2245 1404 2275 sive
1420 2245 1457 2275 ob
1474 2246 1690 2284 praeteritorum
1707 2253 1763 2274 ex-

947 2288 1108 2329 piationem
1124 2289 1294 2327 criminum,
1311 2289 1416 2320 siveob
1428 2289 1534 2326 futura,
1553 2288 1588 2318 ad
1605 2287 1762 2320 cautelam.

946 2333 1007 2372 Ego
1028 2342 1096 2363 vero
1126 2333 1155 2364 in
1180 2334 1303 2373 segnitie
1328 2337 1357 2364 et
1380 2333 1516 2364 socordia
1541 2342 1607 2363 mea
1631 2332 1764 2372 quotidie

948 2377 1262 2418 subjiciorinnumeris
1277 2378 1443 2408 daemonum
1461 2377 1553 2418 copiis
1568 2377 1598 2407 in
1625 2377 1765 2418 perditio-

948 2431 1016 2453 nem
1033 2422 1138 2452 animae
1152 2431 1235 2453 meae.
1249 2423 1303 2453 Hic
1316 2422 1412 2458 dictis,
1440 2423 1558 2461 paulum
1578 2431 1609 2452 se
1626 2421 1765 2452 subduxit

949 2470 978 2498 et
993 2475 1046 2507 per
1060 2467 1125 2497 dies
1141 2467 1252 2507 aliquot
1262 2467 1356 2505 latuit,
1370 2467 1478 2498 veritus
1487 2477 1536 2505 ne,
1548 2467 1574 2497 si
1587 2465 1766 2497 liberaretur

950 2520 1110 2552 oppressus
1124 2520 1140 2542 a
1156 2511 1302 2550 daemone,
1319 2512 1397 2543 fama
1423 2521 1476 2553 per
1499 2516 1587 2543 totam
1615 2515 1767 2542 emanaret

784 2683 907 2716 Joannis
922 2685 983 2718 Clei
999 2690 1085 2718 notae.

132 2749 194 2795 (47)
213 2748 342 2794 ,Ξίι-ίοιιις
354 2747 453 2794 ‘habet
478 2746 648 2795 Mestrium”.
664 2744 697 2776 In
713 2745 828 2818 φορεῖς
842 2755 909 2792 geo—

132 2789 238 2818 mlncis
264 2797 382 2818 invenio
411 2796 519 2818 narrum
556 2785 690 2818 Mmano
718 2795 749 2817 ιιι
800 2786 909 2818 alabria

95 2785 238 2830 graphicis
264 2787 382 2820 invenio
411 2796 519 2829 pagum
556 2785 690 2819 Misz'ano
718 2785 911 2818 in’Calabria

951 2746 1085 2819 alteriotri
1098 2747 1199 2788 quinto
1227 2748 1346 2780 milliari
1369 2757 1472 2780 versus
1496 2747 1643 2779 orientem
1669 2745 1768 2778 Mileto

973 2796 998 2818 ιε
1012 2797 1048 2818 an
1065 2796 1123 2818 em.

973 2796 1123 2818 iswntem.
