1954 3059
178 163 233 195 111

917 162 1095 196 ΛΝΟΝΥΜῘ

1815 173 1880 205 112

220 229 396 279 Videns
420 236 508 269 porro
532 227 649 279 piorum
669 227 774 279 hostis,
796 232 830 279 _et
855 229 886 261 in
895 229 989 279 bonos

1081 228 1249 279 ξδ’,νταᾷτην
1265 234 1309 264 οὖν
1338 235 1386 269 τὴν
1414 237 1485 276 παρὰ
1513 242 1560 268 τοῦ
1587 240 1716 279 μακαρίου
1743 241 1874 279 βοήθειαν

179 274 293 306 invidia
320 278 458 310 aestuans,
490 277 633 314 quantum
662 273 764 305 auxilii
793 274 882 306 ferret
895 274 999 306 beatus

180 318 266 350 Pater
281 322 341 349 tum
358 317 527 357 animabus,
554 322 614 349 tum
639 318 816 359 corporibus
830 319 997 354 hominum.

179 362 326 403 studebat,
363 363 388 393 si
423 372 482 404 quo
519 362 608 394 modo
637 367 746 403 posset,
777 367 868 394 totam
897 364 1000 395 mundi

178 407 302 447 gloriam
311 410 340 438 et
353 416 424 448 opes
435 407 584 448 subjicere
592 406 685 448 ipsius
698 408 803 446 oculis,
820 412 852 439 ut
862 408 999 440 hebetio-

176 460 241 482 rem
258 451 400 483 redderet
415 460 518 482 eorum
533 451 630 482 aciem
645 451 682 482 ad
697 451 893 491 spectandum
904 451 1000 483 virtu-

175 499 248 534 tem,
266 495 395 536 privaret
419 505 488 526 vero
517 496 662 527 mundum
684 496 822 534 utilitate,
854 506 920 537 quae
935 506 999 537 per-

175 539 261 571 illum
277 539 377 571 ﬁebat.
403 539 488 571 Multi
501 539 633 580 profecto
651 539 831 580 principum,
849 540 898 581 qui
911 541 998 571 adve-

176 584 311 622 niebant,
327 593 462 624 magnam
473 583 608 624 pecuniae
622 583 679 614 vim
692 583 735 614 illi
745 584 907 615 offerebant
918 594 996 625 prae-

178 632 258 660 textu
273 628 461 660 necessitatis
475 628 609 665 fratrum,
638 627 688 668 qui
703 638 769 659 cum
787 638 822 659 eo
837 628 995 668 degebant,

176 677 208 704 et
221 673 370 705 alimoniae
384 682 558 714 pauperum.
585 672 638 703 Ille
658 682 727 703 vero
743 673 806 703 haec
821 677 853 703 ut
866 677 998 704 stercora

176 727 216 749 ne
231 717 395 758 respiciens
405 717 538 758 quidem.
556 717 653 748 aiebat
668 716 872 758 offerentibus,
891 717 998 749 fratres

176 771 195 793 a
204 762 315 793 Davide
327 761 429 793 beatos
444 761 503 792 dici
512 762 554 800 4⁸,
568 761 593 792 si
601 761 716 793 labores
728 771 868 793 manuum
876 771 996 793 suarum

177 807 344 845 comedent,
361 810 391 837 et
405 807 532 846 peccatis
559 806 665 837 alienis
688 815 746 836 non
761 806 993 837 communicent.

177 851 329 892 Paupertas
343 860 412 882 vero
423 851 460 881 de
467 850 550 881 vobis
558 850 690 890 quidem,
701 850 753 888 ait,
763 855 994 891 conquerentur,

1040 283 1099 309 τοῖς
1123 278 1267 318 ἀνθρώποις
1295 281 1500 320 χορηγουμένην
1530 278 1666 323 ψυχικῶςν
1681 294 1710 312 τε
1734 286 1778 313 καὶ
1808 297 1869 313 σω-

1041 325 1159 368 ματικῶς
1194 323 1261 362 ὁρῶν
1297 325 1310 352 ὁ
1346 328 1400 352 τῶν
1434 324 1541 354 δικαίων
1585 327 1693 368 ἐχθρὸς,
1726 330 1770 357 καὶ
1802 333 1870 358 πᾶσι

1040 365 1187 403 βασκαίνων
1222 374 1280 399 τοῖς
1317 368 1438 407 ἀγαθοῖς⁷
1475 365 1654 400 ἔσπευδεν-εἶ
1686 365 1797 401 δυνατὸν
1833 373 1868 407 ἦν

1040 412 1111 447 αὖτῷ
1138 413 1225 439 πᾶσαν
1254 412 1303 445 τὴν
1331 411 1406 445 δόξαν
1436 415 1479 442 καὶ
1507 416 1552 442 τὸν
1576 415 1691 445 πλοῦτον
1706 420 1751 445 τοῦ
1764 417 1867 455 κόσμου

1040 461 1201 494 γυναγαγεῖν
1225 457 1275 495 πρὸ
1299 459 1352 484 τῶν
1380 456 1522 497 ὀφθαλμῶν
1550 461 1641 500 αὐτοῦ,
1669 461 1713 488 καὶ
1741 460 1866 498 ἀμϐλυω-

1040 501 1124 532 πῆσαι
1159 499 1235 546 αὐτον
1265 499 1313 530 μὲν
1347 500 1400 529 ἀπὸ
1435 504 1484 535 τῆς
1521 506 1574 531 τῶν
1610 504 1708 543 ἀρετῶν
1743 506 1864 546 θεωρίας,

1040 545 1163 582 στερῆσαι
1193 541 1220 570 δὲ
1254 544 1299 571 τὸν
1320 544 1420 581 κόσμον
1448 548 1497 579 τῆς
1523 545 1586 586 παρ’
1615 541 1694 576 αὐτοῦ
1721 541 1863 588 ὡφελείαςξ

1040 586 1138 631 Πολλοὶ
1176 592 1238 626 γοῦν
1273 591 1325 616 τῶν
1360 589 1565 629 κατερχομένων
1604 586 1757 631 ἀρχόντων.
1772 592 1864 628 πλήθη

1039 630 1186 669 χρημάτων
1234 631 1424 671 προσφέροντες
1472 633 1542 671 αὖτῴ
1559 658 1567 674 ,
1715 636 1868 674 οἰκονομίαν

1038 677 1091 702 τῶν
1118 673 1177 711 μετ’
1211 675 1289 705 αὖτοῦ
1315 676 1444 716 ἀδελφῶν,
1472 678 1515 706 καὶ
1543 673 1592 712 τὴν
1620 681 1780 719 προστασίαν
1807 684 1866 708 τῶν

1037 722 1155 758 πτωχῶν
1185 719 1380 759 προεϐάλλοντο
1397 730 1406 738 ”
1432 722 1446 750 ὁ
1474 721 1502 750 δὲ
1530 723 1619 763 ὥσπερ
1647 723 1764 752 σκύϐαλα
1792 725 1865 753 ἀπο-

1037 764 1212 808 στρεφόμενος
1246 768 1348 805 ταῦτα,
1371 764 1449 804 ἔλαγε
1484 774 1544 798 τοῖς
1579 767 1725 808 ἄρχουσιν,
1760 768 1800 796 ὅτι
1832 771 1864 798 Οἱ

1038 807 1086 844 μὲν
1112 807 1218 848 ἀδελφοὶ
1252 809 1323 848 παρὰ
1357 813 1403 838 τοῦ
1439 809 1520 838 Δαᾶδ
1554 813 1752 851 μακαρίζονται,
1784 812 1861 852 εἴπερ

1037 851 1097 883 τούς
1112 853 1207 884 πόνους
1237 856 1289 881 τῶν
1319 857 1418 893 χειρῶν
1445 854 1530 882 αὑτῶν
1558 856 1704 895 φέγωνται,
1722 857 1765 884 καὶ
1781 851 1861 885 ἀλλοέ

180 894 383 941 deﬂuentibus
393 904 458 935 quae
466 898 534 925 sunt
544 894 675 941 illorum,
683 904 734 941 me
742 903 812 941 vero
821 894 989 941 laudabunt,

1070 897 1118 941 ίαις
1145 898 1283 937 ἁμαρτίαις
1316 899 1354 936 μὴ
1389 894 1598 934 κοινωνήσουσιν.
1635 903 1663 929 ΟΣ
1693 901 1720 928 δὲ
1752 902 1859 941 πτωχοὶ

175 943 209 971 ut
228 939 302 971 nihil
317 939 475 971 habentem
491 941 520 970 et
535 938 635 970 omnia
651 939 864 979 possidentem.
892 938 995 970 Eunu-

177 984 252 1015 chus
266 983 466 1015 cubicularius
477 993 543 1014 cum
560 983 725 1014 Rossanum
743 982 806 1023 (51)
833 987 912 1014 esset
923 983 994 1014 olim

175 1028 339 1070 ingressus,
357 1037 412 1059 nec
426 1028 547 1060 vidisset
562 1027 599 1058 ad
627 1037 659 1058 se
687 1027 851 1058 accurrisse
865 1029 993 1068 Patrem,

176 1076 263 1103 norat
277 1081 346 1104 vero
361 1072 443 1103 illum
459 1072 521 1103 solo
536 1072 622 1103 fama:
630 1081 762 1112 rumore,
777 1071 901 1102 miratus
915 1072 994 1103 dice-

175 1116 226 1148 bat
239 1117 275 1148 ad
292 1126 342 1148 eos
357 1117 407 1158 qui
433 1120 594 1157 praesentes
615 1115 759 1148 aderant:
786 1115 842 1148 Ubi
864 1120 994 1147 moratur

174 1161 259 1193 Nilus
273 1162 449 1199 monachus,
467 1167 496 1193 et
511 1170 569 1202 qua
595 1161 710 1191 ratione
725 1170 784 1192 non
801 1160 879 1191 venit
892 1160 928 1191 ad
945 1169 993 1191 me

172 1215 240 1237 cum
255 1205 394 1237 omnibus
408 1205 596 1246 hegumenis,
624 1205 725 1236 audito
754 1215 821 1237 meo
836 1205 961 1236 adventu
977 1204 992 1235 ‘2

170 1250 214 1282 Ita
226 1251 306 1283 enim
322 1260 378 1283 nec
393 1250 457 1290 ipse
471 1250 640 1291 patrtarcha
665 1259 783 1281 mecum
800 1258 889 1290 agere
903 1259 992 1280 ausus

171 1300 261 1332 esset,
278 1299 310 1326 ut
322 1295 468 1335 jactanter
494 1295 653 1326 adventum
664 1303 763 1325 meum
778 1294 993 1334 contempsisse

171 1339 334 1371 videretur.
350 1339 395 1371 Ad
410 1339 472 1370 haec
487 1339 532 1370 illi
544 1349 552 1370 :
565 1339 728 1370 Monachus
739 1337 808 1379 iste,
824 1338 862 1369 de
875 1348 932 1379 quo
945 1342 993 1369 tua

171 1383 302 1424 loquitur
317 1383 502 1420 excellentia,
533 1392 589 1414 nec
614 1382 782 1423 patriarcha
795 1386 851 1420 est,
867 1392 922 1413 nec
938 1391 991 1421 pa-

171 1428 333 1460 triarcham
345 1428 440 1465 timet,
452 1428 503 1459 scd
519 1436 574 1459 nec
584 1427 680 1468 ipsum
692 1427 805 1458 cunctis
816 1426 991 1458 formidabi-

171 1471 230 1503 lem
246 1473 469 1512 imperatorem.
495 1471 586 1504 Sedet
614 1475 713 1502 autem
729 1480 788 1502 una
801 1480 867 1502 cum
890 1474 990 1511 paucis

173 1516 363 1548 monachisin
370 1515 801 1556 montenulliusopeindigens.
811 1514 884 1546 Nam
892 1524 989 1555 neque

170 1561 278 1602 amplis
294 1560 403 1593 ﬁnibus
419 1560 598 1598 continetur,
610 1548 672 1590 .nec
684 1548 888 1599 juinentorum
905 1548 990 1599 copia
999 1548 1021 1580 δ

171 1605 326 1637 devinctus
341 1609 396 1643 est,
413 1606 492 1637 unde
507 1614 562 1636 nec
591 1604 681 1635 ullam
711 1613 778 1634 cum
794 1603 853 1634 ullo
867 1603 989 1634 homine

169 1651 401 1682 controversiam
417 1649 518 1682 habet.
545 1648 704 1681 Unicornis
732 1648 782 1678 hic
808 1651 863 1685 est,
879 1648 989 1678 animal

169 1695 265 1727 libere
279 1695 336 1726 sibi
348 1695 459 1734 vivens,
475 1699 505 1726 et
518 1694 544 1725 si
569 1693 653 1724 illum
679 1692 805 1724 volueris
819 1702 886 1724 cum
901 1697 988 1733 pote-

169 1744 244 1771 state
267 1740 427 1781 adducere,
455 1747 606 1780 nunquam
636 1737 748 1778 poteris
776 1737 880 1769 faciem
909 1737 988 1768 illius

168 1784 283 1816 videre.
303 1783 374 1815 Cum
404 1785 465 1815 haec
492 1783 626 1815 audisset
653 1781 864 1820 cubicularius,
894 1782 988 1813 multo

169 1829 263 1868 magis
274 1828 438 1860 admiratus
454 1832 500 1860 est
513 1828 630 1859 beatum
650 1826 758 1862 virum.
775 1826 987 1866 epistolamque

168 1875 333 1916 supplicem
345 1875 381 1906 ad
391 1884 459 1906 eum
469 1874 562 1912 dedit,
575 1873 715 1913 adjurans
728 1872 816 1903 etiam
829 1871 988 1903 horrendis

167 1921 276 1959 verbis,
292 1925 325 1952 ut
339 1921 385 1952 vel
403 1921 460 1952 sibi
475 1920 513 1951 ad
533 1929 598 1951 eum
615 1919 746 1960 profecto
755 1927 788 1949 se
801 1927 858 1949 non
870 1918 989 1949 subtra-

168 1966 265 2004 heret,
281 1966 329 1997 vel
351 1971 433 1997 certe
447 1975 507 1997 non
522 1965 732 2002 dedignaretur
745 1963 847 1995 venire
861 1963 892 1994 in
908 1963 990 2004 oppi-

167 2011 238 2042 dum
253 2015 283 2043 et
297 2012 538 2043 benedictionem
565 2009 623 2042 sibi
643 2009 763 2050 suisque
777 2009 914 2040 omnibus
928 2009 988 2040 im-

168 2055 337 2096 pertiretur.

206 2146 256 2178 65.
273 2146 310 2177 At
325 2149 445 2177 sanctus
458 2145 547 2176 Pater
558 2143 657 2182 Nilus,
677 2147 739 2176 tum
755 2143 825 2185 quia
838 2143 989 2183 adjuratus

1036 940 1094 970 καο’
1108 943 1182 980 ὑμῶν
1196 943 1244 979 μὲν
1271 941 1450 982 κεκρειὶξονται²
1482 944 1519 975 ὡς
1545 945 1578 973 τὰ
1605 945 1702 973 τούτων
1728 940 1859 985 κατεχον-

1036 996 1089 1014 των
1106 995 1112 1002 ·
1142 986 1189 1024 ἐμὲ
1202 985 1229 1014 δὲ
1244 987 1434 1027 θαυμάσονται,
1463 988 1500 1019 ὡς
1527 987 1610 1025 μηδὲν
1640 988 1749 1029 ἔχοντα,
1766 991 1811 1018 καὶ
1825 991 1858 1018 τὰ

1035 1029 1121 1058 πάντα
1144 1030 1305 1070 κατέχοντα,
1336 1031 1468 1071 Εὗνοῡχος
1505 1033 1518 1060 ὃ
1554 1034 1708 1067 κοιτωνίτης
1739 1034 1862 1062 εἰσελθὼν

1034 1084 1099 1102 ποτε
1113 1074 1140 1102 ἑν
1152 1078 1189 1112 τῷ
1217 1072 1352 1112 ιΞαηνιιπίνῳ,
1380 1076 1424 1103 καὶ
1454 1074 1514 1104 ἰδὼν
1543 1077 1588 1104 τὸν
1616 1083 1744 1115 μακάριον
1772 1077 1861 1116 μηδα-

1034 1122 1091 1156 μῶς
1124 1119 1194 1155 αὖτῳ
1228 1118 1430 1159 προσδραμόντα
1447 1129 1455 1137 ·
1491 1120 1620 1154 ἠπίστατο
1647 1122 1697 1162 γὰρ
1724 1123 1801 1151 αὐτὸν
1829 1123 1859 1152 ἐκ

1034 1163 1118 1201 μόνης
1132 1166 1180 1197 τῆς
1194 1164 1286 1203 φήμης
1304 1173 1311 1180 ·
1338 1163 1413 1202 ἔλεγε
1439 1165 1577 1202 θαυμάζων
1605 1166 1669 1205 πρὸς
1698 1167 1756 1199 τοὺς
1783 1179 1852 1207 παρ-

1033 1207 1130 1240 όντας⁴
1150 1211 1202 1237 Ποῦ
1214 1210 1326 1241 καθηται
1353 1207 1449 1239 Νεῖλος
1478 1210 1493 1236 δ
1519 1208 1692 1250 καλόγηρος;
1724 1212 1767 1239 καὶ
1795 1215 1852 1244 πῶς

1034 1251 1063 1280 οὔ
1098 1251 1230 1291 προσῆλθε
1265 1264 1310 1289 μοι
1346 1253 1412 1290 μετὰ
1447 1253 1553 1281 πάντων
1593 1257 1645 1281 τῶν
1690 1255 1855 1296 ἡγουμένων,

1033 1296 1146 1328 ἀκούσας
1161 1297 1210 1330 τὴν
1237 1296 1305 1334 ἐμὴν
1335 1296 1446 1337 ἄφιξιν;
1476 1302 1552 1326 τοῦτο
1581 1299 1630 1338 γὰρ
1655 1298 1717 1336 μηδ’
1746 1300 1822 1331 αὗτὶς
1841 1302 1854 1328 ὁ

1033 1341 1201 1380 πατριάρχης
1235 1340 1381 1378 ἐτόλμησεν
1417 1341 1447 1369 ἂν
1481 1341 1539 1379 ἐμοὶ
1580 1344 1776 1382 καυχήσασθαι,
1812 1345 1855 1372 καὶ

1033 1387 1229 1424 καταφρονῆσαι
1252 1387 1300 1418 τῆς
1322 1385 1389 1423 ἐμῆς
1419 1385 1559 1418 ἐλεύσεως.
1582 1388 1611 1415 Οἱ
1637 1386 1664 1415 δὲ
1689 1392 1854 1427 παρεστῶτες

1033 1429 1104 1473 αὐτῷ
1125 1428 1301 1473 ’ἀπεκρίναντο
1318 1437 1324 1446 ·
1355 1430 1435 1462 Οὗτος
1466 1431 1493 1458 ὃν
1522 1429 1572 1470 ἔφη
1602 1431 1619 1464 ἡ
1643 1431 1677 1464 σὴ
1705 1430 1853 1473 ἐνδοξότης,

1034 1467 1062 1501 Ὀ
1089 1471 1249 1512 διαλόγηρος¹
1280 1472 1338 1501 οὕτε
1370 1467 1546 1514 πατριάρχης.
1565 1474 1644 1513 ἐστὶν,
1675 1475 1733 1504 οὔτε
1760 1467 1852 1516 παιτριΣ

1031 1517 1119 1557 άρχην
1147 1516 1278 1558 φοϐεῖται,
1308 1516 1368 1546 ἀλλ’
1394 1517 1447 1548 οὐδ’
1476 1519 1553 1547 αὐτὸν
1581 1520 1626 1547 τὸν
1654 1523 1717 1548 πᾶσι
1745 1519 1854 1560 φοϐερὸν

1029 1561 1149 1599 βασιλέα.
1187 1562 1302 1596 Κάθηται
1331 1562 1358 1590 δὲ
1385 1563 1441 1601 ἅμα
1464 1562 1562 1602 ὀλίγοις
1593 1571 1730 1604 μοναχοῖς
1758 1565 1786 1592 ἐν
1813 1568 1850 1602 τῷ

1029 1606 1094 1644 ὄρει,
1111 1606 1150 1644 μὴ
1165 1605 1289 1644 δεόμενος
1314 1607 1384 1639 τινὸς
1412 1607 1590 1645 ἀντιλήψεως.
1621 1608 1684 1637 Οὔτε
1713 1609 1762 1648 γὰρ
1786 1608 1852 1639 πλᾶ-

1028 1661 1067 1678 τει
1090 1651 1166 1690 ὁρίων
1191 1651 1342 1691 συνέχεται,
1376 1652 1433 1680 οὔτε
1459 1651 1554 1687 πλήθει
1581 1653 1759 1690 βοσκημάτων
1788 1665 1851 1681 συν-

1029 1693 1139 1725 δέδεται.
1174 1695 1221 1723 Διὸ
1253 1695 1306 1724 οὐδ’
1341 1695 1500 1736 ἀμφιϐολίαν
1534 1696 1660 1730 κέκτηται
1688 1697 1753 1737 πρός
1781 1709 1850 1728 τινα.

1029 1739 1185 1779 Μονόκερως
1220 1739 1287 1769 ἐστὶν
1322 1742 1409 1777 οὗτος,
1445 1744 1512 1777 ζῶον
1548 1743 1690 1779 αὖτονομον
1711 1751 1720 1759 ⁵
1760 1743 1804 1770 καὶ
1831 1748 1854 1776 εὶ

1028 1783 1143 1823 θελήσῃς
1179 1786 1256 1814 αὐτὸν
1292 1784 1350 1823 μετ’
1380 1785 1495 1818 ἐξουσίας
1522 1785 1634 1826 ἀγαγεῖν
1661 1785 1783 1815 οὐδέποτε
1811 1785 1854 1815 δυ-

1031 1830 1100 1868 νήσῃ
1115 1830 1145 1858 τὸ
1168 1829 1310 1870 πρόσωπον
1333 1831 1411 1860 αὑτοῦ
1435 1829 1565 1862 καδιδεῖν,
1595 1835 1681 1860 Ταῦτα
1710 1831 1824 1864 ἀκουσας
1840 1833 1853 1860 ὁ

1030 1873 1198 1911 κοιτωνίτης,
1234 1876 1280 1903 καὶ
1313 1875 1355 1904 ἐπὶ
1389 1874 1484 1903 πλεῖον
1518 1876 1563 1904 τὸν
1598 1874 1677 1915 ἄνδρα
1704 1876 1853 1917 θαυμάσας,

1030 1918 1123 1958 γράφει
1158 1919 1228 1956 αὒτῷ
1263 1919 1406 1953 ἐπιστολὴν
1443 1919 1630 1954 δυσωπητικὴν
1647 1943 1656 1957 ,
1706 1920 1853 1958 συμπλέξας

1030 1965 1096 2002 αὐτῇ
1111 1964 1155 1992 καὶ
1169 1963 1262 2004 ὅρκους
1288 1965 1423 2004 φρικτοὺς,
1451 1964 1496 1993 ἵνα
1519 1963 1575 1992 εἴτε
1600 1965 1665 2004 πρὸς
1690 1966 1768 1994 αὐτὸν
1783 1965 1853 2005 ἐξερ-

1030 2007 1138 2048 χομὲνῳ
1152 2008 1191 2045 μὴ
1214 2008 1357 2048 ἀποκρύψῃ
1387 2009 1480 2036 ἑαυτὸν
1510 2007 1557 2036 ἀπ’
1577 2011 1666 2046 αὺτοῦ,
1696 2010 1751 2037 εἴτε
1775 2020 1854 2038 κατα-

1030 2051 1111 2091 ξιώσῃ
1126 2052 1152 2080 ἐν
1178 2055 1217 2089 τῷ
1243 2053 1348 2092 κάστρῳ
1374 2051 1500 2081 εἰσελθεῖν
1523 2053 1567 2081 καὶ
1594 2053 1739 2093 εὐλογῆσαι
1764 2054 1852 2093 αὐτὸν,

1030 2098 1073 2125 καὶ
1087 2097 1186 2129 πάντας
1200 2097 1260 2129 τοὺς
1275 2098 1319 2125 σὺν
1335 2098 1416 2135 αὐτῷ.

1070 2135 1118 2174 ξε’,
1138 2136 1166 2170 Ὀ
1181 2140 1208 2169 δὲ
1237 2141 1308 2174 ὅσιος
1338 2142 1428 2182 Πατὴρ
1457 2142 1535 2179 ἡμῶν
1564 2142 1660 2175 Νεῖλος
1690 2143 1720 2171 τὸ
1750 2143 1798 2181 μὲν
1813 2143 1853 2171 διὰ

165 2194 240 2226 erat,
257 2194 319 2221 tum
334 2194 367 2222 ut
382 2194 411 2221 et
423 2190 490 2231 ipse
512 2190 678 2230 principem
694 2189 750 2220 sibi
764 2188 800 2219 ad
816 2187 968 2219 auscultan
979 2205 987 2212 -

1070 2197 1091 2217 ις
1119 2185 1317 2225 γεγραμμένους
1340 2185 1445 2225 ὅρκους,
1472 2187 1502 2214 τὸ
1530 2185 1557 2214 δὲ
1585 2186 1632 2215 ἵνα
1659 2186 1738 2215 πάλιν
1766 2187 1784 2216 ὅ
1809 2187 1853 2227 ἅρ-

166 2235 237 2267 dum
250 2235 429 2276 paratiorem
442 2234 581 2266 redderet
592 2242 645 2274 pro
667 2233 846 2273 pauperibus
860 2231 986 2272 roganti,

166 2280 246 2311 venit
260 2281 291 2311 in
307 2280 449 2320 oppidum
467 2284 495 2310 et
509 2279 634 2310 accessit
649 2277 686 2308 ad
701 2277 988 2308 cubicularium.llle

166 2325 297 2356 habitum
311 2330 340 2356 et
352 2325 456 2356 faciem
471 2324 595 2355 intuitus
611 2322 828 2363 propheticam,
845 2321 904 2352 imo
918 2331 987 2352 vero

168 2369 346 2409 angelicam,
365 2369 492 2410 procidit
506 2368 544 2399 ad
559 2368 652 2409 pedes
677 2367 753 2407 ejus,
772 2370 801 2396 et
817 2375 906 2396 manu
922 2366 988 2405 ejus

168 2415 325 2454 prehensa,
351 2414 438 2444 simul
464 2413 591 2453 ingressi
615 2416 683 2442 sunt
707 2411 888 2442 cubiculum.
906 2410 990 2442 Tunc

168 2459 310 2499 pracepit
324 2458 441 2489 cuidam
464 2467 499 2489 ex
529 2456 713 2488 ﬁdelissimis
737 2455 805 2493 sibi,
822 2461 855 2487 ut
870 2456 988 2487 afferret

169 2502 278 2534 librum
292 2502 456 2543 Exangelii,
472 2503 570 2543 aitque
584 2501 621 2532 ad
637 2504 771 2532 sanctum
788 2509 796 2532 :
827 2500 985 2538 Quoniam,

166 2547 255 2580 beate
280 2549 380 2587 Pater,
406 2546 536 2588 suspicio
564 2545 713 2578 mendacii
740 2544 811 2576 facit
836 2548 869 2576 ut
896 2544 985 2576 homo

200 2645 233 2671 48
245 2644 323 2678 Psal.
337 2651 451 2684 cxxvu,
465 2642 496 2675 2.

1031 2242 1089 2271 χων
1104 2231 1175 2268 αὐτῷ
1189 2230 1326 2268 ὑπακούσῃ
1353 2230 1380 2259 ἐν
1407 2233 1442 2269 τῇ
1468 2231 1527 2270 περὶ
1554 2233 1607 2260 τῶν
1635 2235 1754 2272 πτωχῶν
1769 2243 1854 2271 παρα-

1029 2275 1134 2312 κλήσει,
1171 2274 1367 2312 καταλαμϐάνει
1402 2276 1432 2303 τὸ
1471 2275 1594 2315 κάπρον,
1631 2276 1675 2304 καὶ
1709 2277 1773 2315 πρὸς
1809 2277 1853 2304 τὸν

1029 2321 1185 2353 κοιτωνίτην
1218 2319 1347 2353 εἰσῆλθεν.
1384 2314 1413 2348 Ὀ
1441 2318 1472 2347 δὲ
1499 2320 1658 2358 θεασάμενος
1686 2314 1783 2360 σχῆμα
1810 2322 1853 2349 καὶ

1029 2365 1169 2405 πρόσωπον
1200 2365 1375 2405 προφητικὸν,
1405 2363 1505 2402 μᾶλλον
1534 2363 1560 2392 δὲ
1589 2363 1742 2403 ιΞιγγελικὸν1
1772 2375 1854 2404 προσ-

1031 2409 1156 2443 εκύνησεν
1171 2409 1213 2438 ἐπὶ
1227 2410 1287 2441 τοὺς
1316 2408 1398 2441 πόδας
1427 2409 1505 2438 αὑτοῦ
1520 2416 1527 2424 ’
1558 2410 1603 2437 καὶ
1625 2410 1758 2448 κρατήσας
1775 2410 1853 2437 αὖτέιν

1030 2457 1079 2488 τῆς
1107 2455 1211 2494 χειρὸς,
1242 2453 1362 2488 εἴα-ἦλθον
1397 2453 1477 2494 ἄμφω
1507 2452 1533 2482 ἒν
1557 2457 1596 2491 τῷ
1624 2457 1731 2482 κοιτῶνι
1760 2454 1850 2486 αὐτοῦ,

1030 2499 1162 2532 Κελεύσας
1191 2498 1219 2527 δὲ
1248 2498 1293 2528 ἕνα
1320 2501 1373 2527 τῶν
1399 2497 1565 2528 πιστοτάτων
1593 2498 1664 2536 αὒτῷ
1686 2499 1716 2526 τὸ
1731 2498 1851 2538 Εὐαγγέ-

1028 2542 1087 2573 λιον
1120 2543 1250 2583 ἆνεγκιῐν,
1286 2541 1358 2584 λέγει
1387 2546 1428 2581 τῷ
1455 2543 1586 2582 μακαρίτῃ
1603 2550 1612 2561 ⁸
1649 2541 1761 2581 Επειδὴ,
1792 2542 1851 2582 ἅγιε

855 2725 979 2759 Joannis
992 2725 1056 2759 Clei
1069 2730 1157 2759 notae.

208 2817 267 2858 (51)
290 2816 417 2858 Sirletus
444 2825 481 2847 ex
504 2816 620 2858 Graeco
637 2814 784 2858 κοιτονίτης
797 2811 885 2858 vertit
897 2815 989 2858 cwtq-
1155 2819 1228 2858 pero
1241 2818 1302 2858 non
1317 2817 1406 2851 parva
1413 2812 1477 2842 erat
1487 2808 1851 2850 diguitasauctoritasque,

168 2851 265 2896 nates;
283 2857 362 2898 quod
378 2854 719 2898 tamen_cub_icularium
735 2851 880 2898 principis
893 2852 989 2898 signi-
1029 2855 1064 2884 ut
1077 2851 1190 2884 ibidem
1205 2851 1308 2892 liquet.

166 2898 246 2938 ﬁent,
257 2893 384 2931 'ut'varia
393 2896 471 2939 apud
478 2895 621 2936 Canzium
629 2893 765 2935 exempla
771 2893 988 2927 demonstrant.
