1954 3059
69 162 129 195 129

66 227 267 257 ἆνταποδιδοῦσί
280 239 324 266 μοι
348 227 426 263 κακὰ,
459 238 474 254 ι
505 227 629 265 πείσομαι
660 226 718 256 τόδε
745 227 789 254 καὶ
817 224 887 254 τόδε.

66 273 119 301 Καί
136 283 143 290 ⁸
175 273 269 312 Κρῖνόν
293 283 337 310 με,
371 272 458 311 Κύριε,
487 272 555 300 κατὰ
583 270 748 304 δικαιοσύνην
772 282 833 309 μου,
848 270 891 298 καὶ

66 317 135 345 κατὰ
149 317 198 351 τὴν
214 317 324 346 ἀκακίαν
339 327 401 354 μου,
417 317 431 344 ὁ
447 316 522 348 Θεός.
543 328 555 343 ι»
584 317 632 345 Καὶ
657 316 697 344 ὅτι
723 315 861 355 Ἐμφανῶς
878 316 891 342 ὁ

65 362 132 393 Θεὶις
147 361 203 394 ἥξει
220 369 227 376 ·
246 372 259 391 ι
277 362 320 389 καί
335 371 342 378 ·
363 372 374 388 ε
393 361 430 388 Οὔ
440 361 676 400 παρασιωπήσεται
689 363 697 376 ‘
714 365 764 400 πῦρ
779 360 891 388 ἐνώπιον

63 405 145 433 αὒτοῦ
171 407 341 444 καυθήσεται²
370 405 414 433 καὶ
441 404 549 444 φλογιεϊ
577 404 666 441 κύκλῳ
692 405 752 436 τοὺς
781 404 890 444 ἐχθροὺς

64 451 159 480 αὺτοῦ.
177 462 191 478 ι

333 429 341 446 Ὶ

143 577 149 589 ν
215 588 225 592 .,
310 585 317 596 ε
359 584 366 594 ι
544 583 551 594 I
792 582 802 592 ν

106 594 136 615 ος
149 604 158 613 .
174 588 260 613 Ταυτα
275 595 319 612 και
341 595 373 612 τα
398 583 478 620 ὅμοια
507 593 609 614 τουτοις
637 582 762 617 ἐννοήσας
778 583 888 623 ἐξερχό-

64 628 132 664 μενᾶ
161 639 212 665 μου
240 632 293 657 τῶν
321 628 448 668 χειλέων,
482 628 648 662 κατανοήσας
677 626 704 655 δὲ
733 627 844 665 ἐμαυτὸν
858 628 890 655 τα

64 671 169 700 ἐναντία
196 674 344 712 πράττοντα
373 674 482 709 τούτων,
515 670 630 712 ἐφοϐήθη
661 684 710 709 μου
739 673 756 706 ἡ
785 671 888 711 καρδία,

64 717 110 744 καὶ
123 716 268 756 ἐτρόμαξαν
284 718 317 746 τὰ
331 718 395 746 ὁστᾶ
421 729 483 757 μου,
514 718 531 751 ἡ
560 715 586 744 δὲ
615 717 692 756 ἰσχὺς
706 719 757 744 τῶν
773 717 889 755 γονάτων

65 771 117 797 μου
130 761 254 789 ὑποκάτω
282 773 332 799 μου
359 761 506 801 ἐταράχθη,
535 760 603 789 ὥστε
632 763 726 794 στῆναι
756 762 794 798 μὴ
809 759 889 788 δύνα-

65 806 137 836 σθαι.
162 804 206 834 Ἐν
234 806 317 844 ταύτῃ
346 807 430 834 τοίνυν
459 809 493 843 τῇ
521 808 570 839 τῆς
595 805 708 842 θλίψεώς
738 817 788 842 μου
803 805 889 844 ἡμέρᾳ

65 851 113 878 οὐκ
145 849 232 882 ἄλλως
268 850 350 890 ’ἔγνων
384 851 532 884 ἀναπαῆναι
561 851 604 878 καὶ
633 849 819 888 ἀπαλλαγῆναι
846 855 892 879 τοῦ

63 893 164 932 τρόμου
178 905 206 922 τε
222 895 324 924 καὶτοῦ
353 893 445 935 φόϐου,
471 895 493 922 εί
522 894 560 932 μὴ
588 894 615 922 ἐν
643 898 680 931 τῷ
704 892 832 927 ἀναϐῆναι
858 905 890 931 με

65 937 126 966 ἔνθα
150 940 164 966 ὁ
192 939 256 972 )αδς
285 943 334 973 τῆς
364 939 488 972 ξενιτείας
519 951 569 977 μου
587 947 594 954 '
624 939 690 967 ὅπου
718 940 765 967 είσὶ
795 939 890 971 πάντες

65 981 135 1015 ξένοι
150 984 194 1012 καὶ
207 984 397 1024 παρεπίδημοι,
427 985 471 1013 καὶ
498 985 529 1012 τὸ
559 983 704 1021 πολίτευμα
727 983 753 1011 ἐν
771 985 892 1023 οὐρανοῖς

65 1026 178 1066 ἔχοντες
197 1035 204 1042 ‘
221 1030 245 1056 οἱ
260 1027 343 1066 μηδὲν
358 1028 467 1068 ἔχοντες
481 1027 560 1065 ἴδιον,
589 1028 633 1055 καὶ
659 1027 743 1056 πάντα
759 1027 891 1067 κατέχον-

64 1081 110 1102 τες
128 1081 136 1088 ⁸
166 1071 227 1100 διότι
261 1073 277 1106 ἦ
304 1075 370 1106 συκῆ
401 1084 463 1113 μου,
491 1072 535 1100 καὶ
563 1073 580 1105 ἡ
610 1071 683 1100 ἐλαία
713 1083 773 1111 μου,
803 1073 847 1100 καὶ
874 1073 891 1106 ἡ

67 1113 200 1155 ἄμπελος,
231 1117 274 1144 καὶ
302 1117 334 1144 τα
362 1117 448 1151 κτήνη
474 1127 524 1154 μου
553 1115 623 1144 οὒδέν
653 1127 685 1153 με
713 1115 892 1156 ὡφελὴσουσιν

66 1158 95 1186 ἐν
109 1159 198 1196 ἡμέρᾳ
221 1160 346 1200 θλίψεως,
377 1160 434 1190 οὖδὲ
463 1161 529 1198 μετὰ
557 1161 667 1189 θάνατόν
695 1172 740 1198 μοι
755 1171 893 1200 καρποφο-

66 1203 187 1242 ρήσουσι.
205 1205 234 1232 Εἰ
248 1203 274 1232 δὲ
289 1205 394 1239 ποιήσω
416 1206 430 1234 ὃ
457 1204 662 1243 ἐϐουλευσάμην.
698 1205 894 1244 ἂγαλλιάσομαι

66 1247 128 1275 τότε
153 1248 179 1276 ἐν
207 1252 245 1286 τῷ
272 1250 367 1288 Κυρίῳ,
399 1251 554 1290 χαρήσομαι
582 1249 623 1278 ἐπὶ
650 1254 689 1287 τῷ
717 1253 774 1287 Θεῴ
791 1251 895 1290 Σωτῆρί

69 1303 133 1329 μου.
164 1294 261 1321 Τούτου
296 1293 323 1321 δὲ
352 1294 434 1326 οὕτως
459 1295 648 1334 ἐρμηνυθέντος
676 1296 745 1323 κατὰ
772 1295 821 1328 τὴν
848 1300 893 1324 τοῦ

68 1336 162 1369 ἠθικοῦ
189 1337 375 1376 τροπο).ογίαν,
411 1338 483 1377 λέγει
519 1340 583 1379 πρὸς
611 1340 657 1367 τὸν
687 1338 758 1367 ὅσιον
786 1338 864 1370 ἄλλος
882 1347 889 1354 ·

685 161 779 194 νΙΤΑ
801 159 831 190 8.
854 156 938 190 NILI
956 157 1141 190 JUNIORIS.

1699 158 1756 191 130

899 223 1114 254 Aconsideravi
1130 227 1159 254 et
1174 223 1330 254 meditatus
1344 232 1409 254 sum
1425 223 1590 256 oralionem
1607 223 1752 255 labiorum

932 277 1076 299 meorum.
1107 267 1165 298 Oro
1189 273 1288 298 autem
1319 269 1376 299 hoc
1407 273 1516 309 pacto:
1551 282 1564 297 ι
1591 269 1621 300 Si
1637 268 1755 300 reddidi

930 312 1164 343 retribuentibus
1180 312 1252 342 mihi
1269 313 1344 343 mala
1353 313 1392 354 79,
1406 326 1418 341 υ
1446 314 1507 344 haec
1523 318 1551 344 et
1566 314 1627 345 haec
1645 314 1752 354 patiar:

933 360 980 387 et:
1010 368 1021 384 ι
1047 356 1152 388 Judica
1177 366 1235 397 me,
1266 357 1404 392 Domine.
1431 359 1596 390 secundum
1608 359 1753 398 justitiam

935 406 1066 432 meamet
1077 402 1241 432 secundum
1254 402 1453 434 innocentiam
1467 412 1573 439 meam.
1593 403 1723 435 Deus“:
1739 416 1752 431 ι

931 450 978 477 et:
996 458 1009 473 α
1023 445 1100 476 Deus
1115 446 1271 476 manifeste
1284 447 1419 478 venietet
1431 458 1488 478 non
1500 447 1618 488 silebit;
1634 448 1709 488 ignis
1725 448 1755 478 in

931 495 1091 530 conspectu
1111 491 1176 530 ejus
1197 490 1371 522 exardescet
1393 496 1421 522 et
1441 492 1636 523 inﬂammabit
1651 494 1680 523 in
1695 493 1754 524 cir-

930 534 1010 564 cuitu
1028 534 1166 564 inimicos
1181 534 1246 574 ejus
1260 535 1302 566 74.
1322 548 1335 563 η

969 578 1019 609 76.
1038 579 1109 609 lla‘c
1125 583 1153 608 et
1169 579 1278 610 similia
1302 580 1372 610 dum
1400 580 1525 620 proferri
1542 590 1595 620 per
1609 590 1642 611 os
1658 591 1754 612 meum

931 622 1099 659 considero,
1113 627 1142 653 et
1153 633 1169 653 a
1181 633 1227 654 me
1241 624 1304 654 ﬁeri
1325 625 1474 656 contraria
1492 625 1576 656 video
1597 626 1694 656 timuit
1705 636 1756 657 cor

931 676 1029 696 meum
1047 672 1074 697 et
1090 672 1332 699 contremuerunt
1349 670 1753 710 ossameaelroburgenuum

933 720 1066 742 meorum
1083 711 1185 742 subter
1200 714 1407 744 conturbatum
1424 718 1480 750 est,
1498 714 1536 744 ita
1553 718 1584 745 nt
1598 720 1676 745 stare
1697 724 1754 745 non

931 764 1049 795 queam.
1067 755 1098 786 In
1117 756 1170 787 hac
1198 757 1287 796 igitur
1310 758 1468 789 afllctionis
1497 768 1569 789 mete
1595 759 1644 789 die
1659 759 1754 797 video,

933 810 991 830 non
1007 801 1063 831 alia
1079 802 1193 832 ratione
1210 812 1255 833 me
1272 812 1359 842 posse
1385 805 1551 843 quiescere,
1568 808 1757 844 tremoreque

933 854 966 875 ac
983 845 1090 875 timore
1107 846 1239 882 liberari,
1255 847 1312 877 nisi
1342 848 1533 878 ascendendo
1550 848 1630 883 illuc,
1648 847 1696 878 ubi
1713 853 1757 878 est

902 880 1058 929 Bpopulus
1088 880 1336 929 peregrinationis
1366 901 1450 931 mete,
1477 891 1526 922 ubi
1556 880 1630 923 sunt
1652 901 1757 923 omnes

932 933 1050 964 advenae
1063 938 1090 964 et
1101 935 1263 975 peregrini,
1281 945 1406 976 quorum
1423 937 1604 967 conversatio
1620 937 1650 967 in
1674 937 1756 968 caelis

933 982 989 1014 est,
1007 978 1056 1018 qui
1075 979 1185 1019 proprii
1202 979 1275 1010 nihil
1300 980 1409 1011 habent
1434 985 1462 1011 et
1477 981 1576 1012 omnia
1591 982 1752 1021 possident.

932 1021 1004 1052 Nam
1022 1023 1095 1054 ﬁcus
1113 1033 1177 1054 mea
1192 1029 1221 1055 et
1236 1024 1301 1055 olea
1317 1034 1394 1057 mea.
1424 1030 1454 1056 et
1479 1026 1564 1056 vinea
1581 1030 1610 1056 et
1622 1026 1757 1066 jumenta

934 1076 1000 1097 mea
1015 1067 1087 1098 nihil
1105 1068 1176 1098 mihi
1193 1068 1357 1108 proderunt
1379 1070 1407 1099 in
1435 1070 1484 1100 die
1512 1070 1680 1103 afllctionis.
1700 1081 1755 1101 ne~

935 1120 993 1150 quo
1009 1116 1073 1151 post
1103 1119 1228 1144 mortem
1261 1113 1332 1144 mihi
1359 1114 1484 1144 fructum
1514 1115 1646 1146 alierent.
1665 1116 1755 1146 Porro

937 1156 959 1186 si
978 1155 1094 1193 faciam,
1107 1156 1184 1196 quod
1197 1157 1332 1197 cogitavi,
1350 1162 1419 1188 tunc
1433 1158 1462 1188 in
1474 1158 1599 1189 Domino
1619 1159 1755 1196 gaudebo

936 1204 965 1230 et
980 1201 1132 1231 exsultabo
1148 1201 1177 1231 in
1202 1201 1264 1232 Deo
1287 1202 1405 1232 salutari
1435 1211 1513 1234 meo.
1531 1202 1591 1233 Hac
1608 1203 1710 1233 morali
1727 1208 1756 1234 et

937 1245 1118 1285 trnpologica
1133 1245 1338 1285 explanatione
1353 1247 1420 1276 data
1431 1246 1504 1286 (64),
1514 1252 1648 1278 sanctum
1661 1249 1754 1278 virum

935 1288 1232 1328 interrogavitalius:
1246 1290 1276 1322 Si
1293 1300 1339 1321 me
1357 1291 1461 1327 mittat,
1475 1292 1646 1322 venerande
1657 1291 1751 1326 Pater.

933 1333 1022 1363 abbas
1038 1335 1073 1363 nd
1091 1334 1303 1370 ministerium,
1321 1345 1356 1366 ex
1386 1345 1444 1375 quo
1474 1345 1530 1366 non
1549 1336 1691 1366 mediocri
1706 1337 1756 1366 la:-

68 1378 147 1417 Ἰδοὺ,
175 1382 245 1419 τίμιε
273 1382 368 1422 Πάτερ,
398 1377 595 1420 ἀποστέλλομαι
624 1383 694 1422 παρὰ
708 1388 757 1412 ταῦ
771 1382 837 1411 αὸϐᾶ
853 1385 883 1415 εἰς

964 1387 1016 1408 )ne
1031 1378 1153 1413 ul'ticior,
1165 1379 1290 1418 jubente
1300 1380 1412 1419 regula,
1428 1380 1590 1419 parendum
1603 1390 1668 1410 esse
1679 1380 1753 1411 nihil

67 1423 210 1463 διακονίαν,
227 1425 253 1458 ἓξ
279 1427 312 1460 ἧς
342 1429 371 1456 o3
398 1428 493 1467 μικρὰν
519 1426 619 1466 βλάϐην
647 1427 770 1465 ὑπομένω
787 1435 793 1442 '
825 1429 838 1456 ὁ
862 1427 883 1456 δὲ

964 1422 1129 1461 iudicando,
1154 1423 1265 1461 nescio,
1280 1428 1378 1454 utrum
1394 1423 1465 1454 mihi
1477 1424 1690 1464 prmfercndum
1703 1425 1752 1456 sit.

67 1470 156 1498 κανὼν
188 1471 366 1510 παραγγέλλει
402 1472 520 1505 ὑπακοὴν
556 1471 702 1512 ἀδιάκριτον
738 1471 823 1513 ἔχειν.
860 1477 883 1502 Ti

964 1467 1094 1513 rspondit
1108 1468 1216 1513 Pater:
1249 1480 1260 1496 ι
1291 1467 1427 1505 Obedite,
1458 1468 1553 1509 inquit
1580 1468 1751 1508 Apostolus,

68 1513 113 1542 οὖν
147 1517 310 1553 προτιμῆσαι
344 1519 397 1544 τῶν
427 1516 582 1557 ἀμφοτέρων
619 1516 666 1545 οὒκ
703 1511 776 1546 οἶδαξ
808 1512 837 1545 Ὀ
865 1515 883 1545 δί

964 1511 1097 1551 sepositis
1107 1512 1224 1553 vestris,
1239 1517 1269 1544 et
1281 1513 1433 1553 subjacete
1446 1514 1501 1553 eis,
1517 1513 1574 1553 ipsi
1591 1513 1670 1544 enim
1683 1523 1752 1554 per-

69 1559 163 1599 Ιῐατὴρ
196 1558 246 1600 ἔφη
262 1569 270 1578 ·
307 1561 426 1590 Πείθεσθε
461 1568 520 1594 τοτς
555 1561 712 1601 ἡγουμένοις
747 1562 821 1599 ὑμῶν
846 1562 891 1590 καὶ

67 1603 198 1643 ὑπείκετε,
229 1605 300 1633 αὐτοὶ
329 1606 379 1645 γὰρ
413 1605 585 1646 ἀγρυπνοῦσιν
616 1606 680 1646 ὑπὲρ
715 1609 766 1634 τῶν
795 1608 890 1646 ψυλῶν

68 1647 153 1684 ὑμῶν,
178 1649 214 1680 ὡς
239 1648 318 1689 λόγον
347 1649 541 1691 ἀποδώσοντες,
571 1652 649 1691 φησὶν
673 1652 687 1679 ὁ
715 1649 888 1683 Ἀποστό).ος,

69 1692 160 1720 Τοίνυν
173 1693 255 1730 ἡμεῖς
286 1694 371 1722 πάντα
397 1695 430 1722 τὰ
457 1698 506 1729 τῆς
534 1694 640 1736 καρδίας
667 1696 741 1734 ὑμῶν
764 1698 802 1732 τῷ
823 1694 890 1732 ἆὸὅᾷ

69 1734 339 1779 ἐξομολογησάμενοι,
375 1739 414 1776 τῷ
441 1740 546 1778 κρίματι
571 1734 653 1768 ἀὐτοῦ
677 1741 707 1769 τὸ
732 1743 783 1768 πᾶν
810 1750 891 1767 κατα-

70 1779 207 1818 λείψομεν,
237 1782 319 1810 Πάλιν
347 1783 390 1811 οὖν
414 1783 501 1824 ’ἔτερος
529 1785 605 1812 εἶπεν
623 1794 629 1801 ·
660 1783 721 1812 ἰέὲιν
750 1783 818 1816 ἅπαξ
845 1787 892 1812 τοῦ

70 1823 144 1856 ἔτους
168 1825 325 1865 συγκαταϐιῦ
351 1831 390 1865 τῷ
418 1828 520 1866 σώματί
548 1840 598 1867 μου
629 1829 672 1857 καὶ
696 1829 890 1868 κρεωφαγήσω,

70 1869 110 1907 μὴ
124 1870 148 1898 τί
162 1881 225 1898 ποτε
248 1871 315 1900 ἐστίν
332 1882 340 1912 ;
370 1869 398 1902 Ὀ
425 1873 496 1905 ὅσιος
525 1873 651 1912 ἀπεκρίθη
669 1883 676 1890 ⁸
708 1874 757 1902 Καὶ
771 1874 792 1901 εἰ
807 1873 892 1901 πάντα

70 1914 116 1941 τὸν
161 1915 258 1954 χρόνον
301 1917 437 1958 ὑγιαίνων,
481 1917 507 1945 ἐν
555 1921 603 1956 μιᾷ
637 1918 692 1957 ὥρᾳ
725 1918 890 1957 κρημνισθεὶς

71 1957 201 1992 κατεάξης
237 1961 268 1988 τὸ
299 1960 405 2000 σκέλος,
430 1957 465 1990 γτί
497 1962 578 1990 κακόν
613 1962 704 2001 ὲστινς
736 1966 821 1990 Ταῦτα
849 1962 892 1989 καὶ

70 2002 180 2032 πλείονα
195 2005 293 2033 τούτων
321 2005 373 2034 ἀπὸ
404 2009 513 2047 Γραφῶν
540 2005 728 2047 προϐαλόντες,
750 2006 890 2046 ἠρώτησαν

70 2048 186 2087 καὶπερὶ
201 2051 251 2083 τῆς
278 2055 325 2080 τοῦ
352 2050 489 2081 Σαϐϐάτου
516 2062 649 2085 νηστειας,
680 2047 708 2080 ιΟ
723 2049 750 2078 δὲ
766 2050 891 2088 σύντομον

71 2091 209 2132 ἀπόκρισιν
235 2092 346 2127 δεδοκὼς
375 2097 479 2134 αὐτοῖς,
509 2095 652 2135 ἀπαλλάγη
680 2095 760 2124 εἰπὼν
777 2104 784 2111 ⁸
819 2105 831 2123 ι
863 2089 892 2123 ’0

70 2135 161 2164 ἐσθίων
195 2137 251 2180 τὸν»
270 2139 308 2173 μὴ
330 2139 446 2169 ἐσθίοντα
473 2141 512 2178 μὴ
538 2141 711 2180 ὲζοδθενείτω⁷
740 2140 784 2168 καὶ
812 2140 825 2167 ὁ
855 2138 894 2178 μὴ

70 2180 161 2208 ἐσθίων
175 2182 220 2210 τὸιι
235 2178 353 2212 ἐσθίοντα
381 2185 420 2223 μὴ
447 2185 568 2225 κρινέτω,
599 2187 613 2214 ὁ
641 2178 708 2217 Θεὸς·
733 2184 782 2224 γὰρ
797 2184 887 2224 ἀμφο-

72 2224 160 2264 τέρους
174 2227 363 2266 προσελάϐετο.
382 2241 395 2256 n
413 2231 450 2257 Σὺ
464 2229 491 2258 δὲ
521 2229 589 2258 δια-εί
615 2230 709 2269 κρίνεις
724 2230 770 2258 τὸν
784 2228 894 2268 ἀδελφόν

72 2281 119 2298 σου
135 2280 143 2311 ς
160 2271 223 2300 Εἴτε
239 2272 283 2300 οὗν
298 2273 416 2312 ἐσθίομεν
444 2275 538 2313 ἡμεῖς,
568 2274 624 2303 εἴτε
651 2275 729 2312 ὑμεῖς
744 2274 891 2311 νηστεύετε,

71 2314 156 2343 πάντα
171 2316 207 2348 εἰς
223 2315 297 2350 δόξαν
314 2322 379 2347 Θεοῦ
391 2324 527 2357 ποιοῦμεν.

113 2355 162 2395 σ’ς’.
180 2359 250 2390 Εὶδέ
276 2373 300 2390 τι
315 2355 522 2402 ἐπιλαμϐάνεσθε
550 2365 639 2404 ἡμῶν,
669 2363 734 2392 διότι
763 2363 794 2391 τὸ
820 2360 893 2390 Σάϐ-

72 2402 151 2433 ϐατον
165 2405 195 2433 οὒ
209 2407 380 2446 νηστεύομεν,
397 2408 507 2447 βλέπετε
534 2410 572 2447 μή
602 2402 660 2440 πως
688 2409 809 2448 εὗρεθῆτε
835 2413 893 2438 τοῖς

112 2484 144 2510 72
156 2484 234 2520 Psal.
249 2495 302 2527 VII,
317 2488 347 2520 ὅ.
390 2488 417 2510 ⁷³
431 2488 496 2521 Ibid
509 2489 538 2520 9.
582 2489 613 2515 74
627 2488 702 2520 Psal.
717 2496 798 2527 XLIX,
815 2487 845 2520 3.

900 2167 923 2198 D

887 2487 918 2513 75
932 2485 1022 2524 Hebr,
1038 2493 1101 2523 xui,
1121 2485 1168 2517 1'7.

932 1555 1054 1595 vigilant
1081 1557 1165 1596 quasi
1193 1557 1338 1588 rationem
1377 1567 1428 1598 pro
1466 1558 1620 1589 animabus
1648 1559 1754 1590 vestris

932 1600 1077 1631 reddituri
1091 1601 1132 1632 75.
1149 1613 1163 1629 ι
1190 1602 1252 1632 Vos
1275 1602 1374 1642 igitur,
1390 1602 1441 1633 ubi
1456 1607 1552 1634 vestro
1567 1602 1666 1634 abbati
1680 1612 1754 1643 ape—

931 1645 1050 1676 rueritis
1065 1645 1165 1676 omnia
1180 1646 1279 1677 cordis
1305 1647 1393 1677 vestri
1418 1656 1534 1684 arcana,
1558 1647 1672 1688 judicio
1688 1648 1754 1688 ejus

931 1693 1022 1720 totum
1038 1691 1226 1730 permittatis.
1243 1691 1311 1722 Post
1327 1692 1390 1723 haec
1404 1691 1481 1723 alius
1505 1691 1596 1722 dixit:
1614 1691 1645 1723 Si
1661 1692 1754 1723 semel

931 1743 988 1774 per
999 1738 1094 1766 totum
1110 1735 1181 1766 anni
1191 1736 1371 1767 curriculum
1383 1737 1534 1768 indulsero
1547 1736 1664 1777 corpori
1674 1746 1753 1775 meo,

933 1783 962 1809 et
976 1788 1095 1810 carnem
1125 1781 1296 1818 comedero,
1319 1781 1389 1822 quid
1417 1781 1535 1812 tandem
1551 1781 1606 1812 hoc
1623 1780 1705 1811 erit?
1719 1780 1755 1811 Et

933 1828 1052 1855 sanctus
1065 1823 1166 1855 Pater:
1178 1825 1215 1856 Et
1234 1825 1259 1857 si
1281 1835 1334 1866 per
1345 1830 1435 1856 totum
1449 1830 1564 1865 tempus
1576 1825 1654 1856 bona
1668 1829 1756 1856 utens

934 1869 1112 1907 valetudine,
1123 1879 1182 1900 una
1196 1870 1268 1900 hora
1292 1879 1424 1910 prmeeps
1437 1869 1527 1900 cadas
1546 1873 1574 1900 et
1589 1879 1657 1900 crus
1671 1869 1753 1900 fran-

933 1922 994 1952 gas,
1011 1913 1081 1953 quid
1101 1914 1170 1944 mali
1186 1915 1267 1945 erit?
1291 1916 1360 1946 llaac
1384 1919 1413 1945 et
1442 1914 1527 1954 plura
1541 1914 1578 1945 de
1593 1914 1755 1954 Scripturis

933 1967 1000 1988 cum
1020 1957 1234 1998 quwsivissent,
1249 1959 1470 1998 interrogarunt
1484 1959 1575 1990 etiam
1591 1960 1628 1989 de
1639 1958 1755 1999 jejunio

931 2002 1052 2032 Sabbati
1060 2003 1133 2042 (65).
1147 2002 1200 2033 Ille
1213 2012 1281 2034 vero
1293 2003 1578 2044 brevirespon-ione
1585 2008 1756 2042 contentus,

933 2046 989 2076 hoc
1001 2047 1087 2078 modo
1100 2056 1133 2078 se
1142 2047 1301 2088 expedivit.
1316 2058 1330 2078 ‹
1342 2048 1396 2084 Qui
1415 2048 1584 2086 manducat,
1595 2057 1653 2079 non
1669 2057 1755 2078 man—

934 2091 1091 2122 ducantem
1101 2102 1159 2123 non
1170 2096 1316 2133 spermat;
1327 2093 1416 2134 etqui
1427 2103 1486 2124 non
1497 2094 1756 2130 manducat,man-

935 2135 1092 2167 ducantem
1103 2146 1162 2168 non
1172 2137 1301 2177 iudicet;
1314 2139 1392 2169 Deus
1404 2137 1482 2168 enim
1495 2142 1636 2178 utrosque
1645 2147 1756 2168 assum-

937 2180 994 2220 psit
1007 2180 1048 2212 76.
1064 2193 1077 2209 ι)
1107 2182 1150 2212 Tu
1166 2186 1263 2212 autem
1279 2191 1371 2222 quare
1384 2182 1501 2222 judicas
1517 2183 1636 2213 fratrem
1652 2183 1757 2213 tuum?

936 2224 1003 2256 Sive
1030 2225 1122 2265 igitur
1149 2226 1333 2257 comedimus
1361 2235 1415 2257 nos
1435 2227 1498 2258 sive
1521 2225 1663 2266 jejunatis
1693 2234 1756 2267 vos,

935 2270 1034 2301 omnia
1047 2270 1078 2301 in
1094 2271 1148 2302 Dei
1163 2271 1287 2311 gloriam
1303 2270 1426 2311 agimus.

973 2359 1024 2391 77.
1040 2359 1123 2397 Quod
1139 2359 1164 2390 si
1176 2359 1272 2390 adhuc
1287 2359 1517 2400 reprehenditis,
1534 2359 1612 2400 quod
1629 2359 1756 2392 Sabhato

934 2414 993 2436 non
1006 2405 1188 2444 jejunamus,
1204 2409 1315 2443 cavete,
1332 2414 1369 2435 ne
1384 2404 1492 2435 sanctis
1503 2404 1638 2436 Patribus
1653 2405 1757 2436 adver-

1211 2483 1242 2510 76
1255 2483 1341 2515 Rom.
1356 2493 1417 2524 xtv,
1434 2485 1464 2516 3.

762 2567 885 2601 Joannis
898 2567 960 2600 Clei
975 2571 1065 2598 notae.

113 2635 178 2679 (ὃν)
194 2635 390 2679 Tropologica
398 2637 661 2679 illainterpretatio
673 2640 719 2669 est
728 2645 800 2668 sane
808 2635 894 2678 paulo

75 2675 190 2716 longius
205 2675 360 2710 accersita.

116 2715 322 2765 (6n5)_§n_tiqua
335 2718 557 2765 admodum_est
571 2717 752 2765 innEcclesia
762 2716 800 2765 de
813 2715 895 2756 jeju-

75 2757 124 2788 nio
139 2757 257 2790 Sabbati
274 2757 355 2791 inter
377 2759 542 2792 Orientales
558 2764 587 2790 et
601 2758 806 2791 Occidentales
821 2765 895 2787 con-

76 2798 219 2844 troversia
228 2800 436 2844 contrariaque
452 2800 483 2844 in
499 2799 624 2844 diversis
635 2798 771 2844 ecclesiis
786 2797 895 2844 obser-

75 2839 182 2877 vantia,
198 2844 230 2871 ut
251 2849 285 2871 ex
314 2840 367 2872 SS.
390 2839 548 2872 ’Ambrosii
577 2844 607 2871 et
635 2839 794 2879 Augustini
807 2839 896 2868 variis

74 2881 148 2914 locis
163 2881 269 2923 liquet.
288 2879 413 2921 Vigebat
427 2881 458 2914 in
471 2880 604 2914 Ecclesia
616 2880 752 2913 Romana
765 2886 896 2911 consue-

937 2634 1006 2665 tudo
1021 2634 1070 2665 die
1084 2633 1135 2664 illo
1143 2632 1298 2674 jejunandi
1308 2632 1370 2674 jam
1378 2641 1395 2664 a
1406 2631 1436 2674 Si.
1450 2632 1598 2665 Ambrosii
1611 2638 1755 2673 tempore,

956 2683 993 2705 no
1004 2683 1063 2705 non
1074 2673 1302 2706 eratohservata
1314 2673 1346 2704 in
1358 2673 1580 2709 Mediolanensi,
1591 2678 1622 2705 ut
1632 2678 1759 2705 testatur

959 2737 970 2756 ,_
982 2715 1163 2756 Augustinus
1179 2714 1266 2756 epist.
1283 2713 1355 2756 “118
1383 2713 1420 2744 ad
1448 2714 1758 2756 JanuariumsYidere

936 2754 973 2796 ad
988 2753 1064 2796 haec
1077 2753 1211 2796 possunt,
1241 2753 1349 2796 quibus
1372 2763 1454 2796 opus
1467 2758 1522 2796 est,
1550 2763 1615 2794 qua:
1629 2754 1758 2796 disputat

937 2793 1113 2841 Quosnellus
1129 2793 1342 2828 Dissertatione
1365 2793 1400 2826 vi
1420 2794 1457 2826 ad
1486 2793 1584 2836 Opera
1598 2796 1630 2826 ὃ.
1647 2793 1756 2826 Leonis

935 2836 1047 2876 Magni.
