  <div class='ocr_page' id='page_1' title='image "/cluster/home/n/w/nwhite01/storage/ocr_20150623/120/njp.32101010943973/093.png"; bbox 0 0 1954 3059; ppageno 0'>
   <div class='ocr_carea' id='block_1_1' title="bbox 152 123 212 157">
    <p class='ocr_par' dir='ltr' id='par_1_1' title="bbox 152 123 212 157">
     <span class='ocr_line' id='line_1_1' title="bbox 152 123 212 157; baseline 0.05 -3"><span class='ocrx_word' id='word_1_1' title='bbox 152 123 212 157; x_wconf 81' lang='grc'><strong>135</strong></span> 
     </span>
    </p>
   </div>
   <div class='ocr_carea' id='block_1_2' title="bbox 907 127 1086 162">
    <p class='ocr_par' dir='ltr' id='par_1_2' title="bbox 907 127 1086 162">
     <span class='ocr_line' id='line_1_2' title="bbox 907 127 1086 162; baseline -0.011 0"><span class='ocrx_word' id='word_1_2' title='bbox 907 127 1086 162; x_wconf 81' lang='grc' dir='ltr'><strong>ΑΝΟΝΥΜΙ</strong></span> 
     </span>
    </p>
   </div>
   <div class='ocr_carea' id='block_1_3' title="bbox 1785 128 1842 162">
    <p class='ocr_par' dir='ltr' id='par_1_3' title="bbox 1785 128 1842 162">
     <span class='ocr_line' id='line_1_3' title="bbox 1785 128 1842 162; baseline 0.053 -3"><span class='ocrx_word' id='word_1_3' title='bbox 1785 128 1842 162; x_wconf 71' lang='lat'><strong>136</strong></span> 
     </span>
    </p>
   </div>
   <div class='ocr_carea' id='block_1_4' title="bbox 154 188 976 236">
    <p class='ocr_par' dir='ltr' id='par_1_4' title="bbox 154 190 976 233">
     <span class='ocr_line' id='line_1_4' title="bbox 154 190 976 233; baseline 0.004 -10"><span class='ocrx_word' id='word_1_4' title='bbox 154 190 323 223; x_wconf 84' lang='lat' dir='ltr'><strong>veremini?</strong></span> <span class='ocrx_word' id='word_1_5' title='bbox 337 190 414 223; x_wconf 86' lang='lat' dir='ltr'><strong>Vere</strong></span> <span class='ocrx_word' id='word_1_6' title='bbox 437 190 468 222; x_wconf 84' lang='lat' dir='ltr'><strong>in</strong></span> <span class='ocrx_word' id='word_1_7' title='bbox 491 190 575 222; x_wconf 82' lang='lat' dir='ltr'><strong>vobis</strong></span> <span class='ocrx_word' id='word_1_8' title='bbox 597 199 656 222; x_wconf 90' lang='lat' dir='ltr'><strong>non</strong></span> <span class='ocrx_word' id='word_1_9' title='bbox 680 191 764 224; x_wconf 78' lang='lat' dir='ltr'><strong>video</strong></span> <span class='ocrx_word' id='word_1_10' title='bbox 776 193 899 233; x_wconf 65' lang='lat' dir='ltr'><strong>justitiae</strong></span> <span class='ocrx_word' id='word_1_11' title='bbox 912 195 976 226; x_wconf 79' lang='lat' dir='ltr'><strong>fru-</strong></span> 
     </span>
    </p>
   </div>
   <div class='ocr_carea' id='block_1_5' title="bbox 1059 188 1839 236">
    <p class='ocr_par' dir='ltr' id='par_1_5' title="bbox 1059 188 1839 236">
     <span class='ocr_line' id='line_1_5' title="bbox 1059 188 1839 236; baseline 0.001 -13"><span class='ocrx_word' id='word_1_12' title='bbox 1059 195 1098 227; x_wconf 76' lang='grc' dir='ltr'><strong>εός</strong></span> <span class='ocrx_word' id='word_1_13' title='bbox 1111 195 1191 236; x_wconf 80' lang='grc' dir='ltr'>ἐστιν,</span> <span class='ocrx_word' id='word_1_14' title='bbox 1207 197 1251 225; x_wconf 83' lang='grc' dir='ltr'>καὶ</span> <span class='ocrx_word' id='word_1_15' title='bbox 1266 197 1342 229; x_wconf 63' lang='grc' dir='ltr'>αὐτὸς</span> <span class='ocrx_word' id='word_1_16' title='bbox 1356 198 1403 227; x_wconf 74' lang='grc' dir='ltr'><strong>οὒκ</strong></span> <span class='ocrx_word' id='word_1_17' title='bbox 1417 195 1490 226; x_wconf 80' lang='grc' dir='ltr'>οἶδεν</span> <span class='ocrx_word' id='word_1_18' title='bbox 1519 188 1559 226; x_wconf 73' lang='grc' dir='ltr'><strong>ὅτι</strong></span> <span class='ocrx_word' id='word_1_19' title='bbox 1586 203 1710 236; x_wconf 71' lang='grc' dir='ltr'>γυναῖκες</span> <span class='ocrx_word' id='word_1_20' title='bbox 1733 196 1812 234; x_wconf 73' lang='grc' dir='ltr'>ὑμεῖς</span> <span class='ocrx_word' id='word_1_21' title='bbox 1830 205 1839 236; x_wconf 87' lang='grc'>;</span> 
     </span>
    </p>
   </div>
   <div class='ocr_carea' id='block_1_6' title="bbox 157 240 251 270">
    <p class='ocr_par' dir='ltr' id='par_1_6' title="bbox 157 240 251 270">
     <span class='ocr_line' id='line_1_6' title="bbox 157 240 251 270; baseline -0.011 -1"><span class='ocrx_word' id='word_1_22' title='bbox 157 240 251 270; x_wconf 88' lang='lat' dir='ltr'><strong>ctum.</strong></span> 
     </span>
    </p>
   </div>
   <div class='ocr_carea' id='block_1_7' title="bbox 196 368 981 411">
    <p class='ocr_par' dir='ltr' id='par_1_7' title="bbox 196 368 981 411">
     <span class='ocr_line' id='line_1_7' title="bbox 196 368 981 411; baseline 0.001 -10"><span class='ocrx_word' id='word_1_23' title='bbox 196 371 245 402; x_wconf 90' lang='lat'><strong>80.</strong></span> <span class='ocrx_word' id='word_1_24' title='bbox 265 369 317 401; x_wconf 87' lang='lat' dir='ltr'><strong>His</strong></span> <span class='ocrx_word' id='word_1_25' title='bbox 337 369 396 400; x_wconf 68' lang='lat' dir='ltr'><strong>illte</strong></span> <span class='ocrx_word' id='word_1_26' title='bbox 409 368 529 407; x_wconf 81' lang='lat' dir='ltr'><strong>auditis,</strong></span> <span class='ocrx_word' id='word_1_27' title='bbox 547 379 614 400; x_wconf 92' lang='lat' dir='ltr'><strong>cum</strong></span> <span class='ocrx_word' id='word_1_28' title='bbox 629 372 780 410; x_wconf 88' lang='lat' dir='ltr'><strong>oporteret</strong></span> <span class='ocrx_word' id='word_1_29' title='bbox 791 370 905 411; x_wconf 90' lang='lat' dir='ltr'><strong>pudore</strong></span> <span class='ocrx_word' id='word_1_30' title='bbox 918 371 981 402; x_wconf 82' lang='lat' dir='ltr'><strong>suf-</strong></span> 
     </span>
    </p>
   </div>
   <div class='ocr_carea' id='block_1_8' title="bbox 154 413 980 456">
    <p class='ocr_par' dir='ltr' id='par_1_8' title="bbox 154 413 980 456">
     <span class='ocr_line' id='line_1_8' title="bbox 154 413 980 456; baseline 0.001 -11"><span class='ocrx_word' id='word_1_31' title='bbox 154 415 236 445; x_wconf 84' lang='lat' dir='ltr'><strong>fundi</strong></span> <span class='ocrx_word' id='word_1_32' title='bbox 250 419 279 445; x_wconf 92' lang='lat' dir='ltr'><strong>et</strong></span> <span class='ocrx_word' id='word_1_33' title='bbox 290 414 421 453; x_wconf 88' lang='lat' dir='ltr'><strong>virijusti</strong></span> <span class='ocrx_word' id='word_1_34' title='bbox 434 413 558 444; x_wconf 87' lang='lat' dir='ltr'><strong>liberam</strong></span> <span class='ocrx_word' id='word_1_35' title='bbox 568 414 800 453; x_wconf 80' lang='lat' dir='ltr'><strong>increpationem</strong></span> <span class='ocrx_word' id='word_1_36' title='bbox 809 415 980 456; x_wconf 83' lang='lat' dir='ltr'><strong>formidare,</strong></span> 
     </span>
    </p>
   </div>
   <div class='ocr_carea' id='block_1_9' title="bbox 152 457 979 497">
    <p class='ocr_par' dir='ltr' id='par_1_9' title="bbox 152 457 979 497">
     <span class='ocr_line' id='line_1_9' title="bbox 152 457 979 497; baseline 0.001 -7"><span class='ocrx_word' id='word_1_37' title='bbox 152 459 290 490; x_wconf 84' lang='lat' dir='ltr'><strong>abierunt</strong></span> <span class='ocrx_word' id='word_1_38' title='bbox 304 459 458 490; x_wconf 75' lang='lat' dir='ltr'><strong>dicentes:</strong></span> <span class='ocrx_word' id='word_1_39' title='bbox 487 457 553 488; x_wconf 87' lang='lat' dir='ltr'><strong>Non</strong></span> <span class='ocrx_word' id='word_1_40' title='bbox 577 463 622 489; x_wconf 91' lang='lat' dir='ltr'><strong>est</strong></span> <span class='ocrx_word' id='word_1_41' title='bbox 652 458 700 490; x_wconf 90' lang='lat' dir='ltr'><strong>hic</strong></span> <span class='ocrx_word' id='word_1_42' title='bbox 729 468 832 490; x_wconf 88' lang='lat' dir='ltr'><strong>servus</strong></span> <span class='ocrx_word' id='word_1_43' title='bbox 847 459 912 497; x_wconf 89' lang='lat' dir='ltr'><strong>Dei,</strong></span> <span class='ocrx_word' id='word_1_44' title='bbox 927 460 979 491; x_wconf 91' lang='lat' dir='ltr'><strong>sed</strong></span> 
     </span>
    </p>
   </div>
   <div class='ocr_carea' id='block_1_10' title="bbox 152 502 979 544">
    <p class='ocr_par' dir='ltr' id='par_1_10' title="bbox 152 502 979 544">
     <span class='ocr_line' id='line_1_10' title="bbox 152 502 979 544; baseline 0 -10"><span class='ocrx_word' id='word_1_45' title='bbox 152 503 300 535; x_wconf 85' lang='lat' dir='ltr'><strong>diabolus.</strong></span> <span class='ocrx_word' id='word_1_46' title='bbox 318 505 381 534; x_wconf 86' lang='lat' dir='ltr'><strong>Mox</strong></span> <span class='ocrx_word' id='word_1_47' title='bbox 400 502 541 543; x_wconf 82' lang='lat' dir='ltr'><strong>postridie</strong></span> <span class='ocrx_word' id='word_1_48' title='bbox 561 502 768 543; x_wconf 89' lang='lat' dir='ltr'><strong>deprehensus</strong></span> <span class='ocrx_word' id='word_1_49' title='bbox 784 503 839 535; x_wconf 83' lang='lat' dir='ltr'><strong>fuit</strong></span> <span class='ocrx_word' id='word_1_50' title='bbox 855 504 979 544; x_wconf 79' lang='lat' dir='ltr'><strong>presby-</strong></span> 
     </span>
    </p>
   </div>
   <div class='ocr_carea' id='block_1_11' title="bbox 153 546 977 586">
    <p class='ocr_par' dir='ltr' id='par_1_11' title="bbox 153 546 977 586">
     <span class='ocr_line' id='line_1_11' title="bbox 153 546 977 586; baseline 0 -7"><span class='ocrx_word' id='word_1_51' title='bbox 153 552 198 579; x_wconf 90' lang='lat' dir='ltr'><strong>ter</strong></span> <span class='ocrx_word' id='word_1_52' title='bbox 213 547 414 579; x_wconf 88' lang='lat' dir='ltr'><strong>concumbens</strong></span> <span class='ocrx_word' id='word_1_53' title='bbox 429 557 496 578; x_wconf 93' lang='lat' dir='ltr'><strong>cum</strong></span> <span class='ocrx_word' id='word_1_54' title='bbox 513 556 616 577; x_wconf 89' lang='lat' dir='ltr'><strong>sorore</strong></span> <span class='ocrx_word' id='word_1_55' title='bbox 637 546 823 586; x_wconf 75' lang='lat' dir='ltr'><strong>diaconissae,</strong></span> <span class='ocrx_word' id='word_1_56' title='bbox 841 553 870 578; x_wconf 90' lang='lat' dir='ltr'><strong>et</strong></span> <span class='ocrx_word' id='word_1_57' title='bbox 882 548 977 580; x_wconf 91' lang='lat' dir='ltr'><strong>divul-</strong></span> 
     </span>
    </p>
   </div>
   <div class='ocr_carea' id='block_1_12' title="bbox 152 591 979 633">
    <p class='ocr_par' dir='ltr' id='par_1_12' title="bbox 152 591 979 633">
     <span class='ocr_line' id='line_1_12' title="bbox 152 591 979 633; baseline -0.001 -9"><span class='ocrx_word' id='word_1_58' title='bbox 152 597 217 633; x_wconf 79' lang='lat' dir='ltr'><strong>gata</strong></span> <span class='ocrx_word' id='word_1_59' title='bbox 234 602 282 623; x_wconf 91' lang='lat' dir='ltr'><strong>res</strong></span> <span class='ocrx_word' id='word_1_60' title='bbox 295 597 339 623; x_wconf 88' lang='lat' dir='ltr'><strong>est</strong></span> <span class='ocrx_word' id='word_1_61' title='bbox 355 601 406 632; x_wconf 88' lang='lat' dir='ltr'><strong>per</strong></span> <span class='ocrx_word' id='word_1_62' title='bbox 421 595 511 622; x_wconf 92' lang='lat' dir='ltr'><strong>totam</strong></span> <span class='ocrx_word' id='word_1_63' title='bbox 542 591 624 622; x_wconf 78' lang='lat' dir='ltr'><strong>illam</strong></span> <span class='ocrx_word' id='word_1_64' title='bbox 645 591 801 623; x_wconf 88' lang='lat' dir='ltr'><strong>civitatem.</strong></span> <span class='ocrx_word' id='word_1_65' title='bbox 822 593 979 633; x_wconf 79' lang='lat' dir='ltr'><strong>Postquam</strong></span> 
     </span>
    </p>
   </div>
   <div class='ocr_carea' id='block_1_13' title="bbox 153 635 979 676">
    <p class='ocr_par' dir='ltr' id='par_1_13' title="bbox 153 635 979 676">
     <span class='ocr_line' id='line_1_13' title="bbox 153 635 979 676; baseline 0 -8"><span class='ocrx_word' id='word_1_66' title='bbox 153 637 257 668; x_wconf 89' lang='lat' dir='ltr'><strong>beatus</strong></span> <span class='ocrx_word' id='word_1_67' title='bbox 272 637 318 668; x_wconf 86' lang='lat' dir='ltr'><strong>vir</strong></span> <span class='ocrx_word' id='word_1_68' title='bbox 333 635 467 676; x_wconf 83' lang='lat' dir='ltr'><strong>pervenit</strong></span> <span class='ocrx_word' id='word_1_69' title='bbox 492 635 521 666; x_wconf 89' lang='lat' dir='ltr'><strong>in</strong></span> <span class='ocrx_word' id='word_1_70' title='bbox 546 636 685 676; x_wconf 85' lang='lat' dir='ltr'><strong>palatium</strong></span> <span class='ocrx_word' id='word_1_71' title='bbox 710 635 825 676; x_wconf 68' lang='lat' dir='ltr'><strong>Abarae,</strong></span> <span class='ocrx_word' id='word_1_72' title='bbox 852 641 979 668; x_wconf 86' lang='lat' dir='ltr'><strong>tremore</strong></span> 
     </span>
    </p>
   </div>
   <div class='ocr_carea' id='block_1_14' title="bbox 152 681 978 722">
    <p class='ocr_par' dir='ltr' id='par_1_14' title="bbox 152 681 978 722">
     <span class='ocr_line' id='line_1_14' title="bbox 152 681 978 722; baseline 0 -10"><span class='ocrx_word' id='word_1_73' title='bbox 152 686 286 722; x_wconf 85' lang='lat' dir='ltr'><strong>correpta</strong></span> <span class='ocrx_word' id='word_1_74' title='bbox 299 686 344 712; x_wconf 66' lang='lat' dir='ltr'><strong>e.~l</strong></span> <span class='ocrx_word' id='word_1_75' title='bbox 356 681 404 711; x_wconf 81' lang='lat' dir='ltr'><strong>illa</strong></span> <span class='ocrx_word' id='word_1_76' title='bbox 415 681 450 711; x_wconf 78' lang='lat' dir='ltr'><strong>ad</strong></span> <span class='ocrx_word' id='word_1_77' title='bbox 461 681 526 721; x_wconf 86' lang='lat' dir='ltr'><strong>ejus</strong></span> <span class='ocrx_word' id='word_1_78' title='bbox 537 685 699 720; x_wconf 82' lang='lat' dir='ltr'><strong>aspectum,</strong></span> <span class='ocrx_word' id='word_1_79' title='bbox 720 685 748 711; x_wconf 93' lang='lat' dir='ltr'><strong>et</strong></span> <span class='ocrx_word' id='word_1_80' title='bbox 768 681 926 721; x_wconf 88' lang='lat' dir='ltr'><strong>procidens</strong></span> <span class='ocrx_word' id='word_1_81' title='bbox 941 683 978 712; x_wconf 88' lang='lat' dir='ltr'><strong>ad</strong></span> 
     </span>
    </p>
   </div>
   <div class='ocr_carea' id='block_1_15' title="bbox 153 725 979 766">
    <p class='ocr_par' dir='ltr' id='par_1_15' title="bbox 153 725 979 766">
     <span class='ocr_line' id='line_1_15' title="bbox 153 725 979 766; baseline -0.001 -10"><span class='ocrx_word' id='word_1_82' title='bbox 153 727 245 766; x_wconf 84' lang='lat' dir='ltr'><strong>pedes</strong></span> <span class='ocrx_word' id='word_1_83' title='bbox 260 726 325 765; x_wconf 83' lang='lat' dir='ltr'><strong>ejus</strong></span> <span class='ocrx_word' id='word_1_84' title='bbox 353 725 546 756; x_wconf 80' lang='lat' dir='ltr'><strong>conﬁtebatur</strong></span> <span class='ocrx_word' id='word_1_85' title='bbox 575 731 603 756; x_wconf 90' lang='lat' dir='ltr'><strong>et</strong></span> <span class='ocrx_word' id='word_1_86' title='bbox 633 725 748 755; x_wconf 77' lang='lat' dir='ltr'><strong>Veniam</strong></span> <span class='ocrx_word' id='word_1_87' title='bbox 780 725 909 764; x_wconf 80' lang='lat' dir='ltr'><strong>petebat.</strong></span> <span class='ocrx_word' id='word_1_88' title='bbox 927 725 979 756; x_wconf 89' lang='lat' dir='ltr'><strong>Ille</strong></span> 
     </span>
    </p>
   </div>
   <div class='ocr_carea' id='block_1_16' title="bbox 153 769 976 810">
    <p class='ocr_par' dir='ltr' id='par_1_16' title="bbox 153 769 976 810">
     <span class='ocr_line' id='line_1_16' title="bbox 153 769 976 810; baseline -0.001 -9"><span class='ocrx_word' id='word_1_89' title='bbox 153 775 232 801; x_wconf 82' lang='lat' dir='ltr'><strong>stare</strong></span> <span class='ocrx_word' id='word_1_90' title='bbox 246 769 437 810; x_wconf 86' lang='lat' dir='ltr'><strong>illamjussit,</strong></span> <span class='ocrx_word' id='word_1_91' title='bbox 450 769 600 809; x_wconf 83' lang='lat' dir='ltr'><strong>dixitque:</strong></span> <span class='ocrx_word' id='word_1_92' title='bbox 618 769 686 800; x_wconf 91' lang='lat' dir='ltr'><strong>Noli</strong></span> <span class='ocrx_word' id='word_1_93' title='bbox 709 769 764 800; x_wconf 92' lang='lat' dir='ltr'><strong>hoc</strong></span> <span class='ocrx_word' id='word_1_94' title='bbox 783 769 892 807; x_wconf 83' lang='lat' dir='ltr'><strong>facere,</strong></span> <span class='ocrx_word' id='word_1_95' title='bbox 910 779 976 800; x_wconf 88' lang='lat' dir='ltr'><strong>nam</strong></span> 
     </span>
    </p>
   </div>
   <div class='ocr_carea' id='block_1_17' title="bbox 1020 239 1844 281">
    <p class='ocr_par' dir='ltr' id='par_1_17' title="bbox 1020 239 1844 281">
     <span class='ocr_line' id='line_1_17' title="bbox 1020 239 1844 281; baseline 0 -14"><span class='ocrx_word' id='word_1_96' title='bbox 1020 239 1065 268; x_wconf 78' lang='grc' dir='ltr'><strong>τὸν</strong></span> <span class='ocrx_word' id='word_1_97' title='bbox 1094 241 1160 268; x_wconf 81' lang='grc' dir='ltr'>Θεὸν</span> <span class='ocrx_word' id='word_1_98' title='bbox 1183 241 1222 278; x_wconf 74' lang='grc' dir='ltr'><strong>μὴ</strong></span> <span class='ocrx_word' id='word_1_99' title='bbox 1250 240 1421 281; x_wconf 80' lang='grc' dir='ltr'>φοϐούμεναι,</span> <span class='ocrx_word' id='word_1_100' title='bbox 1450 240 1499 269; x_wconf 76' lang='grc' dir='ltr'><strong>κᾶν</strong></span> <span class='ocrx_word' id='word_1_101' title='bbox 1525 241 1587 273; x_wconf 79' lang='grc' dir='ltr'>τοὺς</span> <span class='ocrx_word' id='word_1_102' title='bbox 1615 240 1767 280; x_wconf 74' lang='grc' dir='ltr'><strong>ἀνθρώπους</strong></span> <span class='ocrx_word' id='word_1_103' title='bbox 1795 239 1844 267; x_wconf 75' lang='grc' dir='ltr'>οὒκ</span> 
     </span>
    </p>
   </div>
   <div class='ocr_carea' id='block_1_18' title="bbox 1021 283 1843 326">
    <p class='ocr_par' dir='ltr' id='par_1_18' title="bbox 1021 283 1843 326">
     <span class='ocr_line' id='line_1_18' title="bbox 1021 283 1843 326; baseline 0.001 -15"><span class='ocrx_word' id='word_1_104' title='bbox 1021 284 1199 325; x_wconf 78' lang='grc' dir='ltr'>αἰσχύνεσθε;</span> <span class='ocrx_word' id='word_1_105' title='bbox 1229 285 1310 317; x_wconf 68' lang='grc' dir='ltr'>ὅντως</span> <span class='ocrx_word' id='word_1_106' title='bbox 1334 288 1386 326; x_wconf 69' lang='grc' dir='ltr'>οὐχ</span> <span class='ocrx_word' id='word_1_107' title='bbox 1407 287 1460 325; x_wconf 80' lang='grc' dir='ltr'><strong>ὁρῶ</strong></span> <span class='ocrx_word' id='word_1_108' title='bbox 1483 285 1510 314; x_wconf 84' lang='grc' dir='ltr'><strong>ἐν</strong></span> <span class='ocrx_word' id='word_1_109' title='bbox 1539 286 1604 323; x_wconf 73' lang='grc' dir='ltr'>ὑμῖν</span> <span class='ocrx_word' id='word_1_110' title='bbox 1628 286 1729 325; x_wconf 77' lang='grc' dir='ltr'>καρπὸν</span> <span class='ocrx_word' id='word_1_111' title='bbox 1744 283 1843 312; x_wconf 81' lang='grc' dir='ltr'>δικαιο-</span> 
     </span>
    </p>
   </div>
   <div class='ocr_carea' id='block_1_19' title="bbox 1022 328 1113 361">
    <p class='ocr_par' dir='ltr' id='par_1_19' title="bbox 1022 328 1113 361">
     <span class='ocr_line' id='line_1_19' title="bbox 1022 328 1113 361; baseline -0.033 0"><span class='ocrx_word' id='word_1_112' title='bbox 1022 328 1113 361; x_wconf 81' lang='grc' dir='ltr'>σύνης.</span> 
     </span>
    </p>
   </div>
   <div class='ocr_carea' id='block_1_20' title="bbox 1062 368 1846 415">
    <p class='ocr_par' dir='ltr' id='par_1_20' title="bbox 1062 368 1846 415">
     <span class='ocr_line' id='line_1_20' title="bbox 1062 368 1846 415; baseline -0.003 -13"><span class='ocrx_word' id='word_1_113' title='bbox 1062 368 1103 403; x_wconf 77' lang='grc' dir='ltr'><strong>π’,</strong></span> <span class='ocrx_word' id='word_1_114' title='bbox 1120 379 1207 403; x_wconf 78' lang='grc' dir='ltr'>Ταῦτα</span> <span class='ocrx_word' id='word_1_115' title='bbox 1220 373 1319 403; x_wconf 73' lang='grc' dir='ltr'>ἐκεῖναι</span> <span class='ocrx_word' id='word_1_116' title='bbox 1339 375 1497 415; x_wconf 82' lang='grc' dir='ltr'>ἆκσύσασαι,</span> <span class='ocrx_word' id='word_1_117' title='bbox 1528 374 1586 404; x_wconf 81' lang='grc' dir='ltr'>δέον</span> <span class='ocrx_word' id='word_1_118' title='bbox 1614 374 1772 414; x_wconf 78' lang='grc' dir='ltr'>ἐντραπῆναι</span> <span class='ocrx_word' id='word_1_119' title='bbox 1801 373 1846 401; x_wconf 82' lang='grc' dir='ltr'><strong>καὶ</strong></span> 
     </span>
    </p>
   </div>
   <div class='ocr_carea' id='block_1_21' title="bbox 1021 418 1846 459">
    <p class='ocr_par' dir='ltr' id='par_1_21' title="bbox 1021 418 1846 459">
     <span class='ocr_line' id='line_1_21' title="bbox 1021 418 1846 459; baseline -0.002 -13"><span class='ocrx_word' id='word_1_120' title='bbox 1021 418 1186 452; x_wconf 73' lang='grc' dir='ltr'><strong>καταπτῆξαι</strong></span> <span class='ocrx_word' id='word_1_121' title='bbox 1210 423 1255 447; x_wconf 72' lang='grc' dir='ltr'>τοῦ</span> <span class='ocrx_word' id='word_1_122' title='bbox 1283 418 1382 448; x_wconf 77' lang='grc' dir='ltr'>δικαίου</span> <span class='ocrx_word' id='word_1_123' title='bbox 1409 420 1458 453; x_wconf 85' lang='grc' dir='ltr'>τὴν</span> <span class='ocrx_word' id='word_1_124' title='bbox 1486 419 1642 459; x_wconf 68' lang='grc' dir='ltr'>παρρησίαν,</span> <span class='ocrx_word' id='word_1_125' title='bbox 1669 418 1846 459; x_wconf 75' lang='grc' dir='ltr'><strong>ἀνεχώρησαν</strong></span> 
     </span>
    </p>
   </div>
   <div class='ocr_carea' id='block_1_22' title="bbox 1021 461 1846 504">
    <p class='ocr_par' dir='ltr' id='par_1_22' title="bbox 1021 461 1846 504">
     <span class='ocr_line' id='line_1_22' title="bbox 1021 461 1846 504; baseline -0.001 -14"><span class='ocrx_word' id='word_1_126' title='bbox 1021 462 1156 501; x_wconf 74' lang='grc' dir='ltr'><strong>λέγουσαι,</strong></span> <span class='ocrx_word' id='word_1_127' title='bbox 1193 463 1232 491; x_wconf 76' lang='grc' dir='ltr'><strong>ὅτι</strong></span> <span class='ocrx_word' id='word_1_128' title='bbox 1268 465 1342 495; x_wconf 71' lang='grc' dir='ltr'>οὗτος</span> <span class='ocrx_word' id='word_1_129' title='bbox 1373 465 1420 493; x_wconf 67' lang='grc' dir='ltr'><strong>οὒκ</strong></span> <span class='ocrx_word' id='word_1_130' title='bbox 1453 464 1507 492; x_wconf 75' lang='grc' dir='ltr'>ἔστι</span> <span class='ocrx_word' id='word_1_131' title='bbox 1543 463 1633 496; x_wconf 82' lang='grc' dir='ltr'>δοῦλος</span> <span class='ocrx_word' id='word_1_132' title='bbox 1662 467 1738 504; x_wconf 78' lang='grc' dir='ltr'>Θεοῦ,</span> <span class='ocrx_word' id='word_1_133' title='bbox 1776 461 1846 490; x_wconf 74' lang='grc' dir='ltr'>ἀλλὰ</span> 
     </span>
    </p>
   </div>
   <div class='ocr_carea' id='block_1_23' title="bbox 1021 506 1844 549">
    <p class='ocr_par' dir='ltr' id='par_1_23' title="bbox 1021 506 1844 549">
     <span class='ocr_line' id='line_1_23' title="bbox 1021 506 1844 549; baseline 0 -15"><span class='ocrx_word' id='word_1_134' title='bbox 1021 506 1152 540; x_wconf 77' lang='grc' dir='ltr'>διάϐολος.</span> <span class='ocrx_word' id='word_1_135' title='bbox 1199 508 1248 537; x_wconf 79' lang='grc' dir='ltr'><strong>Καὶ</strong></span> <span class='ocrx_word' id='word_1_136' title='bbox 1289 508 1383 541; x_wconf 64' lang='grc' dir='ltr'>εὒθέως</span> <span class='ocrx_word' id='word_1_137' title='bbox 1427 511 1462 547; x_wconf 72' lang='grc' dir='ltr'>τῇ</span> <span class='ocrx_word' id='word_1_138' title='bbox 1502 508 1624 549; x_wconf 76' lang='grc' dir='ltr'>ἐπαύριον</span> <span class='ocrx_word' id='word_1_139' title='bbox 1659 508 1790 548; x_wconf 79' lang='grc' dir='ltr'><strong>ἐκρατήθη</strong></span> <span class='ocrx_word' id='word_1_140' title='bbox 1828 507 1844 534; x_wconf 76' lang='grc' dir='ltr'><strong>ὁ</strong></span> 
     </span>
    </p>
   </div>
   <div class='ocr_carea' id='block_1_24' title="bbox 1020 551 1844 592">
    <p class='ocr_par' dir='ltr' id='par_1_24' title="bbox 1020 551 1844 592">
     <span class='ocr_line' id='line_1_24' title="bbox 1020 551 1844 592; baseline -0.001 -13"><span class='ocrx_word' id='word_1_141' title='bbox 1020 551 1192 592; x_wconf 76' lang='grc' dir='ltr'>πρεσϐύτερος</span> <span class='ocrx_word' id='word_1_142' title='bbox 1220 553 1386 590; x_wconf 75' lang='grc' dir='ltr'>κοιμώμενος</span> <span class='ocrx_word' id='word_1_143' title='bbox 1423 554 1491 591; x_wconf 81' lang='grc' dir='ltr'>μετὰ</span> <span class='ocrx_word' id='word_1_144' title='bbox 1526 555 1575 586; x_wconf 74' lang='grc' dir='ltr'><strong>τῆς</strong></span> <span class='ocrx_word' id='word_1_145' title='bbox 1611 553 1730 581; x_wconf 74' lang='grc' dir='ltr'>διακόνου</span> <span class='ocrx_word' id='word_1_146' title='bbox 1766 551 1844 587; x_wconf 76' lang='grc' dir='ltr'>ὁμαί-</span> 
     </span>
    </p>
   </div>
   <div class='ocr_carea' id='block_1_25' title="bbox 1021 597 1841 636">
    <p class='ocr_par' dir='ltr' id='par_1_25' title="bbox 1021 597 1841 636">
     <span class='ocr_line' id='line_1_25' title="bbox 1021 597 1841 636; baseline 0.001 -13"><span class='ocrx_word' id='word_1_147' title='bbox 1021 606 1099 632; x_wconf 82' lang='grc' dir='ltr'>μονος</span> <span class='ocrx_word' id='word_1_148' title='bbox 1116 604 1123 611; x_wconf 92' lang='grc'>·</span> <span class='ocrx_word' id='word_1_149' title='bbox 1154 597 1197 624; x_wconf 86' lang='grc' dir='ltr'><strong>καὶ</strong></span> <span class='ocrx_word' id='word_1_150' title='bbox 1223 597 1339 631; x_wconf 80' lang='grc' dir='ltr'>ἠκουσθη</span> <span class='ocrx_word' id='word_1_151' title='bbox 1368 597 1394 625; x_wconf 88' lang='grc' dir='ltr'><strong>ἐν</strong></span> <span class='ocrx_word' id='word_1_152' title='bbox 1421 597 1470 636; x_wconf 83' lang='grc' dir='ltr'>ὅλῃ</span> <span class='ocrx_word' id='word_1_153' title='bbox 1497 601 1531 636; x_wconf 76' lang='grc' dir='ltr'>τῇ</span> <span class='ocrx_word' id='word_1_154' title='bbox 1559 597 1634 625; x_wconf 82' lang='grc' dir='ltr'>πόλει</span> <span class='ocrx_word' id='word_1_155' title='bbox 1650 597 1748 634; x_wconf 79' lang='grc' dir='ltr'>ἐκείνῃ.</span> <span class='ocrx_word' id='word_1_156' title='bbox 1766 601 1841 625; x_wconf 78' lang='grc' dir='ltr'>Κατ-</span> 
     </span>
    </p>
   </div>
   <div class='ocr_carea' id='block_1_26' title="bbox 1021 638 1841 681">
    <p class='ocr_par' dir='ltr' id='par_1_26' title="bbox 1021 638 1841 681">
     <span class='ocr_line' id='line_1_26' title="bbox 1021 638 1841 681; baseline 0.005 -14"><span class='ocrx_word' id='word_1_157' title='bbox 1021 638 1112 668; x_wconf 77' lang='grc' dir='ltr'>έλαϐεν</span> <span class='ocrx_word' id='word_1_158' title='bbox 1128 640 1171 668; x_wconf 74' lang='grc' dir='ltr'>οὖν</span> <span class='ocrx_word' id='word_1_159' title='bbox 1187 642 1201 668; x_wconf 81' lang='grc' dir='ltr'>ὁ</span> <span class='ocrx_word' id='word_1_160' title='bbox 1216 640 1288 672; x_wconf 83' lang='grc' dir='ltr'>ὅσιος</span> <span class='ocrx_word' id='word_1_161' title='bbox 1316 642 1346 669; x_wconf 76' lang='grc' dir='ltr'>τὸ</span> <span class='ocrx_word' id='word_1_162' title='bbox 1375 641 1504 670; x_wconf 79' lang='grc' dir='ltr'>παλάτιον</span> <span class='ocrx_word' id='word_1_163' title='bbox 1532 644 1581 675; x_wconf 76' lang='grc' dir='ltr'><strong>τῆς</strong></span> <span class='ocrx_word' id='word_1_164' title='bbox 1614 640 1726 681; x_wconf 69' lang='grc' dir='ltr'>Ἀράϐας</span> <span class='ocrx_word' id='word_1_165' title='bbox 1743 648 1750 656; x_wconf 84' lang='grc'><strong><em>⁸</em></strong></span> <span class='ocrx_word' id='word_1_166' title='bbox 1780 639 1841 672; x_wconf 72' lang='grc' dir='ltr'>ἥτις</span> 
     </span>
    </p>
   </div>
   <div class='ocr_carea' id='block_1_27' title="bbox 1019 684 1841 725">
    <p class='ocr_par' dir='ltr' id='par_1_27' title="bbox 1019 684 1841 725">
     <span class='ocr_line' id='line_1_27' title="bbox 1019 684 1841 725; baseline 0.001 -14"><span class='ocrx_word' id='word_1_167' title='bbox 1019 684 1169 722; x_wconf 79' lang='grc' dir='ltr'>θεασαμένη</span> <span class='ocrx_word' id='word_1_168' title='bbox 1185 685 1274 725; x_wconf 67' lang='grc' dir='ltr'>αὑτὸν,</span> <span class='ocrx_word' id='word_1_169' title='bbox 1293 686 1338 714; x_wconf 85' lang='grc' dir='ltr'><strong>καὶ</strong></span> <span class='ocrx_word' id='word_1_170' title='bbox 1365 686 1508 725; x_wconf 69' lang='grc' dir='ltr'>σύντρομος</span> <span class='ocrx_word' id='word_1_171' title='bbox 1537 686 1667 725; x_wconf 77' lang='grc' dir='ltr'>γενομένη</span> <span class='ocrx_word' id='word_1_172' title='bbox 1695 684 1841 725; x_wconf 81' lang='grc' dir='ltr'>προσέπεσε</span> 
     </span>
    </p>
   </div>
   <div class='ocr_carea' id='block_1_28' title="bbox 1019 728 1842 768">
    <p class='ocr_par' dir='ltr' id='par_1_28' title="bbox 1019 728 1842 768">
     <span class='ocr_line' id='line_1_28' title="bbox 1019 728 1842 768; baseline 0.001 -13"><span class='ocrx_word' id='word_1_173' title='bbox 1019 734 1078 759; x_wconf 72' lang='grc' dir='ltr'>τοῖς</span> <span class='ocrx_word' id='word_1_174' title='bbox 1109 729 1185 756; x_wconf 85' lang='grc' dir='ltr'>ποσὶν</span> <span class='ocrx_word' id='word_1_175' title='bbox 1221 729 1299 757; x_wconf 69' lang='grc' dir='ltr'>αὐτοῦ</span> <span class='ocrx_word' id='word_1_176' title='bbox 1333 729 1572 768; x_wconf 74' lang='grc' dir='ltr'>ἐξομολογουμένη,</span> <span class='ocrx_word' id='word_1_177' title='bbox 1602 730 1645 757; x_wconf 79' lang='grc' dir='ltr'><strong>καὶ</strong></span> <span class='ocrx_word' id='word_1_178' title='bbox 1670 728 1842 768; x_wconf 79' lang='grc' dir='ltr'>συγχώρησιν</span> 
     </span>
    </p>
   </div>
   <div class='ocr_carea' id='block_1_29' title="bbox 1019 769 1839 810">
    <p class='ocr_par' dir='ltr' id='par_1_29' title="bbox 1019 769 1839 810">
     <span class='ocr_line' id='line_1_29' title="bbox 1019 769 1839 810; baseline 0.001 -11"><span class='ocrx_word' id='word_1_179' title='bbox 1019 769 1112 800; x_wconf 69' lang='grc' dir='ltr'>λαϐεῖν</span> <span class='ocrx_word' id='word_1_180' title='bbox 1145 773 1298 810; x_wconf 82' lang='grc' dir='ltr'>αἰτουμένη.</span> <span class='ocrx_word' id='word_1_181' title='bbox 1337 769 1365 802; x_wconf 75' lang='grc' dir='ltr'>Ὀ</span> <span class='ocrx_word' id='word_1_182' title='bbox 1400 773 1427 802; x_wconf 75' lang='grc' dir='ltr'><strong>δὲ</strong></span> <span class='ocrx_word' id='word_1_183' title='bbox 1451 775 1601 809; x_wconf 77' lang='grc' dir='ltr'>ἀναστήσας</span> <span class='ocrx_word' id='word_1_184' title='bbox 1629 774 1709 807; x_wconf 76' lang='grc' dir='ltr'>αὒτὴν</span> <span class='ocrx_word' id='word_1_185' title='bbox 1738 773 1815 801; x_wconf 77' lang='grc' dir='ltr'>εἶπεν</span> <span class='ocrx_word' id='word_1_186' title='bbox 1832 779 1839 786; x_wconf 92' lang='grc'><strong>·</strong></span> 
     </span>
    </p>
   </div>
   <div class='ocr_carea' id='block_1_30' title="bbox 153 814 976 866">
    <p class='ocr_par' dir='ltr' id='par_1_30' title="bbox 153 814 976 855">
     <span class='ocr_line' id='line_1_30' title="bbox 153 814 976 855; baseline -0.002 -9"><span class='ocrx_word' id='word_1_187' title='bbox 153 820 182 846; x_wconf 90' lang='lat' dir='ltr'><strong>et</strong></span> <span class='ocrx_word' id='word_1_188' title='bbox 198 825 252 855; x_wconf 76' lang='lat' dir='ltr'><strong>ego</strong></span> <span class='ocrx_word' id='word_1_189' title='bbox 267 815 356 846; x_wconf 92' lang='lat' dir='ltr'><strong>homo</strong></span> <span class='ocrx_word' id='word_1_190' title='bbox 371 817 508 854; x_wconf 56' lang='lat' dir='ltr'><strong>peccator</strong></span> <span class='ocrx_word' id='word_1_191' title='bbox 523 823 601 853; x_wconf 87' lang='lat' dir='ltr'><strong>sum,</strong></span> <span class='ocrx_word' id='word_1_192' title='bbox 632 814 760 844; x_wconf 84' lang='lat' dir='ltr'><strong>necdum</strong></span> <span class='ocrx_word' id='word_1_193' title='bbox 775 814 877 854; x_wconf 81' lang='lat' dir='ltr'><strong>accepi</strong></span> <span class='ocrx_word' id='word_1_194' title='bbox 892 819 976 855; x_wconf 65' lang='lat' dir='ltr'><strong>pite-</strong></span> 
     </span>
    </p>
   </div>
   <div class='ocr_carea' id='block_1_31' title="bbox 1059 814 1840 866">
    <p class='ocr_par' dir='ltr' id='par_1_31' title="bbox 1059 815 1840 866">
     <span class='ocr_line' id='line_1_31' title="bbox 1059 815 1840 866; baseline 0.001 -23"><span class='ocrx_word' id='word_1_195' title='bbox 1059 815 1249 866; x_wconf 41' lang='lat' dir='ltr'><strong>;03‘tmnzotst,</strong></span> <span class='ocrx_word' id='word_1_196' title='bbox 1266 817 1307 846; x_wconf 84' lang='grc' dir='ltr'><strong>ὅτι</strong></span> <span class='ocrx_word' id='word_1_197' title='bbox 1327 818 1403 857; x_wconf 76' lang='grc' dir='ltr'><strong>κάγὼ</strong></span> <span class='ocrx_word' id='word_1_198' title='bbox 1432 818 1565 858; x_wconf 80' lang='grc' dir='ltr'>ἄνθροπως</span> <span class='ocrx_word' id='word_1_199' title='bbox 1592 819 1644 856; x_wconf 74' lang='grc' dir='ltr'>εἰμὶ</span> <span class='ocrx_word' id='word_1_200' title='bbox 1672 816 1840 857; x_wconf 78' lang='grc' dir='ltr'>ἁμαρτωλὸς,</span> 
     </span>
    </p>
   </div>
   <div class='ocr_carea' id='block_1_32' title="bbox 152 858 976 901">
    <p class='ocr_par' dir='ltr' id='par_1_32' title="bbox 152 858 976 898">
     <span class='ocr_line' id='line_1_32' title="bbox 152 858 976 898; baseline -0.002 -7"><span class='ocrx_word' id='word_1_201' title='bbox 152 864 255 891; x_wconf 81' lang='lat' dir='ltr'><strong>stalem</strong></span> <span class='ocrx_word' id='word_1_202' title='bbox 269 859 382 892; x_wconf 62' lang='lat' dir='ltr'><strong>ligandi</strong></span> <span class='ocrx_word' id='word_1_203' title='bbox 394 863 422 890; x_wconf 92' lang='lat' dir='ltr'><strong>et</strong></span> <span class='ocrx_word' id='word_1_204' title='bbox 435 858 579 889; x_wconf 76' lang='lat' dir='ltr'><strong>solvendi.</strong></span> <span class='ocrx_word' id='word_1_205' title='bbox 591 858 649 888; x_wconf 87' lang='lat' dir='ltr'><strong>Sed</strong></span> <span class='ocrx_word' id='word_1_206' title='bbox 663 859 735 889; x_wconf 81' lang='lat' dir='ltr'><strong>vade</strong></span> <span class='ocrx_word' id='word_1_207' title='bbox 752 858 787 888; x_wconf 90' lang='lat' dir='ltr'><strong>ad</strong></span> <span class='ocrx_word' id='word_1_208' title='bbox 809 858 976 898; x_wconf 81' lang='lat' dir='ltr'><strong>episcopos,</strong></span> 
     </span>
    </p>
   </div>
   <div class='ocr_carea' id='block_1_33' title="bbox 1059 858 1842 901">
    <p class='ocr_par' dir='ltr' id='par_1_33' title="bbox 1059 859 1842 901">
     <span class='ocr_line' id='line_1_33' title="bbox 1059 859 1842 901; baseline 0 -13"><span class='ocrx_word' id='word_1_209' title='bbox 1059 871 1094 888; x_wconf 76' lang='grc' dir='ltr'><strong>τω</strong></span> <span class='ocrx_word' id='word_1_210' title='bbox 1108 859 1196 889; x_wconf 76' lang='grc' dir='ltr'>λαϐὼν</span> <span class='ocrx_word' id='word_1_211' title='bbox 1212 860 1327 894; x_wconf 73' lang='grc' dir='ltr'>ἐξουσίαν</span> <span class='ocrx_word' id='word_1_212' title='bbox 1353 865 1398 890; x_wconf 77' lang='grc' dir='ltr'>τοῦ</span> <span class='ocrx_word' id='word_1_213' title='bbox 1425 861 1532 900; x_wconf 75' lang='grc' dir='ltr'>δεσμεῖν</span> <span class='ocrx_word' id='word_1_214' title='bbox 1559 864 1603 891; x_wconf 81' lang='grc' dir='ltr'><strong>καὶ</strong></span> <span class='ocrx_word' id='word_1_215' title='bbox 1630 862 1711 892; x_wconf 86' lang='grc' dir='ltr'>λύειν.</span> <span class='ocrx_word' id='word_1_216' title='bbox 1728 861 1842 901; x_wconf 77' lang='grc' dir='ltr'>Πορεύου</span> 
     </span>
    </p>
   </div>
   <div class='ocr_carea' id='block_1_34' title="bbox 152 902 976 948">
    <p class='ocr_par' dir='ltr' id='par_1_34' title="bbox 152 902 976 948">
     <span class='ocr_line' id='line_1_34' title="bbox 152 902 976 948; baseline -0.001 -13"><span class='ocrx_word' id='word_1_217' title='bbox 152 904 260 945; x_wconf 91' lang='lat' dir='ltr'><strong>quibus</strong></span> <span class='ocrx_word' id='word_1_218' title='bbox 284 905 346 935; x_wconf 73' lang='lat' dir='ltr'><strong>haec</strong></span> <span class='ocrx_word' id='word_1_219' title='bbox 358 903 512 943; x_wconf 90' lang='lat' dir='ltr'><strong>judicandi</strong></span> <span class='ocrx_word' id='word_1_220' title='bbox 529 906 657 948; x_wconf 82' lang='lat' dir='ltr'><strong>potestas</strong></span> <span class='ocrx_word' id='word_1_221' title='bbox 684 902 861 948; x_wconf 76' lang='lat' dir='ltr'><strong>demandata</strong></span> <span class='ocrx_word' id='word_1_222' title='bbox 877 907 931 940; x_wconf 85' lang='lat' dir='ltr'><strong>est,</strong></span> <span class='ocrx_word' id='word_1_223' title='bbox 951 906 976 934; x_wconf 87' lang='lat' dir='ltr'><strong>et</strong></span> 
     </span>
    </p>
   </div>
   <div class='ocr_carea' id='block_1_35' title="bbox 1059 902 1841 948">
    <p class='ocr_par' dir='ltr' id='par_1_35' title="bbox 1073 905 1841 948">
     <span class='ocr_line' id='line_1_35' title="bbox 1073 905 1841 948; baseline 0.001 -16"><span class='ocrx_word' id='word_1_224' title='bbox 1073 906 1138 944; x_wconf 80' lang='grc' dir='ltr'>πρὸς</span> <span class='ocrx_word' id='word_1_225' title='bbox 1167 907 1228 938; x_wconf 73' lang='grc' dir='ltr'>τοὺς</span> <span class='ocrx_word' id='word_1_226' title='bbox 1256 906 1429 948; x_wconf 79' lang='grc' dir='ltr'>ἐπισκόπους,</span> <span class='ocrx_word' id='word_1_227' title='bbox 1459 908 1519 939; x_wconf 77' lang='grc' dir='ltr'>τοὺς</span> <span class='ocrx_word' id='word_1_228' title='bbox 1547 908 1579 935; x_wconf 78' lang='grc' dir='ltr'><strong>τὰ</strong></span> <span class='ocrx_word' id='word_1_229' title='bbox 1605 912 1712 936; x_wconf 74' lang='grc' dir='ltr'>τοιαῦτα</span> <span class='ocrx_word' id='word_1_230' title='bbox 1745 905 1841 946; x_wconf 82' lang='grc' dir='ltr'>κρίνειν</span> 
     </span>
    </p>
   </div>
   <div class='ocr_carea' id='block_1_36' title="bbox 152 947 976 990">
    <p class='ocr_par' dir='ltr' id='par_1_36' title="bbox 152 947 973 990">
     <span class='ocr_line' id='line_1_36' title="bbox 152 947 973 990; baseline -0.002 -10"><span class='ocrx_word' id='word_1_231' title='bbox 152 950 198 980; x_wconf 79' lang='lat' dir='ltr'><strong>fac</strong></span> <span class='ocrx_word' id='word_1_232' title='bbox 214 949 410 990; x_wconf 88' lang='lat' dir='ltr'><strong>quodcunpue</strong></span> <span class='ocrx_word' id='word_1_233' title='bbox 423 947 466 978; x_wconf 92' lang='lat' dir='ltr'><strong>illi</strong></span> <span class='ocrx_word' id='word_1_234' title='bbox 479 947 618 978; x_wconf 82' lang='lat' dir='ltr'><strong>dixerint.</strong></span> <span class='ocrx_word' id='word_1_235' title='bbox 634 947 879 987; x_wconf 80' lang='lat' dir='ltr'><strong>Respondililla:</strong></span> <span class='ocrx_word' id='word_1_236' title='bbox 900 948 973 979; x_wconf 90' lang='lat' dir='ltr'><strong>Con-</strong></span> 
     </span>
    </p>
   </div>
   <div class='ocr_carea' id='block_1_37' title="bbox 1059 947 1840 990">
    <p class='ocr_par' dir='ltr' id='par_1_37' title="bbox 1059 950 1840 990">
     <span class='ocr_line' id='line_1_37' title="bbox 1059 950 1840 990; baseline 0.004 -13"><span class='ocrx_word' id='word_1_237' title='bbox 1059 950 1238 988; x_wconf 79' lang='grc' dir='ltr'>πιστευμένους</span> <span class='ocrx_word' id='word_1_238' title='bbox 1256 959 1262 966; x_wconf 94' lang='grc'><strong>·</strong></span> <span class='ocrx_word' id='word_1_239' title='bbox 1299 952 1343 980; x_wconf 80' lang='grc' dir='ltr'><strong>καὶ</strong></span> <span class='ocrx_word' id='word_1_240' title='bbox 1369 953 1406 983; x_wconf 85' lang='grc' dir='ltr'><strong>ὡς</strong></span> <span class='ocrx_word' id='word_1_241' title='bbox 1434 951 1464 980; x_wconf 72' lang='grc' dir='ltr'><strong>ἄν</strong></span> <span class='ocrx_word' id='word_1_242' title='bbox 1495 963 1536 980; x_wconf 92' lang='grc' dir='ltr'><strong>σοι</strong></span> <span class='ocrx_word' id='word_1_243' title='bbox 1562 951 1686 990; x_wconf 71' lang='grc' dir='ltr'>εἴπωσιν,</span> <span class='ocrx_word' id='word_1_244' title='bbox 1716 951 1840 984; x_wconf 75' lang='grc' dir='ltr'>ποίησον.</span> 
     </span>
    </p>
   </div>
   <div class='ocr_carea' id='block_1_38' title="bbox 153 988 976 1034">
    <p class='ocr_par' dir='ltr' id='par_1_38' title="bbox 153 988 976 1033">
     <span class='ocr_line' id='line_1_38' title="bbox 153 988 976 1033; baseline -0.002 -8"><span class='ocrx_word' id='word_1_245' title='bbox 153 988 231 1025; x_wconf 81' lang='lat' dir='ltr'><strong>fessa</strong></span> <span class='ocrx_word' id='word_1_246' title='bbox 242 1003 306 1024; x_wconf 89' lang='lat' dir='ltr'><strong>sum</strong></span> <span class='ocrx_word' id='word_1_247' title='bbox 320 992 466 1033; x_wconf 88' lang='lat' dir='ltr'><strong>episcopis</strong></span> <span class='ocrx_word' id='word_1_248' title='bbox 479 995 630 1031; x_wconf 85' lang='lat' dir='ltr'><strong>peccatum</strong></span> <span class='ocrx_word' id='word_1_249' title='bbox 642 1001 739 1022; x_wconf 88' lang='lat' dir='ltr'><strong>meum</strong></span> <span class='ocrx_word' id='word_1_250' title='bbox 748 996 777 1022; x_wconf 94' lang='lat' dir='ltr'><strong>et</strong></span> <span class='ocrx_word' id='word_1_251' title='bbox 787 991 976 1032; x_wconf 85' lang='lat' dir='ltr'><strong>injnnxcrunt</strong></span> 
     </span>
    </p>
   </div>
   <div class='ocr_carea' id='block_1_39' title="bbox 1059 988 1840 1034">
    <p class='ocr_par' dir='ltr' id='par_1_39' title="bbox 1087 988 1840 1034">
     <span class='ocr_line' id='line_1_39' title="bbox 1087 988 1840 1034; baseline 0.001 -13"><span class='ocrx_word' id='word_1_252' title='bbox 1087 993 1113 1021; x_wconf 81' lang='grc' dir='ltr'><strong>δὲ</strong></span> <span class='ocrx_word' id='word_1_253' title='bbox 1148 995 1275 1034; x_wconf 72' lang='grc' dir='ltr'>ἀπεκρίθη</span> <span class='ocrx_word' id='word_1_254' title='bbox 1293 1004 1300 1011; x_wconf 85' lang='grc'><strong><em>⁸</em></strong></span> <span class='ocrx_word' id='word_1_255' title='bbox 1331 1000 1395 1028; x_wconf 77' lang='grc' dir='ltr'>Τοῖς</span> <span class='ocrx_word' id='word_1_256' title='bbox 1424 997 1472 1032; x_wconf 79' lang='grc' dir='ltr'>μὲν</span> <span class='ocrx_word' id='word_1_257' title='bbox 1500 996 1654 1028; x_wconf 74' lang='grc' dir='ltr'>ἐπισκόποις</span> <span class='ocrx_word' id='word_1_258' title='bbox 1677 988 1840 1034; x_wconf 75' lang='grc' dir='ltr'>ἐξηγόρευσα</span> 
     </span>
    </p>
   </div>
   <div class='ocr_carea' id='block_1_40' title="bbox 153 1035 976 1080">
    <p class='ocr_par' dir='ltr' id='par_1_40' title="bbox 153 1035 976 1078">
     <span class='ocr_line' id='line_1_40' title="bbox 153 1035 976 1078; baseline -0.001 -9"><span class='ocrx_word' id='word_1_259' title='bbox 153 1039 239 1076; x_wconf 91' lang='lat' dir='ltr'><strong>mihi,</strong></span> <span class='ocrx_word' id='word_1_260' title='bbox 256 1042 287 1068; x_wconf 92' lang='lat' dir='ltr'><strong>ut</strong></span> <span class='ocrx_word' id='word_1_261' title='bbox 302 1042 346 1068; x_wconf 90' lang='lat' dir='ltr'><strong>ter</strong></span> <span class='ocrx_word' id='word_1_262' title='bbox 361 1046 414 1078; x_wconf 85' lang='lat' dir='ltr'><strong>per</strong></span> <span class='ocrx_word' id='word_1_263' title='bbox 426 1035 642 1067; x_wconf 84' lang='lat' dir='ltr'><strong>hebdomadam</strong></span> <span class='ocrx_word' id='word_1_264' title='bbox 667 1035 837 1075; x_wconf 83' lang='lat' dir='ltr'><strong>psalterium</strong></span> <span class='ocrx_word' id='word_1_265' title='bbox 853 1036 976 1068; x_wconf 88' lang='lat' dir='ltr'><strong>recitem</strong></span> 
     </span>
    </p>
   </div>
   <div class='ocr_carea' id='block_1_41' title="bbox 1059 1035 1841 1080">
    <p class='ocr_par' dir='ltr' id='par_1_41' title="bbox 1059 1038 1841 1080">
     <span class='ocr_line' id='line_1_41' title="bbox 1059 1038 1841 1080; baseline 0.004 -15"><span class='ocrx_word' id='word_1_266' title='bbox 1059 1050 1067 1065; x_wconf 71' lang='grc' dir='ltr'><strong>ν</strong></span> <span class='ocrx_word' id='word_1_267' title='bbox 1101 1038 1170 1076; x_wconf 49' lang='grc' dir='ltr'>ἐμὶν</span> <span class='ocrx_word' id='word_1_268' title='bbox 1205 1040 1345 1080; x_wconf 83' lang='grc' dir='ltr'>ἁμαρτίαν,</span> <span class='ocrx_word' id='word_1_269' title='bbox 1381 1041 1424 1068; x_wconf 84' lang='grc' dir='ltr'><strong>καὶ</strong></span> <span class='ocrx_word' id='word_1_270' title='bbox 1455 1039 1552 1069; x_wconf 78' lang='grc' dir='ltr'>ἔδωκάν</span> <span class='ocrx_word' id='word_1_271' title='bbox 1588 1052 1632 1078; x_wconf 84' lang='grc' dir='ltr'><strong>μοι</strong></span> <span class='ocrx_word' id='word_1_272' title='bbox 1659 1038 1766 1070; x_wconf 77' lang='grc' dir='ltr'>ἐντολὰς</span> <span class='ocrx_word' id='word_1_273' title='bbox 1794 1043 1841 1068; x_wconf 79' lang='grc' dir='ltr'><strong>τοῦ</strong></span> 
     </span>
    </p>
   </div>
   <div class='ocr_carea' id='block_1_42' title="bbox 151 1080 976 1124">
    <p class='ocr_par' dir='ltr' id='par_1_42' title="bbox 151 1080 976 1123">
     <span class='ocr_line' id='line_1_42' title="bbox 151 1080 976 1123; baseline -0.002 -9"><span class='ocrx_word' id='word_1_274' title='bbox 151 1087 182 1114; x_wconf 91' lang='lat' dir='ltr'><strong>et</strong></span> <span class='ocrx_word' id='word_1_275' title='bbox 194 1082 297 1123; x_wconf 80' lang='lat' dir='ltr'><strong>egenis</strong></span> <span class='ocrx_word' id='word_1_276' title='bbox 309 1081 376 1112; x_wconf 92' lang='lat' dir='ltr'><strong>dem</strong></span> <span class='ocrx_word' id='word_1_277' title='bbox 389 1082 616 1120; x_wconf 77' lang='lat' dir='ltr'><strong>eleemesynnm.</strong></span> <span class='ocrx_word' id='word_1_278' title='bbox 633 1080 692 1110; x_wconf 91' lang='lat' dir='ltr'><strong>Sed</strong></span> <span class='ocrx_word' id='word_1_279' title='bbox 706 1089 777 1120; x_wconf 73' lang='lat' dir='ltr'><strong>rogo</strong></span> <span class='ocrx_word' id='word_1_280' title='bbox 793 1083 976 1112; x_wconf 85' lang='lat' dir='ltr'><strong>sanctitatem</strong></span> 
     </span>
    </p>
   </div>
   <div class='ocr_carea' id='block_1_43' title="bbox 1059 1080 1841 1124">
    <p class='ocr_par' dir='ltr' id='par_1_43' title="bbox 1059 1083 1841 1124">
     <span class='ocr_line' id='line_1_43' title="bbox 1059 1083 1841 1124; baseline 0.001 -14"><span class='ocrx_word' id='word_1_281' title='bbox 1059 1089 1132 1122; x_wconf 80' lang='grc' dir='ltr'>ηρεϊν</span> <span class='ocrx_word' id='word_1_282' title='bbox 1167 1084 1198 1111; x_wconf 77' lang='grc' dir='ltr'><strong>τὸ</strong></span> <span class='ocrx_word' id='word_1_283' title='bbox 1232 1084 1378 1124; x_wconf 72' lang='grc' dir='ltr'>ψαλτήριον</span> <span class='ocrx_word' id='word_1_284' title='bbox 1414 1086 1499 1124; x_wconf 77' lang='grc' dir='ltr'>τρίτον</span> <span class='ocrx_word' id='word_1_285' title='bbox 1532 1087 1582 1118; x_wconf 82' lang='grc' dir='ltr'><strong>τῆς</strong></span> <span class='ocrx_word' id='word_1_286' title='bbox 1615 1083 1769 1122; x_wconf 75' lang='grc' dir='ltr'>ἑϐδομάδος,</span> <span class='ocrx_word' id='word_1_287' title='bbox 1796 1083 1841 1111; x_wconf 85' lang='grc' dir='ltr'><strong>καὶ</strong></span> 
     </span>
    </p>
   </div>
   <div class='ocr_carea' id='block_1_44' title="bbox 152 1124 976 1168">
    <p class='ocr_par' dir='ltr' id='par_1_44' title="bbox 152 1124 976 1166">
     <span class='ocr_line' id='line_1_44' title="bbox 152 1124 976 1166; baseline -0.004 -7"><span class='ocrx_word' id='word_1_288' title='bbox 152 1131 245 1165; x_wconf 87' lang='lat' dir='ltr'><strong>tuam,</strong></span> <span class='ocrx_word' id='word_1_289' title='bbox 262 1136 348 1158; x_wconf 79' lang='lat' dir='ltr'><strong>serve</strong></span> <span class='ocrx_word' id='word_1_290' title='bbox 368 1125 496 1161; x_wconf 86' lang='lat' dir='ltr'><strong>Domini,</strong></span> <span class='ocrx_word' id='word_1_291' title='bbox 524 1128 555 1155; x_wconf 91' lang='lat' dir='ltr'><strong>ut</strong></span> <span class='ocrx_word' id='word_1_292' title='bbox 571 1124 659 1155; x_wconf 83' lang='lat' dir='ltr'><strong>etiam</strong></span> <span class='ocrx_word' id='word_1_293' title='bbox 675 1133 692 1154; x_wconf 92' lang='lat' dir='ltr'><strong>a</strong></span> <span class='ocrx_word' id='word_1_294' title='bbox 707 1129 734 1155; x_wconf 89' lang='lat' dir='ltr'><strong>te</strong></span> <span class='ocrx_word' id='word_1_295' title='bbox 751 1125 881 1163; x_wconf 87' lang='lat' dir='ltr'><strong>audiam,</strong></span> <span class='ocrx_word' id='word_1_296' title='bbox 899 1126 976 1166; x_wconf 91' lang='lat' dir='ltr'><strong>quod</strong></span> 
     </span>
    </p>
   </div>
   <div class='ocr_carea' id='block_1_45' title="bbox 1059 1124 1840 1168">
    <p class='ocr_par' dir='ltr' id='par_1_45' title="bbox 1059 1126 1840 1168">
     <span class='ocr_line' id='line_1_45' title="bbox 1059 1126 1840 1168; baseline 0 -14"><span class='ocrx_word' id='word_1_297' title='bbox 1059 1133 1105 1155; x_wconf 71' lang='grc' dir='ltr'>ιεϊν</span> <span class='ocrx_word' id='word_1_298' title='bbox 1121 1126 1193 1159; x_wconf 82' lang='grc' dir='ltr'>ἔλεος</span> <span class='ocrx_word' id='word_1_299' title='bbox 1221 1129 1258 1160; x_wconf 81' lang='grc' dir='ltr'><strong>εἰς</strong></span> <span class='ocrx_word' id='word_1_300' title='bbox 1286 1129 1347 1160; x_wconf 85' lang='grc' dir='ltr'>τοὺς</span> <span class='ocrx_word' id='word_1_301' title='bbox 1376 1127 1525 1167; x_wconf 78' lang='grc' dir='ltr'>δεομένους.</span> <span class='ocrx_word' id='word_1_302' title='bbox 1558 1128 1706 1168; x_wconf 85' lang='grc' dir='ltr'>Παρακαλῶ</span> <span class='ocrx_word' id='word_1_303' title='bbox 1734 1127 1761 1156; x_wconf 78' lang='grc' dir='ltr'><strong>δὲ</strong></span> <span class='ocrx_word' id='word_1_304' title='bbox 1790 1128 1840 1160; x_wconf 76' lang='grc' dir='ltr'><strong>τὴν</strong></span> 
     </span>
    </p>
   </div>
   <div class='ocr_carea' id='block_1_46' title="bbox 152 1168 976 1214">
    <p class='ocr_par' dir='ltr' id='par_1_46' title="bbox 152 1168 976 1214">
     <span class='ocr_line' id='line_1_46' title="bbox 152 1168 976 1214; baseline -0.004 -11"><span class='ocrx_word' id='word_1_305' title='bbox 152 1172 183 1203; x_wconf 94' lang='lat' dir='ltr'><strong>in</strong></span> <span class='ocrx_word' id='word_1_306' title='bbox 198 1181 262 1203; x_wconf 87' lang='lat' dir='ltr'><strong>rem</strong></span> <span class='ocrx_word' id='word_1_307' title='bbox 279 1170 351 1201; x_wconf 91' lang='lat' dir='ltr'><strong>mihi</strong></span> <span class='ocrx_word' id='word_1_308' title='bbox 369 1169 416 1214; x_wconf 76' lang='lat' dir='ltr'><strong>sit.</strong></span> <span class='ocrx_word' id='word_1_309' title='bbox 434 1174 463 1200; x_wconf 91' lang='lat' dir='ltr'><strong>et</strong></span> <span class='ocrx_word' id='word_1_310' title='bbox 486 1169 598 1214; x_wconf 81' lang='lat' dir='ltr'><strong>peccati</strong></span> <span class='ocrx_word' id='word_1_311' title='bbox 628 1168 742 1199; x_wconf 88' lang='lat' dir='ltr'><strong>veniam</strong></span> <span class='ocrx_word' id='word_1_312' title='bbox 757 1168 926 1209; x_wconf 91' lang='lat' dir='ltr'><strong>impetrem.</strong></span> <span class='ocrx_word' id='word_1_313' title='bbox 943 1169 976 1200; x_wconf 75' lang='lat' dir='ltr'><strong>Et</strong></span> 
     </span>
    </p>
   </div>
   <div class='ocr_carea' id='block_1_47' title="bbox 1059 1168 1840 1214">
    <p class='ocr_par' dir='ltr' id='par_1_47' title="bbox 1059 1172 1840 1214">
     <span class='ocr_line' id='line_1_47' title="bbox 1059 1172 1840 1214; baseline 0.001 -15"><span class='ocrx_word' id='word_1_314' title='bbox 1059 1182 1068 1199; x_wconf 81' lang='grc' dir='ltr'><strong>ν</strong></span> <span class='ocrx_word' id='word_1_315' title='bbox 1104 1172 1265 1213; x_wconf 80' lang='grc' dir='ltr'>ἁγιωσύνην,</span> <span class='ocrx_word' id='word_1_316' title='bbox 1303 1172 1378 1203; x_wconf 78' lang='grc' dir='ltr'>δοῦλε</span> <span class='ocrx_word' id='word_1_317' title='bbox 1414 1174 1516 1214; x_wconf 79' lang='grc' dir='ltr'>Κυρίου,</span> <span class='ocrx_word' id='word_1_318' title='bbox 1555 1179 1601 1203; x_wconf 75' lang='grc' dir='ltr'>τοῦ</span> <span class='ocrx_word' id='word_1_319' title='bbox 1627 1174 1671 1201; x_wconf 84' lang='grc' dir='ltr'>καὶ</span> <span class='ocrx_word' id='word_1_320' title='bbox 1695 1173 1766 1212; x_wconf 76' lang='grc' dir='ltr'>παρὰ</span> <span class='ocrx_word' id='word_1_321' title='bbox 1793 1175 1840 1200; x_wconf 79' lang='grc' dir='ltr'>σοῦ</span> 
     </span>
    </p>
   </div>
   <div class='ocr_carea' id='block_1_48' title="bbox 153 1213 976 1258">
    <p class='ocr_par' dir='ltr' id='par_1_48' title="bbox 153 1213 976 1258">
     <span class='ocr_line' id='line_1_48' title="bbox 153 1213 976 1258; baseline -0.002 -11"><span class='ocrx_word' id='word_1_322' title='bbox 153 1216 198 1248; x_wconf 91' lang='lat' dir='ltr'><strong>vir</strong></span> <span class='ocrx_word' id='word_1_323' title='bbox 213 1219 366 1247; x_wconf 83' lang='lat' dir='ltr'><strong>snnsctus:</strong></span> <span class='ocrx_word' id='word_1_324' title='bbox 384 1213 520 1245; x_wconf 80' lang='lat' dir='ltr'><strong>Recitare</strong></span> <span class='ocrx_word' id='word_1_325' title='bbox 534 1213 654 1254; x_wconf 87' lang='lat' dir='ltr'><strong>quidem</strong></span> <span class='ocrx_word' id='word_1_326' title='bbox 669 1213 840 1258; x_wconf 78' lang='lat' dir='ltr'><strong>psalterium</strong></span> <span class='ocrx_word' id='word_1_327' title='bbox 855 1218 884 1245; x_wconf 89' lang='lat' dir='ltr'><strong>et</strong></span> <span class='ocrx_word' id='word_1_328' title='bbox 897 1214 976 1246; x_wconf 83' lang='lat' dir='ltr'><strong>elee-</strong></span> 
     </span>
    </p>
   </div>
   <div class='ocr_carea' id='block_1_49' title="bbox 1059 1213 1840 1258">
    <p class='ocr_par' dir='ltr' id='par_1_49' title="bbox 1083 1213 1840 1258">
     <span class='ocr_line' id='line_1_49' title="bbox 1083 1213 1840 1258; baseline 0 -14"><span class='ocrx_word' id='word_1_329' title='bbox 1083 1216 1214 1257; x_wconf 66' lang='grc' dir='ltr'>συμφέρον</span> <span class='ocrx_word' id='word_1_330' title='bbox 1242 1217 1363 1256; x_wconf 79' lang='grc' dir='ltr'>ἀκοῦσαι,</span> <span class='ocrx_word' id='word_1_331' title='bbox 1399 1213 1519 1253; x_wconf 19' lang='grc' dir='ltr'>καὶντὴν</span> <span class='ocrx_word' id='word_1_332' title='bbox 1554 1218 1646 1258; x_wconf 77' lang='grc' dir='ltr'>ἄφεσιν</span> <span class='ocrx_word' id='word_1_333' title='bbox 1675 1216 1767 1245; x_wconf 72' lang='grc' dir='ltr'>λαϐεῖν</span> <span class='ocrx_word' id='word_1_334' title='bbox 1793 1220 1840 1244; x_wconf 75' lang='grc' dir='ltr'><strong>τοῦ</strong></span> 
     </span>
    </p>
   </div>
   <div class='ocr_carea' id='block_1_50' title="bbox 155 1257 976 1303">
    <p class='ocr_par' dir='ltr' id='par_1_50' title="bbox 155 1257 976 1303">
     <span class='ocr_line' id='line_1_50' title="bbox 155 1257 976 1303; baseline -0.002 -12"><span class='ocrx_word' id='word_1_335' title='bbox 155 1269 292 1301; x_wconf 81' lang='lat' dir='ltr'><strong>mosynus</strong></span> <span class='ocrx_word' id='word_1_336' title='bbox 307 1259 390 1295; x_wconf 80' lang='lat' dir='ltr'><strong>dare,</strong></span> <span class='ocrx_word' id='word_1_337' title='bbox 420 1257 474 1289; x_wconf 84' lang='lat' dir='ltr'><strong>tibi</strong></span> <span class='ocrx_word' id='word_1_338' title='bbox 502 1262 531 1303; x_wconf 83' lang='lat' dir='ltr'><strong>et</strong></span> <span class='ocrx_word' id='word_1_339' title='bbox 560 1257 743 1303; x_wconf 81' lang='lat' dir='ltr'><strong>pauperibus</strong></span> <span class='ocrx_word' id='word_1_340' title='bbox 769 1258 910 1303; x_wconf 84' lang='lat' dir='ltr'><strong>conducit</strong></span> <span class='ocrx_word' id='word_1_341' title='bbox 923 1259 976 1303; x_wconf 84' lang='lat' dir='ltr'><strong>sed</strong></span> 
     </span>
    </p>
   </div>
   <div class='ocr_carea' id='block_1_51' title="bbox 1059 1257 1838 1303">
    <p class='ocr_par' dir='ltr' id='par_1_51' title="bbox 1059 1257 1838 1303">
     <span class='ocr_line' id='line_1_51' title="bbox 1059 1257 1838 1303; baseline 0.001 -15"><span class='ocrx_word' id='word_1_342' title='bbox 1059 1261 1216 1300; x_wconf 86' lang='grc' dir='ltr'>αρτημένου.</span> <span class='ocrx_word' id='word_1_343' title='bbox 1247 1267 1267 1291; x_wconf 92' lang='lat'>0</span> <span class='ocrx_word' id='word_1_344' title='bbox 1298 1261 1325 1290; x_wconf 78' lang='grc' dir='ltr'><strong>δὲ</strong></span> <span class='ocrx_word' id='word_1_345' title='bbox 1353 1263 1426 1295; x_wconf 76' lang='grc' dir='ltr'>ὅσιος</span> <span class='ocrx_word' id='word_1_346' title='bbox 1455 1263 1504 1303; x_wconf 74' lang='grc' dir='ltr'>ἔφη</span> <span class='ocrx_word' id='word_1_347' title='bbox 1521 1271 1528 1278; x_wconf 93' lang='grc'><strong>·</strong></span> <span class='ocrx_word' id='word_1_348' title='bbox 1560 1257 1596 1292; x_wconf 62' lang='lat' dir='ltr'><strong>Ti)</strong></span> <span class='ocrx_word' id='word_1_349' title='bbox 1626 1263 1674 1300; x_wconf 76' lang='grc' dir='ltr'>μὲν</span> <span class='ocrx_word' id='word_1_350' title='bbox 1697 1262 1782 1290; x_wconf 71' lang='grc' dir='ltr'>εἰπεῖν</span> <span class='ocrx_word' id='word_1_351' title='bbox 1809 1261 1838 1289; x_wconf 78' lang='grc' dir='ltr'><strong>τὸ</strong></span> 
     </span>
    </p>
   </div>
   <div class='ocr_carea' id='block_1_52' title="bbox 153 1302 976 1346">
    <p class='ocr_par' dir='ltr' id='par_1_52' title="bbox 153 1302 976 1346">
     <span class='ocr_line' id='line_1_52' title="bbox 153 1302 976 1346; baseline -0.005 -10"><span class='ocrx_word' id='word_1_352' title='bbox 153 1314 257 1336; x_wconf 88' lang='lat' dir='ltr'><strong>necem</strong></span> <span class='ocrx_word' id='word_1_353' title='bbox 269 1313 354 1344; x_wconf 80' lang='lat' dir='ltr'><strong>passo</strong></span> <span class='ocrx_word' id='word_1_354' title='bbox 368 1303 476 1343; x_wconf 82' lang='lat' dir='ltr'><strong>injuste</strong></span> <span class='ocrx_word' id='word_1_355' title='bbox 487 1302 611 1333; x_wconf 85' lang='lat' dir='ltr'><strong>salutem</strong></span> <span class='ocrx_word' id='word_1_356' title='bbox 625 1311 684 1332; x_wconf 90' lang='lat' dir='ltr'><strong>non</strong></span> <span class='ocrx_word' id='word_1_357' title='bbox 702 1302 787 1346; x_wconf 81' lang='lat' dir='ltr'><strong>all‘ert</strong></span> <span class='ocrx_word' id='word_1_358' title='bbox 799 1311 854 1333; x_wconf 90' lang='lat' dir='ltr'><strong>nec</strong></span> <span class='ocrx_word' id='word_1_359' title='bbox 871 1302 976 1343; x_wconf 90' lang='lat' dir='ltr'><strong>deplo-</strong></span> 
     </span>
    </p>
   </div>
   <div class='ocr_carea' id='block_1_53' title="bbox 1059 1302 1837 1346">
    <p class='ocr_par' dir='ltr' id='par_1_53' title="bbox 1059 1302 1837 1346">
     <span class='ocr_line' id='line_1_53' title="bbox 1059 1302 1837 1346; baseline 0.001 -14"><span class='ocrx_word' id='word_1_360' title='bbox 1059 1303 1173 1344; x_wconf 76' lang='grc' dir='ltr'><strong>λιτήριον⁷</strong></span> <span class='ocrx_word' id='word_1_361' title='bbox 1211 1307 1254 1334; x_wconf 82' lang='grc' dir='ltr'><strong>καὶ</strong></span> <span class='ocrx_word' id='word_1_362' title='bbox 1290 1305 1376 1335; x_wconf 75' lang='grc' dir='ltr'>δοῦναι</span> <span class='ocrx_word' id='word_1_363' title='bbox 1413 1302 1604 1346; x_wconf 67' lang='grc' dir='ltr'>ἐλεημοσύνην,</span> <span class='ocrx_word' id='word_1_364' title='bbox 1638 1307 1677 1335; x_wconf 81' lang='grc' dir='ltr'>σοὶ</span> <span class='ocrx_word' id='word_1_365' title='bbox 1707 1307 1751 1334; x_wconf 83' lang='grc' dir='ltr'><strong>καὶ</strong></span> <span class='ocrx_word' id='word_1_366' title='bbox 1779 1312 1837 1337; x_wconf 68' lang='grc' dir='ltr'>τοῖς</span> 
     </span>
    </p>
   </div>
   <div class='ocr_carea' id='block_1_54' title="bbox 152 1345 976 1391">
    <p class='ocr_par' dir='ltr' id='par_1_54' title="bbox 152 1345 973 1391">
     <span class='ocr_line' id='line_1_54' title="bbox 152 1345 973 1391; baseline -0.002 -11"><span class='ocrx_word' id='word_1_367' title='bbox 152 1349 280 1380; x_wconf 78' lang='lat' dir='ltr'><strong>rantium</strong></span> <span class='ocrx_word' id='word_1_368' title='bbox 296 1349 379 1379; x_wconf 93' lang='lat' dir='ltr'><strong>illum</strong></span> <span class='ocrx_word' id='word_1_369' title='bbox 407 1347 488 1378; x_wconf 91' lang='lat' dir='ltr'><strong>tollet</strong></span> <span class='ocrx_word' id='word_1_370' title='bbox 511 1355 680 1378; x_wconf 72' lang='lat' dir='ltr'><strong>mmrorem.</strong></span> <span class='ocrx_word' id='word_1_371' title='bbox 710 1345 787 1391; x_wconf 86' lang='lat' dir='ltr'><strong>Quid</strong></span> <span class='ocrx_word' id='word_1_372' title='bbox 816 1347 895 1378; x_wconf 93' lang='lat' dir='ltr'><strong>enim</strong></span> <span class='ocrx_word' id='word_1_373' title='bbox 910 1348 973 1385; x_wconf 84' lang='lat' dir='ltr'><strong>das,</strong></span> 
     </span>
    </p>
   </div>
   <div class='ocr_carea' id='block_1_55' title="bbox 1059 1345 1837 1391">
    <p class='ocr_par' dir='ltr' id='par_1_55' title="bbox 1061 1345 1837 1391">
     <span class='ocr_line' id='line_1_55' title="bbox 1061 1345 1837 1391; baseline 0.001 -15"><span class='ocrx_word' id='word_1_374' title='bbox 1061 1348 1149 1386; x_wconf 82' lang='grc' dir='ltr'>μένοις</span> <span class='ocrx_word' id='word_1_375' title='bbox 1182 1349 1250 1378; x_wconf 85' lang='grc' dir='ltr'>ἐστὶν</span> <span class='ocrx_word' id='word_1_376' title='bbox 1284 1350 1389 1391; x_wconf 73' lang='grc' dir='ltr'>ὄφελος,</span> <span class='ocrx_word' id='word_1_377' title='bbox 1426 1345 1483 1389; x_wconf 20' lang='grc' dir='ltr'><strong>τῷν</strong></span> <span class='ocrx_word' id='word_1_378' title='bbox 1507 1351 1534 1379; x_wconf 73' lang='grc' dir='ltr'><strong>δὲ</strong></span> <span class='ocrx_word' id='word_1_379' title='bbox 1574 1345 1670 1383; x_wconf 76' lang='grc' dir='ltr'>ἀδίκως</span> <span class='ocrx_word' id='word_1_380' title='bbox 1711 1350 1837 1390; x_wconf 76' lang='grc' dir='ltr'>σφαγέντι</span> 
     </span>
    </p>
   </div>
   <div class='ocr_carea' id='block_1_56' title="bbox 151 1390 976 1435">
    <p class='ocr_par' dir='ltr' id='par_1_56' title="bbox 151 1390 974 1434">
     <span class='ocr_line' id='line_1_56' title="bbox 151 1390 974 1434; baseline -0.001 -10"><span class='ocrx_word' id='word_1_381' title='bbox 151 1393 231 1434; x_wconf 79' lang='lat' dir='ltr'><strong>quod</strong></span> <span class='ocrx_word' id='word_1_382' title='bbox 251 1392 432 1424; x_wconf 88' lang='lat' dir='ltr'><strong>tantumdem</strong></span> <span class='ocrx_word' id='word_1_383' title='bbox 457 1391 562 1429; x_wconf 88' lang='lat' dir='ltr'><strong>valeat,</strong></span> <span class='ocrx_word' id='word_1_384' title='bbox 577 1394 718 1431; x_wconf 88' lang='lat' dir='ltr'><strong>quantum</strong></span> <span class='ocrx_word' id='word_1_385' title='bbox 734 1390 903 1422; x_wconf 82' lang='lat' dir='ltr'><strong>abstulisti?</strong></span> <span class='ocrx_word' id='word_1_386' title='bbox 917 1392 974 1423; x_wconf 90' lang='lat' dir='ltr'><strong>Sed</strong></span> 
     </span>
    </p>
   </div>
   <div class='ocr_carea' id='block_1_57' title="bbox 1059 1390 1838 1435">
    <p class='ocr_par' dir='ltr' id='par_1_57' title="bbox 1059 1393 1838 1435">
     <span class='ocr_line' id='line_1_57' title="bbox 1059 1393 1838 1435; baseline 0.003 -15"><span class='ocrx_word' id='word_1_387' title='bbox 1059 1394 1146 1432; x_wconf 68' lang='lat' dir='ltr'><strong>mpiav</strong></span> <span class='ocrx_word' id='word_1_388' title='bbox 1181 1394 1228 1423; x_wconf 67' lang='grc' dir='ltr'><strong>οὒκ</strong></span> <span class='ocrx_word' id='word_1_389' title='bbox 1263 1393 1332 1435; x_wconf 77' lang='grc' dir='ltr'>ἄγει,</span> <span class='ocrx_word' id='word_1_390' title='bbox 1369 1395 1427 1424; x_wconf 74' lang='grc' dir='ltr'>οὔτε</span> <span class='ocrx_word' id='word_1_391' title='bbox 1461 1399 1514 1425; x_wconf 82' lang='grc' dir='ltr'><strong>τῶν</strong></span> <span class='ocrx_word' id='word_1_392' title='bbox 1548 1395 1649 1424; x_wconf 78' lang='grc' dir='ltr'>ἐκεῖνον</span> <span class='ocrx_word' id='word_1_393' title='bbox 1676 1395 1838 1424; x_wconf 78' lang='grc' dir='ltr'>πενθούντων</span> 
     </span>
    </p>
   </div>
   <div class='ocr_carea' id='block_1_58' title="bbox 151 1435 976 1481">
    <p class='ocr_par' dir='ltr' id='par_1_58' title="bbox 151 1435 974 1475">
     <span class='ocr_line' id='line_1_58' title="bbox 151 1435 974 1475; baseline -0.002 -6"><span class='ocrx_word' id='word_1_394' title='bbox 151 1439 176 1469; x_wconf 90' lang='lat' dir='ltr'><strong>si</strong></span> <span class='ocrx_word' id='word_1_395' title='bbox 192 1438 313 1469; x_wconf 92' lang='lat' dir='ltr'><strong>omnino</strong></span> <span class='ocrx_word' id='word_1_396' title='bbox 328 1437 372 1467; x_wconf 73' lang='lat' dir='ltr'><strong>vis</strong></span> <span class='ocrx_word' id='word_1_397' title='bbox 387 1446 403 1467; x_wconf 95' lang='lat' dir='ltr'><strong>a</strong></span> <span class='ocrx_word' id='word_1_398' title='bbox 418 1445 485 1467; x_wconf 88' lang='lat' dir='ltr'><strong>mea</strong></span> <span class='ocrx_word' id='word_1_399' title='bbox 515 1444 631 1475; x_wconf 87' lang='lat' dir='ltr'><strong>quoque</strong></span> <span class='ocrx_word' id='word_1_400' title='bbox 660 1435 804 1466; x_wconf 76' lang='lat' dir='ltr'><strong>tenuitate</strong></span> <span class='ocrx_word' id='word_1_401' title='bbox 818 1435 974 1467; x_wconf 86' lang='lat' dir='ltr'><strong>consilium</strong></span> 
     </span>
    </p>
   </div>
   <div class='ocr_carea' id='block_1_59' title="bbox 1059 1435 1838 1481">
    <p class='ocr_par' dir='ltr' id='par_1_59' title="bbox 1059 1437 1838 1481">
     <span class='ocr_line' id='line_1_59' title="bbox 1059 1437 1838 1481; baseline 0.001 -16"><span class='ocrx_word' id='word_1_402' title='bbox 1059 1438 1164 1471; x_wconf 71' lang='grc' dir='ltr'>νλύπην</span> <span class='ocrx_word' id='word_1_403' title='bbox 1179 1437 1352 1469; x_wconf 80' lang='grc' dir='ltr'>διασχεδάσει.</span> <span class='ocrx_word' id='word_1_404' title='bbox 1376 1441 1406 1470; x_wconf 72' lang='grc' dir='ltr'>Τί</span> <span class='ocrx_word' id='word_1_405' title='bbox 1432 1441 1481 1481; x_wconf 78' lang='grc' dir='ltr'><strong>γὰρ</strong></span> <span class='ocrx_word' id='word_1_406' title='bbox 1508 1444 1632 1469; x_wconf 73' lang='grc' dir='ltr'>τοσοῦτον</span> <span class='ocrx_word' id='word_1_407' title='bbox 1659 1439 1744 1477; x_wconf 75' lang='grc' dir='ltr'>δίδως,</span> <span class='ocrx_word' id='word_1_408' title='bbox 1775 1439 1838 1467; x_wconf 84' lang='grc' dir='ltr'>ὅσον</span> 
     </span>
    </p>
   </div>
   <div class='ocr_carea' id='block_1_60' title="bbox 151 1479 976 1524">
    <p class='ocr_par' dir='ltr' id='par_1_60' title="bbox 151 1479 974 1523">
     <span class='ocr_line' id='line_1_60' title="bbox 151 1479 974 1523; baseline -0.004 -9"><span class='ocrx_word' id='word_1_409' title='bbox 151 1492 268 1523; x_wconf 87' lang='lat' dir='ltr'><strong>capere,</strong></span> <span class='ocrx_word' id='word_1_410' title='bbox 280 1481 393 1521; x_wconf 84' lang='lat' dir='ltr'><strong>Deique</strong></span> <span class='ocrx_word' id='word_1_411' title='bbox 403 1480 580 1511; x_wconf 89' lang='lat' dir='ltr'><strong>voluntatem</strong></span> <span class='ocrx_word' id='word_1_412' title='bbox 593 1479 730 1519; x_wconf 89' lang='lat' dir='ltr'><strong>implere,</strong></span> <span class='ocrx_word' id='word_1_413' title='bbox 742 1488 812 1510; x_wconf 89' lang='lat' dir='ltr'><strong>eece</strong></span> <span class='ocrx_word' id='word_1_414' title='bbox 824 1480 890 1510; x_wconf 91' lang='lat' dir='ltr'><strong>dico</strong></span> <span class='ocrx_word' id='word_1_415' title='bbox 903 1480 955 1511; x_wconf 92' lang='lat' dir='ltr'><strong>tibi</strong></span> <span class='ocrx_word' id='word_1_416' title='bbox 967 1491 974 1511; x_wconf 89' lang='lat'><strong>:</strong></span> 
     </span>
    </p>
   </div>
   <div class='ocr_carea' id='block_1_61' title="bbox 1059 1479 1838 1524">
    <p class='ocr_par' dir='ltr' id='par_1_61' title="bbox 1059 1479 1838 1524">
     <span class='ocr_line' id='line_1_61' title="bbox 1059 1479 1838 1524; baseline 0.003 -15"><span class='ocrx_word' id='word_1_417' title='bbox 1059 1480 1148 1522; x_wconf 66' lang='grc' dir='ltr'>είλου,</span> <span class='ocrx_word' id='word_1_418' title='bbox 1186 1483 1215 1511; x_wconf 81' lang='grc' dir='ltr'>Εἰ</span> <span class='ocrx_word' id='word_1_419' title='bbox 1250 1482 1277 1511; x_wconf 72' lang='grc' dir='ltr'><strong>δὲ</strong></span> <span class='ocrx_word' id='word_1_420' title='bbox 1303 1483 1372 1516; x_wconf 79' lang='grc' dir='ltr'>ὅλως</span> <span class='ocrx_word' id='word_1_421' title='bbox 1401 1479 1488 1522; x_wconf 81' lang='grc' dir='ltr'>βούλει</span> <span class='ocrx_word' id='word_1_422' title='bbox 1517 1485 1560 1513; x_wconf 71' lang='grc' dir='ltr'><strong>καὶ</strong></span> <span class='ocrx_word' id='word_1_423' title='bbox 1595 1482 1657 1524; x_wconf 75' lang='grc' dir='ltr'>παρ’</span> <span class='ocrx_word' id='word_1_424' title='bbox 1693 1483 1757 1522; x_wconf 71' lang='grc' dir='ltr'>ἐμοῦ</span> <span class='ocrx_word' id='word_1_425' title='bbox 1792 1487 1838 1512; x_wconf 79' lang='grc' dir='ltr'><strong>τοῦ</strong></span> 
     </span>
    </p>
   </div>
   <div class='ocr_carea' id='block_1_62' title="bbox 153 1523 976 1567">
    <p class='ocr_par' dir='ltr' id='par_1_62' title="bbox 153 1523 974 1564">
     <span class='ocr_line' id='line_1_62' title="bbox 153 1523 974 1564; baseline -0.006 -5"><span class='ocrx_word' id='word_1_426' title='bbox 153 1527 235 1558; x_wconf 87' lang='lat' dir='ltr'><strong>trade</strong></span> <span class='ocrx_word' id='word_1_427' title='bbox 251 1527 288 1557; x_wconf 91' lang='lat' dir='ltr'><strong>de</strong></span> <span class='ocrx_word' id='word_1_428' title='bbox 303 1525 418 1557; x_wconf 87' lang='lat' dir='ltr'><strong>duobus</strong></span> <span class='ocrx_word' id='word_1_429' title='bbox 434 1525 491 1555; x_wconf 89' lang='lat' dir='ltr'><strong>tuis</strong></span> <span class='ocrx_word' id='word_1_430' title='bbox 521 1523 590 1554; x_wconf 88' lang='lat' dir='ltr'><strong>liliis</strong></span> <span class='ocrx_word' id='word_1_431' title='bbox 605 1524 730 1554; x_wconf 88' lang='lat' dir='ltr'><strong>alterum</strong></span> <span class='ocrx_word' id='word_1_432' title='bbox 747 1524 974 1564; x_wconf 82' lang='lat' dir='ltr'><strong>consanguineis</strong></span> 
     </span>
    </p>
   </div>
   <div class='ocr_carea' id='block_1_63' title="bbox 1059 1523 1838 1567">
    <p class='ocr_par' dir='ltr' id='par_1_63' title="bbox 1061 1525 1838 1567">
     <span class='ocr_line' id='line_1_63' title="bbox 1061 1525 1838 1567; baseline 0.003 -14"><span class='ocrx_word' id='word_1_433' title='bbox 1061 1526 1135 1558; x_wconf 77' lang='grc' dir='ltr'>ελοῦς</span> <span class='ocrx_word' id='word_1_434' title='bbox 1171 1525 1288 1560; x_wconf 79' lang='grc' dir='ltr'>δέξασθαι</span> <span class='ocrx_word' id='word_1_435' title='bbox 1323 1528 1432 1567; x_wconf 78' lang='grc' dir='ltr'>βουλὴν,</span> <span class='ocrx_word' id='word_1_436' title='bbox 1470 1530 1514 1557; x_wconf 84' lang='grc' dir='ltr'><strong>καὶ</strong></span> <span class='ocrx_word' id='word_1_437' title='bbox 1540 1531 1649 1562; x_wconf 77' lang='grc' dir='ltr'>ποιῆσαι</span> <span class='ocrx_word' id='word_1_438' title='bbox 1677 1528 1708 1556; x_wconf 79' lang='grc' dir='ltr'><strong>τὸ</strong></span> <span class='ocrx_word' id='word_1_439' title='bbox 1734 1527 1838 1566; x_wconf 80' lang='grc' dir='ltr'>θέλημα</span> 
     </span>
    </p>
   </div>
   <div class='ocr_carea' id='block_1_64' title="bbox 150 1568 976 1613">
    <p class='ocr_par' dir='ltr' id='par_1_64' title="bbox 150 1568 975 1613">
     <span class='ocr_line' id='line_1_64' title="bbox 150 1568 975 1613; baseline -0.004 -11"><span class='ocrx_word' id='word_1_440' title='bbox 150 1571 269 1611; x_wconf 85' lang='lat' dir='ltr'><strong>mortui,</strong></span> <span class='ocrx_word' id='word_1_441' title='bbox 287 1580 318 1605; x_wconf 70' lang='lat' dir='ltr'><strong>ui</strong></span> <span class='ocrx_word' id='word_1_442' title='bbox 335 1570 373 1601; x_wconf 91' lang='lat' dir='ltr'><strong>de</strong></span> <span class='ocrx_word' id='word_1_443' title='bbox 403 1579 437 1600; x_wconf 90' lang='lat' dir='ltr'><strong>eo</strong></span> <span class='ocrx_word' id='word_1_444' title='bbox 464 1568 573 1599; x_wconf 78' lang='lat' dir='ltr'><strong>faciant</strong></span> <span class='ocrx_word' id='word_1_445' title='bbox 588 1568 785 1613; x_wconf 86' lang='lat' dir='ltr'><strong>quodcunque</strong></span> <span class='ocrx_word' id='word_1_446' title='bbox 801 1568 928 1606; x_wconf 86' lang='lat' dir='ltr'><strong>libuerit,</strong></span> <span class='ocrx_word' id='word_1_447' title='bbox 946 1574 975 1600; x_wconf 89' lang='lat' dir='ltr'><strong>et</strong></span> 
     </span>
    </p>
   </div>
   <div class='ocr_carea' id='block_1_65' title="bbox 1059 1568 1837 1613">
    <p class='ocr_par' dir='ltr' id='par_1_65' title="bbox 1059 1570 1837 1613">
     <span class='ocr_line' id='line_1_65' title="bbox 1059 1570 1837 1613; baseline 0.004 -15"><span class='ocrx_word' id='word_1_448' title='bbox 1059 1574 1150 1610; x_wconf 64' lang='grc' dir='ltr'>ιΘεοῦ,</span> <span class='ocrx_word' id='word_1_449' title='bbox 1167 1570 1220 1599; x_wconf 71' lang='grc' dir='ltr'>ἰδοὺ</span> <span class='ocrx_word' id='word_1_450' title='bbox 1244 1571 1314 1611; x_wconf 78' lang='grc' dir='ltr'>λέγω</span> <span class='ocrx_word' id='word_1_451' title='bbox 1341 1573 1392 1604; x_wconf 85' lang='grc' dir='ltr'>σοί,</span> <span class='ocrx_word' id='word_1_452' title='bbox 1423 1572 1541 1613; x_wconf 72' lang='grc' dir='ltr'>Παράδος</span> <span class='ocrx_word' id='word_1_453' title='bbox 1569 1572 1614 1601; x_wconf 74' lang='grc' dir='ltr'>ἕνα</span> <span class='ocrx_word' id='word_1_454' title='bbox 1641 1575 1694 1600; x_wconf 82' lang='grc' dir='ltr'><strong>τῶν</strong></span> <span class='ocrx_word' id='word_1_455' title='bbox 1709 1575 1762 1600; x_wconf 81' lang='grc' dir='ltr'>σῶν</span> <span class='ocrx_word' id='word_1_456' title='bbox 1776 1574 1837 1601; x_wconf 74' lang='grc' dir='ltr'>υἱῶν</span> 
     </span>
    </p>
   </div>
   <div class='ocr_carea' id='block_1_66' title="bbox 150 1612 976 1658">
    <p class='ocr_par' dir='ltr' id='par_1_66' title="bbox 150 1612 972 1658">
     <span class='ocr_line' id='line_1_66' title="bbox 150 1612 972 1658; baseline -0.004 -11"><span class='ocrx_word' id='word_1_457' title='bbox 150 1616 211 1648; x_wconf 90' lang='lat' dir='ltr'><strong>eris</strong></span> <span class='ocrx_word' id='word_1_458' title='bbox 223 1620 293 1646; x_wconf 88' lang='lat' dir='ltr'><strong>tunc</strong></span> <span class='ocrx_word' id='word_1_459' title='bbox 309 1623 324 1645; x_wconf 88' lang='lat' dir='ltr'><strong>a</strong></span> <span class='ocrx_word' id='word_1_460' title='bbox 335 1617 454 1654; x_wconf 88' lang='lat' dir='ltr'><strong>peccato</strong></span> <span class='ocrx_word' id='word_1_461' title='bbox 467 1613 582 1658; x_wconf 78' lang='lat' dir='ltr'><strong>expiata</strong></span> <span class='ocrx_word' id='word_1_462' title='bbox 601 1612 670 1658; x_wconf 66' lang='lat'><strong>(69).</strong></span> <span class='ocrx_word' id='word_1_463' title='bbox 687 1612 765 1658; x_wconf 80' lang='lat' dir='ltr'><strong>Dixit</strong></span> <span class='ocrx_word' id='word_1_464' title='bbox 777 1613 855 1643; x_wconf 86' lang='lat' dir='ltr'><strong>enim</strong></span> <span class='ocrx_word' id='word_1_465' title='bbox 873 1613 949 1658; x_wconf 87' lang='lat' dir='ltr'><strong>Deus</strong></span> <span class='ocrx_word' id='word_1_466' title='bbox 965 1624 972 1644; x_wconf 91' lang='lat'>:</span> 
     </span>
    </p>
   </div>
   <div class='ocr_carea' id='block_1_67' title="bbox 1059 1612 1838 1658">
    <p class='ocr_par' dir='ltr' id='par_1_67' title="bbox 1061 1613 1838 1658">
     <span class='ocr_line' id='line_1_67' title="bbox 1061 1613 1838 1658; baseline 0.005 -16"><span class='ocrx_word' id='word_1_467' title='bbox 1061 1625 1074 1645; x_wconf 84' lang='grc' dir='ltr'><strong>ς</strong></span> <span class='ocrx_word' id='word_1_468' title='bbox 1103 1613 1176 1647; x_wconf 76' lang='grc' dir='ltr'>ἰδίοις</span> <span class='ocrx_word' id='word_1_469' title='bbox 1204 1620 1250 1644; x_wconf 78' lang='grc' dir='ltr'><strong>τοῦ</strong></span> <span class='ocrx_word' id='word_1_470' title='bbox 1263 1616 1480 1658; x_wconf 75' lang='grc' dir='ltr'>τελευτήσαντος,</span> <span class='ocrx_word' id='word_1_471' title='bbox 1513 1621 1559 1646; x_wconf 78' lang='grc' dir='ltr'>τοῦ</span> <span class='ocrx_word' id='word_1_472' title='bbox 1586 1619 1693 1651; x_wconf 79' lang='grc' dir='ltr'>ποιῆσοι</span> <span class='ocrx_word' id='word_1_473' title='bbox 1717 1616 1744 1644; x_wconf 89' lang='grc' dir='ltr'><strong>ἐν</strong></span> <span class='ocrx_word' id='word_1_474' title='bbox 1768 1618 1838 1655; x_wconf 66' lang='grc' dir='ltr'><strong>αὖ»τῷ</strong></span> 
     </span>
    </p>
   </div>
   <div class='ocr_carea' id='block_1_68' title="bbox 151 1656 976 1701">
    <p class='ocr_par' dir='ltr' id='par_1_68' title="bbox 151 1656 973 1696">
     <span class='ocr_line' id='line_1_68' title="bbox 151 1656 973 1696; baseline 0 -8"><span class='ocrx_word' id='word_1_475' title='bbox 151 1672 166 1688; x_wconf 69' lang='lat'><em>«</em></span> <span class='ocrx_word' id='word_1_476' title='bbox 179 1659 222 1691; x_wconf 90' lang='lat' dir='ltr'><strong>De</strong></span> <span class='ocrx_word' id='word_1_477' title='bbox 233 1669 322 1690; x_wconf 78' lang='lat' dir='ltr'><strong>manu</strong></span> <span class='ocrx_word' id='word_1_478' title='bbox 335 1658 465 1690; x_wconf 88' lang='lat' dir='ltr'><strong>hominis</strong></span> <span class='ocrx_word' id='word_1_479' title='bbox 479 1657 577 1688; x_wconf 79' lang='lat' dir='ltr'><strong>fratris</strong></span> <span class='ocrx_word' id='word_1_480' title='bbox 599 1657 662 1696; x_wconf 79' lang='lat' dir='ltr'><strong>ejus</strong></span> <span class='ocrx_word' id='word_1_481' title='bbox 679 1656 827 1696; x_wconf 85' lang='lat' dir='ltr'><strong>requiram</strong></span> <span class='ocrx_word' id='word_1_482' title='bbox 843 1657 973 1689; x_wconf 85' lang='lat' dir='ltr'><strong>animam</strong></span> 
     </span>
    </p>
   </div>
   <div class='ocr_carea' id='block_1_69' title="bbox 1059 1656 1837 1701">
    <p class='ocr_par' dir='ltr' id='par_1_69' title="bbox 1059 1656 1837 1701">
     <span class='ocr_line' id='line_1_69' title="bbox 1059 1656 1837 1701; baseline 0.004 -15"><span class='ocrx_word' id='word_1_483' title='bbox 1059 1670 1081 1687; x_wconf 85' lang='grc' dir='ltr'><strong>τι</strong></span> <span class='ocrx_word' id='word_1_484' title='bbox 1111 1658 1141 1687; x_wconf 82' lang='grc' dir='ltr'><strong>ἂν</strong></span> <span class='ocrx_word' id='word_1_485' title='bbox 1167 1659 1287 1698; x_wconf 78' lang='grc' dir='ltr'>θέλωσιν,</span> <span class='ocrx_word' id='word_1_486' title='bbox 1317 1662 1361 1689; x_wconf 81' lang='grc' dir='ltr'>καὶ</span> <span class='ocrx_word' id='word_1_487' title='bbox 1389 1662 1448 1690; x_wconf 86' lang='grc' dir='ltr'>τότε</span> <span class='ocrx_word' id='word_1_488' title='bbox 1472 1656 1651 1700; x_wconf 77' lang='grc' dir='ltr'>ἆπαλλαγήσῃ</span> <span class='ocrx_word' id='word_1_489' title='bbox 1673 1664 1718 1689; x_wconf 76' lang='grc' dir='ltr'>τοῦ</span> <span class='ocrx_word' id='word_1_490' title='bbox 1748 1661 1837 1701; x_wconf 85' lang='grc' dir='ltr'>ἆμαρ-</span> 
     </span>
    </p>
   </div>
   <div class='ocr_carea' id='block_1_70' title="bbox 147 1701 976 1745">
    <p class='ocr_par' dir='ltr' id='par_1_70' title="bbox 147 1701 973 1745">
     <span class='ocr_line' id='line_1_70' title="bbox 147 1701 973 1745; baseline -0.004 -10"><span class='ocrx_word' id='word_1_491' title='bbox 147 1704 242 1745; x_wconf 87' lang='lat' dir='ltr'><strong>ipsius</strong></span> <span class='ocrx_word' id='word_1_492' title='bbox 271 1703 412 1734; x_wconf 90' lang='lat' dir='ltr'><strong>hominis.</strong></span> <span class='ocrx_word' id='word_1_493' title='bbox 441 1701 616 1742; x_wconf 88' lang='lat' dir='ltr'><strong>Quicunque</strong></span> <span class='ocrx_word' id='word_1_494' title='bbox 646 1701 783 1731; x_wconf 75' lang='lat' dir='ltr'><strong>effuderit</strong></span> <span class='ocrx_word' id='word_1_495' title='bbox 812 1702 973 1732; x_wconf 90' lang='lat' dir='ltr'><strong>humanum</strong></span> 
     </span>
    </p>
   </div>
   <div class='ocr_carea' id='block_1_71' title="bbox 1059 1701 1837 1745">
    <p class='ocr_par' dir='ltr' id='par_1_71' title="bbox 1059 1704 1837 1745">
     <span class='ocr_line' id='line_1_71' title="bbox 1059 1704 1837 1745; baseline 0.001 -14"><span class='ocrx_word' id='word_1_496' title='bbox 1059 1714 1145 1734; x_wconf 76' lang='grc' dir='ltr'>ιατος.</span> <span class='ocrx_word' id='word_1_497' title='bbox 1161 1705 1230 1732; x_wconf 80' lang='grc' dir='ltr'>Εἷπε</span> <span class='ocrx_word' id='word_1_498' title='bbox 1245 1705 1294 1744; x_wconf 76' lang='grc' dir='ltr'><strong>γὰρ</strong></span> <span class='ocrx_word' id='word_1_499' title='bbox 1309 1706 1324 1733; x_wconf 81' lang='grc' dir='ltr'>ὁ</span> <span class='ocrx_word' id='word_1_500' title='bbox 1338 1706 1415 1742; x_wconf 82' lang='grc' dir='ltr'>Θεὸς,</span> <span class='ocrx_word' id='word_1_501' title='bbox 1431 1705 1472 1733; x_wconf 80' lang='grc' dir='ltr'><strong>ὅτι</strong></span> <span class='ocrx_word' id='word_1_502' title='bbox 1491 1715 1503 1732; x_wconf 80' lang='grc' dir='ltr'>ι</span> <span class='ocrx_word' id='word_1_503' title='bbox 1534 1704 1583 1733; x_wconf 83' lang='grc' dir='ltr'>Ἐκ</span> <span class='ocrx_word' id='word_1_504' title='bbox 1597 1705 1687 1745; x_wconf 75' lang='grc' dir='ltr'>χειρὸς</span> <span class='ocrx_word' id='word_1_505' title='bbox 1702 1704 1837 1744; x_wconf 78' lang='grc' dir='ltr'>ἀνθρώπου</span> 
     </span>
    </p>
   </div>
   <div class='ocr_carea' id='block_1_72' title="bbox 148 1745 976 1789">
    <p class='ocr_par' dir='ltr' id='par_1_72' title="bbox 148 1745 970 1788">
     <span class='ocr_line' id='line_1_72' title="bbox 148 1745 970 1788; baseline -0.004 -8"><span class='ocrx_word' id='word_1_506' title='bbox 148 1748 334 1788; x_wconf 82' lang='lat' dir='ltr'><strong>sanguinem,</strong></span> <span class='ocrx_word' id='word_1_507' title='bbox 345 1747 486 1779; x_wconf 87' lang='lat' dir='ltr'><strong>fundetur</strong></span> <span class='ocrx_word' id='word_1_508' title='bbox 496 1747 614 1786; x_wconf 83' lang='lat' dir='ltr'><strong>sanguis</strong></span> <span class='ocrx_word' id='word_1_509' title='bbox 626 1746 708 1777; x_wconf 90' lang='lat' dir='ltr'><strong>illius</strong></span> <span class='ocrx_word' id='word_1_510' title='bbox 717 1746 772 1776; x_wconf 80' lang='lat'><strong>77‘.</strong></span> <span class='ocrx_word' id='word_1_511' title='bbox 786 1758 799 1774; x_wconf 77' lang='grc'>››</span> <span class='ocrx_word' id='word_1_512' title='bbox 812 1745 848 1776; x_wconf 88' lang='lat' dir='ltr'><strong>Et</strong></span> <span class='ocrx_word' id='word_1_513' title='bbox 858 1755 970 1778; x_wconf 86' lang='lat' dir='ltr'><strong>rursus:</strong></span> 
     </span>
    </p>
   </div>
   <div class='ocr_carea' id='block_1_73' title="bbox 1059 1745 1835 1789">
    <p class='ocr_par' dir='ltr' id='par_1_73' title="bbox 1061 1746 1835 1789">
     <span class='ocr_line' id='line_1_73' title="bbox 1061 1746 1835 1789; baseline 0.004 -14"><span class='ocrx_word' id='word_1_514' title='bbox 1061 1746 1126 1787; x_wconf 69' lang='grc' dir='ltr'>λφοῦ</span> <span class='ocrx_word' id='word_1_515' title='bbox 1154 1748 1232 1789; x_wconf 59' lang='grc' dir='ltr'>αὐτῷ</span> <span class='ocrx_word' id='word_1_516' title='bbox 1263 1749 1402 1785; x_wconf 75' lang='grc' dir='ltr'>ἐκζητήσω</span> <span class='ocrx_word' id='word_1_517' title='bbox 1430 1750 1480 1783; x_wconf 80' lang='grc' dir='ltr'>τὴν</span> <span class='ocrx_word' id='word_1_518' title='bbox 1507 1750 1599 1789; x_wconf 75' lang='grc' dir='ltr'>ψυχὴν</span> <span class='ocrx_word' id='word_1_519' title='bbox 1627 1751 1704 1778; x_wconf 71' lang='grc' dir='ltr'>αὐτοὺ</span> <span class='ocrx_word' id='word_1_520' title='bbox 1731 1747 1764 1782; x_wconf 68' lang='grc' dir='ltr'><strong>δὴ</strong></span> <span class='ocrx_word' id='word_1_521' title='bbox 1789 1754 1835 1778; x_wconf 74' lang='grc' dir='ltr'><strong>τοῦ</strong></span> 
     </span>
    </p>
   </div>
   <div class='ocr_carea' id='block_1_74' title="bbox 152 1788 976 1833">
    <p class='ocr_par' dir='ltr' id='par_1_74' title="bbox 152 1789 970 1833">
     <span class='ocr_line' id='line_1_74' title="bbox 152 1789 970 1833; baseline -0.002 -11"><span class='ocrx_word' id='word_1_522' title='bbox 152 1804 164 1822; x_wconf 75' lang='grc' dir='ltr'><strong>α</strong></span> <span class='ocrx_word' id='word_1_523' title='bbox 179 1792 292 1829; x_wconf 86' lang='lat' dir='ltr'><strong>Omuis,</strong></span> <span class='ocrx_word' id='word_1_524' title='bbox 307 1792 358 1833; x_wconf 91' lang='lat' dir='ltr'><strong>qui</strong></span> <span class='ocrx_word' id='word_1_525' title='bbox 369 1791 520 1832; x_wconf 88' lang='lat' dir='ltr'><strong>acceperit</strong></span> <span class='ocrx_word' id='word_1_526' title='bbox 530 1790 671 1829; x_wconf 79' lang='lat' dir='ltr'><strong>gladium,</strong></span> <span class='ocrx_word' id='word_1_527' title='bbox 682 1789 778 1830; x_wconf 79' lang='lat' dir='ltr'><strong>gladio</strong></span> <span class='ocrx_word' id='word_1_528' title='bbox 785 1791 893 1830; x_wconf 88' lang='lat' dir='ltr'><strong>peribit</strong></span> <span class='ocrx_word' id='word_1_529' title='bbox 902 1791 944 1821; x_wconf 72' lang='grc' dir='ltr'><strong>τε.</strong></span> <span class='ocrx_word' id='word_1_530' title='bbox 955 1801 970 1821; x_wconf 81' lang='grc'>›</span> 
     </span>
    </p>
   </div>
   <div class='ocr_carea' id='block_1_75' title="bbox 1059 1788 1836 1833">
    <p class='ocr_par' dir='ltr' id='par_1_75' title="bbox 1059 1788 1836 1833">
     <span class='ocr_line' id='line_1_75' title="bbox 1059 1788 1836 1833; baseline 0.003 -13"><span class='ocrx_word' id='word_1_531' title='bbox 1059 1792 1150 1831; x_wconf 63' lang='grc' dir='ltr'>’ρώπου</span> <span class='ocrx_word' id='word_1_532' title='bbox 1165 1799 1174 1807; x_wconf 79' lang='grc'><strong><em>⁸</em></strong></span> <span class='ocrx_word' id='word_1_533' title='bbox 1211 1788 1239 1822; x_wconf 67' lang='grc' dir='ltr'>Ὀ</span> <span class='ocrx_word' id='word_1_534' title='bbox 1271 1792 1375 1833; x_wconf 78' lang='grc' dir='ltr'>ἐκχέων</span> <span class='ocrx_word' id='word_1_535' title='bbox 1409 1795 1479 1831; x_wconf 82' lang='grc' dir='ltr'>αἷμα</span> <span class='ocrx_word' id='word_1_536' title='bbox 1515 1788 1661 1833; x_wconf 77' lang='grc' dir='ltr'>ἀνθρώπου,</span> <span class='ocrx_word' id='word_1_537' title='bbox 1698 1792 1754 1820; x_wconf 79' lang='grc' dir='ltr'>ἀντὶ</span> <span class='ocrx_word' id='word_1_538' title='bbox 1789 1797 1836 1822; x_wconf 82' lang='grc' dir='ltr'>τοῦ</span> 
     </span>
    </p>
   </div>
   <div class='ocr_carea' id='block_1_76' title="bbox 148 1833 976 1878">
    <p class='ocr_par' dir='ltr' id='par_1_76' title="bbox 148 1833 973 1878">
     <span class='ocr_line' id='line_1_76' title="bbox 148 1833 973 1878; baseline -0.004 -9"><span class='ocrx_word' id='word_1_539' title='bbox 148 1839 253 1878; x_wconf 86' lang='lat' dir='ltr'><strong>Neque</strong></span> <span class='ocrx_word' id='word_1_540' title='bbox 269 1837 347 1868; x_wconf 91' lang='lat' dir='ltr'><strong>enim</strong></span> <span class='ocrx_word' id='word_1_541' title='bbox 364 1836 510 1867; x_wconf 83' lang='lat' dir='ltr'><strong>inﬁrmior</strong></span> <span class='ocrx_word' id='word_1_542' title='bbox 526 1845 558 1866; x_wconf 92' lang='lat' dir='ltr'><strong>es</strong></span> <span class='ocrx_word' id='word_1_543' title='bbox 587 1840 616 1865; x_wconf 86' lang='lat' dir='ltr'><strong>tu</strong></span> <span class='ocrx_word' id='word_1_544' title='bbox 643 1834 731 1866; x_wconf 88' lang='lat' dir='ltr'><strong>Saule</strong></span> <span class='ocrx_word' id='word_1_545' title='bbox 757 1838 787 1865; x_wconf 91' lang='lat' dir='ltr'><strong>et</strong></span> <span class='ocrx_word' id='word_1_546' title='bbox 801 1833 973 1874; x_wconf 87' lang='lat' dir='ltr'><strong>Jephteju—</strong></span> 
     </span>
    </p>
   </div>
   <div class='ocr_carea' id='block_1_77' title="bbox 1059 1833 1833 1878">
    <p class='ocr_par' dir='ltr' id='par_1_77' title="bbox 1059 1836 1833 1878">
     <span class='ocr_line' id='line_1_77' title="bbox 1059 1836 1833 1878; baseline 0.001 -15"><span class='ocrx_word' id='word_1_547' title='bbox 1059 1847 1129 1868; x_wconf 84' lang='grc' dir='ltr'>ιατος</span> <span class='ocrx_word' id='word_1_548' title='bbox 1145 1836 1222 1866; x_wconf 70' lang='grc' dir='ltr'>αὐτοῦ</span> <span class='ocrx_word' id='word_1_549' title='bbox 1237 1838 1266 1865; x_wconf 80' lang='grc' dir='ltr'>τὸ</span> <span class='ocrx_word' id='word_1_550' title='bbox 1280 1838 1358 1866; x_wconf 73' lang='grc' dir='ltr'>αὐτοῦ</span> <span class='ocrx_word' id='word_1_551' title='bbox 1389 1837 1575 1878; x_wconf 77' lang='grc' dir='ltr'>ἐκχυθήσεται.</span> <span class='ocrx_word' id='word_1_552' title='bbox 1609 1849 1621 1866; x_wconf 76' lang='grc' dir='ltr'>ι</span> <span class='ocrx_word' id='word_1_553' title='bbox 1654 1837 1702 1866; x_wconf 83' lang='grc' dir='ltr'>Καὶ</span> <span class='ocrx_word' id='word_1_554' title='bbox 1730 1836 1809 1865; x_wconf 73' lang='grc' dir='ltr'>πάλιν</span> <span class='ocrx_word' id='word_1_555' title='bbox 1825 1846 1833 1854; x_wconf 84' lang='lat'>&#39;</span> 
     </span>
    </p>
   </div>
   <div class='ocr_carea' id='block_1_78' title="bbox 148 1879 976 1923">
    <p class='ocr_par' dir='ltr' id='par_1_78' title="bbox 148 1879 974 1923">
     <span class='ocr_line' id='line_1_78' title="bbox 148 1879 974 1923; baseline -0.004 -10"><span class='ocrx_word' id='word_1_556' title='bbox 148 1882 225 1919; x_wconf 89' lang='lat' dir='ltr'><strong>dice,</strong></span> <span class='ocrx_word' id='word_1_557' title='bbox 242 1881 293 1923; x_wconf 89' lang='lat' dir='ltr'><strong>qui</strong></span> <span class='ocrx_word' id='word_1_558' title='bbox 308 1882 374 1922; x_wconf 71' lang='lat' dir='ltr'><strong>lege</strong></span> <span class='ocrx_word' id='word_1_559' title='bbox 389 1890 490 1922; x_wconf 83' lang='lat' dir='ltr'><strong>quam,</strong></span> <span class='ocrx_word' id='word_1_560' title='bbox 507 1879 564 1920; x_wconf 88' lang='lat' dir='ltr'><strong>ipsi</strong></span> <span class='ocrx_word' id='word_1_561' title='bbox 580 1879 639 1910; x_wconf 89' lang='lat' dir='ltr'><strong>sibi</strong></span> <span class='ocrx_word' id='word_1_562' title='bbox 654 1880 880 1918; x_wconf 85' lang='lat' dir='ltr'><strong>constituerant,</strong></span> <span class='ocrx_word' id='word_1_563' title='bbox 902 1879 974 1910; x_wconf 89' lang='lat' dir='ltr'><strong>libe-</strong></span> 
     </span>
    </p>
   </div>
   <div class='ocr_carea' id='block_1_79' title="bbox 1059 1879 1833 1923">
    <p class='ocr_par' dir='ltr' id='par_1_79' title="bbox 1059 1879 1833 1921">
     <span class='ocr_line' id='line_1_79' title="bbox 1059 1879 1833 1921; baseline 0.001 -13"><span class='ocrx_word' id='word_1_564' title='bbox 1059 1883 1101 1912; x_wconf 85' lang='grc' dir='ltr'>Ιᾶς</span> <span class='ocrx_word' id='word_1_565' title='bbox 1117 1882 1131 1908; x_wconf 86' lang='grc' dir='ltr'><strong>ὁ</strong></span> <span class='ocrx_word' id='word_1_566' title='bbox 1145 1879 1233 1909; x_wconf 80' lang='grc' dir='ltr'>λαϐὼν</span> <span class='ocrx_word' id='word_1_567' title='bbox 1257 1882 1402 1921; x_wconf 80' lang='grc' dir='ltr'>μάχαιραν,</span> <span class='ocrx_word' id='word_1_568' title='bbox 1429 1882 1456 1909; x_wconf 81' lang='grc' dir='ltr'><strong>ἐν</strong></span> <span class='ocrx_word' id='word_1_569' title='bbox 1484 1882 1604 1921; x_wconf 75' lang='grc' dir='ltr'>μαχαίρᾳ</span> <span class='ocrx_word' id='word_1_570' title='bbox 1618 1881 1800 1910; x_wconf 69' lang='grc' dir='ltr'>ἀποθανεῖται.</span> <span class='ocrx_word' id='word_1_571' title='bbox 1820 1891 1833 1909; x_wconf 72' lang='grc' dir='ltr'>ι</span> 
     </span>
    </p>
   </div>
   <div class='ocr_carea' id='block_1_80' title="bbox 147 1924 976 1966">
    <p class='ocr_par' dir='ltr' id='par_1_80' title="bbox 147 1924 974 1964">
     <span class='ocr_line' id='line_1_80' title="bbox 147 1924 974 1964; baseline -0.004 -6"><span class='ocrx_word' id='word_1_572' title='bbox 147 1936 198 1958; x_wconf 88' lang='lat' dir='ltr'><strong>ros</strong></span> <span class='ocrx_word' id='word_1_573' title='bbox 214 1936 283 1958; x_wconf 92' lang='lat' dir='ltr'><strong>suos</strong></span> <span class='ocrx_word' id='word_1_574' title='bbox 297 1925 385 1957; x_wconf 85' lang='lat' dir='ltr'><strong>morti</strong></span> <span class='ocrx_word' id='word_1_575' title='bbox 400 1925 600 1956; x_wconf 81' lang='lat' dir='ltr'><strong>tradiderunt.</strong></span> <span class='ocrx_word' id='word_1_576' title='bbox 617 1924 784 1964; x_wconf 76' lang='lat' dir='ltr'><strong>Respondit</strong></span> <span class='ocrx_word' id='word_1_577' title='bbox 804 1924 855 1955; x_wconf 88' lang='lat' dir='ltr'><strong>illa</strong></span> <span class='ocrx_word' id='word_1_578' title='bbox 873 1933 881 1956; x_wconf 88' lang='lat'>:</span> <span class='ocrx_word' id='word_1_579' title='bbox 907 1925 974 1956; x_wconf 91' lang='lat' dir='ltr'><strong>Non</strong></span> 
     </span>
    </p>
   </div>
   <div class='ocr_carea' id='block_1_81' title="bbox 1059 1924 1836 1966">
    <p class='ocr_par' dir='ltr' id='par_1_81' title="bbox 1065 1924 1836 1966">
     <span class='ocr_line' id='line_1_81' title="bbox 1065 1924 1836 1966; baseline 0.001 -14"><span class='ocrx_word' id='word_1_580' title='bbox 1065 1925 1114 1964; x_wconf 76' lang='grc' dir='ltr'><strong>γὰρ</strong></span> <span class='ocrx_word' id='word_1_581' title='bbox 1137 1925 1165 1953; x_wconf 80' lang='grc' dir='ltr'>εἴ</span> <span class='ocrx_word' id='word_1_582' title='bbox 1193 1926 1224 1953; x_wconf 78' lang='grc' dir='ltr'>σὺ</span> <span class='ocrx_word' id='word_1_583' title='bbox 1251 1925 1405 1966; x_wconf 84' lang='grc' dir='ltr'>ἆσθενεσέρα</span> <span class='ocrx_word' id='word_1_584' title='bbox 1430 1925 1518 1954; x_wconf 78' lang='grc' dir='ltr'>Σαοὺλ</span> <span class='ocrx_word' id='word_1_585' title='bbox 1543 1929 1589 1954; x_wconf 77' lang='grc' dir='ltr'>τοῦ</span> <span class='ocrx_word' id='word_1_586' title='bbox 1622 1924 1764 1965; x_wconf 73' lang='grc' dir='ltr'>βασιλέως,</span> <span class='ocrx_word' id='word_1_587' title='bbox 1793 1925 1836 1953; x_wconf 82' lang='grc' dir='ltr'>καὶ</span> 
     </span>
    </p>
   </div>
   <div class='ocr_carea' id='block_1_82' title="bbox 149 1968 976 2013">
    <p class='ocr_par' dir='ltr' id='par_1_82' title="bbox 149 1968 973 2013">
     <span class='ocr_line' id='line_1_82' title="bbox 149 1968 973 2013; baseline -0.004 -11"><span class='ocrx_word' id='word_1_588' title='bbox 149 1981 272 2013; x_wconf 91' lang='lat' dir='ltr'><strong>possum</strong></span> <span class='ocrx_word' id='word_1_589' title='bbox 288 1972 344 2002; x_wconf 91' lang='lat' dir='ltr'><strong>hoc</strong></span> <span class='ocrx_word' id='word_1_590' title='bbox 373 1971 482 2009; x_wconf 78' lang='lat' dir='ltr'><strong>facere,</strong></span> <span class='ocrx_word' id='word_1_591' title='bbox 510 1969 599 2000; x_wconf 90' lang='lat' dir='ltr'><strong>timeo</strong></span> <span class='ocrx_word' id='word_1_592' title='bbox 624 1968 716 2008; x_wconf 89' lang='lat' dir='ltr'><strong>enim,</strong></span> <span class='ocrx_word' id='word_1_593' title='bbox 741 1978 779 2000; x_wconf 91' lang='lat' dir='ltr'><strong>ne</strong></span> <span class='ocrx_word' id='word_1_594' title='bbox 793 1968 876 2000; x_wconf 89' lang='lat' dir='ltr'><strong>illum</strong></span> <span class='ocrx_word' id='word_1_595' title='bbox 892 1969 973 2000; x_wconf 88' lang='lat' dir='ltr'><strong>occi-</strong></span> 
     </span>
    </p>
   </div>
   <div class='ocr_carea' id='block_1_83' title="bbox 1059 1968 1838 2013">
    <p class='ocr_par' dir='ltr' id='par_1_83' title="bbox 1059 1969 1838 2010">
     <span class='ocr_line' id='line_1_83' title="bbox 1059 1969 1838 2010; baseline -0.001 -13"><span class='ocrx_word' id='word_1_596' title='bbox 1059 1985 1060 1993; x_wconf 64' lang='grc' dir='ltr'><strong>ι</strong></span> <span class='ocrx_word' id='word_1_597' title='bbox 1094 1975 1184 2009; x_wconf 80' lang='grc' dir='ltr'>κριτοῦ</span> <span class='ocrx_word' id='word_1_598' title='bbox 1213 1969 1323 2010; x_wconf 70' lang='grc' dir='ltr'>Ἰεφθάε,</span> <span class='ocrx_word' id='word_1_599' title='bbox 1360 1970 1458 2003; x_wconf 69' lang='grc' dir='ltr'>οἵτινες</span> <span class='ocrx_word' id='word_1_600' title='bbox 1486 1969 1519 1998; x_wconf 79' lang='grc' dir='ltr'>δι’</span> <span class='ocrx_word' id='word_1_601' title='bbox 1545 1970 1641 1998; x_wconf 79' lang='grc' dir='ltr'>οἰκείαν</span> <span class='ocrx_word' id='word_1_602' title='bbox 1668 1969 1777 2003; x_wconf 81' lang='grc' dir='ltr'>ἐντολὴν</span> <span class='ocrx_word' id='word_1_603' title='bbox 1805 1970 1838 1999; x_wconf 70' lang='grc' dir='ltr'><strong>τὰ</strong></span> 
     </span>
    </p>
   </div>
   <div class='ocr_carea' id='block_1_84' title="bbox 150 2009 1836 2055">
    <p class='ocr_par' dir='ltr' id='par_1_84' title="bbox 150 2009 1836 2055">
     <span class='ocr_line' id='line_1_84' title="bbox 150 2009 1836 2055; baseline 0 -14"><span class='ocrx_word' id='word_1_604' title='bbox 150 2009 232 2048; x_wconf 61' lang='lat' dir='ltr'><strong>aaut,</strong></span> <span class='ocrx_word' id='word_1_605' title='bbox 1015 2012 1071 2041; x_wconf 63' lang='grc' dir='ltr'>ἴδια</span> <span class='ocrx_word' id='word_1_606' title='bbox 1085 2013 1164 2042; x_wconf 77' lang='grc' dir='ltr'>τέκνα</span> <span class='ocrx_word' id='word_1_607' title='bbox 1179 2015 1215 2046; x_wconf 83' lang='grc' dir='ltr'><strong>εἰς</strong></span> <span class='ocrx_word' id='word_1_608' title='bbox 1237 2009 1348 2044; x_wconf 76' lang='grc' dir='ltr'>θᾶνατον</span> <span class='ocrx_word' id='word_1_609' title='bbox 1371 2014 1536 2055; x_wconf 57' lang='grc' dir='ltr'>προῦδωκαν.</span> <span class='ocrx_word' id='word_1_610' title='bbox 1569 2009 1600 2042; x_wconf 61' lang='grc' dir='ltr'><strong>Ἠ</strong></span> <span class='ocrx_word' id='word_1_611' title='bbox 1629 2012 1656 2042; x_wconf 76' lang='grc' dir='ltr'><strong>δὲ</strong></span> <span class='ocrx_word' id='word_1_612' title='bbox 1684 2013 1811 2054; x_wconf 75' lang='grc' dir='ltr'>ἀπεκρίθη</span> <span class='ocrx_word' id='word_1_613' title='bbox 1828 2020 1836 2029; x_wconf 76' lang='grc'><strong><em>⁸</em></strong></span> 
     </span>
    </p>
   </div>
   <div class='ocr_carea' id='block_1_85' title="bbox 1017 2057 1838 2099">
    <p class='ocr_par' dir='ltr' id='par_1_85' title="bbox 1017 2057 1838 2099">
     <span class='ocr_line' id='line_1_85' title="bbox 1017 2057 1838 2099; baseline 0.001 -14"><span class='ocrx_word' id='word_1_614' title='bbox 1017 2057 1053 2086; x_wconf 75' lang='grc' dir='ltr'>Οὔ</span> <span class='ocrx_word' id='word_1_615' title='bbox 1068 2057 1177 2096; x_wconf 81' lang='grc' dir='ltr'>δύναμαι</span> <span class='ocrx_word' id='word_1_616' title='bbox 1205 2062 1282 2087; x_wconf 81' lang='grc' dir='ltr'>τοῦτο</span> <span class='ocrx_word' id='word_1_617' title='bbox 1309 2062 1420 2094; x_wconf 78' lang='grc' dir='ltr'>ποιῆσαι</span> <span class='ocrx_word' id='word_1_618' title='bbox 1435 2069 1443 2077; x_wconf 68' lang='grc' dir='ltr'><strong>ν</strong></span> <span class='ocrx_word' id='word_1_619' title='bbox 1472 2057 1602 2099; x_wconf 69' lang='grc' dir='ltr'>φοϐοῦμαι</span> <span class='ocrx_word' id='word_1_620' title='bbox 1630 2059 1689 2098; x_wconf 82' lang='grc' dir='ltr'>γὰρ,</span> <span class='ocrx_word' id='word_1_621' title='bbox 1715 2059 1753 2097; x_wconf 87' lang='grc' dir='ltr'><strong>μή</strong></span> <span class='ocrx_word' id='word_1_622' title='bbox 1781 2069 1838 2091; x_wconf 84' lang='grc' dir='ltr'><strong>πως</strong></span> 
     </span>
    </p>
   </div>
   <div class='ocr_carea' id='block_1_86' title="bbox 1016 2099 1297 2136">
    <p class='ocr_par' dir='ltr' id='par_1_86' title="bbox 1016 2099 1297 2136">
     <span class='ocr_line' id='line_1_86' title="bbox 1016 2099 1297 2136; baseline 0.004 -5"><span class='ocrx_word' id='word_1_623' title='bbox 1016 2103 1095 2131; x_wconf 69' lang='grc' dir='ltr'>αὑτὸν</span> <span class='ocrx_word' id='word_1_624' title='bbox 1109 2099 1284 2132; x_wconf 77' lang='grc' dir='ltr'>ἀωοκτείνωσι</span> <span class='ocrx_word' id='word_1_625' title='bbox 1290 2128 1297 2136; x_wconf 89' lang='grc'><strong>,</strong></span> 
     </span>
    </p>
   </div>
   <div class='ocr_carea' id='block_1_87' title="bbox 1056 2141 1839 2190">
    <p class='ocr_par' dir='ltr' id='par_1_87' title="bbox 1056 2141 1839 2190">
     <span class='ocr_line' id='line_1_87' title="bbox 1056 2141 1839 2190; baseline 0.001 -15"><span class='ocrx_word' id='word_1_626' title='bbox 1056 2141 1115 2178; x_wconf 75' lang='grc' dir='ltr'>πα’.</span> <span class='ocrx_word' id='word_1_627' title='bbox 1141 2148 1206 2176; x_wconf 80' lang='grc' dir='ltr'>Τότε</span> <span class='ocrx_word' id='word_1_628' title='bbox 1231 2149 1245 2176; x_wconf 82' lang='grc' dir='ltr'><strong>ὁ</strong></span> <span class='ocrx_word' id='word_1_629' title='bbox 1274 2149 1402 2190; x_wconf 77' lang='grc' dir='ltr'>μακάριος</span> <span class='ocrx_word' id='word_1_630' title='bbox 1431 2148 1512 2185; x_wconf 77' lang='grc' dir='ltr'>ζήλου</span> <span class='ocrx_word' id='word_1_631' title='bbox 1542 2152 1608 2178; x_wconf 79' lang='grc' dir='ltr'>Θεοῦ</span> <span class='ocrx_word' id='word_1_632' title='bbox 1637 2148 1761 2182; x_wconf 83' lang='grc' dir='ltr'>πλησθεὶς</span> <span class='ocrx_word' id='word_1_633' title='bbox 1775 2147 1839 2176; x_wconf 81' lang='grc' dir='ltr'>ἀπε-</span> 
     </span>
    </p>
   </div>
   <div class='ocr_carea' id='block_1_88' title="bbox 1016 2191 1839 2233">
    <p class='ocr_par' dir='ltr' id='par_1_88' title="bbox 1016 2191 1839 2233">
     <span class='ocr_line' id='line_1_88' title="bbox 1016 2191 1839 2233; baseline 0.001 -14"><span class='ocrx_word' id='word_1_634' title='bbox 1016 2192 1132 2231; x_wconf 75' lang='grc' dir='ltr'>κρίνατο.</span> <span class='ocrx_word' id='word_1_635' title='bbox 1148 2191 1212 2221; x_wconf 81' lang='grc' dir='ltr'>Τύδε</span> <span class='ocrx_word' id='word_1_636' title='bbox 1225 2192 1298 2232; x_wconf 80' lang='grc' dir='ltr'>λὲγτι</span> <span class='ocrx_word' id='word_1_637' title='bbox 1328 2195 1358 2222; x_wconf 81' lang='grc' dir='ltr'><strong>τὸ</strong></span> <span class='ocrx_word' id='word_1_638' title='bbox 1387 2197 1492 2232; x_wconf 80' lang='grc' dir='ltr'>Πνεῦμα</span> <span class='ocrx_word' id='word_1_639' title='bbox 1518 2194 1548 2222; x_wconf 80' lang='grc' dir='ltr'><strong>τὸ</strong></span> <span class='ocrx_word' id='word_1_640' title='bbox 1577 2193 1651 2233; x_wconf 69' lang='grc' dir='ltr'>ἅγιον</span> <span class='ocrx_word' id='word_1_641' title='bbox 1669 2203 1677 2210; x_wconf 75' lang='grc'><strong><em>⁸</em></strong></span> <span class='ocrx_word' id='word_1_642' title='bbox 1706 2194 1741 2222; x_wconf 83' lang='grc' dir='ltr'><strong>Τὸ</strong></span> <span class='ocrx_word' id='word_1_643' title='bbox 1770 2194 1839 2230; x_wconf 80' lang='grc' dir='ltr'>αἷμα</span> 
     </span>
    </p>
   </div>
   <div class='ocr_carea' id='block_1_89' title="bbox 191 2145 971 2187">
    <p class='ocr_par' dir='ltr' id='par_1_89' title="bbox 191 2145 971 2187">
     <span class='ocr_line' id='line_1_89' title="bbox 191 2145 971 2187; baseline -0.005 -5"><span class='ocrx_word' id='word_1_644' title='bbox 191 2151 242 2183; x_wconf 89' lang='grc'><strong>81.</strong></span> <span class='ocrx_word' id='word_1_645' title='bbox 257 2149 342 2181; x_wconf 92' lang='lat' dir='ltr'><strong>Tunc</strong></span> <span class='ocrx_word' id='word_1_646' title='bbox 365 2149 409 2180; x_wconf 92' lang='lat' dir='ltr'><strong>vir</strong></span> <span class='ocrx_word' id='word_1_647' title='bbox 431 2152 551 2180; x_wconf 88' lang='lat' dir='ltr'><strong>sanctus</strong></span> <span class='ocrx_word' id='word_1_648' title='bbox 580 2146 643 2178; x_wconf 90' lang='lat' dir='ltr'><strong>zelo</strong></span> <span class='ocrx_word' id='word_1_649' title='bbox 672 2145 726 2178; x_wconf 91' lang='lat' dir='ltr'><strong>Dei</strong></span> <span class='ocrx_word' id='word_1_650' title='bbox 754 2146 884 2187; x_wconf 89' lang='lat' dir='ltr'><strong>repletus</strong></span> <span class='ocrx_word' id='word_1_651' title='bbox 907 2146 971 2178; x_wconf 88' lang='lat' dir='ltr'><strong>ait:</strong></span> 
     </span>
    </p>
   </div>
   <div class='ocr_carea' id='block_1_90' title="bbox 151 2190 974 2235">
    <p class='ocr_par' dir='ltr' id='par_1_90' title="bbox 151 2190 974 2235">
     <span class='ocr_line' id='line_1_90' title="bbox 151 2190 974 2235; baseline -0.007 -8"><span class='ocrx_word' id='word_1_652' title='bbox 151 2195 219 2227; x_wconf 57' lang='lat' dir='ltr'><strong>Hac</strong></span> <span class='ocrx_word' id='word_1_653' title='bbox 234 2195 307 2227; x_wconf 90' lang='lat' dir='ltr'><strong>dicit</strong></span> <span class='ocrx_word' id='word_1_654' title='bbox 318 2193 445 2235; x_wconf 89' lang='lat' dir='ltr'><strong>Spiritus</strong></span> <span class='ocrx_word' id='word_1_655' title='bbox 454 2197 584 2224; x_wconf 83' lang='lat' dir='ltr'><strong>sanctus.</strong></span> <span class='ocrx_word' id='word_1_656' title='bbox 597 2191 665 2222; x_wconf 90' lang='lat' dir='ltr'><strong>Filii</strong></span> <span class='ocrx_word' id='word_1_657' title='bbox 687 2190 733 2222; x_wconf 61' lang='lat' dir='ltr'><strong>tui&#39;</strong></span> <span class='ocrx_word' id='word_1_658' title='bbox 743 2191 862 2231; x_wconf 85' lang='lat' dir='ltr'><strong>sanguis</strong></span> <span class='ocrx_word' id='word_1_659' title='bbox 877 2191 974 2222; x_wconf 72' lang='lat' dir='ltr'><strong>eliun-</strong></span> 
     </span>
    </p>
   </div>
   <div class='ocr_carea' id='block_1_91' title="bbox 151 2235 976 2280">
    <p class='ocr_par' dir='ltr' id='par_1_91' title="bbox 151 2235 975 2280">
     <span class='ocr_line' id='line_1_91' title="bbox 151 2235 975 2280; baseline -0.006 -8"><span class='ocrx_word' id='word_1_660' title='bbox 151 2240 238 2272; x_wconf 91' lang='lat' dir='ltr'><strong>detur</strong></span> <span class='ocrx_word' id='word_1_661' title='bbox 254 2249 306 2280; x_wconf 89' lang='lat' dir='ltr'><strong>pro</strong></span> <span class='ocrx_word' id='word_1_662' title='bbox 321 2239 476 2278; x_wconf 82' lang='lat' dir='ltr'><strong>sanguine,</strong></span> <span class='ocrx_word' id='word_1_663' title='bbox 503 2246 591 2278; x_wconf 91' lang='lat' dir='ltr'><strong>quem</strong></span> <span class='ocrx_word' id='word_1_664' title='bbox 621 2240 651 2266; x_wconf 91' lang='lat' dir='ltr'><strong>tu</strong></span> <span class='ocrx_word' id='word_1_665' title='bbox 679 2236 789 2276; x_wconf 82' lang='lat' dir='ltr'><strong>injuste</strong></span> <span class='ocrx_word' id='word_1_666' title='bbox 804 2235 932 2266; x_wconf 84' lang='lat' dir='ltr'><strong>ell&#39;udisti</strong></span> <span class='ocrx_word' id='word_1_667' title='bbox 947 2240 975 2267; x_wconf 89' lang='lat' dir='ltr'><strong>et</strong></span> 
     </span>
    </p>
   </div>
   <div class='ocr_carea' id='block_1_92' title="bbox 1059 2235 1840 2280">
    <p class='ocr_par' dir='ltr' id='par_1_92' title="bbox 1059 2238 1840 2278">
     <span class='ocr_line' id='line_1_92' title="bbox 1059 2238 1840 2278; baseline -0.001 -13"><span class='ocrx_word' id='word_1_668' title='bbox 1059 2250 1062 2262; x_wconf 73' lang='grc' dir='ltr'><strong>ι</strong></span> <span class='ocrx_word' id='word_1_669' title='bbox 1094 2238 1149 2265; x_wconf 83' lang='grc' dir='ltr'>υἱοῦ</span> <span class='ocrx_word' id='word_1_670' title='bbox 1186 2248 1232 2266; x_wconf 85' lang='grc' dir='ltr'><strong>σου</strong></span> <span class='ocrx_word' id='word_1_671' title='bbox 1269 2238 1444 2278; x_wconf 74' lang='grc' dir='ltr'>ἐγχυθήσεται</span> <span class='ocrx_word' id='word_1_672' title='bbox 1477 2239 1534 2266; x_wconf 79' lang='grc' dir='ltr'>ἀντὶ</span> <span class='ocrx_word' id='word_1_673' title='bbox 1569 2242 1615 2266; x_wconf 75' lang='grc' dir='ltr'>τοῦ</span> <span class='ocrx_word' id='word_1_674' title='bbox 1652 2238 1778 2276; x_wconf 58' lang='grc' dir='ltr'>αῗματος,</span> <span class='ocrx_word' id='word_1_675' title='bbox 1811 2238 1840 2264; x_wconf 77' lang='grc' dir='ltr'><strong>οὗ</strong></span> 
     </span>
    </p>
   </div>
   <div class='ocr_carea' id='block_1_93' title="bbox 151 2280 976 2325">
    <p class='ocr_par' dir='ltr' id='par_1_93' title="bbox 151 2280 975 2325">
     <span class='ocr_line' id='line_1_93' title="bbox 151 2280 975 2325; baseline -0.006 -9"><span class='ocrx_word' id='word_1_676' title='bbox 151 2289 303 2325; x_wconf 86' lang='lat' dir='ltr'><strong>peccatum</strong></span> <span class='ocrx_word' id='word_1_677' title='bbox 320 2285 376 2315; x_wconf 92' lang='lat' dir='ltr'><strong>hoc</strong></span> <span class='ocrx_word' id='word_1_678' title='bbox 391 2284 429 2315; x_wconf 88' lang='lat' dir='ltr'><strong>de</strong></span> <span class='ocrx_word' id='word_1_679' title='bbox 444 2284 532 2315; x_wconf 92' lang='lat' dir='ltr'><strong>domo</strong></span> <span class='ocrx_word' id='word_1_680' title='bbox 549 2286 598 2313; x_wconf 93' lang='lat' dir='ltr'><strong>tua</strong></span> <span class='ocrx_word' id='word_1_681' title='bbox 627 2291 687 2312; x_wconf 90' lang='lat' dir='ltr'><strong>non</strong></span> <span class='ocrx_word' id='word_1_682' title='bbox 716 2280 867 2312; x_wconf 89' lang='lat' dir='ltr'><strong>delebitur</strong></span> <span class='ocrx_word' id='word_1_683' title='bbox 881 2290 975 2321; x_wconf 89' lang='lat' dir='ltr'><strong>usque</strong></span> 
     </span>
    </p>
   </div>
   <div class='ocr_carea' id='block_1_94' title="bbox 1059 2280 1840 2325">
    <p class='ocr_par' dir='ltr' id='par_1_94' title="bbox 1059 2281 1840 2325">
     <span class='ocr_line' id='line_1_94' title="bbox 1059 2281 1840 2325; baseline 0.001 -16"><span class='ocrx_word' id='word_1_684' title='bbox 1059 2282 1111 2314; x_wconf 79' lang='grc' dir='ltr'>κώς</span> <span class='ocrx_word' id='word_1_685' title='bbox 1146 2281 1254 2322; x_wconf 74' lang='grc' dir='ltr'>ἐξέχεας</span> <span class='ocrx_word' id='word_1_686' title='bbox 1272 2292 1279 2299; x_wconf 91' lang='grc'><strong>·</strong></span> <span class='ocrx_word' id='word_1_687' title='bbox 1310 2285 1354 2312; x_wconf 84' lang='grc' dir='ltr'>καὶ</span> <span class='ocrx_word' id='word_1_688' title='bbox 1380 2285 1398 2318; x_wconf 78' lang='grc' dir='ltr'>ἡ</span> <span class='ocrx_word' id='word_1_689' title='bbox 1427 2284 1540 2323; x_wconf 79' lang='grc' dir='ltr'>ἁμαρτία</span> <span class='ocrx_word' id='word_1_690' title='bbox 1568 2283 1634 2317; x_wconf 67' lang='grc' dir='ltr'>αὕτη</span> <span class='ocrx_word' id='word_1_691' title='bbox 1662 2283 1710 2311; x_wconf 70' lang='grc' dir='ltr'>οὒκ</span> <span class='ocrx_word' id='word_1_692' title='bbox 1720 2282 1840 2325; x_wconf 35' lang='grc' dir='ltr'>’,ἐξαλει-</span> 
     </span>
    </p>
   </div>
   <div class='ocr_carea' id='block_1_95' title="bbox 149 2316 976 2368">
    <p class='ocr_par' dir='ltr' id='par_1_95' title="bbox 149 2316 976 2368">
     <span class='ocr_line' id='line_1_95' title="bbox 149 2316 976 2368; baseline -0.006 -7"><span class='ocrx_word' id='word_1_693' title='bbox 149 2316 180 2361; x_wconf 89' lang='lat' dir='ltr'><strong>in</strong></span> <span class='ocrx_word' id='word_1_694' title='bbox 197 2330 350 2361; x_wconf 62' lang='lat' dir='ltr'><strong>saeculum.</strong></span> <span class='ocrx_word' id='word_1_695' title='bbox 368 2327 516 2368; x_wconf 79' lang='lat' dir='ltr'><strong>Regnabit</strong></span> <span class='ocrx_word' id='word_1_696' title='bbox 530 2331 628 2358; x_wconf 91' lang='lat' dir='ltr'><strong>autem</strong></span> <span class='ocrx_word' id='word_1_697' title='bbox 641 2325 740 2356; x_wconf 88' lang='lat' dir='ltr'><strong>nullus</strong></span> <span class='ocrx_word' id='word_1_698' title='bbox 751 2325 788 2356; x_wconf 91' lang='lat' dir='ltr'><strong>de</strong></span> <span class='ocrx_word' id='word_1_699' title='bbox 798 2329 848 2357; x_wconf 85' lang='lat' dir='ltr'><strong>tuo</strong></span> <span class='ocrx_word' id='word_1_700' title='bbox 861 2316 976 2356; x_wconf 79' lang='lat' dir='ltr'><strong>semine</strong></span> 
     </span>
    </p>
   </div>
   <div class='ocr_carea' id='block_1_96' title="bbox 1059 2316 1841 2368">
    <p class='ocr_par' dir='ltr' id='par_1_96' title="bbox 1059 2316 1841 2367">
     <span class='ocr_line' id='line_1_96' title="bbox 1059 2316 1841 2367; baseline -0.001 -13"><span class='ocrx_word' id='word_1_701' title='bbox 1059 2327 1143 2361; x_wconf 56' lang='grc' dir='ltr'>ᾅσεται</span> <span class='ocrx_word' id='word_1_702' title='bbox 1168 2327 1198 2356; x_wconf 84' lang='grc' dir='ltr'><strong>ἐκ</strong></span> <span class='ocrx_word' id='word_1_703' title='bbox 1231 2331 1277 2356; x_wconf 77' lang='grc' dir='ltr'>τοῦ</span> <span class='ocrx_word' id='word_1_704' title='bbox 1312 2329 1389 2358; x_wconf 73' lang='grc' dir='ltr'>οἴκου</span> <span class='ocrx_word' id='word_1_705' title='bbox 1425 2316 1489 2357; x_wconf 50' lang='grc' dir='ltr'>σου.</span> <span class='ocrx_word' id='word_1_706' title='bbox 1506 2328 1556 2360; x_wconf 78' lang='grc' dir='ltr'>ἕως</span> <span class='ocrx_word' id='word_1_707' title='bbox 1585 2329 1690 2359; x_wconf 71' lang='grc' dir='ltr'>αἰῶνος.</span> <span class='ocrx_word' id='word_1_708' title='bbox 1720 2316 1803 2367; x_wconf 53' lang='lat' dir='ltr'><strong>&quot;Apin</strong></span> <span class='ocrx_word' id='word_1_709' title='bbox 1818 2325 1841 2354; x_wconf 82' lang='grc' dir='ltr'><strong>δ’</strong></span> 
     </span>
    </p>
   </div>
   <div class='ocr_carea' id='block_1_97' title="bbox 150 2370 976 2414">
    <p class='ocr_par' dir='ltr' id='par_1_97' title="bbox 150 2370 976 2414">
     <span class='ocr_line' id='line_1_97' title="bbox 150 2370 976 2414; baseline -0.006 -9"><span class='ocrx_word' id='word_1_710' title='bbox 150 2374 181 2404; x_wconf 91' lang='lat' dir='ltr'><strong>in</strong></span> <span class='ocrx_word' id='word_1_711' title='bbox 197 2375 251 2405; x_wconf 90' lang='lat' dir='ltr'><strong>hac</strong></span> <span class='ocrx_word' id='word_1_712' title='bbox 266 2373 352 2414; x_wconf 88' lang='lat' dir='ltr'><strong>urbe,</strong></span> <span class='ocrx_word' id='word_1_713' title='bbox 365 2373 417 2404; x_wconf 89' lang='lat' dir='ltr'><strong>sed</strong></span> <span class='ocrx_word' id='word_1_714' title='bbox 431 2372 602 2413; x_wconf 85' lang='lat' dir='ltr'><strong>expelletur</strong></span> <span class='ocrx_word' id='word_1_715' title='bbox 612 2375 642 2402; x_wconf 91' lang='lat' dir='ltr'><strong>et</strong></span> <span class='ocrx_word' id='word_1_716' title='bbox 655 2370 830 2402; x_wconf 89' lang='lat' dir='ltr'><strong>succumbet</strong></span> <span class='ocrx_word' id='word_1_717' title='bbox 845 2370 976 2401; x_wconf 83' lang='lat' dir='ltr'><strong>inimicis</strong></span> 
     </span>
    </p>
   </div>
   <div class='ocr_carea' id='block_1_98' title="bbox 1059 2370 1840 2414">
    <p class='ocr_par' dir='ltr' id='par_1_98' title="bbox 1059 2371 1840 2413">
     <span class='ocr_line' id='line_1_98' title="bbox 1059 2371 1840 2413; baseline 0 -14"><span class='ocrx_word' id='word_1_718' title='bbox 1059 2371 1101 2403; x_wconf 78' lang='grc' dir='ltr'>ἱεὶς</span> <span class='ocrx_word' id='word_1_719' title='bbox 1118 2373 1171 2400; x_wconf 85' lang='grc' dir='ltr'><strong>απὸ</strong></span> <span class='ocrx_word' id='word_1_720' title='bbox 1186 2377 1233 2402; x_wconf 80' lang='grc' dir='ltr'>τοῦ</span> <span class='ocrx_word' id='word_1_721' title='bbox 1261 2377 1308 2402; x_wconf 82' lang='grc' dir='ltr'>σοῦ</span> <span class='ocrx_word' id='word_1_722' title='bbox 1338 2374 1488 2413; x_wconf 79' lang='grc' dir='ltr'>σπέρματος</span> <span class='ocrx_word' id='word_1_723' title='bbox 1518 2373 1544 2401; x_wconf 89' lang='grc' dir='ltr'><strong>ἐν</strong></span> <span class='ocrx_word' id='word_1_724' title='bbox 1572 2373 1655 2411; x_wconf 77' lang='grc' dir='ltr'>ταύτῃ</span> <span class='ocrx_word' id='word_1_725' title='bbox 1682 2375 1717 2410; x_wconf 81' lang='grc' dir='ltr'><strong>τῇ</strong></span> <span class='ocrx_word' id='word_1_726' title='bbox 1741 2371 1816 2400; x_wconf 81' lang='grc' dir='ltr'>πόλει</span> <span class='ocrx_word' id='word_1_727' title='bbox 1833 2378 1840 2386; x_wconf 88' lang='grc'><strong><em>⁸</em></strong></span> 
     </span>
    </p>
   </div>
   <div class='ocr_carea' id='block_1_99' title="bbox 150 2414 976 2458">
    <p class='ocr_par' dir='ltr' id='par_1_99' title="bbox 150 2414 976 2458">
     <span class='ocr_line' id='line_1_99' title="bbox 150 2414 976 2458; baseline -0.005 -9"><span class='ocrx_word' id='word_1_728' title='bbox 150 2418 225 2450; x_wconf 87' lang='lat' dir='ltr'><strong>suis:</strong></span> <span class='ocrx_word' id='word_1_729' title='bbox 253 2417 394 2458; x_wconf 91' lang='lat' dir='ltr'><strong>quoniam</strong></span> <span class='ocrx_word' id='word_1_730' title='bbox 406 2416 536 2458; x_wconf 85' lang='lat' dir='ltr'><strong>potentia</strong></span> <span class='ocrx_word' id='word_1_731' title='bbox 547 2420 596 2447; x_wconf 91' lang='lat' dir='ltr'><strong>tua</strong></span> <span class='ocrx_word' id='word_1_732' title='bbox 608 2415 719 2446; x_wconf 85' lang='lat' dir='ltr'><strong>conlisa</strong></span> <span class='ocrx_word' id='word_1_733' title='bbox 730 2424 773 2452; x_wconf 92' lang='lat' dir='ltr'><strong>es,</strong></span> <span class='ocrx_word' id='word_1_734' title='bbox 795 2424 851 2446; x_wconf 92' lang='lat' dir='ltr'><strong>nec</strong></span> <span class='ocrx_word' id='word_1_735' title='bbox 867 2414 976 2446; x_wconf 87' lang='lat' dir='ltr'><strong>didici-</strong></span> 
     </span>
    </p>
   </div>
   <div class='ocr_carea' id='block_1_100' title="bbox 1059 2414 1841 2458">
    <p class='ocr_par' dir='ltr' id='par_1_100' title="bbox 1059 2414 1841 2456">
     <span class='ocr_line' id='line_1_100' title="bbox 1059 2414 1841 2456; baseline 0 -13"><span class='ocrx_word' id='word_1_736' title='bbox 1059 2414 1077 2443; x_wconf 56' lang='grc' dir='ltr'><strong>λ’</strong></span> <span class='ocrx_word' id='word_1_737' title='bbox 1112 2415 1184 2444; x_wconf 79' lang='grc' dir='ltr'>ἔσται</span> <span class='ocrx_word' id='word_1_738' title='bbox 1221 2417 1404 2456; x_wconf 80' lang='grc' dir='ltr'>ἐκδιοκόμενον</span> <span class='ocrx_word' id='word_1_739' title='bbox 1448 2419 1491 2447; x_wconf 70' lang='grc' dir='ltr'>καὶ</span> <span class='ocrx_word' id='word_1_740' title='bbox 1526 2418 1671 2454; x_wconf 82' lang='grc' dir='ltr'>νικώμενον</span> <span class='ocrx_word' id='word_1_741' title='bbox 1705 2417 1756 2445; x_wconf 76' lang='grc' dir='ltr'>ἀπὸ</span> <span class='ocrx_word' id='word_1_742' title='bbox 1789 2419 1841 2444; x_wconf 84' lang='grc' dir='ltr'>τῶν</span> 
     </span>
    </p>
   </div>
   <div class='ocr_carea' id='block_1_101' title="bbox 149 2459 976 2504">
    <p class='ocr_par' dir='ltr' id='par_1_101' title="bbox 149 2459 974 2504">
     <span class='ocr_line' id='line_1_101' title="bbox 149 2459 974 2504; baseline -0.005 -11"><span class='ocrx_word' id='word_1_743' title='bbox 149 2462 198 2500; x_wconf 90' lang='lat' dir='ltr'><strong>sti,</strong></span> <span class='ocrx_word' id='word_1_744' title='bbox 214 2462 293 2504; x_wconf 89' lang='lat' dir='ltr'><strong>quod</strong></span> <span class='ocrx_word' id='word_1_745' title='bbox 310 2462 454 2494; x_wconf 88' lang='lat' dir='ltr'><strong>Dominus</strong></span> <span class='ocrx_word' id='word_1_746' title='bbox 470 2469 631 2502; x_wconf 87' lang='lat' dir='ltr'><strong>pauperem</strong></span> <span class='ocrx_word' id='word_1_747' title='bbox 647 2459 716 2490; x_wconf 86' lang='lat' dir='ltr'><strong>facit</strong></span> <span class='ocrx_word' id='word_1_748' title='bbox 731 2464 760 2491; x_wconf 90' lang='lat' dir='ltr'><strong>et</strong></span> <span class='ocrx_word' id='word_1_749' title='bbox 772 2459 855 2504; x_wconf 86' lang='lat' dir='ltr'><strong>ditat,</strong></span> <span class='ocrx_word' id='word_1_750' title='bbox 872 2459 974 2504; x_wconf 89' lang='lat' dir='ltr'><strong>humi-</strong></span> 
     </span>
    </p>
   </div>
   <div class='ocr_carea' id='block_1_102' title="bbox 1059 2459 1840 2504">
    <p class='ocr_par' dir='ltr' id='par_1_102' title="bbox 1059 2460 1840 2501">
     <span class='ocr_line' id='line_1_102' title="bbox 1059 2460 1840 2501; baseline 0 -12"><span class='ocrx_word' id='word_1_751' title='bbox 1059 2463 1118 2501; x_wconf 62' lang='grc' dir='ltr'>ἱρῶν</span> <span class='ocrx_word' id='word_1_752' title='bbox 1133 2462 1210 2491; x_wconf 74' lang='grc' dir='ltr'>αὺθοῦ</span> <span class='ocrx_word' id='word_1_753' title='bbox 1224 2461 1278 2491; x_wconf 81' lang='grc' dir='ltr'>ἀνθ’</span> <span class='ocrx_word' id='word_1_754' title='bbox 1294 2464 1332 2491; x_wconf 82' lang='grc' dir='ltr'>ὧν</span> <span class='ocrx_word' id='word_1_755' title='bbox 1346 2463 1474 2495; x_wconf 83' lang='grc' dir='ltr'>πέποιθας</span> <span class='ocrx_word' id='word_1_756' title='bbox 1503 2462 1545 2491; x_wconf 80' lang='grc' dir='ltr'><strong>ἐπὶ</strong></span> <span class='ocrx_word' id='word_1_757' title='bbox 1572 2465 1606 2501; x_wconf 76' lang='grc' dir='ltr'><strong>τῇ</strong></span> <span class='ocrx_word' id='word_1_758' title='bbox 1631 2465 1667 2500; x_wconf 76' lang='grc' dir='ltr'>σῇ</span> <span class='ocrx_word' id='word_1_759' title='bbox 1682 2460 1816 2498; x_wconf 73' lang='grc' dir='ltr'>δυναστείᾳ</span> <span class='ocrx_word' id='word_1_760' title='bbox 1833 2470 1840 2478; x_wconf 88' lang='lat'><strong>&#39;</strong></span> 
     </span>
    </p>
   </div>
   <div class='ocr_carea' id='block_1_103' title="bbox 148 2503 976 2548">
    <p class='ocr_par' dir='ltr' id='par_1_103' title="bbox 148 2503 975 2544">
     <span class='ocr_line' id='line_1_103' title="bbox 148 2503 975 2544; baseline -0.007 -5"><span class='ocrx_word' id='word_1_761' title='bbox 148 2507 199 2539; x_wconf 90' lang='lat' dir='ltr'><strong>liat</strong></span> <span class='ocrx_word' id='word_1_762' title='bbox 215 2511 244 2539; x_wconf 93' lang='lat' dir='ltr'><strong>et</strong></span> <span class='ocrx_word' id='word_1_763' title='bbox 272 2507 414 2538; x_wconf 88' lang='lat' dir='ltr'><strong>sublevat.</strong></span> <span class='ocrx_word' id='word_1_764' title='bbox 441 2505 510 2537; x_wconf 64' lang='lat' dir='ltr'><strong>Haec</strong></span> <span class='ocrx_word' id='word_1_765' title='bbox 539 2505 588 2537; x_wconf 82' lang='lat' dir='ltr'><strong>illa</strong></span> <span class='ocrx_word' id='word_1_766' title='bbox 616 2514 683 2536; x_wconf 91' lang='lat' dir='ltr'><strong>cum</strong></span> <span class='ocrx_word' id='word_1_767' title='bbox 711 2503 855 2542; x_wconf 87' lang='lat' dir='ltr'><strong>audisset,</strong></span> <span class='ocrx_word' id='word_1_768' title='bbox 887 2503 975 2544; x_wconf 56' lang='lat' dir='ltr'><strong>coepit</strong></span> 
     </span>
    </p>
   </div>
   <div class='ocr_carea' id='block_1_104' title="bbox 1059 2503 1840 2548">
    <p class='ocr_par' dir='ltr' id='par_1_104' title="bbox 1059 2505 1840 2548">
     <span class='ocr_line' id='line_1_104' title="bbox 1059 2505 1840 2548; baseline -0.001 -14"><span class='ocrx_word' id='word_1_769' title='bbox 1059 2506 1122 2534; x_wconf 64' lang='grc' dir='ltr'><strong>ὶοῦκ</strong></span> <span class='ocrx_word' id='word_1_770' title='bbox 1136 2505 1242 2547; x_wconf 80' lang='grc' dir='ltr'>ἔμαθες,</span> <span class='ocrx_word' id='word_1_771' title='bbox 1272 2506 1311 2536; x_wconf 77' lang='grc' dir='ltr'><strong>ὅτι</strong></span> <span class='ocrx_word' id='word_1_772' title='bbox 1340 2508 1434 2548; x_wconf 86' lang='grc' dir='ltr'>Κύριος</span> <span class='ocrx_word' id='word_1_773' title='bbox 1464 2507 1593 2547; x_wconf 81' lang='grc' dir='ltr'>πτωχίζει</span> <span class='ocrx_word' id='word_1_774' title='bbox 1622 2506 1667 2534; x_wconf 84' lang='grc' dir='ltr'><strong>καὶ</strong></span> <span class='ocrx_word' id='word_1_775' title='bbox 1696 2505 1840 2546; x_wconf 82' lang='grc' dir='ltr'>πλουτίζει,</span> 
     </span>
    </p>
   </div>
   <div class='ocr_carea' id='block_1_105' title="bbox 147 2548 976 2591">
    <p class='ocr_par' dir='ltr' id='par_1_105' title="bbox 147 2548 974 2591">
     <span class='ocr_line' id='line_1_105' title="bbox 147 2548 974 2591; baseline -0.007 -6"><span class='ocrx_word' id='word_1_776' title='bbox 147 2553 219 2585; x_wconf 80' lang='lat' dir='ltr'><strong>ﬂere</strong></span> <span class='ocrx_word' id='word_1_777' title='bbox 230 2561 265 2584; x_wconf 81' lang='lat' dir='ltr'><strong>ac</strong></span> <span class='ocrx_word' id='word_1_778' title='bbox 275 2551 445 2589; x_wconf 86' lang='lat' dir='ltr'><strong>lamentari,</strong></span> <span class='ocrx_word' id='word_1_779' title='bbox 459 2554 488 2582; x_wconf 91' lang='lat' dir='ltr'><strong>et</strong></span> <span class='ocrx_word' id='word_1_780' title='bbox 507 2548 636 2591; x_wconf 82' lang='lat' dir='ltr'><strong>oppletis</strong></span> <span class='ocrx_word' id='word_1_781' title='bbox 650 2558 722 2581; x_wconf 89' lang='lat' dir='ltr'><strong>auro</strong></span> <span class='ocrx_word' id='word_1_782' title='bbox 747 2548 895 2587; x_wconf 86' lang='lat' dir='ltr'><strong>manibus,</strong></span> <span class='ocrx_word' id='word_1_783' title='bbox 911 2548 974 2580; x_wconf 92' lang='lat' dir='ltr'><strong>viro</strong></span> 
     </span>
    </p>
   </div>
   <div class='ocr_carea' id='block_1_106' title="bbox 1059 2548 1842 2591">
    <p class='ocr_par' dir='ltr' id='par_1_106' title="bbox 1059 2549 1842 2590">
     <span class='ocr_line' id='line_1_106' title="bbox 1059 2549 1842 2590; baseline -0.001 -11"><span class='ocrx_word' id='word_1_784' title='bbox 1059 2557 1138 2580; x_wconf 77' lang='grc' dir='ltr'>τεινοτ</span> <span class='ocrx_word' id='word_1_785' title='bbox 1155 2551 1200 2579; x_wconf 78' lang='grc' dir='ltr'><strong>καὶ</strong></span> <span class='ocrx_word' id='word_1_786' title='bbox 1225 2551 1335 2590; x_wconf 78' lang='grc' dir='ltr'>ἀνυψοῖ,</span> <span class='ocrx_word' id='word_1_787' title='bbox 1367 2556 1454 2583; x_wconf 79' lang='grc' dir='ltr'>Ταῦτα</span> <span class='ocrx_word' id='word_1_788' title='bbox 1482 2551 1616 2580; x_wconf 78' lang='grc' dir='ltr'>ἀκούσασα</span> <span class='ocrx_word' id='word_1_789' title='bbox 1642 2550 1729 2584; x_wconf 83' lang='grc' dir='ltr'>ἐκείνη</span> <span class='ocrx_word' id='word_1_790' title='bbox 1745 2549 1842 2590; x_wconf 74' lang='grc' dir='ltr'>ἤρξατο</span> 
     </span>
    </p>
   </div>
   <div class='ocr_carea' id='block_1_107' title="bbox 185 2631 456 2674">
    <p class='ocr_par' dir='ltr' id='par_1_107' title="bbox 185 2631 456 2674">
     <span class='ocr_line' id='line_1_107' title="bbox 185 2631 456 2674; baseline -0.004 -9"><span class='ocrx_word' id='word_1_791' title='bbox 185 2632 227 2658; x_wconf 81' lang='grc' dir='ltr'><strong>π’</strong></span> <span class='ocrx_word' id='word_1_792' title='bbox 240 2632 317 2665; x_wconf 85' lang='lat' dir='ltr'><strong>Gen.</strong></span> <span class='ocrx_word' id='word_1_793' title='bbox 333 2640 375 2674; x_wconf 80' lang='lat' dir='ltr'><strong>rx,</strong></span> <span class='ocrx_word' id='word_1_794' title='bbox 391 2633 410 2664; x_wconf 91' lang='lat'><strong>5</strong></span> <span class='ocrx_word' id='word_1_795' title='bbox 425 2631 456 2664; x_wconf 88' lang='lat'><strong>6.</strong></span> 
     </span>
    </p>
   </div>
   <div class='ocr_carea' id='block_1_108' title="bbox 841 2709 1145 2744">
    <p class='ocr_par' dir='ltr' id='par_1_108' title="bbox 841 2709 1145 2744">
     <span class='ocr_line' id='line_1_108' title="bbox 841 2709 1145 2744; baseline -0.003 -1"><span class='ocrx_word' id='word_1_796' title='bbox 841 2709 965 2743; x_wconf 81' lang='lat' dir='ltr'><strong>Joannis</strong></span> <span class='ocrx_word' id='word_1_797' title='bbox 978 2710 1041 2744; x_wconf 86' lang='lat' dir='ltr'><strong>Clei</strong></span> <span class='ocrx_word' id='word_1_798' title='bbox 1055 2714 1145 2743; x_wconf 75' lang='lat' dir='ltr'><strong>notae.</strong></span> 
     </span>
    </p>
   </div>
   <div class='ocr_carea' id='block_1_109' title="bbox 189 2774 1844 2859">
    <p class='ocr_par' dir='ltr' id='par_1_109' title="bbox 189 2774 1844 2859">
     <span class='ocr_line' id='line_1_109' title="bbox 189 2774 1844 2859; baseline -0.005 -44"><span class='ocrx_word' id='word_1_799' title='bbox 189 2781 254 2859; x_wconf 41' lang='lat' dir='ltr'><strong>(6.9L)</strong></span> <span class='ocrx_word' id='word_1_800' title='bbox 268 2781 435 2814; x_wconf 80' lang='lat' dir='ltr'><strong>Mirandum</strong></span> <span class='ocrx_word' id='word_1_801' title='bbox 447 2780 480 2813; x_wconf 88' lang='lat' dir='ltr'><strong>in</strong></span> <span class='ocrx_word' id='word_1_802' title='bbox 494 2782 576 2812; x_wconf 86' lang='lat' dir='ltr'><strong>tanto</strong></span> <span class='ocrx_word' id='word_1_803' title='bbox 589 2778 663 2820; x_wconf 87' lang='lat' dir='ltr'><strong>viro,</strong></span> <span class='ocrx_word' id='word_1_804' title='bbox 682 2781 722 2820; x_wconf 89' lang='lat' dir='ltr'><strong>et,</strong></span> <span class='ocrx_word' id='word_1_805' title='bbox 739 2777 798 2809; x_wconf 90' lang='lat' dir='ltr'><strong>nisi</strong></span> <span class='ocrx_word' id='word_1_806' title='bbox 813 2777 942 2818; x_wconf 80' lang='lat' dir='ltr'><strong>benigna</strong></span> <span class='ocrx_word' id='word_1_807' title='bbox 956 2777 1201 2820; x_wconf 79' lang='lat' dir='ltr'><strong>interpretatione</strong></span> <span class='ocrx_word' id='word_1_808' title='bbox 1225 2777 1350 2810; x_wconf 88' lang='lat' dir='ltr'><strong>multum</strong></span> <span class='ocrx_word' id='word_1_809' title='bbox 1371 2777 1532 2819; x_wconf 73' lang='lat' dir='ltr'><strong>mitigetur,</strong></span> <span class='ocrx_word' id='word_1_810' title='bbox 1547 2774 1706 2808; x_wconf 87' lang='lat' dir='ltr'><strong>ridiculum</strong></span> <span class='ocrx_word' id='word_1_811' title='bbox 1723 2782 1844 2815; x_wconf 83' lang='lat' dir='ltr'><strong>prorsus</strong></span> 
     </span>
     <span class='ocr_line' id='line_1_110' title="bbox 189 2836 314 2859; baseline 0.008 -2"><span class='ocrx_word' id='word_1_812' title='bbox 189 2836 229 2859; x_wconf 77' lang='lat' dir='ltr'><strong>usi</strong></span> <span class='ocrx_word' id='word_1_813' title='bbox 253 2836 314 2859; x_wconf 90' lang='lat' dir='ltr'><strong>um.</strong></span> 
     </span>
    </p>
   </div>
   <div class='ocr_carea' id='block_1_110' title="bbox 145 2834 314 2860">
    <p class='ocr_par' dir='ltr' id='par_1_110' title="bbox 145 2834 314 2860">
     <span class='ocr_line' id='line_1_111' title="bbox 145 2834 314 2860; baseline 0.018 -4"><span class='ocrx_word' id='word_1_814' title='bbox 145 2834 302 2859; x_wconf 72' lang='lat' dir='ltr'><strong>conatuum</strong></span> <span class='ocrx_word' id='word_1_815' title='bbox 307 2851 314 2860; x_wconf 86' lang='lat'><strong>.</strong></span> 
     </span>
    </p>
   </div>
  </div>
