1954 3059
70 131 138 166 137

69 200 180 230 κλαίειν
213 202 256 231 καὶ
291 200 460 242 ἀποδύρεσθαι
483 209 492 219 ⁸

69 246 190 286 χρυσίου
204 246 346 287 προσέφερε
374 250 413 285 τῷ
427 246 541 287 δικαίῳ,
569 247 709 285 νομίζουσα
736 246 779 276 διὰ
804 247 903 276 τούτων

70 290 160 319 αὐτὸν
192 286 387 324 ἔξιλεώσασθαι,
425 286 453 320 t0
488 290 515 319 δὲ
543 290 625 324 ὄντως
653 292 756 326 ἀπαθὴς
786 291 901 329 ἐκεῖνος,

72 336 152 373 μήτε
166 342 225 368 τοῖς
252 335 358 376 δάκρυσι
383 338 432 370 τῆς
459 337 582 375 γυναικὸς
610 337 817 377 κατακαμφθεὶς,
834 337 902 375 μήτε

68 383 113 416 τῷ
130 379 227 415 πλήθει
241 383 287 408 τοῦ
315 381 423 420 χρυσίου
450 380 607 419 δελεασθεὶς,
637 381 706 419 μήτε
721 381 770 416 τὴν
786 381 902 415 ἐξουσίαν

69 424 161 457 αὐτῆς
196 423 331 464 αἰδεσθεὶς,
371 423 507 464 διαῤῥήξας
551 426 582 453 τὸ
626 425 817 464 καταπέτασμα
856 429 902 454 τοῦ

69 471 219 506 κοιτῶνος,
247 469 291 497 καὶ
325 470 362 501 ὡς
396 468 490 509 δορκέις
519 469 672 505 ἐκπηδήσας
696 469 796 511 ᾤχετο,
826 475 903 501 τοῦτο

67 511 263 551 λογισάμενος,
279 513 316 545 ὡς
344 513 422 545 αὐτὸς
450 512 570 552 εἴρηκεν,
599 513 639 542 ὅτι
669 514 751 552 Εἶπε,
780 515 871 554 φησὶν,
888 515 902 543 ὁ

69 554 200 588 διάϐολος
216 565 225 574 “
262 558 344 588 οὗτος
366 558 380 585 ὁ
408 558 527 597 μοναχὸς
555 562 621 598 χοῦς
649 557 718 587 ἐστιν
735 567 745 576 ⁸
774 558 902 599 ὶπιϐρέξω

69 601 157 628 αὐτὸν
190 599 274 639 ὕδατι,
312 600 416 641 δάκρυσι
444 604 493 635 τῆς
519 603 653 642 γυναικὸς,
683 603 726 631 καὶ
754 601 806 636 ἤδη
832 604 902 632 ποιῶ

68 644 155 673 αὐτὸν
183 644 271 678 πηλὸν
298 648 345 674 τοῦ
378 647 519 675 τυποῦσθαι
547 647 584 677 ὡς
613 645 643 675 ἂν
670 646 724 686 ἐγὼ
751 646 899 685 βούλωμαι,

70 688 167 721 Οὕτως
182 688 251 729 ἔργῳ
274 688 391 729 ἐπλήρου
413 690 456 727 τὸ,
488 700 501 718 ι
532 690 635 719 Γίνεσθε
663 690 785 731 φρόνιμοι
814 692 850 724 ὡς
877 693 901 720 οἱ

67 733 159 774 ὄφεις,
176 736 219 762 καὶ
234 734 351 774 ἀκέραιοι
366 735 402 766 ὡς
417 735 443 762 αἱ
466 735 626 774 περιστεραὶ,
658 746 672 763 ι
702 735 800 773 ὁμοίως
815 734 842 764 δὲ
856 740 900 768 καὶ

67 778 102 806 τό
118 777 296 806 ἀποστολικὸν
308 777 485 818 παράγγελμα
499 779 529 807 τό
546 787 554 795 ·
585 788 601 809 (
616 779 660 813 Μὴ
675 780 794 808 κοινώνει
809 781 899 819 ἆμαρ-

66 823 142 854 τίαις
157 822 319 862 ἀλλοτρίαις,
335 832 350 852 )
369 823 418 852 Καὶ
432 823 491 851 τότε
506 823 555 860 μὲν
580 824 594 852 ὁ
622 823 694 856 ὅσιος
723 824 898 864 ὑπεχώρησεν

695 134 790 169 VITA
810 134 842 169 Β.
864 129 944 167 NILl
964 134 1154 170 IUNIORIS.

527 201 653 238 πλήσασά
677 213 706 231 τε
734 203 781 236 τὰς
805 209 884 243 χεῖρα

968 206 1025 235 isto
1040 203 1193 243 olferebat,
1211 206 1326 245 putans,
1342 203 1426 235 illum
1453 203 1510 236 sibi
1525 203 1582 236 boc
1597 207 1682 246 pacto
1699 204 1764 246 pla-

1710 134 1767 170 138

944 252 1040 279 catum
1056 248 1194 280 reddere.
1210 247 1320 280 Verum
1334 248 1360 280 is
1385 248 1466 280 omni
1487 247 1574 290 plane
1590 249 1696 280 affectu
1710 258 1765 280 su-

944 292 1055 338 perior,
1067 302 1122 324 nec
1131 293 1250 338 femina:
1261 293 1398 338 lacrymis
1412 294 1517 338 ﬂexus,
1534 301 1590 338 nec
1604 293 1668 324 auri
1679 292 1767 338 copia

942 332 1069 374 illectus,
1087 343 1142 365 nec
1158 332 1358 365 dominantem
1380 334 1501 372 veritus,
1527 334 1662 374 disruth
1677 332 1764 364 cubi-

943 373 1002 404 culi
1016 374 1090 415 velo,
1108 383 1221 415 capreae
1235 373 1331 406 instar
1354 374 1497 405 exsiliens
1519 372 1631 413 effugit,
1647 372 1714 411 hoc,
1731 377 1765 405 nt

941 417 1005 457 ipse
1027 418 1154 457 dicebat,
1179 427 1281 450 secum
1309 423 1468 460 reputans:
1495 416 1574 449 Dixit
1599 417 1734 449 diabolus
1755 428 1763 450 :

941 461 999 493 Iste
1015 463 1177 494 monachus
1189 467 1233 494 est
1244 462 1348 504 pulvis,
1361 462 1553 494 madefaciam
1574 461 1659 493 illum
1675 471 1761 504 aqua,

941 506 1059 538 feminae
1072 507 1220 548 lacrymis,
1236 512 1267 539 et
1282 507 1407 539 efﬁciam
1425 508 1529 545 lutum,
1544 511 1578 538 ut
1591 507 1763 538 conforme-

942 554 989 582 tur
1003 551 1077 583 mihi
1092 552 1128 582 ad
1145 551 1272 590 libitum,
1289 551 1332 583 Ita
1355 561 1389 583 re
1413 552 1478 592 ipsa
1502 551 1633 592 implevit
1650 551 1761 583 dictum

940 595 1024 634 illud,
1045 607 1058 624 α
1074 595 1174 628 Estote
1188 596 1348 637 prudentes
1376 596 1453 628 sicut
1479 600 1634 637 serpentes
1648 600 1677 627 et
1691 594 1762 627 sim-

941 640 1033 680 plices
1060 640 1135 672 sicut
1164 641 1309 673 columbae
1326 640 1379 678 79;
1410 645 1440 672 et
1465 640 1658 681 apostolicum
1688 647 1763 681 prae-

940 688 1070 725 ceptum,
1081 697 1094 713 α
1104 684 1148 716 Ne
1156 684 1423 717 communicaveris
1433 684 1562 726 peccatis
1577 683 1728 715 alienis80.
1743 696 1758 714 ι

939 727 974 759 Et
989 732 1058 759 tunc
1073 729 1193 770 quidem
1221 729 1251 760 in
1279 739 1365 761 suum
1393 728 1443 760 ille
1470 728 1593 760 secessit
1607 733 1759 760 monaste-

938 773 1029 811 rium,
1052 783 1108 805 nec
1132 774 1224 805 multo
1240 778 1306 815 post
1319 773 1490 805 vaticinium
1506 773 1572 814 ejus
1587 773 1677 804 ﬁnem
1692 783 1760 804 sor-

939 817 1080 850 tiebatur.
1088 817 1221 860 Namque
1231 819 1329 849 minor
1336 818 1422 850 dicta;
1433 817 1567 849 mulieris
1573 817 1652 849 ﬁlius
1662 818 1760 849 studio

67 867 108 898 εἷς
125 868 157 895 τὸ
172 867 350 906 μοναστήριον
377 867 466 897 αὑτοῦ.
496 867 532 897 Οὒ
558 867 626 897 πολὺ
653 867 681 896 δὲ
706 869 737 897 τὸ
765 862 884 907 ἐνμέσῳ

968 863 1104 894 ciscendi
1119 863 1175 894 sibi
1203 863 1397 904 principatus,
1424 863 1566 903 majorem
1582 862 1613 893 in
1633 862 1761 894 ecclesia

65 912 114 940 καὶ
145 912 182 944 εἰς
213 911 290 944 τέλος
316 910 425 950 ἐξήγετο
452 913 469 946 ἡ
499 912 578 940 αὐτοῦ
606 911 759 952 πρόῤῥησις.
791 908 820 942 ¹0
848 914 898 953 γὰρ

70 956 231 996 μικρότερος
246 957 301 988 υἱὸς
323 958 373 989 τῆς
393 955 535 996 λεχθείσης
563 956 636 994 ζήλῳ
658 960 708 991 τῆς
737 957 825 997 ἀρχῆς
852 959 897 986 τὸν

67 1000 156 1037 μείζω
197 1000 224 1028 ἐν
263 1003 298 1039 τῇ
341 999 469 1037 ἐκκλησίᾳ
515 1001 729 1041 προσευχόμενον
778 1002 898 1042 μαχαίρᾳ

66 1043 233 1084 κατέσφαξεν
249 1051 257 1059 ⁶
289 1044 391 1076 ἐκεῖνος
415 1043 443 1072 δὲ
469 1044 549 1072 πάλιν
575 1045 626 1072 ὑπὸ
639 1049 685 1073 τοῦ
700 1047 752 1073 τῶν
766 1046 896 1085 Φράγκων

66 1087 154 1126 ῥηγὸς
190 1086 232 1115 διὰ
266 1087 316 1120 τὴν
351 1087 434 1115 αἰτίαν
467 1087 568 1122 ταύτην
601 1086 735 1126 δεδεμένος
763 1088 894 1128 Emi-veto.

69 1132 124 1160 Καὶ
138 1130 231 1159 λοιπὸν
245 1130 319 1162 ἐντὸς
343 1129 431 1170 ὀλίγου
459 1131 557 1171 χρόνου
583 1135 636 1164 πᾶς
663 1134 678 1160 ὁ
692 1132 796 1170 κόμπος
811 1133 896 1162 αὐτῶν

67 1173 201 1212 ἐξέλιπεν,
228 1175 273 1203 καὶ
300 1175 318 1208 ἡ
345 1173 446 1207 ἐξουσία
473 1174 607 1207 ἀπώλετο,
641 1176 691 1205 Καὶ
720 1176 757 1211 μή
786 1186 826 1208 τις
842 1179 896 1204 τῶν

65 1219 157 1247 πάντα
188 1218 323 1257 εὖτόλμων
369 1217 497 1253 ἀπήνειαν
541 1224 588 1249 τοῦ
629 1220 730 1259 Harpe:
765 1219 802 1252 εἷς
834 1220 894 1253 τοὺς

64 1263 268 1302 ἁμαρτάνοντας
303 1262 536 1302 καταγινωσκέτω.
565 1262 694 1297 Ζηλωτὴς
722 1263 772 1303 γὰρ
794 1264 828 1298 ἦν
856 1265 893 1296 εἰς

65 1308 99 1336 τὸ
126 1306 263 1341 ἐκδικῆσαι
291 1307 337 1334 τὸν
365 1306 447 1344 νόμον
481 1307 585 1347 Κυρίου,
613 1308 730 1347 καθάπερ
758 1307 850 1340 Ἠλίας
878 1310 893 1337 ὁ

65 1351 221 1391 προφήτης,
251 1349 352 1381 οὗτινος
388 1351 431 1378 καὶ
464 1350 510 1379 τδν
545 1353 702 1391 χαρακτῆρα
728 1354 778 1385 τῆς
803 1350 891 1390 ὅψεως

65 1394 220 1435 ἐπεφέρετο.
245 1395 295 1424 Καὶ
317 1396 394 1422 τοῦτο
423 1394 453 1422 ὠ
482 1394 563 1433 μόνον
590 1394 618 1423 ἐν
645 1401 704 1428 τοῖς
728 1394 821 1429 ’ἔξωθεν
847 1397 892 1425 καὶ

65 1438 192 1477 μηδόλως
226 1438 416 1478 προσήκουσιν,
453 1438 521 1467 ἀλλὰ
554 1439 598 1468 καὶ
626 1438 653 1468 ἐν
680 1446 739 1472 τοῖς
771 1439 890 1469 δοκοῦσιν

64 1482 172 1520 ιδιάζειν
187 1486 258 1521 αὒτῷ
272 1483 341 1512 κατὰ
355 1483 449 1522 σάρκα,
466 1485 509 1513 κσὶ
536 1484 564 1513 ἑν
590 1491 649 1517 τοῖς
665 1485 743 1513 αὐτοῦ
756 1484 862 1523 μέλεσιν
879 1493 886 1502 ⁸

939 908 1321 948 orantemferrojugulavit,
1329 908 1426 949 etipse
1432 908 1489 939 hoc
1496 907 1632 938 eamdem
1639 915 1759 939 causam

938 961 955 982 a
969 961 1037 991 rege
1052 952 1234 984 Francorum
1250 952 1356 983 vinclis
1379 951 1545 984 ducebatur
1567 952 1644 991 (70).
1661 951 1759 988 Quare

937 995 1171 1027 intramodicum
1181 1001 1298 1037 tempus
1310 996 1408 1027 omnis
1419 1006 1521 1028 eorum
1534 996 1626 1027 fastus
1640 996 1759 1028 evanuit

937 1044 966 1070 et
982 1043 1146 1080 potentatus
1161 1040 1304 1081 disperiit.
1321 1039 1382 1071 Nec
1405 1049 1474 1071 vero
1493 1040 1654 1081 quisquam
1670 1050 1704 1072 ex
1721 1041 1758 1072 iis

936 1083 987 1124 qui
1009 1084 1136 1115 audaces
1146 1084 1183 1115 ad
1195 1084 1294 1115 omnia
1302 1088 1383 1122 sunt,
1397 1084 1512 1116 Patrem
1525 1088 1657 1121 accuset,
1673 1085 1758 1126 quasi

936 1127 968 1158 in
981 1133 1154 1169 peccantem
1169 1128 1361 1160 severiorem.
1387 1128 1460 1160 Nam
1487 1128 1512 1159 is
1537 1129 1601 1160 zelo
1616 1129 1758 1169 agebatur

937 1173 1054 1204 tuendae
1069 1173 1142 1212 legis
1157 1173 1285 1210 Domini,
1305 1173 1381 1204 sicut
1395 1173 1539 1214 propheta
1552 1172 1631 1205 Elias
1646 1185 1655 1210 ;
1671 1174 1757 1214 cujus

936 1217 1025 1248 etiam
1040 1217 1265 1248 similitudinem
1280 1216 1367 1249 faciei
1392 1216 1558 1249 referebat:
1584 1218 1677 1259 idque
1696 1228 1756 1250 non

935 1262 1031 1293 solum
1053 1262 1084 1293 in
1099 1266 1258 1293 extraneos
1273 1266 1302 1293 et
1316 1262 1572 1302 consanguinitate
1587 1272 1647 1294 non
1663 1263 1755 1294 attin-

934 1310 1050 1345 gentes,
1065 1306 1117 1338 sed
1131 1307 1162 1337 in
1179 1315 1230 1337 eos
1244 1306 1345 1347 etiam,
1357 1306 1406 1348 qui
1417 1307 1593 1338 videbantur
1601 1307 1755 1348 pertinere

934 1351 971 1382 ad
987 1351 1084 1392 ipsum
1097 1351 1166 1391 jure
1180 1351 1279 1382 carnis
1296 1355 1324 1382 et
1338 1351 1369 1381 in
1384 1360 1435 1382 sua
1451 1351 1584 1382 membra
1601 1360 1608 1384 :
1640 1356 1752 1383 tantum

933 1395 1043 1436 quippe
1057 1399 1119 1426 erat
1134 1395 1165 1426 in
1180 1404 1249 1426 suos
1264 1395 1346 1426 omni
1373 1395 1479 1426 affectu
1507 1395 1595 1434 liber,
1610 1401 1753 1437 quantum

932 1439 1080 1481 exemplo,
1097 1439 1177 1479 quod
1192 1438 1396 1481 subjiciemus,
1408 1440 1526 1480 planum
1538 1440 1609 1472 ﬁet:
1627 1440 1755 1472 narrabo

932 1483 1012 1516 enim
1029 1487 1058 1515 et
1084 1484 1141 1515 hoc
1171 1484 1210 1515 ad
1238 1483 1399 1524 legentium
1429 1484 1573 1516 cautelam
1602 1489 1752 1518 eteorum

64 1527 262 1567 ἆπροσπάθειαν
290 1527 341 1566 γὰρ
363 1528 428 1566 πρὸς
455 1528 515 1561 τοὺς
543 1529 653 1561 οἰκείους
680 1529 765 1566 ἰαυτῷ
791 1529 884 1558 τοσαύ-

968 1527 1181 1566 iendationem,
1199 1529 1250 1569 qui
1263 1528 1419 1560 imitantur
1431 1528 1489 1559 Eli.

64 1582 115 1615 την
130 1571 268 1611 ἐκέκτητο,
285 1571 351 1615 ὅσην
366 1570 494 1605 ἀποδείξει
522 1573 553 1601 τὸ
578 1572 788 1613 λεχθησόμενον.
818 1572 887 1615 Ἐρῶ
914 1574 942 1604 δὲ
967 1574 1010 1602 καὶ
1037 1576 1114 1602 τοῦτο
1140 1574 1206 1612 πρὸς
1234 1573 1379 1615 ἀσφάλειαν
1401 1575 1454 1602 τῶν
1469 1573 1695 1614 ἐντυγχανόντων,
1710 1575 1754 1604 καὶ

63 1614 199 1657 διόρθωσιν
212 1621 266 1647 τῶν
279 1619 326 1647 τὸν
342 1614 416 1648 Ἢλει
429 1617 609 1656 μιμουμένων.

106 1656 165 1700 πβ’.
196 1664 256 1695 Υἱὸς
271 1667 320 1698 τῆς
333 1663 379 1693 τὸν
406 1662 534 1702 μακάριον
561 1662 744 1702 ἀναθρεψάσης
772 1661 887 1704 ἀδελφῆς

65 1707 145 1736 αξ)τοῦ
172 1707 293 1748 ὑπῆρχεν
325 1708 353 1737 ὲν
382 1711 418 1747 τῇ
446 1710 526 1746 μονῇ,
556 1705 713 1747 ἀδελφότητι
741 1708 888 1737 συνασκού-

66 1761 158 1791 μενος,
187 1751 245 1780 λίαν
267 1753 377 1793 εὒφυῆς,
405 1752 449 1780 καὶ
476 1750 534 1780 κατ’
562 1751 698 1791 ἀμφότερα
726 1750 886 1788 ἐπιτήδειος,

67 1797 149 1827 οὗτος
163 1795 258 1824 ὁδεύων
275 1797 340 1825 ποτὲ
369 1796 436 1835 μετὰ
464 1794 594 1835 ἀδελφῶν,
622 1795 666 1824 καὶ
694 1795 820 1836 ἀργυροῦν
835 1797 888 1835 βα-

67 1840 168 1875 στάζων
181 1839 394 1881 δισκοποτήριον,
410 1840 518 1880 ἐνέτυχε
530 1838 692 1877 διειδεστάτῃ
714 1843 802 1879 πηγῇ,
819 1845 888 1869 Βου-

64 1882 196 1917 ληθέντων
209 1885 294 1913 τοίνυν
307 1891 380 1913 πιεῖν
395 1884 426 1912 ἐκ
451 1889 497 1913 τοῦ
523 1882 627 1920 ὕδατος,
660 1883 738 1916 αὒτδς
766 1883 888 1915 ἐκϐἀλὼν

66 1929 96 1957 τὺ
110 1928 184 1968 ἅγιον
199 1929 338 1970 ποτήριον,
363 1929 407 1958 καὶ
430 1927 573 1966 λιμϐισθεὶς
601 1930 636 1966 τῇ
664 1926 795 1966 μετάλλου
809 1930 888 1957 καθα-

67 1973 168 2013 ρότητι,
185 1973 258 2002 ἔπιον
274 1972 332 2012 μετ’
347 1973 427 2003 αὐτοῦ
440 1973 549 2004 πάντες.
579 1975 660 2001 Τοῦτο
675 1971 753 2012 γνοὺς
768 1973 783 2000 ὁ
798 1972 888 2010 μακά-

68 2028 133 2058 ριος,
148 2019 192 2046 καὶ
204 2017 302 2057 σφόδρα
324 2018 450 2055 θυμωθεὶς
477 2015 537 2046 κατ’
562 2017 651 2057 αὺτοῦ,
667 2017 710 2045 καὶ
725 2015 813 2046 πολλὰ
827 2016 890 2045 ἑπι-

67 2062 181 2102 τιμήσας
194 2062 277 2100 αὒτῷ,
291 2062 446 2102 ἀπεστράφη
474 2062 552 2091 αὐτὸν
579 2060 660 2101 μέχρι
688 2061 732 2089 καὶ
744 2061 886 2102 συντυχίας

68 2106 158 2140 αὐτῆς.
175 2101 207 2135 Ἣ
222 2105 249 2134 δὲ
272 2101 426 2146 ἀποστροφῆ
451 2107 545 2135 αὒυτοῦ
570 2109 603 2142 ῆν
628 2106 664 2136 ὡς
679 2101 885 2146 ἀπολλοτρίώσις

968 1663 1018 1695 82.
1028 1663 1097 1695 Erat
1106 1661 1137 1693 in
1148 1662 1327 1694 monasterio
1339 1662 1376 1693 de
1387 1671 1512 1694 numero
1531 1661 1654 1694 fratrum
1665 1671 1751 1695 soro-

929 1707 971 1739 ris
983 1711 1012 1739 et
1021 1706 1151 1738 nutritiae
1161 1705 1240 1738 beati
1248 1706 1304 1738 viri
1318 1706 1409 1746 ﬁlius,
1432 1707 1575 1747 elegantis
1590 1706 1751 1739 admodum

929 1752 1041 1792 ingenii
1052 1756 1080 1782 et
1090 1751 1121 1782 in
1136 1751 1277 1783 utramvis
1288 1755 1402 1792 partem
1413 1755 1508 1793 aptus.
1521 1751 1575 1783 Hic
1589 1752 1748 1793 aliquando

929 1806 994 1828 cum
1002 1796 1059 1827 iter
1065 1796 1176 1827 faceret
1186 1804 1253 1826 cum
1264 1795 1402 1826 fratribus
1409 1800 1438 1826 et
1446 1799 1620 1836 argenteum
1627 1797 1750 1828 calicem

929 1841 1032 1879 ferret,
1048 1839 1153 1871 incidit
1179 1839 1210 1870 in
1225 1839 1337 1871 fontem
1352 1839 1605 1880 l’impidissimum,
1623 1849 1749 1882 cumque

928 1894 1033 1926 aquam
1050 1883 1170 1916 haurire
1184 1884 1221 1915 ad
1237 1884 1402 1916 bibendum
1417 1884 1537 1923 vellent,
1566 1885 1617 1917 ille
1631 1894 1749 1917 sacrum

929 1930 1051 1960 calicem
1067 1927 1188 1969 protulit
1202 1932 1232 1959 et
1260 1928 1419 1960 immodica
1449 1928 1554 1960 nitoris
1569 1930 1681 1961 metalli
1695 1939 1749 1961 vo-

930 1974 1040 2015 luptate
1055 1982 1159 2004 omnes
1174 1972 1289 2012 abrepti
1304 1973 1335 2004 in
1350 1982 1385 2004 eo
1392 1973 1544 2004 biberunt.
1557 1973 1640 2010 Quod
1648 1974 1752 2006 beatus

930 2018 975 2049 vir
989 2027 1056 2048 cum
1082 2017 1264 2058 rescivisset,
1289 2017 1333 2048 ira
1357 2017 1389 2048 in
1417 2018 1501 2049 illum
1517 2018 1626 2050 exarsit
1640 2023 1670 2049 et
1684 2022 1750 2059 post

927 2062 1034 2094 multas
1048 2061 1269 2102 increpationes
1279 2061 1320 2093 ita
1330 2062 1413 2092 illum
1425 2068 1577 2094 aversatus
1589 2067 1644 2104 est,
1658 2067 1690 2094 ut
1711 2073 1750 2094 ne

926 2107 1127 2147 alloqueretur
1139 2106 1271 2147 quidem.
1285 2106 1437 2138 Aversatio
1451 2116 1538 2148 porro
1547 2107 1611 2147 ejus
1624 2107 1750 2148 perinde

67 2153 140 2197 ρεοῦ,
174 2151 240 2190 ὑπὲρ
263 2149 364 2197 ῥᾴδδονΔ
381 2150 435 2197 ’καὶ
469 2149 585 2197 μάστιγα
613 2149 810 2197 ιτιιιιρεερονίζουσα¹
824 2150 884 2183 τοὺς

968 2154 1097 2197 statque
1112 2150 1166 2182 Dei
1193 2150 1318 2197 aversio,
1343 2159 1401 2191 qua
1426 2152 1589 2191 prudentes
1601 2151 1751 2183 cautiores

65 2193 219 2235 ἒχέφρονας.
244 2199 265 2224 0
279 2193 307 2223 δὲ
335 2192 445 2234 ἀδελφὸς
473 2196 508 2232 τῇ
535 2192 607 2232 λύπῃ
633 2196 683 2228 τῆς
702 2193 881 2232 ἐπιτιμήσεως

968 2194 1130 2226 idebantur
1157 2203 1244 2236 quam
1269 2194 1373 2227 baculo
1403 2199 1432 2226 et
1459 2195 1583 2228 scutica.
1613 2195 1666 2227 Ille
1680 2204 1751 2227 vero

67 2239 211 2280 συσχεθεὶς,
245 2239 290 2268 καὶ
317 2241 352 2278 τῇ
375 2238 529 2279 ἀποστροφῇ
556 2240 604 2267 τοῦ
630 2238 732 2278 Πατρὸς
758 2249 881 2268 καταπο-

103 2319 133 2345 79
146 2320 226 2352 Matt.
239 2326 272 2360 ι,
290 2317 338 2351 16.
379 2316 437 2349 801
451 2315 528 2350 Tim.
544 2323 577 2358 ν,
591 2315 644 2350 22.

923 2239 1016 2272 frater
1030 2248 1158 2272 mmrore
1184 2239 1398 2281 increpationis
1414 2248 1574 2281 oppressus
1587 2243 1617 2272 et
1631 2249 1751 2272 aversa-
1787 2279 1794 2286 ι

745 2368 869 2402 Joannis
882 2370 946 2403 Clei
962 2375 1050 2403 notae.

108 2426 168 2468 (70)
180 2427 242 2468 Leo
255 2423 401 2458 Ostiensis
416 2422 623 2468 Chroniciiib.
634 2431 749 2468 uLcap_._
759 2423 810 2468 170,
826 2424 882 2455 ha-

69 2462 126 2512 bet,
139 2462 203 2508 quae
212 2466 271 2497 huc
285 2464 606 2512 spectautsequentia:
626 2475 640 2491 α
656 2462 800 2510 Ρηέᾴἱοίξι
812 2472 883 2512 vero

73 2503 184 2545 Aloara,
200 2515 269 2537 cum
284 2503 406 2537 vixisset
421 2503 452 2534 in
469 2503 583 2545 liquore
598 2512 651 2545 suo
664 2504 750 2545 annis
758 2503 885 2545 circiter

70 2555 129 2584 Vill,
143 2543 263 2587 reliquit
276 2545 308 2576 in
323 2544 588 2587 principatuﬁlium
597 2543 886 2587 Lapd_enuiium,qui

91 2583 132 2618 ost
144 2583 269 2630 quatuor
281 2583 401 2630 menses
415 2583 431 2615 ἐ
446 2583 623 2630 quibusdam
636 2583 809 2630 inﬁdelibus
823 2583 886 2630 suis

91 2597 132 2618 οξι
144 2597 269 2628 quatuor
281 2597 401 2616 menses
415 2597 431 2615 a
446 2597 623 2630 quibusnam
636 2597 809 2629 ιιωιιιεηυᾳε
823 2597 884 2615 5U]!

72 2597 385 2668 i’lapuaniscrudeliter
396 2633 512 2668 occisus
527 2627 572 2654 est
586 2624 663 2668 apud
677 2623 835 2668 ecclesiam
850 2625 884 2655 S.

72 2663 208 2711 Marcelli,
217 2666 282 2711 ipsa
292 2666 393 2711 quinta
399 2664 591 2711 feria‘sanctze
602 2663 731 2711 Pascha,
743 2663 779 2711 a_d
796 2673 883 2711 quam

75 2708 109 2739 de
122 2703 206 2738 more'
216 2703 371 2747 principali
398 2704 533 2747 ejusdem
559 2703 685 2747 civitatis
711 2703 814 2747 eadem
827 2703 886 2747 _die

72 2743 260 2790 processerat.
279 2758 293 2790 ξ
312 2743 633 2790 In_sequentibus,__ubi
649 2743 687 2776 de
701 2744 813 2784 punitis
823 2744 885 2790 bo-

75 2784 184 2820 inicidis
195 2786 267 2826 agit,
281 2784 448 2826 Laidulfum
460 2785 540 2826 inter
553 2784 622 2826 illos
636 2792 696 2826 non
711 2787 883 2826 computat;

73 2830 185 2869 πιαιρρ
191 2824 272 2869 5ξεὶο
279 2825 428 2869 loquitur;
448 2824 662 2869 (ﬁupradictus
676 2824 888 2869 itaque’impe;

74 2834 163 2869 atcap.
171 2834 221 2866 15,
228 2836 272 2859 sic
279 2834 424 2872 loquitur:
448 2834 662 2898 summoturus
676 2834 775 2866 Itaque
788 2834 888 2865 impe-

74 2872 147 2901 rator
159 2866 241 2907 Otto.
254 2866 390 2909 deposnto
413 2865 483 2898 Laid
529 2875 587 2899 ο...
613 2868 645 2897 et
671 2864 749 2898 ultra
773 2868 889 2897 montes

281 2920 401 2955 Pmor.
413 2919 471 2955 Gn.
485 2918 571 2954 cxx.

924 2424 1071 2461 exsiliato,
1087 2433 1123 2456 eo
1138 2423 1216 2461 quod
1232 2423 1264 2455 in
1280 2433 1354 2456 nece
1369 2423 1468 2456 fratris
1491 2425 1538 2457 sui
1564 2429 1752 2460 consensisse

925 2465 1090 2510 dicebatur,
1104 2464 1304 2510 ﬁdemario...
1331 2465 1514 2510 capuanum
1527 2467 1650 2510 tradidit
1665 2469 1750 2510 prin-

925 2505 1069 2546 cipatum.
1089 2517 1099 2533 ι
1118 2504 1330 2546 Ηίοᾼοιπιὶουηι
1348 2504 1452 2546 liquet,
1469 2505 1636 2539 submissos
1650 2504 1752 2541 verisi-

926 2544 1027 2588 miiius
1042 2545 1133 2576 fuisse
1146 2555 1162 2576 a
1176 2544 1324 2588 Laidulfo,
1355 2544 1406 2586 qui
1423 2544 1550 2588 fratrem
1566 2548 1750 2588 occiderent,

926 2589 957 2616 at
971 2586 1051 2617 hunc
1083 2585 1209 2628 proprio
1230 2585 1297 2626 ejus
1318 2593 1398 2628 ense
1420 2585 1542 2626 ictuque
1557 2585 1748 2628 trucidatum;

929 2634 989 2668 non
1003 2624 1127 2667 apparet
1139 2624 1227 2668 ‘satis
1247 2624 1411 2668 credibile,
1438 2624 1504 2658 cum
1529 2637 1588 2659 non
1604 2624 1749 2668 videatur;

925 2665 957 2711 id
983 2665 1078 2711 latere
1107 2665 1236 2711 potuisse
1263 2665 1419 2711 Hugonem
1447 2668 1663 2711 marciiionem,
1694 2665 1749 2701 cu;

922 2706 973 2751 jus
998 2706 1084 2746 jussu
1111 2706 1247 2751 instituta
1279 2715 1371 2746 super
1404 2706 1566 2739 homicidio
1594 2706 1752 2751 illoiquaa-

926 2745 1035 2787 etione,
1051 2755 1109 2787 sexi
1131 2755 1148 2777 e
1173 2745 1257 2778 furca
1268 2745 1459 2787 dsu‘spiensos,’
1486 2751 1610 2780 caeteros
1624 2745 1752 2782 diversis

927 2785 1189 2859 paeoniiiomultatos
1215 2785 1321 2819 scribit
1338 2785 1409 2818 Leo
1433 2786 1626 2828 Marsicanus,
1662 2790 1752 2824 citato

929 2835 964 2858 ca
987 2849 997 2858 .
1053 2849 1064 2859 .

929 2835 997 2868 cap.
1012 2830 1064 2859 40.
