1954 3059
77 177 131 209 141
694 175 787 208 VITA
808 175 838 206 S.
862 174 898 206 Ν]

979 174 1151 206 ἨΝΙΟΗΙΒ.
1702 173 1760 206 142

69 247 153 272 Τοῦτο
187 243 320 276 πεποίηκα
355 243 432 283 ὑμῖν,
483 242 529 270 ἵνα
563 240 656 274 διδάξω
690 241 757 277 ὑμᾶς
791 240 895 279 ἀγαπᾷν

979 249 1056 277 usus,
1072 240 1135 270 haec
1158 239 1293 270 doctrina
1316 243 1379 271 erat
1405 239 1498 271 beatae
1525 239 1677 270 momoria
1691 239 1754 272 Nili

69 286 143 326 ἔργῳ
156 288 216 319 τοὺς
241 287 364 327 ἒχηθροὺς,
393 288 436 315 καὶ
466 286 557 317 ἁπλῶς
585 292 674 314 ποιεῖν
703 291 760 316 τοῖς
785 285 897 323 ἐπηρεά-

980 284 1032 314 tris
1047 283 1150 324 nostri,
1168 283 1217 324 qui
1233 283 1386 314 beatorum
1413 288 1441 315 et
1468 283 1754 325 sapientissimorum

69 335 159 366 ζουσιν
196 332 262 369 ὑμᾶς
280 340 286 346 ·
324 333 367 360 καὶ
401 332 430 360 τὸ
462 331 548 359 πάντα
583 329 708 370 κατέχειν
741 330 778 361 ὡς
814 328 896 366 μηδὲν

979 333 1090 359 ctorum
1107 321 1270 358 sententias
1299 328 1330 358 in
1359 338 1411 359 ore
1441 321 1559 369 semper
1583 327 1711 359 habebat
1725 331 1756 358 et

69 376 199 416 ἔχοντας,
214 377 301 409 καθὼς
317 378 347 405 τὸ
374 376 533 416 Εὗαγγέλιον
554 376 598 404 καὶ
615 377 630 403 ὁ
658 373 809 406 Απόστολος
824 375 895 412 ἡμᾶς

979 373 1018 403 mi
1033 376 1140 403 conatu
1154 372 1352 410 adnitebatur,
1380 376 1412 404 ut
1435 373 1547 404 dictum
1571 380 1663 411 opere
1678 381 1755 412 prae-

69 420 277 451 ἐκδιδάσκουσιν.
308 417 337 450 Ὀ
367 421 413 458 μὲν
443 421 486 449 οὖν
523 420 668 459 μακαρίτης
698 419 789 459 Πατὴρ
817 419 895 457 ἡμῶν

979 421 1026 447 ret
1042 420 1070 448 et
1085 416 1162 457 quod
1177 416 1397 453 addiscebatur,
1425 417 1612 457 prudentiam
1629 419 1756 457 pareret,

70 465 169 497 Νε“λος
203 470 283 494 ταῦτα
317 465 418 505 ἐφρόνει
453 476 481 493 τε
516 465 560 492 καὶ
594 463 737 503 ἐδίδασκεν,
780 463 819 491 ἀεὶ
853 463 895 490 ἐπὶ

979 461 1054 492 actio
1069 460 1175 491 similis
1191 464 1269 492 esset
1283 461 1472 492 institutioni.

69 510 204 548 στόματος
219 510 302 550 φέρων
331 511 377 542 τὰς
407 510 517 550 χρήσεις
547 512 599 537 τῶν
629 508 761 547 μακάρίων
790 508 833 535 καὶ
861 510 946 547 σοφῶν
975 505 1148 543 διδασκάλων,
1173 507 1295 550 λπγαντοίῳ
1317 517 1346 533 τε
1373 506 1463 545 τρόπῳ
1482 506 1674 545 ἀγωνιζόμενος
1690 505 1759 545 ’έργῳ

68 554 207 587 ἀποδεῖξαι
222 544 266 582 τὸν
282 554 372 593 λόγον,
446 554 493 587 τὴν
510 554 634 591 μάθησιν,
651 553 786 592 φρόνησιν,
803 552 846 580 καὶ
862 552 909 585 τὴν
925 550 1014 590 πρᾶξιν
1031 551 1097 578 κατὰ
1112 552 1160 581 τὴν
1169 548 1275 582 δίδαξιν.

110 594 167 630 π’δ’,
183 601 220 628 Ob
234 599 314 637 μόνον
328 598 355 626 δὲ
370 599 474 638 ἑαυτὸν,
504 597 571 625 ἀλλὰ
597 598 640 625 καὶ
669 597 728 628 τοὺς
744 595 801 634 μετ’
816 596 895 624 (αδτοῦ

979 595 1026 625 84.
1047 593 1109 625 Nec
1124 602 1155 626 se
1167 593 1262 634 ipsum
1280 594 1496 632 tantummodo,
1514 593 1566 625 sed
1583 603 1652 624 suos
1667 593 1754 624 etiam

70 643 155 675 οὕτως
184 643 356 682 ἐφωταγώγει
391 643 434 670 καὶ
471 641 573 681 ἥλιζεν,
609 641 710 668 ἀκούων
745 640 815 679 παρὰ
850 643 896 668 τοῦ

979 638 1317 678 riterlumineimplebat
1329 639 1427 670 etsale
1442 638 1614 675 condiebat,
1631 637 1757 669 audiens

69 690 210 728 Σωτῆρος,
227 687 266 715 ὅτι
283 699 297 715 α
314 683 408 725 Ὑμεῖς
424 686 483 714 ἐστε
511 687 541 713 τὸ
568 685 634 717 ἅλας
661 688 710 718 τῆς
726 687 789 724 γῆς,
806 685 850 712 καὶ
865 684 895 712 τὸ

979 684 1129 719 Salvatore,
1145 696 1156 711 υ
1173 683 1231 714 Vos
1242 684 1315 714 estis
1328 683 1370 714 sal
1383 687 1469 714 teme
1481 687 1510 714 et
1520 683 1570 714 lux
1587 683 1669 728 mudi
1682 683 1729 728 81ᾗ
1745 695 1756 710 ι

69 734 128 770 φῶς
156 726 208 759 ντοῧ
242 731 355 769 κόσμου,
392 729 523 761 Πολλάκις
561 730 609 769 γὰρ
645 729 670 756 εἴ
705 740 755 757 που
790 727 896 767 ηὕρισκε

979 737 1021 769 spe
1037 728 1116 758 enim
1132 727 1182 758 ubi
1196 728 1227 758 in
1243 728 1365 759 dictum‘
1382 733 1432 759 aut
1446 727 1622 759 sententiam
1638 726 1760 759 incidis-

70 778 172 815 χρῆαιν
188 775 206 809 ἢ
221 776 345 815 γνώμην,
376 774 432 803 εἴτε
461 774 601 814 τροπάριον
630 773 660 802 ἐκ
687 777 739 802 τῶν
755 773 872 801 κανόνων
887 780 894 787 ⁸

979 781 993 810 ;,
1010 772 1103 803 autin
1129 771 1280 803 modulum
1305 782 1341 804 ex
1367 772 1478 804 Olliciis
1503 777 1685 808 sanctorum,
1702 781 1760 812 quo

70 810 234 857 κατόρθωσιν
269 818 346 851 ἤθους
382 817 548 855 διδάσκοντα,
578 817 807 857 προσκαλούμενος
836 816 896 847 τοὺς

988 817 1288 857 corrigendoslmores
1301 817 1413 858 aliquid
1424 817 1638 857 contineretur,
1654 810 1759 847 fratres

70 862 199 902 ἀδελφοὺς
235 862 323 902 ὥσπερ
359 863 417 890 τινὰ
452 862 550 901 κλῆρον
586 860 692 889 διεδίδου
727 863 817 892 αὑτοῖς
852 863 897 888 τοῦ

979 861 1099 910 yocabat
1113 866 1142 892 et
1157 862 1241 902 quasi
1271 862 1488 894 haereditariam
1517 863 1688 910 portionem
1698 861 1760 910 dis-

70 907 256 944 ἀποστηθίζειν
292 908 357 938 αὐτά
375 916 382 924 ⁶
421 914 478 938 τοῖς
515 908 563 944 μὲν
588 907 707 947 ἰσχύουσι
735 907 768 933 τὰ
795 905 896 943 ὑψηλὰ,

70 959 132 984 τοῖς
155 951 181 979 δὲ
208 952 402 991 ἀσθενεστέροις
431 952 464 979 τὰ
490 951 610 991 ἐλαφρά’
642 952 686 979 καὶ
714 951 818 986 ἑκάστίρ
832 951 897 989 προς

70 997 103 1024 τὸ
130 997 212 1029 πάθος
239 999 262 1034 ᾧ
289 996 503 1036 ἐπλεονεκτεῖτο,
533 997 576 1023 καὶ
604 996 634 1023 τὸ
659 994 827 1033 ἕμπλαστρον
854 998 899 1022 τοῦ

72 1042 230 1078 μαθήματος
277 1041 400 1072 ἐπετίθει,
446 1043 511 1069 Οἷον
554 1039 579 1067 εἴ
616 1050 655 1070 τις
691 1039 896 1078 γαστρίμαργος,

71 1086 105 1113 τὰ
120 1086 179 1125 περὶ
194 1086 346 1125 ἐγκρατείας
364 1096 372 1104 ·
402 1085 428 1113 εἴ
456 1096 495 1116 τις
524 1084 632 1123 λάγνος,
649 1084 681 1111 τὰ
696 1084 754 1122 περὶ
769 1083 872 1121 ἁγνείας
890 1091 896 1099 ·

72 1129 100 1156 εἴ
129 1141 169 1161 τις
198 1130 343 1170 κενόδοξος,
375 1130 407 1158 τὰ
431 1131 490 1168 περὶ
513 1128 751 1169 ταπεινοφροσύνης
769 1135 776 1142 ⁸
806 1126 832 1154 εἴ
860 1137 900 1158 τις

74 1173 240 1212 γλωσσώδης
275 1175 318 1202 καὶ
337 1169 482 1214 μάχιμος,
511 1173 559 1207 τὴν
587 1171 747 1205 Ἐπιστολὴν
776 1169 900 1200 Ἰακώϐου

74 1222 122 1246 τοῦ
139 1218 297 1248 ἀποστόλου.
317 1219 344 1247 El
360 1218 386 1246 δεῖ
416 1230 455 1250 τις
483 1219 515 1252 ἦν
542 1217 687 1257 δυσμαθὴς,
707 1216 804 1254 καὶμὴ
821 1215 899 1243 δυνά-

75 1273 157 1300 μενος
173 1263 359 1303 μνημονεύειν,
388 1263 494 1302 γράφων
522 1263 571 1295 τὴν
599 1262 709 1301 γνώμην
739 1261 765 1288 ἐν
779 1261 899 1298 τμήματι

74 1308 197 1346 χαρτίου,
232 1308 330 1347 ἐκρέμα
365 1308 435 1344 αὒτῷ
471 1307 512 1335 ἐπὶ
540 1307 584 1334 τὸν
612 1305 760 1346 τράχηλον,
796 1305 814 1338 ἢ
842 1305 901 1343 περὶ

73 1352 120 1379 τὸν
135 1353 265 1392 βραχίονα
289 1354 377 1390 αὐτοῦ,
405 1352 500 1391 μέχρις
529 1351 589 1378 ὅτου
619 1351 700 1383 αὐτὴν
715 1350 897 1384 ἀπεστήῡιζεν.

75 1396 165 1428 Οὕτως
194 1397 275 1425 ἐποίει
310 1398 324 1424 ὁ
359 1397 580 1436 τρισμακάριστος
615 1395 675 1426 τοὺς
705 1393 817 1422 ἀλάλους
847 1393 899 1421 λα-

591 1463 599 1479 ,
628 1440 672 1467 καὶ
699 1439 760 1470 τοὺς
788 1437 898 1478 τυφλούς

265 1486 325 1516 τοὺς
360 1483 504 1524 βαρϐάρους
546 1483 678 1523 εἰργάζετο
721 1482 858 1521 θεολόγους
889 1490 897 1496 ·

74 1439 145 1477 λεῒν,
180 1441 224 1469 καὶ
257 1442 317 1472 τοὺς
344 1441 448 1480 κωφοὺς
484 1440 587 1468 ἀκούειν

73 1483 181 1522 βλέπειν
214 1494 220 1500 “

940 905 1097 943 tribuebat,
1115 910 1145 936 ut
1160 907 1312 937 memoriae
1327 907 1514 947 mandarent,
1525 907 1628 937 validis
1641 905 1761 946 quidem

942 949 1081 980 sublimia
1095 950 1179 991 dans,
1197 951 1380 982 tenuioribus
1408 961 1479 982 vero
1495 951 1582 987 levia,
1600 955 1629 981 et
1643 950 1761 981 unicui-

940 1003 1010 1033 que,
1028 998 1058 1024 ut
1073 994 1178 1025 allecto
1204 995 1364 1033 laborabat,
1395 996 1436 1027 ila
1455 996 1646 1036 emplastrum
1663 995 1759 1026 docu-

941 1038 1032 1068 menti
1049 1039 1226 1078 apponebat.
1259 1039 1395 1078 Exempli
1422 1040 1526 1079 gratia,
1556 1040 1581 1070 si
1601 1040 1666 1079 quis
1681 1041 1761 1070 esset

940 1082 1036 1112 ventri
1047 1082 1176 1120 deditus,
1186 1082 1275 1114 dabat
1285 1083 1472 1114 abstinentia:
1483 1088 1645 1124 prmcepta:
1659 1083 1683 1114 si
1693 1083 1760 1123 quis

942 1127 1032 1163 salax,
1050 1127 1210 1164 castitatis;
1242 1127 1266 1157 si
1291 1127 1359 1167 quis
1383 1127 1481 1159 inanis
1506 1127 1607 1167 gloriae
1622 1127 1760 1168 cupidus,

941 1171 1132 1209 humilitatis;
1157 1172 1181 1202 si
1196 1171 1262 1212 quis
1277 1171 1395 1210 linguax
1409 1179 1438 1202 et
1452 1172 1668 1209 contentiosus,
1682 1181 1757 1208 apo-

941 1215 1009 1245 stoli
1023 1215 1125 1246 Jacobi
1139 1216 1301 1256 Epistolam
1317 1216 1358 1248 82.
1385 1216 1466 1252 Quod
1491 1216 1517 1246 si
1531 1216 1596 1256 quis
1611 1220 1690 1246 esset
1704 1216 1760 1246 he-

942 1259 1064 1290 betioris
1079 1259 1200 1300 ingenii,
1218 1269 1273 1291 nec
1290 1260 1315 1290 vi
1332 1261 1485 1292 memoriae
1498 1261 1635 1301 polleret,
1646 1261 1675 1291 in
1691 1269 1762 1301 par-

942 1304 1007 1334 vula
1017 1305 1117 1335 charta
1128 1305 1277 1336 scribebat
1289 1305 1468 1337 sententiam
1487 1310 1515 1336 et
1525 1305 1712 1346 appendebat
1726 1305 1763 1336 ad

942 1348 1007 1388 ejus
1034 1349 1192 1386 cervicem,
1224 1349 1285 1380 sive
1313 1350 1349 1380 ad
1377 1350 1545 1386 brachium,
1575 1350 1670 1380 donec
1696 1358 1760 1379 eam

941 1393 1115 1424 memoriter
1130 1393 1279 1424 recitaret.
1297 1394 1339 1424 Ita
1354 1394 1477 1425 faciebat
1493 1399 1537 1425 ter
1553 1394 1655 1424 beatus
1665 1395 1762 1431 Pater,

941 1440 974 1467 ut
988 1438 1061 1468 muti
1077 1438 1271 1478 loquerentur
1294 1443 1323 1469 et
1338 1439 1421 1469 surdi
1436 1439 1572 1470 audirent
1588 1442 1617 1469 et
1630 1438 1700 1469 caeci
1716 1438 1762 1468 vi-

941 1481 1062 1513 derent:
1078 1481 1220 1513 barbaros
1236 1482 1382 1514 efﬁciebat
1398 1484 1561 1522 theologos,
1575 1487 1605 1514 et
1615 1483 1764 1522 iumento.

73 1529 192 1561 καὶτοὺς
218 1540 281 1558 ποτε
310 1529 514 1569 κτηνοτρόφους,
543 1528 685 1567 ἀνθρώπων
714 1526 895 1558 διδασκάλους.

979 1536 1003 1556 m
1020 1530 1152 1566 pastores
1180 1527 1310 1558 mutabat
1336 1527 1368 1558 in
1386 1528 1521 1558 doctores
1549 1527 1715 1567 hominum,
1732 1530 1762 1557 et

76 1573 121 1600 καὶ
137 1573 250 1605 πολλοὺς
277 1573 325 1611 μὲν
354 1572 489 1608 ἀπήλλαξε
518 1572 607 1600 δεινῶν
636 1571 788 1610 δαιμονίων,
803 1571 896 1599 πλείο-

75 1628 123 1649 νας
159 1617 186 1645 δὲ
220 1620 309 1646 παθῶν
343 1617 508 1657 ἀκαθάρτων,
537 1618 581 1645 καὶ
609 1617 743 1650 συνηθείας
772 1616 871 1644 ἀτόπου
888 1625 895 1633 ·

75 1666 168 1698 μεῖζον
203 1661 230 1690 δὲ
264 1665 310 1690 τοῦ
343 1662 470 1701 προτέρου
504 1663 535 1689 τὸ
564 1660 693 1700 δεύτερον.
722 1659 812 1689 Πολλὰ
841 1659 898 1699 ἔχω

75 1710 122 1734 τοῦ
144 1706 230 1746 λέγειν
255 1707 313 1746 περὶ
342 1708 431 1746 αὐτοῦ,
461 1705 520 1734 ἀλλ’
549 1708 596 1734 οὔκ
624 1705 653 1741 ἐᾷ
681 1715 714 1743 με
744 1706 758 1732 ὁ
787 1704 894 1744 χρόνος,

76 1750 215 1790 ἐπείγομαι
244 1751 294 1790 γὰρ
321 1751 386 1790 πρὸς
411 1751 441 1778 τὸ
469 1750 556 1782 τέλος.
585 1749 657 1777 Μετᾶ
685 1750 715 1777 τὸ
742 1747 897 1781 τελευτῆσαι

75 1795 121 1822 τὸν
135 1794 251 1833 ἀοίδιμον
282 1793 443 1834 Ἀλιγέρνον,
473 1795 517 1822 τὸν
545 1793 633 1825 καλῶς
660 1794 704 1821 καὶ
733 1793 809 1825 ὁσίως
833 1804 897 1820 ποι-

75 1839 194 1876 μάναντα
225 1840 274 1873 τὴν
310 1840 394 1877 μονὴν
428 1842 474 1866 τοῦ
508 1839 582 1878 ἁγίου
610 1837 771 1877 Βενεδίκτου,
801 1837 897 1870 ἀνέστη

75 1881 118 1910 ἐπ’
134 1884 214 1917 αὐτὴν
230 1884 389 1923 ἡγούμενος,
419 1884 446 1914 ὃς
471 1883 517 1911 οὒκ
546 1881 602 1920 ᾔδει
633 1883 677 1910 τὸν
692 1881 762 1910 ὅσιον
789 1881 897 1921 Νεῖλον,

77 1927 151 1959 ὅστις
175 1928 219 1968 ἦν,
246 1927 351 1962 ἀληθῶς
382 1926 404 1955 δ’
433 1928 518 1955 εἰπεῖν
545 1926 603 1954 οὒὸὲ
631 1928 676 1954 τὸν
707 1927 770 1954 Θεόν
787 1936 793 1942 ·
825 1925 897 1963 ὅμως

75 1972 194 2012 γνωρίσει
229 1973 262 2001 τὰ
298 1974 356 2012 περὶ
402 1972 480 2000 αὐτὸν
524 1975 612 2011 τοῦτο,
655 1970 719 2010 ὅπερ
763 1971 898 2008 συντόμως

75 2015 138 2054 ἐρῶ.

115 2054 170 2091 πε’,
187 2059 389 2100 Παραϐαλόντος
417 2063 463 2088 τοῦ
493 2059 632 2099 μακαρίου,
649 2062 698 2096 μιᾷ
724 2061 776 2086 τῶν
791 2059 898 2098 ἡμερῶν

75 2106 140 2144 πρὸς
155 2106 244 2146 αὐτὸν,
261 2105 353 2146 ἔτυχεν
381 2106 459 2134 αὐτὸν
489 2106 574 2145 εὑρεῖν
600 2105 627 2133 ἐν
655 2108 693 2142 τῷ
715 2105 787 2134 κάτω
812 2116 898 2142 μονα-

939 1571 1046 1601 mullos
1060 1571 1179 1611 quidem
1205 1572 1242 1602 ad
1269 1571 1385 1602 infestis
1410 1571 1596 1603 daemonibus
1611 1571 1757 1610 liberavit,

938 1614 1038 1654 plures
1050 1623 1119 1646 vero
1134 1615 1169 1646 ab
1185 1616 1310 1656 impuris
1325 1616 1417 1647 animi
1427 1617 1583 1647 aﬂ'ectibus
1594 1620 1623 1647 et
1634 1625 1760 1647 consue-

939 1658 1041 1689 tudine
1055 1659 1190 1690 absona:
1223 1661 1318 1701 majus
1343 1670 1430 1701 porro
1459 1665 1503 1692 est
1533 1661 1589 1692 hoc
1614 1661 1762 1701 posterius

939 1703 1042 1743 priori.
1058 1704 1269 1744 Multajhabeo,
1287 1714 1352 1746 qua:
1376 1705 1472 1736 dicam
1503 1705 1541 1736 de
1570 1705 1632 1745 illo,
1659 1713 1761 1736 verum

938 1751 1055 1787 tempus
1072 1758 1131 1779 non
1147 1749 1302 1789 permittit,
1315 1750 1453 1790 quoniam
1466 1749 1502 1780 ad
1513 1750 1602 1780 linem
1621 1758 1762 1790 propero.

937 1792 1083 1824 Defuncto
1094 1793 1290 1824 celeberrimo
1302 1795 1455 1833 Aligerno,
1463 1794 1765 1835 quibenesancteque

939 1837 1446 1871 administraveratmonasteriumS.
1457 1838 1622 1876 Benedicti,
1641 1847 1762 1870 succes-

940 1880 978 1911 sit
991 1881 1022 1911 in
1045 1891 1079 1912 eo
1093 1882 1288 1921 hegumenus,
1305 1884 1356 1923 qui
1379 1883 1496 1914 beatum
1512 1883 1621 1921 Nilum,
1648 1883 1697 1923 qui
1720 1883 1765 1913 vir

940 1930 1029 1966 esset,
1046 1925 1289 1968 ignorabatﬁimo
1304 1937 1374 1958 vero
1403 1927 1462 1958 dici
1491 1931 1587 1968 potest
1614 1931 1644 1958 et
1669 1928 1763 1959 Deum

940 1969 1048 2010 ipsum.
1079 1971 1202 2002 Planum
1232 1972 1262 2002 id
1289 1972 1340 2003 ﬁet
1367 1981 1420 2012 per
1447 1971 1514 2011 hoc,
1557 1971 1636 2013 quod
1663 1972 1765 2012 paucis

941 2015 1080 2045 narrabo.

979 2058 1029 2090 85.
1047 2060 1118 2091 Cum
1135 2060 1238 2091 beatus
1265 2061 1310 2091 vir
1335 2061 1485 2102 profectus
1510 2066 1590 2093 esset
1613 2062 1650 2093 ad
1665 2062 1763 2102 ipsum

940 2102 1111 2143 aliquando,
1129 2104 1203 2135 forte
1217 2105 1300 2135 illum
1317 2105 1428 2136 invenit
1453 2106 1484 2136 in
1508 2106 1643 2137 inferiori
1658 2115 1764 2136 mona-

76 2150 186 2190 σττ.ρίῳ,
202 2149 228 2178 ἐν
244 2152 266 2187 ᾧ
294 2149 395 2190 ἵδρυται
420 2150 583 2190 πάντερπνος
613 2150 674 2181 ναὸς
703 2153 749 2178 τοῦ
778 2150 897 2189 ἁγιωτά-

979 2148 1040 2186 :rio,
1059 2149 1110 2179 ubi
1134 2150 1320 2181 sanctissimo
1349 2150 1496 2182 Germano
1527 2151 1590 2191 (71)
1616 2151 1704 2182 situm
1722 2154 1766 2181 est

75 2206 121 2223 του
155 2198 300 2235 Γερμανοί),
327 2194 426 2223 ὑδάτων
461 2195 556 2230 πλήθει
590 2195 634 2222 καὶ
668 2193 760 2222 κάλλει
787 2205 898 2234 περιαν-

74 2239 228 2276 τλούμενος,
259 2241 321 2278 Εὗρε
348 2238 375 2267 δὲ
398 2240 442 2268 τὸν
472 2241 549 2269 αὑτὸν
579 2239 726 2278 ἡγούμενον
762 2239 807 2266 σὺν
839 2245 897 2270 τοῖς

74 2284 189 2323 πρώτοις
217 2286 264 2312 τοῦ
299 2283 416 2322 μεγάλου
445 2284 621 2323 μοναστηρίου
649 2282 817 2320 λελουμένον,
855 2285 898 2312 καὶ

76 2327 101 2355 ἐν
136 2331 174 2364 τῷ
223 2327 365 2367 ἆριστηρίῳ
410 2327 538 2359 ἐσθίοντα,
587 2323 632 2359 Ὠς
668 2327 711 2356 οὖν
747 2327 898 2367 περιέμενεν

76 2373 152 2400 αὐτὸν
177 2373 190 2400 ὁ
218 2372 290 2403 ὅσιος
320 2372 346 2400 ἐν
374 2375 408 2410 τῇ
435 2371 562 2408 ἐκκλησίᾳ
583 2372 650 2409 μετὰ
677 2375 729 2399 τῶν
758 2372 802 2400 σὺν
830 2373 899 2408 αὖτῷ

77 2415 203 2456 ἀδελφῶν,
240 2416 328 2444 ἀκούει
363 2415 403 2444 ὅτι
437 2416 590 2456 κιθαριστὴς
624 2415 728 2449 εἰσῆλθε
763 2416 898 2455 κιθαρίζων

78 2460 104 2488 ἐν
132 2464 169 2497 τῷ
204 2460 357 2500 ἆριστηρίῳ,
394 2461 458 2489 Τότε
494 2462 507 2489 ὁ
543 2461 688 2499 μακαρίτης
717 2460 813 2492 Νεῖλος
849 2460 899 2500 ἔφη

77 2505 142 2543 πρὸς
170 2504 230 2536 τοὺς
259 2504 382 2535 συνόντας
400 2513 406 2520 ·
446 2504 586 2542 ΜέμνησΟέ
618 2515 669 2541 μου
693 2507 739 2532 τοῦ
768 2504 897 2543 ῥήματος,

77 2547 193 2589 ἀδελφοὶ,
209 2548 249 2577 ὅτι
263 2549 294 2577 αὖ
304 2547 423 2588 βραδύνει
450 2554 496 2578 τοῦ
520 2548 605 2577 ἐλθεῖν
634 2549 683 2582 τὴν
709 2549 791 2588 ὀργὴν
808 2551 900 2588 Κυρίου

115 2629 141 2654 8l
155 2626 256 2661 Matth.
273 2636 304 2666 ν,
321 2627 368 2667 13,
387 2628 436 2659 14.
478 2627 507 2654 82
519 2629 581 2659 Jac.
597 2636 641 2666 in,
658 2628 722 2660 5-7.

940 2193 1093 2232 templum,
1130 2203 1270 2234 aquarum
1307 2195 1578 2226 circumﬂuentium
1613 2195 1697 2235 copia
1734 2199 1765 2225 et

939 2237 1107 2268 amoenitate
1123 2239 1366 2278 pulcherrimum.
1383 2239 1498 2270 Invenit
1512 2244 1612 2270 autem
1625 2238 1764 2269 eumdem

939 2281 1149 2322 hegumenum,
1175 2293 1241 2313 cum
1267 2283 1416 2323 primariis
1441 2283 1614 2314 monasterii
1644 2283 1766 2322 majoris

940 2324 1031 2356 lotum
1048 2331 1078 2357 et
1104 2327 1298 2368 prandentem
1327 2328 1358 2358 in
1387 2328 1546 2358 caenaculo.
1575 2329 1647 2359 Cum
1677 2327 1767 2366 igitur

939 2369 985 2400 vir
999 2375 1118 2402 sanctus
1132 2372 1215 2402 illum
1232 2375 1417 2412 exspectaret
1432 2371 1462 2402 in
1478 2372 1606 2403 ecclesia
1620 2381 1679 2402 una
1698 2381 1766 2402 cum

941 2416 1030 2446 sociis
1045 2416 1196 2453 fratribus,
1212 2417 1293 2447 audit
1308 2416 1476 2456 ingressum
1492 2425 1558 2448 esse
1583 2417 1766 2448 citharistam

941 2460 1051 2491 fidibus
1066 2465 1220 2492 canentem
1250 2463 1280 2491 in
1309 2461 1473 2492 caenaculo.
1504 2461 1578 2492 Tum
1606 2461 1642 2492 ad
1670 2462 1767 2493 socios

941 2504 1044 2536 beatus
1058 2505 1158 2536 Nilus:
1183 2506 1371 2544 Mementote,
1400 2506 1495 2547 inquit
1509 2506 1591 2537 verbi
1608 2506 1679 2544 mei,
1697 2507 1762 2537 fra-

942 2553 1001 2580 tres
1014 2561 1020 2582 :
1038 2560 1098 2581 non
1113 2551 1195 2582 tarda
1207 2551 1238 2581 in
1249 2550 1302 2582 hos
1313 2550 1450 2583 homines
1465 2552 1565 2583 veniet
1575 2551 1619 2583 ira
1634 2551 1765 2583 Domini.

773 2709 895 2741 Joannis
909 2709 973 2743 Clei
987 2715 1076 2743 notae.

114 2769 176 2809 (71)
191 2767 349 2840 Temglum
365 2767 396 2799 S.
413 2768 554 2800 Fermani
571 2768 659 2799 sitnm
676 2772 720 2799 est
734 2768 765 2800 in
777 2770 898 2810 oppido,

116 2809 154 2840 od
169 2809 240 2840 olim
294 2833 301 2840 .
333 2808 414 2839 Petri
442 2808 631 2840 nominatum
657 2808 711 2839 fuit
726 2813 755 2840 et
770 2819 849 2840 nunc
863 2810 898 2840 ah

77 2809 154 2850 quod
169 2809 240 2850 olim
270 2808 301 2841 S.
333 2808 414 2839 Petri
442 2808 631 2850 nominatum
657 2808 711 2839 fuit
726 2813 755 2850 et
770 2808 849 2850 nunc
863 2810 899 2841 ab

78 2848 182 2881 eodem
198 2848 228 2881 S'
246 2850 395 2882 Germano
417 2848 591 2890 appellatur.
613 2848 698 2882 Jacet
710 2849 747 2881 ad
766 2849 898 2883 radicem

942 2771 1041 2814 Gasini
1055 2773 1173 2811 Montis,
1191 2773 1221 2804 in
1240 2782 1342 2814 eoque
1351 2773 1561 2805 monasterium
1578 2777 1606 2804 et
1622 2776 1767 2814 temptum

943 2812 1031 2855 etiam
1045 2814 1134 2855 hodie
1149 2812 1297 2855 superest:
1311 2813 1386 2855 Vide
1396 2814 1597 2846 Mabillonium
1613 2814 1644 2845 in
1658 2812 1768 2845 Alma-

941 2851 1021 2885 libus
1035 2853 1071 2884 ad
1087 2851 1207 2886 Annum
1226 2853 1338 2886 Christi
1352 2853 1422 2886 720.
