1954 3059
197 125 255 159 143

944 127 1122 161 ANONYMI

1824 131 1883 164 144

195 190 324 240 §urgite,
352 191 492 240 abeamus
513 190 595 224 hinc.
610 191 647 222 Et
675 191 731 240 hoc
745 190 837 232 dicto,
863 191 966 224 disces:

1131 197 1192 229 τοὺς
1227 197 1377 236 ἀνθρώπους
1412 199 1530 231 τούτους.
1569 198 1726 240 Ἐγείρεσθε⁹
1772 199 1881 239 ἄγωμεν

195 236 335 267 Nondum
347 236 464 276 elapsus
479 239 542 266 erat
552 244 648 267 annus
660 239 690 267 et
699 236 885 276 hegnmenus
899 246 917 268 a
931 237 1017 278 prin-

194 280 261 320 cipe
275 281 423 318 detentus,
453 284 486 310 ut
511 281 725 321 conjurationis
747 281 846 312 socius
862 281 1016 312 oculorum

194 324 347 356 orbatione
359 324 498 356 multatus
509 328 554 356 est
568 326 648 366 (792);
664 325 803 357 monachi
818 326 897 365 gravi
913 326 1016 357 morbo

194 369 341 409 Oppressi,
357 378 451 410 usque
466 370 503 400 ad
518 373 644 401 mortem
659 370 788 401 afﬂictati
799 374 877 408 sunt,
895 370 1014 411 quidam

191 412 279 444 etiam
295 423 313 445 e
325 414 387 444 vita
410 418 585 446 cesserunt:
617 415 771 446 citharista
795 424 865 446 vero
881 415 932 447 ille
948 424 1015 446 cum

192 457 265 489 isset
278 458 397 489 furandi
412 469 513 497 causa,
530 463 632 500 captus
647 464 691 491 est
715 464 744 491 et
768 464 833 500 post
846 459 937 490 multa
951 463 1015 490 tor-

192 505 293 533 menta
318 503 439 534 tandem
454 504 511 544 ipsi
539 514 657 545 quoque
680 504 758 536 oculi
774 504 875 535 eﬂ'ossi
889 508 969 542 sunt,
986 508 1016 534 et.

191 555 297 578 omnes
308 547 393 587 juxta
407 549 489 580 senis
504 549 676 580 vaticinium
691 548 816 580 calicem
831 548 884 580 irae
897 548 1016 580 Domini

190 590 344 624 biberunt.
361 592 474 625 Verum
488 593 552 625 haec
566 597 679 635 postea.

1059 241 1188 272 ἐντεῦθεν.
1236 243 1285 271 Καὶ
1329 246 1405 272 τοῦτο
1449 244 1528 272 εἰπὼν
1573 243 1756 284 ἀνεχώρησεν,
1801 244 1883 273 Οὔπω

1058 284 1147 319 διῆλθε
1162 286 1272 327 χρόνος,
1300 287 1343 316 καὶ
1371 289 1385 316 ὁ
1414 288 1461 326 μὲν
1489 288 1635 327 ἡγούμενος
1663 290 1801 329 κρατηθεὶς
1829 289 1882 317 ὑπὸ

1057 333 1103 358 τοῦ
1138 331 1279 371 πρίγκιπος
1313 331 1346 360 δι’
1382 332 1521 371 ἀνταρσίαν
1548 333 1608 365 τοὺς
1637 333 1785 373 δῩθαλμοὺς
1813 332 1883 366 ἐξω-

1057 374 1154 415 ρύχθη,
1171 376 1194 403 οἱ
1223 374 1250 404 δὲ
1275 377 1390 416 μοναχοὶ
1418 376 1547 416 ἀρρωστίᾳ
1571 377 1680 417 χαλεπῇ
1694 378 1882 417 περιπεσόντες

1056 417 1261 454 έϐισανίσθησαν
1289 420 1340 452 ἕως
1367 421 1488 461 θανάτου,
1520 421 1589 453 τινὲς
1619 420 1646 449 δὲ
1674 420 1700 454 ἐξ
1725 423 1810 451 αὐτῶν
1838 421 1884 449 καὶ

1056 462 1184 491 ἀπέθανον
1200 473 1207 481 ”
1238 466 1252 493 ὁ
1280 463 1307 492 δὲ
1338 465 1489 503 κιθαριστὴς
1516 465 1618 497 ἐκεῖνος
1648 465 1768 494 ἀπελθὼν
1799 466 1835 497 εἰς
1850 466 1883 494 τὸ

1056 507 1154 545 κλέψαι
1169 509 1213 537 καὶ
1236 509 1365 546 πιασθεὶς,
1397 510 1464 547 μετὰ
1490 509 1591 542 πολλὰς
1617 511 1664 543 τὰς
1692 511 1821 549 βασάνους
1837 511 1884 538 καὶ

1057 553 1135 584 αὐτὸς
1154 554 1214 585 τοὺς
1242 553 1391 594 ὀφθαλμοὺς
1419 554 1554 594 ἔξωρύχθη
1570 563 1578 572 ·
1607 555 1651 583 καὶ
1678 555 1776 586 πάντες
1807 554 1883 583 ἔπιον

1057 599 1107 631 τῆς
1121 602 1167 628 τοῦ
1182 601 1247 627 Θεοῦ
1261 598 1343 638 ὀργῆς
1371 599 1401 626 τὸ
1428 599 1555 638 ποτήριον
1582 599 1650 627 κατὰ.
1681 600 1731 634 τὴν
1756 602 1803 628 τοῦ
1831 598 1882 638 γέ-

1056 653 1147 682 ροντος
1161 642 1314 683 πρόρρησιν.
1330 641 1414 672 Ἀλλὰ
1427 646 1509 671 ταῦτα
1524 643 1572 681 μὲν
1586 643 1704 680 ὕστερον.

928 701 1052 735 CAPUT
1066 701 1144 734 XIII.

187 754 223 787 S.
233 753 323 786 Nilus
333 753 491 786 abbatiam
506 754 711 793 Vallis-Lucii,
721 759 754 786 ut
767 754 866 787 locum
875 755 1070 796 sibizsuisque
1079 755 1172 787 nimis
1182 755 1378 794 commodum,
1391 755 1535 796 relinquit
1546 757 1723 797 migratque
1731 756 1772 788 ad
1781 756 1882 787 alium

228 799 327 839 magis
350 799 521 831 solitarium
546 800 580 831 in
603 808 680 840 agro
706 800 872 839 Caietano;
901 800 1046 840 feminas,
1075 801 1167 831 etiam
1181 801 1343 841 principes,
1359 810 1419 832 non
1433 803 1495 833 nisi
1505 805 1627 833 coactus
1642 803 1685 833 ad
1699 801 1882 842 colloquium

229 844 365 875 admittit
379 853 387 882 ;
401 844 443 874 ad
453 844 607 884 principes
617 847 831 884 mugnatesque
845 848 964 876 tantum
982 853 1040 884 pro
1054 845 1174 876 miSeris
1188 848 1326 883 acturus,
1356 845 1483 877 accedit.
1513 845 1641 878 Romam
1653 848 1806 887 profectus
1818 854 1880 886 pro

228 887 347 919 Joanne
361 888 507 928 antipapa
522 889 603 929 apud
618 888 796 928 Ponti/icem
811 892 839 920 et
854 890 1069 929 imperatorem
1085 889 1272 929 deprecatur.

231 946 378 978 Caeterum
388 946 493 978 beatus
502 946 586 978 Nilus
600 950 799 978 commoratus
818 947 849 978 in
864 951 1002 978 monaste‘

1108 954 1128 978 Ο
1145 952 1229 979 τοίνυν
1254 951 1400 990 μακαρίτης
1424 951 1520 983 Νεῖλος
1551 952 1666 987 ποιήσας
1695 951 1722 980 ἐν
1750 954 1784 990 τῇ
1808 954 1878 990 μονῇ

190 992 249 1030 rio,
261 991 421 1036 Vallelucii
430 991 526 1029 titulo,
539 991 575 1022 ad
588 991 758 1032 quindecim
773 1001 879 1030 annos,
899 996 961 1032 post

1135 993 1280 1034 λεγομένου
1302 995 1499 1034 ίΒαλλελουκίου
1534 997 1592 1036 περὶ
1625 997 1659 1024 τὰ
1692 995 1879 1025 πεντεκαίδεκα

191 1045 280 1076 quam
297 1035 438 1067 crevisset
447 1045 587 1067 numerus
597 1036 720 1066 fratrum
733 1039 763 1067 et
775 1036 943 1068 necessaria
961 1050 962 1066 ;

1108 1062 1114 1078 ,
1151 1040 1196 1068 καὶ
1228 1042 1280 1067 τῶν
1311 1038 1430 1079 ἀδελφῶν
1464 1035 1673 1078 πληθδνθέντων,
1702 1042 1746 1070 καὶ
1772 1041 1879 1069 πάντων

189 1080 432 1120 perabundarent
447 1084 475 1111 et
490 1081 704 1112 monasterium
728 1085 806 1112 esset
827 1081 957 1122 amplum

1103 1095 1106 1109 ι
1134 1086 1184 1116 τῆς
1219 1084 1312 1123 χρείας
1347 1085 1608 1125 ὑπερεκχυνομένων,
1644 1086 1688 1114 καὶ
1715 1090 1762 1115 τοῦ
1789 1096 1874 1123 μονα-

189 1125 255 1166 ejus
270 1135 361 1166 opera
386 1125 506 1156 celebre
535 1125 654 1166 factum,
685 1135 749 1157 cam
777 1129 866 1156 antea
880 1126 960 1157 tale]

1108 1127 1162 1167 ρίου
1197 1127 1414 1169 μεγαλονθέντος,
1458 1130 1502 1157 καὶ
1546 1130 1692 1167 ὁνομαστοῦ
1735 1130 1878 1170 γενομένου

187 1174 279 1208 esset,
316 1170 436 1201 videbat
469 1170 576 1202 fratres
612 1170 767 1201 remissius
794 1171 913 1201 allectos
945 1179 958 1201 e

1125 1172 1202 1202 αὒτοῠ
1237 1173 1369 1212 συνεργίᾳ,
1406 1173 1435 1202 οὒ
1479 1174 1604 1214 πρότερον
1636 1172 1712 1206 (ivro:
1746 1175 1874 1210 τοιούτου1

187 1214 321 1256 spiritale
336 1214 536 1245 ministerium
553 1218 583 1245 et
598 1218 728 1246 exactam
758 1214 868 1254 regulae
884 1214 957 1245 disci

1105 1227 1125 1244 κα
1157 1217 1217 1249 τοὺς
1260 1216 1385 1258 ἀδελφοὺς
1428 1220 1457 1247 οὐ
1501 1218 1569 1246 πάνυ
1610 1219 1792 1259 φροντίζοντας
1827 1221 1876 1252 τῆς

187 1269 270 1300 nam,
284 1268 371 1300 quam
383 1259 420 1290 ab
440 1259 527 1290 initio
542 1262 745 1300 susceperant,
761 1259 862 1290 allata
875 1258 924 1289 via
938 1268 958 1297 gl

1104 1264 1233 1298 υματικῆς
1278 1261 1451 1303 λειτουργίας,
1496 1263 1540 1290 καὶ
1582 1258 1632 1296 τῆς
1679 1268 1725 1292 τοῦ
1765 1263 1875 1294 κανόνος

187 1305 304 1342 dentes,
322 1307 598 1344 concertantesque,
615 1304 666 1344 qui
691 1312 794 1334 eorum
810 1307 890 1334 esset
904 1304 958 1343 maj

1105 1304 1197 1342 ιϐείας,
1214 1306 1241 1334 ὲν
1255 1308 1274 1345 ᾗ
1289 1306 1451 1335 ἐτετυπωντο
1478 1306 1606 1346 ἀρχῆθεν,
1637 1306 1704 1335 ἀλλὰ
1717 1310 1751 1345 τῇ
1765 1307 1876 1343 πλατείᾳ

186 1348 232 1380 Ad
257 1348 315 1380 hoc
346 1348 434 1379 etiam
451 1348 578 1379 contulit
593 1348 654 1379 illis
682 1347 840 1379 memorati
855 1348 957 1387 begun

1105 1362 1109 1376 ›
1143 1349 1296 1387 ἡδομένους,
1332 1351 1375 1378 καὶ
1403 1349 1546 1390 ἀμφιϐολίᾳ
1573 1349 1811 1390 περιϐαλλομένους
1836 1352 1876 1384 τίς

188 1392 304 1433 levitas,
319 1393 429 1433 quippe
443 1394 492 1433 qui
509 1392 685 1424 muneribus
700 1391 904 1423 oblectabatur
918 1396 947 1422 et

1101 1398 1151 1429 ζων
1169 1402 1176 1409 ⁸
1202 1395 1322 1434 συνήργει
1349 1393 1376 1422 δὲ
1404 1395 1496 1426 αὺτοῖς
1529 1396 1573 1423 καὶ
1608 1397 1626 1430 ἡ
1660 1396 1791 1436 κουφότης
1827 1402 1872 1426 τοῦ

189 1446 241 1468 osa
253 1437 296 1467 illi
308 1441 370 1467 erat
380 1437 485 1477 pietas.
497 1436 566 1468 Haec
578 1441 734 1477 postquam
746 1436 896 1476 perspexit
910 1436 960 1467 bea

1101 1438 1248 1478 ›λεχθέντος
1276 1439 1432 1479 ἡγουμένου,
1463 1439 1509 1467 ἅτε
1536 1439 1707 1479 δωρολήπτου
1735 1441 1780 1469 καὶ
1808 1452 1872 1479 μισ-

188 1482 244 1520 vir,
261 1481 359 1512 sciens
385 1490 487 1512 rerum
504 1481 618 1522 copiam
647 1481 796 1521 plerisque
812 1490 931 1512 causam
948 1491 959 1512 ε

1101 1482 1179 1515 αϐοὖς
1213 1483 1403 1523 τυγχάνοντος.
1449 1488 1534 1513 Ταῦτα
1577 1483 1637 1512 ἰδὼν
1679 1486 1693 1513 ὁ
1733 1486 1871 1525 μακάριος,

189 1525 393 1558 dissolutionis
404 1525 558 1566 plenzeque
568 1525 599 1556 in
609 1525 720 1556 tuenda
738 1525 881 1565 religione
896 1525 958 1556 rela

1125 1527 1202 1567 γνούς
1228 1529 1265 1559 ὡς
1288 1529 1306 1561 ἡ
1334 1531 1386 1556 τῶν
1415 1527 1483 1556 ὑλῶν
1511 1528 1618 1567 ἀφθονία
1633 1529 1702 1557 αἰτία
1723 1530 1874 1558 καθίσταται

189 1571 290 1612 tionis,
308 1579 433 1610 surgens
457 1570 528 1602 inde
554 1570 710 1607 abscessit,
740 1570 960 1610 pervagabaturt

1101 1584 1102 1587 η
1136 1571 1239 1606 πολλῆς
1283 1571 1388 1605 ἀταξίας
1435 1573 1478 1601 καὶ
1513 1573 1658 1605 παντελοῦς
1693 1573 1872 1615 ἀνει›λ<ιιϐείας³

189 1615 289 1646 locum
304 1624 440 1656 quarens
454 1619 608 1655 augustum
624 1618 653 1646 et
668 1624 735 1645 cum
750 1615 851 1645 labore
866 1624 960 1655 suppe

1103 1616 1166 1649 στὰς
1194 1616 1296 1656 ἀπῆρεν
1324 1616 1436 1655 ἐκεῖθεν,
1463 1618 1507 1645 καὶ
1532 1616 1657 1658 διήρχετο
1686 1621 1772 1653 ζητῶν
1793 1619 1873 1647 τόπον

189 1664 301 1691 tantem
316 1659 486 1691 necessaria
509 1659 638 1700 corpori,
664 1663 697 1690 ut
711 1659 815 1691 saltem
832 1659 956 1700 penuria

1104 1673 1118 1689 υ
1149 1660 1211 1701 εὕρῃ
1247 1661 1336 1689 στενὸν
1371 1661 1415 1689 καὶ
1448 1661 1523 1698 κόπῳ
1557 1665 1725 1702 χορηγοῦντα
1752 1662 1801 1696 τὴν
1829 1666 1875 1691 τοῦ

189 1709 409 1746 ctustanquam
424 1704 508 1735 freno
523 1705 559 1735 ad
589 1705 761 1735 monasticae
787 1704 854 1735 vitae
881 1704 958 1735 studi

1103 1717 1176 1738 ιατος
1192 1706 1295 1746 χρείαν,
1323 1704 1369 1734 ἵνα
1396 1706 1444 1734 κὰν
1471 1709 1506 1744 τῇ
1533 1706 1615 1743 ἐνδείᾳ
1641 1710 1694 1735 τῶν
1723 1707 1874 1746 ἀναγκαίων

188 1750 438 1790 pertraherentur
453 1748 561 1780 idiotaa.
577 1748 672 1785 Quare
681 1749 899 1780 conﬂuentibus
911 1758 959 1780 mu

1100 1761 1140 1790 τερ
1168 1750 1272 1790 χαλινῷ
1304 1752 1327 1778 οἶ
1354 1750 1447 1790 πρλλοὶ
1482 1752 1547 1790 πρὸς
1581 1753 1612 1780 τὸ
1648 1754 1698 1785 τῆς
1733 1752 1871 1786 ἀσκήσεως

189 1786 206 1824 e
221 1793 502 1834 circumjacentibus
517 1793 643 1825 urbibus
659 1798 687 1824 et
701 1793 905 1830 invitantibus,
922 1803 960 1825 su,

1102 1786 1156 1824 διον
1170 1786 1340 1826 έλκυσδῶσιν.
1371 1786 1441 1824 τὅθεν
1468 1786 1512 1824 καὶ
1527 1795 1644 1824 υπολλῶν
1673 1796 1725 1824 ἀπὸ
1753 1799 1806 1824 τῶν
1820 1796 1871 1824 πέ-

188 1847 247 1879 que
262 1839 415 1870 facultates
429 1837 515 1870 beato
529 1838 592 1869 viro
605 1838 810 1876 oll'erentibus,
834 1838 959 1878 quibusd

1123 1839 1226 1867 πόλεων
1271 1840 1489 1879 προστρεχόντων
1534 1842 1578 1869 καὶ
1620 1839 1869 1880 προσκαλουμένων,

186 1892 257 1914 vero
274 1892 308 1914 ex
325 1883 504 1914 exaediﬁcata
519 1883 698 1914 monasteria
709 1882 915 1922 largientibus,
928 1892 957 1923 pr

1121 1884 1168 1916 τὰς
1203 1884 1298 1915 οἰκείας
1331 1884 1487 1916 ὑποστάσεις
1519 1889 1558 1922 τῷ
1593 1886 1724 1925 μακαρίτῃ
1751 1895 1870 1924 προσφε-

187 1937 239 1959 sus
251 1927 351 1958 omnia
358 1927 485 1968 rejecit;
501 1936 598 1968 neque
612 1927 693 1958 enim
708 1926 877 1959 inveniebat
895 1927 925 1958 in
937 1927 957 1958 il

1100 1939 1157 1966 των,
1194 1931 1272 1957 τινῶν
1307 1928 1334 1956 δὲ
1368 1929 1412 1957 καὶ
1445 1930 1608 1970 μοναστήρια
1635 1929 1871 1970 προητοιμασμένα

187 1971 267 2013 quod
281 1972 348 2013 ipse
371 1971 533 2013 quarebat,
563 1972 754 2004 solitudinem
783 1976 813 2003 et
836 1972 958 2014 quieten

1100 1973 1244 2014 ιιζομένων,
1277 1972 1391 2006 οὖδόλως
1426 1974 1504 2006 αὐτὸς
1538 1973 1691 2007 κατεδέξατο
1708 1983 1716 1992 ·
1757 1976 1788 2004 οὖ
1820 1975 1871 2014 γὰρ

885 2051 1010 2085 Joannis
1023 2052 1085 2085 Clei
1099 2057 1187 2085 notae.

227 2112 291 2158 (7g)
303 2111 637 2158 Toto-coelodiﬁ‘erunt,
663 2122 730 2158 quae
757 2112 794 2144 de
807 2113 1004 2158 hiscenarrat
1046 2112 1136 2158 fuerit
1149 2121 1248 2158 ptena.
1273 2111 1316 2158 pe
1344 2111 1450 2158 abbate
1478 2112 1772 2158 domesticoAscribit
1793 2113 1864 2158 Leo,

183 2152 243 2184 Leo
258 2152 415 2190 Ostiensis,
432 2152 482 2194 qui
497 2157 614 2194 patrata),
627 2152 659 2184 in
674 2152 855 2184 ’Mansonem
871 2153 1004 2193 Aligerni
1046 2157 1133 2194 atque
1147 2152 1189 2194 ita
1201 2152 1383 2194 loquitutad
1399 2153 1489 2194 ﬁnem
1502 2153 1609 2194 capitis
1626 2153 1685 2194 16,:
1696 2157 1729 2184 ut
1742 2153 1869 2184 narratis

184 2202 387 2224 successorem
403 2192 588 2224 crudelitatis
610 2203 729 2224 causam
752 2193 782 2224 in
798 2192 1134 2233 CapuanorumDﬁdem
1149 2192 1256 2233 faciat:
1291 2203 1312 2233 ιγ
1332 2192 1374 2223 Ex
1403 2193 1449 2224 his
1475 2192 1574 2224 autem
1602 2193 1727 2231 nuntiis,
1743 2202 1820 2233 quos
1835 2194 1866 2225 in

182 2233 324 2274 adversus
339 2233 420 2274 illum
437 2233 474 2263 ob
491 2238 679 2274 recuperatas
694 2233 734 2274 ab
759 2232 866 2265 Ottone
882 2242 1001 2274 posses:
1044 2237 1157 2274 tantum
1174 2232 1272 2274 scelus
1302 2232 1484 2274 (evellendus
1510 2234 1643 2265 Mansoni
1672 2232 1784 2272 oculos)
1805 2234 1868 2273 jam

182 2274 282 2315 siones
296 2273 481 2315 nimiumque
505 2272 614 2315 last-um
645 2273 798 2315 invidiam,
829 2278 862 2315 et
872 2272 1002 2315 Alberici
1044 2273 1141 2304 dictus
1156 2272 1441 2315 pseudo-episcopus
1457 2273 1636 2315 (Albericus)
1657 2272 1866 2315 destinaverat,

181 2312 344 2355 Marsorum
378 2312 512 2355 episcopi
547 2323 601 2355 pro
629 2313 1004 2355 adipiscendaAcasinensi

181 2354 298 2385 abbatia
332 2353 460 2385 nefarias
484 2353 802 2394 ’molitiones'rejicit.
831 2353 1006 2384 Dubitanter

181 2399 332 2434 utcunque
355 2393 510 2435 biographi
524 2395 620 2426 nostri
648 2394 727 2425 dicta
754 2398 783 2425 et
812 2399 844 2425 ut
867 2398 1004 2435 suspecta

182 2435 298 2474 excepit
312 2434 499 2466 Mabilloni’us
514 2435 658 2466 Actorum
683 2438 858 2466 sanctorum
885 2434 1003 2464 ordinis

182 2474 503 2515 $.rBenedic'iszeculo
516 2483 545 2512 ν,
559 2479 640 2515 parte
654 2475 680 2513 1,
690 2484 756 2515 pag.
769 2474 839 2512 651,
850 2483 1003 2515 opponens

181 2514 358 2556 illisLeonis
365 2514 521 2546 Marsicani
531 2514 743 2556 testimonium,
757 2525 791 2546 ex
799 2525 856 2556 quo
871 2514 1002 2556 demum,

181 2554 334 2602 neglectis,
371 2564 437 2602 quae
470 2555 519 2586 hic
530 2555 706 2602 “leguntur,
737 2554 941 2602 remlnaﬂat
965 2554 1002 2602 in

178 2594 346 2626 Annalibus
359 2594 396 2626 ad
407 2604 517 2626 annum
527 2594 636 2626 Christi
647 2597 706 2628 996
717 2605 801 2627 num.
813 2595 862 2627 32.
876 2595 1002 2626 Difﬁcile

179 2640 269 2674 esset,
286 2644 404 2666 causam
420 2635 614 2676 biographum
630 2641 762 2667 nostrum
789 2636 868 2667 inter
882 2639 912 2668 et
924 2635 1001 2666 Leo-

178 2685 247 2708 nem
264 2676 417 2717 decidere,
432 2679 463 2717 at
479 2685 532 2716 ego
561 2676 605 2706 sic
631 2677 720 2717 hujus
749 2680 864 2717 asserto
877 2685 1002 2717 nonas-

178 2717 301 2757 sentiar,
329 2719 364 2757 ut
389 2715 506 2757 nullius
525 2715 678 2749 momenti
696 2717 776 2747 illius
800 2715 1001 2748 testimonium

179 2756 298 2788 credam
304 2781 311 2789 .
330 2756 411 2788 Vixit
423 2756 606 2798 biographus
619 2762 720 2798 noster
734 2767 768 2798 eo
779 2761 929 2798 tempore,
938 2766 1001 2798 quo

179 2801 298 2838 peracta
313 2801 393 2838 sunt,
409 2801 439 2828 et
455 2796 656 2829 verisimiliter
681 2797 712 2830 S.
734 2797 805 2829 Nilo
822 2796 882 2828 tum
896 2796 1000 2838 adfuit,

179 2846 236 2879 nec
250 2837 316 2877 ejus
325 2837 478 2876 intererat,
495 2837 647 2870 inﬂictane
659 2839 806 2879 Mansoni,
823 2847 914 2879 quam
928 2846 1001 2877 prae-

177 2876 293 2909 dixerat
304 2881 424 2921 sanctus
436 2879 536 2921 Pater,
545 2888 599 2920 per
609 2879 765 2921 Capuanos
773 2876 804 2910 et
814 2876 999 2921 Hibericum,

177 2926 217 2950 an
232 2927 288 2960 pea
301 2917 481 2959 principem,
497 2917 713 2960 mainque,'vel
727 2918 816 2952 aliam
830 2917 869 2951 ob
883 2926 1001 2950 causam

1045 2312 1315 2355 unum,:g\ndream
1331 2312 1466 2355 nomine,
1481 2312 1696 2355 presbyterum,
1708 2322 1774 2355 ego
1789 2314 1864 2354 ipse,

1046 2362 1112 2384 cum
1128 2353 1224 2384 adhuc
1235 2361 1332 2384 essem
1346 2353 1499 2394 puerulus,
1519 2353 1645 2386 vix-sese
1660 2354 1691 2384 in
1708 2353 1784 2385 lecto
1801 2353 1865 2385 mo-

1043 2402 1111 2424 vere
1125 2393 1273 2435 valentem
1287 2393 1388 2435 reculo
1417 2403 1465 2425 me
1491 2394 1610 2433 vidisse,
1628 2395 1678 2435 qui
1686 2395 1770 2435 ultra
1779 2403 1859 2435 Vcen-

1044 2433 1185 2464 tenariam
1198 2433 1261 2473 jam
1276 2433 1376 2465 vivens
1390 2438 1504 2465 aetatem
1527 2435 1590 2466 haec
1613 2433 1713 2465 omnia
1727 2434 1861 2465 seriatim

1044 2474 1186 2505 avunculo
1203 2478 1410 2514 meo,rsanctae
1438 2475 1591 2506 momoriaa
1614 2474 1721 2507 Joanni
1749 2473 1861 2505 Sorano

1045 2514 1195 2555 episcopo,
1212 2513 1350 2555 quotiens
1377 2515 1624 2555 interrogabatur,
1641 2524 1709 2555 cum
1725 2514 1861 2555 lacrymis

1042 2554 1832 2600 conﬁterisolebat,nequist‘orte’existimetfabulomm.
1846 2567 1860 2600 ιε

1043 2594 1150 2626 Ultima
1159 2594 1222 2625 haec
1231 2594 1303 2625 satis
1312 2594 1477 2633 insinuant,
1484 2596 1615 2627 sensisse
1627 2596 1770 2632 Leonem,
1784 2595 1863 2634 quod

1043 2644 1118 2676 nova
1133 2635 1309 2676 diversaque
1323 2634 1359 2676 ab
1389 2635 1437 2673 iis,
1467 2645 1532 2676 quae
1560 2640 1623 2667 tum
1651 2635 1861 2676 narrabantur,

1043 2674 1198 2716 scriberet.
1210 2674 1428 2716 Auctoritatem
1443 2674 1529 2716 porro
1545 2675 1673 2707 accersit
1686 2684 1703 2706 a
1715 2674 1860 2716 relatione

1044 2715 1174 2762 hominis
1185 2714 1344 2762 plusquam
1369 2714 1544 2755 centenarii,
1573 2716 1684 2762 quique
1700 2724 1771 2762 ‘non
1799 2714 1862 2746 haec

1044 2724 1344 2784 nominisdpiusquam
1369 2724 1544 2755 centenarii,
1573 2725 1684 2762 quique
1711 2724 1771 2745 non
1799 2724 1861 2746 naec

1043 2755 1112 2792 sibi,
1141 2764 1173 2785 se
1222 2756 1364 2800 avunculo
1392 2765 1457 2793 suo,
1487 2754 1770 2800 cum‘ipseadhuc
1785 2764 1861 2800 puer

1042 2799 1132 2837 esset,
1150 2795 1335 2837 narraverit;
1362 2805 1430 2837 quas
1454 2805 1491 2827 an
1506 2795 1623 2837 penitus
1638 2795 1794 2837 biographi
1807 2805 1862 2826 au-

1041 2835 1207 2867 ctoritatem
1221 2835 1338 2866 elevare
1352 2835 1490 2874 debeant,
1506 2835 1625 2868 videant
1639 2836 1700 2867 alii.
1716 2836 1859 2867 Caeterum

1041 2876 1080 2907 de
1093 2875 1143 2918 iis,
1159 2875 1227 2918 bna!
1239 2876 1366 2918 spondet
1379 2876 1570 2918 biographus,
1595 2880 1699 2918 postea
1711 2875 1861 2907 dicturum

1041 2924 1086 2956 se,
1103 2915 1179 2948 nihil
1192 2915 1322 2949 invenio.
