1954 3059
77 173 138 205 145

689 170 783 203 VITA
804 170 835 202 S.
856 169 940 203 NILI
960 167 1147 201 JUNIORIS.

1672 148 1675 150 ’
1705 168 1762 201 146

77 239 195 280 εὕρισκεν
221 240 249 268 ἐν
276 241 368 271 αὐτοῖς
395 240 410 268 ὃ
437 239 569 276 ἐπεζήτει,
605 239 726 279 ἐρημίαν,
755 237 800 266 καὶ
826 237 894 271 ἡσυ-

981 233 1136 280 :essionem
1152 243 1170 265 a
1184 233 1353 280 frequentia
1367 234 1534 266 hominum.
1551 234 1656 280 Aiebat
1666 235 1760 273 enim,

78 285 156 325 χίαν,
184 284 229 312 καὶ
255 287 308 312 τῶν
336 282 442 312 πολλῶν
469 283 602 314 ἀποικίαν,
649 282 730 321 Ελεγε
765 282 825 322 γὰρ,
861 281 901 310 ὅτι

77 329 110 357 οὗ
124 327 249 368 συμφέρει
263 334 322 360 τοῖς
337 327 364 356 ἐν
391 331 426 366 τῇ
452 331 530 367 γενεᾷ
557 328 638 366 ταύτῃ
667 334 800 367 μοναχοῖς
815 325 901 358 ἄνεσις

77 373 124 401 καὶ
153 372 313 412 ἀφροντησία
329 380 336 387 ·
367 373 397 401 οὒ
423 372 473 411 γάρ
502 371 571 400 ἐστιν
598 373 615 405 ὴ
644 370 732 411 σχολὴ
761 370 846 399 αὒτῶν
874 370 901 398 ἐν

77 419 218 456 προσευχῇ
231 417 275 444 καὶ
289 417 382 456 θεωρίᾳ
411 417 455 444 καὶ
483 419 518 454 τῇ
543 419 596 444 τῶν
627 419 736 455 Γραφῶν
750 413 900 451 ἀναπτύξει¹

77 460 141 488 ἀλλ’
169 460 194 488 ἐν
224 459 398 500 ματαιολογίᾳ
424 461 468 489 καὶ
497 460 691 497 κακενθυμησίᾳ
717 459 762 488 καὶ
788 462 822 496 τῇ
849 461 901 487 τῶν

77 505 199 542 ματαίων
242 506 386 545 περιεργίᾳ.
435 505 532 544 Διόπερ
575 506 734 544 εὒρίσκονται
782 504 827 532 τὸν
875 503 901 531 ἐν

77 549 158 586 κόπῳ
191 550 372 589 περισπασμὸν
414 549 566 589 ἀποτροπὴν
608 552 730 589 πονηρῶν
765 547 900 587 λογισμῶν

77 593 124 622 καὶ
140 593 246 622 πολλῶν
260 595 349 622 κακῶν
365 602 373 610 ’
402 593 578 634 προτιμητέον
609 604 637 622 τε
660 595 704 633 τὸ,
723 605 737 620 α
754 591 798 622 Ἐν
814 591 901 632 ἱδρῶτι

77 643 127 667 τοῦ
142 638 283 678 προσώπου
305 638 396 667 ἐσθίειν
419 640 464 667 τὸν
494 638 582 678 ἄρτον.
614 649 628 665 ιι
659 637 733 667 Οὕτω
746 637 820 671 καὶὴ
835 637 901 665 ἀπο-

77 681 191 716 στολικὴ
241 682 335 716 ἐντολὴ
376 682 591 722 πληρωθήσεται,
636 682 680 711 καὶ
725 683 748 710 ot
796 681 901 713 πυκνῶς

77 726 276 767 παρερχόμενοι
290 727 444 766 συμμέτρως
468 727 661 766 ἀναπαυόμενοι
685 726 818 766 στεφάνων
833 726 900 764 ἡμῖν

78 770 163 799 αἴτιοι
178 771 255 804 ἀξίως
270 772 437 810 γενήσονται.

120 809 177 850 πζλ
193 809 295 849 Ταύτης
322 818 372 849 τῆς
397 815 525 848 συνέσεως
554 819 601 845 τοῦ
629 815 728 844 δικαίου
743 814 823 853 ξτινές
847 816 900 842 τῶν

79 858 198 898 ἀδελφῶν
244 859 374 898 μηδαμῶς
417 861 608 901 αἷσθηνθέντες,
656 859 805 889 τούναντίον
850 858 899 896 μὲν

943 280 1037 310 ωιθιίε
1052 279 1175 318 hujusce
1203 279 1358 310 monachis
1386 289 1445 310 non
1473 289 1540 311 esse
1554 279 1657 311 utilem
1670 280 1762 311 animi

942 323 1149 355 remissionem
1165 326 1194 354 et
1207 323 1384 361 socordiam,
1414 333 1518 355 vacare
1540 324 1619 355 enim
1636 333 1686 356 eos
1701 334 1761 356 non

943 368 1079 405 orationi,
1097 367 1335 407 contemplationi
1349 371 1378 398 et
1393 367 1611 409 Scripturarum
1621 369 1762 409 explana-

943 412 1027 449 tioni,
1045 411 1097 442 sed
1113 411 1281 451 vaniloquio
1307 412 1463 452 pravisque
1491 412 1717 452 cogitationibus
1732 417 1762 445 et

942 457 979 487 ad
994 465 1042 487 res
1057 456 1161 487 inanes
1175 456 1349 488 curiositati.
1378 456 1570 497 Quapropter
1582 457 1692 488 laboris
1707 468 1763 490 oc-

942 500 1129 541 cupationem
1158 509 1225 531 esse
1261 500 1320 531 illis
1356 510 1513 540 pravarum
1549 502 1761 541 cogitationum

942 545 1164 585 multorumque
1200 544 1344 575 malorum
1381 544 1616 585 devitationem;
1649 547 1761 578 idcirco

941 589 1179 630 amplectendum
1196 598 1260 620 esse
1275 588 1359 625 illud,
1380 600 1391 617 α
1422 589 1456 620 In
1483 589 1593 622 sudore
1608 591 1704 622 vultus
1720 593 1762 624 tui

942 633 1072 665 vesceris
1086 643 1162 674 pane
1176 633 1218 665 85.
1236 644 1250 664 ›
1269 634 1312 665 ita
1336 643 1407 664 vero
1430 633 1549 674 impleri
1564 637 1760 676 apostolicum

943 682 1133 720 praeceptum,
1151 682 1180 709 et
1190 687 1252 716 eos,
1269 678 1320 718 qui
1334 677 1439 709 crebro
1456 687 1509 718 per
1523 688 1576 709 nos
1591 684 1760 718 transeunt,

943 723 1060 754 modica
1070 724 1168 763 quiete
1180 724 1325 760 fruentes,
1339 731 1516 754 coronarum
1527 723 1614 756 nobis
1625 729 1762 757 auctores

941 768 1048 799 merito
1063 767 1140 800 ﬁeri.

981 813 1032 844 87.
1045 812 1127 843 Hanc
1141 811 1276 852 virijusti
1291 812 1479 852 prudentiam
1493 811 1600 844 fratres
1615 823 1674 845 non
1691 823 1762 855 per-

941 857 1096 898 cipientes,
1114 857 1173 887 imo
1190 857 1246 887 late
1258 860 1408 897 patentem
1417 856 1492 888 viam
1508 861 1638 897 augustae
1653 859 1762 899 praefe-

79 904 126 931 οὖν
161 904 210 937 τὴν
244 905 392 945 εὐρύχωρον
426 905 484 934 ὁδὸν
518 908 568 939 τῆς
597 907 691 938 στενῆς
718 906 898 944 προτιμῶντες

981 906 1053 942 ntes,
1070 902 1263 942 perstiterunt
1278 901 1309 933 in
1333 901 1412 933 dicto
1441 901 1631 940 monasterio,
1648 903 1762 943 alligati

79 947 254 986 ἐναπέμειναν
288 953 326 987 τῷ
360 949 532 990 προλεχθέντι
566 949 744 989 μοναστηρίῳ,
785 946 900 988 προσδε-

78 991 168 1024 θέντες
196 996 230 1031 τῇ
263 998 314 1023 τοῦ
342 994 424 1024 τόπου
449 993 627 1031 διαναπαύσει⁷
657 994 701 1022 καὶ
730 992 900 1032 ἀχθεσθέντες

80 1039 115 1074 τῇ
151 1038 324 1077 στρυφνότητι
357 1043 404 1068 τοῦ
437 1038 522 1076 ἁγίου,
553 1038 589 1067 Οὔ
617 1037 705 1075 μέντοι
733 1038 806 1076 εὗρον
833 1036 900 1065 ἀνά-

80 1091 176 1109 παυσιν
204 1081 291 1113 πάσας
319 1082 366 1114 τὰς
391 1082 491 1122 ἡμέρας
518 1085 567 1115 τῆς
596 1082 683 1110 ἐκεῖσε
711 1081 795 1109 αὐτῶν
820 1080 904 1115 ἀσκή-

79 1135 148 1156 σεως
165 1132 172 1140 ⁸
203 1124 262 1153 οὔτε
286 1124 415 1164 διὲλειψεν
443 1126 533 1158 αὐτοῖς
561 1126 705 1154 ἀκαστασία
733 1126 776 1153 καὶ
800 1123 900 1164 ἀταξία,

78 1167 168 1206 θλίψις
191 1179 219 1196 τε
243 1170 286 1198 καὶ
314 1169 475 1210 λογολεσχία
491 1179 500 1187 '
532 1169 607 1202 τέλος
637 1169 663 1197 δὲ
692 1170 736 1197 καὶ
763 1167 900 1200 παντελῶς

77 1211 243 1246 ἐξεώσθησαν
270 1215 314 1242 καὶ
347 1214 532 1248 ἀπηλάθησαν.
566 1210 595 1244 Ὀ
623 1214 651 1242 δὲ
677 1213 804 1253 μακάριος
834 1213 900 1249 μετὰ

77 1259 133 1284 τῶν
170 1256 344 1286 συνελθόντων
379 1258 450 1296 αὖτῷ
477 1258 606 1299 ἀδελφῶν,
635 1259 679 1287 καὶ
705 1262 753 1287 τοῦ
780 1256 898 1294 ἀοιδίμου

79 1299 215 1340 Στεφάνου
229 1301 309 1340 εὑρὼν
324 1301 351 1330 ἐν
365 1308 424 1334 τοῖς
451 1305 501 1336 τῆς
530 1303 627 1334 Γαίτας
657 1301 746 1341 μέρεσι
760 1301 897 1340 τοπάριον,

78 1342 185 1376 ἀληθῶς
219 1343 242 1372 δ’
277 1346 361 1374 εἰπεῖν
395 1347 554 1387 σπανίθριον,
583 1347 626 1375 καὶ
653 1346 767 1386 ἀρεσθεὶς
797 1345 838 1373 ἐπὶ
865 1348 900 1383 τῇ

78 1387 158 1417 ὠτοῦ
191 1389 326 1423 στενότητι
361 1390 405 1418 καὶ
438 1389 563 1431 ξηρότητι
596 1391 751 1428 κατῴκησεν
779 1389 848 1429 ἐκεῖ,
875 1389 901 1417 ἐν

941 946 1106 978 commodis
1120 946 1178 977 loci
1194 950 1223 977 et
1240 945 1334 977 sancti
1362 945 1457 976 Patris
1482 946 1668 978 severitatem
1684 957 1763 988 aegre

941 991 1082 1021 ferentes.
1098 992 1162 1022 Nec
1177 994 1276 1021 tamen
1287 990 1344 1021 frui
1356 990 1455 1030 quiete
1477 996 1635 1030 potuerunt
1649 993 1763 1024 cunctis

943 1034 1061 1073 diebus,
1077 1035 1183 1075 quibus
1208 1034 1281 1065 illud
1303 1034 1518 1075 inbabitarunt,
1543 1045 1599 1066 nec
1613 1035 1707 1068 defuit
1722 1037 1764 1069 ibi

944 1079 1123 1110 inordinatio
1139 1083 1168 1109 et
1182 1079 1326 1117 confusio,
1352 1087 1444 1118 angor
1472 1083 1501 1110 et
1516 1079 1649 1118 futilitas,
1667 1080 1763 1113 donec

943 1123 1062 1154 tandem
1077 1123 1201 1154 omnino
1217 1123 1305 1163 ejecti
1320 1123 1488 1163 extrusique
1503 1127 1582 1154 sunt.
1607 1126 1647 1155 At
1661 1125 1764 1157 beatus

943 1169 1031 1199 Pater
1045 1176 1111 1198 cum
1126 1167 1280 1204 fratribus,
1307 1177 1382 1207 quos
1409 1167 1552 1198 habuerat
1580 1168 1715 1206 comites,
1734 1173 1763 1200 et

941 1221 1008 1245 cum
1025 1213 1237 1244 celeberrrimo
1253 1212 1400 1253 Stephano
1416 1213 1447 1243 in
1458 1213 1566 1253 Cajetae
1577 1213 1686 1245 finibus
1695 1224 1762 1246 cum

940 1258 1093 1298 parvulum
1109 1257 1269 1298 reperisset
1283 1257 1392 1298 locum,
1419 1257 1479 1288 imo
1506 1261 1538 1288 ut
1565 1267 1635 1289 vere
1649 1259 1759 1300 dicam,

940 1302 1091 1334 desertum
1108 1302 1240 1333 siccitate
1253 1311 1416 1339 secessum,
1434 1302 1567 1342 placente
1581 1303 1716 1343 angustia
1730 1308 1761 1335 et

941 1346 1077 1378 ariditate
1107 1348 1181 1386 ejus,
1211 1346 1294 1377 illum
1321 1346 1458 1384 incoluit,
1480 1346 1565 1377 initio
1593 1348 1714 1388 quidem
1731 1349 1761 1379 in

943 1400 1048 1430 magna
1063 1391 1155 1422 victus
1170 1391 1281 1431 inopia,
1306 1390 1359 1421 sed
1385 1400 1445 1421 non
1475 1391 1566 1422 multo
1584 1395 1648 1431 post
1663 1392 1763 1424 fratri-

79 1430 163 1468 ἕνδείᾳ
177 1433 220 1461 καὶ
248 1433 333 1472 λείψει
360 1438 413 1463 τῶν
441 1438 598 1473 σωματικῶν
615 1441 624 1451 ⁹
653 1433 711 1472 μετ’
739 1436 768 1463 οὒ
795 1433 862 1462 πολὺ
874 1432 900 1461 δὲ

984 1445 1008 1472 s,
1026 1435 1140 1466 cunctis
1154 1430 1231 1466 sane,
1254 1434 1308 1466 Dei
1337 1435 1515 1476 amantibus,
1545 1430 1622 1467 haud
1647 1437 1762 1477 paucis,

79 1475 208 1505 πλειόνων
223 1477 340 1518 ἀδελφῶν
367 1480 411 1507 καὶ
438 1479 544 1508 πάντων
572 1479 699 1520 θεοφιλῶν
726 1478 900 1507 συνελθόντων

981 1479 1198 1516 nvenientibus,
1233 1478 1393 1510 subsecuta
1421 1483 1466 1510 est
1500 1489 1600 1510 rerum
1629 1475 1763 1512 omnium

79 1520 184 1566 ᾅπαντα
218 1521 245 1550 ἐν
281 1523 386 1560 εὖθηνίᾳ
419 1523 545 1562 urso-un,
581 1523 772 1563 ἀπερίσπαστός
805 1533 834 1551 τε
869 1523 900 1556 ἦν

981 1524 1102 1555 luentia.
1121 1523 1221 1564 Itaque
1245 1523 1384 1555 assiduus
1405 1528 1470 1555 erat
1485 1523 1578 1562 labor,
1592 1524 1673 1564 jugis
1687 1526 1763 1566 psal-

80 1565 199 1606 ἐργασία,
245 1567 289 1595 καὶ
323 1566 489 1600 ἀδιάλειπτος
530 1567 686 1608 ψαλμῳδία,
721 1566 900 1607 ψαλμολογίαι

981 1569 1051 1606 idia,
1065 1568 1179 1600 crebrae
1189 1568 1380 1600 recitationes
1391 1568 1575 1609 psalmorum
1587 1573 1616 1600 et
1624 1565 1763 1610 frequens

80 1611 187 1650 συχναὶ,
214 1612 258 1639 καὶ
283 1611 441 1650 γονυκλίσίαι
469 1614 574 1650 πυκναὶ,
604 1613 741 1653 ἐγκράτεια
769 1613 900 1652 ἑκούσιος⁷

981 1614 1120 1654 nutlexio,
1137 1612 1316 1644 abstinentia
1341 1617 1505 1652 spontanea
1531 1617 1561 1644 et
1588 1623 1647 1644 non
1663 1618 1765 1646 coacta

80 1654 124 1681 καὶ
140 1697 144 1698 ν
158 1654 263 1688 ὑπακοὴ
298 1654 420 1688 ἀϐίαστος
437 1665 444 1672 ·
481 1658 525 1686 καὶ
558 1656 650 1685 λοιπὸν
677 1656 782 1685 ἅπαντα
809 1656 900 1690 ἤνθουν

983 1658 1124 1690 etlientia.
1141 1658 1178 1689 Et
1193 1667 1264 1689 sane
1276 1658 1338 1698 jam
1352 1657 1497 1688 ﬂorebant
1509 1667 1614 1689 omnes
1624 1658 1763 1689 fructum-

79 1698 124 1744 καὶ
137 1697 330 1744 ἐκαρποφόρουν
353 1703 387 1739 τῇ
415 1700 488 1741 ἀρδία
515 1705 567 1730 τῶν
595 1701 682 1741 λόγων
710 1701 753 1729 καὶ
777 1701 900 1744 ἀπαύστῳ

985 1712 1001 1734 e
1028 1702 1161 1734 ferebant
1190 1697 1361 1742 irrigatione
1391 1711 1564 1733 sermonum
1594 1707 1622 1734 et
1637 1703 1763 1743 perenni

80 1740 232 1787 διδασκαλίᾳ
245 1747 291 1772 τοῦ
316 1740 440 1785 θεοφόρου
468 1747 567 1786 Πατρὸς
588 1740 664 1783 ἡμῶν
692 1745 796 1775 Νείλου.
826 1743 900 1773 Ἀλλ’

981 1747 1112 1787 igisterio
1127 1740 1349 1778 deiferi'Patris
1377 1747 1470 1778 nostri
1497 1747 1566 1785 Nili,
1597 1740 1717 1787 et-ipse
1731 1748 1762 1779 in

79 1785 133 1815 οὐδ’
149 1787 225 1819 αὸτὸς
241 1789 255 1816 ὁ
271 1788 404 1824 ἀήττητος
433 1790 459 1818 έν
488 1785 587 1830 ἀγῶσιν
614 1790 747 1819 ἀπέκοπτε
760 1792 808 1824 τῆς
822 1790 900 1825 συνή-

981 1785 1128 1823 rferendis
1139 1792 1240 1823 arduis
1251 1791 1404 1823 laboribus
1413 1791 1540 1823 invictus
1551 1792 1623 1823 nihil
1632 1785 1763 1824 de‘solita

78 1833 138 1877 θονς
157 1833 244 1877 Manto-3
271 1832 434 1874 ἐγκρατείας,
464 1835 508 1863 καὶ
542 1834 635 1863 ἐνθέων
663 1835 873 1874 κατορθωμάτων
891 1843 898 1852 ·

981 1836 1120 1867 stinentia
1135 1835 1303 1867 remittebat
1331 1836 1500 1877 divinisque
1529 1836 1691 1873 exercitiis,
1708 1837 1762 1868 sed

78 1874 138 1903 ἀλλ’
153 1875 213 1905 ὅσον
229 1881 267 1914 τῷ
291 1878 394 1916 σώματι
424 1878 507 1918 ἐγήρα
535 1879 579 1907 καὶ
606 1878 748 1918 ἐξησθένει,
777 1884 899 1909 τοσοῦτον

983 1891 999 1912 o
1013 1881 1106 1921 magis
1115 1891 1238 1922 corpore
1247 1881 1424 1912 senescebat
1435 1874 1464 1912 et
1471 1880 1649 1912 imbecillior
1660 1880 1760 1919 ﬁebat,

78 1923 117 1957 τῷ
150 1921 278 1959 πνεύματι
316 1922 440 1951 ἀνέθιλλε
481 1924 526 1952 καὶ
567 1922 735 1962 ἐὼναμοῦτο.
770 1923 900 1953 Οὖδέποτε

981 1929 1021 1956 ito
1033 1925 1132 1956 acrius
1143 1921 1252 1965 spiritu
1263 1925 1475 1956 reflorescebat
1491 1929 1521 1957 et
1534 1926 1612 1957 vires
1625 1926 1762 1966 acquire-

78 1965 111 1999 ἧν
127 1965 197 2003 αὒτῴ
219 1966 368 2006 παραλύσαι
396 1968 530 2008 νηστείαν,
558 1969 591 2002 ἣν
619 1968 768 2007 γεύσασθαι,
795 1968 899 2001 ἦπιεῖν

981 1973 1000 2000 ι.
1015 1971 1173 2010 Nunquam
1189 1970 1246 2000 sibi
1261 1970 1385 2002 indulsit
1400 1974 1432 2000 ut
1457 1970 1607 2010 jejunium
1622 1965 1760 2009 solveret,

78 2013 162 2049 καιρῷ
189 2011 228 2048 μὴ
256 2012 446 2050 νενομισμένῷ,
478 2014 514 2045 ὡς
540 2012 597 2045 ἔθος
622 2015 675 2041 τῶν
700 2013 898 2052 γηρασκόντων.

981 2014 1181 2054 tdegustaret,
1194 2014 1347 2046 biberetve
1363 2018 1470 2055 prmter
1485 2015 1674 2046 constitutum
1690 2019 1762 2046 tem-

79 2053 142 2084 0τῦδέ
170 2066 234 2083 ποτε
269 2055 393 2096 ἐγεύσατο
420 2057 539 2097 κρέατος,
570 2057 588 2092 ἢ
617 2058 647 2086 τὸ
674 2060 751 2094 σῶμα
775 2055 900 2085 ἐλούσατο

983 2069 1008 2096 s,
1024 2053 1057 2090 ut
1072 2059 1162 2090 moris
1173 2062 1217 2090 est
1228 2059 1350 2090 senibus
1363 2053 1370 2089 Ξ
1386 2068 1477 2090 carne
1488 2058 1611 2100 semper
1619 2059 1763 2090 abstinuit

81 2099 161 2140 μέχρι
176 2103 226 2134 τῆς
240 2100 364 2135 τελευτῆς
381 2103 458 2131 αὑτοῦ
473 2110 481 2119 ⁸
509 2103 553 2130 καὶ
580 2105 660 2130 ταῦτα
674 2100 700 2130 ἐν
715 2102 792 2140 βαθεῖ
806 2104 875 2141 γῆρᾳ
890 2108 898 2116 ·

986 2103 1093 2135 balneo
1108 2113 1258 2144 nunquam
1288 2108 1333 2135 est
1363 2113 1434 2135 usus
1462 2099 1606 2144 usquead
1624 2108 1762 2141 mortem,

81 2144 223 2176 ἑκατοστὸς
251 2145 301 2185 γάρ
329 2145 488 2182 ἀποθνήσκει
516 2145 595 2174 πέντε
620 2146 731 2175 δεόντων
748 2153 754 2161 ·
785 2147 829 2174 καὶ
853 2146 900 2174 νό-

981 2157 1032 2189 que
1042 2149 1104 2188 jam
1119 2148 1288 2188 decrepitus
1303 2157 1393 2180 senex
1406 2148 1519 2188 (agebat
1534 2148 1614 2179 enim
1627 2149 1763 2188 quintum

151 2172 155 2173 ,
215 2172 221 2176 ,
258 2172 297 2185 Pr
872 2172 879 2174 ν

82 2199 137 2220 σοις
152 2188 280 2228 μεγάλαις
306 2190 350 2218 καὶ
377 2190 509 2222 ποικίλαις
534 2191 669 2220 πυκτεύων
698 2190 727 2219 οὗ
756 2190 836 2228 μόνον
859 2189 900 2218 διὰ

997 2172 1031 2179 ιω
1058 2172 1104 2179 .....
1120 2172 1208 2179 ..νων
1232 2172 1288 2179 ...η
1303 2172 1393 2180 πη-..
1406 2172 1431 2186 μ.
1452 2172 1519 2179 νυ...
1650 2172 1763 2178 ,..........

981 2172 1227 2232 1ηοόοεεξείῐηυῐῐῖ
1238 2202 1348 2224 annum
1378 2172 1452 2232 (73)::
1482 2202 1550 2224 cum
1567 2172 1703 2223 mortuus
1719 2197 1766 2223 est

81 2233 112 2278 τὸ
127 2236 222 2273 γῆρας,
251 2233 319 2278 ἀλλὰ
348 2235 391 2263 καὶ
419 2233 461 2262 διὰ
488 2235 538 2268 τὴν
564 2234 666 2269 πολλὴν
695 2235 840 2275 κακουχίαν
862 2235 900 2263 Lati

981 2238 1117 2278 agnisque
1133 2241 1162 2268 et
1188 2237 1276 2269 variis
1292 2237 1403 2269 morbis
1418 2237 1554 2275 amictus,
1573 2246 1633 2267 non
1648 2241 1764 2268 tantum

81 2277 179 2317 ἄφατον
227 2277 441 2318 σκληραγωγίαν,
494 2280 538 2311 Εἷς
587 2279 711 2314 τοιαύτην
759 2280 808 2320 γὰρ
851 2279 900 2312 ἕξιν

981 2277 1278 2323 οριθτίδθυθειυιοῐη,
1307 2281 1360 2312 sed
1389 2283 1476 2312 etiam
1507 2281 1544 2312 ob
1561 2281 1684 2312 nimiam
1700 2281 1767 2312 vitae

80 2323 229 2361 ἠγωνίσατο
263 2323 306 2352 καὶ
342 2323 442 2363 ἤγαγεν
475 2324 578 2362 ἑαυτὸν,
615 2324 656 2352 ὅτι
692 2324 737 2353 καὶ
774 2326 795 2353 εἶ
824 2323 900 2358 ἤθελε

981 2326 1133 2367 peritatem
1148 2331 1186 2364 et,
1202 2336 1267 2366 qua:
1281 2326 1326 2357 vix
1339 2326 1472 2357 enarrari
1488 2330 1588 2366 queat,
1601 2326 1767 2367 disciplina:

80 2374 177 2407 φαγεῖν
211 2367 229 2402 ἢ
258 2375 330 2397 πιεῖν
359 2370 423 2408 πρὸς
451 2370 482 2398 τὸ
510 2369 705 2405 ἀνακτήσασθαι
734 2369 826 2398 ἑαυτὸν
854 2371 900 2399 οὒκ

982 2371 1156 2403 steritatem.
1168 2373 1209 2403 Eo
1222 2371 1301 2402 enim
1317 2370 1499 2401 habitudinis
1510 2380 1563 2411 per
1573 2370 1690 2402 labores
1700 2381 1767 2402 sese

80 2411 124 2440 εἴα
139 2413 217 2441 αὑτὸν
242 2413 260 2447 ἡ
289 2414 411 2449 συνήθεια
425 2423 434 2433 ⁸
463 2413 523 2443 ἀλλ’
550 2413 608 2444 οὐδὲ
630 2414 712 2445 {imm
725 2413 836 2449 ἠδύνατο
849 2425 900 2454 με-

981 2415 1108 2454 degerat,
1125 2420 1157 2447 ut
1170 2415 1196 2446 si
1210 2415 1309 2453 vellet,
1325 2415 1414 2446 etiam
1429 2415 1588 2447 comedere
1601 2415 1647 2446 vel
1665 2415 1769 2447 bibere

79 2463 193 2496 τασχεῖν
207 2457 236 2485 τὸ
251 2457 358 2497 ἀρκοῦν.

996 2460 1173 2491 recreandas
1190 2460 1278 2498 vires,
1295 2460 1325 2491 id
1341 2459 1399 2491 sibi
1415 2460 1599 2492 consuetudo
1614 2470 1674 2492 non
1695 2470 1765 2502 per-

944 2505 1077 2536 mitteret
1091 2509 1120 2536 et
1134 2514 1272 2546 peraeque
1283 2514 1388 2537 somno
1397 2514 1429 2536 se
1440 2505 1510 2537 dare
1521 2505 1697 2546 congruenti
1709 2515 1768 2537 non

946 2554 1056 2591 posset.

120 2585 181 2625 πη¹.
219 2592 349 2626 Πολλάκις
378 2594 406 2623 δέ
431 2596 474 2623 καὶ
509 2595 600 2625 ἑαυτοῦ
633 2595 760 2635 ἐξίστατο,
790 2595 833 2622 καὶ
860 2594 902 2623 ἐπὶ
946 2585 956 2591 ’
985 2593 1109 2626 88.Non
1119 2603 1186 2626 raro
1198 2594 1287 2626 etiam
1299 2594 1407 2627 mentis
1418 2595 1767 2636 patiebaturabstractio-

119 2671 152 2697 85
165 2672 239 2704 Gen.
255 2680 298 2712 in,
319 2673 366 2706 19.

219 2592 349 2626 Πολλάκις
378 2594 406 2623 δέ
431 2596 474 2623 καὶ
509 2595 600 2625 ἑαυτοῦ
633 2595 760 2635 ἐξίστατο,
790 2595 833 2622 καὶ
860 2594 902 2623 ἐπὶ

767 2741 891 2774 Joannis
905 2742 966 2774 Clei
981 2746 1068 2774 notae.

125 2804 184 2882 (73:
199 2804 239 2836 Ex
264 2805 345 2838 hisce
368 2805 570 2837 chronotaxim
594 2805 722 2847 aliquam
747 2805 822 2837 Vitae
845 2805 938 2837 sancti
961 2804 1055 2836 Patris
1078 2803 1190 2836 deduxi
1210 2805 1374 2838 Comment.
1398 2804 1497 2846 praevii
1519 2811 1602 2836 nutu.
1624 2803 1656 2843 7,
1679 2813 1768 2845 quem

125 2860 171 2882 isu
186 2860 214 2882 e.

81 2860 214 2884 consule.
