1954 3059
76 178 137 233 uie
690 197 783 230 VITA
804 196 836 228 s.
857 170 941 238 NiLi
960 194 1147 235 IUNIORIS.
1703 197 1766 230 150

73 267 158 298 λείοις
182 265 318 298 δεδόξαστο
335 274 342 283 ⁸
373 267 386 293 ὁ
415 265 462 303 μὲν
490 266 536 292 οἷα
563 265 699 303 γινώσκων
726 264 758 292 τὸ
786 261 908 301 μέλλον,.

994 264 1061 300 ptus
1072 261 1142 295 erat)
1152 263 1270 292 sanctus
1278 260 1376 299 Pater,
1389 262 1500 303 quippe
1511 261 1757 303 quipraevidebat,

73 311 233 340 ἐπέστελλεν
255 310 332 338 arbth
361 309 488 338 δυσωπῶν
516 312 710 349 μαραχωρῆσαι
739 311 773 346 τῇ
803 307 900 346 ἀνθρω-

991 304 1018 334 »ᾱ
1034 304 1161 335 futurum
1179 309 1252 341 erat,
1284 305 1434 337 scribebat
1461 307 1504 337 illi
1518 316 1636 346 rogans,
1654 311 1686 338 ut
1701 308 1760 338 bu-

74 357 142 394 πίνῃ
171 355 243 394 δόξῃ,
272 355 318 383 ἅτε
345 355 442 387 ταύτης
471 355 506 385 εἰς
535 354 612 393 κόρον
641 353 822 393 χρησάμενον,
857 352 900 379 καὶ

991 358 1057 380 nam
1069 358 1127 379 non
1139 350 1289 380 atl‘ectaret
1308 350 1443 389 gloriam,
1457 351 1533 392 quod
1550 361 1583 382 ea
1595 352 1657 392 jam
1674 362 1759 384 exsa-

75 401 177 440 ἦσυγίᾳ
206 401 270 439 πρὸς
292 400 340 433 τὴν
367 399 518 439 μοναχικήν
546 399 704 426 κατάστασιν
733 397 897 435 ἀνακάμψαι.

76 444 201 476 Ἐκεῖνος
236 445 263 472 δὲ
299 446 328 472 οὒ
361 443 474 471 διέλιπεν
510 443 729 480 συντασσιὶμενος,
760 441 809 473 ἕως
839 440 900 469 ὅτου

75 489 186 523 ἐξῆλθεν
226 490 239 517 ὁ
272 488 393 528 βασιλεὺς
430 489 475 515 σὺν
507 491 545 525 τῷ
575 487 742 527 ἐκδιωχθέντι
771 485 899 525 προέδρῳ,

75 535 186 567 καὶτῆς
210 535 293 562 αὒτῶν
321 533 453 573 ἀφορήτου
480 533 561 571 ὀργῆς
588 531 662 571 ἔργον
691 531 803 571 ἐγένετο.
834 534 902 558 Στέ-

76 579 168 618 ρτιθεὶς
195 579 244 618 γὰρ
280 576 340 617 παρ’
368 578 452 604 αιῦτῶν
481 579 532 604 τῶν
562 575 772 616 χρειωδεστέρων
801 574 900 614 μελῶν,

77 623 222 663 ὀφθαλμῶν
250 622 320 661 λέγω
350 622 394 649 καὶ
420 621 541 661 γλώττης
568 622 611 649 καὶ
637 621 718 659 ῥινὸς,
748 620 851 659 ἔρριπτο
866 621 901 651 εἷς

77 667 198 705 φυλακὴν
243 666 356 698 ἐλεεινός
402 677 429 694 τε
471 666 515 694 καὶ
561 666 779 705 ἀποστράτευτος,
816 668 902 693 Ταῦτα

78 700 194 743 ἀκούσας
231 713 244 739 ὁ
277 711 400 750 θεοφόρος
437 711 536 750 Πατὴρ,
575 711 618 738 καὶ
653 710 702 743 τὴν
737 708 841 748 καρδίαν
868 711 903 746 τῇ

77 755 167 793 θλίψει
201 756 394 790 καταπιεσθεὶς,
439 755 592 793 ἠναγκάσθη
636 755 663 782 ἐν
696 754 807 790 τοιούτῳ
835 754 905 792 γήρα

77 801 124 828 καὶ
163 801 230 836 νύσρ
265 801 307 828 καὶ
342 802 424 839 καιρῶ
461 799 666 839 (τεσσαρακοστὴ
700 799 749 837 γὰρ
783 797 826 836 ἦν)
856 798 904 830 τὴν

941 394 1027 424 tiatus
1042 398 1129 434 esset,
1146 394 1199 424 sed
1215 394 1250 424 ad
1266 394 1395 435 quietem
1426 400 1519 427 status
1547 397 1702 428 monastici
1717 406 1763 428 re-

942 442 1062 468 mearet.
1081 438 1133 469 Ille
1144 447 1211 468 vero
1228 439 1298 469 dum
1314 448 1346 470 se
1359 440 1395 470 ad
1411 440 1468 471 hoc
1484 450 1587 480 parare
1602 441 1686 482 dicit,
1706 442 1762 473 ad-

942 482 1128 513 venientibus
1143 483 1322 523 imperatore
1339 487 1368 514 et
1383 485 1509 524 prmsule
1525 485 1620 525 cjecto
1638 486 1707 523 (76),
1720 487 1764 518 in-

945 527 1125 558 tolerandam
1141 537 1243 558 eorum
1275 533 1430 568 exspertus
1459 533 1503 560 est
1531 529 1616 560 iram.
1635 529 1764 562 Orbatus

944 572 1023 602 enim
1040 581 1092 612 per
1102 572 1182 612 ipsos
1191 573 1321 603 maxime
1334 573 1511 604 necessariis
1524 573 1678 612 membris,
1695 585 1763 606 ocu-

944 616 990 653 lis,
1006 616 1135 656 inquam,
1150 616 1249 656 lingua
1258 622 1286 647 et
1298 627 1381 658 naso,
1394 618 1607 658 conjectusque
1617 618 1647 648 in
1663 629 1762 651 carce-

944 670 1006 692 rem
1026 661 1130 700 plenus
1146 661 1332 692 miseriarum
1359 666 1389 693 et
1417 663 1496 692 omni
1526 671 1582 702 ope
1608 663 1764 695 destitutus

942 705 1138 745 jacebat.llis
1153 706 1260 736 auditis
1288 705 1348 737 Deo
1379 706 1486 747 plenus
1514 707 1613 744 Pater,
1638 717 1764 739 moerore

946 750 1043 781 cordis
1058 755 1192 789 urgente,
1210 754 1326 781 coactus
1340 751 1394 782 fuit
1421 752 1509 783 homo
1539 751 1568 782 id
1585 753 1688 790 aetatis,
1707 756 1763 783 tam

946 795 1026 834 gravi
1042 794 1145 825 morbo
1161 795 1283 825 allectus
1298 800 1326 826 et
1342 795 1372 825 id
1403 795 1557 836 temporis,
1572 795 1765 836 quadragesi-

80 840 188 881 Ῥώμην
204 843 375 877 καταλαϐεῖν,
404 844 447 871 καὶ
474 847 512 880 τῷ
539 843 644 881 βασιλεῖ
674 843 739 881 μετὰ
763 841 903 881 παρακλή-

995 839 1022 869 le
1033 840 1112 869 enim
1124 839 1431 880 agebaturjejunium,
1442 841 1566 871 Romam
1579 841 1725 880 proﬁcisci
1739 844 1766 872 el

78 899 149 919 σεως
165 888 330 927 προσελθεῖν,
362 883 392 916 Ὀ
410 887 436 915 δὲ
462 887 582 926 βασιλεὺς
614 888 658 915 σὺν
686 891 723 924 τῷ
738 887 902 926 πατριάρχῃ,

991 883 1129 924 )plicibus
1145 884 1218 914 votis
1242 885 1325 915 adire
1351 885 1574 936 imperatorem:
1603 886 1768 926 Imperator

79 933 239 964 ἀκούσαντες
267 933 316 966 τὴν
342 932 440 960 ἕλευσὶν
476 934 564 968 αὐτοῦ,
603 933 807 971 προϋπήντησαν
836 932 906 967 αὒτῴ

991 934 1045 959 lem
1062 938 1128 959 cum
1146 929 1323 969 patriarcha,
1337 930 1435 960 audito
1460 930 1524 969 ejus
1540 930 1675 968 adventu,
1694 940 1765 971 pro-

80 978 125 1005 καὶ
157 978 335 1017 κρατήσαντες
373 978 450 1004 αὒτὸν
487 977 671 1016 ἀμφοτέρωθεν
706 979 758 1003 τῶν
794 978 903 1015 χειρῶν,

80 1023 217 1060 ἀνήγαγον
261 1023 297 1053 εἰς
332 1023 362 1049 τὸ
396 1028 598 1060 ruptae-[.5105
635 1021 784 1051 καθίσαντες

82 1066 163 1103 μέσον
182 1076 189 1084 ·
225 1066 344 1094 κάκεῖνοι
381 1065 410 1093 ἐκ
439 1064 527 1097 δεξιῶν
556 1066 601 1093 καὶ
628 1065 768 1104 ἀριστερῶν
797 1064 906 1103 κατεφί-

81 1110 145 1138 λουν
160 1111 206 1141 τὰς
220 1117 314 1150 χεῖρας
332 1111 421 1140 αὒτοῦ,

829 1021 906 1048 αὐτὸν

127 1163 168 1205 ζ’.
207 1163 235 1195 ’0
270 1166 296 1195 δὲ
324 1162 415 1204 ὅσιος,’
450 1167 471 1194 εἰ
505 1167 547 1194 καὶ
575 1165 671 1205 σφόδρα
700 1164 835 1204 ἐϐαρύνετο
862 1165 905 1192 καὶ

85 1211 188 1239 ἔστενεν
224 1211 265 1239 ἐπὶ
301 1217 358 1242 τοῖς
402 1211 470 1239 οὕτω
511 1210 669 1249 γινομένοις,
713 1210 786 1247 ὅμως
820 1209 906 1237 πάντα

84 1256 224 1293 ὑπέμενεν,
242 1254 268 1282 εἴ
281 1266 338 1286 πως
367 1255 488 1294 ἐπιτύχοι
513 1260 558 1284 τοῦ
584 1255 729 1291 αἰτήματπ
746 1262 753 1268 ”
784 1254 827 1281 καί
842 1264 905 1293 φησι

85 1301 153 1339 πρὸς
181 1299 272 1330 αὺτούς
291 1310 297 1316 ·
329 1299 526 1338 Συγχωρήσιτὲ
555 1310 599 1336 μοι
631 1297 672 1326 διὰ
701 1299 746 1326 τὸν
763 1298 856 1337 Κύριον
871 1301 908 1334 τῷ

87 1343 237 1382 ἁμαρτωλῷ
271 1343 342 1381 παρὰ
377 1344 476 1374 πάντας
512 1343 661 1382 ἀνθρώπους
695 1343 738 1370 καὶ
771 1343 908 1380 ἡμιθνήτῳ

87 1388 202 1426 γέροντι,
232 1386 271 1414 ὅτι
299 1386 402 1419 ἀνάξιος
430 1387 543 1426 ὑπάρχω
572 1390 621 1420 τῆς
649 1387 772 1420 τοιαύτης
800 1389 904 1424 τιμῆς·

88 1431 189 1469 μᾶλλον
205 1431 267 1468 ἐμόν
294 1430 348 1458 ἐστι
373 1432 403 1458 τὸ
428 1437 584 1470 προσκυνεῖν
610 1431 670 1462 τοὺς
697 1431 798 1468 τιμίους
827 1429 908 1462 πόδας

87 1478 172 1513 ὑμῶν,
188 1476 230 1503 καὶ
254 1475 371 1503 σέϐεσθαι
394 1476 440 1507 τὰς
467 1475 588 1507 τοιαύτας
619 1475 691 1508 ἀξίας
720 1477 804 1512 ὑμῶν.
836 1475 908 1508 Πλὴν

948 974 1030 1004 diere
1046 973 1159 1004 obviam
1178 979 1207 1004 et
1223 974 1369 1014 prehensa
1397 975 1465 1005 hinc
1493 974 1563 1005 inde
1589 984 1677 1006 manu
1700 976 1767 1015 ejus

948 1018 1134 1049 adduxerunt
1144 1017 1173 1048 in
1186 1018 1406 1058 patriarcbium.
1417 1019 1546 1049 medium
1555 1019 1768 1059 sederejuben-

949 1067 1004 1099 tes,
1020 1061 1071 1092 illo
1085 1072 1155 1093 vero
1171 1062 1208 1092 ad
1231 1063 1362 1093 dextram
1378 1067 1407 1093 et
1421 1063 1569 1094 sinistram
1585 1073 1688 1096 manus
1704 1065 1767 1105 ejus

949 1106 1207 1137 deosculabantur.

987 1164 1037 1195 90.
1055 1163 1092 1194 At
1107 1163 1150 1194 vir
1165 1167 1284 1196 sanctus
1294 1164 1364 1195 licet
1375 1163 1411 1195 ad
1424 1164 1486 1195 bmc
1499 1164 1623 1196 nimium
1643 1161 1768 1197 afﬂicta-

947 1214 1028 1239 retur
1043 1212 1071 1238 et
1083 1212 1226 1249 gemeret,
1241 1209 1340 1240 omnia
1356 1213 1453 1240 tamen
1479 1209 1649 1248 sull'erebat,
1666 1210 1691 1241 si
1711 1221 1768 1251 quo

951 1256 1033 1292 pacto
1045 1257 1145 1292 posset
1157 1253 1302 1291 obtinere,
1311 1256 1389 1294 quod
1397 1254 1526 1295 petebat,
1542 1258 1570 1285 et
1579 1255 1620 1285 ait
1629 1255 1664 1286 ad
1681 1255 1747 1286 illos
1761 1265 1767 1287 :

949 1297 1095 1337 Ignoscite
1111 1298 1181 1328 mihi
1198 1299 1331 1329 omnium
1345 1299 1472 1330 maximo
1485 1299 1634 1340 peccatori
1645 1302 1771 1332 etsemi-

950 1345 1064 1372 mortuo
1080 1342 1145 1373 seni
1161 1351 1215 1382 per
1241 1342 1413 1386 Dominum,
1444 1343 1583 1383 indignus
1610 1344 1690 1374 enim
1705 1354 1770 1376 sum

951 1389 1029 1416 tanto
1046 1385 1169 1417 honore.
1195 1387 1293 1417 Meum
1321 1387 1419 1427 potius
1447 1391 1492 1418 est
1521 1387 1720 1428 procumbere
1734 1388 1771 1419 ad

950 1430 1141 1461 honorabiles
1151 1435 1264 1462 vestros
1276 1431 1368 1471 pedes
1381 1436 1409 1462 et
1419 1432 1555 1463 venerari
1567 1435 1624 1462 tam
1647 1432 1772 1464 eximias

951 1479 1060 1505 vestras
1070 1474 1237 1515 dignitates.
1250 1477 1328 1507 Sane
1337 1477 1452 1507 accessi
1462 1477 1498 1508 ad
1510 1476 1631 1516 gloriam
1643 1481 1771 1508 vestram

88 1520 201 1554 ἐλήλυθα
217 1521 281 1558 πρὸς
298 1520 345 1553 τὴν
361 1519 516 1552 ἐνδοξότητα
541 1521 623 1557 ὑμῶν,
652 1521 681 1548 οὒ
711 1519 787 1553 δόξης
816 1519 908 1559 ὀρεγό-

992 1529 1009 1549 n
1025 1519 1125 1559 gloriae
1140 1520 1277 1561 cupidus,
1289 1525 1339 1551 aut
1348 1520 1550 1560 largitionum,
1562 1525 1612 1551 aut
1623 1521 1769 1552 maximo-

89 1576 180 1603 μενος,
197 1564 214 1598 ἢ
229 1563 343 1604 δωρεῶν,
416 1564 550 1603 προσόδων
581 1564 722 1604 μεγίστων,
748 1565 815 1593 ἀλλὰ
830 1565 908 1604 χάριν

87 1613 134 1637 τοῦ
149 1608 235 1637 πολλὰ
261 1608 446 1641 δουλεύσαντος
470 1610 544 1647 ὑμῖν,
574 1609 617 1637 καὶ
645 1612 733 1641 κακῶς
761 1608 910 1642 διοικηθέν-

87 1665 132 1685 τος
168 1651 229 1692 παρ’
265 1654 337 1691 ὑμῶν
355 1661 361 1669 ¹
399 1659 445 1683 τοῦ
478 1654 545 1691 ὑμᾶς
582 1653 744 1693 ἀμφοτέρους
780 1653 832 1681 ἀπὸ
866 1656 911 1681 τοῦ

88 1698 269 1735 βαπτίσματος
304 1697 518 1738 ἀναδεδεγμένου,
565 1699 608 1725 καὶ
651 1697 712 1738 παρ’
748 1698 821 1735 ὑμῶν
849 1697 909 1728 τοὺς

89 1742 239 1782 ὀφθαλμοὺς
275 1741 494 1781 ἐξορωρυγμένου,
535 1743 632 1780 Δέομαι
658 1745 707 1776 τῆς
732 1741 908 1782 φιλευσεϐείας

89 1787 162 1823 ὑμῶν
178 1785 343 1825 δωρήσασθαί
372 1798 416 1824 μοι
446 1787 534 1826 αὐτὸν,
561 1787 607 1814 ’ίνα
634 1787 740 1818 καθίσας
757 1785 814 1824 μετ’
832 1786 906 1826 ἐμοῦ,

90 1830 245 1868 κλαύσωμεν
271 1830 414 1870 ἀμφότεροι
442 1831 488 1862 τὰς
517 1831 644 1870 ἁμαρτίας
669 1832 756 1869 ἡμῶν.
795 1831 859 1860 Τότε
897 1832 910 1859 ὁ

91 1874 211 1912 βασιλεὺς
246 1873 418 1913 ἐπιδακρύσας
453 1876 544 1914 μικρὸν
582 1877 620 1910 (οὒ
653 1875 701 1914 γὰρ
735 1878 768 1909 ἦν
805 1875 910 1909 ἀληθῶς

90 1920 120 1946 τὸ
148 1922 199 1946 πᾶν
228 1921 276 1952 τῆς
303 1919 382 1948 αὐτοῦ
407 1918 519 1957 βουλῆς)
546 1919 671 1958 ἀπεκρίθη
700 1920 737 1956 τῷ
766 1920 885 1959 μακαρίῳ
902 1928 908 1934 ·

92 1963 180 1990 Πάντα.
202 1962 280 2000 ἐσμὲν
301 1963 402 2001 ἕτοιμοι
428 1968 474 1993 τοῦ
501 1963 638 2003 πληρῶσαι
665 1964 697 1991 τὰ
725 1962 850 1993 δοκοῦντα
878 1968 911 2002 τῇ

91 2011 126 2045 σῇ
161 2008 305 2046 ἀγιωσὺτῃ,
343 2007 401 2046 εἴγε
436 2009 479 2036 καὶ
514 2009 544 2036 ὠ
580 2008 728 2046 ἐπακούσῃς
756 2011 804 2041 τῆς
833 2009 910 2046 ἡμῶν

91 2051 294 2090 παρακλήσεως,
322 2053 364 2079 καὶ
392 2051 519 2091 καταδέξῃ
546 2056 591 2081 τοῦ
615 2051 706 2081 λαϐεῖν
736 2053 910 2092 μοναστήριον

93 2095 118 2123 ἐν
134 2095 215 2134 ταύτῃ
243 2099 277 2134 τῇ
305 2095 392 2132 πόλει,
425 2099 483 2125 οἷον
512 2096 542 2124 ἂν
572 2096 665 2137 βούλῃ,
696 2098 739 2125 καὶ
767 2096 911 2135 εἷναιμεθ’

91 2141 168 2177 ἡμῶν
204 2140 245 2167 διὰ
276 2142 386 2172 παντὸς,
423 2144 473 2169 Τοῦ
501 2140 527 2169 δὲ
555 2141 675 2181 γέροντος
703 2142 912 2180 ἀπαναινομένου

950 1572 1015 1594 rum
1045 1568 1251 1604 proventuum,
1269 1565 1321 1595 sed
1336 1564 1366 1594 in
1383 1564 1520 1596 beneﬁcii
1546 1565 1610 1596 loco
1626 1565 1772 1605 petiturus

952 1607 1046 1647 illum,
1064 1607 1114 1648 qui
1130 1608 1255 1639 multum
1270 1608 1352 1639 vobis
1369 1608 1520 1640 inservivit
1531 1613 1559 1639 et
1570 1609 1646 1640 malo
1659 1619 1674 1640 a
1690 1609 1773 1640 vobis

953 1656 1093 1683 tractatus
1107 1656 1163 1691 est,
1181 1653 1230 1693 qui
1245 1657 1405 1694 utrumque
1420 1657 1550 1685 vestrum
1571 1654 1609 1684 de
1623 1654 1703 1685 fonte
1716 1654 1771 1684 ba-

952 1696 1097 1736 ptismatis
1111 1697 1253 1737 suscepit,
1271 1701 1301 1728 et
1316 1698 1468 1729 oculorum
1484 1707 1501 1728 a
1524 1698 1607 1729 vobis
1620 1703 1772 1730 erutorum

951 1741 1018 1772 luce
1033 1741 1164 1781 privatus
1175 1745 1230 1772 est.
1244 1741 1376 1773 Obsecro
1389 1741 1518 1773 studium
1530 1742 1646 1783 pietatis
1655 1747 1774 1782 vestrae,

951 1789 981 1816 ut
997 1785 1079 1816 illum
1096 1785 1168 1816 mihi
1184 1785 1261 1816 dono
1276 1785 1362 1823 detis,
1380 1797 1438 1828 quo
1466 1796 1583 1818 mecum
1599 1787 1712 1825 sedeat,
1729 1786 1786 1818 si-'

952 1829 1072 1870 mulque
1088 1833 1208 1869 peccata
1218 1834 1318 1861 nostra
1330 1830 1504 1862 deﬂeamus.
1516 1832 1599 1862 Tunc
1611 1832 1772 1871 imperator

953 1874 1070 1914 paulum
1087 1874 1311 1915 collacrymatus
1336 1876 1446 1915 (neque
1471 1875 1550 1906 enim
1573 1879 1678 1916 totum,
1695 1877 1774 1916 quod

953 1922 1146 1959 successerat,
1163 1923 1226 1950 erat
1240 1928 1344 1950 revera
1357 1920 1394 1950 de
1411 1920 1475 1960 ejus
1491 1919 1627 1959 consilio)
1642 1929 1772 1961 respon-

953 1962 995 1993 dit
1006 1963 1089 1994 beato
1101 1962 1184 1994 Viro:
1198 1964 1293 1995 Parati
1318 1973 1422 1996 sumus
1436 1964 1473 1994 ad
1488 1964 1640 2005 implenda
1655 1965 1767 2003 omnia,

952 2017 1016 2047 quae
1031 2012 1086 2038 tuae
1103 2008 1201 2048 pietati
1215 2010 1345 2049 placent,
1356 2009 1381 2040 si
1392 2013 1420 2040 et
1431 2009 1494 2049 ipse
1511 2013 1642 2040 nostram
1654 2010 1773 2049 petitio-

953 2061 1020 2082 nem
1036 2052 1182 2083 audiveris
1199 2058 1227 2084 et
1244 2063 1304 2084 non
1329 2053 1505 2093 dedignatus
1532 2053 1625 2085 fueris
1639 2054 1774 2094 accipere

953 2097 1166 2127 monasterium
1184 2097 1214 2128 in
1230 2098 1285 2129 hac
1309 2097 1396 2136 urbe,
1421 2098 1620 2138 quodcunque
1635 2098 1774 2135 volueris,

953 2145 984 2170 ut
999 2140 1153 2172 nobiscum
1184 2146 1326 2182 perpetuo
1356 2151 1487 2173 maneas.
1517 2143 1685 2173 Recusante
1701 2142 1791 2173 sene’

92 2185 140 2218 τὴν
176 2185 203 2212 ἐν
230 2187 263 2222 τῇ
297 2185 373 2213 πόλει
409 2184 554 2225 διατριϐὴν,
593 2185 740 2226 προέτεινεν
769 2188 839 2224 αὐτῷ
865 2187 908 2215 τὸν

993 2187 1218 2216 mmorationem
1234 2187 1264 2216 in
1282 2186 1367 2222 urbe,
1382 2187 1569 2227 protulerunt
1583 2186 1626 2216 illi
1641 2190 1775 2217 sanctum

92 2229 167 2267 ἅγιον
212 2228 392 2265 Ἀναστάσιον,
438 2231 474 2262 ὡς
519 2229 568 2262 ἔξω
605 2229 712 2270 θορύϐου
747 2231 912 2270 ὑπάρχοντα,

92 2275 134 2301 καὶ
163 2274 201 2302 ἀεὶ
229 2277 267 2311 τῷ
293 2275 413 2314 ἡμετέρῳ
437 2275 505 2313 γένει
534 2275 774 2315 προσαναφέροντα.
806 2276 854 2304 Καὶ
881 2274 913 2309 δὴ

92 2317 244 2350 κατεδέξατο
260 2319 410 2355 σπουδάζων
438 2324 483 2349 τοῦ
510 2319 672 2357 ζητουμένου
699 2327 794 2360 τυχεῖν
822 2319 912 2359 δωρή-

94 2373 186 2399 ματος,
219 2359 247 2391 (Ο
278 2362 304 2391 δὲ
333 2363 422 2404 ἄγριος
450 2364 539 2395 πάπας
570 2364 674 2396 ἐκεῖνος
702 2365 740 2402 μὴ
756 2366 912 2404 χορτασθεὶ)

95 2405 133 2417 vv
186 2409 198 2417 φ
246 2407 257 2418 ν
314 2408 323 2418 ν
400 2410 407 2419 ν
462 2410 467 2416 ι
581 2408 649 2419 Hnl
747 2408 806 2419 .‘r

93 2408 133 2447 ἐφ’
169 2409 212 2439 οἷς
246 2408 353 2447 ἔπραξεν
387 2410 422 2441 εἰς
445 2410 488 2437 τὸν
525 2408 700 2448 προῤῥηθέντα
740 2408 888 2448 Φιλάγαοον
905 2418 912 2426 ·

954 2229 1151 2270 Anastasium,
1167 2231 1267 2270 procul
1284 2240 1300 2262 a
1316 2231 1400 2261 turba
1416 2231 1541 2270 positum
1558 2234 1586 2261 et
1601 2230 1777 2262 Graecanica;

955 2273 1033 2312 genti
1050 2283 1169 2314 semper
1195 2275 1358 2306 addictum.
1386 2274 1488 2315 Itaque
1514 2274 1627 2310 annuit,
1655 2274 1777 2315 cupiens

955 2317 1012 2348 sibi
1027 2317 1140 2355 donari,
1158 2319 1235 2359 quod
1247 2318 1377 2359 petebat.
1394 2318 1503 2350 Verum
1520 2319 1660 2359 papa‘ille
1674 2319 1776 2350 immi—
1790 2320 1794 2323 '

956 2362 1023 2400 tior,
1037 2362 1097 2402 (77)
1109 2372 1167 2393 non
1183 2363 1316 2403 expletus
1328 2363 1424 2401 malis,
1435 2363 1542 2403 quibus
1554 2364 1774 2402 Philagathum,

956 2406 993 2436 de
1008 2416 1064 2447 quo
1080 2416 1167 2448 supra
1182 2407 1316 2445 memini,
1333 2407 1483 2445 affecerat,
1499 2408 1637 2448 produxit
1645 2407 1779 2447 illumet

782 2497 902 2529 Joannis
916 2496 977 2529 Clei
994 2499 1080 2528 notae.

135 2569 192 2611 (76)
209 2570 350 2611 Gregorio
376 2569 515 2601 nimirum
542 2570 577 2609 V,
610 2572 744 2602 Romano
761 2571 909 2611 pontiﬁce,

97 2609 144 2652 qui
162 2614 229 2640 ante
245 2610 344 2640 Bruno
359 2611 574 2652 appellabatur,
603 2615 725 2652 eratque
736 2609 858 2652 Ottonis
873 2610 911 2641 III

96 2649 281 2690 imperatorts
310 2649 569 2690 consanguineus:
601 2649 685 2681 natus
713 2651 853 2682 nimirum
878 2660 913 2680 ex

96 2688 200 2721 Ottone
216 2690 302 2725 duce,
320 2690 368 2730 qui
386 2688 523 2721 Marciam
540 2691 742 2722 Veronensem
760 2696 820 2721 tum
837 2695 914 2721 tem-

99 2731 175 2770 poris
191 2730 351 2770 obtinebat.
369 2730 452 2760 Hunc
481 2740 568 2770 porro
596 2731 625 2762 in
656 2732 752 2761 lucem
782 2731 915 2761 ediderat

98 2769 274 2808 liuitguarda
290 2769 403 2800 Oltonis
419 2769 513 2809 Magni
529 2771 598 2801 ﬁlia.
632 2771 706 2801 Vide
724 2771 912 2802 Muratorium

98 2809 125 2856 i_n
133 2809 386 2856 Aiiftlibuslta‘tiw
394 2810 428 2840 ad
439 2820 474 2840 an
478 2821 516 2856 _n_u
522 2820 547 2840 in
552 2811 617 2856 906
629 2811 914 2856 etiin'Avntiquitatf-

101 2850 152 2890 bus
179 2849 295 2880 Italicis
323 2849 442 2880 dissert.
469 2853 518 2881 4t.
549 2851 620 2886 Qum
648 2851 721 2881 dicit
736 2849 863 2890 scriptor
878 2850 915 2880 de

103 2888 253 2921 miraculis
269 2894 349 2921 extra
362 2890 538 2926 Ecclesium,
566 2890 699 2930 intellige
713 2891 750 2922 de
764 2888 912 2932 apparen-

954 2569 1041 2605 tibus,
1059 2568 1103 2599 vel
1120 2567 1241 2609 patratis
1255 2567 1291 2600 ab
1307 2568 1378 2608 illls,
1395 2570 1446 2611 qui
1461 2570 1571 2602 deinde
1583 2579 1600 2602 a
1612 2569 1671 2601 [ide
1681 2570 1776 2602 desci-

953 2613 1068 2640 verunt.

995 2649 1054 2688 (7⁸1)
1073 2646 1180 2690 Papam
1195 2649 1340 2680 immitem
1355 2651 1481 2690 appellat
1509 2650 1691 2690 biograpbus
1708 2658 1715 2681 :
1748 2653 1777 2680 at

958 2689 1060 2731 Petrus
1090 2689 1249 2720 Damianus
1278 2694 1307 2720 et
1333 2689 1584 2731 Chronographus
1611 2689 1686 2722 Saxo
1701 2698 1775 2731 cru-

956 2729 1107 2771 delitatem
1124 2733 1212 2771 totam
1230 2731 1384 2767 Romanis,
1414 2729 1526 2768 veritis,
1544 2740 1581 2761 ne
1594 2730 1773 2771 impunitum

956 2769 1119 2810 dimitteret
1139 2768 1321 2810 imperator,
1351 2771 1495 2802 atlricant.
1526 2771 1613 2805 Vide.
1639 2768 1664 2801 si
1692 2769 1778 2810 plura

956 2809 993 2850 de
1020 2809 1104 2850 hisce
1130 2809 1293 2850 desideras,
1323 2820 1390 2850 quae
1419 2810 1525 2850 scripsi
1555 2811 1662 2842 Gloriae
1690 2809 1775 2850 post-

955 2849 1054 2921 IltungCB
1067 2848 1120 2880 SS.
1137 2848 1276 2890 Cypriani
1305 2848 1342 2882 et‘
1364 2848 1513 2883 sociorum
1541 2850 1555 2890 §
1583 2850 1613 2890 3,
1637 2848 1723 2882 num.
1737 2849 1777 2881 ~27
1799 2865 1803 2869 ~

956 2898 972 2920 e
1043 2911 1050 2919 .

956 2898 985 2920 Θῐ
999 2898 1050 2920 Ζδ.
