1970 3064
91 112 167 146 153

705 112 799 145 VITA
819 112 851 145 ὅ.
872 111 957 145 NILI
974 112 1161 146 IUNIORIS.

1737 116 1795 149 154

91 177 234 220 βασιλεὺς
247 183 287 218 τῷ
300 180 368 221 ἁγίῳ
384 187 393 198 θ
417 175 447 210 Ὀ
473 180 566 221 Κύριος
593 181 672 218 ἡμῶν
698 177 800 214 Ἰησοῦς
820 179 910 220 Χριστὶ

982 187 1042 216 lus,
1057 176 1109 216 ait,
1126 180 1227 209 uoster
1239 178 1326 211 Jesus
1348 178 1482 211 Christus
1510 178 1643 220 quandiu
1658 179 1712 211 fuit
1727 188 1794 211 cum

97 225 163 258 ἕως
201 228 342 265 συμπαρῆν
373 231 432 256 τοῖς
476 223 646 264 ἀποστόλοις,
689 223 808 254 ὶκέλευεν
842 226 934 256 αὐτοῖς

96 270 146 308 μὴ
178 271 279 310 πήραν,
307 270 346 308 μὴ
367 268 472 309 ῥάϐδον,
503 269 571 308 μήτε
599 270 653 308 μὴν
675 267 719 297 δύο
747 271 864 309 χιτῶνας
892 280 934 298 κι-

96 316 235 348 κτῆσθαι.
252 313 416 354 Ἐρχόμενος
445 313 474 342 δὲ
501 315 566 354 πρδς
595 314 626 342 τὸ
652 314 745 350 πάθος,
762 313 841 344 πάλιν
857 313 934 342 εἶπεν

96 361 204 391 αὐτοῖς
222 367 229 375 ·
248 371 263 387 ε
281 358 363 387 Ἀλλὰ
377 362 421 387 νῦν
433 359 447 387 ὁ
462 358 534 399 ἔχων
549 357 701 399 βαλάντιον,
715 358 804 398 ἀράτω
817 359 861 386 καὶ
875 359 933 393 πή-

96 414 168 444 ραν.
190 413 206 434 ε
222 404 271 434 Καὶ
285 404 363 435 αὐτὸς
386 403 470 432 τοίνυν
494 403 626 443 γηράσας,
652 404 695 431 καὶ
710 402 814 441 μέλλων
828 402 932 431 ἀπιέναι

94 449 175 489 πρὸς
211 449 260 483 τὴν
298 451 352 477 τῶν
385 449 500 488 οὐρανῶν
526 447 673 488 βασιλείαν,
706 447 843 488 φρόντισον
880 448 933 475 τῶν

95 497 161 522 σῶν
191 493 378 534 γεννημάτων,
405 493 502 532 μήπως
531 491 772 533 στενοχωρηθέντες
802 491 869 530 μετά
902 491 932 520 σὲ

95 541 139 576 τῇ
172 536 298 575 δυσκολίᾳ
325 543 372 568 τοῦ
398 537 491 575 τόπου,
521 536 743 576 ἀναχωρήσαντες
770 538 932 576 σκορπισθῶ-

95 593 160 614 σιν,
201 578 296 621 Ἠμετς
324 581 443 620 δώσομεν
481 582 668 620 μοναστήριον,
704 581 748 609 καὶ
775 579 930 621 προσόδους,

97 625 175 655 ὅπου
203 626 234 655 ἂν
263 625 390 664 κελεύσῃς
419 626 447 654 ἐν
473 625 529 662 ὅλῳ
556 628 603 663 τῷΔ
621 624 741 664 ἡμετέρῳ
768 625 868 665 κράτει.
899 620 928 654 Ὀ

96 670 180 703 ὅσιος
196 671 322 711 ἀπεκρίθη
339 678 346 686 ·
363 674 416 700 Τοῦ
432 669 512 699 suae
526 669 626 704 ἥκουσα
640 668 763 709 λέγοντος
779 679 786 686 '
807 679 822 699 ε
837 672 928 698 Σῶσον

95 726 148 756 με,
167 716 257 755 Κύριε,
285 715 326 745 ὅτι
354 715 507 744 ἐκλέλοιπεν
528 714 611 751 ὅσιος,
640 713 680 743 ὅτι
705 713 879 754 ὧλιγώθησαν
902 715 928 743 αἱ

96 759 229 794 ἂληθειαι
243 760 296 789 ἀπὸ
310 762 363 788 τῶν
372 761 434 790 υἱῶν
447 763 500 788 τῶν
515 759 670 799 ’ἀνθρώπων
687 767 695 774 ·
727 771 742 787 ι
769 759 814 788 καὶ
827 759 907 788 πάλιν
917 767 925 775 ⁵

84 812 118 844 ,ι
137 804 195 834 οὒκ
209 803 264 833 ἔστι
279 807 363 834 ποιῶν
378 804 576 845 -χρηστότητα,
606 805 654 834 οὐκ
675 803 745 833 ἔστιν
759 803 809 836 ἓως
822 804 891 837 ᾶνός.
909 815 924 832 ι

976 221 1128 264 apostolis,
1145 222 1303 254 mandabat
1324 223 1379 260 eis,
1408 233 1446 255 ne
1475 233 1587 264 param,
1606 233 1645 255 ne
1669 223 1793 264 virgam,

975 276 1073 308 neque
1087 266 1159 298 duas
1175 267 1289 298 tunicas
1304 268 1488 308 possiderent
1511 269 1554 301 84.
1585 268 1658 300 Cum
1674 277 1743 299 vero
1757 268 1794 299 ad

975 312 1142 352 passionem
1171 310 1244 349 ibat,
1272 321 1375 342 rursus
1400 313 1519 345 aiebat:
1565 325 1578 341 ε
1618 312 1676 344 Sed
1715 322 1794 344 nunc

974 356 1025 396 qui
1040 355 1130 386 habet
1143 355 1305 393 sacculum,
1322 356 1403 388 tollat
1418 362 1447 388 et
1461 367 1561 398 peram
1576 358 1619 389 85.
1636 368 1651 387 ›
1671 357 1747 395 Ergo
1763 361 1793 388 tu

973 409 1090 441 quoque
1100 409 1168 431 cum
1176 400 1237 440 jam
1249 401 1420 432 senueriset
1441 402 1539 433 vicina
1556 402 1610 433 tibi
1629 401 1668 432 sit
1682 401 1793 441 migra-

973 445 1012 475 tio
1027 444 1063 476 ad
1080 454 1203 484 regnum
1231 444 1386 483 caelorum,
1415 446 1535 486 suscipe
1559 455 1659 477 curam
1676 450 1792 477 tuorum

972 489 1112 526 ﬁliorum,
1124 498 1161 519 ne
1172 488 1283 519 fortein
1295 488 1443 528 angustias
1454 491 1578 527 redacti,
1599 490 1717 531 quando
1733 499 1794 521 non

971 532 1041 564 eris.
1057 533 1161 564 obloci
1176 533 1379 564 ditﬁcultatem
1394 534 1569 565 recedentes
1583 534 1793 574 dispergantur

970 575 1030 608 Nos
1045 576 1182 607 dabimus
1198 577 1408 608 monasterium
1425 581 1454 608 et
1477 583 1646 618 proventus,
1664 579 1790 610 ubicun-

970 630 1029 661 que
1043 620 1096 651 tibi
1111 621 1280 652 collibuerit
1306 630 1358 661 per
1373 625 1462 652 totam
1488 622 1630 653 ditionem
1646 627 1789 654 nostram.

968 665 1013 697 Ad
1029 675 1095 705 quae
1103 666 1148 696 vir
1156 670 1287 697 sanctus:
1298 665 1406 697 Audivi
1417 665 1565 697 dicentem
1577 667 1666 698 David
1677 676 1685 698 :
1704 679 1717 695 α
1731 667 1791 699 Sal-

968 718 1036 740 vum
1052 719 1100 740 me
1115 710 1170 748 fac,
1197 710 1336 751 Domine,
1366 711 1506 751 quoniam
1535 711 1642 742 defecit
1656 716 1788 748 sanctus,

968 753 1108 794 quoniam
1123 754 1276 787 diminutas
1303 759 1372 786 sunt
1400 755 1538 786 veritates
1565 764 1583 786 a
1607 756 1674 787 ﬁliis
1690 755 1788 787 homi-

968 807 1040 829 num
1054 798 1106 836 86;
1125 811 1139 827 «
1155 804 1312 839 pmterea:
1325 812 1338 827 α
1347 799 1412 831 Non
1421 803 1476 838 est,
1489 799 1539 841 qui
1552 799 1650 838 faciat,
1662 799 1788 842 bonum,

933 864 956 896 Β
967 848 1094 896 notuneslt‘
1102 853 1196 896 usque
1209 843 1245 896 ad
1261 853 1351 875 unum
1366 845 1408 896 87:
1427 857 1442 873 κ

143 887 207 932 ζγ’,
231 894 261 922 El
283 891 310 922 δί
336 893 380 922 καὶ
406 892 475 925 ὅλως
504 893 552 921 eiul
580 893 695 934 μοναχοὶ
723 894 747 923 ot
774 892 833 932 μετ’
859 892 925 931 ἐμοῦ

96 936 222 977 ἀδελφοὶ,
239 938 296 966 -καί
330 936 469 977 φυλάξουσι
504 937 572 966 κατὰ
606 936 714 976 δύναμιν
741 937 788 970 τὰς
816 937 923 970 ἐντολὰς

1005 888 1056 919 93.
1072 888 1155 924 Quod
1171 888 1197 920 si
1214 888 1329 927 fratres,
1356 890 1405 930 qui
1435 898 1553 921 mecum
1568 892 1648 927 sunt,
1666 888 1788 920 omnino

964 933 1103 964 monachi
1118 937 1186 964 sunt
1201 936 1231 964 et
1245 933 1382 964 mandata
1405 933 1512 965 Christi
1541 943 1593 974 pro
1608 934 1718 965 viribus
1733 944 1786 965 cu-

94 985 147 1010 τσῦ
176 985 299 1021 Χριστοῦ,
331 981 408 1013 αὖτὸς
431 982 445 1009 ὁ
474 981 650 1019 οἰκονομήσας
679 981 773 1014 αὐτοὺς
800 981 851 1013 ἳως
877 993 910 1010 τοι

982 977 1106 1018 averint,
1122 977 1197 1018 ipse,
1216 978 1264 1009 cui
1279 978 1318 1009 de
1341 978 1400 1009 illis
1422 988 1501 1010 cura:
1514 978 1568 1009 fuit
1581 987 1675 1019 usque
1689 979 1787 1010 adhuc

94 1029 144 1054 νῦν
176 1024 235 1064 μετ’
261 1025 336 1065 ἐμοῦ,
363 1024 455 1062 πολλῷ
482 1024 583 1063 μᾶλλον
613 1026 742 1065 φροντίσαι
771 1026 856 1054 αὐτῶν
880 1037 910 1054 κα

982 1030 1013 1052 ne
1027 1022 1195 1062 superstite,
1212 1022 1304 1053 multo
1331 1023 1423 1063 magis
1452 1027 1481 1054 et
1509 1023 1574 1053 sine
1589 1032 1637 1053 me
1652 1032 1723 1054 cura
1735 1032 1786 1054 eos

97 1069 164 1099 ἄνευ
192 1070 257 1108 ἐμοῦ
278 1078 286 1087 ⁸
323 1069 353 1101 ὃς
384 1069 432 1098 οὒκ,
459 1068 485 1097 ἐν
512 1072 546 1107 τῇ
574 1068 708 1106 δυναστείᾳ
734 1074 781 1100 τοῦ
806 1069 910 1099 δυνατοῦ

983 1074 1021 1095 ua
1035 1066 1259 1111 complectetur,
1277 1066 1325 1097 cui
1353 1077 1413 1098 non
1438 1067 1469 1098 in
1498 1067 1629 1108 potentia
1644 1067 1784 1108 potentis,

97 1113 161 1142 οὑδὲ
177 1114 204 1142 ἐν
217 1119 278 1146 ταῖς
291 1114 406 1152 κνήμαις
421 1119 466 1143 tot
491 1113 583 1153 ἀνδρὸς
611 1112 726 1151 εὐδοκεῖ,
748 1113 807 1142 ἀλλ’
823 1113 850 1142 ἐν
866 1121 910 1144 τοτ

982 1118 1023 1140 rec
1051 1109 1081 1140 in
1109 1109 1191 1141 tibiis
1218 1110 1273 1141 viri
1296 1111 1514 1152 beneplacitum
1545 1115 1601 1148 est,
1629 1111 1681 1142 sed
1696 1111 1727 1141 in
1742 1112 1786 1143 eis

98 1157 251 1194 ἐλπίζουσιν
277 1158 320 1186 ἐπὶ
344 1158 375 1186 τὸ
402 1157 476 1190 ἔλεος
503 1157 594 1188 αὐτοῦ.
623 1158 729 1187 Τούτων
757 1159 801 1187 καὶ
828 1158 910 1199 ἑτέρω

982 1153 1015 1199 jui
1030 1158 1149 1194 sperant
1163 1164 1253 1195 super
1268 1155 1473 1187 misericordia
1481 1157 1556 1196 ejus.
1568 1155 1637 1187 Haec
1653 1160 1683 1188 et
1694 1156 1787 1187 multa

97 1201 209 1231 πολλῶν
231 1200 397 1236 λαληθέντων
421 1202 518 1236 ἀνέστη
545 1203 559 1230 ὁ
585 1201 708 1241 βασιλεὺς
736 1202 909 1243 ἀναχωρῆσαι

983 1198 1101 1243 liarcum
1118 1205 1219 1230 essent
1234 1200 1383 1238 collocuti,
1409 1201 1439 1231 in
1468 1201 1544 1231 viam
1573 1210 1606 1231 se
1621 1200 1785 1241 imperator

97 1247 151 1276 Καὶ
186 1246 266 1275 πάλιν
300 1246 465 1287 ἐπιστραφεὶς
501 1247 567 1286 πρὸς
601 1247 646 1275 τὸν
678 1242 891 1287 γέρονταηεῖπεν

984 1242 1045 1273 edit
1059 1247 1088 1273 et
1099 1252 1262 1274 conversus
1272 1244 1380 1275 iterum
1402 1245 1438 1275 ad
1453 1254 1555 1275 senem
1570 1244 1663 1275 dixit:
1682 1245 1753 1276 Pete
1768 1254 1786 1275 a

97 1289 220 1324 Αἴτησόν
256 1301 290 1328 με
316 1291 353 1322 ὣς
380 1290 472 1318 τέκνον
501 1301 558 1330 σου,
589 1290 616 1318 εἴ
643 1301 668 1319 τι
695 1291 731 1331 ἅν,
754 1290 850 1331 βούλῃ,
878 1302 910 1319 κα

982 1296 1010 1318 ie
1020 1287 1145 1328 perinde
1154 1297 1188 1318 ac
1200 1288 1259 1319 tilio
1278 1289 1421 1330 quidquid
1440 1289 1580 1325 volueris,
1597 1293 1627 1320 et
1642 1288 1785 1330 praestabo

97 1335 169 1373 μετὰ
194 1334 283 1368 πάσης
309 1335 453 1375 προθυμίας
480 1333 616 1374 πληρώσω
642 1345 696 1364 σοι.
724 1330 753 1363 ιΟ
781 1334 808 1362 δὲ

982 1340 1028 1362 um
1057 1332 1140 1363 omni
1167 1332 1329 1365 alacritate.
1359 1333 1394 1364 Et
1420 1333 1466 1364 vir
1494 1337 1625 1369 sanctus.
1664 1336 1785 1364 extensa

98 1390 156 1418 ριος
172 1379 287 1411 ἐκτείνας
308 1379 358 1413 τὴν
385 1385 468 1419 χεῖρα
495 1380 561 1418 πρὸς
587 1378 626 1416 τῷ
653 1379 743 1414 στήθει
770 1382 817 1407 τοῦ
839 1379 910 1417 βασι-

982 1384 1050 1406 ianu
1075 1376 1112 1406 ad
1141 1380 1242 1416 pectus
1267 1377 1464 1417 imperatoris,
1481 1378 1578 1410 dixit:
1608 1377 1688 1409 Nihil
1704 1378 1784 1409 aliud

96 1423 179 1461 λέως,
195 1423 273 1452 εἶπεν
289 1431 297 1441 ·
324 1422 403 1452 οὐδὲν
431 1422 496 1451 ἄλλο
525 1421 617 1461 δέομαι
644 1425 693 1456 τῆς
708 1425 758 1456 σῆς
772 1422 918 1461 βασιλείας,

97 1466 207 1518 ι
241 1467 290 1502 τὴν
324 1467 548 1518 meme.
569 1469 661 1518 ψυχῆς
689 1478 735 1518 σξυ
752 1475 762 1483 ·
778 1467 853 1518 μιν.
868 1468 917 1507 γάρ
928 1486 949 1518 c

97 1511 221 1550 βασιλεὺς
255 1511 403 1552 τυγχάνῃς,
440 1509 499 1539 ἀλλ’
534 1512 572 1543 ὣς
610 1513 652 1543 εἷς
685 1514 738 1540 τῶν
774 1511 916 1551 ἀνθρώπων

97 1555 253 1590 τελευτῆσαι
274 1555 359 1596 ἔχεις,
388 1556 432 1584 καὶ
460 1556 496 1588 εις
523 1556 607 1595 κρίσιν
633 1557 842 1595 παραπαθῆναι,
871 1557 916 1584 καὶ

97 1599 178 1640 λόγον
212 1600 299 1629 δοῦναι
333 1601 371 1628 ὦν
405 1599 516 1639 ἔπραξας
544 1602 666 1639 πονηρῶν
700 1610 729 1628 τε
756 1600 800 1628 καὶ
826 1599 915 1628 καλῶν

97 1644 193 1685 ἔργων.
239 1645 289 1673 Καὶ
323 1645 338 1672 ὁ
381 1641 502 1675 ϐασιλεὺς
534 1647 615 1672 ταῦτα
649 1643 750 1672 ἀκούων
784 1644 914 1683 σταγόνας

97 1688 213 1729 δακρύων
252 1688 381 1729 προέχειν
415 1687 468 1716 ἀπὸ
502 1690 556 1716 τῶν
590 1688 731 1726 ὀμμάτων.
767 1688 836 1717 Εἶτα
869 1689 914 1717 τὸν

97 1733 222 1774 στέφανον
236 1732 326 1764 κλίνας
341 1731 367 1761 ἐν
388 1738 449 1764 ταῖς
478 1732 554 1772 χερσὶ
580 1735 627 1760 τοῦ
650 1732 736 1771 ἁγίου,
765 1733 809 1761 καὶ
836 1732 914 1762 εὔλο-

98 1778 185 1818 γηθεὶς
200 1775 263 1816 παρ’
290 1777 368 1805 αὐτοῦ
395 1776 441 1804 σὺν
470 1779 532 1804 πᾶσι
559 1782 619 1807 τοῖς
647 1774 705 1813 μετ’
732 1777 821 1816 αὐτοῦ,
847 1776 914 1806 ἐπο-

99 1822 187 1862 ρεύετο
199 1822 249 1855 τὴν
266 1820 336 1851 ὁδόν.
367 1818 440 1848 Ἀλλ’
468 1818 521 1848 οὐδ’
549 1819 632 1851 οὕτως
658 1819 778 1860 ἐξέφυγεν
802 1824 855 1850 τῶν
870 1824 915 1850 τοῦ

98 1870 161 1905 Θεοῦ
187 1865 322 1905 χριμάτων
349 1864 379 1892 τὸ
405 1862 498 1903 πέρας.
528 1863 628 1896 Εὐθέως
657 1864 706 1903 γὰρ
732 1863 813 1892 ἐλθὼν
836 1864 864 1892 ἐν
878 1866 916 1902 τῷ

98 1904 210 1949 Ῥώμῃ,
233 1909 278 1937 καὶ
312 1908 427 1939 στάσεως
464 1907 536 1944 αὖτῷ
572 1907 729 1945 γενομένης,
759 1907 916 1948 ἀνεχώρησε

98 1954 208 1994 φεύγων,
221 1954 265 1982 καὶ
287 1953 356 1982 κατὰ
381 1952 431 1986 τὴν
462 1950 522 1980 ὁδὸν
554 1950 734 1984 ὶτελεύτησεν.
763 1953 793 1982 0t
816 1951 843 1980 δὲ
858 1955 917 1981 Πα-

97 2000 166 2040 τέρες
193 1998 360 2038 διεγόγγυζον
387 1998 455 2026 κατὰ
485 1999 532 2025 τοῦ
562 1996 683 2036 γέροντος
710 1998 748 2029 ὡς
776 1997 815 2036 μὴ
838 1996 915 2031 δεξα-

97 2044 172 2083 μένου
203 2044 251 2078 τὴν
284 2044 349 2083 πρὸς
382 2046 427 2071 τοῦ
455 2041 584 2080 βασιλέως
610 2041 709 2083 χάριν,
739 2042 915 2082 μονασ-ι-ήριον

959 1428 1030 1459 rogo
1045 1419 1081 1451 ab
1097 1420 1224 1460 imperio
1254 1425 1315 1459 tuo,
1345 1422 1402 1453 nisi
1430 1422 1536 1453 anima:
1552 1426 1607 1454 tum
1623 1422 1751 1453 salutem
1770 1432 1777 1454 :

960 1473 1026 1495 nam
1043 1465 1112 1496 licet
1125 1465 1289 1506 imperator
1302 1466 1354 1504 sis,
1375 1472 1474 1497 tamen
1495 1471 1526 1498 ut
1542 1466 1675 1498 mortalis
1695 1467 1784 1498 homo

959 1508 1120 1540 moriturus
1142 1519 1174 1540 es
1196 1513 1226 1540 et
1241 1510 1355 1549 judicio
1383 1510 1544 1548 sistendus,
1575 1512 1783 1552 rationemque

955 1552 1125 1584 redditurus
1137 1563 1239 1585 eorum
1249 1564 1325 1594 quae,
1339 1555 1400 1586 sive
1408 1555 1496 1596 bona,
1509 1556 1570 1587 sive
1583 1556 1659 1587 mala
1670 1555 1779 1595 egeris.

956 1596 1026 1633 Qum
1038 1597 1199 1638 imperator
1225 1599 1361 1637 audiens,
1393 1599 1588 1639 lacrymarum
1600 1604 1696 1639 guttas
1709 1600 1779 1630 fun-

956 1641 1043 1672 debat
1054 1651 1088 1672 ex
1104 1642 1217 1674 oculis:
1240 1643 1350 1674 deinde
1371 1653 1480 1675 corona
1489 1644 1619 1676 demissa
1629 1644 1660 1675 in
1674 1653 1779 1675 manus

955 1685 1032 1716 beati
1047 1685 1104 1717 viri
1119 1690 1148 1717 et
1162 1685 1371 1719 benedictione
1387 1693 1539 1729 percepta,
1556 1698 1623 1720 cum
1651 1692 1711 1720 toto
1725 1698 1780 1720 suo

955 1729 1094 1761 comitatu
1109 1730 1256 1762 commisit
1270 1741 1302 1762 se
1317 1733 1381 1763 viae.
1395 1732 1456 1763 Nec
1468 1737 1567 1764 tamen
1577 1733 1678 1772 effugit
1693 1733 1779 1773 judi-

955 1773 1068 1805 ciorum
1083 1775 1136 1806 Dei
1151 1776 1285 1807 exitum:
1317 1786 1384 1807 nam
1413 1777 1463 1808 ubi
1491 1777 1620 1818 primum
1651 1778 1778 1810 Romam

957 1819 1101 1860 pervenit,
1110 1819 1216 1850 seditio
1229 1819 1259 1849 in
1271 1820 1367 1860 ipsum
1385 1825 1485 1852 coorta
1496 1826 1551 1859 est,
1563 1831 1652 1862 quam
1667 1821 1781 1861 fugiens

956 1863 987 1893 in
1002 1862 1109 1895 itinere
1124 1863 1280 1896 defunctus
1296 1869 1340 1896 est
1364 1866 1437 1904 (79).
1467 1868 1505 1898 At
1533 1876 1602 1897 vero
1626 1868 1728 1898 Patres
1743 1866 1780 1897 de

956 1916 1028 1938 sene
1043 1908 1312 1948 conquerebantur,
1330 1911 1408 1951 quod
1423 1910 1580 1951 rejecisset
1596 1920 1703 1942 munus
1717 1911 1777 1941 im-

959 1953 1102 1991 peratoris
1130 1954 1340 1985 monasterium
1368 1955 1427 1987 illis
1455 1955 1555 1995 largiri
1584 1955 1719 1987 volentis.
1744 1954 1781 1986 Et

955 1998 1041 2028 Pater
1060 1997 1096 2027 ad
1118 2006 1169 2028 eos
1183 2006 1189 2029 :
1204 1997 1264 2038 Ego
1279 1999 1410 2039 quidem,
1426 2009 1490 2040 quae
1501 2000 1573 2040 dixi,
1585 2004 1616 2030 ut
1631 1999 1777 2040 insipiens

956 2041 1071 2073 locutus
1085 2050 1166 2073 sum:
1193 2051 1242 2073 vos
1257 2047 1355 2074 autem
1371 2054 1429 2075 non
1445 2044 1536 2075 multo
1549 2049 1614 2084 post
1629 2044 1778 2083 intellige-

99 2081 183 2121 αὐτοῖς
211 2081 375 2128 δωρήσασθαι
408 2085 578 2125 βουλομένου.
610 2081 638 2115 Ὀ
672 2084 700 2114 δὲ
727 2087 818 2126 Πατὴρ
845 2081 910 2126 πρὸς

982 2095 1005 2124 s,
1023 2086 1089 2126 quis
1102 2090 1200 2117 vester
1214 2087 1252 2117 sit
1281 2097 1400 2119 sensus.
1431 2089 1530 2128 itaque
1546 2081 1610 2119 cum
1627 2081 1779 2119 audissent

97 2133 184 2165 αὐτοὺς
199 2132 248 2173 ἔφη
265 2140 273 2147 '
304 2130 375 2171 Ἐγὼ
403 2130 452 2167 μὲν
479 2129 568 2170 ὥσπερ
597 2129 685 2170 ἄφρων
713 2129 831 2164 ἐλάλησα
845 2130 910 2171 ἅπερ

982 2130 1197 2170 eimperatoris
1221 2135 1328 2171 morte,
1359 2132 1498 2163 admirati
1525 2136 1594 2163 sunt
1609 2131 1709 2163 eximii
1724 2131 1777 2163 viri

96 2177 181 2216 εἷπον,
208 2178 286 2215 ὑμεῖς
317 2175 345 2204 δὲ
373 2173 431 2214 μετ’
459 2174 548 2214 ὀλίγον
574 2174 703 2214 γνώσεσθε
737 2175 755 2204 ἃ
781 2182 913 2215 φρονεῖτε.

97 2223 164 2251 Μετὰ
188 2225 269 2250 ταῦτα
296 2223 359 2260 γοῦν
385 2218 543 2250 ἀκούσαντες
569 2219 619 2252 τὴν
644 2218 771 2254 τελευτὴν
798 2222 845 2248 τοῦ
857 2220 910 2258 βα-

97 2266 195 2307 σιλέως,
214 2266 362 2304 ἐθαύμασαν
375 2264 425 2298 τὴν
438 2268 485 2294 τοῦ
499 2262 616 2303 μεγάλου
630 2263 765 2302 οἰκονομία
778 2275 803 2296 ν,

956 2174 1158 2215 prudentiam.

820 2346 942 2380 CAPUT
955 2346 1031 2380 XIV.

95 2402 232 2444 Stephani
253 2403 323 2442 pius
347 2400 458 2432 obitus.
480 2399 516 2431 S.
540 2399 641 2437 Nilus,
665 2408 703 2432 ne
725 2399 784 2432 sibi
806 2399 933 2432 honores
957 2399 1147 2440 deferantur,
1173 2401 1309 2433 studiose
1337 2402 1421 2433 cavet
1435 2401 1693 2434 ctmonasterium
1708 2404 1774 2436 ideo

131 2447 297 2487 relinquens
309 2444 437 2477 Romam
453 2444 547 2476 (endit
562 2453 572 2480 ;
587 2447 618 2476 at
633 2444 666 2475 in
679 2446 863 2476 monasterio
869 2445 1032 2485 S.Agath¢e
1043 2446 1216 2484 subsistens,
1231 2450 1338 2478 nactus
1349 2446 1387 2477 ab
1399 2449 1470 2487 agri
1481 2447 1642 2481 Tusculani
1653 2450 1775 2482 domino

131 2493 221 2525 locum
236 2489 433 2523 construendo
447 2490 639 2526 monasterio,
654 2489 727 2521 dum
741 2489 794 2521 hoc
806 2493 909 2530 parat,
924 2494 1028 2522 sancte
1039 2491 1168 2523 moritur
1182 2495 1210 2523 et
1220 2501 1239 2522 a
1248 2493 1311 2524 suis
1323 2501 1389 2524 cum
1405 2501 1516 2534 magno
1527 2495 1610 2526 luctu
1618 2495 1771 2535 sepelitur.

132 2549 182 2593 ιδ’.
197 2551 242 2582 Ἐν
256 2551 284 2580 δὲ
299 2557 359 2582 ταῖς
374 2549 485 2589 ἡμέραις
513 2548 623 2581 ἐκείναις
647 2549 800 2589 ἦρῤώστητο
814 2551 829 2578 δ
844 2561 899 2588 μι-

981 2550 1031 2582 94.
1047 2550 1105 2582 Per
1114 2550 1181 2583 illos
1191 2550 1258 2583 dies
1271 2551 1376 2583 incidit
1392 2552 1422 2584 in
1441 2553 1575 2585 morbum
1586 2553 1688 2587 beatus
1702 2555 1765 2589 Ste-

129 2627 156 2653 84
168 2625 270 2659 Matth.
285 2632 316 2656 ι.
332 2621 381 2654 10.
423 2622 454 2648 85
468 2622 541 2654 Luc.
557 2630 629 2663 xm,
645 2622 696 2655 36.
738 2621 770 2647 88
784 2622 861 2654 Psal.
878 2631 908 2654 ιι

982 2624 1013 2657 3.
1054 2625 1085 2650 87
1100 2625 1177 2657 Psal.
1193 2634 1258 2665 xm,
1272 2627 1303 2658 3.

773 2710 895 2745 Joannis
907 2711 970 2745 Clei
986 2715 1071 2744 notae.

131 2773 373 2823 (79)Hmc_eti_am
389 2783 431 2823 ex
457 2781 589 2823 rumore,
609 2775 647 2823 ξι
667 2771 898 2823 .quidemﬁthlso,
942 2773 1091 2823 territorio
1107 2773 1232 2823 Livi-tatis
1248 2775 1419 2823 Castellanae
1447 2775 1527 2823 lenta
1555 2775 1629 2823 febri
1645 2776 1767 2823 hausto.

97 2812 366 2856 accepisse_videtur
388 2813 578 2856 biographus.
608 2812 697 2856 certe
709 2813 780 2856 jam
796 2812 899 2856 paceni

95 2851 220 2896 rogaiant
232 2854 369 2894 Romani,
385 2851 500 2887 nec'iii
519 2853 586 2894 fuga
613 2852 686 2885 obiit
705 2851 786 2894 Otto,
796 2851 854 2885 sed
867 2853 899 2886 in

940 2823 1009 2885 que.
1020 2818 1051 2845 ut
1059 2814 1126 2854 conj
1131 2814 1227 2860 icitur,
1237 2815 1525 2856 veneno,tranquille
1536 2816 1701 2847 exstinctus
1710 2823 1766 2851 est.

966 2853 1215 2885 ideMnratonum
1223 2855 1372 2885 laudatum
1388 2856 1424 2885 ad
1431 2865 1527 2885 annos
1537 2856 1611 2885 4001
1631 2860 1660 2885 et
1677 2857 1764 2885 1002.

966 2853 1215 2887 ideMuratorium
1223 2855 1372 2888 laudatum
1388 2853 1527 2889 adannos
1537 2856 1611 2889 4001
1631 2860 1660 2889 et
1677 2857 1764 2894 1002.
