1970 3064
169 125 230 158 159

917 128 970 160 AN
972 126 1097 160 ONYMI

1798 129 1867 163 160

165 191 414 232 phaaislicetbinc
426 194 514 225 etiam
535 194 625 225 tidem
640 193 817 226 habentibus
832 194 908 226 sicut
921 202 986 234 gra-

1041 195 1092 227 εᾶσι
1118 197 1161 226 καὶ
1187 195 1290 234 ἔλεγεν,
1318 194 1358 223 ὅτι
1385 194 1450 226 Τοὺς
1478 195 1664 235 πανευφήμους
1693 195 1737 223 καὶ
1766 194 1860 223 ὅντως

167 246 238 268 num
267 238 388 278 sinapis,
425 239 646 270 venerationem
682 239 821 271 deferre:
852 239 985 279 quamvis

168 289 220 320 ego
236 280 371 320 indignus
384 282 451 320 sim,
468 283 519 323 qui
536 283 580 314 vel
597 283 659 314 solo
682 283 803 314 nomine
816 291 868 315 eos
882 283 985 324 appel-

166 323 236 362 lem,
253 325 282 355 in
299 325 377 356 hunc
392 335 480 366 porro
498 331 617 358 tenuem
635 327 742 359 deveni
757 327 853 359 locum
869 323 928 359 non
945 328 986 359 al-

165 369 257 399 terius
272 369 317 400 rei
331 379 430 408 causa,
453 381 540 412 quam
569 375 602 402 ut
629 371 710 403 diem
740 382 839 404 meum
866 376 984 405 obeam.

164 412 257 458 Porro
271 417 369 445 autem
383 414 462 446 illius
474 415 574 456 oppidi
593 415 741 453 dominus,
754 416 911 456 Gregorius
926 416 984 458 (85)

165 457 298 502 nomine,
314 459 471 498 tyrannide
499 459 619 501 quidem
649 464 678 491 et
706 460 835 500 nequitia
849 457 985 502 insignis,

164 501 216 532 sed
233 502 391 541 sagacitate
406 508 527 535 ornatus
549 508 579 535 et
605 504 773 545 prudentia,
791 505 947 536 descendit
960 501 989 536 et

165 549 329 586 prostratus
343 547 379 578 ad
395 548 488 579 sancti
504 548 557 579 viri
586 548 677 589 pedes
700 548 740 580 ita
769 549 887 580 dicebat
903 558 910 580 :
929 549 988 589 Ego

165 589 298 629 quidem,
312 600 395 622 serve
410 592 620 630 Deialtissimi,
631 592 668 623 ob
684 592 776 623 multa
790 596 910 631 peccata
924 603 990 625 mea

166 633 274 673 dignus
291 645 349 666 non
365 645 440 675 sum,
458 640 491 667 ut
504 636 598 667 intres
624 636 679 667 sub
709 641 816 667 tectum
833 645 943 675 meum,
960 644 990 669 et

166 677 247 709 unde
263 679 335 710 mihi
352 680 419 714 hoc.
436 684 467 711 ut
481 685 601 712 sanctus
626 681 745 711 Domini
767 681 825 712 mei
841 681 937 712 veniat
951 682 987 713 ad

167 725 239 753 me?
253 722 311 755 Sed
334 725 450 765 quando
465 725 592 765 Magistri
610 729 638 756 et
653 725 770 756 Domini
794 725 834 756 tui
852 727 987 767 exemplo

167 776 216 798 me
230 772 414 808 peccatorem
422 770 512 810 justis
526 769 693 811 praetulisti,
709 779 779 801 ecce
794 770 900 801 domus
911 781 986 809 mea,

167 815 320 853 totumque
335 822 400 844 cum
430 823 484 845 suo
513 823 582 852 agro
612 814 755 854 oppidum
783 818 852 845 ante
873 819 901 845 te
930 819 984 848 est.

166 855 316 897 Quidquid
332 856 369 888 de
384 857 421 888 iis
436 858 565 899 libuerit,
578 857 693 898 jubeto.

1025 241 1258 282 τρισμακαρίστους
1305 239 1348 268 καὶ
1395 241 1549 280 κορυφαίους
1595 243 1648 268 τῶν
1693 239 1858 269 ἀποστολων

1026 288 1070 315 καὶ
1082 287 1196 315 ἐντεῦθεν
1212 284 1318 313 δυνατὸν
1341 291 1400 316 τοῖς
1427 284 1513 312 πίστιν
1542 285 1578 316 ὼς
1607 284 1703 313 κόκκον
1718 285 1858 315 σινάπεως

1025 330 1199 369 κεκτημένοις
1227 329 1319 360 αὐτοὺς
1346 331 1536 368 προσκυνῆσαι,
1566 329 1588 357 εἰ
1622 330 1666 357 καὶ
1700 328 1754 367 ἐγὼ
1788 327 1860 356 ἆνά-

1027 375 1080 409 ξιος
1095 376 1139 403 καὶ
1167 377 1212 402 τοῦ
1240 373 1318 411 μόνον
1345 373 1437 404 αὐτοὺς
1465 373 1604 410 ὀνομάσαι,
1635 372 1680 402 Ἐν
1709 372 1798 410 μέντοι
1814 375 1859 409 τῷ

1027 418 1131 447 εὐτελεῖ
1145 418 1219 454 τόπῳ
1247 417 1332 454 τούτῳ
1360 415 1393 444 δι’
1421 416 1494 444 οὐδὲν
1523 416 1587 445 ἄλλο
1615 417 1740 455 ἐλήλυθα,
1766 417 1788 444 εί
1812 416 1858 454 μὴ

1028 464 1109 501 μόνον
1123 462 1165 491 διὰ
1187 463 1218 490 τὸ
1245 461 1412 495 τελευτῆσαι.
1446 457 1475 490 Ὀ
1504 460 1531 489 δὲ
1563 461 1653 502 ἅρχων
1680 464 1729 495 τῆς
1756 460 1858 498 κώμης

1028 507 1130 541 ἐκείνης
1148 506 1292 546 Γρηγόριος
1306 509 1344 543 τῷ
1367 505 1488 545 ὀνόματι,
1513 505 1671 545 περιϐόητος
1697 505 1725 534 ἐν
1755 515 1857 544 τυραν-

1028 552 1077 581 νίδι
1116 553 1160 581 καὶ
1195 551 1281 587 ἀδικίᾳ
1314 551 1467 590 τυγχάνων,
1501 550 1558 579 λίαν
1593 550 1620 578 δὲ
1655 550 1781 590 ἀγχίνους
1810 548 1860 577 καὶ

1030 596 1130 625 συνέσει
1171 594 1385 635 κεκοσμημένος,
1431 594 1563 623 κατελθὼν
1607 595 1651 623 καὶ
1695 594 1858 634 προσπεσὼν

1029 647 1087 673 τοῖς
1103 641 1165 670 ποσὶ
1191 643 1236 668 τοῦ
1265 640 1339 678 ἁγίου
1368 638 1442 678 ἔλεγε
1468 644 1549 668 ταῦτα
1567 648 1573 655 ⁶
1605 638 1677 679 Ἐγὼ
1701 639 1762 678 μὲν,
1777 637 1859 667 δοῦλε

1029 690 1075 715 τοῦ
1093 689 1158 714 Θεοῦ
1172 689 1218 713 τοῦ
1237 683 1358 721 ὑψίστου,
1389 682 1431 711 διὰ
1456 683 1503 715 τὰς
1531 683 1633 715 πολλάς
1663 694 1713 721 μου
1727 682 1861 721 ἁμαρτίας

1028 731 1074 758 οὒκ
1088 730 1141 767 εἰμὶ
1155 730 1255 765 ἱκανὸς,
1272 727 1318 756 ἶνα
1347 738 1397 765 μου
1425 728 1475 755 ὑπὸ
1502 727 1552 761 τὴν
1581 727 1679 766 στέγην
1710 726 1829 764 εἰσέλθῃς
1850 734 1858 741 ·

1027 775 1070 803 καὶ
1085 774 1164 803 πόθεν
1189 784 1234 812 μοι
1262 775 1352 812 τοῦτο,
1379 769 1426 800 ’ἕνα
1455 771 1517 810 ἔλθῃ
1549 773 1564 800 ὁ
1591 772 1665 811 ἅγιος
1689 776 1735 801 τοῦ
1762 770 1861 809 Κυρίου

1028 829 1078 856 μου
1091 818 1157 858 πρός
1174 827 1229 858 px;
1261 815 1370 850 Ἐπειδή
1395 815 1422 843 δὲ
1452 815 1614 854 μιμούμενος
1643 816 1689 844 τδν
1718 816 1763 843 σὸν
1779 813 1859 842 διδά-

986 863 1009 893 Β
1028 862 1123 891 σκαλον
1152 863 1195 891 καὶ
1224 861 1360 894 Δεσπότην
1382 861 1553 900 προετιμήσω
1578 871 1611 898 με
1647 861 1691 888 τὸν
1720 861 1852 897 ἁμαρτω-

167 899 214 929 λὸν
229 904 280 930 τῶν
305 902 422 940 δικαιων,
451 902 505 931 ιδοῦ
534 905 548 932 ὁ
576 904 650 936 οἶκός
680 915 741 942 μου,
771 904 815 932 καὶ
842 903 911 934 ἅπαν
938 905 983 934 σὺν
1010 906 1070 939 τοῖς
1095 906 1266 947 περιχωρίοις
1295 906 1373 935 αὖτοῦ
1398 905 1429 933 τὸ
1454 904 1609 933 καστέλλιον
1637 905 1688 944 πρὸ
1715 903 1861 943 προσώπου

168 957 215 974 σου
225 955 232 961 '
249 946 276 974 εἴ
290 958 315 975 τι
329 946 444 979 κελεύεις
459 949 518 988 περὶ
533 950 629 989 αὐτῶν,
646 948 802 988 πρόσταξον.

209 998 260 1030 97.
270 998 432 1040 Respondit
445 999 549 1031 beatus
559 1002 660 1031 Pater:
673 1001 834 1032 Benedicat
848 1001 991 1034 Dominus

170 1047 199 1073 et
210 1043 262 1074 tibi
277 1049 306 1075 et
321 1044 377 1074 tuis
392 1049 421 1075 et
436 1045 536 1076 domui
563 1049 620 1076 tua;
645 1051 676 1076 et
691 1045 800 1085 oppido
816 1049 877 1078 tuo.
894 1048 989 1078 Parti-

168 1088 265 1119 culam
280 1089 310 1119 in
326 1089 438 1120 ditione
454 1093 502 1120 tua
516 1090 603 1121 nobis
618 1090 759 1128 concede,
777 1095 809 1120 ut
824 1091 990 1131 quietemiu

169 1142 204 1164 ea
232 1133 310 1164 nacti
338 1133 431 1165 Deum
461 1144 513 1174 pro
542 1135 670 1174 peccatis
698 1135 808 1166 nostris
833 1136 992 1176 propitium

167 1177 328 1208 reddamus
338 1183 366 1209 et
376 1187 428 1219 pro
441 1178 534 1209 salute
545 1182 594 1209 tua
615 1188 718 1218 preces
731 1179 900 1211 fundamus.
915 1181 988 1212 Gre-

169 1222 269 1261 gorius
298 1227 396 1253 autem
427 1232 534 1261 magna
560 1223 712 1254 alacritate
740 1224 894 1263 implebat,
912 1225 992 1265 quod

167 1266 284 1305 jussum
301 1271 373 1297 erat.
391 1270 428 1299 At
453 1276 523 1298 vero
553 1267 670 1305 fratres,
702 1268 752 1308 qui
767 1269 796 1298 in
812 1269 993 1300 monasterio

167 1316 383 1352 remanserant,
403 1316 468 1352 post
484 1311 627 1343 bimestre
641 1312 767 1352 spatium
782 1312 894 1349 audito,
913 1313 993 1353 quod

167 1354 256 1386 Pater
264 1365 323 1386 non
334 1359 537 1387 reverteretur
547 1356 686 1395 amplius,
697 1360 885 1386 recesserunt
895 1366 994 1397 aspor-

169 1402 266 1429 tantes
274 1408 376 1430 secum
388 1401 522 1437 melotas,
533 1399 732 1431 succinctoria
744 1403 772 1430 et
781 1399 906 1440 reliqua,
925 1409 995 1441 per-

170 1447 375 1484 veneruntque
399 1444 434 1474 ad
465 1444 574 1480 locum,
605 1444 797 1475 construendi
825 1445 996 1476 monasterii

172 1487 293 1518 nomine
305 1497 322 1518 a
333 1487 467 1528 principe
477 1488 535 1518 illis
547 1488 688 1519 dicatum.
701 1487 784 1524 Quod
796 1487 847 1518 ubi
861 1490 996 1528 c0gnovit

171 1531 216 1561 vir
227 1529 424 1569 beatissimus,
433 1531 573 1563 nimirum
586 1531 741 1563 advenisse
750 1531 828 1570 illos,
838 1533 995 1563 exsultavit

170 1576 289 1616 spiritu,
318 1576 551 1617 signiﬁcavitque
579 1577 640 1608 illis
660 1577 723 1608 haec
752 1586 806 1616 per
832 1576 991 1609 nuntium:

1073 999 1128 1042 ρξ’.
1166 1000 1195 1034 (0
1229 1003 1256 1032 δὲ
1292 1003 1420 1043 μακάριος
1454 1002 1611 1042 ἀπεκρίνατο
1646 1001 1712 1040 πρὸς
1748 1000 1828 1028 αὖτόν
1845 1001 1856 1011 ’

1032 1048 1182 1088 Εὖλογήσαι
1201 1049 1294 1088 Κύριος
1317 1048 1361 1076 καὶ
1385 1047 1414 1075 σὲ
1441 1048 1485 1075 καὶ
1512 1047 1572 1079 τοὺς
1602 1046 1648 1074 σὺν
1662 1049 1700 1082 τῷ
1715 1045 1783 1081 οἴκῳ
1797 1055 1857 1081 σου,

1031 1095 1076 1123 καὶ
1090 1098 1124 1132 τῇ
1138 1094 1217 1132 κώμῃ
1236 1105 1292 1124 σου.
1317 1093 1402 1133 Μέρος
1426 1091 1454 1120 δὲ
1482 1091 1570 1131 ὀλίγον
1599 1091 1626 1119 ἐν
1654 1094 1692 1128 τῷ
1708 1091 1798 1130 κράτει
1813 1100 1862 1118 σου

1032 1139 1100 1175 ἡμῖν
1134 1137 1305 1178 διαχώρισον,
1342 1136 1415 1169 ὅπως
1444 1136 1472 1164 ἐν
1500 1137 1572 1173 αὖτῷ
1598 1135 1782 1175 ἡσυχάσαντες
1811 1135 1860 1162 τὸν

1034 1183 1098 1210 Θεὸν
1124 1183 1188 1222 ὑπὲρ
1222 1185 1275 1210 τῶν
1311 1181 1445 1220 ἁμαρτιῶν
1472 1181 1550 1218 ἡμῶν
1579 1179 1788 1218 ἒξιλεωσώμεθα,
1814 1178 1864 1206 καὶ

1033 1226 1097 1263 ὑπὲρ
1132 1229 1182 1259 τῆς
1210 1228 1260 1259 σῆς
1286 1226 1418 1264 σωτηρίας
1447 1224 1591 1262 εὒξώμεθα.
1622 1223 1687 1253 Τότε
1716 1225 1730 1251 ὁ
1758 1222 1861 1262 Γρηγό-

1034 1281 1088 1310 ριος
1104 1271 1171 1308 μετὰ
1197 1270 1300 1304 πολλῆς
1329 1272 1380 1303 τῆς
1411 1268 1554 1308 προθυμίας
1583 1267 1725 1306 ἐξεπλήρου
1753 1268 1783 1295 τὸ
1810 1277 1858 1294 κε-

1034 1314 1186 1352 λευόμενον,
1202 1316 1231 1343 Οἱ
1246 1313 1275 1342 δὲ
1290 1313 1506 1351 ἐναπομείναντες
1535 1312 1561 1341 ἐν
1590 1316 1624 1351 τῇ
1654 1315 1723 1350 μονῇ
1751 1310 1857 1351 ἀδελφοὶ

1035 1359 1102 1397 μετὰ
1116 1358 1160 1386 δύο
1174 1358 1275 1398 ἡμέρας
1291 1361 1382 1395 μηνῶν
1411 1357 1550 1396 μαθόντες,
1577 1356 1618 1384 ὅτι
1638 1358 1685 1385 οὐκ
1700 1355 1857 1395 ἀποστρεφει

1035 1403 1099 1442 πρὸς
1128 1403 1220 1434 αὐτοὺς
1243 1403 1257 1430 ὁ
1282 1402 1385 1442 Πατὴρ,
1416 1401 1563 1441 ἀπάραντες
1590 1407 1650 1432 τοῖς
1678 1399 1856 1439 μηλωτειρίοις

1033 1448 1077 1476 καὶ
1089 1445 1266 1486 περιϐολαίοις
1280 1447 1325 1475 καὶ
1350 1452 1408 1478 τοῖς
1437 1446 1556 1482 λοιποῖς¹
1584 1443 1727 1473 κατέλαϐον
1749 1445 1793 1472 τὸν
1807 1443 1858 1471 ὑπὸ

1033 1495 1079 1520 τοῦ
1113 1490 1241 1531 ἄρχοντος
1277 1490 1452 1531 ὰφιερωθέντα
1486 1490 1566 1518 τόπον
1604 1491 1696 1520 αὐτοῖς
1726 1489 1753 1516 ἐν
1780 1487 1854 1527 λόγῳ

1033 1538 1117 1573 μονῆς
1134 1543 1141 1550 ·
1173 1536 1261 1573 μαθὼν
1286 1536 1371 1563 τοίνυν
1396 1536 1412 1562 δ
1437 1534 1657 1573 παμμπκάριστος
1686 1533 1777 1572 Πατὴρ
1804 1532 1854 1565 τὴν

1032 1579 1116 1620 ἄφιξιν
1165 1579 1261 1618 αὐτῶν,
1311 1578 1494 1618 ἠγαλλιάσατο
1542 1581 1581 1615 τῷ
1628 1577 1770 1614 πνεύματι,
1811 1577 1854 1604 καὶ

172 1620 296 1652 Suﬂﬁcit
307 1621 392 1662 mihi,
406 1623 510 1653 Patres
521 1621 672 1662 etfratres,
684 1621 762 1661 quod
770 1621 806 1652 ob
817 1621 867 1652 Dei
877 1622 992 1662 meique

1041 1619 1181 1658 Ξεδήλωκεν
1216 1623 1308 1654 αὐτοῖς
1326 1631 1334 1639 ⁸
1372 1622 1494 1662 Ἀρκετόν
1527 1633 1585 1659 μοι,
1621 1622 1644 1650 ὦ
1673 1620 1786 1660 Πατέρες
1814 1620 1858 1648 καὶ

169 1674 301 1696 amorem
318 1665 449 1697 laborem
474 1665 623 1706 ceperitis,
654 1669 686 1696 ut
712 1665 811 1696 istbuc
841 1666 993 1696 veniretis.

169 1709 253 1740 Nunc
264 1709 352 1749 igitur
363 1710 536 1740 charitatem
548 1714 674 1741 vestram
687 1719 771 1750 rogo,
787 1713 818 1740 ut
841 1714 995 1750 exspecte-

172 1754 220 1791 tis,
233 1753 328 1784 donec
341 1760 370 1784 et
381 1753 447 1794 ipse
462 1755 577 1785 veniam
588 1755 623 1785 ad
636 1763 697 1784 vos.
715 1753 790 1784 Dum
807 1753 898 1792 igitur
913 1758 996 1794 parat

171 1807 203 1828 se
217 1798 254 1828 ad
264 1798 439 1829 solvendum
454 1799 632 1839 promissum
644 1798 706 1829 suis
717 1797 844 1838 pedibus
862 1797 995 1834 (aberant

172 1843 252 1874 enim
268 1842 375 1874 fratres
390 1844 446 1874 tria
460 1843 522 1874 fere
539 1843 632 1874 millia
647 1847 808 1882 passuum),
825 1843 995 1873 convocatis

171 1886 208 1917 ad
225 1895 258 1918 se
272 1886 424 1922 fratribus.
442 1887 492 1928 qui
508 1896 609 1918 secum
626 1892 724 1924 erant,
740 1896 880 1927 una.cum
897 1887 993 1926 hegu-

172 1939 261 1961 meno
276 1930 367 1962 Paulo
392 1932 464 1972 (86),
495 1932 542 1963 cui
571 1932 777 1972 pratiecturam
807 1932 996 1962 commiserat

171 1981 240 2007 ante
256 1978 364 2008 multos
378 1977 454 2013 dies,
485 1977 548 2008 viro
578 1982 607 2008 et
635 1977 794 2018 prudentia
823 1980 851 2007 et
867 1981 951 2008 aetate
968 1981 996 2008 et

172 2020 384 2052 exercitatione
400 2022 465 2053 vitae
479 2021 650 2053 monasticae
680 2025 708 2052 et
723 2021 916 2062 philosophiae
931 2025 994 2052 stu-

173 2063 232 2095 diis
247 2065 378 2105 antiquo,
396 2065 546 2096 distribuit
559 2066 619 2096 illis
633 2075 725 2106 pauca
752 2074 915 2106 pannorum
931 2065 994 2095 fru-

174 2111 228 2147 sta,
243 2109 330 2148 (nihil
341 2109 419 2140 enim
432 2110 573 2141 mundani
587 2110 673 2150 plane
685 2110 727 2140 illi
737 2112 826 2149 erat).
842 2109 889 2140 vel
904 2119 995 2140 unum

173 2162 213 2184 aes
228 2153 389 2191 minutum,
406 2158 525 2194 tumque
541 2154 604 2185 dari
620 2153 677 2184 sibi
688 2153 778 2194 jussit
793 2153 938 2184 sumenda
950 2153 996 2183 vi-

173 2197 258 2228 vifica
273 2198 381 2229 Christi
399 2199 548 2238 mysteria.
568 2198 684 2230 Deinde
713 2198 880 2237 begumeno
897 2201 926 2228 et
939 2197 996 2228 fra-

173 2241 269 2272 tribus
285 2251 292 2273 :
320 2241 463 2279 Obsecro,
479 2243 586 2282 inquit,
603 2252 663 2280 vos,
681 2246 712 2273 ut
737 2242 763 2273 si
789 2251 805 2272 e
822 2241 882 2272 vita
897 2250 996 2273 exces-

173 2295 254 2326 sero,
269 2286 336 2318 sine
362 2296 444 2319 mora
466 2297 574 2329 corpus
604 2296 704 2318 meum
728 2291 806 2318 terra
821 2285 992 2326 contegatis,

1034 1667 1152 1708 ἀδελφοὶ,
1168 1667 1208 1696 ὅτι
1224 1667 1266 1695 διὰ
1294 1667 1343 1701 τὴν
1370 1671 1416 1695 τοῦ
1444 1671 1509 1696 Θεοῦ
1536 1666 1643 1705 ἀγάπην
1670 1666 1714 1693 καὶ
1726 1665 1776 1699 τὴν
1790 1663 1857 1702 ἐμὴν

1033 1712 1161 1746 ἑσκύλητε
1176 1712 1227 1744 ἕως
1243 1712 1332 1742 αὐτοῦ.
1349 1716 1400 1742 Νῦν
1428 1711 1471 1740 οὖν
1500 1709 1646 1750 παρακαλῶ
1673 1710 1722 1742 τὴν
1751 1709 1856 1748 ἀγάπην

1035 1757 1120 1794 ὑμῶν,
1154 1755 1201 1784 ἵνα
1228 1756 1396 1795 περιμείνητε
1424 1755 1520 1795 μέχρις
1550 1754 1580 1783 ἂν
1607 1754 1651 1782 καὶ
1678 1754 1756 1785 αὐτὸς
1787 1752 1856 1780 ἐλεί-

1032 1811 1120 1838 σωμαι
1148 1801 1213 1840 πρὸς
1242 1802 1322 1838 ὑμᾶς,
1353 1799 1397 1829 Ἐν
1422 1803 1461 1837 τῷ
1488 1799 1532 1828 οὗν
1561 1798 1745 1835 ἑταιμάζεσθαι
1778 1797 1854 1825 αὑτὸν

1032 1848 1079 1873 τοῦ
1102 1844 1294 1884 ἀποπληρῶσαι
1319 1844 1477 1881 αὒτομάτοις
1506 1843 1569 1871 πασὶ
1598 1843 1646 1875 τὴν
1676 1842 1772 1870 οἰκείαν
1801 1841 1857 1868 σύν-

1036 1888 1107 1922 ταξιν
1124 1897 1131 1904 ”
1147 1889 1214 1923 ἦσαν
1242 1890 1291 1929 γὰρ
1316 1891 1340 1917 οἱ
1367 1888 1472 1928 ἀδελφοὶ
1500 1889 1536 1919 ὡς
1565 1887 1618 1914 ἀπὸ
1648 1885 1740 1924 μιλίων
1754 1887 1831 1929 τριῷν
1847 1893 1855 1901 ·

1036 1928 1282 1972 συγκαλεσάμενοςν
1296 1934 1356 1965 τοὺς
1391 1935 1650 1972 πρασκαρτεροῦντας
1680 1930 1751 1967 αὖτῷ
1778 1928 1854 1957 ἀδελ-

1036 1978 1099 2017 φοὺς
1128 1977 1173 2005 σὺν
1198 1981 1236 2015 τῷ
1263 1976 1404 2017 ἡγουμένῳ
1434 1975 1540 2016 Παύλῳ,
1569 1978 1592 2012 ᾧ
1617 1976 1651 2008 ἦν
1678 1975 1729 2013 πρὸ
1751 1972 1856 2002 πολλῶν

1036 2022 1288 2062 προκεχειρισμένος
1331 2023 1437 2061 ἡμερῶν
1484 2021 1532 2054 τὴν
1575 2018 1743 2058 ἡγεμονίαν,
1789 2017 1857 2056 ἀνδρὶ

1036 2065 1142 2103 παλαιῷ
1156 2067 1199 2094 καὶ
1227 2066 1276 2100 τὴν
1297 2066 1434 2107 φρόνησιν,
1464 2066 1508 2094 καὶ
1534 2065 1583 2098 τὴν
1610 2063 1725 2100 ἡλικίαν,
1753 2063 1796 2091 καὶ
1809 2062 1855 2095 τὴν

1037 2108 1162 2147 ἄσκησιν,
1198 2111 1241 2138 καὶ
1275 2111 1324 2144 τὴν
1358 2110 1511 2150 φιλοσοφίαν
1528 2118 1535 2127 ⁸
1572 2109 1674 2138 τούτοις
1709 2106 1856 2145 διαμερίσας

1036 2154 1069 2182 τὰ
1084 2154 1164 2193 μικρᾶ
1179 2154 1256 2193 ῥάκια
1271 2156 1349 2184 αὐτοῦ
1377 2154 1419 2194 (οὗ
1446 2154 1495 2193 γὰρ
1522 2151 1587 2181 ἄλλο
1614 2152 1638 2179 τί
1663 2161 1728 2179 ποτε
1741 2150 1774 2184 ἦν
1788 2152 1855 2187 αὖτῷ

1036 2201 1081 2226 τοῦ
1094 2197 1220 2239 κόσμου),
1250 2199 1300 2231 ἓως
1330 2199 1373 2227 καὶ
1398 2202 1444 2226 τοῦ
1472 2197 1587 2237 ἐσχάτου
1613 2195 1720 2232 λεπτοῦ,
1739 2194 1854 2222 ἐκέλευσε

1037 2241 1198 2280 μεταλαϐεῖν
1227 2247 1281 2272 τῶν
1315 2243 1452 2279 ζωποιῶν
1479 2247 1526 2271 τοῦ
1554 2245 1668 2281 Χριστοῦ
1697 2239 1853 2278 μυστηρίων.

1035 2287 1144 2316 Ἐπειτα
1159 2286 1229 2327 λέγει
1243 2291 1281 2325 τῷ
1295 2287 1435 2327 ἡγουμένῳ
1459 2287 1504 2314 καὶ
1518 2285 1586 2326 ιτοϊς
1615 2283 1738 2324 αδελφοϊς
1755 2291 1763 2299 ”
1796 2282 1856 2311 Δέο-

861 2373 984 2404 Joannis
998 2373 1060 2405 Glei
1074 2377 1162 2405 notae.

217 2435 279 2475 (85)
293 2434 438 2468 Observat
452 2436 531 2468 idem
547 2436 760 2468 Sciommarius
789 2435 910 2474 notat'i,
927 2436 998 2467 Gre-

197 2478 291 2507 orium
307 2476 386 2508 hunc
400 2477 598 2508 Tusculanum
607 2476 857 2514 comitem,l'uisse
872 2475 997 2506 duorum

203 2525 377 2547 omanorum
394 2517 579 2555 Pontiﬁcum,
609 2516 762 2548 Benedicti
792 2515 908 2546 scilicet
932 2514 994 2553 VII,

175 2557 249 2589 alias
263 2555 340 2591 VIII.
371 2562 399 2588 et
427 2557 548 2588 Joannis
577 2556 651 2594 XIX,
680 2557 752 2587 alias
776 2555 838 2593 XX,
870 2559 994 2594 patrem,

175 2607 292 2629 necnon
307 2605 392 2628 avum
408 2596 562 2628 Benedicti
577 2596 654 2635 VIII,
677 2597 751 2628 alias
774 2596 825 2628 IX.
858 2595 995 2633 Consule,

175 2638 201 2671 si
215 2638 298 2676 libet,
314 2636 453 2668 Kircberi
468 2637 561 2668 nostri
579 2637 739 2669 Historiam
765 2635 997 2676 Eustathio-Ma-

175 2675 302 2719 rianam,
318 2682 399 2717 parte
414 2686 446 2715 ιι,
461 2687 529 2718 cap.
546 2677 577 2719 4,
593 2677 645 2719 ubi
660 2677 698 2719 d_e
724 2677 867 2708 comitum
883 2675 998 2719 [us-cu-

176 2716 309 2789 lqnorum
318 2716 411 2760 stirpe
419 2722 448 2751 et
457 2716 617 2760 propagine
628 2717 723 2751 fusius
734 2721 838 2749 tractat
849 2726 884 2749 ex
893 2716 997 2748 Zazara

176 2768 193 2789 Ε
206 2768 310 2789 usque.

176 2768 310 2792 Βιιιεαυε.

215 2768 461 2873 ίὲἒῒῐίεαηεαηιο
475 2798 588 2831 abbatis
613 2803 643 2830 et
657 2797 818 2838 hegumeni
833 2797 949 2828 titulum
964 2796 996 2830 S.

215 2839 254 2873 lo.
289 2850 325 2873 oe
348 2840 468 2873 nomine
481 2840 541 2873 iam
552 2839 650 2873 aliquo
680 2843 815 2873 tempore
829 2841 897 2871 ante
910 2847 996 2870 suum

176 2839 254 2880 Nilo,
267 2839 325 2873 hoc
348 2840 468 2873 nomine
480 2840 541 2881 jam
552 2839 650 2882 aliquo
680 2843 815 2880 tempore
829 2841 897 2871 ante
910 2847 998 2870 suum

1040 2433 1152 2466 obitum
1166 2434 1280 2474 praefuit
1289 2433 1413 2474 Paulus:
1425 2436 1454 2464 at
1464 2435 1580 2474 qu_anto_
1588 2430 1630 2474 illi
1648 2429 1851 2474 supervixerit,

1040 2484 1097 2506 non
1127 2471 1198 2506 satis
1234 2479 1360 2505 constat.
1390 2473 1422 2504 1n
1449 2471 1528 2504 serie
1556 2471 1694 2502 abbatum
1725 2471 1851 2509 Cryptte-

1040 2515 1258 2547 Feiratensium
1275 2515 1352 2545 inter
1366 2514 1488 2545 Paulum
1504 2516 1534 2543 et
1558 2512 1591 2543 B.
1611 2510 1850 2541 Bartholomaeum

1038 2556 1136 2587 adhuc
1150 2555 1264 2586 medius
1275 2559 1320 2586 est
1335 2554 1469 2594 Cyrillus.
1487 2552 1680 2594 Computante
1694 2551 1852 2581 Sciomma-

1037 2596 1094 2634 rio,
1108 2596 1152 2637 vi;
1163 2596 1294 2637 quinque
1305 2593 1398 2637 annos
1406 2603 1464 2624 una
1476 2593 1696 2637 impleverunt;
1708 2599 1775 2621 nam
1788 2595 1852 2637 nota

1037 2637 1076 2667 90
1088 2634 1185 2671 tradit,
1203 2634 1499 2667 BfBartholomazum
1520 2641 1613 2663 annos
1629 2636 1740 2662 tantum
1754 2634 1848 2661 natum

1038 2676 1129 2708 fuisse
1143 2675 1257 2716 viginti,
1278 2675 1397 2716 quando
1406 2674 1510 2716 collata
1524 2673 1577 2716 fuit
1589 2672 1678 2703 Paulo
1688 2671 1848 2716 praelatum,

1039 2725 1166 2764 eumque
1173 2711 1403 2764 illamljantum
1427 2711 1849 2764 admisissenposncvrillum,

1039 2753 1180 2798 cumjam
1202 2755 1301 2798 aetatis
1325 2753 1648 2798 _an_num_a;gleret_25;
1679 2761 1744 2798 qua;
1757 2753 1851 2782 omnia

1039 2798 1074 2829 ad
1089 2793 1185 2830 Vitam
1201 2796 1235 2828 Β.
1252 2793 1462 2829 Bartholomaai
1476 2793 1584 2825 discuti
1595 2796 1743 2834 poterunt.
