1970 3064
74 145 1500 161 m

363 163 1771 175 mm;

787 225 867 248 ANNO
888 224 991 249 DOMINI
1015 225 1080 248 MV].

346 313 640 399 LEON
649 313 748 398 IS
807 311 1508 400 PRESBYTERI

835 450 1033 483 PROLOGUS

254 543 351 593 AD
386 541 798 596 PASSIONEM
828 540 922 591 SS.
958 539 1127 592 RUFI
1161 540 1247 592 ET
1278 541 1598 596 BESPICII.

641 657 714 689 (ΜΑι,
730 655 846 692 Spicileg.
863 656 936 684 Rom.
955 659 1014 684 tom.
1032 655 1076 685 IV.
1089 664 1111 691 p.
1128 656 1204 684 290.)

111 828 183 860 Non
200 831 278 861 enim
297 832 340 871 (1)
351 831 480 870 insignes
492 831 682 871 antiquorum
694 829 811 860 Patrum
827 830 898 860 titu-
910 831 1032 867 Agnum
1049 830 1086 860 de
1101 830 1210 860 sanctis
1233 831 1428 871 quadraginta
1448 834 1624 874 martyribus
1648 844 1768 866 sermo-

66 877 120 906 los
142 877 296 908 inﬁrmare
325 887 476 915 conamur,
504 887 600 917 neque
625 886 769 916 generosa
784 876 901 906 illurum
945 883 1023 905 nem.
1055 873 1221 914 Compinxit
1245 880 1386 915 praeterea
1416 873 1584 916 passionem
1611 879 1765 910 beatorum

66 927 277 953 monumenta
292 922 449 961 suggillare
465 922 608 952 nitimur:
638 921 708 961 quiti
725 921 822 961 potius
838 922 903 951 lau-
946 923 1103 958 martyrqu
1120 919 1250 949 Aulltimi
1279 920 1488 961 sociorumque
1504 922 1568 962 ejus
1584 924 1766 955 hexametris

67 965 201 1002 damus,
219 971 305 1007 atque
329 967 474 997 laudando
500 967 697 1003 roboramus;
721 965 771 996 sed
789 975 823 996 ea
839 975 904 1005 quae
945 963 1132 994 intersertam
1149 963 1313 995 versiculis.
1331 966 1502 996 Memoriam
1519 976 1636 1007 quoque
1656 978 1766 1008 nuper-

67 1020 132 1050 per
151 1010 296 1041 incuriam
313 1016 341 1041 et
357 1012 563 1047 temeritatem,
588 1016 618 1041 ut
634 1010 812 1049 simplicium
828 1010 903 1040 scri—
945 1007 1020 1037 rime
1034 1008 1258 1047 haudquaquam
1270 1009 1508 1049 vilipendendam
1517 1011 1620 1049 edidit,
1634 1007 1766 1052 qualiter

65 1059 210 1094 ptorunt,
228 1056 387 1095 depravata
412 1055 559 1091 videntur,
581 1055 611 1085 in
639 1058 779 1094 quantum
797 1054 904 1084 divinae
945 1056 1031 1091 caput
1046 1053 1185 1083 eximium
1203 1054 1338 1092 martyris
1350 1053 1483 1084 Damiani
1498 1056 1762 1087 Romanisillatum

69 1099 281 1130 Providentim
292 1109 356 1130 sors
367 1099 497 1138 dederit,
511 1099 669 1128 emendare
681 1099 850 1136 satagimus,
867 1108 903 1128 ne
944 1101 988 1126 est
1004 1097 1137 1136 septulis.
1154 1096 1205 1127 His
1221 1097 1370 1127 adendum
1397 1107 1456 1128 non
1478 1100 1662 1139 superﬂuum
1678 1101 1764 1131 vide-

68 1143 159 1183 apud
177 1144 295 1174 sobrios
311 1148 338 1173 et
351 1143 542 1183 grammatico
555 1143 615 1173 sale
627 1143 761 1173 conditos
776 1143 903 1173 lectores
944 1144 1002 1179 tur,
1018 1141 1095 1180 quod
1113 1146 1139 1171 et
1157 1141 1306 1172 rusticano
1322 1151 1460 1172 sermone
1476 1144 1699 1174 translationem
1715 1154 1764 1184 pa-

67 1188 191 1218 veritas
207 1193 355 1227 gestorum
373 1189 436 1227 ipsa
451 1188 640 1227 corruptione
652 1187 823 1224 vilescat,ac
837 1187 902 1226 pius
944 1185 1043 1215 tcfecit
1069 1190 1237 1216 sanctorum
1264 1185 1371 1217 Christi
1407 1187 1582 1218 athletarum
1611 1188 1762 1225 Basilidis.

68 1233 166 1262 labor
183 1233 296 1272 piorum
313 1232 445 1262 omnium
466 1236 551 1271 sputu
573 1231 720 1261 obnoxius
739 1231 899 1270 judicetur.
943 1228 1091 1269 Tripodis,
1109 1235 1137 1260 et
1153 1230 1498 1271 Magdalis.Egoquuque
1511 1233 1581 1268 Leo,
1594 1242 1762 1274 quanquam

67 1277 126 1307 Est
143 1282 244 1307 autem
262 1281 290 1306 et
304 1277 361 1306 alia
378 1285 464 1306 causa
488 1276 612 1315 hujusce
630 1275 826 1305 reuovationis
844 1285 901 1305 non
945 1274 1041 1303 minus
1058 1275 1193 1314 idoneus,
1208 1283 1336 1314 superna
1357 1279 1453 1305 tamen
1476 1277 1590 1307 favente
1605 1278 1764 1310 clementia

71 1321 218 1357 minima,
235 1330 301 1359 qum
313 1330 365 1350 nos
377 1325 435 1350 tam
448 1329 591 1350 annosqu
605 1329 638 1350 ac
651 1320 817 1358 neglectum
829 1329 903 1359 opus
944 1318 1096 1357 presbyter
1116 1322 1144 1348 et
1177 1319 1327 1356 sacerdos,
1361 1325 1556 1351 memoratum
1584 1323 1761 1353 monachum

69 1365 266 1395 comminare
281 1366 337 1404 (ita
352 1366 431 1400 cod.)
455 1364 532 1404 cogit
557 1364 586 1394 in
614 1364 729 1400 melius,
756 1364 823 1404 quia
838 1365 902 1394 sine
943 1362 1019 1400 coepi
1036 1372 1087 1402 pro
1112 1362 1228 1393 Christo
1253 1372 1355 1394 amare
1376 1364 1540 1403 ardentius,
1570 1374 1627 1396 non
1653 1366 1690 1396 ob
1708 1367 1763 1398 hoc

71 1410 164 1440 titulo
177 1410 306 1440 auctoris
314 1409 527 1448 amphibolium
539 1409 687 1438 cstthema
696 1408 903 1447 subsequentis
943 1410 1054 1436 tantum
1067 1408 1143 1447 quod
1153 1407 1305 1438 videbatur
1315 1408 1435 1444 scio‘us,
1445 1409 1664 1450 quinimo,quia
1677 1412 1762 1442 testi-

69 1454 192 1494 operis,
211 1458 238 1484 et
254 1453 320 1484 ideo
335 1453 496 1483 verendum
514 1463 550 1483 ne
565 1453 642 1482 inter
656 1453 821 1492 apocrypha
833 1451 1074 1501 jureBmouium
1092 1451 1194 1482 habuit
1223 1452 1331 1482 bonum
1357 1453 1393 1483 ab
1418 1453 1568 1489 omnibus.
1594 1456 1673 1495 quod
1686 1460 1765 1487 esset

74 1502 255 1529 censeatur.
269 1498 350 1534 Quod
365 1498 452 1536 igitur
461 1497 495 1527 ad
508 1497 640 1537 publicas
652 1506 738 1527 aures
748 1498 785 1526 ob
798 1495 1034 1534 multo-"hujus
1049 1496 1149 1526 saeculi
1165 1496 1315 1536 inimicus,
1333 1501 1359 1526 et
1387 1498 1513 1527 mundus
1538 1498 1580 1529 illi
1597 1504 1677 1530 esset
1692 1510 1762 1531 cru-

73 1553 142 1573 rum
156 1543 387 1572 aedificationem
403 1542 551 1582 proﬁcisci
577 1546 704 1581 oportet,
722 1550 844 1572 necesse
860 1546 904 1572 est
944 1539 1060 1570 citixus.
1077 1540 1147 1570 Nam
1167 1543 1229 1578 ejus
1254 1540 1419 1571 inﬁrmitati
1443 1543 1561 1574 assidue
1576 1553 1762 1584 compassus,

75 1594 107 1619 ut
122 1587 330 1626 grammaticae
357 1586 520 1626 diligentiae
545 1586 643 1616 cribro
665 1585 700 1615 ab
726 1586 806 1615 omni
823 1586 903 1625 prius
945 1583 1072 1623 hospitio
1090 1585 1171 1614 illum
1188 1585 1286 1624 recepi
1303 1586 1437 1616 omnium
1455 1591 1621 1618 nostrorum
1637 1583 1760 1628 primus,

74 1632 221 1663 vitiorum
238 1631 307 1661 lolio
333 1636 486 1671 purgetur.
513 1630 591 1661 Dixit
616 1639 741 1670 namque
756 1629 901 1667 Isidorus,
945 1628 1069 1668 ejusque
1083 1629 1285 1660 meinteresse
1296 1629 1542 1669 disputationibus
1553 1633 1685 1671 gravisus
1695 1642 1759 1663 sum

78 1677 194 1707 abrade
210 1675 325 1706 titulum
344 1679 374 1705 ut
390 1680 469 1705 muta
494 1675 532 1705 sit
548 1675 662 1714 pagina.
676 1675 752 1712 Ergo
765 1683 801 1704 ne
818 1679 904 1705 tanta;
945 1672 1060 1702 sedulo.
1075 1674 1206 1713 Cumque
1222 1674 1262 1704 illi
1275 1679 1459 1713 compertum
1476 1675 1560 1712 foret,
1573 1677 1651 1716 quod
1664 1686 1761 1707 essem

78 1721 241 1751 calumniae
263 1729 333 1750 ausa
359 1724 488 1750 nostram
506 1720 678 1759 parvitatem
702 1719 800 1758 aliquo
817 1719 902 1749 modo
945 1717 1033 1747 etiam
1050 1718 1238 1757 quotidianus
1254 1718 1330 1748 beati
1344 1718 1565 1758 triumphatoris
1580 1721 1688 1751 Christi
1701 1722 1761 1752 Re-

80 1765 231 1796 inuodare
247 1764 393 1804 videatur,
416 1764 540 1794 sanandi
565 1773 598 1794 ac
622 1763 789 1794 medicandi
805 1763 903 1803 operis
945 1761 1031 1801 spicii
1048 1762 1204 1801 titularius,
1218 1764 1340 1803 ejusque
1359 1764 1483 1794 servitur
1503 1765 1680 1801 indefessus,
1698 1775 1762 1796 cta-

79 1810 255 1849 prodendus
270 1813 314 1839 est
330 1809 476 1844 medicus,
494 1813 525 1838 ut
540 1817 606 1838 cum
638 1807 760 1847 probata
778 1817 904 1847 persona
939 1807 987 1846 pit
1001 1816 1017 1836 a
1033 1816 1080 1837 tne
1094 1807 1261 1847 disquirere
1279 1813 1446 1839 utrumnam
1457 1808 1558 1839 beatus
1574 1814 1689 1849 mart}r
1702 1819 1762 1841 suae

79 1854 222 1884 omnibus
237 1854 265 1884 in
277 1853 409 1883 notitiam
421 1853 544 1883 venerit.
557 1853 620 1891 ejus
635 1851 788 1891 opuscula,
806 1851 904 1882 divina
947 1850 1093 1890 possiunis
1110 1857 1188 1882 esset
1204 1852 1363 1891 insignitus
1380 1854 1600 1883 memorialibus
1615 1853 1688 1894 lead.
1703 1864 1763 1884 tne-

78 1900 204 1929 veritate
216 1898 353 1937 subnixa,
367 1907 455 1927 nemo
468 1896 601 1927 ﬁdelium
612 1896 740 1926 refutare
753 1896 904 1935 permitta-
945 1895 1128 1935 morilibus],
1157 1906 1193 1926 :tu
1214 1897 1379 1928 fmculentia
1405 1897 1517 1927 ruitura
1542 1907 1600 1936 pra;
1626 1898 1763 1929 manibus

80 1949 138 1980 tur,
157 1943 211 1974 sed
230 1942 327 1982 potius
343 1946 445 1971 contra
455 1950 558 1970 omnes
574 1940 696 1970 aemulos
708 1939 816 1971 divinae
832 1950 902 1980 pro-
945 1940 1047 1969 mundi
1065 1940 1196 1976 historia,
1215 1942 1313 1971 omnia
1343 1942 1575 1981 chronographis
1590 1942 1762 1973 deﬁcienti-

82 1987 224 2018 tectionis
252 1987 294 2016 vis
320 1986 397 2016 bene
422 1985 577 2015 defensare
603 1984 824 2024 comprobetur.
854 1987 905 2016 Est
946 1983 1010 2020 bus,
1029 1990 1153 2014 careret.
1185 1987 1256 2015 (Tum
1284 1986 1400 2016 beatum
1425 1986 1532 2017 Christi
1555 1986 1761 2026 pugillatorem

82 2042 191 2073 nempe
220 2031 423 2062 Theodericus
448 2030 498 2060 ille
525 2030 688 2060 monachus
716 2038 750 2059 ac
765 2030 904 2060 sacerdos
945 2029 1080 2073 proprios
1109 2031 1320 2069 respondervm
1338 2030 1448 2060 habere
1475 2030 1591 2061 titulos:
1610 2030 1706 2061 Velim
1724 2032 1764 2061 ait

82 2072 274 2117 peregrinus,
301 2080 388 2115 atque
413 2074 524 2105 diutius
548 2074 695 2104 viscerum
723 2073 903 2104 cruciatibus
945 2072 1128 2112 ille,videre,
1145 2074 1208 2113 styli
1233 2075 1375 2113 probandi
1393 2075 1494 2114 gratia.
1521 2074 1657 2110 Quicum
1677 2075 1762 2105 citius

83 2122 238 2153 confectus
253 2120 303 2159 qui
320 2125 388 2150 ante
402 2119 498 2149 varios
512 2118 591 2158 [60(1.
604 2119 701 2158 raros]
713 2127 806 2148 annos
816 2119 901 2148 vitam
914 2134 934 2164 ο
947 2117 1049 2157 primae
1067 2118 1187 2157 pagellae
1198 2127 1318 2158 campos
1329 2123 1528 2158 percurreret.
1545 2118 1693 2149 Habemus
1706 2127 1760 2149 na-

82 2165 249 2206 composuit
261 2164 336 2195 beati
350 2163 466 2194 Martini
483 2163 536 2193 PP.
551 2163 725 2202 jucundius,
742 2172 857 2193 necnon
875 2168 902 2193 et

82 2211 138 2241 alia
153 2209 297 2250 opuscula
308 2209 337 2238 in
353 2208 493 2239 hacurbe
511 2209 641 2238 Romana
653 2207 765 2247 positus
775 2207 904 2237 conscri-

83 2256 141 2295 psit
156 2254 345 2294 diligentius;
370 2253 420 2293 qui
436 2262 500 2284 cum
518 2253 642 2282 fratrum
672 2257 775 2290 rogatu
791 2251 902 2290 aliquid

84 2300 206 2340 dignum
229 2298 423 2337 scriptitasset
449 2295 709 2333 commendadum,
736 2296 812 2326 haud
837 2296 902 2326 fuco

85 2345 181 2384 aliquo
194 2353 265 2374 usus
274 2342 405 2377 dicendi,
420 2351 474 2372 nec
484 2341 604 2381 phalera
620 2340 818 2380 pretiosorum
834 2349 902 2370 ver-

84 2388 202 2423 borum,
220 2388 271 2418 sed
296 2386 462 2418 humillimo
490 2385 670 2416 narrationis
691 2394 810 2424 genere,
828 2385 904 2424 quod

86 2432 178 2464 Graeci
193 2435 349 2461 ταπείνωσιν
366 2435 482 2467 vocant,
510 2430 546 2460 ob
562 2438 721 2460 commune
737 2428 904 2459 auditorum

87 2482 174 2518 atque
185 2479 330 2508 lectorum
343 2475 532 2507 commodum
545 2475 659 2505 sibulco
674 2478 848 2514 prosccutus
863 2478 908 2504 est

89 2523 172 2562 stylo.
190 2522 296 2562 Sripsit
324 2529 452 2561 quoque,
480 2525 512 2550 ut
536 2519 697 2549 multorum
726 2518 835 2548 fatetur
849 2527 903 2548 au-

88 2567 216 2605 ctoritas,
233 2565 485 2605 elegantissimum
502 2567 529 2594 et
555 2563 636 2594 omni
651 2562 842 2593 veneratione
856 2562 902 2592 di-

127 2648 168 2688 (1)
186 2647 278 2679 Enim
299 2646 377 2686 apud
406 2645 562 2688 sequiores
583 2642 750 2688 praesertim
767 2646 906 2688 auctores

92 2683 233 2727 signiﬁcat
259 2683 341 2725 sane,
358 2683 503 2727 profecto,
517 2683 631 2725 utique.
649 2684 725 2721 Quin
738 2683 812 2714 adeo
828 2683 905 2724 apud

946 2166 1033 2201 ctam,
1049 2162 1153 2201 inquit.
1166 2164 1364 2199 occasionem,
1377 2173 1434 2203 qua
1445 2163 1481 2193 de
1492 2163 1600 2201 agresti
1613 2167 1701 2203 atque
1715 2163 1763 2192 in-

945 2206 1023 2236 sulso
1038 2206 1188 2245 pulmento
1204 2207 1246 2237 fas
1270 2207 1354 2237 nobis
1376 2208 1412 2237 sit
1437 2208 1596 2238 laceratum
1610 2207 1707 2238 facere
1719 2208 1764 2238 ci-

945 2250 1026 2281 bum.
1043 2249 1115 2280 Nam
1141 2251 1340 2282 amarissimas
1365 2252 1553 2291 projiciamus
1578 2252 1763 2292 colocynthi-

945 2294 1007 2331 das,
1026 2298 1054 2324 et
1069 2295 1224 2325 melliﬂuas
1248 2305 1299 2335 pro
1324 2296 1381 2326 illis
1406 2297 1574 2326 inseramus
1597 2296 1716 2335 herbas,
1734 2301 1765 2326 ut

945 2339 1022 2370 sicut
1037 2339 1147 2370 indocti
1163 2341 1323 2378 scriptores
1340 2340 1376 2370 de
1391 2340 1466 2371 bono
1488 2341 1625 2370 fecerunt
1641 2341 1763 2377 malum,

947 2384 991 2414 sic
1006 2389 1035 2415 et
1050 2393 1104 2414 nos
1120 2384 1158 2415 de
1173 2384 1248 2414 malo
1264 2386 1391 2415 nitamur
1413 2385 1510 2416 facere
1533 2385 1656 2422 bonum,
1674 2384 1766 2425 ipsius

947 2428 1011 2459 fulti
1027 2429 1182 2468 levamine,
1200 2428 1264 2459 sine
1279 2437 1336 2469 quo
1352 2429 1425 2460 nihil
1443 2438 1599 2469 possumus
1614 2429 1723 2460 facere.

1074 2473 1209 2514 Explicat
1225 2475 1380 2513 protogus,
1399 2475 1508 2513 incipit
1520 2474 1636 2513 passio.

988 2517 1071 2558 Saepe
1082 2518 1181 2548 divina
1191 2518 1350 2550 consuevit
1361 2518 1553 2550 clementiaiu
1561 2519 1765 2550 teneraadhuc

946 2571 1092 2603 parvaque
1108 2567 1205 2604 aetate,
1218 2567 1271 2595 etc.

947 2643 1057 2674 .lulium
1067 2643 1217 2675 Valerium
1227 2644 1350 2685 primam
1360 2654 1480 2687 quoque
1489 2645 1590 2676 sedem
1604 2645 1634 2675 in
1645 2645 1768 2685 periodo

948 2689 1084 2715 ocsunat.

948 2693 1084 2725 occupat.
