1970 3064
159 117 216 150 175
847 117 917 148 LEO
933 118 937 148 ξ

1062 117 1158 148 YTER
1785 117 1840 150 176

819 276 1185 331 ΜΟΝΙἸᾙΜ.

718 395 791 430 (MAI,
808 393 928 429 Spicilege
942 393 1016 421 Rom.
1041 396 1100 420 tom.
1118 394 1146 425 V,
1166 402 1188 429 p.
1207 393 1277 426 153),

193 567 305 598 Leonis
320 567 432 604 clerici,
450 568 544 608 patria
559 569 696 603 Romani,
710 568 854 607 dignitate
867 567 1040 607 presbyteri,
1052 567 1206 607 prologum
1219 567 1366 597 eruditum
1383 568 1412 597 in
1430 568 1485 597 hoc
1501 567 1726 606 Spicilegiojam
1738 567 1839 598 edidi--

153 621 219 642 mus
233 620 254 643 ι.
271 610 321 648 IV,
336 611 388 642 ubi
402 612 477 652 ipse,
496 622 560 652 pag.
579 614 637 644 292
657 612 817 643 titularium
830 623 861 642 se
873 611 1002 650 appellat
1018 613 1048 642 Ξ.
1069 611 1200 650 Respicii
1214 611 1371 650 martyriis,
1387 612 1424 641 de
1437 612 1522 651 cujus
1536 611 1657 651 antiqua
1668 611 1797 642 ecclesia
1811 616 1840 642 et

152 664 236 687 sacra
249 656 518 697 stationeloquitur
530 658 652 687 Carolus
665 657 762 687 Barth.
774 656 873 686 Platea
891 657 917 686 in
931 655 1138 694 Hemerologio
1151 655 1293 691 Romano,
1311 665 1339 695 p.
1352 657 1422 686 679..
1442 656 1519 686 Nihil
1537 661 1634 686 tamen
1646 665 1700 686 nos
1711 656 1839 686 diximus

151 699 182 730 in
195 700 335 740 przedicto
346 704 425 731 tomo
438 701 475 732 de
487 702 544 732 Leo
557 711 589 732 se
603 701 820 732 Theodericum
845 701 1023 730 monachum
1047 699 1236 740 peregrinum
1257 704 1284 729 et
1297 701 1445 730 infirmum
1467 701 1596 740 hospitio
1607 702 1772 739 recepisse,
1784 701 1838 731 ha-

152 743 327 784 bemusjam
340 746 522 785 exploratum
538 746 646 776 Leonis
658 755 749 775 mvum
764 754 770 776 :
788 745 897 775 etenim
910 744 1114 774 Theudoricus
1127 743 1188 783 (qui
1205 743 1258 773 fuit
1274 744 1367 783 patria
1383 744 1568 774 Trevirensis
1585 749 1613 774 et
1630 744 1733 775 morbo
1746 746 1838 785 poda-

151 788 260 828 gricus)
287 791 473 821 monachatui
501 800 531 820 se
547 800 656 821 nomen
672 790 789 820 dedisse
801 799 878 819 anno
896 788 1003 819 Christi
1031 788 1117 825 1006,
1147 792 1248 819 narrat
1272 798 1324 818 ore
1350 790 1469 828 proprio
1491 789 1570 829 apud
1599 789 1792 820 Mabilonium
1809 790 1838 820 iu

150 833 316 865 Annalibus
333 835 444 865 Bened.
464 839 484 865 t.
500 834 549 874 IV,
568 844 596 875 p.
617 835 695 871 1'74;
720 843 779 874 quo
799 834 863 863 loco
889 833 980 862 mir‘r
1002 833 1167 863 Maurinum
1194 832 1398 864 doctissimum
1423 834 1469 863 vix
1496 843 1584 863 unam
1601 843 1838 865 commemorare

149 877 628 908 Theodericilucubratiunculam
639 879 676 908 de
688 878 746 909 vita
763 882 791 909 et
807 877 958 908 miraculis
975 876 1003 907 S.
1016 876 1093 907 Celsi
1106 876 1251 916 episcopi,
1263 886 1330 906 cum
1340 877 1415 916 apud
1430 886 1483 907 nos
1494 877 1558 908 loco
1572 878 1712 917 praedicto
1725 882 1764 908 tot
1780 879 1839 909 alia

150 920 209 952 Leo
225 922 572 953 enumeretTlioodorici
595 924 726 963 scripta;
753 921 861 962 quibus
885 921 959 951 adde
989 920 1039 951 illa
1054 931 1119 960 quae
1148 925 1285 951 recenset
1313 921 1503 958 Trilhernius,
1531 922 1662 957 itemque
1679 922 1838 954 Bollandus

151 969 172 996 t.
189 965 239 1002 ΙΙΙ,
257 967 350 997 Martii
367 967 415 997 die
430 969 478 1002 2t,
497 977 526 1006 p.
546 967 602 998 199
617 971 645 997 et
660 967 730 1004 QUO,
748 975 875 1006 quorum
894 965 1036 995 nonnulla
1052 965 1082 994 in
1100 964 1251 995 Vaticanis
1267 975 1383 1005 quoque
1399 966 1554 996 codicibus
1567 972 1791 997 conservantur.

189 1010 273 1040 Nunc
289 1019 323 1041 ac
336 1012 462 1042 Leonem
476 1015 509 1042 ut
523 1012 655 1052 redeam,
669 1021 771 1042 novam
784 1011 848 1050 ejus
861 1010 960 1049 aspexi
989 1010 1017 1040 in
1034 1009 1145 1048 regina}
1165 1009 1264 1040 Svecae.
1283 1011 1385 1041 codice
1407 1011 1657 1047 lucubrationem,
1669 1012 1758 1042 vitam
1776 1013 1837 1042 sci-

149 1053 218 1084 licet
232 1053 264 1085 S.
280 1055 403 1085 Joannis
419 1056 631 1095 Cbrysostomi,
656 1065 742 1096 quam
767 1065 819 1094 ego
837 1054 969 1085 lectitans
983 1055 1079 1084 statim
1097 1054 1240 1094 comperi,
1268 1064 1331 1084 eam
1356 1055 1392 1084 de
1409 1055 1509 1085 Graeco
1526 1056 1726 1095 Metaphraste
1742 1057 1835 1096 potis-

145 1098 253 1128 simum
269 1109 286 1128 a
304 1099 401 1130 Leone
413 1100 539 1139 ejusque
553 1099 688 1139 adjutore
701 1099 915 1138 Christophore
932 1098 1021 1128 fuisse
1030 1098 1213 1128 derivantam
1228 1108 1310 1138 ηοω
1319 1108 1384 1128 cum
1399 1100 1474 1138 apud
1488 1099 1606 1130 Surium
1614 1105 1707 1131 exstet
1717 1100 1831 1138 Latine,

146 1143 199 1172 etsi
216 1142 282 1173 aliis
296 1142 408 1178 verbis,
426 1143 572 1174 nihilerat
586 1153 692 1180 causae,
711 1153 763 1174 cur
780 1143 887 1174 Leonis
903 1142 1144 1181 compilationem
1176 1142 1205 1172 in
1223 1143 1324 1181 vulgus
1341 1143 1520 1174 emitterem.
1539 1144 1622 1175 Hunc
1636 1145 1710 1175 adeo
1727 1145 1834 1176 verbo-

143 1186 254 1230 riorem
272 1196 388 1227 quoque
404 1187 484 1218 illam
502 1188 654 1227 multoque
682 1187 873 1227 prolixiorem
890 1186 1090 1230 Clirysostomi
1106 1186 1271 1226 historiam,
1293 1197 1379 1227 quam
1406 1197 1422 1218 a
1445 1187 1656 1229 Christophoro
1671 1189 1834 1230 interprete

145 1229 351 1262 siniexibitam
369 1231 440 1262 dicit
454 1232 525 1269 Leo,
541 1232 570 1262 in
586 1231 643 1262 alio
659 1232 802 1262 Vaticano
819 1230 921 1260 codice
937 1229 1059 1266 olfendi,
1076 1239 1163 1269 quam
1174 1230 1244 1260 item
1257 1231 1392 1261 consulto
1408 1233 1594 1271 praetermisi.
1608 1233 1698 1272 Igitur
1715 1229 1832 1264 exiuni-

145 1283 229 1305 versa
243 1276 351 1306 Leonis
374 1276 581 1307 incubratione
601 1275 753 1316 prologum
777 1274 980 1305 tantummodo
1002 1273 1159 1311 inetlitum,
1172 1285 1223 1305 seu
1236 1275 1332 1315 potius
1346 1277 1481 1315 pra-viam
1495 1278 1529 1307 ad
1542 1278 1700 1317 quemdam
1717 1278 1829 1318 Lupum

144 1318 299 1358 epistolam
313 1319 434 1356 retinui,
447 1321 564 1360 adjecta
577 1321 664 1351 etiam
685 1319 771 1350 brevi
794 1319 892 1358 operis
914 1318 1055 1348 clausula.
1080 1319 1155 1349 Sane
1176 1320 1244 1360 quia
1256 1320 1356 1350 Romm
1367 1330 1477 1357 versor,
1491 1326 1520 1352 et
1535 1322 1605 1362 quia
1622 1323 1744 1353 Romani
1759 1323 1833 1354 cleri

144 1362 248 1393 studiis
264 1364 398 1403 apprime
413 1364 507 1401 faveo,
524 1364 599 1394 hanc
614 1363 741 1394 Romani
758 1363 870 1399 clerici,
899 1363 1041 1392 hactenus
1056 1367 1086 1392 ut
1113 1368 1182 1403 puto
1198 1364 1352 1404 incogniti,
1372 1369 1400 1395 et
1418 1365 1508 1397 notita
1524 1371 1551 1396 et
1568 1367 1735 1406 religiosam
1753 1368 1831 1398 scri-

144 1406 327 1447 ptiuneulam
344 1408 500 1440 celandam
518 1417 576 1439 non
590 1407 732 1448 judicavi.

482 1501 1493 1654 AitRESBYTERI

302 1783 376 1836 IN
412 1782 630 1833 VITAM
663 1780 716 1832 S.
752 1780 1063 1836 JOANNIS
1097 1781 1653 1837 CHRYSOSTOMI.

180 1975 278 2007 Sacra
292 1974 441 2014 dignitatis
464 1973 571 2004 summi
591 1972 810 2012 presbyteratus
830 1972 1094 2004 culmineAtulum
1111 1974 1373 2015 interpretaretur;
1400 1980 1429 2006 et
1450 1985 1504 2015 ego
1531 1976 1567 2007 ob
1584 1986 1680 2008 meam
1701 1978 1821 2010 nimiam

137 2020 295 2051 sublimato
311 2020 385 2059 viro,
413 2018 562 2064 quondam
577 2017 693 2064 Juliano
711 2025 790 2064 nunc
805 2016 885 2056 Lupo
901 2027 957 2047 no-
998 2025 1161 2051 exstantem
1177 2022 1367 2062 imperitiam,
1395 2023 1442 2052 his
1457 2023 1569 2054 eriduri
1597 2029 1628 2054 ut
1645 2031 1821 2064 congrueret

135 2064 214 2095 mine
242 2074 300 2095 non
328 2064 429 2104 iniquo
452 2067 528 2099 actu,
550 2063 604 2092 Leo
624 2061 673 2101 qui
696 2065 725 2091 et
749 2062 877 2092 Joannes
903 2071 955 2092 co—

137 2107 386 2146 gnomineinfelix
396 2107 542 2138 exsistens
553 2106 687 2136 clericus.
699 2115 715 2136 a
728 2106 822 2145 prima
833 2106 957 2138 infantia

138 2152 362 2193 divinojudicio
379 2151 491 2182 lumine
507 2150 625 2181 visibilii
641 2159 757 2188 carens,
775 2160 808 2181 ex
826 2154 883 2182 toto
900 2161 954 2191 pe-

134 2206 259 2228 rennem
274 2201 357 2237 optat
371 2199 401 2227 in
417 2195 543 2227 Domino
560 2195 694 2225 salutem.

173 2241 312 2272 Actiones
329 2240 541 2285 passionesque
554 2240 632 2285 beati
649 2240 850 2279 Chrysostomi
863 2241 952 2271 Joan-

133 2286 179 2316 nis
190 2285 226 2316 ab
238 2284 464 2324 exordiousque
483 2285 518 2315 ad
544 2284 702 2314 terminum
721 2285 786 2314 vitae
806 2285 882 2324 ejus,
901 2285 952 2315 sed

132 2333 241 2369 etpost
262 2329 374 2360 obitum
401 2329 494 2369 ipsius
517 2329 664 2368 aliquanta
690 2329 728 2359 de
753 2338 786 2359 eo
812 2331 899 2366 facta,
917 2339 950 2360 ex

130 2373 231 2404 (ἴτωεο
248 2375 277 2404 ἰη
298 2373 416 2404 latinam
440 2373 570 2412 linguam
593 2373 757 2414 transferri,
780 2373 850 2404 satis
865 2374 950 2404 anxie

129 2418 270 2458 quiesisti,
288 2428 354 2457 qua:
370 2423 399 2450 et
415 2427 468 2457 ego
490 2427 578 2448 nosse
598 2428 664 2448 cum
681 2417 849 2448 innumeris
866 2418 948 2448 sitie-

127 2461 206 2493 bam.
236 2462 293 2494 Sed
320 2463 451 2503 quamvis
475 2463 536 2492 huic
565 2462 642 2492 scire
667 2462 815 2493 vobiscum
846 2463 948 2493 avidus

998 2065 1206 2105 nequidquam.
1224 2066 1280 2096 Sed
1299 2067 1417 2097 tandem
1441 2066 1468 2097 vi
1487 2067 1586 2099 divina
1604 2070 1822 2108 quodammodo

998 2115 1131 2150 cogente,
1151 2115 1179 2140 et
1201 2111 1363 2150 propriam,
1389 2116 1421 2142 ut
1446 2111 1550 2143 beatus
1569 2113 1749 2152 Augustinus
1769 2116 1818 2154 ait,

999 2154 1157 2185 exhibente
1172 2155 1383 2194 dignationem,
1411 2165 1444 2186 ac
1461 2156 1611 2196 prwbente
1631 2159 1820 2191 occasionem

998 2205 1106 2240 aptam,
1138 2201 1328 2240 precantibus
1356 2202 1438 2234 vobis
1470 2203 1581 2242 przebui
1606 2213 1760 2237 assensum
1791 2212 1821 2238 et

995 2249 1082 2284 prout
1096 2246 1173 2285 quivi
1190 2246 1288 2276 verbis
1303 2247 1507 2287 interpretatis
1523 2257 1556 2278 ex
1580 2249 1673 2280 tribus
1692 2251 1820 2282 volumi-

995 2288 1083 2320 nibus
1099 2290 1189 2320 multo
1207 2294 1341 2330 tempore
1357 2300 1463 2330 capere
1480 2301 1514 2322 ea
1525 2293 1631 2332 quibus
1647 2295 1753 2325 instrui
1771 2305 1818 2326 ar-

994 2333 1098 2364 denter
1113 2334 1318 2374 cupiebamus,
1340 2335 1474 2365 libellum
1500 2346 1532 2367 ex
1551 2337 1594 2368 eis
1609 2339 1741 2378 quamvis
1761 2339 1818 2370 im—

993 2378 1086 2416 perito
1105 2388 1242 2409 sermone
1257 2379 1411 2410 contexui.
1430 2381 1514 2415 Quod
1532 2391 1599 2412 vero
1614 2392 1650 2412 ne
1672 2383 1818 2415 accideret

990 2422 1227 2458 formidaveram,
1241 2423 1349 2454 accidit
1359 2429 1388 2454 te
1397 2424 1579 2463 perﬁciente.
1592 2426 1685 2462 Quam
1695 2427 1731 2457 ob
1753 2437 1815 2459 rem

990 2467 1102 2506 praefati
1119 2467 1291 2507 interpretis
1307 2468 1512 2508 Cbristophori
1528 2470 1642 2501 scilicet
1661 2473 1816 2503 reverendi

127 2515 236 2555 essem,
255 2512 403 2555 eatamen
416 2507 576 2555 transferre
588 2511 615 2537 te
630 2507 734 2538 crebro
749 2517 764 2536 ἢ
781 2517 827 2555 me
843 2512 944 2547 postu—
989 2512 1150 2542 sacerdotis
1168 2521 1219 2551 per
1236 2516 1330 2542 totum
1345 2507 1485 2544 volumen
1501 2523 1567 2544 cum
1585 2515 1658 2545 illud
1681 2516 1814 2555 ederem,

125 2553 215 2590 lante,
232 2558 260 2584 et
273 2554 410 2594 plurimis
427 2555 483 2584 hoc
496 2553 655 2584 fieriame
666 2554 873 2599 poscentibus,
893 2563 943 2594 pro
984 2555 1083 2586 addidi
1109 2565 1144 2586 ex
1174 2561 1273 2588 mente
1303 2561 1331 2588 et
1362 2557 1476 2589 ratione
1507 2559 1624 2599 propria
1657 2553 1814 2592 innumera

125 2607 171 2629 me
186 2599 333 2640 imperitia
349 2608 555 2639 nequanquum
570 2598 743 2637 gaudebam.
758 2598 789 2628 Id
800 2598 879 2647 enim
896 2599 1074 2647 mererba
1089 2610 1154 2640 qua:
1169 2610 1301 2639 congrua
1328 2602 1401 2632 mihi
1426 2602 1487 2633 visa
1509 2598 1578 2633 sunt
1593 2603 1628 2634 ad
1650 2614 1811 2637 ornamen-

121 2652 210 2682 agere
234 2643 375 2674 idoneum
400 2644 522 2690 minime
546 2643 610 2673 fore
629 2652 795 2690 noveram.“
811 2642 1168 2690 Verebar"tumfavoris
1182 2645 1236 2676 Dei
1260 2646 1416 2685 sanctique
1441 2647 1573 2684 Joannis,
1601 2653 1631 2679 et
1647 2649 1683 2678 ad
1703 2650 1812 2690 depre-

123 2697 240 2728 quoque
258 2698 296 2720 ne
312 2689 387 2719 forte
403 2688 563 2728 interpres,
581 2697 747 2727 quanquam
769 2687 897 2733 disertus
914 2693 939 2718 et
983 2688 1110 2719 candum
1127 2690 1276 2723 eumdem.
1297 2700 1330 2720 ac
1348 2690 1570 2730 vituperandam
1589 2687 1811 2733 imperatribem

121 2733 252 2779 prudens
264 2743 298 2765 ac
314 2733 421 2779 loquax
431 2733 517 2779 foret,
532 2733 662 2779 humana
679 2737 775 2779 tamen
786 2732 941 2779 oblivione
983 2733 1239 2772 hujusinimicam.
1256 2734 1389 2765 Plurima
1403 2739 1500 2766 tamen
1513 2746 1578 2776 quae
1591 2737 1626 2768 ab
1644 2738 1812 2779 interprete

121 2777 246 2816 quadam
273 2777 463 2818 praepeditus,
492 2777 555 2808 haec
570 2776 696 2808 obscure
720 2776 793 2807 mihi
808 2777 941 2818 aliquan-
984 2778 1020 2808 ad
1034 2778 1153 2818 plenum
1169 2783 1201 2809 ut
1216 2787 1248 2810 se
1268 2778 1381 2811 habent
1395 2780 1476 2812 dicta
1490 2787 1569 2821 sunt,
1586 2787 1708 2824 propter
1726 2776 1809 2815 fasti-
