1970 3064
100 146 149 178 181
816 148 924 181 TEST]

983 150 1052 180 ιΝΙΑ
1721 148 1778 183 182

99 217 141 243 tus
156 213 203 243 sit.
221 213 304 244 Nunc
318 218 415 244 autem
432 223 498 244 cum
515 215 603 245 alicui
619 215 814 246 nihilominus
828 215 945 246 utilitati
960 215 1040 245 visus
1053 215 1090 245 sit
1103 224 1168 246 esse
1184 225 1281 255 posse,
1299 215 1323 246 si
1341 216 1503 254 evulgetur,
1521 225 1588 247 eum
1605 217 1641 248 ad
1660 222 1689 247 te
1706 217 1776 248 mit-

98 261 157 287 tere
172 258 319 294 constitui,
339 262 369 288 ut
385 262 444 288 tute
457 258 533 295 ipse,
546 259 629 298 cujus
645 259 918 299 plurimijudicium
932 260 1001 293 duo.
1020 259 1089 299 quid
1107 260 1252 298 agendum
1269 260 1317 296 sit,
1335 260 1445 294 videas,
1465 260 1546 291 Tuus
1560 270 1629 301 ergo
1645 261 1682 292 sit
1696 261 1778 293 arbi-

99 306 210 331 tratus:
227 306 257 332 ut
273 303 368 338 illum,
379 303 598 342 prontlibuerit.
608 304 652 334 vel
661 303 828 340 comburas,
841 313 907 334 cum
919 303 1036 342 legeris,
1051 304 1094 333 vel
1111 304 1290 343 typugrapho
1303 304 1424 334 librario
1437 304 1645 336 excudendum
1658 305 1773 336 tradas:

98 345 168 375 mihi
184 354 251 377 vero
267 346 294 376 id
313 356 402 376 unum
417 347 500 376 cordi
517 357 583 377 esse
596 347 686 384 noris,
705 352 735 378 ut
752 347 824 378 nihil
839 357 855 378 a
872 357 918 378 me
934 348 1049 385 edatur,
1066 357 1123 388 quo
1150 347 1293 378 lectorum
1310 347 1339 377 in
1353 347 1509 380 Dominam
1526 354 1656 380 nostram
1671 350 1776 390 pietas,

96 394 142 420 aut
158 389 275 420 debitus
290 390 345 430 ipsi
362 391 455 421 honor
471 391 515 421 vel
534 391 700 427 minimum,
718 396 745 423 te
761 392 880 432 quidem
893 392 1005 432 judice,
1024 391 1158 422 imminui
1171 395 1267 431 queat.

139 435 242 466 Libelli
260 444 346 474 porro
362 439 463 465 auctor
479 435 531 466 tibi
545 436 715 467 incredibili
731 437 874 467 memoria
891 436 1011 476 praedito
1029 436 1114 476 plane
1130 435 1247 475 ignotus
1263 445 1330 466 esse
1345 445 1403 466 non
1421 440 1537 476 potest:
1551 447 1617 468 nam
1632 438 1691 469 Leo
1701 438 1780 469 Alla-

97 479 152 509 tius
169 484 197 510 et
212 480 375 519 fragmenta
386 488 421 509 ex
447 480 502 510 hoc
525 480 589 520 ipso
605 481 681 511 haud
697 481 790 511 semel
816 481 937 520 protulit
959 481 1114 520 opusculo,
1133 486 1161 510 et
1181 479 1259 510 aliud
1275 479 1422 519 quoddam
1439 480 1573 520 ejusdem
1590 484 1732 522 scriptum
1749 483 1779 513 in

95 523 262 563 Symmictis
275 524 444 563 divulgavit,
461 524 630 563 hujusmodi
649 525 764 555 titulum
781 525 810 555 in
828 526 923 555 fronte
938 525 1069 555 habens:
1091 523 1621 565 Epiphaniimonachillugiopolilm
1636 527 1739 567 Syria,
1752 531 1780 558 et

96 568 168 598 urbs
182 572 308 605 sancta;
325 577 378 598 nec
394 569 472 598 enim
489 568 593 598 dubito
608 569 677 608 quin
695 579 770 600 unus
786 569 925 609 idemque
940 568 1124 608 Epiphanius
1137 569 1289 608 utriusque
1306 568 1397 598 libelli
1413 573 1516 600 auctor
1531 571 1578 608 sit,
1593 581 1659 602 cum
1672 571 1777 602 eodem

97 611 183 651 plane
199 613 271 652 stylo
288 617 444 652 utrumque
460 613 658 653 conscriptum
675 614 800 650 videam,
819 614 900 644 tenui
914 613 1040 649 scilicet,
1059 618 1146 653 atque
1161 613 1246 647 adeo,
1257 616 1289 642 ut
1301 612 1398 643 verius
1414 612 1530 652 loquar,
1544 615 1693 646 humiliac
1706 624 1782 655 pene

98 656 226 695 abjerto,
244 657 319 692 Quin
337 656 487 687 homiliam
498 667 617 698 quoque
631 657 787 698 Epiphanii
803 657 939 688 monachi
954 657 983 688 in
1000 662 1132 688 sanctum
1148 657 1294 688 Andream
1312 657 1473 696 apostolum
1490 663 1704 690 commemorat
1719 659 1782 699 ipse

98 701 221 731 Allatius
237 702 265 731 in
282 700 411 731 Diatriba
427 701 463 732 dc
478 702 650 733 Simeonum
664 702 801 742 scriptis:
828 702 878 732 sed
905 711 939 733 ea
964 701 1246 741 utrumEpiphanii
1271 701 1363 731 nostri
1390 701 1439 740 sit,
1456 701 1521 740 quis
1538 706 1610 743 tuto,
1628 703 1685 733 nisi
1702 703 1780 734 illam

97 745 212 781 viderit,
229 745 356 775 delinire
369 751 466 784 queat,
485 756 550 777 cum
567 747 690 778 Allatius
705 746 777 777 nihil
795 752 899 786 praeter
915 746 1030 776 titulum
1045 750 1133 786 atque
1149 746 1264 776 initium
1280 745 1435 776 attulerit?
1451 745 1480 777 Si
1497 747 1566 785 quid
1584 750 1682 778 tamen
1696 757 1713 778 θ
1726 752 1781 778 tam

97 789 210 828 exiguis
225 789 483 829 inlliciisjudicari
500 794 605 830 potest,
621 790 759 830 equidem
776 800 839 821 eam
856 800 973 831 quoque
989 790 1140 821 homiiiam
1156 789 1211 830 ipsi
1228 789 1415 820 tribuendam
1426 790 1619 822 crediderim.
1631 791 1672 822 De
1687 801 1783 822 mem—

98 834 210 865 braneo
225 841 323 866 autem
340 835 514 875 exemplari,
530 844 545 865 e
561 845 618 875 quo
634 834 764 865 libellum
783 844 836 873 ego
852 835 1008 874 exscripsi,
1026 835 1100 865 nihil
1114 834 1213 865 dicere
1227 834 1328 864 attinet
1346 834 1374 864 in
1387 835 1544 874 prmsenti:
1563 836 1634 866 satis
1644 836 1723 866 enim
1735 835 1784 866 de-

97 879 239 919 scriptum
255 880 310 911 fuit
326 880 362 910 iis
378 879 493 918 litteris,
508 889 580 920 quas
595 879 632 910 de
648 879 774 919 quodam
792 879 886 910 sancti
902 878 1035 918 Gregorii
1059 878 1272 918 Thaumaturgi
1292 887 1432 909 sermone
1447 879 1482 909 ad
1501 879 1649 920 Egidium
1664 881 1783 912 fratrem

97 932 196 953 meum
213 925 354 956 Bononiae
370 923 438 954 dedi
453 935 460 953 :
477 933 553 954 unus
567 924 658 957 enim.
672 923 811 963 idemque
827 923 918 954 codex
932 927 961 953 et
977 933 1043 954 eum
1060 924 1196 962 Gregorii
1211 932 1393 959 sermonem,
1409 927 1437 953 et
1453 923 1531 955 hunc
1544 924 1701 965 Epiphanii
1713 925 1783 956 mihi

96 967 342 1002 subministravit.
362 969 436 1002 Illud
455 968 550 1008 potius
564 967 723 1008 optandum
735 968 795 1007 jam
810 972 886 998 esset
897 972 927 998 ut
940 978 996 1007 quo
1010 973 1142 1007 tempore
1150 967 1332 1008 Epiphanius
1345 974 1445 998 noster
1456 969 1621 1008 scripserit,
1634 973 1782 1002 accurate.

97 1020 130 1043 ac
145 1012 260 1053 liquido
279 1016 398 1046 deﬁniri
414 1018 513 1054 posset
527 1023 534 1049 ;
548 1022 615 1043 nam
630 1014 760 1042 Joannes
776 1012 916 1043 Albertus
931 1012 1093 1048 Fabricius,
1111 1013 1234 1043 incerlaz
1248 1013 1346 1043 (etatis
1360 1011 1538 1051 scriptorum
1555 1014 1638 1044 dixit.
1654 1015 1690 1045 At
1704 1014 1728 1044 si
1736 1013 1785 1044 ad-

97 1058 241 1088 amussim
259 1059 330 1090 illud
351 1058 562 1094 determinare,
580 1066 613 1087 ac
623 1056 711 1087 veluti
725 1066 778 1086 acu
788 1060 908 1095 tangere
922 1057 1074 1095 nonglicet.
1092 1056 1174 1087 valde
1190 1060 1288 1087 tamen
1301 1056 1434 1096 angustis
1442 1057 1549 1088 ﬁnibus
1559 1059 1683 1097 spatium
1697 1068 1785 1090 omne

97 1100 176 1131 intra
192 1103 268 1141 quod
282 1112 349 1135 eum
359 1102 515 1143 scripsisse
529 1110 651 1132 necesse
662 1100 711 1137 sit,
725 1100 929 1130 circumscribi
943 1110 1028 1140 posse
1043 1110 1122 1138 reor,
1132 1100 1337 1141 atqueincludi
1350 1109 1356 1131 :
1368 1105 1397 1130 ut
1407 1109 1503 1140 neque
1514 1107 1581 1133 ante
1592 1103 1783 1134 undecimum

98 1144 206 1176 Christi
223 1148 375 1188 saeculum,
394 1157 448 1178 nec
462 1150 526 1187 post
540 1146 659 1176 tertium
676 1145 824 1175 decimum
842 1145 948 1175 vixisse
961 1145 1019 1175 dici
1039 1145 1156 1176 debeat.
1180 1144 1244 1176 Non
1269 1149 1336 1175 ante
1352 1144 1540 1176 undecimum
1556 1147 1676 1187 quidem
1691 1157 1697 1178 ;
1715 1147 1785 1187 quia

100 1190 288 1231 Hippolytum
301 1193 474 1224 Thebanum
488 1193 568 1227 citat,
579 1200 667 1231 quem
684 1189 813 1229 decimo,
825 1193 875 1220 aut
887 1199 1034 1219 summum
1049 1190 1207 1221 umlecimo
1224 1190 1359 1221 ﬂoruisse
1375 1191 1564 1222 consentiunt
1578 1192 1688 1223 eruditi
1716 1192 1786 1224 Post

100 1235 373 1268 tertiumdecimum
390 1247 457 1268 vero
473 1237 612 1267 saeculum
628 1235 719 1266 scribi
735 1244 793 1265 non
811 1235 903 1274 potuit
919 1235 1104 1275 opusculum,
1131 1245 1147 1266 e
1166 1246 1224 1276 quo
1239 1236 1433 1274 fragmentem
1449 1234 1636 1277 Nicephorus
1650 1237 1785 1270 Callistus

99 1281 223 1320 protulit
239 1282 434 1322 Epiphaniam
451 1283 547 1323 ipsum
566 1281 732 1320 nominans,
750 1283 783 1310 ut
798 1289 864 1310 mox
880 1280 1063 1312 videbimus:
1082 1282 1249 1320 prwsentim
1266 1290 1333 1311 cum
1349 1280 1413 1320 ipse
1429 1279 1534 1318 codex,
1551 1281 1630 1313 unde
1644 1281 1716 1312 illud
1731 1290 1784 1312 ex-

98 1326 216 1364 scripsi,
233 1331 282 1357 aut
298 1327 465 1359 duodecimi
484 1327 582 1358 saiculi
598 1327 645 1364 sit,
665 1330 713 1356 aut
729 1335 786 1356 non
803 1325 896 1356 multo
912 1334 985 1356 sane
1000 1325 1160 1356 recentior.
1176 1326 1216 1356 Ex
1233 1326 1342 1366 quibus
1353 1324 1573 1356 omnibusillud
1585 1327 1705 1357 tandem
1716 1335 1784 1358 con-

99 1370 208 1407 ﬁcitur,
226 1375 256 1401 ut
271 1373 380 1403 sarculo
396 1372 516 1403 circiter
531 1371 708 1402 duodecimo
726 1370 922 1410 Epiplianium
949 1375 1080 1400 nostrum
1109 1370 1216 1401 vixisse
1243 1370 1319 1401 haud
1339 1374 1450 1400 temere
1465 1370 1553 1400 statui
1569 1375 1668 1411 queat.
1683 1370 1715 1402 Si
1729 1380 1787 1411 qua

97 1413 188 1452 igitur
203 1414 366 1447 identidem
383 1422 525 1448 ocurrent
537 1417 616 1446 inter
629 1415 796 1455 legendem,
815 1425 880 1454 quae
892 1424 993 1455 parum
1007 1414 1059 1445 tibi
1074 1414 1236 1452 arrideant,
1254 1414 1356 1445 mirari
1372 1424 1430 1445 non
1446 1412 1585 1452 debebis,
1602 1415 1646 1446 vir
1661 1415 1785 1456 praecla—

95 1459 234 1490 rissime:
249 1460 381 1491 Graecum
395 1461 474 1492 enim
491 1461 555 1500 ejus
569 1462 662 1490 aetatis
677 1459 788 1496 vinum,
806 1464 837 1489 ut
852 1459 892 1489 ita
908 1468 975 1489 cum
991 1460 1101 1490 Catone
1117 1459 1232 1500 loquar,
1244 1459 1322 1499 quod
1335 1468 1430 1499 neque
1441 1465 1536 1497 aceat,
1546 1469 1642 1500 neque
1655 1465 1786 1499 muceat,

95 1504 139 1534 vix
157 1504 250 1534 ullum
267 1509 321 1542 est,
339 1510 369 1535 ut
385 1506 472 1536 nosti.
490 1504 608 1537 Mucida
620 1513 690 1534 sane
707 1503 784 1534 haud
803 1512 895 1543 pauca
910 1504 956 1533 hic
973 1503 1116 1540 offendes,
1140 1504 1230 1534 multa
1246 1503 1434 1543 ineleganter
1448 1505 1536 1544 dicta,
1554 1504 1682 1535 barbara
1696 1504 1785 1536 etiam

94 1548 255 1588 nonnulla,
272 1554 358 1589 atque
374 1550 482 1580 solceca
498 1559 505 1587 ;
523 1549 607 1589 plura
622 1548 742 1578 demum
759 1547 883 1585 incerta,
897 1547 1036 1587 nulloque
1046 1547 1146 1579 idonei
1156 1548 1322 1588 scriptoris,
1339 1549 1391 1589 qui
1405 1549 1526 1590 quidem
1537 1552 1787 1587 extet,autnotus

91 1593 142 1632 sit,
161 1594 336 1625 testimonio
353 1595 536 1625 confirmata.
556 1593 693 1624 Attamen
710 1592 772 1622 haec
782 1592 846 1632 ipsa
855 1596 954 1632 utpote
965 1592 1182 1631 quodammodo
1197 1602 1281 1631 nova,
1294 1593 1422 1634 aliquam
1431 1594 1555 1625 fortasse
1566 1593 1692 1625 afferent
1700 1593 1785 1624 oble~

95 1637 271 1669 elationem.
290 1638 373 1679 Vale,
393 1639 498 1679 praesul
514 1637 695 1674 doctissime,
712 1646 747 1667 ac
763 1641 811 1666 tua
825 1645 872 1666 me
889 1635 1018 1666 amicitia
1032 1646 1140 1667 ornare
1157 1645 1258 1677 perge.

141 1705 252 1737 Dabam
271 1707 372 1738 Romae
386 1707 415 1737 in
430 1706 543 1738 aedibus
559 1705 589 1736 S.
607 1704 687 1736 Petri
702 1704 739 1735 ad
757 1703 894 1741 Vincula,
911 1701 1051 1734 Kalendis
1066 1701 1192 1739 Martiis,
1207 1711 1283 1733 anno
1300 1702 1388 1735 1774.

591 1859 908 1911 SELECTA
948 1857 1282 1919 QUfEDAM

403 1981 450 2011 DE
475 1979 680 2011 EPIPl—IAN‘IO
702 1975 886 2008 MONACHO
909 1975 956 2005 ET
979 1975 1228 2008 PRESBYTEHO
1251 1978 1485 2009 TES'I‘IMUNIA

101 2162 264 2198 Nicephorus
280 2162 407 2192 ϐαιιίδιω
425 2163 452 2190 in
466 2162 534 2190 Hist.
558 2160 618 2189 eccl.
642 2159 687 2188 ιὶι.
713 2166 744 2193 ιι,
759 2166 818 2193 cap,
836 2155 871 2186 23
894 2164 924 2183 ea:

983 2156 1112 2194 πρόσωπον
1149 2157 1178 2184 οὒ
1213 2157 1385 2197 στρογγύλον,
1425 2157 1483 2186 ἀλλ’
1526 2159 1621 2186 dicunt
1663 2157 1791 2195 επίμηκκ

134 2203 280 2239 Epiphanii
296 2203 434 2239 Opusculo,
452 2202 517 2242 quod
533 2209 600 2228 nunc
615 2200 724 2232 edimur,
741 2199 824 2227 locum
836 2205 924 2242 quem-

983 2201 1121 2237 ιεκτημένη
1151 2210 1157 2216 ·
1191 2202 1337 2242 μακρόχειρ
1366 2213 1393 2230 τε
1422 2203 1465 2230 καὶ
1489 2201 1700 2241 μακροδᾶκτυλος
1724 2201 1757 2234 ἦν
1783 2209 1789 2214 ·

135 2244 197 2271 dum
207 2243 244 2271 sic
255 2245 327 2270 citat.

983 2243 1067 2285 ξτυφός
1095 2257 1123 2273 τε
1151 2247 1193 2275 καὶ
1221 2247 1424 2287 ἀσχημάτιστος
1457 2256 1463 2262 ·
1491 2247 1529 2285 μὴ
1552 2246 1675 2285 βλακείαν
1699 2245 1791 2274 imau-

143 2305 182 2339 vll‘
220 2309 244 2336 δῖ
262 2310 291 2336 ,ὃ
318 2309 381 2337 mo-
410 2309 453 2336 καὶ
477 2308 494 2341 ἡ
521 2307 588 2334 θέαι,
614 2309 662 2334 τῖ,
705 2306 788 2344 opu}:
812 2304 855 2331 καὶ
876 2306 925 2335 τῆς
972 2290 1071 2329 ραμὲνη
1101 2292 1158 2319 τινά
1187 2299 1193 2307 '
1226 2291 1380 2319 τιπείνωσιν
1415 2290 1627 2330 ὑπερκάλλουσαν
1656 2289 1756 2330 ἔχουσα
1782 2298 1790 2306 ⁸

170 2324 190 2362 ι’
236 2329 300 2363 vi-
330 2329 335 2342 ⁸
363 2330 380 2361 λ’
456 2352 467 2362 ν
537 2329 548 2334 ν
578 2323 662 2363 Ἶσιν...
685 2316 912 2363 il...,?i...~_.__r...-_
972 2336 1063 2363 imi-.11
1099 2336 1232 2363 αὒτόνοοπι
1267 2339 1381 2363 ωοοοῦσα
1415 2336 1458 2363 καὶ
1493 2335 1622 2363 ἀγαπῶσι
1653 2345 1661 2354 ⁸
1699 2337 1790 2363 ὁποῖον

1714 2342 1792 2364 ποῖον

106 2356 207 2389 ἡλικίας
237 2354 319 2387 arb-:1];
348 2353 430 2384 οὕτως
456 2352 563 2392 ἔχοντα,
594 2352 630 2382 ὥς
654 2361 733 2390 φησιν
758 2348 923 2388 Ἐπιφάνιος.

108 2401 206 2438 Σεμνὴ,
224 2400 312 2438 φησὶν,
340 2397 373 2431 ἦν
397 2398 464 2425 κατὰ
488 2397 572 2424 xiv-.1
598 2406 604 2411 ·
630 2395 706 2433 ὀλίγαι
729 2404 758 2421 τε
777 2394 820 2421 καὶ
842 2393 925 2430 ἀναγ-

108 2452 168 2473 κκῗι
198 2437 316 2472 λάλοῦσχ
343 2451 349 2458 ·
381 2449 481 2482 ταχεῖα
505 2442 569 2480 πρὸς
593 2440 712 2468 amnem
732 2439 775 2466 καὶ
800 2437 927 2476 εὐπροσή-

252 2491 354 2525 τιμώσι
383 2487 482 2517 xciv-.1;
510 2486 553 2513 mi
579 2486 769 2524 προτχυνοῦσι.
801 2482 874 2514 Μέση
900 2480 926 2508 δὲ

110 2501 181 2521 ’(00ος
213 2497 219 2502 ”

116 2502 181 2528 (Ορος
252 2502 354 2525 τιμωῖῑλι
383 2502 482 2517 Ἷῑῑιιννιη,
511 2502 553 2513 ιιι.
583 2502 769 2524 Λιμυδῆιινν-Ιυηα·
801 2502 874 2514 bII-nti.
904 2502 926 2508 ι-

116 2534 153 2563 τὴν
168 2533 274 2563 ἡλικίαν
289 2532 321 2563 ἦν
344 2541 351 2549 ·
377 2532 425 2559 εἶσὶ
449 2531 476 2558 δὲ
500 2532 527 2558 οἳ
555 2531 597 2558 mi
622 2528 701 2557 πλέον
726 2539 750 2555 τι
777 2530 822 2555 τοῦ
847 2526 927 2563 μέσον

111 2534 153 2567 τὴν
168 2533 274 2568 ἡλικίαν
289 2532 321 2566 ἦν
344 2541 351 2549 ·

485 2576 516 2603 τὸ
551 2573 772 2612 εὖπαῤῥησέαιστον
806 2570 833 2598 δὲ
862 2571 926 2610 πρὸς

113 2624 190 2652 πάνυ
222 2621 355 2661 ἄνθρωπον
384 2621 448 2660 εἶχε
480 2629 485 2636 '
516 2618 604 2658 πόρῥω
630 2618 745 2657 γέλωτος
775 2624 782 2631 ⁹

115 2671 231 2707 tangar/1];
256 2675 264 2683 ’
300 2667 342 2694 καὶ
368 2666 498 2705 ἀόργητος
523 2663 635 2701 μάλιστα
663 2670 669 2676 ’
695 2662 835 2701 σιτόχροος
859 2659 874 2688 δ
896 2660 926 2693 ἦν

115 2702 151 2740 mi
176 2702 320 2750 ’ξανθόθριξ
352 2718 357 2724 ·
390 2702 552 2749 εὗόοθιλμος
585 2717 592 2725 ’
630 2706 845 2741 ὑποξανθιζούσας
884 2705 926 2732 καὶ

116 2758 183 2785 οἱονεὶ
212 2754 347 2786 ἐλπιώόεις
371 2755 417 2786 τὰς
445 2757 523 2793 κόρας
553 2756 604 2780 τῶν
633 2751 774 2791 ὀφθκλμῶν
802 2750 923 2789 ἔχουσαι,⁸

111 2578 177 2618 ἔχειν
217 2577 301 2610 αὐτὴν
339 2576 400 2616 qui
437 2584 443 2590 '

824 2615 884 2660 ἔξωι
900 2626 927 2644 τε

117 2801 252 2841 περιηγμέν
257 2811 285 2832 1;

118 2846 287 2887 ἀπογρώντωζ
319 2853 325 2860 ”
358 2844 458 2884 ante?”

118 2892 153 2918 καὶ
166 2883 236 2924 ’λῆς
275 2890 303 2918 ἐκ
341 2893 393 2917 τῶν
436 2889 522 2927 λόγων
565 2887 726 2926 γλυκύτητος
765 2883 877 2923 μένοντα
917 2892 923 2898 ·

972 2336 1063 2372 ἱμάτια
1099 2336 1232 2375 aia-.6190:
1267 2339 1381 2375 φοροῦσα
1415 2336 1458 2363 καὶ
1493 2335 1622 2374 ἀγαπῶσι
1653 2345 1661 2354 ⁸

974 2383 1015 2407 νῦν
1051 2381 1093 2408 καὶ
1129 2381 1159 2408 τὸ
1194 2380 1269 2419 ἅγιον
1304 2380 1385 2413 αὐτῆς
1420 2382 1547 2419 μαφόριον
1576 2379 1713 2410 δείκνυται.
1744 2381 1793 2410 Καὶ

974 2424 1088 2456 συνόλως
1120 2426 1216 2461 εἰπεῖν,
1249 2419 1374 2464 ἐφ’ἅπασ’
1400 2431 1460 2456 τοῖς
1489 2425 1582 2463 αὒτῆς,
1612 2424 1680 2456 θείας
1710 2426 1791 2465 χάρι-

973 2480 1016 2500 τος
1032 2469 1240 2509 πεπληρωμένη.
1260 2468 1333 2506 Quae
1346 2469 1390 2500 sic
1404 2471 1622 2509 interpretatus
1636 2473 1681 2500 est
1693 2468 1792 2500 Joan—

973 2522 1026 2544 nes
1042 2513 1178 2553 Longius

1013 2565 1108 2596 Mores
1122 2569 1219 2596 autem
1232 2566 1439 2605 (sanctissima
1451 2566 1792 2607 Deiparae),formaeque,

974 2614 1002 2641 et
1017 2614 1134 2640 statum
1149 2610 1214 2650 ejus
1230 2610 1345 2647 modus,
1363 2611 1439 2647 talis,
1449 2615 1480 2642 ut
1491 2611 1792 2652 inquitEpipbanius.

974 2657 1036 2687 luit.
1055 2657 1136 2694 Erat,
1154 2657 1258 2697 inquit,
1285 2657 1314 2688 in
1337 2657 1427 2688 rebus
1451 2659 1590 2690 omnibus
1612 2659 1745 2696 honesta,
1763 2661 1793 2689 et

972 2703 1078 2742 gravis,
1096 2711 1189 2742 pauca
1198 2702 1357 2732 admodum
1370 2711 1464 2743 eaque
1477 2703 1644 2734 necessaria
1654 2704 1790 2744 loquens,

973 2747 1008 2778 ad
1024 2746 1205 2777 audiendum
1221 2746 1325 2784 facilis,
1343 2750 1372 2777 et
1386 2757 1526 2788 perquam
1542 2747 1678 2785 affabilis,
1695 2747 1790 2778 hono-

335 2801 378 2828 xz‘t
427 2791 550 2836 μελᾷίνας
592 2794 804 2836 περιϐεϐλημένη
849 2794 924 2834 ὀφρῦς

983 2802 1034 2823 ἐιη
1050 2801 1147 2829 suum,
1173 2795 1203 2822 et
1223 2791 1442 2822 venerationem
1467 2792 1605 2831 ompibus
1625 2791 1789 2824 exhibens:

487 2853 492 2860 '
517 2842 597 2883 χείλη
625 2835 784 2870 ἒπκνθοῦιιτσι
812 2839 924 2879 ἔχουσαι,

983 2842 1081 2869 :tatura
1092 2835 1247 2883 mediocri,
1264 2836 1398 2876 quamvis
1403 2836 1468 2883 sint
1480 2837 1530 2878 qui
1543 2846 1607 2868 eam
1623 2837 1791 2878 aliquantu-

973 2882 1065 2913 talum
1083 2880 1268 2913 mediocrum
1280 2880 1492 2921 longitudinem
1504 2881 1667 2914 excessisse
1678 2881 1790 2914 dicunt.
