1970 3064
176 111 234 144 183

818 109 1009 142 ΕΡΙΡΗΑΝΙΙ
1032 113 1188 144 MONACH
1195 113 1218 143 Ι.

1801 109 1884 142 184

176 174 300 205 Deccnti
313 175 430 205 dicendi
443 173 576 205 libertate
587 173 731 204 adversus
741 173 877 215 nomines
888 182 995 204 onmes
1003 177 1027 207 A
1037 180 1097 207 lout
1113 187 1167 208 son
1183 178 1382 213 extérieurtB.
1397 179 1528 216 Virginis
1538 177 1660 212 scilicet)
1669 176 1719 216 qui
1729 175 1832 207 estbel
1840 175 1882 205 le

175 228 229 249 usa
241 223 297 256 est,
315 219 379 250 sine
393 219 467 259 risu,
483 218 546 248 sine
561 218 794 258 perturbatione,
812 222 841 248 et
855 217 920 248 sine
934 217 995 247 ira-

175 264 283 294 cundia
301 263 436 294 maxime.
453 262 557 293 Colore
565 263 618 293 fuit
630 262 758 294 triticum
771 262 929 298 referente,
944 271 994 292 ca-

176 307 246 347 pillo
263 308 346 344 ﬂavo,
364 307 457 338 oculis
481 307 611 343 acribus,
628 308 786 339 subﬂava~:.
815 311 843 337 et
858 311 994 346 tanquam

177 351 249 381 alme
263 351 363 382 colore
379 351 503 391 pupillas
530 351 559 381 in
584 351 627 382 eis
649 351 772 382 habens.
791 351 953 391 Supercilia
969 350 996 380 ei

177 402 261 428 erant
276 398 394 436 inﬂexa,
411 402 440 428 et
468 398 609 429 decenter
634 398 736 438 nigra;
765 407 852 428 nasus
868 397 994 436 longior,

176 442 254 472 labia
269 442 385 480 ﬂorida,
401 447 428 473 et
443 444 599 473 verborum
613 443 756 474 suavitate
774 443 879 482 plena;
903 441 996 471 facies

175 495 233 516 non
249 487 391 527 rotunda,
409 491 437 517 et
451 492 546 524 acuta,
557 487 608 517 sed
620 487 776 527 aliquando
787 486 902 525 longior
914 494 922 521 ;
935 494 994 515 ma-

175 539 229 560 nus
247 531 348 570 simul,
361 535 390 561 et
405 531 488 570 digiti
501 531 659 571 longiores.
679 532 749 562 Erat
761 531 890 570 denique
905 529 995 559 fastus

174 575 271 604 omnis
280 585 396 615 expers,
409 575 545 615 simplex,
556 576 735 616 minimeque
742 576 852 605 vultum
864 575 998 612 ﬁngens;

175 619 249 650 nihil
279 619 414 651 mollitiei
437 629 538 650 secum
564 620 694 657 trahens,
726 620 776 650 sed
804 618 998 650 humilitatem

176 664 396 703 praecellentem
413 664 514 695 colens
526 675 533 702 ;
551 664 745 702 vestimentis,
759 673 822 704 qua:
835 663 899 703 ipsa
907 665 1000 701 gesta-

175 709 225 744 vit,
239 708 347 738 coloris
362 709 453 739 nativi
465 714 605 740 contenta
618 709 670 739 fuit
685 719 690 740 :
703 709 729 739 id
745 708 823 748 quod
836 707 998 738 etiamnum

178 756 310 783 sanctum
328 753 432 793 capitis
448 754 512 792 ejus
527 754 660 784 velamen
676 753 815 784 ostendit.
826 752 872 788 Et,
889 755 920 781 ut
931 759 998 790 pau-

176 796 220 826 cis
235 796 345 837 dicam,
362 798 392 828 in
408 798 498 828 rebus
513 798 576 838 ejus
591 798 729 828 omnibus
746 797 838 828 multa
859 795 998 826 divinitus

177 841 274 872 inerat
289 842 391 881 gratia.

179 906 236 937 Leo
249 906 378 938 Allatius
392 909 424 937 in
439 909 599 945 Συμμίκτοις
623 907 699 938 libro
723 916 741 938 ι.
754 916 827 947 pag.
844 905 894 945 48,
914 904 997 945 Opu-

291 951 408 982 sculum
418 952 522 986 edidit.
540 953 618 993 quod
633 954 675 984 sic
690 952 887 983 inscribitur:

218 1003 371 1044 Ἐπιφκνίου
397 1010 517 1046 μοναχοῦ
541 1010 585 1034 τοῦ
604 1003 786 1044 Ἀγιοπολίτοι)
810 1009 855 1033 τοῦ
876 1013 996 1040 πνευμα-

177 1052 249 1076 νικοῦ
276 1050 352 1086 ἡμῶν
380 1051 480 1090 Ππτρὸς
511 1050 644 1089 διήγησις,
682 1052 717 1082 εἷς
754 1051 831 1078 τύπον
862 1059 996 1088 περιηγη-

178 1097 235 1132 toi,
265 1094 323 1132 περὶ
346 1099 393 1127 τῆς
422 1096 525 1134 Συρίαις,
557 1096 600 1122 καὶ
627 1097 676 1128 τῆς
705 1095 779 1133 ἁγίαις
808 1093 923 1132 πόλεως,
954 1091 996 1119 καὶ

175 1140 227 1165 τῶν
243 1137 270 1165 ἐν
285 1140 350 1176 αὒτῃ
366 1139 446 1177 ἁγίων
462 1141 549 1167 τόπων
565 1147 572 1170 :
588 1139 759 1179 Epiphanii
777 1137 914 1168 monachi
931 1136 996 1166 Ila-

175 1180 339 1222 giopolitte,
354 1183 526 1222 spiritualis
554 1185 655 1214 Patris
679 1183 788 1220 nostri,
811 1183 850 1213 ad
873 1181 996 1213 modum

175 1225 386 1266 descriptionis
399 1228 475 1258 situs
491 1227 593 1263 Orbis,
608 1228 775 1259 Enarratio
786 1226 894 1266 Syriae,
910 1226 998 1257 Urbis

177 1273 298 1301 sancta.
315 1275 343 1302 et
354 1280 508 1303 sacrorum
523 1273 567 1303 ibi
582 1274 724 1304 locorum.

177 1321 262 1353 Idem
277 1323 411 1355 Allutius
426 1325 457 1355 in
475 1325 617 1356 Diatriba
631 1325 666 1356 de
685 1324 862 1356 Simeonum
877 1323 999 1363 scriptis

517 1378 590 1409 pug.
607 1369 656 1400 90.

220 1415 378 1456 Epiphanii
393 1417 530 1448 monachi
553 1422 581 1448 et
603 1417 765 1458 presbyteri
793 1415 922 1456 (Sermo)
939 1417 999 1455 Περὶ

177 1464 222 1489 toﬁ
251 1461 307 1499 βίου
333 1463 375 1489 καὶ
403 1461 531 1502 πράξεων,
561 1464 604 1490 καὶ
634 1462 724 1493 τέλως
759 1466 804 1490 ττιύ
832 1463 906 1501 ἁγίου
934 1462 999 1490 ἀπο-

177 1505 271 1533 στόλου
287 1505 417 1545 Ἀνδρέου.
435 1507 485 1542 (De
499 1507 561 1537 vita
584 1510 612 1537 ct
636 1507 739 1545 gestis,
755 1510 782 1537 et
803 1505 885 1536 obitu
899 1508 999 1536 sancti

1037 226 1065 252 et
1080 227 1276 261 avantageuse
1291 222 1315 252 si
1332 222 1388 252 elle
1405 222 1493 252 estoit
1508 222 1605 252 mieux
1624 220 1783 251 autorisée.
1803 219 1882 250 Car

1037 265 1055 295 il
1072 276 1086 305 y
1102 276 1118 296 a
1133 266 1200 296 bien
1218 266 1254 296 de
1271 267 1458 306 l‘apparence
1475 267 1563 306 qu'on
1579 266 1616 296 l‘a
1633 265 1773 305 dépeinte
1787 264 1876 294 [elle

1038 311 1124 349 qu’on
1140 320 1157 340 a
1168 311 1238 349 jugé
1254 311 1362 350 qu'elle
1377 310 1477 341 devoit
1493 315 1581 341 estre.
1596 310 1673 340 Pour
1684 319 1717 339 ce
1733 309 1805 348 qu'il
1820 308 1881 338 dit

1038 355 1074 383 de
1089 364 1142 384 son
1157 355 1269 393 visage,
1295 355 1316 384 il
1339 355 1377 385 l’a
1402 365 1440 394 pu
1466 355 1537 385 tirer
1565 355 1604 385 du
1629 353 1878 394 portraitqu’un

1038 398 1180 430 historien
1197 399 1235 429 du
1251 408 1279 429 ν]
1296 399 1386 430 siecle
1401 400 1442 430 dit
1465 409 1521 439 que
1545 399 1621 429 saint
1638 399 1697 429 Luc
1720 407 1756 427 en
1782 397 1879 427 avuit

1037 442 1098 480 fait,
1116 447 1145 475 et
1159 444 1246 483 qu’on
1269 453 1378 483 envoya
1401 444 1438 474 de
1463 444 1625 475 Jerusalem
1651 444 1668 473 ἐι
1682 441 1873 482 Pulquerie.

1039 539 1171 570 Joannes
1182 539 1324 570 Albertus
1334 539 1489 570 Fabricius
1500 539 1531 569 in
1544 537 1728 569 Bibliotheca
1741 538 1873 575 Graeca,

1310 583 1367 615 vol.
1385 584 1414 622 6,
1431 593 1502 624 pag.
1520 583 1589 614 705.

1082 644 1240 685 Epiphanii
1256 645 1393 676 monachi
1409 655 1442 676 ac
1467 644 1630 685 presbyteri
1654 643 1870 683 Hagiopolitze,

1041 688 1101 718 sive
1124 689 1393 730 Hierosolymitaui,
1420 690 1541 720 incertae
1566 689 1670 727 aetatis,
1696 688 1803 728 Syria,
1836 691 1874 718 et

1045 733 1119 764 I'rbs
1133 738 1251 770 sancta,
1278 735 1378 766 Graece
1395 743 1411 765 e
1425 734 1528 766 codice
1543 734 1694 770 Vaticano,
1713 742 1780 763 cum
1798 733 1868 764 Fe-

1040 777 1134 807 dcrici
1150 778 1262 808 Morelli
1279 779 1411 809 versione
1439 788 1492 818 per
1517 778 1654 809 Allalium
1671 777 1771 807 multis
1786 777 1872 808 locis

1007 836 1029 865 Β
1040 821 1225 862 interpolata.
1238 822 1376 862 Ejusdem
1384 824 1538 862 scriptoris
1551 824 1593 852 De
1608 821 1715 853 VitaS.
1725 822 1872 861 Deiparw

1039 866 1139 897 laudat
1150 867 1271 897 Allatius
1283 867 1318 898 de
1331 867 1503 898 Simeonum
1521 866 1638 906 scriptis
1653 876 1680 905 p.
1704 866 1768 899 Itlti,
1783 869 1813 895 et
1825 865 1867 896 ad

1039 910 1393 942 EustathiiHexaemeron
1407 921 1473 951 pag.
1489 912 1547 942 285
1560 921 1623 950 sep.
1636 910 1807 941 Homiliam
1824 911 1868 941 de

1040 955 1071 985 S.
1088 956 1211 986 Andrca
1223 956 1365 996 apostolo,
1375 956 1453 987 idem
1466 956 1503 986 de
1513 955 1714 992 Simeonibus,
1729 964 1794 995 pag.
1807 956 1864 986 90.

1041 1043 1252 1084 Coclicem,quo
1262 1046 1530 1085 usussum,quique
1541 1044 1595 1075 hoc
1607 1043 1773 1084 Epiphanii
1781 1053 1865 1083 opu-

1077 1089 1193 1120 sculum
1206 1089 1292 1121 habe.
1309 1099 1380 1130 pug.
1398 1091 1468 1129 237,
1484 1090 1527 1121 sic
1538 1089 1683 1128 descripsi
1698 1092 1814 1129 egomet
1829 1091 1865 1118 in

1078 1134 1216 1173 Epistola
1228 1135 1266 1165 ad
1276 1135 1435 1174 Egidium
1446 1136 1573 1174 fratrem
1588 1143 1695 1170 meum,
1714 1133 1864 1164 Bononiae

1080 1179 1226 1219 impressa
1241 1189 1321 1210 anno
1335 1181 1424 1216 1770,
1437 1189 1504 1210 cum
1516 1179 1662 1210 ineditum
1671 1179 1702 1211 S.
1719 1178 1865 1216 Gregorii

1084 1225 1306 1265 T/zaumaturgi
1322 1225 1498 1256 Sermonem
1514 1227 1546 1255 in
1571 1225 1665 1255 lucem
1678 1225 1861 1264 proferrem.

1079 1284 1188 1314 llorum
1213 1294 1280 1323 ergo
1306 1285 1440 1315 codicum
1469 1285 1631 1323 (Noniani:
1652 1283 1858 1319 Bibliothecw)

1040 1338 1143 1368 unum,
1160 1330 1210 1368 qui
1227 1339 1303 1359 nunc
1318 1329 1357 1360 2‘2
1373 1333 1428 1366 est,
1445 1329 1515 1359 dum
1537 1328 1710 1363 evolverem,
1729 1328 1758 1357 in
1776 1327 1858 1358 illam

1039 1373 1130 1403 incidi
1145 1373 1399 1413 scriptiunculam,
1413 1374 1450 1403 de
1461 1382 1516 1413 qua
1526 1373 1662 1412 superius
1673 1381 1859 1402 commemo—

1040 1417 1150 1453 rabam.
1165 1418 1373 1449 Membraneus
1388 1418 1412 1448 is
1425 1423 1480 1455 est,
1495 1428 1528 1448 ea
1540 1417 1779 1448 membranarum
1794 1425 1857 1446 ma-

1041 1462 1193 1501 gnitudine
1204 1467 1235 1493 ut
1245 1472 1427 1503 unaquaeque
1436 1473 1470 1493 ex
1482 1463 1617 1494 ducentis
1627 1461 1785 1500 nonaginta
1801 1461 1857 1492 tri-

1040 1507 1093 1537 bus
1109 1507 1230 1544 chartis,
1246 1508 1354 1547 quibus
1376 1508 1497 1538 omnino
1521 1511 1645 1543 constat,
1671 1516 1737 1537 cum
1755 1510 1859 1545 quarta

179 1550 309 1589 (11108ίοιί
324 1541 479 1591 Αήάνεω.)
497 1550 602 1590 Incipit
618 1541 810 1590 :V‘ERELS'IKEEE
825 1550 918 1578 πολλοὶ
934 1550 995 1578 ἆνε-

1061 1551 1196 1582 Iediocris
1212 1541 1273 1583 folii
1299 1557 1382 1592 parte
1410 1553 1546 1583 nostratis
1571 1552 1679 1582 chartze
1701 1560 1735 1580 ex
1756 1550 1856 1590 lineis,

178 1595 311 1634 γράψαντο
326 1595 396 1633 βίους
413 1595 573 1635 (Quantum
589 1595 676 1626 multi
690 1596 875 1635 scripserunt
895 1595 995 1633 nitas).

198 1653 205 1658 -
478 1640 518 1670 Et
531 1649 601 1681 pag.
620 1640 688 1670 106.

218 1687 373 1728 Epiphanii
389 1689 526 1719 monachi
552 1693 581 1719 et
604 1688 768 1729 presbyteri
793 1687 918 1728 (Sermo)
937 1689 996 1727 Περὶ

179 1737 224 1761 τοῦ
252 1734 308 1771 βίον
336 1739 383 1770 τῆς
414 1734 488 1772 ἁγίας
513 1736 653 1769 (deo-.6104,
677 1735 719 1761 ιιι.ιὶ
747 1736 776 1765 τί

178 1778 292 1817 χρόνων,
333 1777 468 1817 Incipit:
499 1779 558 1817 Περὶ
597 1782 645 1811 τῆς
676 1779 769 1817 κυρίως
811 1778 854 1804 καὶ
892 1777 996 1810 ἀληθῶς

178 1822 305 1850 Θεοτόκου
334 1825 377 1850 καὶ
418 1823 585 1862 ἀειπκρυένου
622 1823 719 1862 Μιρῖχς
745 1821 837 1849 πολλοὶ
865 1821 995 1855 διεξῆλθον

176 1869 229 1894 τῶν
257 1867 338 1895 πάλαι
367 1867 540 1898 διὸκσκάλων,
581 1866 665 1897 Unde
693 1875 746 1896 sua
774 1866 904 1896 hauserit
934 1866 996 1906 ipse

177 1910 208 1940 in
239 1911 383 1951 principio
407 1911 555 1942 Orationis
584 1911 626 1941 sic
656 1914 774 1940 narrat:
802 1909 996 1949 Ἐγχωμιασταὶ

176 1953 203 1982 δὲ
219 1957 299 1988 ςιᾌτῆς
315 1955 408 1984 πολλοὶ
424 1956 454 1983 ἐκ
468 1957 547 1994 ἁγίων
562 1956 747 1995 πατέρων....;

180 2003 388 2035 Tillemontius
397 2009 467 2035 tom.
476 2005 493 2035 Ι
505 2005 767 2035 Monumenlorum
780 2004 820 2034 ad
831 2003 998 2034 Historiam

212 2049 448 2079 ecclesiasticam
471 2050 680 2088 spectantium,
706 2058 776 2088 pag.
801 2048 850 2085 70,
878 2048 909 2079 in
931 2048 993 2080 Vita

214 2092 251 2122 Β.
268 2091 376 2123 Maria:
395 2092 539 2132 Virginis.

214 2140 385 2182 Nicéphore
395 2142 449 2173 tire
457 2143 525 2174 d‘un
534 2142 689 2183 Epiphane
701 2153 758 2174 une
769 2143 949 2184 description
958 2143 994 2175 de

747 1736 795 1766 τῆς
819 1736 889 1768 ζωῆς
916 1735 996 1766 αὐτῆς

1038 1596 1204 1636 vilibusque
1215 1598 1322 1628 scrutis
1331 1598 1471 1627 confectae
1483 1602 1660 1638 exzequetur.
1675 1596 1784 1626 Ilarum
1800 1595 1859 1634 ple-

1038 1650 1147 1681 raeque,
1173 1641 1232 1671 imo
1257 1641 1350 1671 ferme
1374 1651 1514 1672 omnes...
1543 1640 1710 1681 quingentis
1737 1639 1858 1670 circiter

1039 1689 1105 1715 ante
1121 1685 1206 1715 annis
1222 1690 1345 1716 exaratze
1370 1690 1449 1721 sunt,
1476 1686 1527 1715 sed
1553 1686 1588 1715 ab
1603 1684 1770 1722 excriptore
1785 1682 1856 1713 adeo

1039 1729 1119 1769 rudi,
1138 1734 1168 1760 ut
1181 1730 1251 1760 nihil
1261 1730 1418 1760 admodum
1434 1730 1503 1770 quid
1519 1730 1666 1760 scriberet
1679 1727 1858 1758 intellexisse

1039 1775 1219 1806 videatur....
1237 1776 1327 1806 Totus
1337 1779 1435 1805 autem
1449 1775 1539 1805 codex
1548 1785 1563 1805 e
1576 1774 1669 1809 libris,
1684 1782 1757 1813 quos
1769 1773 1858 1803 eccle-

1036 1821 1174 1851 siastitos
1189 1829 1336 1856 vocamus,
1356 1830 1392 1850 un
1400 1830 1433 1850 us
1449 1824 1510 1850 est:
1534 1829 1621 1860 quem
1635 1817 1728 1848 Latini
1740 1817 1856 1857 quidem

1038 1864 1206 1895 sacerdotes
1215 1864 1240 1894 ΙΙ
1244 1873 1288 1895 om
1294 1864 1380 1894 ilim'i
1383 1873 1431 1894 um
1440 1864 1587 1902 dicerent,
1597 1863 1689 1894 Graeci
1699 1871 1767 1892 vero
1775 1865 1858 1894 ιιι-ιτ,-

1038 1911 1140 1949 γυρικὸν
1158 1910 1317 1950 appellant.
1334 1909 1415 1940 Nihil
1434 1919 1560 1949 namque
1576 1908 1655 1938 aliud
1671 1917 1708 1938 eo
1725 1906 1856 1937 contine-

1039 1959 1096 1992 tur,
1113 1956 1167 1986 nisi
1193 1960 1306 1996 septem
1333 1959 1361 1985 et
1385 1955 1578 1995 quadraginta
1603 1954 1663 1984 sive
1689 1952 1854 1987 Orationes,

1039 2002 1098 2032 sive
1120 2002 1298 2033 Homilire...
1323 2010 1447 2041 quarum
1473 2001 1622 2031 nonnul’ze
1647 1999 1768 2040 quidem
1793 2001 1857 2027 sunt

1039 2049 1220 2089 ἆιιεπίγραφῡι,
1233 2054 1348 2078 caetera?
1360 2053 1456 2078 autem
1473 2048 1616 2086 Gregorio
1633 2046 1853 2078 Nazianzeno...

1036 2098 1202 2137 Epiphanio
1230 2097 1373 2127 monacho
1398 2106 1431 2127 ac
1456 2097 1641 2137 bresbytero,
1667 2099 1696 2125 et
1712 2094 1854 2125 Germano

1036 2143 1176 2182 episcopo
1191 2141 1516 2182 Constantinopolitano
1532 2140 1750 2172 inscribuntur.

900 2429 910 2431 >
941 2424 1156 2439 ’ϋοῦὑ---
