1970 3064
209 137 269 171 239

851 133 1052 167 EPIPHANII
1078 133 1252 167 MONAGHI

1838 131 1901 166 240

208 207 275 230 rum
291 197 323 229 in
345 205 450 229 omnes
479 195 624 234 nationes,
653 195 839 242 baptizantes
863 195 894 227 in
907 199 1062 242 nomineA

1117 201 1222 233 ὶθέντες
1252 203 1287 234 εἰς
1316 209 1449 240 μνημεῖον
1477 203 1566 230 καινὸν
1598 203 1786 242 ἐσφραγίσαντο
1807 212 1898 241 παρα-

209 243 306 275 Patris
321 247 349 274 et
362 242 430 274 Filii
445 245 474 272 et
488 241 616 282 Spiritus
633 241 738 272 sancti.
752 244 780 272 et
791 241 961 274 videntibus
972 253 1029 274 no-

209 288 258 319 bis
272 288 345 318 hora
352 287 412 318 diei
426 286 511 318 tertia
521 285 650 317 elevatus
662 289 717 323 est,
733 289 763 316 et
778 286 850 317 abiit
861 286 892 317 in
909 288 1028 326 coelum,

210 335 239 363 et
249 331 332 363 sedet
343 331 379 363 ad
392 331 541 362 dexteram
555 330 653 362 Patris
663 330 721 361 sui.
744 329 803 361 Nos
814 335 910 362 autem
924 341 1030 373 exspe-

209 380 324 408 ctamus
338 385 406 407 eum
421 375 452 406 in
481 374 767 406 consummationem
796 375 978 407 aeternitatis.
996 375 1031 408 Et

208 430 288 453 nunc
302 420 334 451 in
349 420 470 451 nomine
486 419 550 460 ejus
565 423 698 450 mortuos
713 418 903 457 suscitamus,
920 420 1030 452 daemo-

208 475 262 498 nes
278 465 426 506 ejicimus,
444 469 474 495 et
489 463 626 495 morbum
643 473 762 494 omnem
779 473 929 496 curamus.

208 511 244 543 εἷς
259 511 289 539 τὸ
305 516 439 549 μνημεῖον
454 509 521 547 μετὰ
535 509 622 548 μύρων
638 510 708 548 ταχὺ
722 508 791 540 λίαν.
821 510 870 538 Καὶ
897 509 974 538 εἶπεν
1001 509 1094 543 αὒταϊς
1125 511 1187 552 (39)
1219 515 1233 541 ὁ
1262 513 1373 553 ἅγγελος
1389 524 1396 532 ο

208 566 249 584 σιν
280 554 340 594 (40)
367 554 461 583 εἴπατε
484 561 543 585 τοῖς
573 555 716 592 μαθηταῖς,
748 553 794 582 ἵνα
835 553 982 582 ἀπέλθωσιν
1023 555 1059 587 εἷς
1100 556 1149 590 τὴν
1191 557 1341 594 Γαλιλαίαν,
1385 559 1464 587 κάκεῖ
1504 570 1536 596 με
1577 558 1686 596 ὄψονται

1071 246 1215 280 στήσαντες
1232 246 1361 287 φύλακας,
1391 247 1460 275 Εῖπε
1489 247 1550 286 γὰρ,
1581 247 1622 275 ὅτι
1650 250 1689 285 Τῇ
1717 247 1790 286 τρίτῃ
1811 246 1898 285 ἡμέρα

1071 289 1220 329 ἐγείρομαι,
1237 295 1275 329 Τῇ
1290 290 1317 319 δὲ
1347 292 1418 319 νυκτὶ
1446 291 1658 332 ἐπιφαυσκούσης
1687 291 1746 331 (38)
1776 294 1826 324 τῆς
1840 296 1898 330 τρί-

1071 345 1120 367 της
1151 334 1252 374 ἡμέρας
1274 335 1383 376 ἀνέστη,
1410 336 1572 374 καταλείψας
1601 337 1731 376 μάρωρας
1761 337 1839 365 αἶγτοῦ
1865 335 1900 363 τὰ

1072 377 1192 418 ἐντάφια,
1236 380 1355 419 Αγγελος
1389 379 1415 408 δὲ
1436 382 1481 409 τὸν
1511 380 1581 409 λίθον
1602 385 1647 409 τοῦ
1670 381 1798 418 μνημείου
1826 380 1899 408 ἀπο-

1071 421 1190 459 κυλίσας,
1221 424 1340 453 ἐκάθισεν
1374 424 1463 452 ἐπάνω
1492 426 1580 462 αὐτοῦ,
1613 426 1674 457 τοὺς
1709 425 1825 466 φύλακας
1860 427 1900 461 τῷ

1071 466 1144 504 ὕπνῳ
1179 468 1378 508 ἀπονεκρώσας,
1410 473 1535 501 Γυναῖκες
1563 469 1590 497 δὲ
1618 469 1643 502 ἐξ
1675 471 1753 508 ἡμῶν
1781 468 1902 502 ἀπῆλθεν

1423 523 1437 543 (
1467 513 1577 548 Ἀνέστη
1609 515 1622 542 ὃ
1652 515 1745 554 Κύριος
1762 521 1769 529 ·
1799 515 1902 542 nodo-T-

1691 583 1698 599 ,
1736 559 1773 590 ὼς
1801 563 1902 597 προε⁴-

208 611 258 629 πον
286 601 388 631 αὒτοῒς.
421 610 436 627 υ
467 599 517 627 Καὶ
545 597 705 636 ἐθεασάμεθα
734 599 811 627 αὐτὸν
839 597 967 631 πολλάκις
1009 598 1157 629 ἀναστάντα
1197 601 1227 630 ἐκ
1269 606 1366 642 νεκρῶν
1400 603 1442 631 κοὶ
1484 604 1675 643 συνεράγομεν,
1692 597 1748 630 »καὶ
1775 603 1900 630 συνεπίο-

209 655 257 683 μεν
286 646 358 681 αὒτῷ
383 643 427 672 ἐπὶ
454 642 555 682 ἡμέρας
596 642 800 682 τεσσαράκοντα.
844 643 894 672 Καὶ
934 642 1112 682 παρήγγειλεν
1153 646 1232 686 ἡμῖν³
1276 646 1384 686 κηρῦξαι
1426 646 1468 675 ἐπὶ
1511 651 1549 684 τῷ
1577 648 1686 685 ὀνόματι
1714 649 1792 676 αὐτου
1820 646 1904 683 μετά.

209 700 281 718 νοιαν
309 689 354 717 καὶ
380 687 470 728 ἄφεσιν
500 688 633 727 ἁμαρτιῶν
663 688 698 719 εἷς
727 688 812 716 πάντα
840 688 872 717 τὲι
904 687 975 724 ἷέθνη1
1008 688 1214 726 βαπτιζομένους
1243 692 1279 723 εἰς
1307 693 1337 719 τὸ
1379 692 1463 729 ὄνομα
1490 697 1535 721 τοῦ
1565 692 1666 732 Πατρὸς
1694 692 1738 719 καὶ
1766 694 1812 719 τοῦ
1838 692 1900 718 Υἱοῦ

209 734 254 762 καὶ
281 738 327 763 τοῦ
354 733 429 772 ἁγίου
458 733 617 770 Πνεύματος.
648 732 698 761 Καὶ
725 733 889 772 θεωρούντων
921 734 999 771 ἡμῶν
1028 731 1082 771 ὥρᾳ
1120 736 1193 774 τρίτῃ
1234 738 1282 770 τῆς
1323 736 1422 776 ἡμέρας
1467 736 1568 776 ἐπήρθη
1586 745 1593 751 “
1623 731 1682 764 ἐκαὶ
1723 735 1833 769 ἀνῆλθεν
1862 736 1900 767 εἷς

210 779 256 807 τὸν
285 778 404 818 οὐρανὸν,
434 778 479 806 καὶ
506 776 623 806 ἐκάθισεν
651 777 678 805 ἐν
705 775 775 813 δεξιᾷ
803 781 848 806 τοῦ
875 778 977 817 Πατρὸς
1006 777 1095 821 αυτοῦ.
1146 782 1232 817 Ημετς
1274 779 1300 808 δὲ
1331 780 1492 821 ἐκδεχόμεθι
1522 775 1610 809 labri»,
1639 781 1682 810 ἐπὶ
1709 780 1828 817 συτελείᾳ
1854 785 1904 810 τοῦ

211 823 318 854 αἰῶνος.
348 822 398 851 Καὶ
426 825 471 850 νῦν
498 824 537 858 τῷ
564 821 674 859 ὀνόματι
715 821 793 852 αὒτοῦ
831 823 937 861 νεκροὺς
978 820 1123 860 ἐγείρομεν,
1167 825 1210 852 καὶ
1249 823 1374 863 δαίμονας
1416 824 1594 865 φυγαδεύομεν
1638 826 1682 854 καὶ
1710 828 1796 853 πᾶσαν
1823 825 1901 854 νόσον

211 866 322 904 ἰώμεθα,

252 910 322 942 Haec
338 919 404 942 cum
421 909 543 941 dixisset
556 910 703 951 Andreas,
716 910 851 942 clamavit
863 911 1032 959 omnis_po-
1044 904 1065 936 b

1117 916 1214 959 Tot-31:1"
1233 918 1279 943 τοῦ
1314 913 1434 953 Ἀνδρέου
1469 914 1586 945 εἰπόντος
1628 913 1750 954 ἀνέκραξε
1791 916 1842 945 πᾶς
1885 914 1901 941 ὃ

213 955 318 996 pulus:
332 954 458 995 Spiritus
469 955 627 986 sanctusiu
652 964 777 995 corpore
791 959 840 986 tuo
855 965 863 994 ;
879 965 948 987 vere
962 955 1033 987 boni

213 1003 242 1031 et
256 1000 349 1030 sancti
364 999 419 1031 Dei
432 1000 581 1040 apostolus
606 1009 651 1038 es,
678 999 786 1031 festina
807 1003 840 1031 ut
855 1000 950 1032 salves
965 1009 1031 1032 nos.

211 1044 278 1085 Ipse
289 1047 387 1075 autem
398 1044 436 1075 de
452 1053 535 1075 more
549 1053 616 1075 cum
631 1047 756 1084 orasset,
772 1048 802 1075 et
816 1053 921 1076 manus
935 1045 1033 1085 impo-

212 1089 330 1127 suisset,
343 1088 528 1121 dimisitcos.
542 1089 592 1120 Sic
612 1088 745 1120 Andreas
756 1088 866 1120 faciens
877 1092 907 1120 et
922 1089 1033 1120 docens

213 1136 271 1164 toto
287 1133 421 1165 biennio.
434 1137 463 1164 et
475 1134 557 1173 leges
568 1133 711 1172 condens,
729 1137 756 1164 et
769 1134 1031 1174 sananshomiues,

213 1177 318 1208 evertit
338 1176 487 1208 idolorum
510 1177 646 1216 delubra,
663 1181 693 1208 et
706 1187 881 1218 synagogam
896 1178 966 1209 fecit
981 1187 1032 1208 ec-

213 1221 347 1260 clesiam,
366 1221 516 1253 aediﬁcans
530 1231 595 1253 eam
611 1221 643 1252 in
670 1221 761 1253 altare
789 1223 900 1263 (potius
916 1231 923 1254 :
953 1222 984 1253 in
1000 1232 1034 1254 ea

212 1266 654 1308 altare),etnomenimponens
669 1266 723 1298 Dei
736 1266 894 1300 Genitricis
912 1278 919 1306 ;
936 1267 1033 1309 bapti-

213 1311 287 1343 zavit
301 1320 418 1352 quoque
435 1311 574 1352 populum
592 1311 730 1352 multum,
760 1315 788 1343 et
802 1312 948 1343 ordinavit
961 1322 1033 1353 pre-

212 1356 346 1397 sbyteros
360 1355 553 1393 etdiaconos,
577 1360 607 1387 et
632 1355 823 1388 Dracontium
849 1357 1034 1398 episcopum.

214 1399 391 1432 Dracontius
406 1404 504 1431 autem
520 1403 622 1440 postea
636 1400 808 1440 martyrium
821 1401 922 1439 subiit,
939 1402 1035 1433 circa-

215 1445 422 1476 duodecimam
441 1446 554 1475 mensis
564 1444 737 1485 Maiildiem.
753 1445 838 1477 Unde
853 1446 954 1478 clerici
969 1449 1035 1479 Ma—

214 1498 279 1528 gnae
293 1489 435 1520 Ecclesiae
449 1489 512 1520 haec
525 1488 598 1519 mihi
612 1494 816 1530 narraverunt,
833 1490 885 1522 sed
901 1495 931 1522 et
944 1492 1037 1523 multa

216 1534 274 1565 alia
288 1534 372 1573 signa
386 1533 524 1565 Andreae.

256 1580 279 1609 A
294 1578 392 1610 Nicaea
405 1582 504 1610 autem
532 1578 649 1610 solvens
673 1578 747 1610 abiit
772 1578 986 1619 Nicomediam,
1008 1584 1066 1615 etC

1074 955 1138 988 λαός
1156 966 1164 974 ’
1201 955 1288 997 ’Ἀγιον
1311 961 1415 996 Πνεῦμα
1441 958 1467 985 ἐν
1499 962 1537 996 τῷ
1565 959 1667 996 σώματί
1695 970 1741 987 σου
1757 967 1767 978 ·
1795 957 1901 991 ἀληθῶς

1075 1001 1148 1040 ἁγίου
1181 1004 1225 1031 καὶ
1253 1003 1351 1042 ἀγαθοῦ
1380 1007 1445 1032 Θεοῦ
1465 1003 1612 1034 ἀπόστολος
1640 1003 1668 1031 εἴ
1686 1013 1693 1020 ·
1721 1003 1836 1043 τάχυνον
1864 1003 1903 1034 εἷς

1073 1046 1104 1073 τὸ
1126 1048 1241 1080 σωθῆναι
1266 1048 1349 1085 ἡμᾶς,
1381 1043 1409 1076 Ὀ
1439 1046 1465 1075 δὲ
1488 1049 1606 1082 συνήθως
1635 1047 1808 1084 ἐπευξάμενος
1836 1057 1902 1087 χει-

1074 1093 1186 1130 ροθετῶν
1204 1092 1332 1122 ὂπέλυσεν
1354 1092 1446 1124 αὐτούς
1464 1101 1473 1110 ⁶
1510 1093 1598 1125 Οὕτως
1631 1094 1645 1121 ὁ
1667 1092 1789 1132 Ἀνδρέας
1817 1095 1902 1120 πο.ῶν

1073 1136 1117 1163 καὶ
1145 1135 1271 1165 διδάσκων
1296 1136 1391 1164 διετίαν
1421 1137 1486 1170 ὅλην
1508 1139 1551 1166 καὶ
1579 1139 1727 1175 νομοθετῶν
1756 1138 1800 1165 καὶ
1820 1137 1903 1174 ἰώμε-

1074 1191 1116 1211 νος
1150 1181 1210 1212 τοὺς
1244 1180 1394 1221 ἀνθρώπους
1429 1181 1568 1210 κατέλυσεν
1605 1181 1738 1222 εἶδωλεῒπι⁷
1773 1182 1817 1210 καὶ
1850 1181 1903 1214 τὴν

1074 1225 1230 1264 συναγωγὴν
1265 1225 1387 1259 ἐποίησεν
1423 1226 1576 1260 ἐκκλησίαν,
1612 1225 1715 1266 ἱδρύσας
1752 1226 1832 1259 αὐτὴν
1864 1226 1903 1257 εἷς

1075 1269 1257 1308 θυσιαστήριον
1283 1271 1326 1298 καὶ
1347 1270 1479 1307 ὀνομάσας
1511 1273 1564 1304 Τῆς
1593 1271 1721 1299 Θεοτόκου
1739 1278 1746 1285 ·
1778 1269 1903 1298 ἐϐάπτισέ

1075 1323 1104 1340 τε
1132 1312 1195 1342 λαὸν
1229 1313 1323 1354 πολὺν⁷
1359 1315 1402 1342 καὶ
1430 1314 1616 1354 ἐχειροτόνησε
1642 1313 1830 1354 πρεσϐυτέρους
1858 1315 1905 1342 καὶ

1076 1356 1209 1390 διακόνους
1242 1359 1285 1386 καὶ
1314 1359 1469 1398 Δρακόντιον
1504 1359 1657 1389 ἐπίσκοπον.
1690 1359 1846 1399 Δρακόντιος
1874 1357 1903 1386 δὲ

1077 1400 1167 1430 ἔπειτα
1196 1403 1357 1442 ἐμαρτύρησε
1384 1404 1452 1430 κατὰ
1485 1404 1534 1437 τὴν
1562 1403 1712 1438 δωδεκάτην
1733 1407 1779 1432 τοῦ
1813 1404 1903 1431 Μαῖου

1077 1447 1173 1484 μηνός.
1210 1447 1249 1474 Δι’
1294 1448 1317 1475 οἱ
1351 1446 1471 1487 κληρικοὶ
1512 1451 1562 1481 τῆς
1604 1448 1730 1488 Μεγάλης
1759 1447 1902 1482 ἐκκλησίας

1076 1491 1157 1519 ταῦτά
1179 1503 1223 1529 μοι
1254 1490 1403 1531 διηγοῦντο,
1432 1491 1501 1520 ἀλλὰ
1527 1493 1571 1521 καὶ
1598 1492 1684 1522 πολλὰ
1710 1493 1830 1531 θαύματα
1856 1495 1904 1520 τοῦ

1077 1533 1206 1575 Ἀνδρέου.

1117 1579 1183 1609 Ἀπὸ
1218 1579 1245 1608 δὲ
1287 1581 1396 1613 Νικαίας
1431 1581 1532 1621 ἀπάρας
1567 1576 1684 1615 ἀπῆλθεν
1714 1582 1751 1614 εἰς
1779 1582 1904 1619 Νικομή-

214 1623 320 1655 fratres
336 1622 527 1654 obviaverunt
539 1622 577 1654 ei.
595 1622 667 1654 Cum
688 1623 788 1664 paucis
804 1623 910 1656 diebus
924 1626 1039 1657 conﬁr‘

1117 1637 1158 1663 αν⁷
1188 1625 1233 1654 καὶ
1258 1626 1281 1653 οἱ
1309 1624 1414 1666 ἀδελφοὶ
1441 1627 1647 1666 προϋπήντησαν
1675 1628 1756 1664 αὐτῷ.
1786 1625 1905 1665 Ὀλίγαις

216 1671 325 1699 masset
337 1677 399 1705 eos,
413 1676 532 1708 aaquora
544 1667 709 1708 corripiens
723 1667 794 1699 abiit
806 1668 1036 1701 Chalcedonem.

1139 1669 1252 1710 ἡμέραις
1286 1669 1452 1710 ἐπιστηρίξας
1480 1670 1573 1703 αὖτοὺς
1601 1670 1760 1711 παραπλέων
1788 1670 1906 1705 ἀπῆλθεν

215 1713 254 1744 Et
268 1721 336 1744 cum
353 1712 488 1744 Callistus
506 1712 625 1753 quidam
636 1722 654 1743 a
663 1712 798 1744 damone
809 1723 902 1745 caesus
916 1718 995 1746 esset
1010 1719 1039 1746 et

1145 1714 1318 1755 Καλχηδόνα.
1354 1716 1404 1744 Καὶ
1440 1714 1585 1746 Καλλίστου
1611 1717 1681 1748 τινὸς
1706 1717 1757 1744 ὑπὸ
1783 1715 1906 1754 δαίμονος

216 1756 405 1795 decessisset,
421 1757 558 1787 Andreas
571 1757 654 1787 illum
678 1767 732 1798 per
757 1767 860 1798 preces
874 1759 1038 1796 suscitavit,

216 1805 245 1833 et
257 1805 336 1832 artes
345 1801 488 1842 principis
500 1801 849 1841 daemoniorumjnfamia
869 1805 990 1837 notavit.
1007 1804 1041 1835 In

215 1846 281 1886 ipsa
294 1849 393 1877 autem
409 1846 524 1877 civitate
539 1846 683 1887 Bithyniae
707 1857 906 1889 commorans,
932 1849 1042 1889 Tychi-

217 1900 284 1922 cum
296 1890 449 1921 constituit
461 1891 644 1931 episcopum.
657 1891 693 1922 Et
703 1901 807 1923 rursus
820 1893 947 1932 solvens,
965 1894 1044 1924 Pon-

218 1935 310 1966 ticum
325 1944 407 1966 mare
423 1935 541 1975 navigio
558 1944 692 1975 currens,
710 1936 883 1968 Heracleam
898 1938 990 1969 venit.
1008 1937 1044 1971 Et

217 1979 261 2010 ibi
277 1989 345 2010 cum
362 1978 512 2011 docuisset
534 1980 690 2021 quosdem,
721 1980 792 2011 abiit
807 1982 963 2013 Cromnam
978 1991 1043 2023 quae

217 2033 298 2055 nunc
314 2025 451 2055 Amastra
471 2027 605 2056 vocatur.
635 2026 670 2055 Et
695 2025 868 2065 ingrediens
881 2027 1041 2064 civitatem,

216 2068 501 2110 invenitdiscipulos
512 2078 632 2110 paucos,
646 2073 675 2100 et
686 2070 795 2102 mansit
814 2071 891 2111 apud
912 2080 974 2103 eos.
993 2071 1042 2102 Ci-

1081 1758 1228 1798 π).ηγέν-;ος
1262 1760 1305 1788 καὶ
1335 1760 1521 1797 ἀποθανόντος,
1551 1762 1565 1789 ὁ
1600 1760 1722 1800 Ἀνδρέας
1748 1763 1838 1789 τοῦτον
1871 1759 1907 1788 δι’

1084 1803 1169 1843 εὖχῆς
1192 1803 1346 1841 ἀνέστησεν,
1369 1805 1413 1832 καὶ
1440 1805 1488 1837 τας
1509 1805 1608 1845 τέχνας
1626 1809 1672 1833 τοῦ
1701 1804 1830 1845 ἄρχοντος
1853 1808 1907 1834 τῶν

1084 1847 1214 1886 δαιμόνων
1257 1848 1448 1882 ἐστηλίτευσεν.
1494 1851 1536 1881 Εἰς
1578 1849 1606 1878 δὲ
1645 1850 1694 1884 τὴν
1721 1850 1802 1882 αὐτὴν
1828 1849 1907 1878 πόλιν

1084 1895 1134 1926 τῆς
1173 1893 1290 1925 Βιθυνίας
1331 1892 1468 1933 διατρίψας
1515 1894 1662 1928 κατέστησε
1710 1895 1754 1923 τὸν
1790 1895 1906 1934 Τυχικὸν

1086 1937 1239 1968 ἐπίσκοπον.
1263 1939 1313 1968 Καὶ
1340 1938 1418 1968 πάλιν
1453 1939 1555 1979 ἀπάρας
1583 1939 1671 1968 πλέων
1699 1939 1748 1973 τὴν
1776 1939 1909 1972 Ποντικὴν

1085 1981 1216 2011 θάλασσαν
1244 1982 1324 2016 ἦλθεν
1351 1983 1387 2015 εἶς
1425 1979 1591 2023 Ἡράκλειαν,
1633 1984 1717 2013 Κάκεῖ
1753 1994 1825 2015 τινας
1851 1994 1907 2021 μα-

1083 2028 1209 2067 θητεύσας
1238 2027 1349 2061 ἀνῆλθεν
1378 2029 1415 2059 εἰς
1443 2031 1583 2067 Κρῶμναν,
1615 2032 1659 2057 νῦν
1686 2027 1714 2056 δὲ
1742 2027 1909 2066 καλουμένην

1085 2063 1246 2112 ’Ἀμαστραν.
1275 2073 1324 2101 Καὶ
1348 2063 1472 2102 εἰσελθὼν
1502 2063 1538 2106 εἰς
1572 2063 1622 2107 τὴν
1650 2073 1728 2102 πόλιν
1759 2063 1831 2113 εὗρε.
1851 2084 1908 2112 μα-

217 2113 291 2144 vitas
306 2116 405 2144 autem
421 2114 552 2145 solorum
581 2113 750 2146 Judaeorum
780 2115 869 2156 plena
892 2120 964 2147 erat.
981 2116 1041 2147 Au-

1118 2117 1165 2148 τὰς
1200 2116 1304 2156 ὀλίγους
1322 2127 1328 2134 ”
1370 2119 1414 2145 καὶ
1455 2117 1542 2156 ἔμεινε
1581 2116 1642 2157 παρ’
1680 2119 1784 2149 αὐτοῖς.
1822 2113 1852 2146 Ἠ
1881 2117 1909 2145 δὲ

219 2157 336 2188 dientes
349 2161 449 2188 autem
475 2158 544 2198 quia
565 2158 703 2189 Andreas
718 2159 809 2197 venit,
827 2160 877 2200 qui
893 2169 1042 2191 carcerem

1117 2161 1161 2192 ηλις
1196 2161 1302 2200 πλήρης
1333 2160 1463 2190 Ἰουδαίων
1485 2163 1584 2200 μόνων,
1615 2161 1787 2194 Ἀκούσαντες
1809 2161 1848 2202 δὲ⁷
1868 2162 1909 2190 ὅτι

219 2201 317 2239 solvit,
330 2205 359 2233 et
369 2202 483 2233 vinctos
494 2202 626 2240 adduxit,
642 2204 811 2243 congregati
822 2208 900 2242 sunt,
915 2210 945 2236 et
960 2208 1041 2236 stan-
1051 2228 1066 2247 τ

1119 2204 1207 2245 νδρέας
1232 2205 1401 2247 παρεγένετο³
1429 2208 1443 2235 ὁ
1471 2206 1572 2240 ἀνοίξας
1601 2207 1631 2234 τὸ
1659 2201 1845 2246 δεσμωτήριον
1865 2207 1911 2235 καὶ

219 2250 264 2277 tes
280 2246 402 2278 domum
414 2250 498 2278 erant
511 2247 674 2278 incensnri.
691 2249 843 2279 Andream
858 2253 956 2280 autem
969 2246 1066 2280 επὶ-λ

1117 2249 1221 2289 αγαγὼν
1252 2250 1313 2282 τοὺς
1348 2250 1494 2289 δεσμώτας,
1531 2251 1749 2291 ἐπισυναχθέντες
1775 2251 1819 2279 καὶ
1847 2251 1911 2280 ἐπι-

220 2291 348 2332 pientes,
365 2295 579 2332 percusserunt
592 2292 741 2332 lapidibus
752 2293 915 2325 trahentes.
924 2293 1046 2325 etveluti

1118 2294 1193 2326 άντες
1220 2293 1331 2332 ἔμελλον
1361 2296 1404 2324 καὶ
1430 2296 1480 2330 τὴν
1507 2296 1589 2324 οἰκίαν
1615 2296 1761 2336 ἐμπρῆσαι.
1797 2297 1846 2325 Τὸν
1882 2295 1911 2324 δὲ

221 2345 310 2366 canes
326 2345 446 2380 carnem
462 2336 527 2376 ejus
543 2336 727 2368 mordentes.
743 2336 826 2368 Unus
839 2342 938 2369 autem
952 2348 988 2369 ex
1002 2338 1045 2369 eis

1120 2337 1209 2378 νδρέαν
1242 2338 1429 2377 ἐπιλαϐόμενοι
1467 2339 1576 2369 ἔτυπτον
1616 2341 1683 2378 μετὰ
1708 2339 1786 2368 λίθων
1815 2340 1912 2380 σύρον-

222 2379 385 2411 momordit
401 2384 429 2412 et
454 2381 616 2421 amputavit
644 2381 767 2421 digitum
796 2382 927 2414 dextera:
942 2392 1047 2415 manus

222 2425 297 2464 ejus.
315 2426 348 2455 Et
361 2433 457 2466 usque
471 2425 561 2456 hodie
585 2429 706 2466 propter
731 2427 786 2458 hoc
814 2427 1049 2468 anthropopbagi

221 2473 374 2501 vocantur.
388 2470 555 2501 Trahentes
575 2474 672 2501 autem
689 2480 756 2502 eum
772 2481 826 2513 per
840 2482 958 2503 omnem
974 2472 1049 2504 civi-

223 2519 324 2556 tatem,
343 2518 558 2555 percuttentes,
576 2515 946 2556 lapidantes,mordentes,
961 2517 1050 2548 semi-

224 2564 377 2591 mortuum
393 2559 583 2600 projecerunt
613 2564 694 2591 extra
720 2561 877 2593 civitatem.
896 2562 933 2593 Et
949 2561 1050 2594 statim

224 2604 361 2646 apparuit
375 2604 404 2636 ei
417 2604 561 2637 Dominus
570 2604 674 2637 dicens
688 2616 695 2638 :
712 2605 817 2647 Surge,
834 2607 980 2648 discipule
995 2606 1047 2645 mi,

1087 2393 1131 2414 τες
1145 2383 1187 2410 καὶ
1207 2384 1243 2415 ὡς
1270 2383 1312 2412 ἐπὶ
1341 2387 1424 2412 κυνῶν
1454 2383 1590 2416 δάκνοντες
1612 2385 1659 2416 τὰς
1694 2384 1791 2423 σάρκας
1819 2386 1909 2415 αὐτοῦ.

1089 2429 1137 2458 Εἷς
1153 2426 1180 2455 δὲ
1203 2426 1227 2460 ἐξ
1249 2427 1332 2456 αὒτῶν
1363 2427 1452 2458 ἔδακεν
1481 2430 1524 2457 καὶ
1550 2429 1684 2466 ἀπέγοψεν
1712 2430 1757 2456 τὸν
1785 2428 1912 2458 δάκτυλον

1088 2474 1138 2505 τῆς
1163 2471 1246 2504 δεξιᾶς
1269 2474 1360 2512 χειρὸς
1389 2475 1479 2505 αὐτοῦ.
1504 2475 1553 2503 Καὶ
1574 2473 1626 2505 ἕως
1653 2475 1701 2506 τῆς
1731 2473 1845 2513 σήμερον
1869 2473 1913 2503 διὰ

1089 2519 1166 2545 τοῦτο
1203 2516 1403 2558 ἀνθρωποφάγοι
1444 2517 1597 2548 καλοῦνται.
1637 2517 1765 2558 Σόραντες
1799 2517 1826 2546 δὲ
1861 2521 1911 2548 αὒ-

1089 2562 1134 2590 τὸν
1161 2560 1218 2590 καθ’
1249 2560 1314 2595 ὅλης
1342 2565 1392 2597 τῆς
1423 2563 1538 2601 πόλεως,
1568 2563 1722 2601 τύπτοντες,
1750 2562 1910 2601 λιθάζοντες¹

1090 2605 1239 2645 δάκνοντες,
1261 2605 1354 2637 λοιπὸν
1376 2608 1493 2646 ἡμιθαθῆ
1527 2608 1693 2649 τυγχάνοντα
1728 2606 1835 2646 ἔῤῥιψαν
1863 2607 1912 2640 ἔξω

939 2693 1034 2727 Variae
1047 2692 1202 2726 lectiones.

231 2780 234 2784 “
268 2773 328 2815 (387)
343 2771 556 2815 Ἐπιφοσζρύσης
571 2772 639 2806 Vat.

267 2812 330 2854 (39)
347 2812 444 2847 Αὖτόῖς
458 2812 524 2845 Vat.

1135 2773 1192 2814 (40)
1210 2773 1331 2806 Correxi
1344 2774 1414 2808 lect.
1430 2773 1498 2809 Vat.
1513 2778 1648 2808 ποθετσαίι
