1970 3064
185 144 246 180 258

835 130 1036 180 EPIPHAN’II
1049 146 1223 182 MONAGHI

1813 149 1874 183 256

186 215 399 257 innelligentiaa
414 214 594 254 ﬁrmitatem,
607 217 636 245 et
649 213 732 245 verbi
739 213 964 254 abundantiam,
977 216 1003 244 et

1054 217 1096 248 τῆς
1112 214 1226 249 διανοίας
1240 217 1284 245 καὶ
1308 218 1339 246 τὸ
1362 217 1431 247 πολὺ
1459 223 1504 248 τοῦ
1532 217 1612 258 λόγου
1633 219 1676 248 καὶ
1704 219 1735 247 τὸ
1750 217 1869 258 χρηστὸν

188 271 303 294 morum
318 259 507 302 probitatem,
525 264 556 291 et
569 259 661 290 animi
676 259 882 300 constantiam,
898 264 928 290 et
941 257 1003 298 spi-

1054 264 1092 289 εοῦ
1105 259 1182 293 ἤθους
1195 261 1241 289 καὶ
1255 262 1285 290 τὸ
1313 262 1435 294 εὖσταθὲς
1462 265 1511 296 τῆς
1541 257 1633 302 ψυχῆς
1662 263 1706 291 καὶ
1720 257 1869 301 τὸγσῶφρον

186 307 262 339 ritus
277 305 474 346 prudentiam,
493 308 522 336 et
537 303 644 335 mentis
658 303 860 341 stabilitatem,
878 307 907 335 et
921 312 1007 343 argu-

187 350 378 383 mentationis
392 349 606 387 sinceritatem,
633 348 776 388 indignati
791 352 869 386 sunt,
886 352 916 379 et
931 356 1006 378 una-

185 396 307 428 nimiter
321 395 494 426 festinantes
508 393 659 428 abieruntf
670 393 706 424 ad
723 392 864 430 tribunal,
881 392 1008 423 insimu-

185 441 281 473 lanles
295 440 447 480 Egeatem
463 444 494 470 et
521 438 676 469 dicentes:
707 438 833 469 Pravum
844 436 1004 477 judicium,

185 486 356 527 proconsul,
370 486 446 515 male
456 483 595 520 statuisti,
612 482 714 522 inique
727 481 880 522 judicasti,
897 481 1007 522 injusta

178 525 294 572 judicia
309 533 369 565 tua,
385 529 494 569 injuste
507 527 585 567 regis
594 535 712 558 omnem
719 526 873 564 Achaiam,
885 525 1007 565 indigna

184 570 311 608 statuisti
327 578 430 606 contra
441 573 554 613 justum
571 571 734 602 hominem.
761 570 836 607 Quid
853 571 932 601 enim
949 579 1005 600 no-

184 619 268 652 cuit?
278 620 330 650 Vel
341 618 410 660 quid
422 617 511 648 fecit?
523 615 606 653 Quod
617 616 715 647 scelus
723 614 1006 660 commisit20mnes

186 673 242 696 nos
257 659 356 704 laedis,
368 667 428 694 tota
456 661 558 692 civitas
580 664 792 697 Commovetur,
810 659 906 691 omnis
921 659 1005 700 plebs

185 709 331 741 turbatur.
348 709 393 740 Ne
407 706 526 738 occidas
537 706 649 746 justum
666 715 675 743 ;
700 704 838 744 da§nobis
852 704 1004 735 hominem

186 758 334 794 sanctum,
353 761 449 792 neque
464 750 626 781 interﬁcias
653 749 804 780 hominem
820 748 1004 788 religiosum,

185 807 202 829 a
217 792 333 829 duobus
345 805 422 837 pene
430 795 534 826 diebus
545 803 735 834 suspensum,
748 793 882 824 etadhuc
890 792 1006 833 spiran-

1046 307 1093 332 τοῦ
1106 304 1254 342 πνεύματος
1284 306 1327 333 καὶ
1355 306 1385 334 τὸ
1412 305 1514 346 ἑδραῖον
1543 311 1589 336 τοῦ
1611 309 1656 334 νοῦ
1685 306 1728 334 καὶ
1755 306 1786 334 τὸ
1801 303 1869 332 εἱλι-

1049 349 1134 388 κρινὲ)
1169 354 1215 379 τοῦ
1248 349 1388 389 λογισμοῦ,
1430 350 1660 390 ἀγανακτήσαντες
1705 348 1870 388 ὁμοθυμαδὸν

1050 392 1204 426 σπεύδοντες
1239 394 1359 433 ἀπῄεσαν
1392 395 1427 426 εἰς
1455 395 1486 423 τὸ
1513 396 1587 433 βῆμα
1615 394 1797 426 καταϐοῶντες
1823 397 1871 423 τοῦ

1052 438 1178 477 Αἰγεάτου
1191 438 1235 467 καὶ
1249 438 1369 478 λέγοντες
1386 447 1394 455 ⁶
1426 440 1516 473 Κακὴν
1540 440 1623 479 κρίσιν
1640 439 1711 479 (68),
1728 439 1869 477 ἀνθύπατε,

1047 483 1135 514 κακῶς
1164 482 1296 520 ἐδίκασας²
1324 484 1442 516 ἇνωσίως
1471 483 1584 524 ἔκρινας,
1613 484 1753 523 παράνομα
1779 482 1812 511 τὰ
1826 482 1869 511 δι-

1047 528 1177 568 καστήριά
1204 539 1261 566 σου,
1287 528 1381 560 ἀδίκως
1408 528 1518 561 διοικετς
1546 530 1596 563 τὴν
1620 532 1707 558 πᾶσαν
1736 528 1867 568 Ἀχαίαν,

1047 572 1157 605 ἀναξίως
1185 572 1314 613 ἀπεφήνω
1338 574 1406 602 κατὰ
1433 578 1478 603 τοῦ
1506 572 1604 602 δικαίον
1631 572 1734 613 ἀνδρός.
1762 573 1792 602 Τί
1819 572 1870 611 γὰρ

1046 616 1170 651 ἠδίκησεν
1187 627 1195 657 ;
1221 617 1240 652 ἢ
1255 618 1279 645 τί
1293 618 1417 651 ἐποίησεν
1431 627 1440 658 ;
1470 618 1546 646 ποίαν
1561 618 1689 658 ἁμαρτίαν
1704 617 1842 657 εἰργάσατο
1860 625 1869 656 ;

1046 663 1149 694 Πάντας
1177 663 1249 700 ἡμᾶς
1287 661 1399 699 ἀδικεῖς⁷
1442 665 1514 691 πᾶσα
1552 664 1570 697 ἡ
1599 662 1676 695 πόλις
1709 661 1869 701 θορυϐεῖται,

1046 710 1098 739 πᾶς
1128 708 1141 735 ὁ
1180 705 1264 745 δῆμος
1304 707 1469 747 ταράττεται,
1501 709 1545 741 Μὴ
1580 707 1737 745 ἀποκτείνῃς
1763 707 1808 734 τὸν
1836 704 1873 732 δί-

1046 763 1121 781 καιον
1137 761 1145 770 ⁸
1175 752 1286 792 χάρισαι
1314 754 1382 790 ἡμῖν
1421 751 1500 793 ἄνδρα
1541 752 1612 782 ὅσιον
1648 753 1687 791 μὴ
1722 751 1750 780 δὲ
1775 749 1871 788 ἀνέλῃς

1047 796 1182 836 ἄνθρωπον
1235 795 1342 834 εὐσεϐῆ,
1397 795 1452 825 δυσὶ
1506 797 1603 837 σχεδὸν
1652 796 1763 836 ἡμέραις
1811 805 1874 835 κρε-

186 849 258 875 tem.
271 844 335 883 Ipse
346 841 446 872 cibum
458 849 516 870 non
529 847 660 877 sumens,
677 847 731 869 nos
744 837 841 869 verbis
851 838 914 868 suis
922 837 1003 868 aluit.

1054 842 1166 879 αάμενον
1206 842 1250 870 καὶ
1291 841 1329 870 ἔτι
1365 841 1522 880 ἐμπνέοντα.
1564 842 1647 874 Αὐτὸς
1689 843 1787 881 τροφῆς
1830 839 1870 877 μὴ

184 887 221 919 Et
235 882 305 919 ecce
320 886 470 918 credimus
496 883 557 915 Deo
586 883 622 914 ab
648 891 683 914 eo
699 882 868 923 praedicato.
885 882 1006 922 Depone

183 932 309 973 justum,
326 935 355 962 et
370 938 474 962 omnes
501 931 583 960 recto
611 936 732 973 operam
742 927 884 973 dabimus
901 937 909 958 :
927 927 1007 958 solve

187 971 375 1018 prudentem,
393 978 421 1006 et
435 982 539 1005 omnes
550 975 642 1018 Patrae
657 971 750 1018 quieti
765 971 879 1018 erimus
885 979 896 1018 _;
913 971 1007 1018 libera

186 1015 315 1062 primum
326 1023 472 1055 vocatum,
483 1021 511 1048 et
523 1016 619 1062 omnis
630 1016 742 1062 Achaia
754 1024 807 1056 per
819 1020 846 1046 te
862 1015 1006 1062 liberabi-

187 1060 244 1098 tur.
257 1065 399 1097 Utautem
408 1062 536 1104 primum
546 1061 657 1092 audivit
673 1060 821 1100 Egeates,
838 1060 932 1091 turbae
947 1070 1005 1091 non

185 1110 360 1152 promisitse
369 1109 479 1152 justum
491 1105 694 1152 absoluturum
710 1115 718 1143 ;
739 1105 792 1136 sed
804 1104 902 1145 potius
917 1114 1005 1136 manu

185 1149 342 1192 annuebat,
360 1157 392 1184 ut
407 1162 423 1184 e
437 1150 576 1183 tribunali
591 1149 767 1181 recederent
786 1159 794 1187 ;
829 1152 910 1181 tanto
925 1149 1006 1180 enim

187 1204 306 1240 stupore
320 1197 474 1239 perculsus
484 1199 529 1227 est
539 1194 569 1226 in
582 1195 651 1232 hoc,
665 1193 769 1240 videns
785 1193 1006 1226 multitudinem

184 1238 365 1280 venientem,
382 1245 414 1272 ut
429 1244 528 1272 mutus
542 1238 704 1277 manserit;
720 1238 819 1270 furore
833 1238 939 1279 perciti
955 1238 1007 1269 ati-

185 1289 256 1330 quid
272 1288 422 1319 audebant
437 1289 541 1330 contra
554 1293 623 1315 eum
649 1283 782 1330 exsequi,
800 1287 883 1314 erant
898 1283 1007 1324 quippe

187 1327 312 1364 numero
323 1331 407 1372 quasi
420 1330 512 1361 mille.
524 1328 686 1359 Proconsul
698 1327 1005 1367 igituramenst‘artus,

187 1377 337 1410 etveritus
346 1385 384 1406 ne
393 1374 464 1416 quid
480 1372 652 1404 seditiosum
673 1376 974 1416 pateretur,rsurgens
991 1381 1008 1403 e

187 1421 328 1454 tribunali
343 1420 403 1450 ibat
413 1427 479 1451 cum
492 1417 562 1458 illis,
577 1416 752 1457 promittens
766 1425 799 1447 se
813 1415 1007 1447 liberaturum

183 1467 310 1508 justum.
328 1461 553 1508 Praeveniebant
567 1461 657 1502 igitur
681 1461 912 1508 alteralterum,
929 1471 1006 1492 nun-

1049 887 1192 926 μετασχὼν
1219 887 1290 924 ἡμᾶς
1325 889 1377 914 τῶν
1406 885 1493 925 λόγων
1529 887 1607 915 αὖτοῦ
1635 886 1790 926 ἐχόρτασεν.
1822 885 1872 913 Καὶ

1047 929 1101 959 ἰδοὺ
1129 931 1286 969 πιστεύομεν
1315 933 1353 968 τῷ
1387 929 1431 959 ὑπ’
1471 932 1550 960 αὑτοῦ
1585 929 1773 970 κηρυττομένῳ
1800 931 1869 966 Θεῷ.

1048 974 1147 1004 Κάοελε
1186 976 1231 1004 τὸν
1268 974 1380 1016 δίκαιοι),
1419 976 1463 1004 καὶ
1506 975 1602 1008 πάντες
1631 975 1843 1015 φιλοσοφήσομεν
1860 981 1870 989 ⁸

1047 1019 1125 1048 λῦσον
1153 1020 1199 1049 τὸν
1227 1020 1358 1060 σώφρονα,
1399 1021 1443 1049 καὶ
1484 1020 1543 1049 ὅλαι
1576 1022 1602 1048 αῑ
1631 1021 1730 1060 Πάτραι
1757 1019 1873 1059 εἰρηνεύ-

1048 1075 1128 1102 σομεν
1143 1074 1152 1082 “
1195 1064 1327 1093 ἀπόλυσον
1377 1065 1423 1093 τὸν
1474 1064 1675 1105 πρωτόκλητον,
1716 1064 1775 1105 καὶΔ
1799 1066 1873 1092 πᾶσα

1047 1110 1065 1143 ἡ
1094 1108 1197 1149 Ἀχαία
1225 1108 1285 1149 (69)
1323 1109 1366 1138 διὰ
1405 1113 1451 1138 τοῦ
1491 1103 1736 1149 ἐλευθερωθήσεται.
1769 1103 1814 1140 Ὠς
1843 1107 1872 1136 δὲ

1047 1157 1140 1194 πρῶτα
1165 1154 1214 1192 μὲν
1243 1155 1408 1193 παρήκουσεν
1438 1155 1452 1183 ὁ
1474 1155 1616 1195 Λὶγεάτης,
1646 1156 1685 1193 μὴ
1712 1153 1871 1194 ὑποσχόμε-

1048 1209 1092 1230 νος
1122 1202 1160 1235 τῷ
1183 1197 1259 1238 ὄχλῳ
1288 1197 1412 1227 ἀπολύειν
1444 1199 1489 1227 τόν
1522 1198 1633 1236 δίκαιον,
1668 1198 1736 1227 ἀλλὰ
1770 1197 1871 1236 μᾶλλον

1048 1243 1119 1271 ἔνευε
1147 1246 1180 1281 τῇ
1214 1243 1284 1283 χειρὶ
1306 1243 1458 1283 ἀναχωρεῖν
1479 1247 1525 1271 τοῦ
1546 1244 1666 1282 βήματος
1683 1251 1690 1258 “
1713 1242 1871 1280 κατεπλάγη

1048 1289 1094 1327 γὶρ
1129 1291 1252 1316 τοσοῦτον
1289 1287 1330 1315 ἐπ’
1366 1287 1436 1324 αὖτῷ
1470 1287 1571 1322 πλῆθος
1599 1287 1673 1316 ἐπιὸν
1699 1287 1868 1324 θεσσάμενος,

1047 1333 1091 1360 καὶ
1107 1331 1209 1372 ἄφωνος
1225 1331 1325 1370 ἔμεινεν
1341 1339 1350 1348 ⁸
1379 1333 1461 1370 θυμοῦ
1487 1332 1648 1366 πλησθέντες
1677 1331 1794 1370 ἐτόλμων
1808 1330 1872 1370 (70)

1048 1388 1072 1405 τι
1099 1378 1135 1409 εἰς
1164 1377 1241 1405 αὐτὸν
1270 1376 1469 1416 διαπράξασθαι,
1499 1376 1572 1409 ὄντες
1600 1378 1644 1405 τὸν
1673 1377 1781 1417 ἀριθμὸν
1809 1376 1872 1404 ὡσεὶ

1048 1421 1142 1461 χίλ-οι.
1174 1417 1202 1450 ’0
1238 1421 1282 1449 οὖν
1317 1421 1462 1454 ἀνθύπατος
1499 1421 1621 1459 ἐμμανὴς
1659 1421 1799 1461 γενόμενος
1827 1420 1872 1448 καὶ

1048 1465 1149 1505 δεδιὼς,
1181 1466 1220 1504 μή
1247 1477 1273 1493 τι
1299 1466 1453 1505 νεωτερικὸν
1488 1466 1576 1500 πάθοι,
1607 1466 1722 1497 ἀναστὰς
1747 1465 1800 1493 ἀπὸ
1826 1467 1871 1492 τοῦ

187 1505 278 1543 tinnte
292 1509 426 1550 apostolo
445 1512 474 1539 et
488 1506 613 1547 reliquae
628 1505 813 1536 multitudini
827 1515 894 1546 qum
909 1506 1003 1537 aderat

1054 1511 1173 1548 βήματος
1201 1509 1338 1549 ἐπορεύετο
1362 1510 1408 1538 σὺν
1437 1509 1540 1550 αὖτοῗς,
1572 1511 1780 1550 ὑπισχνούμενος
1806 1509 1871 1537 ἀπο-

187 1557 226 1594 ei,
243 1555 445 1596 signiﬁcantes
457 1562 545 1593 quam
559 1552 596 1583 ob
611 1560 730 1583 causam
748 1551 905 1592 proconsul
921 1552 1007 1582 veni-

187 1606 242 1633 ret.
259 1601 294 1632 Et
305 1610 372 1631 cum
383 1599 433 1630 ille
443 1597 622 1633 advenisset,
647 1596 741 1628 'aatata
753 1600 798 1627 est
813 1596 911 1627 omnis
925 1597 1009 1628 turba

185 1645 400 1686 discipulorum
426 1652 494 1674 cum
521 1640 692 1681 Maximilla,
722 1645 750 1672 et
767 1640 954 1686 Vpridamia
978 1645 1009 1673 et

186 1690 340 1723 Stratoc'e.
350 1688 585 1721 Audiensautem
592 1686 694 1718 beatus
708 1685 843 1717 Andreas
858 1686 945 1726 coepit
960 1686 1007 1716 di-

185 1744 270 1767 cere:
281 1735 304 1767 Ο
314 1743 417 1774 magna
429 1732 570 1772 segniiies
581 1736 610 1762 et
619 1730 821 1770 incredulitas,
840 1734 869 1761 et
889 1730 1006 1771 simpli-

187 1781 260 1813 citas
275 1789 378 1811 eorum
395 1779 444 1819 qui
459 1787 476 1808 a
492 1786 539 1808 me
554 1776 649 1807 edocti
662 1775 745 1806 sunt!
763 1775 875 1812 Quanta
892 1775 1007 1806 locutus

185 1834 281 1866 usque
292 1833 382 1861 nunc,
395 1832 454 1854 non
478 1820 611 1862 persuasi
627 1819 740 1850 amicos
765 1829 857 1851 meos.
876 1823 906 1850 ut
920 1819 1005 1859 fuge-

186 1864 255 1902 rent
270 1874 458 1901 terrenorum
473 1865 660 1896 affectionem
678 1873 686 1902 ;
705 1864 758 1896 sed
773 1864 869 1896 adhuc
884 1865 930 1896 his
945 1865 1006 1896 vin-

186 1915 315 1951 ciuntur,
327 1916 355 1944 et
369 1912 399 1943 in
414 1911 452 1942 iis
467 1914 599 1947 manent,
619 1918 674 1940 nec
685 1909 787 1940 volunt
806 1909 842 1940 ab
860 1909 904 1940 eis
919 1919 1007 1949 sepa-

185 1959 262 1991 rari!
280 1958 351 1994 Quae
364 1956 430 1988 talis
445 1954 586 1991 amicitia,
606 1957 634 1985 et
646 1962 739 1994 amor,
752 1957 781 1984 et
791 1953 919 1984 carnalis
933 1954 1006 1985 aﬂ‘e-

186 2003 263 2035 ctiol
290 2002 449 2041 Quousque
463 1998 622 2029 mundanis
638 2001 667 2028 et
684 1997 896 2038 temporalibus
910 1997 1006 2029 adhae-

185 2047 312 2079 rebitis?
323 2044 445 2083 Quando
459 2043 578 2074 tandem
591 2051 656 2082 quae
668 2051 757 2082 supra
767 2051 817 2072 vos
827 2046 895 2073 sunt
916 2042 1005 2073 intel-

185 2092 295 2132 ligetis,
312 2095 414 2130 etquae
425 2089 483 2120 huc
495 2090 563 2118 sunt
575 2086 1005 2132 apprehenderefestinabitis?

184 2131 280 2182 Sinite
287 2145 341 2182 me
357 2134 474 2182 tandem
491 2132 521 2163 in
536 2131 638 2182 habitu
654 2131 1003 2182 que‘mvidet'isinterimi,
1013 2150 1038 2182 Β

183 2191 239 2214 nec
254 2181 314 2212 ullo
331 2178 418 2211 modo
435 2186 483 2208 me
507 2176 664 2216 quisquam
693 2175 729 2206 ab
745 2175 791 2206 his
805 2175 930 2206 vinculis
945 2176 1005 2207 sol-

183 2231 249 2258 vat:
269 2225 312 2257 sic
323 2224 402 2256 enim
418 2221 491 2253 mihi
506 2225 588 2252 sorte
603 2220 684 2261 exiit,
701 2221 883 2260 peregrinari
899 2230 934 2251 ex
949 2221 1006 2252 hoc

183 2279 322 2312 corpore,
333 2273 364 2300 et
371 2268 490 2308 adjungi
504 2265 542 2312 ad
552 2265 723 2301 Dominum,
737 2265 784 2296 cui
796 2265 928 2296 conﬁxus
939 2274 1004 2296 sum

184 2309 278 2353 cruci,
295 2313 374 2355 quod
390 2318 418 2344 et
434 2312 494 2342 ﬁet.
520 2310 555 2341 Et
581 2319 742 2340 conversus
757 2309 829 2340 dixit
843 2310 879 2340 ad
894 2310 1005 2355 Egen-

185 2365 245 2393 tem
260 2371 266 2390 :
279 2354 488 2400 inroconsul,
500 2355 569 2396 quid
580 2355 682 2400 adhuc
694 2355 730 2400 ad
742 2364 795 2386 nos
807 2355 912 2385 venis?
929 2354 1004 2390 Quid

185 2414 322 2447 quaerens
337 2411 432 2443 usque
446 2401 482 2432 ad
509 2410 563 2431 nos
588 2399 788 2431 discemlisii?
811 2400 902 2439 Cujus
917 2409 1006 2431 causa

187 2444 303 2482 alienus
317 2452 346 2479 et
361 2447 499 2478 inimicus
514 2453 615 2475 nosser
643 2444 788 2475 exsistens
803 2444 907 2475 venisti
922 2448 936 2476 ?
950 2444 1004 2476 Vel

186 2495 256 2536 quid
273 2502 360 2534 agere
375 2491 507 2536 cogitans
521 2489 536 2519 ‘I
551 2489 627 2536 Quid
642 2493 785 2536 attentare
800 2489 901 2536 volens
916 2489 928 2520 ?
943 2489 1005 2521 Sol-

185 2533 254 2571 vere
272 2533 327 2570 nos
341 2537 378 2569 ab
404 2537 451 2567 his
480 2534 604 2564 vinculis
618 2536 632 2565 ?
659 2533 718 2564 Sed
743 2543 802 2564 non
825 2533 920 2564 solves
935 2543 1002 2572 nos,

185 2585 335 2625 .‘Egeates,
353 2591 408 2613 nec
433 2579 579 2618 reduces;
595 2587 651 2610 nec
666 2579 691 2611 si
705 2580 803 2610 omnia
821 2578 897 2610 bona
912 2582 960 2609 tua
977 2583 1005 2610 te

1049 1555 1124 1592 μύειν
1137 1555 1183 1582 τὸν
1211 1553 1320 1585 δίκαιον.
1351 1554 1514 1594 Προέφθανον
1543 1554 1586 1583 οὖν
1616 1553 1695 1586 ἄλλος
1722 1555 1767 1583 τὸν
1781 1554 1869 1592 ἕτερον

1049 1598 1261 1637 ἀπαγγέλλοντες
1282 1602 1320 1636 τῷ
1335 1598 1476 1635 ἆποστόλῳ
1503 1599 1548 1627 καὶ
1576 1602 1614 1636 τῷ
1635 1598 1721 1636 λοιπῷ
1736 1597 1811 1638 ὄχλῳ
1832 1601 1870 1635 τῷ

1048 1643 1226 1682 παρεστηκότι
1255 1644 1335 1680 αὐτῷ,
1361 1643 1504 1680 μηνύοντες
1536 1642 1600 1682 (Ἠ)
1625 1641 1659 1670 δι’
1685 1643 1716 1676 ’ἠν
1745 1642 1827 1670 αἰτίαν
1855 1643 1869 1670 ὁ

1048 1687 1194 1719 ἀνθύπατος
1233 1687 1414 1727 παραγίνεται.
1452 1688 1501 1716 Καὶ
1535 1687 1628 1716 τούτου
1669 1687 1713 1716 οὖν
1755 1686 1869 1727 ἐφθακό-

1047 1743 1092 1764 τος
1122 1731 1183 1771 (72)
1215 1731 1307 1771 ἔχαιρε
1334 1735 1385 1763 πᾶς
1421 1732 1434 1760 ὁ
1469 1731 1552 1772 ὄχλος
1577 1735 1629 1760 τῶν
1657 1731 1870 1770 μαθητευθέντων

1047 1776 1103 1814 ἅμα
1131 1779 1165 1814 τῇ
1191 1775 1340 1815 Μαξιμίλλῃ
1369 1777 1413 1804 καὶ
1433 1779 1467 1815 τῇ
1496 1775 1637 1816 Ἐφιδαμία
1663 1777 1707 1804 καὶ
1735 1780 1773 1813 τῷ
1788 1780 1870 1814 Στρα-

1047 1820 1150 1850 τοκλεῖ.
1184 1819 1314 1860 ξΑκούσας
1350 1819 1376 1848 δὲ
1417 1821 1431 1848 ὁ
1469 1821 1596 1860 μακάριος
1625 1819 1747 1860 Ἀνδρέας
1774 1820 1869 1860 ἤρξατο

1048 1864 1134 1904 λέγειν
1150 1874 1158 1883 ⁶
1181 1859 1213 1892 ἐξ
1234 1865 1252 1899 ἡ
1274 1864 1362 1898 πολλὴ
1384 1864 1478 1904 νωθρία
1499 1865 1543 1893 καὶ
1558 1865 1676 1893 ἀπείθεια
1690 1865 1733 1893 καὶ
1748 1864 1868 1898 ἁπλότης

1047 1913 1101 1938 τῶν
1121 1908 1166 1937 ὑπ’
1187 1909 1251 1947 ἐμοῦ
1272 1908 1486 1946 μαθητευθέντων
1504 1912 1510 1940 l
1548 1910 1620 1938 Πόσα
1654 1910 1766 1949 εἰρηκὼς
1789 1909 1869 1949 μέχρι

1047 1958 1094 1983 τοῦ
1128 1958 1171 1982 νῐν
1205 1954 1252 1982 οὐκ
1286 1953 1377 1982 ἔπεισα
1413 1952 1474 1992 (73)
1494 1953 1553 1985 τοὺς
1587 1952 1676 1990 ἰδίους,
1706 1960 1798 1994 φυγεῖν
1819 1956 1868 1986 τῆς

1048 1998 1224 2039 προσπαθείας
1246 2001 1298 2026 τῶν
1322 1999 1424 2037 γηίνων
1441 2007 1448 2014 ’
1473 1997 1532 2026 ἀλλ’
1554 1997 1591 2026 ’ἐτι
1620 1998 1721 2030 τούτοις
1755 1997 1869 2026 δέδενται

1047 2045 1090 2072 καὶ
1112 2043 1139 2071 ὲν
1161 2045 1252 2074 αὺτοῖς
1273 2042 1440 2080 ἐμμένουσιν,
1477 2043 1528 2070 καῖ’
1554 2044 1584 2072 οὗ
1611 2042 1748 2080 βούλονται
1769 2043 1868 2071 τούτων

1047 2089 1206 2121 ἀποστῆναι,
1229 2087 1273 2118 Τίς
1295 2087 1311 2120 ἡ
1333 2086 1449 2120 τοσαύτη
1470 2086 1543 2126 φιλία
1572 2087 1616 2115 καὶ
1651 2087 1665 2115 ὁ
1700 2086 1764 2126 ἔρως
1787 2087 1830 2115 καὶ
1850 2087 1868 2121 ἡ

1048 2133 1113 2172 πρὸς
1138 2132 1187 2166 τὴν
1211 2131 1294 2171 σάρκα
1316 2131 1461 2171 συνήθει-ις
1485 2130 1535 2163 ἕως
1559 2131 1628 2163 τίνος
1648 2138 1706 2163 τοῖς
1728 2138 1869 2169 κοσμικοΐς

1048 2179 1093 2206 καὶ
1127 2178 1293 2216 προσ-χαίροις
1314 2175 1518 2216 προσανέχετες
1547 2176 1598 2207 ἕως
1625 2176 1689 2204 πότε
1717 2176 1815 2204 συνίετε
1836 2176 1870 2204 τὰ

1047 2223 1111 2262 ὑπερ
1145 2222 1223 2261 ὑμᾶς,
1260 2221 1303 2248 καὶ
1337 2220 1370 2248 τὰ
1392 2219 1450 2248 ἐκεῖ
1477 2219 1686 2259 καταλαμϐάνειν
1709 2220 1866 2261 ὲπείγεσθες

1057 2266 1141 2307 Αφετέ
1169 2276 1202 2304 με
1223 2264 1316 2293 λοιπὸν
1338 2264 1365 2292 ἐν
1386 2264 1423 2301 τῲ
1445 2265 1567 2305 σχήματι
1589 2267 1612 2302 ᾦ
1632 2266 1709 2304 ὁρᾶτε
1731 2265 1867 2304 ἀναιρέο-ἧι

1048 2322 1101 2348 ναι,
1123 2311 1168 2339 καὶ
1189 2309 1318 2348 μηδαμῶς
1340 2312 1378 2337 τῶ
1398 2308 1459 2347 τῇδε
1487 2308 1589 2348 δεσμῶν
1621 2309 1726 2338 λυσάτω
1748 2309 1781 2347 μέ
1802 2321 1842 2342 τις
1858 2333 1866 2340 .

1046 2356 1114 2385 οἾτω
1147 2356 1197 2395 γὰρ
1231 2366 1276 2393 μοι
1309 2353 1487 2394 κεκλήρωται,
1524 2354 1555 2382 ἐκ
1589 2355 1680 2383 τούτου
1714 2354 1868 2392 ἐκδημῶται

1045 2405 1092 2430 τοῦ
1114 2400 1237 2438 σώματος
1258 2399 1302 2427 καὶ
1325 2397 1472 2436 ἐνδημῆσαι
1493 2399 1558 2437 πρὸς
1579 2400 1625 2427 τὸν
1647 2399 1751 2438 Κύριον,
1781 2400 1804 2435 ᾧ
1824 2400 1868 2426 καὶ

1047 2447 1271 2484 συνεσταύρωμαι,
1328 2442 1393 2482 ὅπερ
1448 2441 1475 2471 δὲ
1523 2444 1566 2471 καὶ
1607 2444 1758 2482 γενήσεται,
1817 2443 1867 2472 Καὶ

1046 2490 1167 2530 στραφεὶς
1193 2488 1255 2516 εἶπε
1283 2487 1348 2527 πρὸς
1376 2481 1422 2515 τὸν
1444 2487 1574 2526 Αἷγεάτην
1591 2495 1598 2502 ⁸
1615 2481 1654 2514 νἰὲ
1680 2487 1819 2524 ἀνθύπατε,
1842 2487 1867 2515 τί

1045 2534 1124 2563 πάλιν
1152 2534 1216 2573 πρὸς
1246 2533 1316 2569 ἡμᾶς
1345 2531 1554 2572 παραγέγονας;
1593 2532 1618 2560 τί
1655 2534 1742 2568 ζητῶν
1770 2531 1866 2572 μέχρις

1044 2580 1122 2617 ἡμῶν
1136 2577 1306 2617 κατέλαϐεςς
1335 2577 1404 2608 τίνος
1433 2575 1519 2605 ἕνεκεν
1547 2575 1684 2616 ἀλλότριος
1712 2577 1756 2605 καὶ
1770 2576 1866 2617 ἐχθρὸς

891 2666 987 2700 Variae
1001 2666 1157 2700 lectiones.

237 2755 286 2792 68)
302 2756 380 2788 Κακῆ
393 2753 487 2794 κρίσης
506 2750 576 2794 Eat.

237 2791 289 2834 69)
303 2798 378 2823 Πᾶσα
393 2791 496 2834 ’Ᾱχαίζα
506 2791 573 2824 Vat.

225 2832 291 2880 (70)
307 2832 452 2873 Ἐτόλμοίιν
471 2832 537 2865 Vat.

1168 2788 1334 2829 Πεφθακότος
1347 2785 1412 2829 _v_al.

1087 2747 1153 2869 qi;
1169 2748 1275 2782 Μηνύον
1296 2746 1363 2790 Vat.

1089 2792 1096 2826 (
1120 2791 1139 2819 2
1168 2786 1363 2829 [Iupﬁzxd'coc\

1090 2829 1141 2869 (73
1171 2828 1326 2868 Ἐπείσαμεν
1348 2827 1363 2860 Ὶ

1090 2827 1153 2870 (73)
1171 2827 1326 2868 Ἐπείσαμεν
1348 2827 1416 2860 Vat.
