1970 3064
75 123 135 160 257

747 121 840 157 VITA
861 120 892 156 S.
916 120 1093 157 ANDREE.

1703 120 1764 156 258

76 195 155 233 ἡμῶν
180 194 217 223 ὢν
238 194 399 234 προσέρχπη
429 194 447 228 ἢ
475 194 500 222 τί
529 193 592 234 (⁸74)
622 192 758 233 διαπρᾶξαι
774 191 896 221 διανοού-

957 189 1135 230 poponderis
1146 189 1297 228 daturum,
1313 189 1497 221 conﬁdemus
1512 188 1576 221 tibi.
1593 188 1663 220 Haec
1679 189 1760 220 enim

78 249 182 279 μενος;
211 239 237 267 τί
264 238 396 275 τολμῆσαι
423 238 608 278 βουλόμενος;
645 238 720 266 λῦσαι
749 238 821 275 ἡμᾶς
849 239 901 265 τῶν

77 283 141 322 τῇδε
167 283 295 323 δεσμῶν;
317 282 376 311 ἀλλ’
406 284 435 311 οὗ
463 282 548 314 λύσεις
577 284 662 321 ἡμᾶς,
692 282 818 321 Αἶγεάτα,
845 280 902 309 οὖδὲ

78 328 200 361 κατάξεις
217 336 224 344 ⁸
249 326 302 356 οὔδ’
338 326 368 355 ἃν
393 327 480 357 πάντα
508 328 624 367 ὑπίσχνῃ
652 328 685 355 τὰ
713 327 747 355 ei
774 326 902 365 παρέχειν

79 374 160 413 ἡμῖν,
203 371 398 410 πεισθησόμεθα
440 383 493 402 σοι.
539 376 626 400 Ταῦτα
667 372 716 411 γαρ
757 371 903 410 πρόσκαιρα

79 415 143 444 ὄντα
171 416 306 453 συντόμως
338 415 446 453 ἁμμασὺ
483 414 543 453 (75)
571 415 803 455 ἂφανισθήσονται.
840 413 904 443 03δέ

79 460 160 489 πάλιν
175 461 221 491 τὰς
249 459 359 492 ἀπειλάς
388 471 435 488 σου
461 460 648 498 πτοηθήσομαι
666 468 673 475 ⁸
703 461 718 488 ὁ
745 460 795 499 γὰρ
810 459 904 499 Κύριός

81 516 133 542 μου
162 505 265 538 Ἰησοῦς
294 506 404 544 Χριστὸς
435 504 511 536 αύτός
541 515 585 542 μοι
621 504 769 545 ἐνεφάνισεν
797 504 877 532 εἰπών
895 513 901 520 ⁸

81 549 223 587 Κατάμαθε
258 550 304 577 τὸν
353 549 495 588 Αἱγεάτην,
544 550 587 577 καὶ
629 550 667 587 μὴ
704 548 824 588 φοϐηθῇς
858 546 904 576 ἀπ’

81 595 172 633 αὒτοῡ,
202 594 223 621 εἷ
245 594 288 621 καὶ
317 591 400 625 δεινός
428 593 482 621 ἐστι
512 594 556 621 καὶ
569 593 673 630 λυμεὼν
701 593 827 632 ὑπάρχει,
863 593 906 620 καὶ

81 637 177 677 ἐχθρὸς
226 638 359 674 ἀπατεὼν,
408 638 451 665 καὶ
506 638 613 677 φθορεὺς
669 637 815 678 μανιώδης,

81 682 232 721 περίεργος,
260 682 304 710 καὶ
331 681 437 721 φονεὺς,
465 682 509 709 καὶ
543 681 635 722 κόλαξ,
664 683 708 710 καὶ
733 681 848 721 ὀργίλος,
864 681 908 709 καὶ

81 726 253 765 ἀσυμπαθὴς,
280 726 324 754 καὶ
357 726 396 758 ibe
423 724 539 754 ἀσπίδων
569 727 619 754 ὑπὸ
642 727 676 754 τὰ
706 726 786 766 χείλη
816 726 905 765 αὖτοῦ,

863 636 907 665 καὶ

81 756 166 805 xin-i1
180 756 307 810 πριέολὴ
333 771 411 800 αὐτοῦ
432 771 469 802 ὡς
491 769 569 799 λὺκου
597 770 670 811 δορα,
700 756 743 799 καὶ
757 756 940 810 θηριόγνωίΒ

83 825 146 852 μος,
161 815 205 842 καὶ
219 813 433 854 ἀνθρωποκτόνος
452 823 459 829 ⁵
483 816 529 842 οἷα
557 813 590 848 δη
618 816 662 843 καὶ
690 816 704 843 ὁ
719 815 808 854 πατὴρ
830 814 908 843 αὖτοῦ

82 858 109 890 ἐξ
135 858 223 898 ἀρχῆς
252 858 380 898 πέφυκεν,
405 859 419 886 ὁ
450 861 582 891 Σατανᾶς.
615 863 758 899 Τοιγαροῦν
786 860 907 898 ἐπιγνοὺς

83 901 127 930 διὰ
148 907 193 932 τοῦ
217 902 422 941 ἐπιπρέψαντός
452 914 498 940 μοι
519 903 646 941 ἀψευδοῦς
673 908 738 932 Θεοῦ
767 903 908 932 ἀπαλλάσ-

82 949 164 986 σομαί
197 959 243 976 σου
276 949 340 987 πρὸς
372 948 417 976 τὸν
450 947 549 976 δίκαιον
577 950 681 988 κριτήν,
714 950 749 978 Εὖ
777 948 840 977 οἶδα
867 948 908 976 ὅτι

83 993 159 1030 κόψῃ
191 993 235 1020 καὶ
269 992 365 1030 ἀνιάσῃ
392 993 436 1020 καὶ
463 992 618 1031 ἆθδμήσεις,
650 994 729 1027 ἡνίκα
757 992 816 1030 ὄψει
847 992 907 1032 (76)

85 1038 195 1064 σεαυτὸν
231 1035 429 1074 ἐμϐαλλόμενον
472 1037 508 1068 εἰς
549 1041 600 1077 πῦρ
633 1041 682 1071 τῆς
716 1037 837 1077 γεέννης,
879 1038 910 1064 τὸ

85 1080 282 1119 ἡτοιμασμένον
319 1080 359 1108 σοί
393 1091 422 1108 τε
450 1081 494 1108 καὶ
520 1088 580 1113 τοῖς
618 1083 662 1110 σὺν
691 1083 731 1110 σοὶ
759 1082 837 1121 πατρὶ
864 1092 910 1110 σου

88 1124 290 1164 λατρεύουσιτῷ
305 1123 430 1162 διαϐόλῳ,
462 1121 490 1154 (0
519 1125 546 1153 δὲ
574 1126 720 1158 ἀνθύπατος
743 1125 807 1160 ἔστη
823 1126 908 1157 ἐννεὺς

87 1169 192 1198 ἀκούων
221 1173 314 1209 ταῦτα,
342 1169 439 1208 τρόπον
468 1170 526 1198 τινὰ
559 1169 718 1204 ἐξεστηκὼς.
750 1171 841 1204 Πάσης
866 1170 909 1198 οὖν

86 1215 138 1246 τῆς
178 1212 282 1244 πόλεως
319 1212 478 1255 θορυϐούσης
510 1215 600 1255 αὐτὸν,
642 1220 687 1243 τοῦ
715 1214 838 1244 ἀπολύειν
865 1216 910 1243 τὸν

88 1256 224 1297 Ἀνδρέαν,
240 1258 318 1297 φησὶν
333 1251 411 1289 αύτός
427 1266 433 1273 '
459 1251 519 1299 "0:7
533 1251 630 1297 τολμᾷ,
656 1260 822 1299 προσεγγίσει
845 1258 908 1299 (ἸἻ)

87 1301 126 1338 τῷ
141 1300 208 1337 ξύλῳ
222 1305 267 1329 τοῦ
290 1300 366 1330 λῦσαι
392 1302 481 1332 αὑτόν.
513 1298 542 1332 (Ο
571 1298 718 1335 ἀπόστολος
739 1304 806 1341 μετὰ
819 1298 909 1344 φωνῆς

87 1344 210 1384 μεγάλης
239 1345 358 1377 ἀτενίσας
387 1347 424 1378 εἷς
450 1347 496 1375 τὸν
526 1347 633 1386 οὐρανὸν
661 1347 738 1375 εἶπεν
753 1356 761 1364 '
784 1347 828 1380 Μὴ
849 1346 910 1375 ἐπι-

85 1389 199 1429 τρέψῃς,
242 1389 372 1426 Δέσποτα,
417 1391 464 1429 ἐμέ
502 1393 547 1419 τὸν
590 1391 632 1419 ἐπὶ
675 1391 749 1424 ξύλου
793 1391 910 1431 ἀναρτη-

85 1434 163 1462 θέντα
190 1433 269 1462 πάλιν
310 1433 419 1468 λυθῆναι
436 1443 445 1452 ⁸
490 1436 528 1474 μὴ
564 1436 766 1476 παραχωρήσῃς
794 1436 839 1464 τὸν
868 1435 909 1463 ἐπὶ

85 1481 134 1507 τοῦ
174 1483 220 1531 σού
258 1479 402 1531 μρστηρίου
443 1480 622 1531 κρεμασθέντα
662 1479 727 1531 καθ’.
765 1479 911 1531 ὁμοιότητά
921 1500 942 1531 c

87 1533 135 1551 σου
150 1530 158 1538 ⁹
189 1523 228 1561 μὴ
256 1522 337 1561 ἐάσῃς
365 1523 539 1562 συσταλῆναι,
562 1524 658 1564 Πάτερ,
687 1524 742 1561 Υἱὲ,
768 1524 812 1552 καὶ
835 1523 911 1564 ἅγιον

89 1570 207 1605 Πνεῦμα,
253 1569 313 1600 τοὺς
353 1567 502 1608 ἐγνωκότας
551 1580 597 1598 σου
637 1570 668 1598 τὸ
710 1568 830 1608 μέγεθος,
869 1569 913 1597 καὶ

89 1612 256 1646 ποθήσαντάς
305 1623 335 1640 σε
374 1614 418 1642 καὶ
467 1613 656 1653 ἀγαπήσαντάς

89 1656 247 1688 στεύσαντας
286 1657 323 1688 εἰς
361 1657 391 1684 σὲ
436 1655 470 1685 δι’
518 1659 596 1687 αὐτοῦ
635 1662 682 1687 τοῦ
727 1657 789 1698 (78)
829 1658 914 1696 κηρύ-

89 1711 203 1740 γματος,
261 1701 423 1741 Διαφύλαξον
472 1702 613 1740 ἀπήμονας
670 1702 714 1730 καὶ
768 1700 913 1740 βεϐαίωσον

88 1745 182 1777 αὖτοὺς
206 1745 234 1774 ἐν
258 1749 292 1784 τῇ
318 1749 352 1785 σῇ
382 1748 479 1785 πίστει,
521 1747 566 1775 καὶ
600 1747 709 1787 χάρισλι
739 1749 829 1778 αὐτοῖς
864 1746 914 1780 τὴν

89 1791 156 1829 πρὸς
184 1790 214 1817 σὲ
242 1790 399 1831 παρρησίαν,
429 1795 476 1820 τοῦ
510 1791 623 1827 δοξάζειν
654 1802 684 1820 σε
711 1792 757 1820 τὸν
788 1791 913 1825 ἀληθινὸν

92 1836 169 1875 Θεὸν,
185 1835 214 1862 ὃν
227 1834 311 1873 εἶδον,
327 1836 356 1864 ὃν
372 1835 441 1876 ἔχω,
458 1837 486 1865 ὃν
502 1835 582 1877 φιλῶ,
608 1836 634 1865 ἐν
663 1838 686 1874 ᾧ
707 1837 759 1874 εἰμὶ
786 1837 830 1864 καὶ
851 1835 914 1864 ’ἐσο-

93 1890 153 1917 μαι.
172 1879 247 1912 Δέξαι
276 1890 310 1918 με
338 1879 365 1908 ἐν
393 1881 496 1921 εἰρήνῃ,
528 1882 564 1913 εἷς
589 1881 636 1913 τὰς
666 1882 784 1913 αἰωνίους
801 1881 914 1914 σκηνάς.

93 1927 180 1952 Ταῦτα
193 1922 221 1951 δὲ
249 1925 329 1953 εἰπὼν
355 1926 400 1954 καὶ
427 1925 470 1954 ἐπὶ
497 1924 592 1954 πλεῖον
619 1925 727 1959 δοξάσας
750 1926 796 1954 τὸν
811 1926 914 1965 Κύριον,

93 1966 227 2007 παρέδωκε
241 1969 272 1996 τὸ
296 1972 410 2008 πνεῦμα,
436 1969 581 1999 κλαιόντων
609 1971 654 1999 καὶ
681 1969 834 2008 ἀνιωμένων
853 1969 916 2009 (79)

93 2011 135 2040 ἐπὶ
149 2013 188 2050 τῷ
208 2017 339 2053 χωρισμῷ
365 2016 455 2044 αὑτοῦ.
486 2016 560 2045 Μετᾶ
590 2014 617 2043 δὲ
645 2015 695 2050 τὴν
715 2018 761 2043 τοῦ
790 2014 917 2054 μακάρίου

92 2058 171 2086 αὐτοῦ
199 2059 346 2096 πνεύματος
392 2059 479 2093 ἔξοδον
519 2061 537 2096 ἡ
576 2059 725 2098 Μαξιμίλλα
753 2058 817 2098 μηδ’
847 2058 916 2090 ὅλως

94 2101 250 2141 φροντίσασα
283 2104 336 2132 τῶν
372 2105 560 2144 παρεστώτων,
589 2107 751 2145 προσεθοῦσα
787 2104 853 2137 αὖκτὴ
881 2101 915 2131 δι’

707 1623 736 1640 σε
778 1613 821 1641 καὶ
864 1624 913 1641 πι-

945 235 1117 275 temporalia
1131 244 1197 266 cum
1213 235 1283 273 sint,
1308 234 1395 266 citius
1419 234 1559 266 deﬁcient
1575 238 1684 266 tecum.
1700 234 1762 264 Nec

944 288 1047 310 rursus
1064 279 1151 310 minis
1167 279 1224 310 tuis
1247 279 1398 311 terrebar:
1425 279 1567 310 Dominus
1582 278 1662 310 enim
1679 287 1764 310 meus

945 324 1029 355 Jesus
1044 324 1178 355 Christus
1207 324 1347 355 indicavit
1376 323 1448 354 mihi
1476 324 1602 355 dicens:
1633 323 1764 355 Observa

945 367 1107 408 Egeatem,
1124 372 1153 399 et
1166 377 1205 399 ne
1221 368 1354 399 timueris
1370 368 1407 399 ab
1430 378 1477 409 eo,
1504 368 1573 399 licet
1587 368 1765 399 metuendus

945 412 995 449 sit,
1012 416 1041 443 et
1055 415 1182 444 vastator
1208 413 1338 451 exsistat,
1369 417 1398 443 et
1425 413 1545 444 dolosus
1569 412 1719 450 inimicus,
1737 415 1766 443 et

945 460 1095 497 stuprator
1105 466 1238 494 vesanus,
1255 461 1283 487 et
1298 457 1423 494 ardelio,
1439 461 1468 487 et
1481 457 1606 491 occisor.
1621 461 1649 488 et
1664 457 1765 488 adula-

947 506 1002 539 tor,
1012 508 1041 532 et
1050 502 1220 540 iracundus,
1228 506 1257 532 et
1267 501 1490 542 immisericors,
1501 505 1682 533 etvenenum
1690 501 1766 541 aspi-

948 544 1018 575 dum
1032 545 1086 576 sub
1102 545 1189 577 labiis
1205 546 1280 585 ejus,
1296 549 1326 577 et
1354 545 1477 576 amictus
1505 546 1571 586 ejus
1583 546 1666 586 quasi
1682 545 1767 585 pellis

948 589 1021 630 lupi.
1040 589 1245 621 otbelluarurn
1276 599 1359 620 more
1388 590 1468 621 ferus
1497 590 1534 620 sit
1549 594 1578 621 et
1592 589 1765 621 homicida:

949 634 1074 673 qualiter
1090 633 1126 664 ab
1147 634 1232 665 initio
1249 634 1303 664 l‘uit
1324 638 1407 674 pater
1436 635 1500 674 ejus
1514 635 1647 665 Satanas.
1664 633 1768 664 Sciens

949 679 1038 718 igitur
1052 687 1105 719 per
1119 688 1186 710 eum
1202 679 1251 720 qui
1277 678 1423 710 revocavit
1446 687 1493 709 me
1507 687 1643 709 veracem
1659 677 1766 714 Deum,

949 723 1102 763 digrediar
1116 732 1133 754 a
1148 727 1175 754 te
1189 723 1224 753 ad
1233 723 1346 763 justum
1354 723 1513 763 judicium.
1530 723 1611 754 Bene
1622 722 1689 753 novi
1699 721 1770 763 quia

950 767 1106 807 frangeris,
1136 771 1164 798 et
1187 767 1425 808 discruciaberis,
1455 771 1484 799 et
1513 767 1619 798 animis
1634 767 1767 804 deﬁcies,

949 812 1066 853 quando
1082 812 1210 853 teipsum
1225 812 1340 843 videbis
1354 812 1568 853 pmcipitatum
1586 811 1615 842 in
1625 811 1770 851 gehennae

948 856 1060 897 ignem,
1079 856 1129 897 qui
1144 857 1196 887 tibi
1212 861 1329 898 paratus
1345 861 1400 897 est,
1427 863 1458 888 et
1473 856 1520 888 his
1535 856 1586 898 qui
1602 860 1699 888 tecum
1715 865 1768 887 ve-

950 906 1091 932 nerantur
1101 905 1213 941 patrem
1227 906 1309 932 tuum
1319 901 1480 933 diabolum.
1498 900 1659 933 l’roconsul
1671 904 1769 932 autem

951 946 1031 977 stetit
1044 950 1177 986 stupens,
1194 950 1222 977 et
1235 948 1318 987 quasi
1346 950 1426 977 extra
1455 955 1486 976 se
1501 951 1611 986 raptus.
1627 945 1772 977 Universa

951 994 1047 1021 autem
1058 990 1173 1021 civitate
1189 991 1385 1022 tumultuante
1400 990 1478 1022 circa
1493 1000 1573 1027 cum,
1591 994 1622 1020 ut
1636 990 1770 1021 solvere-

951 1038 998 1065 tur
1014 1035 1159 1072 Andreas,
1177 1035 1217 1066 ait
1239 1035 1324 1074 ipse:
1350 1035 1406 1072 Qui
1433 1044 1521 1066 ausus
1536 1034 1635 1071 fuerit,
1651 1034 1773 1065 accedat

951 1079 986 1110 ad
1003 1079 1114 1119 lignum
1132 1083 1164 1109 ut
1187 1079 1278 1110 solvat
1303 1089 1382 1112 eum.
1412 1080 1569 1120 Apostolus
1583 1088 1649 1110 cum
1667 1087 1772 1118 magna

950 1133 1022 1154 voce
1037 1123 1196 1154 intendens
1211 1124 1242 1154 in
1257 1124 1364 1155 caelum
1378 1124 1436 1155 ait:
1465 1123 1508 1154 Ne
1522 1123 1613 1158 siuas.
1630 1123 1768 1158 Domine,

952 1177 1000 1199 me
1015 1167 1044 1198 in
1062 1168 1141 1208 ligno
1156 1168 1300 1199 elevatum
1315 1177 1433 1200 rursum
1451 1168 1578 1207 CXSclVl;
1593 1179 1630 1200 ne
1645 1167 1768 1208 abjicias

952 1221 1020 1244 eum
1044 1213 1094 1253 qui
1111 1217 1231 1253 propter
1245 1213 1414 1253 mysterium
1441 1217 1522 1244 tuum
1547 1222 1711 1253 suspensus
1725 1215 1771 1244 est

952 1256 986 1287 ad
997 1257 1222 1288 similitudinem
1234 1261 1324 1289 tuam.
1336 1256 1379 1289 Ne
1390 1258 1542 1298 permittas
1556 1257 1656 1298 dejici,
1670 1258 1768 1292 Pater,

953 1301 1157 1342 Fili,Spiritus
1169 1307 1281 1339 sancte,
1297 1311 1349 1333 eos
1363 1302 1413 1343 qui
1429 1305 1572 1334 noverunt
1586 1301 1770 1342 magnitudi-

952 1355 1021 1377 nem
1037 1351 1129 1384 tuam,
1146 1350 1175 1378 et
1188 1347 1238 1388 qui
1253 1346 1425 1378 desiderant
1436 1351 1475 1384 te,
1494 1350 1523 1378 et
1542 1346 1594 1387 qui
1613 1350 1715 1378 amant
1728 1350 1768 1383 te,

953 1394 981 1421 et
995 1392 1044 1431 qui
1061 1391 1188 1422 credunt
1210 1391 1239 1422 in
1269 1395 1298 1422 te
1326 1401 1379 1432 per
1406 1391 1500 1432 ipsam
1516 1391 1768 1432 praedicationem.

952 1433 1043 1466 Serva
1057 1435 1223 1467 incolumes
1237 1439 1266 1467 et
1280 1436 1425 1467 conﬁrma
1451 1444 1502 1467 eos
1517 1436 1545 1466 in
1563 1436 1633 1476 ﬁde,
1650 1439 1679 1466 et
1692 1435 1771 1466 dona

952 1479 996 1510 eis
1011 1480 1150 1512 ﬁduciam
1166 1480 1197 1511 in
1213 1484 1252 1518 te,
1269 1479 1572 1511 utlaudentteverum
1580 1481 1673 1512 Deum
1682 1488 1770 1520 quem

953 1524 1024 1562 vidi,
1035 1534 1123 1566 quem
1134 1524 1240 1564 habeo,
1253 1533 1340 1566 quem
1357 1524 1460 1564 diligo,
1481 1524 1510 1555 in
1522 1534 1580 1565 quo
1593 1534 1658 1556 sum
1674 1528 1703 1556 et
1717 1534 1770 1555 ex-

953 1568 1185 1610 sistam.Accipe
1196 1579 1244 1601 me
1252 1569 1283 1600 in
1294 1578 1366 1610 pace
1378 1569 1408 1600 in
1420 1569 1540 1600 aeternis
1561 1569 1771 1601 tabernaculis.

953 1613 1024 1644 Haec
1040 1623 1107 1645 cum
1121 1613 1243 1645 dixisset
1257 1618 1287 1645 et
1300 1613 1427 1654 amplius
1441 1613 1589 1645 laudasset
1601 1613 1771 1652 Dominum,

956 1658 1078 1690 tradidit
1094 1658 1240 1699 spiritum,
1256 1658 1396 1690 ﬂentibus
1421 1662 1450 1690 et
1472 1658 1574 1690 dolore
1589 1658 1773 1690 discruciatis

956 1702 1118 1743 (omnibus)
1134 1707 1255 1744 propter
1269 1703 1431 1734 discessum
1448 1703 1523 1743 ejus.
1549 1704 1586 1734 Et
1601 1708 1667 1744 pust
1680 1703 1774 1735 beatas

955 1746 1034 1778 illius
1044 1747 1150 1778 animae
1158 1748 1279 1786 exitum,
1290 1747 1449 1780 Maximilla
1461 1748 1535 1779 nihil
1545 1748 1665 1779 omnino
1674 1752 1774 1780 astan-

956 1796 1002 1824 tes
1011 1801 1129 1830 curans,
1138 1792 1303 1834 procedens
1312 1802 1350 1824 ex
1361 1792 1533 1833 semetipsa,
1543 1793 1774 1834 solvitreliquias

955 1835 1035 1868 beati
1052 1841 1081 1868 et
1095 1837 1182 1878 primi
1198 1837 1292 1868 vocati
1318 1837 1442 1878 apostoli
1457 1837 1596 1876 Andreae,
1613 1841 1642 1869 et
1657 1837 1773 1869 solitam

957 1891 1101 1913 exercens
1115 1881 1310 1922 diligentiam,
1339 1881 1473 1922 sepelivit
1498 1890 1567 1915 eum
1593 1882 1676 1922 juxta
1690 1891 1773 1914 oram

958 1926 1058 1958 maris.
1076 1926 1131 1958 Hic
1145 1926 1259 1958 inclusa
1273 1926 1364 1964 stetit,
1378 1930 1407 1957 et
1420 1926 1530 1958 ibidem
1549 1927 1656 1958 mansit
1670 1928 1774 1968 sejun-

958 1975 1004 2002 cta
1017 1970 1052 2002 ab
1069 1970 1202 2011 Egeate,
1233 1974 1354 2012 propter
1381 1971 1534 2002 ell'eratum
1548 1971 1681 2003 animum
1697 1972 1773 2012 ejus,

958 2019 987 2046 et
999 2015 1128 2056 iniquam
1144 2015 1409 2047 conversationem.
1435 2015 1528 2052 Quam
1546 2017 1669 2047 multum
1686 2017 1774 2048 obse-

957 2069 1053 2098 crans,
1071 2064 1099 2092 et
1116 2061 1260 2102 pollicens
1276 2069 1341 2092 eam
1365 2060 1466 2092 omnia
1494 2060 1571 2092 bona
1585 2062 1616 2092 in
1632 2065 1776 2102 potestate

957 2104 1136 2143 habituram,
1153 2111 1184 2137 et
1199 2105 1349 2136 dominam
1366 2105 1562 2142 incessuram,
1590 2106 1672 2136 nullo
1687 2105 1776 2137 modo

94 2147 201 2184 ἑαυτῆς,
219 2146 294 2175 ἔλυσε
317 2149 349 2176 τὸ
376 2148 500 2188 λείψανον
527 2155 573 2180 τοῦ
596 2149 724 2189 μακαρίου
752 2149 796 2176 καὶ
812 2158 901 2188 πρωτο

959 2149 1063 2180 molire
1077 2150 1190 2181 valuit:
1217 2149 1268 2181 sed
1298 2154 1429 2181 sanctam
1460 2154 1490 2182 et
1503 2150 1663 2182 solitariam
1688 2150 1776 2182 vitam

94 2190 193 2226 κλήτου
221 2191 369 2222 ἀποστόλου
397 2193 530 2234 Ἀνδρέου,
562 2195 606 2223 καὶ
638 2195 688 2228 τὴν
718 2194 816 2228 συνήθη
854 2192 914 2221 ἐπι·

95 2235 200 2273 μέλειαν
215 2236 479 2279 προαγαγοῇσαγβο)
508 2239 602 2277 ἔθαψεν
625 2239 702 2268 αὐτὸν
719 2237 782 2278 (81)
803 2236 916 2271 πλησίον

95 2283 141 2308 τοῦ
175 2274 307 2320 αἰγιαλού.
327 2274 332 2277 1
355 2274 432 2312 Ἔνθα
470 2274 668 2314 ’κατάκλειστος
703 2274 836 2322 ὑπῆρχεν,
874 2282 918 2310 καὶ

95 2324 241 2364 παρέμενεν
282 2327 370 2356 αὐτόθι
407 2327 595 2368 κεχωρισμένη
633 2333 679 2357 τοῦ
714 2328 841 2367 Αἱγεάτου
877 2325 918 2356 διὰ

94 2369 144 2403 τὴν
171 2369 287 2408 θηριώδη
316 2372 393 2401 αὺτοῦ
419 2374 530 2412 γνώμην
570 2373 614 2402 καὶ
645 2372 744 2410 ἄνομον
771 2371 917 2402 πολιτείαν.

107 2417 144 2443 Ην
158 2414 245 2443 πολλᾶ
269 2415 417 2455 λιπαρήσας
441 2419 484 2446 καὶ
511 2418 724 2458 ὑπισχνούμενος
752 2416 823 2448 αὖθις
851 2416 918 2455 αὒτῇ

94 2462 146 2488 τῶν
162 2459 240 2488 αὒτοῦ
263 2460 322 2500 (82)
345 2463 452 2490 πάντων
481 2461 609 2502 κυριεύειν
637 2463 681 2489 καὶ
710 2460 856 2500 δεσπόζειν,
871 2461 918 2488 οὺ·-

95 2502 184 2542 δειμῶς
201 2503 314 2543 μαλάξαι
342 2505 454 2546 ἴσχυσεν
471 2513 479 2522 ⁸
510 2505 570 2535 ἀλλ’
599 2505 713 2544 ἑλομένη
741 2506 797 2544 βίον
822 2505 919 2543 σεμνὸν

958 2194 1137 2234 suscipiens,
1150 2204 1184 2226 ex
1193 2203 1293 2226 amore
1308 2194 1428 2233 Christi,
1446 2199 1584 2226 manente
1599 2204 1665 2226 cum
1680 2195 1777 2226 Maxi-

959 2238 1040 2269 milla
1056 2238 1119 2279 ipsa
1133 2238 1320 2280 Ephidamia,
1336 2239 1401 2269 dies
1415 2239 1570 2279 transegit,
1585 2239 1718 2279 apostolo
1732 2239 1775 2271 fa-

960 2283 1086 2324 mulans,
1103 2287 1132 2314 et
1147 2283 1318 2314 ministrans
1332 2283 1485 2321 fratribus,
1499 2293 1653 2324 quousque
1667 2293 1776 2324 supre-

960 2336 1041 2358 mum
1057 2327 1155 2358 emisit
1168 2327 1318 2368 spiritum.
1337 2326 1408 2359 Cum
1424 2331 1524 2358 autem
1540 2327 1701 2368 subjectam
1721 2327 1778 2359 sibi

959 2371 1041 2402 illam
1049 2371 1168 2403 efﬁcere
1180 2381 1239 2402 non
1251 2371 1394 2412 potuisset
1404 2371 1550 2411 Egeates,
1558 2371 1683 2403 demens
1691 2377 1779 2403 nocte

960 2415 1100 2454 surrexit,
1112 2415 1170 2447 alto
1181 2419 1324 2455 regnante
1346 2415 1476 2457 silentio,
1490 2422 1521 2447 et
1543 2425 1649 2448 omnes
1662 2416 1778 2458 fallens,

960 2460 1091 2501 seipsum
1108 2459 1290 2501 praecipitem
1306 2460 1388 2491 dedit
1402 2460 1438 2491 ab
1453 2460 1571 2492 excelso
1586 2460 1716 2502 praetorii
1731 2461 1778 2492 sui

961 2504 1087 2545 fastigio.
1101 2504 1136 2536 Et
1146 2504 1189 2536 sic
1202 2504 1370 2545 exspiravit,
1379 2504 1542 2537 secundum
1556 2505 1779 2546 praedictionem

806 2584 903 2617 Variae
916 2584 1069 2618 lectiones.

236 2654 256 2679 0
271 2661 296 2678 τι
309 2648 374 2683 Vat.

162 2688 341 2761 tgFortasse
355 2691 411 2730 ἅμα
437 2703 478 2721 σοι
507 2691 656 2735 Alteram,
666 2691 773 2725 mediae
792 2694 843 2723 aut
857 2691 922 2724 inﬁ-

198 2733 338 2761 rtecxtaus
351 2740 537 2761 vocem-esse
547 2736 629 2761 nuto.
653 2738 766 2761 Annaeo
780 2731 848 2761 Vat.

102 2737 158 2762 me
172 2731 338 2762 Graecitatis
351 2740 537 2766 vocem-esse
546 2736 629 2776 puto.
643 2731 766 2772 Ἃμμασυ
780 2731 848 2764 Vat.

143 2770 204 2810 ('16)
228 2773 306 2809 οψης
327 2771 392 2804 Vat.
501 2783 506 2791 ι

142 2809 205 2857 (Ξῖ)
217 2809 356 2857 Etiam
364 2823 553 2857 ,"E‘W‘YYW'
564 2813 615 2857 re!
626 2823 810 2857 προσαγγεςαι·

143 2851 175 2892 (7
178 2851 206 2892 8)
219 2851 314 2884 Artic.
331 2856 377 2884 τοῦ
390 2853 423 2888 in
437 2851 548 2890 textum
562 2851 725 2889 introduxit
733 2851 739 2854 “
747 2851 814 2888 Non
827 2856 922 2887 exstat

151 2648 203 2689 74)

961 2662 993 2684 ω
1003 2651 1145 2774 ῑὲεὲϊὲοι
1157 2691 1262 2742 πάντων
1277 2691 1428 2766 exvcittiisse
1442 2692 1568 2727 videtur.

1023 2773 1026 2774 ν
1107 2744 1290 2774 ροσαχαγουσα
1363 2754 1372 2765 ο

1190 2737 1290 2774 αγοῠσα
1305 2732 1372 2766 Vat.

1003 2732 1057 2774 (80
1082 2737 1237 2806 Πὲοεαγαγο

999 2733 1068 2856 sal
1184 2778 1237 2847 a

1015 2812 1066 2847 82)
1081 2814 1165 2846 Αὐτοῦ
1184 2812 1248 2847 Vat.
