1970 3064
115 99 183 132 273

594 103 642 133 DE
664 103 872 134 RELIGIONE
893 102 1129 133 CHRISTIANA
1150 102 1337 134 LIBELLUS

1747 102 1806 135 274

125 166 1786 182 2mm

474 258 562 310 DE
611 254 989 311 RELKHONE
1035 254 1457 310 ΟΗΗΠΠἾΑΝΑ

792 373 1136 426 IJBELLUS

433 503 472 532 Ex
508 501 672 541 Epiphanio
708 500 738 531 in
772 500 907 532 Latinum
943 507 960 528 a
997 497 1083 529 Petro
1122 498 1160 530 de
1195 499 1293 530 Monte
1330 499 1492 531 traductus.

177 599 287 632 (Latine
302 602 411 628 tantum
424 598 499 635 apud
513 599 547 627 D.
564 599 690 628 Emman.
708 607 722 627 a
739 597 926 627 Schelestrate
941 597 971 624 in
986 597 1056 624 actis
1069 596 1222 625 Orientalis
1236 595 1377 629 Ecclesiae,
1395 603 1422 631 p.
1441 597 1486 626 52.
1502 597 1597 626 Romae
1613 597 1682 626 1739
1695 598 1753 634 tot.)

161 779 325 812 Christiane
341 782 492 821 religionis
507 793 603 814 veram
632 787 761 814 sanctam
779 790 942 821 puramque
954 784 1037 817 Aest,
1053 789 1142 820 quam
1155 783 1262 810 nostrae
1278 780 1442 811 inﬁrmitati
1457 779 1667 810 ascribendum
1679 783 1733 816 est,
1743 789 1808 821 quae

118 834 187 855 esse
203 825 380 866 doctrinam,
398 837 485 867 quam
513 828 638 867 plurima
665 827 749 857 nobis
765 827 945 856 documenta

117 873 200 904 sunt,
219 879 284 909 qum
295 871 319 900 si
335 876 426 906 recte,
441 873 463 901 si
477 873 523 911 pie
549 872 738 902 considerare
752 871 944 905 voluerimus,

117 913 315 953 intelligimus
328 916 417 954 prolw
431 921 458 945 t0
471 927 574 946 omnes
586 917 656 946 alias
677 915 833 954 religiones
845 915 942 947 falsas,

119 959 216 992 fictas,
236 959 338 988 inanes
348 969 379 989 ac
399 961 632 1000 superstitiosus,
652 961 725 990 hanc
742 969 810 989 vero
828 959 946 989 unicam

119 1003 254 1032 velitatis
285 1004 510 1042 imlagzntricem,
543 1006 799 1043 inventriremque
829 1004 943 1033 fuisse:

119 1048 164 1077 rel
181 1057 263 1086 quas,
282 1058 347 1087 qua-
373 1053 499 1085 terrena,
532 1050 704 1086 temporalia
732 1054 817 1088 a'que
835 1048 947 1085 fragilia

121 1095 203 1125 sunt,
217 1091 276 1121 suis
289 1092 530 1123 observan-ribus
547 1093 695 1131 polliceri.
726 1093 800 1123 hanc
816 1092 946 1122 coelesti-

125 1134 311 1165 bnsa-ternis
331 1146 363 1165 ac
382 1137 673 1167 inetmuuutnbilibus
686 1137 782 1175 bonis,
802 1141 944 1176 perpetua

123 1180 253 1219 denique
267 1181 406 1211 felicitate
416 1182 542 1211 cultores
564 1192 633 1211 suos
649 1182 837 1212 ornatissime
854 1182 943 1211 (10(ῑο-

121 1233 199 1254 rare.
222 1225 327 1254 Verum
343 1226 377 1254 ad
397 1226 482 1266 hujus
499 1232 604 1256 nostrae
628 1227 779 1265 religionis
793 1226 943 1257 veritatem

122 1269 289 1308 pertingere
306 1270 447 1309 cupienti,
475 1272 729 1310 peruecessarium
747 1276 791 1301 cst
815 1271 943 1301 animam

123 1313 201 1343 vitiis
217 1323 336 1347 exuere.
353 1316 458 1345 vestire
487 1315 653 1351 virtutibus,
685 1320 713 1345 et
738 1320 849 1354 sancte,
864 1315 944 1354 juste

121 1362 210 1397 atque
225 1358 399 1388 innocenter
414 1359 499 1388 vitam
516 1360 636 1391 ducere.
657 1361 738 1390 Sicut
750 1360 828 1389 enim
846 1360 945 1398 lingua

987 835 1054 855 eum
1071 834 1105 854 e\'
1120 825 1248 864 peccatis
1261 825 1407 865 praecipue
1418 824 1579 865 proveniat,
1596 834 1656 855 non
1674 824 1805 864 profecto

987 870 1037 900 rell
1056 869 1083 898 lit
1101 869 1135 898 ad
1150 869 1391 900 hancsublimem
1402 868 1554 899 veritatem
1563 868 1808 899 considerandam

988 914 1154 944 interiores.
1165 913 1304 954 Quisquis
1316 913 1404 953 igitur
1422 913 1482 943 vult
1497 912 1671 944 Christiante
1685 913 1808 952 religio-

989 959 1034 988 nis
1046 957 1217 997 dignitatem
1233 963 1318 998 atque
1335 957 1539 988 excellentiam
1555 958 1810 998 apprimeintelli-

987 1011 1066 1040 gere,
1085 1002 1210 1041 ejusque
1224 1002 1394 1032 reconditos
1422 1003 1575 1032 thesauros
1590 1002 1709 1042 intueri,
1729 1002 1812 1042 prius

990 1047 1105 1076 studeat
1120 1055 1202 1076 suam
1229 1056 1353 1086 purgare
1381 1046 1615 1084 conscientiam;
1641 1051 1668 1077 et
1684 1047 1810 1078 latebras

990 1091 1095 1121 aniuue.
1112 1100 1171 1120 suae
1186 1091 1346 1129 diligenter
1360 1091 1523 1132 inquirens,
1536 1091 1559 1121 si
1571 1091 1641 1131 quid
1652 1091 1808 1129 invenerit,

991 1135 1067 1175 quod
1093 1136 1187 1166 Ileum
1217 1135 1323 1166 merito
1353 1138 1445 1175 possit
1472 1136 1633 1173 oti'endere,
1664 1135 1692 1166 id
1708 1136 1810 1176 procul

987 1179 1116 1219 abjiciat,
1135 1189 1228 1219 seque
1244 1180 1386 1210 mundum
1403 1189 1436 1210 ac
1465 1188 1569 1220 purum
1585 1180 1808 1220 receptaculum

987 1226 1048 1256 Deo
1065 1228 1217 1264 praeparet.
1245 1224 1282 1254 Et
1305 1233 1472 1265 quanquam
1499 1233 1553 1254 nos
1573 1225 1652 1255 velut
1672 1224 1808 1256 homines

987 1269 1114 1309 peccatis
1143 1269 1263 1299 obnoxii
1295 1269 1395 1309 (nemo
1425 1269 1516 1305 enim,
1547 1273 1579 1299 ut
1606 1268 1701 1309 inquit
1727 1268 1810 1300 Scri-

986 1318 1072 1353 ptura
1086 1313 1108 1350 9,
1126 1313 1246 1353 gloriari
1262 1317 1359 1354 potest
1374 1313 1520 1344 mundum
1537 1323 1569 1344 se
1594 1313 1705 1344 habere
1730 1313 1807 1354 cor),

985 1367 1122 1388 curamus
1138 1363 1236 1389 tamen
1252 1369 1340 1398 quam
1358 1358 1577 1398 maximeatque
1592 1359 1629 1389 ad
1642 1358 1670 1388 id
1687 1368 1807 1390 omnem

123 1402 249 1432 febrium
265 1404 424 1433 ardoribus
441 1404 600 1443 praepedita
616 1405 671 1434 vini
689 1405 876 1434 dulcedinem
893 1408 975 1443 gu-B
987 1402 1186 1442 impendimus
1203 1413 1324 1443 operam
1341 1407 1372 1433 ut
1387 1403 1417 1433 in
1433 1403 1539 1434 semita
1553 1402 1720 1434 divinorum
1728 1413 1809 1434 man-

123 1451 201 1477 stare
218 1457 274 1478 non
292 1453 389 1487 potest
405 1460 411 1482 ;
430 1453 479 1478 aut
494 1449 599 1478 oculus
616 1449 881 1488 tnalisquibusdam
893 1449 944 1479 hu-

127 1491 259 1521 moribus
273 1500 433 1531 occupa‘us
449 1493 609 1523 claritatem
641 1494 762 1523 ltnuinis
778 1493 879 1533 nequit
896 1494 943 1524 in-

125 1536 198 1566 tueri
212 1547 219 1575 ;
237 1537 280 1566 sic
295 1538 410 1566 animus
421 1542 609 1577 peccatorqu
627 1538 757 1568 tenebris
773 1538 941 1574 otiosi-atus,

124 1584 153 1610 et
168 1580 302 1610 vitiorum
322 1582 398 1611 mole
415 1591 575 1621 oppressus
602 1582 637 1612 ad
655 1582 882 1622 contemplanda
897 1582 944 1612 di—

104 1650 107 1655 κ
124 1625 191 1654 vina
206 1625 342 1665 mysteria
360 1626 526 1665 pertingere
556 1627 722 1657 nullatenus
750 1632 853 1666 potest.
873 1628 936 1658 Pro:

123 1674 224 1708 pterea
259 1669 333 1700 labia
365 1670 445 1700 lsaize
478 1671 626 1710 prophetae
655 1672 768 1701 calrulo
797 1672 833 1701 de
862 1672 946 1702 altari

123 1718 241 1752 sutnpto
252 1715 441 1754 inundantur,
452 1720 477 1745 et
490 1715 531 1744 sic
543 1716 577 1745 ad
590 1717 806 1755 praedicandum
820 1717 946 1747 idoneus

123 1758 270 1788 redditur.
289 1759 363 1789 Hinc
379 1760 484 1789 factum
502 1769 566 1789 esse
595 1760 808 1795 existimamus,
827 1767 858 1791 ut
873 1762 945 1791 reli-

123 1803 217 1842 gionis
245 1809 353 1835 nostrie
385 1804 558 1834 traditiones
589 1805 946 1844 plerisquedeliramenta

124 1847 288 1885 videantur,
322 1848 370 1887 qui
401 1858 467 1878 cum
497 1849 605 1878 aditem
636 1849 712 1878 vitiis
740 1850 942 1888 patel'ccerint,

124 1892 277 1922 virtutibus
295 1892 510 1932 pragrluserint,
541 1894 658 1922 stultam
689 1898 790 1932 putant
811 1903 876 1924 esse
891 1895 944 1924 do-

124 1936 256 1973 ctrinam,
277 1946 340 1976 qua‘
349 1941 428 1967 arcet
444 1937 620 1976 voluptates,
635 1937 751 1967 rollibel
774 1937 940 1974 illecebras,

125 1980 368 2011 incuntinenliam
398 1981 528 2017 damnat,
561 1981 706 2011 luxuriam
737 1982 885 2021 prohibet,
915 1988 943 2013 et

124 2035 227 2055 sensus
258 2027 372 2055 noStros
402 2025 525 2061 ratione,
556 2026 661 2055 virtute.
688 2036 722 2056 ac
746 2026 941 2057 sanctimonia

986 1447 1122 1478 datorum
1139 1447 1334 1481 ambulantes.
1352 1447 1485 1478 devotam
1500 1447 1603 1478 saltem
1620 1451 1649 1478 et
1664 1447 1808 1478 humilem

987 1492 1165 1522 voluntatem
1182 1491 1308 1522 Domino
1324 1492 1527 1522 exhibeamus.
1545 1491 1586 1522 Ac
1601 1496 1759 1532 propterea
1771 1492 1810 1523 de

987 1536 1079 1576 ipsius
1095 1536 1224 1567 bonitate
1246 1536 1513 1576 misericordiaque
1534 1536 1648 1572 conﬁsi,
1665 1536 1716 1576 qui
1731 1536 1761 1567 in
1777 1546 1809 1568 se

986 1581 1169 1620 sperantium
1198 1590 1302 1620 preces
1317 1580 1446 1615 exaudit.
1466 1585 1495 1611 et
1525 1590 1576 1621 pro
1604 1581 1717 1611 viribus
1733 1581 1809 1613 bene

987 1634 1075 1664 agere
1091 1629 1242 1665 conantes,
1272 1634 1330 1655 non
1355 1625 1482 1665 despicit
1498 1633 1505 1662 ;
1533 1625 1643 1665 aliquid
1658 1624 1695 1655 de
1710 1629 1810 1655 uestra

987 1669 1057 1699 ﬁdei
1075 1669 1248 1700 exce‘lentia
1264 1669 1396 1700 scribere
1411 1670 1661 1709 prmsumpsimus,
1675 1679 1732 1709 quo
1744 1669 1810 1700 inﬁ-

987 1714 1071 1744 deles
1086 1717 1109 1743 si
1128 1714 1190 1744 ﬁeri
1210 1718 1304 1753 potest
1320 1714 1503 1750 erudiuntur,
1522 1713 1688 1754 eruditique
1703 1714 1808 1745 ﬁdeles

989 1767 1056 1788 vero
1073 1758 1207 1788 fortiores
1223 1758 1466 1798 robustioresque
1483 1758 1659 1789 etiiciantur.

1028 1802 1204 1842 Dignitatem
1231 1802 1406 1833 Christianae
1434 1803 1586 1842 religionis
1613 1813 1647 1834 ex
1662 1803 1727 1843 ipso
1744 1803 1806 1844 pri-

987 1856 1065 1876 mum
1083 1847 1251 1877 Institutore
1280 1852 1367 1887 atque
1394 1848 1523 1878 Auctore
1552 1847 1622 1878 licet
1643 1848 1762 1884 intueri,
1780 1852 1809 1880 et

985 1901 1051 1921 cum
1065 1901 1116 1922 ore
1132 1892 1230 1922 divino
1247 1892 1380 1923 instituta
1396 1893 1444 1929 sit,
1462 1892 1618 1932 solumque
1642 1892 1736 1923 Deum
1752 1893 1807 1923 ha-

985 1935 1051 1966 beat
1068 1940 1218 1966 auctorem
1237 1947 1243 1966 :
1274 1937 1345 1976 quid
1377 1937 1483 1967 mirum
1500 1936 1525 1967 si
1541 1947 1647 1967 omnes
1661 1938 1734 1968 alias
1749 1938 1807 1968 do-

985 1981 1104 2020 ctrinas,
1118 1981 1291 2021 disciplinas
1304 1985 1332 2011 et
1347 1981 1507 2020 religiones
1528 1982 1614 2021 longe
1631 1981 1807 2013 antecedit?

983 2025 1065 2060 Quud
1084 2025 1161 2055 enim
1178 2035 1194 2056 a
1209 2025 1348 2065 digniori,
1366 2026 1540 2065 sapientiori
1554 2031 1643 2066 atque
1653 2027 1806 2057 excellen-

123 2070 267 2108 regendos
277 2079 341 2100 esse.
359 2074 491 2100 testatur.
511 2071 582 2100 Cum
599 2070 678 2100 enim
703 2071 872 2101 hominibus
889 2070 1050 2106 vo-(]liori
1067 2070 1233 2100 institutum
1262 2076 1326 2107 est;
1360 2070 1429 2108 il‘is,
1461 2080 1525 2110 qum
1553 2071 1589 2100 ad
1617 2071 1806 2101 inferioribus

126 2113 194 2144 ritas
207 2113 305 2143 divino
319 2114 522 2144 munereinno
540 2118 631 2150 esrat,
649 2119 677 2144 et
693 2116 788 2145 (unnis
803 2118 909 2146 veritas
926 2127 941 2147 a

125 2158 232 2197 Spiritu
245 2164 347 2189 sancto
365 2159 420 2188 sit;
437 2159 504 2188 mali
521 2163 659 2189 autemet
675 2160 751 2190 vitiis
765 2161 855 2190 dediti
873 2160 941 2200 Spi-

126 2202 196 2233 ritus
213 2203 305 2233 sancti
319 2202 442 2242 gratiam
461 2203 570 2234 habere
594 2214 650 2234 non
680 2206 799 2244 possint,
826 2206 942 2235 dicente

126 2247 268 2278 Domino:
300 2249 398 2288 Super
413 2258 499 2287 quem
525 2250 685 2288 rer/rursm!
702 2250 832 2288 Spiritus
848 2259 940 2286 mem,

127 2294 183 2323 nisi
198 2302 291 2332 super
307 2293 923 2333 Immilmnelquietumuclrruwntmtrrrb
934 2306 943 2323 ι

127 2337 207 2367 mra‘
221 2337 321 2373 ‘?Quid
340 2338 460 2377 mirum,
477 2338 501 2368 si
519 2342 655 2377 peccatur
671 2339 807 2377 indignus
823 2344 877 2373 est.
897 2340 942 2369 cui

126 2380 275 2419 religionis
292 2381 464 2412 Christianae
481 2382 646 2411 sublimila»
669 2383 818 2421 aperiatur
833 2383 848 2412 ‘?
870 2382 940 2412 Nam

127 2425 173 2465 qui
189 2435 220 2455 se
238 2430 328 2456 totum
357 2427 385 2456 in
409 2436 492 2457 emno
518 2426 695 2466 voluptatum
715 2427 940 2463 mumlauarum,

130 2470 203 2500 velut
219 2479 269 2500 sus
282 2470 310 2500 in
327 2470 388 2501 luto
418 2470 572 2500 involveril
598 2480 630 2501 ac
645 2471 823 2501 demerserit
842 2482 848 2508 ;
865 2481 941 2510 quo-

130 2514 210 2544 nrldu
228 2515 335 2554 poterit
350 2520 406 2545 tam
432 2515 604 2554 profundam
631 2515 780 2546 Veritatem
799 2520 854 2545 tant
872 2517 939 2552 alta,

129 2562 242 2599 tamque
258 2563 373 2589 secreta
390 2560 527 2599 mysteria
556 2559 700 2599 speculari
717 2559 729 2590 ἲ
759 2562 830 2595 Qum
846 2560 868 2589 si
887 2561 946 2599 ple-

130 2612 251 2642 rumque
268 2603 367 2633 minus
393 2604 528 2634 hotuincs
544 2604 705 2643 intelligant
721 2615 806 2645 quem
824 2606 941 2641 vellent,

129 2655 181 2676 non
199 2652 255 2678 tam
268 2647 385 2677 illorum
402 2647 603 2688 profunditati,
621 2658 685 2688 quae
703 2653 800 2678 tamen
819 2648 944 2679 maxima

165 2733 172 2753 ¹
190 2731 246 2763 Isa.
263 2740 343 2770 vat,
361 2732 390 2762 2.
433 2733 446 2754 2
458 2733 544 2765 Prov.
561 2743 613 2770 xx,
631 2734 658 2765 9.

982 2114 1141 2145 Constitula
1156 2119 1234 2151 sunt,
1252 2115 1422 2154 debetJ'ure
1445 2115 1598 2145 anteferri.
1628 2116 1676 2146 Sic
1701 2125 1805 2154 regum

984 2161 1055 2189 srita
1071 2159 1178 2189 ducum
1195 2164 1283 2199 atque
1310 2159 1450 2190 comitum
1475 2160 1679 2190 sanctionibus
1701 2160 1805 2200 praefe-

983 2208 1106 2240 runtur;
1134 2209 1161 2233 et
1186 2213 1251 2243 qum
1267 2213 1283 2233 a
1311 2203 1473 2242 majoribus
1489 2203 1808 2243 excellentioribusque

985 2248 1203 2285 magistratibus
1221 2248 1442 2288 przecipiuntur,
1452 2248 1539 2277 veluti
1552 2247 1690 2286 digniora
1702 2248 1808 2287 majori

985 2303 1017 2323 su
1035 2298 1052 2322 -.t
1064 2292 1248 2323 observantia
1261 2292 1460 2332 exsequenda.
1469 2292 1544 2327 Quid
1555 2297 1661 2322 autem
1669 2292 1808 2331 dignius?

985 2338 1053 2377 quid
1067 2337 1160 2376 majus
1172 2337 1187 2366 ‘I
1202 2337 1271 2376 quid
1286 2337 1494 2373 excellentius,
1511 2346 1598 2376 quam
1616 2337 1808 2376 professionis

985 2392 1044 2411 SHB
1058 2391 1205 2411 summum
1218 2381 1300 2411 illum
1314 2391 1347 2411 ac
1362 2381 1615 2420 sapientissimum
1631 2390 1731 2412 rerum
1741 2391 1806 2412 om-

986 2426 1067 2456 nium
1091 2427 1227 2466 opiﬁcem
1249 2426 1341 2456 Deum
1359 2426 1468 2456 habere
1484 2430 1634 2457 auctorem
1652 2426 1664 2457 Υ
1687 2426 1809 2457 Accedit

986 2471 1052 2501 huic
1069 2471 1110 2501 rei
1128 2471 1256 2511 amplior
1273 2471 1405 2510 dignitas
1423 2479 1430 2507 ;
1460 2471 1529 2510 quia
1558 2480 1615 2501 non
1643 2480 1708 2501 eam
1724 2471 1809 2501 nobis

984 2516 1006 2546 Ι)
1029 2526 1062 2545 us
1080 2526 1131 2556 per
1145 2516 1276 2556 angelos,
1294 2526 1350 2547 non
1377 2525 1430 2556 per
1452 2516 1600 2553 homines,
1618 2525 1676 2548 non
1693 2525 1745 2556 per
1760 2516 1804 2546 le-

986 2565 1078 2600 gntosy
1096 2565 1145 2590 aut
1161 2561 1289 2597 nuntios,
1307 2561 1357 2592 sed
1377 2570 1428 2601 per
1457 2561 1608 2600 proprium
1625 2559 1731 2591 Filium
1749 2560 1806 2591 sibi

986 2609 1178 2644 (IUiBlt'l'nUlll,
1193 2611 1223 2635 et
1238 2605 1517 2636 consubstantialem
1539 2605 1655 2636 tradere
1671 2605 1806 2644 dignatus

985 2655 1039 2685 est,
1053 2659 1139 2690 quem
1152 2659 1185 2681 ex
1199 2651 1265 2682 sinu
1281 2660 1333 2681 suo
1350 2650 1428 2681 misit
1440 2650 1471 2681 in
1487 2654 1603 2681 uterum
1619 2649 1758 2690 Virginis,
1775 2653 1806 2680 ut
