1970 3064
62 99 133 132 277

549 100 599 130 DE
620 96 828 130 RELIGIONE
848 94 1085 128 CHRISTIANA
1106 95 1292 126 LIBELLUS

1702 89 1739 122 27

64 165 225 206 traderet,
248 176 373 208 eamque
388 166 479 197 verbo
499 169 526 196 et
545 163 679 205 exemplo
696 164 895 208 confirmaret,
907 166 930 196 Α
942 172 1002 208 prro
1025 161 1180 208 fragilitate
1204 165 1313 208 nostra.
1333 165 1362 192 et
1376 161 1512 191 humana
1525 163 1638 191 naturae
1653 169 1760 208 corru-

71 219 173 241 carne
188 212 283 242 induit
313 206 440 242 humana
469 211 499 241 in
529 214 612 240 utero
642 208 786 246 virginali,
813 206 901 237 utsic

73 264 189 293 novus,
207 261 235 286 et
249 257 436 293 miracul05e,
455 265 489 286 ac
507 264 564 294 pra?
580 264 613 284 er
639 253 773 283 ordinem
791 255 902 281 naturae

73 304 181 339 natus,
197 311 253 331 non
263 302 543 340 homotantum,nec
553 300 759 333 Deustantum,
768 297 819 326 sed
827 296 901 326 Deus

74 348 106 373 et
120 345 224 382 homo,
239 355 341 376 novam
354 346 439 380 hanc,
455 345 570 379 miram,
586 348 612 374 et
625 342 707 382 quasi
722 344 900 381 supernatu-

71 387 177 419 ralein
194 390 287 428 legem
301 390 438 420 omnibus
454 389 623 419 hominibus
640 386 820 427 pra-dicaret,
836 385 888 414 illu

74 433 270 474 miuaretque
288 435 453 465 mortalitun
472 439 595 463 mentes.
610 441 719 471 eosque
730 430 860 461 doceret.
875 433 902 458 et

71 477 193 508 relictis
210 489 343 509 errorum
362 479 491 509 tenebris
506 488 539 508 ac
558 474 901 517 peccatorumillecebris

69 520 223 563 falsisque
242 523 464 560 blandimentis,
479 525 598 552 virtutes
610 521 900 560 aniplectervntur,et

72 565 302 598 deducerentur
317 577 433 608 quoque
459 568 493 597 ad
510 567 571 597 veri
589 566 639 597 Dei
656 564 867 608 cognitionem,
884 572 901 592 a

71 619 151 649 quo.
170 616 197 642 et
212 613 297 652 cujus
312 607 398 643 causa
414 611 525 643 conditi
539 613 638 641 essent
652 620 659 650 ;
676 618 762 649 quem
781 607 899 638 tandem

73 655 233 694 cognitum
250 661 310 688 toto
339 657 440 696 corde,
472 660 530 686 tota
559 661 657 686 mente
686 653 853 691 diligerent,
873 655 900 681 et

73 704 183 730 sancto
199 711 232 732 ac
248 702 351 732 devoto
366 702 510 732 sacriﬁcio
528 697 762 737 honorarent;ei
779 697 899 726 demum

69 744 191 784 jugiter
206 746 378 783 servientes,
396 745 580 776 ambulantes
609 751 725 783 quoque
741 741 769 771 in
787 740 900 771 semitis

944 207 1021 246 ptrla
1032 207 1246 238 amitteremus.
1266 206 1296 236 in
1312 211 1411 236 nostra
1426 209 1503 236 esset
1520 209 1662 244 potestate
1677 205 1759 236 illam

944 260 996 290 per
1007 251 1071 281 ha‘c
1080 251 1394 290 salutariaadjumenta
1404 259 1592 290 recuperare.
1610 252 1652 280 Ea
1660 255 1759 280 autem

943 300 1010 324 sunt
1036 296 1120 325 haec:
1151 295 1323 334 baptismus,
1351 294 1533 334 poenitentia,
1566 294 1759 332 conﬁrmatio,

945 339 1134 375 eucharistia,
1151 339 1382 375 matrimonium,
1414 339 1498 376 ordo,
1515 342 1544 370 et
1560 343 1691 370 extrema
1706 349 1762 370 un-

944 384 1014 415 clio.
1032 384 1141 414 lloruin
1170 387 1248 414 tanta
1273 388 1317 414 est
1347 384 1399 419 vis,
1428 388 1507 414 tanta
1537 387 1674 424 potestas,
1692 383 1763 414 utsi

944 428 999 458 rite
1027 438 1061 458 ac
1091 428 1222 468 legitime
1251 428 1505 466 adn‘inistrentur,
1536 428 1571 458 ab
1602 428 1684 459 omni
1708 437 1763 460 nos

945 473 1059 503 valeant
1088 473 1221 513 quamvis
1251 473 1349 503 lethali
1379 473 1500 504 vulnere
1529 482 1562 503 ac
1593 473 1762 513 pernicioso

944 518 1046 548 inorbo
1062 527 1177 554 curare,
1194 526 1223 548 et
1246 517 1450 558 pulcherrimae
1483 518 1643 548 valetudini
1670 518 1762 548 resti-

943 567 1035 593 tuere.
1051 562 1118 593 Hzec
1128 568 1224 593 autem
1239 563 1339 593 omnia
1351 562 1549 593 consideranti
1564 562 1687 603 mihi,ac
1697 571 1763 602 per-

942 617 1020 647 sznpe
1032 608 1078 648 pic
1089 613 1178 648 atque
1194 608 1330 647 religiose
1349 608 1447 638 animo
1463 608 1634 645 revolventi,
1647 608 1760 638 nullum

941 653 1057 682 videtur
1072 653 1178 692 majus,
1196 653 1311 683 nullum
1329 652 1506 689 mirabilius,
1524 662 1611 692 quam
1628 652 1762 692 corporis

942 698 1129 735 etsanguinis
1144 697 1262 729 Domini
1278 703 1508 734 sacramentum,
1523 697 1603 735 quod
1620 696 1760 727 euchari-

941 741 1026 771 stiam
1052 751 1216 772 vocamus:
1247 742 1330 781 cujus
1360 740 1553 782 speculationi
1582 740 1696 780 quoties
1710 740 1761 770 in-

75 781 287 820 mandatorum
304 781 380 829 ejus,
395 781 897 822 adaaternamillambealitudinem,
910 781 1041 822 Btendo,
1061 786 1145 816 toties
1162 787 1268 816 mirum
1286 788 1315 816 in
1331 786 1452 817 modum
1469 785 1655 825 obstupesco,
1674 789 1762 825 atque

73 833 244 864 cmlestium
261 844 377 874 quoque
405 834 560 874 spirituum
588 831 769 863 consortiutn
786 829 897 868 dignis-

73 877 156 908 sime
172 885 366 910 Vocarentur:
385 879 434 909 ubi
449 878 612 908 secundum
627 874 822 916 ApostolumG
841 884 897 903 non

73 930 132 961 per
148 924 300 962 speculum
318 924 347 953 in
362 923 526 962 mttigmate,
544 921 632 952 veluti
660 921 689 950 in
705 920 760 950 hoc
777 919 896 957 saeculo,

73 965 130 996 sed
149 967 277 997 revelata
294 968 367 998 facie
383 968 509 997 divinam
527 967 606 996 illum
624 965 808 1003 ntajestatem
824 972 897 992 eon—

74 1011 311 1049 templabimur;
330 1012 359 1041 in
376 1021 432 1052 quo
448 1020 592 1041 summam
610 1018 676 1039 esse
692 1007 821 1038 hominis
836 1007 898 1036 [ηιμ

73 1053 197 1084 citatetn
215 1051 448 1095 immensamque
462 1056 648 1094 voluptatem.
666 1051 817 1082 nentouisi
832 1060 896 1080 ma-

73 1097 159 1128 xime
174 1099 298 1129 demens
315 1100 500 1130 inﬁciabitur.
531 1099 598 1129 Haec
627 1101 670 1128 est
687 1097 774 1136 hujus
791 1099 898 1125 nosttae

77 1144 258 1182 evztttgelitta‘
275 1144 440 1174 traditionis
456 1154 569 1174 summa
587 1153 593 1180 ;
613 1153 640 1172 in
656 1143 712 1172 hoc
729 1141 790 1172 sola
804 1140 898 1180 ipsius

72 1187 119 1216 vis
138 1188 288 1226 pendent;
301 1190 335 1219 ad
352 1190 407 1220 hoc
423 1189 485 1228 ejus
501 1192 630 1218 sunttani
644 1189 799 1226 przecepta,
810 1193 896 1223 quam

75 1231 203 1262 consilia
220 1233 370 1263 instituta:
403 1234 450 1264 hic
481 1232 604 1272 piissimi
631 1235 657 1260 et
674 1229 897 1260 clementissimi

77 1275 255 1314 legislatoris
273 1278 362 1308 nostri
377 1278 462 1314 linis;
489 1278 550 1308 haac
566 1276 689 1306 intentio
705 1285 712 1314 ;
732 1274 785 1304 hoc
803 1274 865 1313 ipse
880 1282 896 1302 a

76 1321 164 1351 nobis
180 1331 233 1362 per
248 1323 433 1362 Unigcnitum
451 1333 546 1358 suum,
579 1331 666 1362 quem
691 1320 725 1350 ad
744 1319 894 1349 ferendam

75 1364 152 1394 hanc
167 1367 260 1405 legent
280 1368 368 1404 misat,
386 1368 533 1398 instanter
549 1370 659 1402 monet,
678 1366 821 1400 hortatur,
840 1372 894 1402 po-

76 1410 165 1440 stulat
182 1417 209 1441 et
225 1413 369 1451 requirit;
387 1417 417 1442 ut
433 1412 481 1452 qui
494 1412 622 1442 creando
630 1414 734 1441 cuncta
749 1418 783 1439 ex
802 1407 894 1438 nihilo

941 840 1001 869 prae
1017 835 1102 861 tantae
1127 831 1170 861 rei
1200 840 1270 862 suav
1285 835 1353 871 tate,
1383 831 1514 861 anitnum
1546 834 1627 860 extra
1642 838 1675 860 se
1690 829 1761 860 ferri

940 884 1104 913 cognosco:
1133 876 1211 915 quod
1241 876 1408 916 cuicunque
1433 879 1543 906 attente
1558 874 1761 906 consideranti

941 919 1059 950 evenire
1084 930 1170 959 posse
1186 930 1243 950 non
1259 921 1371 951 dubito.
1389 920 1459 956 Quis
1474 920 1553 950 enim
1569 928 1628 949 non
1644 928 1760 950 summe

940 963 1145 1004 atlinirabitur,
1159 974 1224 995 cum
1238 965 1319 995 audit
1331 965 1524 995 substantiam
1534 963 1760 1003 corruptibilem

941 1010 1025 1048 panis
1041 1014 1069 1040 et
1082 1010 1142 1040 vini
1157 1011 1186 1040 in
1202 1020 1302 1041 verum
1328 1011 1444 1041 Domini
1460 1010 1552 1040 nostri
1566 1009 1634 1041 Jesu
1651 1008 1761 1040 Christi

940 1063 1057 1093 corpus,
1074 1059 1103 1084 et
1115 1055 1289 1093 sanguinem
1303 1055 1467 1085 sacerdotis
1479 1054 1642 1085 ministerio
1660 1057 1759 1084 trans-

941 1098 1045 1128 mutari
1060 1098 1075 1127 ?
1107 1108 1173 1129 cum
1204 1099 1291 1130 lectio
1312 1099 1362 1129 illa
1377 1099 1548 1138 evangelica
1560 1099 1622 1129 suis
1637 1097 1760 1130 auribus

939 1142 1069 1174 intonat:
1082 1142 1152 1173 Nisi
1162 1144 1352 1174 comederitt's
1367 1153 1491 1175 carnem
1502 1143 1574 1174 Filii
1589 1143 1719 1174 hominis
1729 1147 1760 1174 et

939 1196 970 1217 su
976 1188 1120 1225 nguinem
1126 1189 1187 1227 ejus
1194 1188 1401 1224 biberitis,non
1412 1188 1559 1220 habebitis
1567 1188 1661 1218 vitam
1671 1188 1703 1218 in
1709 1197 1760 1218 vo-

939 1232 982 1262 bis
993 1232 1017 1263 7.
1035 1232 1069 1262 Et
1081 1233 1151 1262 alihi
1165 1242 1171 1264 :
1186 1233 1280 1272 Caro,
1293 1233 1397 1273 inquit,
1413 1242 1479 1264 mea
1493 1241 1563 1264 vere
1573 1232 1717 1270 estcibus,
1730 1237 1760 1264 et

939 1278 1065 1315 sanguis
1076 1286 1160 1308 meus
1174 1287 1240 1309 vere
1255 1281 1297 1309 est
1312 1282 1416 1317 potus;
1428 1279 1480 1318 qui
1486 1278 1758 1316 man-ducat,mcam

937 1331 1071 1359 (ornem,
1085 1326 1112 1352 et
1125 1322 1196 1354 bibit
1207 1332 1304 1354 meum
1314 1324 1504 1362 sanguinem,
1516 1323 1549 1353 in
1559 1332 1605 1354 me
1619 1326 1721 1354 manet
1729 1325 1758 1354 et

937 1376 990 1406 ego
1003 1367 1036 1397 in
1053 1376 1086 1398 eo
1100 1368 1125 1396 8.
1141 1369 1244 1408 Stupet
1256 1368 1386 1407 profecto
1403 1369 1549 1398 humanus
1564 1367 1691 1404 animus,
1709 1370 1755 1397 at-

937 1421 993 1451 que
1009 1411 1044 1442 ad
1054 1411 1125 1442 tales
1134 1421 1287 1443 sermones
1299 1416 1375 1442 totus
1385 1411 1597 1448 contremiscit,
1611 1415 1757 1452 tantaeque

74 1463 158 1485 suam
176 1457 302 1487 maxime
318 1458 558 1497 oninipoteutiam
567 1456 707 1491 ostendit,
720 1454 890 1495 sapientiam
903 1467 924 1497 ρ
937 1456 978 1486 rei
995 1456 1189 1487 admiratione
1205 1457 1379 1497 plerumque
1395 1460 1477 1487 extra
1493 1466 1526 1486 se
1541 1456 1644 1488 fertur.
1663 1456 1757 1488 Cum-

74 1507 145 1529 vero
162 1505 259 1530 creata
277 1506 355 1531 tanto
385 1502 490 1532 ordine
518 1501 649 1540 regendo
681 1505 768 1540 atque
783 1498 892 1538 guber-

76 1544 195 1580 nando;
214 1555 266 1576 nos
282 1547 399 1578 tandem
415 1555 431 1576 a
457 1546 584 1586 peccatis
614 1549 642 1575 et
672 1543 822 1575 erroribus
839 1544 893 1572 hoc

76 1589 203 1621 mirabili
212 1592 298 1622 modo
305 1592 457 1623 libi-rando
465 1592 607 1623 inﬁnitam
615 1600 697 1622 suam
705 1588 891 1621 clementiam

75 1637 162 1673 atque
178 1635 412 1666 misericordiam
427 1636 653 1666 demonstraret.

116 1678 192 1709 Nihil
211 1680 297 1719 igitur
321 1681 376 1712 hac
398 1685 499 1712 nostra
527 1681 694 1713 Christiana
708 1678 894 1720 professione

77 1727 171 1763 potest
182 1725 442 1765 reperiridignius,
456 1726 528 1757 nihil
544 1724 723 1766 prwclarius,
739 1724 812 1754 nihil
828 1724 892 1754 fru—

77 1768 224 1807 ctuosius;
241 1770 300 1801 sive
317 1770 490 1809 legislatoris
505 1770 760 1810 dignitatem,sive
771 1768 892 1799 institu-

75 1812 196 1850 tionem,
205 1814 332 1853 ipsarum
344 1819 372 1845 et
383 1815 573 1846 traditionum
585 1814 823 1850 sanctimoniam,
832 1812 894 1843 sive

77 1862 193 1888 mternaa
205 1858 352 1890 felicitatis
364 1859 500 1899 gloriam,
522 1859 557 1889 ad
579 1868 665 1899 quam
681 1866 830 1894 vocamur,
847 1857 894 1887 di-

76 1901 200 1941 ligenter
208 1904 443 1934 animadvertere
453 1903 644 1934 voluerimus.
652 1902 794 1934 Utautem
806 1902 891 1941 nihil,

77 1946 152 1987 quod
165 1947 199 1977 ad
213 1949 337 1979 salutem
350 1955 478 1979 nostram
496 1948 645 1988 pertinere
655 1951 764 1987 posset,
778 1946 893 1987 sapien-

80 1991 208 2022 tissimus
234 1992 382 2032 legislator
416 1993 664 2033 praetermitteret,
696 1991 893 2022 sacratissima

79 2036 207 2076 quaedam
233 2042 419 2068 sacramenta
445 2037 570 2068 instituit
599 2041 706 2067 nostra:
731 2036 893 2075 fragilitatis

937 1509 994 1540 que
1010 1505 1067 1530 tam
1085 1501 1231 1532 mirabilis
1244 1501 1420 1532 sacramenti
1449 1501 1618 1540 cognitione
1633 1501 1753 1532 intelle—

935 1549 999 1576 ctus
1027 1545 1258 1585 profunditatem
1287 1555 1401 1582 eorum,
1433 1556 1498 1586 quae
1525 1546 1555 1576 in
1585 1556 1620 1576 eo
1652 1546 1753 1584 latent,

936 1589 1140 1629 mysteriorum
1153 1591 1277 1621 scrutari
1286 1590 1466 1631 avidecupit,
1480 1595 1756 1622 tantorumarcano-

934 1643 999 1664 rutn
1017 1635 1219 1674 magnitudine
1236 1644 1354 1675 pressus
1368 1635 1398 1666 in
1415 1635 1478 1676 ipso
1494 1640 1598 1666 conatu
1614 1645 1753 1666 succum-

936 1678 1021 1714 bens,
1036 1679 1113 1719 quod
1126 1679 1224 1710 minus
1236 1679 1364 1720 perfecte
1374 1680 1524 1720 intelligit,
1536 1681 1755 1720 quammaxime

935 1724 1107 1764 admiratur,
1125 1725 1228 1755 dicens
1241 1734 1307 1755 cum
1319 1724 1480 1765 Propheta:
1493 1726 1676 1763 Memoriam
1684 1727 1755 1765 fecit

935 1769 1121 1800 mirabilium
1131 1778 1255 1800 suorum
1267 1770 1422 1800 miseralor
1430 1774 1457 1801 et
1466 1771 1636 1801 misericors
1647 1770 1754 1802 Domi-

934 1822 992 1844 nus
1002 1822 1100 1844 escam
1114 1814 1195 1845 dedit
1212 1814 1389 1844 timentibus
1407 1814 1469 1844 3/29.
1486 1814 1520 1845 Et
1535 1815 1666 1853 profecto
1687 1825 1754 1846 om-

936 1868 1003 1888 nem
1019 1858 1244 1889 admirationem
1261 1859 1388 1899 excedit,
1399 1861 1498 1890 omnia
1509 1860 1656 1891 mirabilia
1664 1870 1756 1901 supe-

934 1907 979 1933 rat
1003 1903 1070 1943 quia
1083 1903 1137 1934 sub
1155 1904 1263 1934 modici
1287 1904 1371 1944 panis
1387 1909 1415 1935 et
1443 1905 1503 1935 vini
1526 1905 1636 1945 specie,
1652 1915 1753 1937 verum

935 1948 1043 1978 Christi
1060 1957 1166 1987 corpus
1188 1953 1216 1979 et
1242 1948 1360 1988 sanguis
1387 1958 1403 1979 a
1431 1949 1568 1980 ﬁdelibus
1584 1950 1754 1981 communi-

935 1993 1028 2022 cando
1058 1993 1194 2023 sumitur.
1223 1993 1306 2023 Unde
1335 2003 1401 2024 cum
1428 1993 1596 2024 divinorum
1628 2004 1753 2035 operum

936 2037 1166 2076 magnitudinem
1174 2037 1402 2074 considero,hoc
1409 2047 1525 2070 summe
1533 2039 1752 2078 admirandum,

79 2081 207 2111 remedia
235 2081 441 2119 saluberrima,
472 2082 579 2121 quibus
608 2081 698 2112 veluti
714 2080 890 2121 quibusdam
906 2083 1146 2124 Dvenerandum,
1162 2087 1248 2123 atque
1264 2092 1368 2120 magno
1384 2093 1451 2113 cum
1470 2087 1598 2114 tremore
1623 2089 1753 2115 tractan-

82 2125 314 2163 medicamentis,
325 2127 432 2157 nostris
439 2132 536 2167 posset
550 2126 769 2157 inﬁrmitatibus
785 2124 893 2155 subve—

80 2170 152 2201 nire.
168 2170 250 2201 Sicut
263 2172 342 2202 enim
360 2181 416 2202 non
433 2172 540 2202 sufﬁcit
554 2171 671 2202 medico
701 2170 823 2210 depulsa
839 2169 893 2199 ad-

82 2224 160 2246 versa
174 2216 341 2247 valetudine
368 2217 473 2247 bonam
503 2217 655 2254 inducere,
687 2215 744 2245 nisi
760 2213 894 2245 remedia

81 2269 191 2299 quoque
219 2260 269 2291 illa
295 2260 443 2297 adhibeat,
474 2262 580 2302 quibus
609 2268 638 2291 et
664 2260 800 2290 valetudo
816 2258 894 2289 bona

81 2309 277 2345 conservetur,
294 2310 322 2336 et
334 2303 359 2335 'si
374 2306 490 2346 quando
507 2305 625 2336 morbus
634 2304 783 2340 inciderit,
792 2303 894 2334 adver-

84 2359 130 2380 sus
144 2350 223 2380 illum
240 2350 348 2381 debitis
374 2351 598 2382 medicamentis
623 2351 811 2391 provideatur
826 2358 832 2380 :
850 2349 894 2378 sic

83 2404 208 2425 summus
223 2395 272 2425 ille
288 2399 316 2426 et
331 2395 519 2436 omnipotens
543 2396 630 2433 Deus,
657 2404 754 2435 neque
770 2394 891 2425 inﬁnita:

82 2439 226 2479 sapientiae
234 2449 306 2478 suae,
316 2450 413 2480 neque
423 2441 508 2471 saluti
520 2444 626 2471 nostra:
646 2439 763 2470 abunde
774 2439 890 2470 satisfa—

84 2487 154 2514 ctum
170 2493 236 2514 esse
249 2484 436 2523 existimavit,
453 2485 478 2516 si
507 2494 561 2516 nos
573 2488 684 2516 tantum
704 2493 754 2524 per
768 2485 889 2523 gratiam

85 2537 159 2559 suam
175 2537 190 2559 a
205 2528 283 2559 vitiis
297 2529 332 2559 ad
356 2529 505 2568 virtutem,
533 2529 569 2561 ab
598 2530 749 2561 erroribus
764 2530 799 2561 ad
814 2530 889 2560 viam

85 2572 205 2604 veritatis
220 2577 362 2611 vocasset,
373 2574 430 2604 nisi
447 2580 477 2606 et
490 2575 623 2606 remedia
635 2574 810 2611 invenisset,
822 2574 889 2614 qui-

85 2615 133 2647 bus
151 2617 239 2649 veluti
254 2617 430 2658 quibusdam
454 2619 641 2651 adminiculis
668 2620 745 2651 hanc
761 2629 844 2650 suam
860 2618 890 2648 in

84 2662 159 2694 nobis
172 2662 294 2702 gratiam
309 2672 510 2696 servaremus:
529 2669 558 2696 et
571 2669 666 2706 quasi,
683 2664 888 2705 quandoillam

115 2751 231 2786 “Cor.
247 2762 310 2794 xm,
330 2754 384 2793 t2;
400 2753 427 2786 II
440 2754 507 2794 Cor,
524 2763 567 2794 ut,
587 2755 634 2788 18.
677 2755 692 2780 ⁷
705 2754 791 2788 Joan.
807 2763 846 2795 vt,
863 2756 913 2789 54.

934 2127 1003 2156 dum
1021 2136 1139 2157 censeo.
1156 2127 1340 2158 Admirabile
1364 2128 1511 2168 siquidem
1537 2133 1565 2158 et
1580 2129 1753 2168 praeclarum

934 2171 987 2201 fuit
997 2171 1072 2201 hanc
1086 2172 1187 2202 mundi
1200 2172 1365 2202 machinam
1380 2177 1420 2204 tot
1433 2173 1574 2204 ccelorum
1585 2174 1752 2206 elemento-

933 2225 1059 2256 rumque
1075 2217 1207 2256 sphteris,
1226 2220 1268 2249 tot
1297 2217 1481 2248 diversarum
1496 2227 1596 2248 rerum
1614 2220 1753 2251 varietate

934 2267 1068 2293 ornatum
1085 2271 1197 2300 creare,
1211 2272 1269 2294 non
1290 2263 1385 2294 solum
1402 2264 1472 2299 diei,
1490 2264 1587 2295 lunam
1604 2274 1637 2295 ac
1653 2266 1754 2297 stellas

934 2307 1012 2337 nocti
1029 2307 1192 2347 prteﬁcere,
1209 2307 1393 2348 distinguere
1407 2312 1550 2348 tempora,
1565 2309 1706 2341 caelorum
1719 2321 1754 2344 ac

935 2351 1065 2382 siderum
1083 2360 1186 2382 cursus
1198 2357 1353 2392 motusque
1363 2352 1535 2392 disponere,
1547 2355 1752 2386 innumerabi-

933 2397 972 2427 lia
987 2396 1095 2427 deinde
1105 2396 1212 2433 avium,
1232 2397 1366 2433 piscium,
1381 2397 1752 2439 terrestriumqueanima-

934 2441 1163 2478 lium,arborum
1176 2451 1292 2482 quoque
1300 2451 1334 2472 ac
1345 2442 1504 2480 fructuum,
1519 2447 1753 2486 casterarumque

933 2494 1031 2516 rerum
1044 2495 1153 2524 genera
1160 2486 1195 2516 ad
1208 2486 1362 2516 hominum
1369 2495 1467 2526 usum,
1477 2486 1556 2518 hunc
1566 2487 1596 2518 in
1609 2489 1752 2521 mundum

934 2530 1108 2570 producere,
1122 2530 1273 2561 hominem
1285 2531 1380 2571 ipsum
1397 2531 1540 2562 demuma
1555 2533 1670 2565 caeteris
1685 2535 1750 2566 ani-

933 2575 1080 2605 mantibus
1090 2575 1212 2606 rationis
1224 2579 1252 2606 et
1264 2575 1410 2606 sermonis
1422 2576 1563 2616 dignitate
1578 2587 1750 2611 secernere.

932 2618 989 2650 Sed
1000 2629 1067 2650 cum
1081 2629 1127 2650 me
1138 2620 1173 2650 ad
1191 2621 1278 2660 hujus
1288 2620 1422 2661 corporis
1436 2625 1464 2652 et
1477 2622 1631 2662 sanguinis
1647 2633 1748 2656 sacra-

931 2668 1064 2695 mentum
1079 2668 1228 2704 converto,
1245 2665 1320 2697 nihil
1345 2665 1419 2697 mihi
1441 2666 1557 2699 videtur
1572 2667 1748 2710 mirabilius,

956 2755 972 2780 8
986 2755 1063 2789 Ibid.
1076 2756 1127 2795 56,
1142 2756 1192 2789 57.
1237 2757 1253 2782 8
1267 2756 1342 2789 Psal.
1358 2765 1408 2798 cx,
1422 2757 1453 2790 4.
