1970 3064
208 154 269 189 279
855 158 1054 191 ΕΡΙΡΗΑΝΙΙ
1069 160 1238 192 ΜΟΝΑΟΗ]
1836 165 1903 196 280

208 225 283 257 nihil
297 224 489 256 veneratione
503 224 634 265 dignius,
651 224 725 256 nihil
738 225 867 256 sanctius
881 228 969 266 atque
983 226 1033 256 de-
1043 226 1195 258 ADomini
1206 226 1357 258 visitantes
1365 228 1478 259 caelesti
1488 229 1594 268 pabulo
1606 230 1729 261 recreati
1745 231 1903 262 ﬁdeliores

208 269 304 302 votius
318 268 574 309 pertractandum,
605 269 637 299 in
667 279 725 310 quo
754 269 875 301 Creator
889 275 1032 300 creaturae
1074 271 1304 311 devotioresque
1331 276 1530 304 revertuntur.
1559 274 1602 304 Ad
1632 274 1708 305 hanc
1736 275 1900 306 ecclesiam

209 314 408 354 coniungitur,
423 314 626 354 corruptibilis
638 315 804 345 substantia
816 316 843 344 in
855 314 1031 355 incorrupti-

208 359 298 390 bilem
315 358 543 397 transfunditur,
571 363 599 389 et
628 358 681 389 sub
714 368 800 399 parva
828 360 911 399 panis
927 363 953 390 et
972 359 1030 389 vini

206 403 306 444 specie
322 412 423 434 rerum
452 403 585 433 omnium
614 402 755 434 Conditor
781 404 856 434 mira
870 403 1028 434 verborum

207 448 372 489 prolatione
384 447 570 488 supponitur.
584 449 614 479 ln
623 448 679 478 hoc
687 448 833 488 siquidem
844 453 1028 479 sacramento

205 493 251 524 vis
265 502 299 524 ac
315 493 446 533 potentia
460 497 572 523 naturae
602 498 771 532 superatur,
801 493 966 523 communis
983 494 1027 523 lex

205 537 345 576 vincitur,
356 537 457 567 divina
466 537 594 567 maxime
609 537 700 567 virtus
716 537 893 574 ostenditur,
909 542 936 568 et
947 538 1025 568 aliud

205 591 296 613 sensu
313 582 505 622 percipimus,
523 581 603 612 aliud
613 582 800 612 ﬁdecredere
808 582 1025 622 compellimur.

205 626 282 663 Quid
300 626 392 664 enim,
405 635 516 667 quaeso,
533 630 590 656 tam
602 632 715 657 natura:
730 627 921 664 contrarium,
940 637 1025 667 quam

204 671 372 702 accidentia
388 679 442 710 per
456 671 555 711 seipsa
566 671 630 701 sine
641 671 774 710 subjecto
787 671 835 701 illa
846 676 1027 702 sustentante

206 715 374 747 exsistere?
400 715 471 746 Cum
498 715 576 745 enim
603 720 713 746 natura:
741 716 938 746 accidentiun
956 728 960 755 ι
977 726 1026 746 ro-

206 761 304 801 prium
319 759 367 797 sit,
388 763 419 790 ut
436 759 522 790 alteri
533 760 636 796 insint,
655 769 710 790 nec
727 770 778 800 per
793 770 824 790 se
841 770 892 800 pos
911 761 952 791 int
970 762 1027 791 ulla

205 805 323 836 ratione
337 804 499 834 subsistere
516 815 523 840 ;
543 805 608 844 quis
622 805 679 834 hoc
699 805 878 845 praecipuum
896 805 1027 844 singula-

205 858 298 890 reque
311 848 486 898 miraculum
502 858 561 879 non
577 849 783 889 admirabitur,
796 849 844 880 ubi
855 854 917 889 post
927 860 1026 880 saccr-
1038 870 1059 900 Β

206 893 283 924 dotis
296 892 549 924 consecrationem
562 894 757 933 estquantitas
769 893 842 924 nihil
852 895 1025 934 extendens,

205 938 373 970 rotunditas
390 937 464 968 nihil
493 937 640 968 circulare
668 938 790 978 faciens,
820 938 926 970 albedo
954 940 1025 969 nihil

205 982 325 1013 omnino
342 981 496 1013 albiﬁcans
507 986 520 1013 ?
536 980 824 1013 Transsubstantiata
840 984 918 1013 enim
936 984 1025 1013 mini-

203 1027 295 1057 sterio
311 1026 474 1057 sacerdotis
486 1027 570 1066 panis
581 1031 610 1057 et
620 1027 680 1058 vini
693 1026 856 1057 substantia
867 1027 897 1057 in
917 1028 1026 1059 Clu-isti

204 1079 311 1110 corpus
327 1075 356 1102 et
381 1071 566 1110 sanguinem,
594 1075 625 1101 ut
653 1075 760 1102 nostra:
789 1072 941 1111 religionis
957 1082 1027 1102 Vera

202 1119 290 1155 atque
320 1115 431 1146 illibata
459 1115 533 1146 ﬁdes
564 1116 702 1155 przedicat
732 1119 760 1146 et
788 1118 913 1146 allirmat
932 1127 938 1154 ;
956 1117 1024 1156 quid

203 1163 351 1200 superest,
368 1160 444 1200 quod
462 1160 655 1200 quantitatem
680 1165 729 1191 aut
753 1161 936 1200 qualitatem,
954 1172 1025 1200 quas

203 1204 344 1236 sensibus
360 1205 554 1244 percipimus,
584 1205 613 1235 in
642 1214 674 1235 se
705 1205 801 1235 valeat
825 1205 976 1245 suscipere
992 1216 1024 1235 ac

202 1249 377 1280 sustinere?
399 1248 457 1280 Sed
480 1255 510 1279 et
525 1249 579 1280 sub
596 1249 728 1289 qualibet
760 1250 831 1279 tanti
848 1251 1026 1280 sacramenti

204 1293 350 1334 particula
378 1293 505 1333 integer,
536 1298 564 1324 et
592 1298 669 1324 totus
696 1298 742 1325 est
771 1294 930 1326 Christus:
962 1294 1023 1332 ille,

204 1339 338 1379 inquam,
369 1342 398 1368 et
423 1347 483 1368 non
510 1338 596 1375 alius,
627 1339 678 1378 qui
707 1339 737 1368 in
766 1343 850 1369 utero
878 1344 964 1370 natus
981 1344 1027 1370 est

202 1383 348 1423 virginali,
365 1383 415 1423 qui
430 1382 508 1413 inter
535 1383 672 1414 homines
700 1383 780 1414 visus
795 1388 826 1415 et
840 1390 1027 1415 conversatus

205 1432 261 1468 est,
277 1428 327 1468 qui
348 1427 378 1457 in
393 1436 481 1457 cruce
498 1427 649 1467 pependit,
677 1427 726 1467 qui
751 1427 869 1458 demum
886 1428 920 1458 ad
938 1430 1026 1459 coctos

1076 316 1211 346 nonnulli
1229 315 1462 347 Christianorum
1481 323 1683 358 persecutores
1699 319 1899 356 accedebant,

1073 367 1174 390 nostra
1185 360 1332 391 sacriﬁcia
1344 361 1514 398 irridentes,
1529 367 1575 393 aut
1586 362 1766 394 Christianos
1781 364 1898 394 ibidem

1072 404 1194 434 orationi
1212 404 1341 434 intentos
1358 405 1576 444 perturbantes,
1598 417 1671 447 quos
1693 408 1762 438 inde
1777 409 1898 439 abstra-

1071 453 1133 479 ctos
1150 448 1263 488 magnis
1294 449 1451 489 aliquando
1483 451 1598 489 injuriis
1625 452 1896 492 persequebantur.

1070 493 1196 532 Contigit
1211 500 1322 533 autem,
1339 494 1419 524 inter
1433 499 1556 525 czeteros
1572 496 1677 527 ducem
1690 497 1847 536 quemdam
1860 507 1897 528 ac

1071 537 1234 577 principem
1251 538 1415 568 infidelium
1442 539 1605 570 Chri-tiani
1634 540 1762 571 nominis
1776 541 1895 571 acerri—

1072 590 1150 610 mum
1166 581 1403 620 impugnatorem
1425 582 1502 613 hunc
1525 583 1555 613 in
1573 584 1668 614 locum
1685 585 1842 616 divertere.
1861 590 1897 616 ut

1069 625 1168 654 omnia
1183 630 1289 655 nostrae
1303 626 1377 665 legis
1407 627 1554 658 sacriﬁcia
1580 637 1614 658 ac
1630 631 1822 660 czeremonias
1838 639 1895 660 ex-

1071 669 1198 708 ploraret
1216 680 1223 707 ;
1240 670 1316 710 quod
1331 680 1396 700 cum
1414 671 1484 701 alias
1512 681 1600 712 saepe,
1625 677 1687 703 tum
1713 683 1747 704 eo
1764 673 1896 704 maxime

1070 713 1129 749 die,
1160 723 1248 753 quem
1285 715 1322 744 ob
1352 716 1510 747 Salvatoris
1539 717 1632 748 nostri
1662 719 1893 751 sacratissimam

1070 767 1136 787 cum
1153 758 1306 798 discipulis
1323 760 1384 790 suis
1399 770 1513 791 ccenam
1530 762 1602 793 colit
1618 767 1644 792 et
1661 768 1817 794 veneratur
1839 767 1895 796 Ec—

1070 802 1172 838 clesia,
1202 802 1233 832 in
1263 804 1347 842 cujus
1377 805 1549 836 memoriam
1581 815 1681 836 verum
1707 808 1769 846 ejus
1784 817 1894 848 corpus

1070 848 1302 894 sanguinemque
1331 850 1519 890 suscipimus,
1551 851 1586 881 ab
1616 852 1679 891 ipso
1710 853 1818 889 edocti,
1840 854 1892 894 qui

1070 901 1136 921 cum
1151 892 1181 922 in
1196 902 1280 923 corna
1291 898 1380 930 esset,
1393 903 1557 935 omnesque
1571 895 1732 936 discipulos
1743 892 1889 937 corporis.

1070 941 1098 966 et
1113 937 1266 973 sanguinis
1280 937 1325 968 sui
1341 939 1552 970 communione
1577 941 1792 981 participasset,
1812 943 1892 973 illico

1070 980 1343 1019 sulijunxitdiccns:
1358 983 1518 1022 Hocfucile
1528 986 1559 1014 in
1572 994 1670 1016 meum
1679 980 1893 1017 coruinemoru-

1069 1026 1177 1055 liouem
1203 1027 1240 1057 ‘0.
1273 1027 1392 1058 Astabat
1416 1032 1483 1058 ante
1508 1038 1588 1059 alam
1605 1030 1742 1060 sacerdos
1759 1032 1891 1070 singulos

1070 1079 1206 1116 itionens,
1220 1075 1250 1101 ut
1264 1072 1300 1101 de
1318 1072 1447 1112 peccatis
1464 1073 1667 1112 paenitentiam
1684 1080 1778 1113 agant,
1798 1085 1892 1116 eaque

1067 1115 1148 1151 ﬁetu,
1166 1116 1267 1146 dolore
1283 1121 1368 1156 atque
1397 1117 1507 1155 gemitu
1536 1118 1692 1153 rediinant,
1721 1124 1749 1149 et
1764 1120 1798 1149 ad
1818 1115 1890 1151 tanti

1067 1161 1244 1190 sacramenti
1256 1161 1475 1200 susceptionem
1489 1164 1604 1202 seipsos
1619 1163 1890 1204 devotissimeprm-

1069 1209 1182 1243 parent,
1203 1214 1408 1245 memoresque
1424 1206 1484 1236 sint
1500 1207 1656 1237 verborum
1674 1209 1821 1247 Apostoli,
1839 1210 1890 1249 qui

1067 1249 1102 1278 ad
1116 1249 1282 1279 Corinthios
1295 1250 1438 1286 scribens,
1453 1260 1519 1280 cum
1537 1253 1665 1282 excitare
1686 1253 1774 1283 vellet
1788 1254 1887 1284 homi-

1073 1303 1142 1323 num
1159 1294 1248 1324 corda
1264 1299 1294 1324 ut
1309 1300 1367 1325 tam
1383 1295 1557 1325 admirabile
1568 1301 1783 1327 sacramentum
1801 1298 1891 1336 digne

1071 1337 1270 1377 susciperent:
1286 1339 1394 1369 Probet
1405 1343 1516 1375 autem,
1530 1341 1772 1381 inquit,seipsum
1787 1343 1888 1379 homo,

1070 1384 1271 1422 etsicdcpune
1280 1383 1330 1414 illo
1343 1385 1420 1421 cdal,
1433 1388 1462 1414 et
1473 1385 1508 1414 dc
1520 1386 1616 1415 calice
1629 1386 1710 1416 bidui
1723 1397 1730 1425 ;
1744 1390 1796 1425 qui
1807 1388 1887 1418 enim

1068 1429 1233 1458 mam/urat
1244 1433 1271 1459 et
1283 1428 1356 1459 bibit
1364 1430 1652 1467 indigne,jtulicimn
1661 1431 1721 1460 sibi
1728 1433 1889 1463 manduca!

202 1471 916 1512 gloriosusascendit,ille,inquam,adsacerdotis
925 1483 1023 1503 VUCt‘lll
1067 1476 1096 1501 et
1108 1473 1191 1508 bibit,
1206 1482 1266 1503 non.
1281 1474 1450 1513 dijudicans
1463 1483 1568 1513 corpus
1586 1475 1754 1506 Domini“.
1774 1477 1887 1507 Audie-

202 1517 298 1548 Patris
313 1516 463 1547 dexteram
480 1525 539 1546 non
555 1516 708 1553 deserens,
741 1516 794 1546 sub
812 1517 896 1557 panis
912 1522 1022 1555 tamen,
1037 1516 1174 1563 Cbantur
1187 1517 1303 1548 interea
1320 1518 1483 1548 innumerzn
1500 1519 1643 1549 orantium
1671 1529 1767 1557 voces,
1786 1526 1888 1560 pecto-

203 1570 237 1592 ac
251 1560 312 1591 vini
326 1561 427 1601 specie
451 1561 630 1591 continetur.
659 1560 727 1592 Haec
758 1565 816 1591 tam
832 1562 890 1593 alia
907 1568 1025 1602 tamque
1043 1560 1131 1591 'rnm
1149 1561 1282 1599 verbera,
1301 1563 1434 1602 planctus
1452 1572 1486 1593 ac
1511 1564 1597 1593 fletus
1620 1564 1805 1604 gemitusque
1821 1575 1889 1605 per-

204 1605 303 1636 divina
314 1605 462 1645 mysteria,
475 1615 540 1645 quae
551 1615 669 1636 omnem
682 1609 792 1636 naturae
802 1606 859 1636 vim
873 1612 1022 1647 superant,
1068 1606 1197 1642 maximi,
1215 1606 1264 1646 qui
1280 1617 1338 1636 non
1357 1607 1538 1637 mediocrem
1555 1608 1728 1638 delictorum
1743 1609 1888 1648 dolorem,

204 1659 324 1681 omnem
341 1650 934 1690 humaniingeniipotentiamexcedunt:
959 1662 1023 1682 cum
1066 1659 1223 1690 veramque
1250 1651 1347 1681 cordis
1377 1651 1584 1681 contlitionem
1617 1653 1888 1690 przrseferrevide-

205 1704 265 1726 non
281 1694 337 1724 nisi
350 1694 397 1734 pia
407 1698 435 1724 et
445 1694 585 1734 religiosa
596 1704 707 1725 mensa
727 1695 853 1726 terrenis
873 1696 1026 1727 affectibus
1068 1693 1183 1724 bantur.
1200 1694 1229 1724 Is
1246 1695 1337 1731 enim,
1355 1705 1443 1735 quem
1474 1696 1585 1735 peccati
1603 1696 1739 1736 pwnitet,
1757 1698 1890 1729 declarat

203 1743 364 1780 expurgata
398 1739 493 1778 possit
521 1740 787 1780 comprehendere,
817 1740 952 1779 dignatus
984 1746 1024 1771 est
1069 1739 1210 1777 profecto.
1226 1739 1408 1770 maluissese
1421 1742 1887 1780 nonpeccare,qnampmnitere.

203 1785 378 1826 plerumque
394 1784 540 1823 benignus
556 1789 585 1816 et
600 1785 772 1815 misericors
788 1785 928 1816 Dominus
945 1787 1023 1816 omni
1068 1782 1129 1813 Hoc
1145 1793 1211 1813 cum
1229 1784 1356 1814 inﬁdelis
1371 1784 1421 1814 ille
1437 1788 1548 1814 attente
1563 1785 1758 1823 conspiceret,
1773 1795 1806 1815 ac
1818 1786 1887 1816 dili-

204 1829 270 1860 loco
286 1830 403 1860 etomni
417 1829 836 1870 temporenostraiinﬁrmitati
849 1829 1030 1861 subveniens

203 1873 372 1904 visibilibus
386 1873 561 1914 quibusdam
591 1874 744 1905 miraculis
768 1874 939 1912 dignitatem
958 1876 1030 1906 tanti

204 1918 384 1949 sacramenti
403 1918 560 1949 ostendere
575 1942 582 1956 ,
608 1923 636 1949 et
647 1919 730 1965 “rod
747 1919 808 1949 solo
826 1919 977 1950 intellectu
995 1931 1027 1950 ac.

203 1963 263 1994 ﬁde
286 1962 460 2003 percipitur,
491 1962 521 1993 id
551 1962 747 1993 exterioribus
776 1972 809 1993 ac
835 1963 1027 1994 sensibilihus

201 2006 293 2038 rebus
309 2007 487 2048 patefacere,
501 2011 530 2037 et
546 2017 598 2048 per
612 2008 676 2038 haec
691 2017 756 2048 quae
770 2017 860 2038 sensu
876 2009 1027 2046 cognosci-

203 2060 280 2090 mus,
298 2052 382 2092 quasi
410 2052 517 2083 baculo
545 2052 673 2092 quodam
702 2052 758 2082 iter
788 2053 962 2083 ostendente
991 2054 1025 2083 ad

203 2096 424 2127 insensibilium
453 2097 586 2127 notitiam
613 2097 728 2128 facilius
760 2097 969 2137 perducamur.
986 2098 1025 2128 Ex

204 2140 306 2172 multis
318 2145 417 2172 autem
435 2141 597 2179 miraculis,
615 2151 680 2182 qum
695 2141 730 2172 ad
744 2141 920 2172 relationem
937 2142 1025 2182 hujus

203 2185 381 2216 sacramenti
396 2185 507 2226 ubique
522 2190 659 2226 operatus
688 2190 733 2218 est
761 2186 916 2224 Dominus,
934 2197 1024 2216 unum

206 2230 303 2261 solum
318 2230 430 2261 inferre
455 2231 581 2271 institui,
606 2231 684 2271 quod
712 2234 884 2262 sanctorum
901 2231 1029 2262 virorum

206 2274 288 2306 ﬁdeli
303 2275 447 2306 relatione
461 2285 564 2306 verum
582 2285 647 2306 esse
661 2276 795 2315 cognovi.

245 2319 382 2361 Estapud
393 2320 626 2361 Hierosolymam
635 2321 855 2360 locusquidam,
864 2329 950 2360 quem
963 2320 1031 2350 {idc-

1073 1831 1175 1865 gcutcr
1186 1828 1481 1864 atiiiiiatlverterct,in
1491 1838 1623 1866 magnam
1632 1828 1734 1858 incidit
1742 1833 1888 1859 tantorum

1074 1873 1194 1902 llt‘luum
1212 1877 1328 1912 tamque
1347 1873 1564 1902 devotissimam
1585 1878 1700 1903 actuum
1717 1873 1888 1904 admirabo-

1072 1926 1150 1953 ncm,
1160 1917 1317 1957 omniaque
1325 1926 1424 1948 seCum
1432 1922 1570 1957 repetens
1585 1917 1826 1956 cazpitjudicare,
1841 1919 1890 1948 ha-

1070 1969 1134 1990 rum
1151 1970 1251 1990 rerum
1269 1961 1485 1991 institutionem
1504 1971 1560 1991 non
1577 1967 1634 1991 tam
1650 1962 1686 1991 ab
1704 1962 1884 1997 hominibus,

1070 2014 1156 2043 quum
1165 2004 1201 2034 ab
1210 2006 1273 2044 ipso
1283 2005 1342 2035 Deo
1353 2005 1688 2045 prodisse,quimax1me
1696 2006 1815 2044 gaudet,
1824 2016 1887 2036 cum

1070 2049 1207 2079 homines
1219 2049 1274 2079 sibi
1288 2059 1359 2089 puro
1373 2050 1473 2086 corde,
1488 2054 1516 2080 et
1527 2051 1635 2080 munda
1644 2054 1740 2080 mente
1752 2051 1888 2081 devotum

1071 2093 1212 2124 exhibent
1249 2095 1434 2126 famulatum.
1466 2096 1623 2134 Postquam
1654 2105 1721 2125 viro
1751 2097 1890 2126 sacerdos

1039 2158 1061 2188 Β
1072 2139 1295 2169 circumstantes
1311 2139 1345 2169 ad
1359 2140 1615 2178 conpunctionem
1627 2140 1735 2177 cordis,
1746 2140 1889 2170 tlUlUl‘t'ﬂl-

1073 2193 1142 2223 que,
1173 2194 1206 2214 ac
1237 2185 1438 2224 pmnilentiam
1470 2185 1506 2214 de
1536 2184 1674 2223 peccatis,
1706 2189 1737 2214 ut
1753 2185 1799 2214 dix
1814 2194 1887 2220 mus,

1075 2229 1199 2265 monuit,
1209 2239 1367 2259 conversus
1375 2230 1409 2259 ad
1423 2229 1513 2261 altare
1527 2230 1640 2269 relqna
1651 2230 1705 2259 rite
1719 2235 1890 2269 prosecutus

1074 2278 1128 2309 est,
1147 2283 1179 2304 ac
1197 2273 1250 2304 sub
1281 2274 1363 2313 panis
1393 2281 1420 2304 et
1449 2274 1507 2304 viui
1539 2274 1637 2314 specie
1653 2284 1766 2304 solrum
1784 2274 1888 2304 Christi

1073 2328 1180 2357 θυι-μηδ
1196 2323 1223 2348 et
1236 2319 1408 2356 sangulncm
1426 2318 1579 2348 verborum
1596 2319 1760 2348 ministerio
1783 2328 1889 2349 conse-

205 2364 250 2396 les
266 2375 371 2405 magna
399 2365 559 2397 devotione
581 2375 615 2398 ac
639 2365 806 2406 frequentia
834 2365 961 2397 visitant,
981 2365 1031 2395 ubi
1073 2363 1172 2393 cravit.
1189 2362 1250 2398 Quo
1274 2368 1391 2402 peracto
1421 2363 1449 2393 id
1476 2363 1570 2403 ipsum
1588 2363 1736 2402 ﬁdelibus,
1754 2363 1803 2402 qui
1822 2363 1889 2394 illuc

206 2418 310 2441 verum
341 2410 552 2451 Redemptoris
581 2410 674 2441 nostri
711 2420 818 2450 corpus
848 2419 881 2440 ex
911 2409 1031 2448 Virgine

204 2459 390 2495 assumptum
402 2460 467 2495 post
481 2455 623 2495 plurimas
636 2455 773 2495 injurias,
789 2454 912 2485 acerbas
924 2459 1029 2485 contu-

204 2499 322 2537 melias,
340 2499 473 2531 crudelia
488 2500 620 2537 vulnera,
639 2500 735 2531 crucis
754 2499 884 2539 patibulo
902 2509 957 2538 pro
974 2509 1028 2528 no-

1074 2408 1137 2447 ejus
1149 2407 1192 2437 rei
1202 2417 1289 2437 causa
1299 2414 1509 2443 convenerant,
1525 2407 1705 2437 distribuere
1718 2413 1847 2438 tremens
1856 2418 1890 2438 ac

1073 2462 1195 2490 gemens
1224 2462 1309 2492 quam
1340 2453 1530 2482 devtilissime
1565 2452 1661 2491 coepit.
1694 2451 1765 2482 Cum
1795 2458 1889 2482 autem

1073 2497 1168 2536 ipsum
1183 2500 1399 2526 sacramentum
1420 2497 1581 2527 sacerdotis
1598 2496 1734 2525 manibus
1752 2500 1894 2525 λιιι-εαξη-.

205 2550 268 2576 stra
282 2544 490 2585 redemptione
514 2545 663 2582 sufﬁxum,
693 2554 728 2576 ac
759 2548 905 2575 mortuum
921 2543 1030 2583 Joseph
1075 2545 1166 2578 ictur,
1183 2541 1680 2580 omniaqueinfidelisilliaccurate
1701 2540 1888 2570 animadver-

202 2588 341 2620 manibus
357 2589 506 2630 sepultum
537 2599 614 2625 esse,
646 2589 814 2629 evangelica
844 2588 928 2619 nobis
944 2588 1032 2618 tradit
1075 2590 1158 2623 teret,
1174 2585 1250 2615 sicut
1266 2586 1418 2616 Comlitori
1448 2586 1579 2615 omnium
1611 2585 1736 2624 placuit:
1755 2585 1831 2614 visus
1848 2590 1890 2615 est

203 2634 339 2666 historia.
365 2634 427 2666 Iloc
442 2635 473 2665 in
489 2635 554 2666 loco
569 2635 737 2666 Christiano
766 2643 848 2665 more
864 2637 1029 2664 constructa
1074 2633 1101 2661 ei
1116 2631 1217 2660 videre
1232 2631 1400 2670 agniculmn
1416 2631 1574 2671 quemdam
1606 2631 1672 2660 nive
1687 2630 1889 2660 candidiorcni

201 2684 248 2711 est
263 2679 402 2718 ecclesia,
420 2680 448 2710 in
466 2689 523 2721 qua
534 2689 550 2711 a
566 2685 675 2711 nostra:
687 2679 838 2720 religionis
852 2679 1026 2719 professori-

201 2723 256 2755 bus
271 2724 373 2765 divina
388 2724 577 2756 celebrantur
593 2725 698 2766 oﬁicia,
711 2726 760 2766 qui
773 2724 943 2764 sepulcrum
955 2722 1026 2754 illud

241 2814 269 2841 ιο
283 2815 355 2847 Luc.
370 2822 444 2853 xxxx,
460 2814 509 2847 19.
553 2815 577 2840 Η
595 2813 607 2846 Ι
627 2813 697 2846 Cor.
711 2822 754 2855 xr,
769 2813 819 2852 28,
837 2813 891 2844 29.

1072 2675 1100 2705 in
1119 2675 1200 2706 altari
1217 2675 1368 2706 exsistere.
1386 2676 1454 2712 Quae
1471 2685 1518 2706 res
1536 2685 1602 2706 eum
1629 2685 1717 2715 supra
1731 2685 1817 2716 quam
1833 2676 1890 2705 dici

1070 2724 1118 2750 aut
1135 2720 1221 2750 condi
1247 2724 1356 2760 posset,
1379 2721 1409 2750 in
1435 2725 1585 2759 stuporem
1602 2721 1766 2751 convertit:
1785 2729 1819 2751 ex
1835 2730 1890 2759 quo
