1970 3064
87 122 170 162 281,

569 129 617 159 DE
637 127 845 160 RELIGIONE
865 126 1100 158 CHRISTIANA
1122 128 1307 160 LIBELLUS

1724 125 1784 159 282

84 191 188 230 coepit
212 195 269 222 tam
299 192 481 224 admirandae
511 194 553 224 rei
583 194 672 224 linem
700 194 790 224 multo
808 193 1022 225 aridiusAmis
1049 194 1184 226 faucibus
1213 200 1327 236 gustate
1351 197 1526 227 videbatur:
1558 199 1620 226 erat
1636 195 1782 235 siquidem

87 240 282 275 exspectare.
299 237 370 268 Cum
394 242 491 268 autem
521 247 572 277 pro
603 247 685 269 more
716 248 820 269 omnes
837 239 920 269 ﬂexis

86 279 225 317 genibus
253 285 321 312 ante
351 282 443 312 altare
481 282 693 319 consistelent,
724 283 920 324 crepissetque

87 325 241 355 sacerdos
256 326 382 365 singulis
398 328 453 357 hoc
475 331 692 357 sacramentum
717 327 894 359 distribuere
912 339 918 359 τ

88 378 171 399 ecce
194 369 284 408 priori
302 370 443 401 miraculo
461 371 539 401 aliud
558 381 615 401 non
633 372 729 402 minus
739 372 918 412 adjungitur.

88 412 228 444 Intuenti
245 414 324 444 enim
350 415 475 452 inﬁdeli,
507 416 578 456 quid
608 425 624 446 a
653 417 807 447 saceidote
825 417 919 452 ﬁeret,

88 457 193 487 visum
210 463 266 494 est,
283 460 427 499 quosdam
444 469 545 490 eorum
576 461 625 500 qui
642 461 728 501 hujus
745 462 921 492 sacramenti

87 501 281 542 suscipiendi
311 513 398 534 causa
427 509 637 541 convenerant,
669 505 806 545 quoniam
825 515 921 546 neque

87 555 168 576 vere
187 547 308 586 purgati.
320 558 415 588 neque
430 549 558 588 perfecte
572 550 703 580 mundali
719 555 918 588 accesserunt,

88 599 156 620 non
171 591 226 620 sub
235 592 335 631 specie
348 593 431 632 panis
442 598 466 624 et
477 594 548 629 vini,
562 594 614 623 sed
623 593 676 624 sub
686 595 808 624 aliarum
821 604 919 625 rerum

86 635 188 665 variis
199 636 415 677 horrendisque
429 638 584 677 speciebus
598 639 668 668 illud
682 639 829 679 accipere.
840 639 921 670 Unus

87 680 198 720 itaque
223 681 302 712 visus
331 687 375 712 est
406 683 432 713 ei
461 683 600 714 corticem
631 693 796 720 a~sumere,
813 685 882 724 quia
897 685 922 715 is

89 725 232 765 fortisan,
265 731 408 767 quantum
438 729 564 758 humano
594 729 711 768 ingenio
736 730 922 769 interpretari

91 779 268 811 possumus,
295 782 353 802 non
384 778 440 803 tam
471 774 607 803 medullte
635 784 669 804 ac
696 774 807 811 sensui,
835 785 921 815 quam

91 815 201 845 cortici
219 820 247 846 et
259 817 354 847 verbis
366 817 583 859 Scripturarum
596 818 759 849 divinarum
781 819 920 850 iuuhalse-

91 864 153 897 rat,
175 870 272 900 neque
294 867 350 892 tam
373 872 448 902 esse,
471 873 556 903 quam
575 863 664 893 videri
681 864 849 903 etjudicari
865 865 917 895 bo-

91 913 155 934 nus
180 913 345 936 curaverat.
376 907 457 937 Alius
485 908 558 946 pilos
578 917 610 937 ac
637 908 760 948 capillos
783 909 921 939 dentibus

89 954 254 979 conterere
270 951 434 988 videbatur,
452 952 519 991 quia
534 951 633 981 saeculi
663 953 752 992 hujus
770 952 921 984 illecebris

89 1002 127 1023 ac
145 994 354 1033 voluptatibus,
375 997 585 1035 superﬂuaque
611 997 770 1036 cupiditate
786 998 922 1028 detentus

90 1037 131 1066 ad
150 1041 208 1067 tam
226 1038 331 1068 divinae
354 1039 397 1069 rei
413 1039 650 1070 communionem
667 1040 803 1080 indignus
820 1052 920 1072 aet-es—

93 1088 191 1112 serat.
209 1082 245 1113 Ut
262 1083 340 1112 enim
360 1093 391 1114 ex
410 1084 566 1124 supei'lluis
584 1085 703 1114 humani
720 1086 851 1125 corporis
867 1087 918 1117 hu-

96 1126 235 1157 moribus
249 1128 370 1168 capillos
387 1134 489 1159 natura
508 1129 643 1168 producit
662 1139 694 1159 ac
712 1130 806 1168 pilos:
824 1131 865 1161 sic
887 1141 920 1162 ex

96 1171 192 1200 nimia
207 1180 306 1202 rerum
334 1173 574 1212 Voluptatumque
599 1174 812 1204 mundanarum
829 1185 922 1215 appe-

98 1215 194 1246 tentia
220 1216 250 1245 in
275 1216 405 1247 diversas
436 1217 571 1248 vitiorum
601 1218 705 1248 sordes
723 1219 922 1259 maximasque

95 1259 269 1290 divirorum
312 1262 517 1291 mandatorum
562 1263 809 1301 transgressiones
839 1273 923 1294 mens

96 1308 201 1334 nostra
219 1305 390 1344 prolabitur,
406 1306 524 1336 dicente
539 1305 602 1346 ipso
620 1307 744 1338 Domino
762 1318 767 1337 :
787 1307 852 1338 Non
865 1318 920 1347 1m—

96 1349 183 1379 testis
199 1349 315 1379 servire
331 1349 388 1380 Deo
398 1351 654 1382 ctmammome”.
676 1351 837 1382 Videbatur
852 1361 924 1392 prm-

97 1397 180 1423 terea
190 1393 418 1434 tertiusquidam
433 1395 610 1434 nigerrimus
621 1396 764 1426 carbones
774 1397 920 1436 accipere,

97 1437 182 1477 quasi
199 1437 223 1468 is
240 1438 368 1468 animam
387 1439 561 1470 delictorum
579 1441 711 1470 tenebris
727 1441 920 1480 denigratam.

97 1491 166 1512 vero
180 1491 213 1512 ac
225 1483 374 1513 salutifero
385 1484 563 1523 poenitentize
573 1485 705 1515 remedio
719 1495 813 1525 neque
825 1485 920 1516 albam

98 1536 196 1566 neque
206 1528 346 1558 mundam
362 1528 459 1559 facere
474 1534 617 1560 curasset,
636 1529 716 1560 Sicut
737 1530 815 1560 «nim
829 1531 922 1561 sancti

99 1573 210 1612 etjusti
222 1572 252 1602 in
267 1573 343 1609 luce,
358 1573 400 1604 sic
411 1580 581 1613 peccatores
600 1579 629 1604 et
648 1575 730 1614 impii
746 1575 774 1605 in
793 1575 922 1606 tenebris

50 1636 52 1638 ›
99 1617 252 1647 ambulare
267 1617 416 1649 dicuntur.
441 1618 548 1649 Virtuti
574 1619 720 1659 siquidem
744 1629 777 1650 ac
793 1620 922 1650 veritaiis

102 1661 253 1702 proprium
264 1666 318 1699 est,
336 1672 368 1692 se
381 1663 577 1701 sequentibus
593 1664 692 1694 lumen
707 1665 887 1695 ostendere:
907 1674 922 1694 e.

101 1711 204 1736 contra
215 1715 283 1736 vero
295 1706 432 1737 vitiorum
447 1712 534 1747 atque
547 1718 684 1738 errorum
696 1709 832 1739 homines
844 1713 922 1739 tene-

103 1749 165 1780 bris
181 1750 420 1782 circumfundere
439 1763 446 1790 ;
477 1762 542 1782 cum
568 1752 710 1783 Dominus
725 1753 802 1782 dicat
820 1763 826 1784 :
858 1753 922 1792 Ego

103 1804 166 1826 sum
182 1796 237 1826 tua:
251 1796 375 1830 mund/,-
392 1798 442 1835 qui
452 1798 588 1836 sequitur
604 1806 650 1828 me
665 1807 724 1828 non
740 1797 873 1828 ambulat
890 1799 922 1828 in

103 1839 231 1870 tenebris
243 1840 281 1869 l5.
299 1840 397 1879 ignem
424 1849 460 1870 ex
494 1841 539 1870 his
568 1841 642 1870 alter
672 1850 724 1871 ore
740 1841 919 1881 assumebal,

104 1883 184 1923 quasi
200 1883 279 1914 illico
297 1894 349 1923 per
366 1889 456 1914 totum
489 1885 552 1925 ejus
576 1895 684 1925 corpus
700 1886 824 1916 ditl'undi
840 1886 919 1916 vide-

105 1927 200 1959 batur.
216 1928 271 1959 Hic
287 1929 407 1959 forsitan
424 1930 521 1960 carnis
552 1931 686 1960 molliore
702 1939 735 1960 ac
752 1930 921 1970 turpissimo

104 1972 224 2003 luxuria:
241 1972 308 2003 vitio
335 1983 391 2002 non
423 1973 516 2003 solum
546 1974 687 2013 animum,
716 1983 817 2004 verum
835 1975 921 2004 etiam

105 2026 207 2057 corpus
228 2018 484 2054 dehonestaverat,
508 2028 574 2048 cum
597 2018 773 2048 atroc=ssimi
790 2019 923 2049 criminis

106 2071 189 2092 causa
200 2061 290 2100 venit,
304 2066 334 2091 ut
346 2062 442 2102 inquit
462 2063 618 2102 Apostolus
633 2072 638 2093 :
657 2063 709 2093 lru
727 2063 780 2093 Dei
797 2064 825 2093 in
842 2064 924 2102 ﬁlios

105 2106 338 2145 difﬁdentia“;
367 2112 395 2136 et
422 2111 453 2137 ut
482 2116 573 2138 sacrae
603 2107 738 2137 lectionis
754 2117 807 2137 nos
825 2112 924 2137 monet

106 2150 234 2190 historia,
265 2155 378 2191 septem
410 2151 465 2182 illm
505 2152 636 2182 civitates
664 2153 700 2182 de
731 2152 805 2182 cmlo
835 2152 924 2181 misso

107 2195 274 2225 exsecrabili
301 2195 440 2226 incendio
468 2196 631 2236 perierunt.
652 2195 731 2227 Inter
747 2196 800 2226 hos
815 2195 924 2226 exstitit

107 2239 231 2279 quidam,
241 2240 290 2280 qui
302 2241 417 2270 eineres
429 2250 480 2271 ore
491 2241 644 2281 suscipere
660 2240 832 2270 videbatur:
849 2241 924 2270 hunc

106 2284 233 2323 corporis
261 2285 386 2324 segnitie
412 2286 578 2326 mentisque
606 2285 722 2316 desidia
738 2289 924 2325 occupatum,

107 2328 186 2358 bonis
197 2329 394 2370 virtuosisque
405 2331 545 2370 operibus
557 2331 783 2370 haudquaquam
797 2339 923 2365 vacasse,

109 2383 258 2413 possumus
273 2374 472 2413 interpretari.
488 2377 610 2406 Sex'um
628 2385 747 2405 carnem
766 2374 924 2413 etquidem

109 2418 285 2448 immundam
301 2419 463 2458 deglutisse
474 2420 653 2460 accepimus,
667 2420 822 2459 utpotequi
835 2418 925 2448 illici-

113 2462 145 2492 Iis
161 2463 335 2493 feminarum
365 2464 560 2505 voluptatibus
590 2466 759 2500 demersus,
777 2473 924 2503 nunquam

111 2517 159 2547 per
173 2507 379 2539 abstinentiam
397 2513 426 2539 et
441 2510 652 2540 continentiam
667 2508 875 2548 salubremque
889 2508 925 2538 de

112 2551 270 2582 commissis
286 2553 489 2593 paenitentiam
506 2554 562 2584 sibi
587 2557 795 2594 prospexerat;
824 2552 926 2592 sicque

112 2597 257 2627 immunda
268 2602 365 2627 mente
377 2608 411 2629 ac
425 2599 535 2637 polluto
548 2608 599 2629 ore
614 2599 649 2628 ad
662 2603 718 2629 tam
735 2597 923 2628 mundissimi

111 2641 278 2672 sacramenti
295 2642 550 2683 participationem
565 2644 708 2674 accedere
725 2652 923 2683 praesumpse—

113 2690 160 2717 rat.
176 2687 244 2718 Post
259 2687 314 2717 hos
328 2687 383 2718 fuit
404 2692 432 2718 et
458 2688 546 2729 alius,
570 2688 619 2729 qui
634 2697 736 2718 aurum
752 2687 923 2728 impurissi-

147 2776 169 2798 13
185 2777 284 2808 Matth.
302 2785 342 2814 v1,
359 2777 410 2808 24.
454 2777 481 2803 l3
497 2778 580 2809 Joan.
596 2786 661 2815 vm,
679 2776 725 2809 12.
769 2779 798 2804 ίι
813 2779 923 2820 Ephes.

961 238 1026 269 auri
1037 239 1207 278 cupiditate,
1220 246 1307 281 atque
1323 241 1517 272 immoderato
1530 239 1662 279 pecunize
1682 247 1783 269 amore

962 282 1002 313 ita
1016 283 1161 323 alligatus,
1180 289 1210 314 ut
1226 285 1299 315 nihil
1330 290 1436 324 praater
1451 295 1554 316 aurum
1571 285 1664 315 sitiret
1677 293 1711 313 ac
1727 283 1781 313 de-

964 327 1117 364 sideraret,
1136 329 1213 368 quod
1230 329 1291 359 vitii
1319 339 1412 367 genus
1436 329 1631 360 idololatriam
1649 338 1706 358 non
1723 327 1780 357 im-

965 372 1068 401 merito
1084 373 1184 403 dicere
1200 382 1366 413 possumus,
1383 374 1514 412 Apostoli
1524 372 1692 405 testimonio
1708 381 1781 402 con-

964 416 1084 452 lil‘mati,
1114 418 1167 456 qui
1195 418 1361 448 (rrurilium
1395 418 1543 448 idolorum
1567 417 1738 448 serti/atem
1756 416 1784 440 ίὸ

963 462 1091 501 appellet
1122 463 1293 492 Postremus
1322 472 1388 493 voro
1419 463 1468 493 ille
1497 463 1563 499 fuit,
1593 462 1643 502 qui
1669 469 1782 491 sacram

964 507 1172 537 eucharistiam
1198 516 1214 537 a
1244 507 1396 537 sacerdote
1426 508 1574 548 recipiens
1590 516 1691 546 magno
1708 505 1782 536 lucis

965 551 1124 589 splendore.
1140 556 1199 581 toto
1229 561 1352 592 corpore
1382 552 1522 583 illustrari
1552 551 1704 582 videbatur
1723 560 1729 579 :
1748 559 1781 579 ex

964 605 1021 635 quo
1039 595 1205 634 intelligere
1223 606 1389 636 possumus,
1422 597 1500 627 hunc
1530 596 1662 637 purgafis
1678 594 1783 625 animae

964 649 1024 670 sum
1041 640 1158 670 latebris
1181 650 1213 670 ac
1239 641 1377 671 mundata
1408 641 1591 671 Conscientia
1613 640 1732 678 dignum
1749 647 1781 668 se

963 685 1141 719 reddidisse,
1155 685 1203 724 qui
1219 694 1318 715 verum
1335 686 1444 716 Christi
1456 695 1563 726 corpus
1575 683 1780 722 etsanguineni

966 734 1121 764 sumeret;
1148 734 1270 759 caeteros
1291 734 1387 760 autem
1417 730 1452 760 ad
1483 739 1601 759 suarum
1617 728 1781 758 animarum

962 773 1107 812 judicium
1124 778 1152 804 et
1174 774 1450 805 condemnationem
1467 779 1524 805 tam
1542 771 1783 804 excellentissimi

965 821 1142 849 sacramenti
1171 819 1352 858 susceptioni
1380 829 1411 849 se
1439 818 1648 849 innuiscuisse.
1680 816 1702 847 Ο
1719 825 1780 846 rem

929 857 951 887 B
966 867 1086 902 stupore
1100 867 1186 903 atque
1201 857 1396 893 admiratione
1413 863 1615 901 dignissimam
1634 862 1641 892 ἱ
1659 864 1781 893 Contre-

964 907 1054 937 mi~co
1070 908 1133 947 ipso
1152 918 1207 938 non
1237 917 1350 947 parum,
1383 918 1449 937 cum
1474 907 1604 937 divinam
1622 906 1781 946 potentiam

963 952 1176 989 animadverto,
1194 962 1259 992 (pia!
1275 962 1392 982 onmem
1408 956 1517 981 natura}
1532 952 1588 981 vim
1607 960 1640 980 ac
1655 955 1782 990 potesta-

965 1000 1023 1026 tem
1039 997 1068 1026 in
1100 997 1182 1027 hisce
1213 996 1398 1027 mirabilibus
1426 997 1515 1027 rebus
1535 995 1661 1032 excedit,
1679 1004 1783 1026 sensus

964 1045 1083 1080 superat
1095 1045 1122 1070 et
1134 1041 1320 1071 sensibilium
1336 1050 1435 1070 rerum
1447 1039 1656 1070 similitudines
1672 1039 1782 1069 immu-

965 1089 1014 1115 tat.
1027 1084 1095 1115 ΗίΡο
1106 1088 1134 1115 et
1155 1085 1200 1115 his
1213 1085 1322 1115 similia
1334 1085 1450 1124 quoties
1466 1084 1599 1120 audiunt,
1617 1083 1666 1123 qui
1685 1083 1781 1122 genti~

964 1129 1034 1159 lium
1053 1129 1267 1168 ph'losopbiam
1284 1133 1444 1164 sectantur,
1459 1137 1583 1167 eamque
1596 1127 1689 1158 solam
1707 1136 1781 1157 cun-

965 1174 1019 1203 ctis
1037 1173 1193 1213 prail‘erunt
1209 1173 1386 1213 disciplinis,
1405 1182 1458 1203 nos
1473 1173 1608 1208 irrident,
1628 1172 1779 1206 damnant,

965 1217 1165 1248 etmaledictis
1173 1221 1259 1257 atque
1272 1217 1438 1258 opprobriis
1448 1217 1644 1253 insectantur,
1655 1222 1783 1246 nostros-

964 1270 1020 1302 que
1036 1271 1190 1292 sermones
1207 1262 1298 1292 »eluti
1323 1262 1518 1292 deliramenta
1545 1261 1678 1301 quaedam
1696 1265 1782 1301 atque

963 1306 1062 1337 inania
1078 1306 1189 1336 ludicra
1223 1311 1427 1341 contemnunt,
1459 1315 1493 1336 ac
1523 1305 1602 1346 parvi
1632 1305 1782 1345 pendunt;

965 1351 1102 1391 quoniam
1120 1354 1226 1391 praeter
1241 1351 1404 1381 naturalem
1428 1351 1587 1390 potentiam
1607 1349 1681 1380 nihil
1696 1349 1780 1385 alius,

966 1395 1039 1425 nihil
1056 1395 1159 1435 majus,
1179 1399 1229 1426 aut
1257 1395 1452 1427 excellentius
1473 1395 1708 1432 considerantes,
1726 1394 1783 1424 im-

966 1449 1097 1470 mensam
1119 1440 1171 1470 Dei
1196 1440 1368 1480 potentiam,
1386 1449 1450 1479 quae
1466 1443 1599 1470 naturam
1616 1439 1708 1479 ipsam
1726 1448 1781 1468 na-

964 1484 1129 1524 turaliaque
1144 1484 1244 1514 omnia
1259 1484 1369 1515 creavit
1398 1493 1430 1514 ex
1461 1483 1567 1522 nihilo,
1597 1492 1781 1524 nequaquam

932 1518 1211 1559 Canimadverlunt.
1230 1528 1289 1559 Nos
1317 1538 1385 1558 vero
1415 1528 1464 1568 qui
1493 1518 1603 1559 Christi
1619 1518 1781 1559 doctrinam

964 1572 1127 1612 sequimur,
1139 1573 1188 1613 qui
1205 1574 1262 1603 ﬁde
1279 1573 1403 1603 vivimus
1411 1577 1440 1603 et
1455 1572 1639 1611 evangelicas
1651 1572 1784 1602 traditio-

965 1626 1017 1647 nes
1028 1621 1088 1647 toto
1104 1618 1193 1648 corde
1204 1618 1420 1657 amp‘ectimtir,
1440 1618 1511 1647 nihil
1522 1617 1582 1647 Deo
1599 1616 1783 1656 impo~sibile

960 1662 1129 1701 judicamus
1146 1671 1152 1693 :
1171 1663 1242 1702 quin
1258 1663 1317 1694 imo
1346 1667 1374 1692 et
1403 1662 1449 1692 his
1479 1662 1600 1701 majora.
1620 1661 1666 1701 pia
1683 1661 1740 1691 [ide
1756 1665 1784 1691 et

966 1716 1038 1746 puro
1059 1706 1157 1737 cordis
1172 1707 1276 1737 alfectu
1293 1707 1468 1737 confitemur
1481 1710 1509 1736 et
1524 1706 1683 1736 credimus.
1701 1706 1783 1741 Quo—

966 1750 1020 1780 ties
1035 1751 1112 1780 enim
1141 1752 1249 1782 mentis
1279 1755 1385 1781 nostrae
1413 1752 1506 1781 aciem
1533 1750 1568 1780 ad
1585 1750 1690 1780 divina;
1706 1750 1784 1780 illius

965 1795 1103 1835 polentia;
1113 1795 1248 1835 abyssum
1261 1795 1414 1834 erigimus,
1428 1795 1514 1825 toties
1526 1794 1636 1831 omnia,
1648 1804 1785 1835 quaecun-

963 1848 1021 1878 que
1037 1839 1079 1869 illi
1096 1841 1279 1879 placuerunt.
1300 1841 1362 1870 ﬁeri
1386 1849 1471 1880 posse
1488 1844 1659 1870 constanter
1674 1839 1784 1870 asseri-

965 1894 1038 1914 mus.
1055 1885 1178 1915 Discant
1190 1885 1278 1924 igitur
1291 1885 1392 1915 lideles
1405 1884 1517 1924 cuncti,
1532 1885 1586 1914 hoc
1599 1888 1655 1914 tam
1673 1883 1786 1914 celebri

966 1929 1106 1959 miraculo
1123 1929 1276 1965 admoniti,
1295 1938 1352 1959 non
1378 1934 1490 1959 temere
1506 1938 1600 1969 neque
1615 1928 1780 1958 inconsulte

964 1973 1000 2003 ad
1018 1981 1075 2003 tam
1095 1973 1244 2013 purissimi
1259 1974 1434 2004 sacramenti
1450 1973 1689 2004 communionem
1706 1981 1789 2002 accc-

965 2018 1048 2055 dere,
1066 2017 1118 2048 sed
1131 2018 1257 2058 quisque
1274 2017 1356 2057 prius
1372 2018 1503 2057 seipsum
1521 2018 1672 2057 dijudicet,
1690 2021 1718 2046 tl
1738 2026 1788 2046 se-

966 2065 1046 2092 creta
1058 2062 1156 2092 cordis
1168 2064 1214 2092 sui
1230 2062 1394 2101 diligenter
1406 2062 1557 2102 inquirat:
1576 2071 1640 2101 qua:
1657 2070 1723 2091 cum
1739 2070 1787 2091 sa-

965 2105 1052 2137 lutari
1069 2106 1248 2145 pcenitentite
1260 2106 1393 2136 remedio
1407 2106 1585 2146 purgaverit,
1599 2114 1706 2145 magna
1720 2115 1786 2135 cum

966 2151 1132 2181 humilitate
1149 2157 1177 2180 et
1194 2151 1362 2181 reverentia
1376 2150 1534 2182 Dominum
1551 2150 1705 2180 interioris
1719 2159 1787 2180 cor-

935 2183 958 2212 D
967 2196 1012 2226 dis
1026 2195 1152 2235 hospitio
1169 2195 1276 2225 timens
1285 2195 1636 2235 tremensquesuscipiat;
1649 2195 1686 2225 de
1696 2194 1789 2234 ipsius

967 2240 1059 2278 gratia
1073 2244 1100 2270 et
1110 2240 1243 2270 bonitate
1256 2241 1395 2277 conﬁsus,
1410 2240 1459 2280 qui
1472 2240 1554 2270 solus
1569 2249 1604 2270 ex
1620 2239 1786 2278 peccatori-

969 2285 1024 2315 bus
1040 2289 1156 2314 sanctos
1172 2284 1238 2315 facit
1255 2289 1283 2315 et
1294 2285 1402 2324 justos,
1417 2290 1445 2314 et
1459 2294 1511 2324 per
1527 2284 1699 2324 prophetam
1717 2294 1788 2323 pec-

970 2334 1086 2360 catores
1096 2329 1263 2359 consolatus
1276 2333 1319 2358 est
1329 2328 1449 2359 dicens:
1478 2328 1512 2359 In.
1523 2337 1701 2368 quocunque
1712 2328 1789 2358 hom

968 2374 1474 2413 ceiwersusfngemueri'peccator,
1492 2374 1624 2404 omnium
1640 2373 1788 2411 iniquita-

970 2418 1397 2455 tumeiusnourccordabww.
1408 2417 1621 2455 Summaigitur
1644 2416 1751 2447 mentis
1761 2425 1791 2447 e'.

969 2463 1104 2504 corporis
1130 2462 1256 2502 puritate
1272 2465 1361 2502 atque
1391 2463 1533 2493 munditia
1552 2462 1728 2492 sumendum
1744 2465 1790 2492 est

969 2509 1025 2538 hoc
1042 2512 1271 2540 sacramentum.
1289 2517 1353 2537 cum
1373 2507 1454 2538 illurn
1471 2507 1670 2547 eumdcmque
1686 2507 1787 2537 Domi-

967 2561 1039 2583 nnm
1052 2561 1249 2589 assumamus,
1263 2552 1312 2592 qui
1327 2561 1378 2592 pro
1395 2557 1495 2583 nostra
1506 2552 1600 2583 salute
1613 2561 1649 2582 ex
1667 2551 1788 2590 Virgine

967 2597 1062 2632 nasci,
1085 2596 1252 2636 versarique
1265 2596 1342 2626 inter
1354 2596 1500 2632 homines,
1514 2597 1563 2636 qui
1576 2596 1661 2626 caecis
1677 2596 1786 2635 visum,

967 2642 1080 2673 claudis
1091 2651 1236 2680 gressum,
1254 2641 1385 2672 auditum
1402 2641 1510 2679 surdis,
1529 2641 1675 2681 loquelam
1687 2641 1786 2678 mutis,

967 2687 1117 2718 debilibus
1143 2686 1245 2722 robur,
1276 2685 1404 2717 inﬁrmis
1428 2686 1638 2722 valetudinem,
1664 2685 1788 2715 mortuis

939 2787 969 2816 v,
987 2776 1016 2808 6.

1061 2777 1089 2802 l5
1103 2775 1213 2816 Ephes.
1230 2785 1259 2816 ν,
1277 2777 1306 2808 5.
1351 2775 1378 2800 16
1393 2776 1615 2813 Ezech.xxx1n,
1634 2773 1682 2807 42.
