1970 3064
174 126 234 160 283

433 126 632 160 ΕΡΙΡΗΑΝΙΙ
652 127 829 159 MONACHI
850 128 899 159 DE
921 127 985 158 REI

1025 127 1130 159 iIONE
1151 127 1387 159 GHRISTIANA
1409 127 1596 158 LIBELLUS

1799 125 1860 159 284

173 194 264 226 vitam
274 195 462 235 animamque
473 194 621 233 restituit;
638 195 688 234 qui
704 194 734 225 in
750 194 846 225 crucis
862 193 992 234 patibulo
1003 193 1138 224 Asmatis
1151 192 1230 222 unda
1255 191 1420 222 ministerio
1445 191 1608 222 sacerdotis
1635 191 1692 222 rite
1707 191 1854 230 perfusus,

176 243 278 271 nostra
293 243 413 279 peccata
429 239 573 279 purgavit,
585 239 634 280 qui
645 239 681 270 ab
693 238 990 280 inferisantiquorum

175 287 291 324 patrum
307 283 420 314 animas
445 283 556 321 eduxit,
584 283 633 324 qui
663 284 747 314 tertia
773 283 821 314 die
836 293 853 314 a
870 284 992 314 mortuis

173 328 346 361 resurrexit.
363 332 394 358 ut
408 332 502 358 morte
531 336 563 359 se
591 337 690 358 verum
707 328 870 364 hominem,
888 337 990 358 resur-

172 371 304 402 rectione
320 381 390 402 vero
420 381 452 402 se
480 381 580 403 verum
608 372 700 403 Deum
731 372 990 413 ostenderet-qui

172 416 258 446 nobis
269 426 322 447 suo
335 417 465 456 pretioso
481 417 624 447 sanguine
633 417 753 456 januam
763 417 846 456 regni
862 417 991 448 coelestis

169 461 297 500 aperuit,
316 462 366 502 qui
381 461 492 493 deinde
507 461 541 492 ad
559 462 648 492 caelos
665 461 807 499 ascendit,
826 467 855 493 et
871 462 989 496 tandem

170 506 392 545 postuniversa:
413 507 510 537 carnis
532 507 780 538 resurrectionem
799 510 857 536 tum
875 515 989 546 severo,

170 553 230 580 tum
247 550 373 590 benigno
389 551 469 581 vultu
486 551 577 581 malos
586 561 619 581 ac
630 550 723 581 bonos
734 551 920 590 judicaturus
935 551 989 581 ad-

169 595 277 626 veniet.
293 595 363 632 Quis
380 604 479 636 quzeso
507 605 565 626 non
593 595 754 626 formidet?
781 595 845 636 quis
860 605 918 626 non
936 605 987 636 pa-

170 639 258 670 veat?
272 640 338 680 quis
354 650 412 671 non
440 640 661 677 contremiscat,
688 650 753 670 cum
769 649 872 671 secum
889 641 988 670 consi-

171 683 265 719 derat,
288 694 319 715 se
334 694 434 715 verum
451 685 582 715 omnium
599 686 780 723 Creatorem,
798 685 906 724 Regem
923 685 990 716 coeli

171 735 197 759 et
213 732 307 763 terra}.
320 734 361 760 tot
373 734 580 770 tan‘orumque
600 729 777 760 mirabilium
793 729 987 767 Patratorem,

170 772 304 804 Judicem
317 774 445 814 denique
456 774 585 804 vivorum
599 778 626 804 et
640 778 822 804 mortuorum
851 773 905 804 sub
922 784 990 814 spe-

170 817 217 867 cie
233 818 314 856 panis
329 823 358 849 et
373 818 427 849 viri
451 818 526 849 miro
553 818 679 858 quodam
710 819 797 849 modo
827 819 960 858 recipere
976 819 1023 867 ‘PB

170 861 242 898 Quis
253 867 297 892 est
309 867 366 893 tam
382 863 500 903 impius,
518 867 575 893 tam
587 863 759 902 sacrilegus,
778 869 897 903 tamque
913 863 989 893 salu-

169 907 207 936 tis
215 916 276 937 διιῖὲ
288 907 455 943 immemor,
468 907 517 947 qui
531 917 561 937 se
578 917 635 937 non
653 911 809 947 prmparet,
825 907 989 947 nondispo-

168 956 229 987 nat,
247 961 305 982 non
321 951 440 992 abjiciat
454 952 569 988 sordes,
582 962 640 982 non
662 952 788 992 deponat
803 951 940 987 maculas,
958 961 990 982 se

169 995 298 1036 denique
314 1001 405 1027 totum
421 996 457 1027 ab
474 997 554 1027 omni
570 996 793 1036 inquinamento
810 1005 867 1025 nou
885 1005 990 1036 expur-

169 1044 227 1080 get,
243 1044 276 1070 ut
291 1041 377 1071 talem
394 1051 427 1071 ac
443 1045 555 1072 tantum
574 1041 719 1081 hospitem
738 1050 790 1071 suo
806 1040 894 1079 digne
909 1041 986 1071 reci-

168 1084 227 1125 piat
260 1085 454 1116 habitavulo?
479 1085 509 1116 Si
539 1087 604 1126 quis
631 1085 794 1125 principem
825 1094 909 1115 suum
940 1090 987 1115 aut

167 1129 257 1160 alium
272 1130 455 1170 superiorem
472 1131 502 1161 in
519 1131 639 1161 domum
656 1140 737 1160 suam
749 1134 900 1160 venturam
914 1139 987 1169 prie-

165 1174 278 1206 scieril.
297 1185 396 1205 nonne
421 1175 542 1206 domum
567 1179 662 1211 ornat,
694 1174 827 1210 mundal,
845 1183 988 1213 (iuratque

164 1228 251 1259 quam
265 1219 379 1255 sedulo,
394 1229 430 1249 ne
445 1219 515 1259 quid
534 1220 561 1249 in
579 1228 612 1249 ea
628 1221 662 1250 sit
678 1223 774 1258 turpe,
787 1218 985 1254 immundum,

164 1263 397 1294 inhonestumac
412 1263 577 1300 sordidum,
590 1263 667 1302 quod
681 1262 865 1292 advenientis
881 1263 984 1301 liuspi-

166 1307 204 1337 tis
219 1307 321 1337 oculos
333 1312 383 1338 aut
407 1308 538 1338 animum
570 1308 629 1338 ulla
656 1307 770 1337 ratione
785 1307 875 1347 possit
889 1307 986 1336 oifen-

166 1351 236 1382 dere
250 1351 354 1387 ’ἔρυμά
366 1352 389 1382 si
401 1353 489 1382 homo
505 1356 655 1382 terrenum
672 1360 705 1381 ac
718 1351 870 1380 mortalem
887 1351 985 1381 homi-

167 1404 234 1426 nem
251 1400 443 1436 suscepturus
457 1405 521 1426 eam
548 1396 729 1434 diligentiam
752 1395 882 1431 adhibet,
900 1405 986 1435 quam

166 1439 336 1480 puritatem,
356 1449 441 1480 quam
459 1440 644 1479 munditiam,
660 1449 747 1479 quem
760 1439 885 1469 nitorem
898 1443 1016 1489 atqueC

165 1488 300 1514 ornatum
317 1484 459 1514 at'llllht'l't’
473 1484 559 1514 debet
577 1493 660 1514 mens
682 1485 818 1520 humana,
836 1493 983 1513 summum

164 1532 251 1567 atque
266 1528 497 1567 omnipotentem
515 1528 620 1564 Deum,
637 1528 687 1568 qui
703 1527 835 1558 omnium
853 1533 984 1558 secreto-

165 1581 231 1602 rum
248 1576 292 1603 est
307 1572 452 1611 cognitor,
470 1572 547 1603 intra
571 1572 698 1613 pectoris
727 1572 772 1603 sui
796 1581 903 1602 arcana
918 1582 983 1602 me-

163 1616 220 1647 rito
236 1621 410 1657 susceptura
423 1617 438 1648 ἱ)
453 1618 510 1647 Sed
524 1617 585 1657 jam
602 1617 681 1647 unde
697 1617 847 1656 paulisper
861 1617 985 1656 digressi

163 1671 277 1698 sumus,
291 1662 326 1692 ad
343 1661 473 1692 historiae
484 1662 617 1692 ordinem
634 1662 803 1692 redeamus.

204 1705 246 1736 Re
256 1706 355 1736 divina
365 1707 522 1745 completa,
534 1706 684 1747 sacrisque
700 1706 758 1736 illis
775 1706 912 1736 omnibus
927 1706 983 1737 rite

163 1751 302 1790 peractis,
311 1760 377 1781 cum
386 1760 488 1781 omnes
501 1751 550 1791 qui
562 1750 727 1781 aderantab
737 1750 984 1782 Ecclesiadisces-

163 1794 283 1829 sissent.
296 1795 423 1826 infidi-lis
440 1795 490 1826 ille
507 1800 652 1826 tanterum
673 1805 772 1825 rerum
787 1795 984 1826 admiratione

163 1843 327 1879 superatus,
339 1839 523 1870 sacerdotem
540 1839 686 1876 convenit,
704 1849 831 1879 eumque
847 1840 942 1871 amice
950 1849 983 1871 ac

162 1887 334 1914 reverenter
348 1883 519 1924 alloquitur,
535 1889 564 1915 et
586 1884 696 1920 omnia,
714 1893 779 1924 qua:
792 1884 833 1914 illi
851 1888 983 1924 tempore

163 1928 302 1958 sacrificii
316 1933 523 1968 apparuerant,
541 1939 595 1959 suo
607 1928 710 1958 ordine
722 1928 841 1968 expauit
854 1938 862 1964 ;
878 1928 982 1966 cupie-

164 1971 214 2002 bat
229 1972 308 2002 enim
325 1973 404 2003 velut
431 1973 537 2004 divina)
567 1973 703 2013 potentiae
731 1981 850 2012 prorsus
865 1971 983 2011 ignarus

163 2016 297 2056 apprime
314 2017 491 2057 intelligere,
509 2017 578 2058 quid
595 2021 637 2048 tot
664 2016 867 2047 distinctarum
884 2025 982 2046 rerum

163 2061 316 2101 speciesin
329 2061 433 2093 eodem
442 2061 613 2093 sibivelleut
627 2065 822 2096 sacramento,
838 2070 984 2100 quamque

163 2115 223 2146 pra
231 2115 263 2136 se
275 2106 651 2146 ferrentsigniﬁcationem.
667 2105 740 2136 Tum
753 2106 890 2136 sacerdos
904 2105 979 2135 divi-
991 2101 1015 2132 D

164 2160 231 2181 nam
244 2160 363 2181 manum
376 2151 444 2181 huic
462 2151 506 2182 rei
526 2151 644 2182 affuisse
658 2159 850 2190 cognoscens,
863 2149 982 2180 videns-

164 2204 222 2236 que
237 2195 324 2236 hujus
353 2194 483 2226 intidelis
511 2201 639 2226 mentem
673 2196 777 2225 timore
793 2194 879 2225 simul
896 2199 983 2234 atque

163 2240 360 2272 admiratione
376 2249 562 2277 concussam,
579 2240 718 2280 ccepitilli
731 2249 767 2270 ex
780 2239 873 2270 sacris
890 2239 983 2270 Litte-

163 2286 204 2315 ris
219 2284 346 2315 divinam
376 2285 405 2315 iu
436 2285 540 2325 primis
568 2284 729 2324 potentiam
759 2283 927 2320 ostendere,
949 2292 983 2313 ac

163 2329 273 2361 deinde
288 2339 342 2370 per
355 2329 471 2369 singula
486 2330 666 2367 discurrens,
685 2333 824 2369 quantum
842 2327 982 2368 temporis

163 2376 299 2413 angustia
323 2374 498 2413 patiebatur,
527 2374 676 2406 Christum
705 2373 747 2404 illi
764 2372 981 2412 evangelizavit.

163 2418 232 2456 Qua:
247 2428 313 2449 cum
329 2419 380 2450 ille
394 2423 504 2450 attente
528 2418 617 2450 simul
645 2427 679 2449 ac
709 2418 813 2449 devote
828 2417 980 2454 audiisset,

162 2463 340 2504 adessetque
354 2464 447 2503 gratia
473 2463 601 2500 Domini,
632 2462 694 2503 qui,
725 2466 756 2492 ut
782 2461 878 2500 inquit
900 2460 981 2492 Scri-

162 2512 248 2549 plura
262 2509 303 2547 17,
328 2508 410 2539 solus
433 2511 529 2549 potest
557 2517 608 2539 cor
634 2506 783 2547 lapideum
812 2506 908 2537 facere
931 2515 983 2536 cor

162 2562 314 2594 carneum,
327 2556 356 2583 et
366 2552 557 2592 exlapidibus
577 2551 721 2582 suscitare
740 2550 816 2581 ﬁlios
831 2550 957 2581 Abraha:
973 2559 979 2581 :

160 2597 242 2629 illico
267 2597 442 2629 Christiana:
466 2596 608 2628 doctrinae
623 2595 760 2633 credidit,
777 2605 868 2635 seque
884 2595 981 2635 bapti-

160 2643 230 2680 zari,
243 2647 330 2684 atque
341 2641 454 2673 relictis
472 2641 558 2672 idolis
573 2647 602 2672 et
619 2640 772 2671 erroribus
786 2640 864 2670 inter
877 2640 982 2671 ﬁdeles

161 2687 267 2720 Christi
284 2687 394 2718 milites
408 2686 517 2718 ascribi
543 2685 643 2717 voluit.
670 2685 754 2716 Sacri
768 2685 867 2726 itaque
883 2685 980 2725 bapti-

775 2774 804 2800 ιθ
817 2774 945 2815 Philipp.
962 2775 1012 2808 23.

201 2777 228 2802 ¹¹1
239 2776 340 2810 Matth.
356 2785 399 2816 In,
415 2776 446 2809 9.
488 2776 517 2802 *8
530 2775 608 2809 Psal.
625 2783 683 2813 cm,
699 2776 729 2807 9.

1033 247 1100 268 cum
1129 245 1218 276 supra
1245 240 1332 276 caput
1361 236 1425 275 ejus
1453 235 1590 266 columba
1618 236 1684 266 nive
1700 235 1857 266 candidior

1032 282 1185 317 astitisset,
1203 281 1285 312 Pauli
1297 280 1419 312 secundi
1431 280 1466 311 ab
1483 280 1546 320 ipso
1568 281 1722 311 sacerdote
1737 280 1779 310 illi
1797 290 1853 310 no-

1033 335 1099 356 men
1116 325 1288 366 imponitur.
1303 324 1395 365 [dque
1410 324 1567 355 admodum
1577 325 1797 355 convenienter.
1815 325 1855 356 Ut

1033 371 1111 401 enim
1128 370 1235 402 Paulus
1244 370 1391 409 apostolus
1413 373 1478 409 post
1493 369 1666 400 innumeras
1681 369 1854 400 Christianae

1032 415 1106 455 legis
1119 419 1353 454 cunctorumque
1364 414 1392 444 in
1403 414 1520 445 Christo
1542 414 1729 445 credentium
1747 423 1853 454 perse-

1032 460 1178 496 cutiones,
1191 459 1298 489 damna
1313 463 1401 499 atque
1414 458 1548 498 injurias,
1565 458 1664 488 divina
1679 459 1770 498 gratia
1783 467 1852 498 per-

1030 503 1175 543 funditur,
1190 504 1221 534 iit
1234 513 1266 534 ex
1279 503 1367 534 Saulo
1381 503 1497 542 Paulus,
1518 513 1553 534 ex
1573 504 1657 533 hoste
1674 503 1798 540 amicus,
1816 512 1854 533 ex

1032 548 1237 588 impugnalore
1253 548 1401 585 defensor,
1415 558 1447 578 ex
1461 552 1650 588 persecutore
1667 548 1853 587 prazdicator;

1032 593 1063 623 lit
1078 593 1346 632 religionisuostrae
1362 602 1506 623 resonans
1522 592 1603 628 tuba,
1616 592 1648 623 tit
1663 601 1712 622 vas
1727 591 1852 622 electio-

1032 639 1088 675 nis,
1106 643 1135 669 et
1159 639 1267 671 Christi
1293 639 1456 675 apostolus,
1488 643 1515 669 et
1546 638 1663 668 tandem
1680 638 1853 677 religionem

1032 688 1161 714 nostram
1178 683 1416 714 constantissime
1435 683 1608 720 priedicans,
1636 690 1664 713 et
1679 683 1788 723 ubique
1803 683 1852 714 in-

1032 729 1147 769 trepide
1164 729 1328 759 defendens
1356 728 1458 767 capitis
1490 728 1627 767 martyrio
1656 727 1788 766 migravit
1815 727 1853 758 ad

1031 772 1189 803 Domitiutn
1204 784 1210 804 :
1223 773 1265 803 sic
1277 773 1384 803 Paulus
1400 773 1454 802 iste
1469 773 1620 802 secundus
1631 777 1695 812 post
1711 772 1852 802 iunume--

1031 827 1079 847 ras
1090 817 1181 848 divini
1194 817 1321 848 nominis
1342 816 1552 857 blasphemias,
1570 821 1599 847 et
1615 816 1851 847 Christianorum

1034 862 1264 901 persecutiones,
1293 861 1424 901 rapinas,
1449 861 1583 900 injurias.
1614 861 1722 897 caedes,
1751 860 1850 891 divino

1033 915 1157 936 muneie
1173 906 1206 935 ad
1223 906 1311 936 ﬁdem
1338 914 1498 935 conversus
1527 905 1619 935 multo
1648 905 1677 935 in
1693 914 1727 935 ea
1743 914 1851 944 propa-

1032 951 1126 989 ganda
1141 955 1228 990 atque
1243 950 1431 981 defendenda
1446 949 1498 980 fuit
1523 949 1674 980 ardentior
1695 959 1781 989 quam
1798 949 1853 980 fuit

1031 995 1060 1025 in
1076 995 1286 1034 impugnanda.
1311 995 1406 1024 Vi'am
1426 1004 1541 1024 summa
1557 995 1737 1033 integritate,
1754 994 1852 1024 conti-

1031 1039 1323 1070 nentiaetseveritate
1333 1039 1443 1077 exegit;
1465 1049 1572 1078 corpus
1583 1039 1717 1078 jejuniis,
1734 1039 1850 1077 vigi‘iis,

1029 1089 1055 1114 et
1068 1085 1189 1122 ﬂagellis
1199 1085 1355 1124 castigans,
1371 1084 1451 1115 brevi
1465 1084 1563 1114 docuit
1582 1085 1705 1114 obedire
1720 1084 1848 1124 spiritui.

1030 1128 1132 1160 Carnis
1145 1130 1308 1170 voluptates
1319 1135 1406 1170 atque
1425 1130 1580 1160 illecebras
1596 1139 1699 1160 omnes
1715 1134 1849 1160 contem-

1031 1174 1103 1213 psit:
1130 1175 1254 1204 orationi
1284 1180 1311 1204 ot
1328 1175 1449 1204 lectioni
1466 1184 1616 1204 sacrarum
1631 1174 1848 1213 Scripturarum

1029 1226 1148 1257 semper
1163 1219 1301 1248 intentus.
1325 1219 1409 1249 Oculi
1425 1228 1560 1248 somnum
1591 1227 1623 1248 ac
1648 1219 1783 1255 corporis
1799 1228 1849 1248 re-

1028 1262 1128 1298 quiem
1146 1263 1202 1293 nisi
1218 1263 1251 1292 ad
1281 1269 1391 1293 natura:
1421 1273 1455 1293 ac
1483 1263 1587 1293 virium
1605 1263 1848 1293 sustentationem

1029 1307 1106 1336 velut
1123 1311 1234 1346 pestem
1252 1307 1477 1347 aspernabatur,
1502 1308 1571 1337 scieI
1587 1317 1600 1337 s
1626 1307 1713 1337 hosce
1730 1307 1848 1347 laqueos

1030 1360 1094 1380 esse
1122 1351 1242 1384 diaboli.
1271 1351 1377 1392 quibus
1406 1352 1521 1382 irretirc
1547 1356 1576 1382 et
1604 1361 1709 1392 capere
1735 1353 1848 1382 animas

1029 1395 1132 1426 soleat.
1149 1398 1298 1426 Summam
1311 1396 1448 1426 omnibus
1458 1396 1486 1426 in
1499 1396 1587 1426 rebus
1599 1396 1768 1435 gravitatem
1779 1406 1848 1426 con-

1028 1439 1244 1480 tinentiamque
1258 1441 1394 1475 servavit,
1414 1440 1545 1475 Divitias,
1562 1450 1633 1480 quas
1651 1441 1756 1471 inultas
1772 1449 1845 1471 con-

1026 1490 1206 1522 gregaverat,
1224 1485 1363 1515 omuesin
1377 1494 1521 1525 pauperes
1532 1485 1587 1514 dist
1609 1485 1694 1519 ibuit,
1709 1489 1737 1514 ut
1749 1485 1846 1515 nudus

1026 1532 1113 1562 atque
1129 1529 1283 1568 expeditus
1293 1529 1438 1560 Christum
1456 1530 1566 1560 nudum
1583 1539 1615 1560 ac
1634 1539 1792 1568 pauperem
1802 1530 1846 1559 fa-

1027 1572 1112 1602 cilius
1129 1578 1315 1613 sequeretur,
1332 1579 1361 1604 ut
1392 1574 1428 1605 de
1458 1574 1521 1614 ipso
1553 1574 1757 1614 propheticum
1774 1573 1846 1604 illud

1027 1617 1144 1648 nunabs
1154 1627 1185 1647 re
1193 1618 1252 1648 dici
1264 1618 1350 1652 pussit
1366 1630 1371 1635 -
1389 1618 1549 1658 Dispersit,
1561 1619 1642 1648 dedit
1651 1619 1845 1658 pauperibus,

1025 1662 1353 1700 etjustt'tincjtmnanet
1380 1663 1409 1693 in
1431 1663 1569 1694 StEI'tlhlm
1584 1662 1738 1693 sa'culilS.
1752 1664 1846 1693 Pecu-

1025 1706 1428 1747 nizeczeterarumquererum
1448 1707 1661 1737 mundanarum
1673 1706 1847 1746 cupiditates

1025 1750 1147 1780 calcavit
1171 1755 1258 1791 atque
1289 1752 1465 1791 perdomuit.
1495 1751 1599 1782 Totius
1628 1752 1757 1791 denique
1780 1751 1846 1781 vita:

1027 1798 1124 1833 partes
1136 1794 1208 1825 mira
1219 1796 1345 1836 quadam
1361 1796 1491 1826 bonitate
1506 1796 1760 1835 sanctimoniaque
1775 1805 1846 1836 per-

1026 1838 1103 1869 fecit.
1124 1838 1202 1869 Niliil
1220 1840 1247 1869 iu
1265 1850 1299 1870 eo
1317 1840 1565 1881 reprehensibile,
1584 1850 1642 1870 non
1657 1849 1766 1877 sermo,
1785 1850 1845 1870 non

1025 1882 1171 1919 incessus,
1186 1894 1242 1914 non
1264 1889 1416 1924 aspectus;
1437 1885 1509 1915 nihil
1523 1885 1599 1925 quod
1613 1885 1755 1925 cujusque
1771 1894 1843 1915 ocu-

1024 1927 1069 1957 los
1086 1928 1114 1958 in
1130 1937 1162 1959 se
1176 1934 1273 1968 posset
1289 1930 1452 1960 offendere.
1479 1930 1648 1961 Doctrinam
1665 1939 1734 1960 vero
1749 1939 1844 1960 evan-

1025 1972 1162 2009 gelicam,
1176 1983 1261 2013 quam
1274 1979 1342 2005 ante
1358 1973 1510 2010 irridebat,
1528 1973 1695 2009 damnabat,
1713 1974 1843 2004 insecta-

1025 2016 1121 2054 batur,
1135 2018 1250 2057 populis
1262 2018 1475 2048 ardenissime
1487 2018 1664 2059 praedicavit,
1687 2022 1773 2058 atque
1790 2028 1842 2058 pro

1026 2061 1089 2100 ejus
1101 2062 1221 2092 veritate
1237 2063 1357 2099 tuenda,
1382 2063 1510 2102 seipsum
1529 2063 1667 2102 martyrio
1681 2063 1844 2102 saepissime

1026 2105 1141 2136 obtulit.
1157 2105 1227 2136 Cum
1250 2111 1346 2137 autem
1367 2107 1428 2146 jam
1450 2108 1548 2146 plures
1563 2116 1655 2137 annos
1670 2107 1699 2137 in
1712 2107 1767 2137 hac
1782 2110 1841 2138 tam

1025 2155 1125 2180 sancta
1155 2151 1377 2182 conversatione
1413 2152 1614 2191 transegisset,
1645 2151 1842 2191 omnibusque

1024 2199 1101 2224 esset
1118 2195 1229 2235 stupori
1258 2199 1287 2226 et
1314 2195 1514 2233 admirationi,
1544 2196 1649 2236 hisque
1665 2196 1840 2235 prmsertim,

1025 2239 1074 2279 qui
1091 2240 1155 2277 ejus
1179 2239 1266 2270 vitam
1294 2244 1362 2270 ante
1392 2240 1616 2270 conversionem
1632 2245 1841 2279 cognoverant,

1026 2284 1133 2324 placuit
1147 2284 1342 2324 omnipotenti
1360 2283 1418 2315 Deo
1447 2285 1569 2315 militem
1592 2293 1678 2314 suum
1693 2285 1728 2314 ad
1742 2294 1773 2315 se
1789 2294 1840 2314 vo-

1024 2337 1103 2365 care,
1120 2332 1151 2358 ut
1166 2329 1215 2369 qui
1231 2333 1351 2359 strenue
1367 2338 1401 2360 ac
1429 2330 1553 2360 viriliter
1567 2329 1768 2369 dimicaverat,
1785 2329 1840 2360 de-

1024 2372 1084 2403 bita
1099 2373 1246 2413 reciperet
1267 2374 1414 2413 stipendia
1437 2374 1621 2405 meritorum.
1652 2373 1729 2404 Voce
1744 2374 1843 2414 itaque

1024 2417 1166 2457 angelica,
1182 2426 1240 2458 qua
1256 2418 1363 2458 saepius
1391 2418 1536 2449 consolari
1564 2417 1687 2455 solebat,
1704 2418 1769 2448 vitze
1783 2427 1843 2449 suae

1024 2462 1113 2493 ﬁnem
1129 2462 1239 2493 instare
1252 2462 1296 2493 illi
1312 2463 1475 2503 nuntiatur,
1503 2471 1559 2503 qua
1575 2472 1609 2493 ex
1624 2471 1657 2492 re
1672 2462 1709 2493 de
1721 2462 1842 2493 Domini

1024 2505 1154 2537 bonitate
1167 2506 1430 2547 misericordiaque
1457 2508 1597 2544 confisus,
1625 2506 1676 2546 qui
1691 2516 1841 2547 nunquam

1024 2551 1134 2582 deserit
1149 2555 1304 2591 sperantes
1318 2551 1348 2582 in
1363 2560 1408 2592 se,
1424 2551 1630 2582 incredibilem
1650 2551 1750 2582 animo
1765 2551 1841 2582 heli—

1024 2595 1094 2626 tiom
1106 2596 1206 2636 cmpit,
1217 2595 1290 2626 illud
1302 2596 1433 2636 Apostoli
1443 2596 1549 2637 saepius
1563 2598 1703 2636 repetens
1720 2605 1726 2626 :
1745 2596 1841 2636 Cupio

1023 2640 1156 2678 dissolvi,
1172 2645 1273 2671 etesse
1288 2649 1354 2672 cum
1376 2641 1495 2673 Christo
1506 2641 1534 2666 ‘9
1561 2640 1729 2680 Intelligens
1743 2645 1839 2671 autem

1024 2685 1139 2716 nullum
1147 2685 1258 2726 gratius
1268 2685 1438 2727 acceptabili
1444 2695 1535 2727 usque
1541 2685 1640 2717 oﬂ‘erri
1648 2684 1838 2723 sacriﬁcium,
