1970 3064
55 127 126 160 285

405 127 534 160 ALEXII
557 128 812 159 PATRIARCHIE
833 127 1166 159 CONSTITUTIONES
1187 127 1421 160 SYNODALES.

1697 128 1756 161 286

61 203 162 234 quam
182 203 234 225 cor
252 193 412 224 contritum
427 197 457 224 et
472 192 670 229 humiliatum,
691 192 766 223 facta
782 192 1002 232 pecca-Acazci
1017 191 1128 230 vident,
1146 192 1228 223 surdi
1243 193 1377 231 audiunt,
1392 193 1464 224 muti
1479 194 1652 234 loquuntur,
1660 194 1757 226 claudi

60 242 169 269 torum
179 238 379 275 confessione,
387 241 563 278 peractaque
575 236 755 277 poenitentia,
765 237 895 276 seipsum

63 284 134 314 Deo
147 283 308 314 bumilians
319 282 355 312 de
370 282 544 312 admirando
558 290 593 312 ac
612 281 763 311 salutifero
780 281 829 310 illo
846 289 894 311 sa-

63 332 227 358 cramento
242 327 375 367 corporis
386 331 415 357 et.
426 326 577 366 sanguinis
596 326 715 357 Domini
730 326 806 366 quod
823 335 897 356 con-

62 372 219 403 versionis
229 382 289 402 suae
300 381 388 402 causa
403 371 508 408 fuerat,
529 370 716 401 devotissime
734 369 895 410 participa-

63 417 120 448 vit.
150 417 265 448 Deinde
282 426 348 447 cum
363 426 394 447 se
411 416 537 446 orationi
552 416 696 454 dedisset,
712 425 838 456 corpore
853 414 897 444 iu-

60 466 180 492 terram
198 462 349 499 inclinato,
375 461 472 492 anima
487 463 523 492 ad
553 461 712 499 gloriosam
742 460 895 490 beatorum

67 507 200 547 patriam
218 505 428 537 comitantibus
452 505 565 545 angelis
588 506 662 536 mira
677 505 827 535 celeritate
842 504 897 534 ad-

72 551 200 583 volavit.
217 551 346 583 Aderant
366 551 499 591 plerique
515 550 608 580 sancti
623 550 688 586 viri,
705 549 754 590 qui
766 549 898 580 referunt

66 605 215 636 magnum
234 595 392 636 quemdam
423 595 612 634 splt-udorem
637 604 689 635 per
703 594 790 624 unius
806 596 898 624 ferme

61 641 154 671 hora:
169 640 295 680 spatium
312 648 420 679 corpus
445 639 515 669 illud
540 639 700 679 pretiosum
717 637 889 669 circumful-

63 685 158 720 sisse.
171 685 222 715 sed
230 689 258 715 et
269 693 386 714 suavem
403 683 524 714 odorem
541 693 630 723 super
643 688 774 714 aromata
789 686 893 713 cuncta

63 739 176 760 omnes
200 729 229 760 in
246 729 384 760 cubiculo
410 728 548 759 sensisse.
575 727 629 763 Qui
646 737 714 758 vero
729 726 893 767 sepeliendi

65 773 404 813 curamhabuerunt,in
423 772 451 803 id
471 772 669 809 censentiunt,
686 772 794 802 nudato
810 771 896 802 vesti-

62 820 123 850 bus
141 828 278 858 corpore,
294 818 324 849 in
341 818 406 857 ejus
426 817 553 858 pectoris
572 817 669 847 medio
687 816 784 847 crucis
796 816 894 856 cujus-

937 236 1099 274 ambulant,
1113 237 1222 277 leprosi
1234 238 1424 275 mundantur,
1446 242 1474 268 et
1488 239 1620 269 omnium
1634 239 1756 270 morbo-

937 290 1002 311 rum
1017 291 1127 321 genera
1141 281 1229 321 hujus
1244 282 1338 313 sancti
1352 281 1407 313 viri
1437 282 1549 313 meritis
1565 288 1593 314 et
1609 284 1755 315 interces-

938 325 1021 356 sione
1036 326 1132 357 curari
1147 327 1297 358 dicuntur.

976 370 1090 406 Quanto
1118 370 1206 410 igitur
1234 371 1263 401 in
1293 370 1406 401 honore
1435 371 1615 409 habendam,
1638 373 1756 412 quantis

937 415 1116 446 etl‘erendam
1124 415 1270 453 laudibus,
1282 416 1389 455 quibus
1396 416 1591 446 extollendam
1602 418 1756 456 priet-oniis

937 460 1013 490 hanc
1026 465 1154 490 nostram
1166 459 1362 491 Christianam
1378 460 1540 491 doctrinam
1551 460 1728 492 arbitramur
1743 463 1751 492 t

939 504 1009 540 Quis
1020 505 1058 535 de
1072 505 1165 545 ipsius
1177 504 1308 542 veritate,
1322 504 1465 544 dignitate
1477 509 1564 545 atque
1580 506 1754 536 excellentia

939 548 1166 589 dubitavit,quze
1176 559 1240 580 cum
1254 559 1401 579 summum
1419 549 1511 580 Deum
1535 550 1633 580 habuit
1650 556 1753 581 aucto-

941 603 1016 630 rem,
1043 593 1228 633 Unigenitum
1245 603 1313 624 vero
1332 593 1424 634 ipsius
1439 594 1544 625 Filium
1562 595 1753 626 mediatorem

933 638 1041 668 sanctis
1051 638 1181 678 acjustis
1192 639 1306 678 repleta
1325 638 1363 669 sit
1379 638 1577 677 documentis,
1595 644 1623 669 et
1639 644 1751 670 morta-

931 679 978 712 les
994 682 1030 712 ab
1047 682 1199 713 erroribus
1215 683 1308 713 trahat
1325 683 1360 713 ad
1383 683 1547 719 veritatem,
1565 693 1616 713 eos
1632 684 1751 714 demum

935 730 1098 764 consortes,
1114 726 1197 766 regni
1220 726 1344 757 caelestis
1374 726 1532 767 participes
1555 727 1643 757 faciat
1659 726 1671 758 ?
1687 729 1752 767 quis

936 780 999 802 eam
1018 781 1076 801 non
1092 771 1297 810 amplectetur,
1315 781 1348 802 ac
1363 771 1420 802 sibi
1431 771 1519 802 veluti
1535 771 1751 802 ornatissimam

937 816 1093 856 quamdam
1105 825 1242 856 sponsum
1257 816 1456 846 indissolubili
1466 815 1581 848 vinculo
1594 826 1651 846 non
1665 826 1753 856 copu-

66 865 141 894 (lam
160 863 287 902 efﬁgiem
305 873 338 893 ex
354 862 447 902 ipsius
463 871 536 902 puro
552 861 694 900 sanguine
707 861 796 892 visam
814 870 891 897 esse,
905 860 1030 891 Blahit?
1045 860 1141 901 Ip5um
1158 869 1226 891 vero
1239 860 1422 891 salutiferum
1440 861 1573 900 corporis
1588 866 1615 891 et
1631 862 1752 900 sangui-

64 918 159 949 quam
176 908 221 938 hie
250 907 353 937 littera:
383 906 413 937 in
442 906 560 936 modum
591 915 707 936 corona;
722 914 775 935 seu
790 905 891 935 circuli

64 953 242 984 ambiebant
255 963 262 981 :
280 953 394 983 Paulus
409 951 556 982 secundus
566 960 671 981 servus
680 950 753 981 Jesu
765 950 890 981 Christi.

67 998 145 1034 Quae
159 1006 208 1027 res
224 1006 289 1027 cum
316 996 404 1034 digna
424 995 485 1026 visa
511 1000 599 1032 esset,
631 1004 696 1034 qum
712 1004 764 1031 [το
779 995 891 1025 honore

65 1048 160 1081 atque
177 1040 350 1072 excellentia
377 1039 528 1078 religionis
558 1043 666 1069 nostrae
682 1039 718 1069 ad
734 1039 892 1068 multorum

66 1086 208 1117 notitiam
223 1085 403 1124 perveniret,
419 1084 514 1114 offerent
527 1083 721 1122 utgloriosum
738 1083 809 1113 illud
824 1092 891 1115 cor-

66 1140 126 1171 pus
142 1130 252 1169 aliquot
281 1128 387 1159 diebus
416 1128 600 1158 inhumatum
615 1128 739 1167 jaceret.
757 1128 892 1158 Accessit

63 1179 165 1206 autem
178 1174 213 1204 ad
226 1173 254 1204 id
266 1173 418 1203 visendum
432 1182 536 1211 magna
551 1172 703 1202 hominum
722 1171 888 1208 multitudo,

64 1219 116 1260 qui
134 1228 197 1249 rem
214 1222 271 1249 tam
286 1217 460 1257 stupendam
478 1218 625 1247 intuentes
641 1226 788 1246 sumtnum
801 1222 891 1256 atque

63 1263 300 1302 omnipotentem
317 1262 408 1292 Deum
427 1262 526 1292 multis
543 1261 692 1302 preconiis
707 1260 864 1291 laudabant
880 1272 886 1290 :

64 1309 124 1345 Qui
133 1306 580 1346 facitmirabiliumagnasotus
591 1305 631 1333 20.
647 1306 802 1344 Postquam
819 1314 888 1335 vero

63 1352 139 1384 tanti
157 1350 604 1390 miraculifamalongelateqne
624 1349 729 1380 diﬁ‘usa
744 1353 799 1384 est,
819 1358 887 1388 pre-

62 1397 172 1428 tiosum
191 1395 260 1426 illud
273 1405 380 1434 corpus
404 1394 568 1425 Christiano
586 1403 666 1425 more
682 1393 888 1424 ecclesiastica:

64 1441 227 1481 sepulturae
239 1439 424 1470 tradiderunt
453 1439 545 1469 Locus
560 1443 657 1468 autem
672 1438 800 1478 sepulcri
813 1448 886 1478 pau-

935 905 980 935 nis
1004 905 1121 936 Domini
1141 909 1358 935 sacramentum
1385 915 1505 936 omnem
1526 908 1752 945 supereminens

933 949 1097 980 naturalem
1114 949 1273 989 potentiam
1294 949 1360 990 quis
1388 959 1447 980 non
1470 949 1675 982 admirabitur.
1692 960 1751 980 non

934 993 1133 1024 venerabitur
1149 1003 1182 1024 ac
1193 993 1321 1024 maxima
1331 994 1428 1024 cordis
1442 994 1567 1034 puritate
1583 994 1750 1034 suscipien-

934 1039 1003 1069 dum
1018 1048 1075 1068 non
1094 1038 1240 1078 judicabit
1255 1038 1267 1068 ?
1286 1038 1367 1074 Quod
1384 1039 1482 1070 divina
1498 1040 1626 1079 potentia
1642 1049 1693 1079 per
1707 1049 1752 1069 sa-

934 1083 1064 1114 cerdotis
1088 1083 1192 1114 conﬁci
1224 1083 1420 1114 ministerium
1448 1089 1636 1114 sacrosancta
1663 1083 1752 1114 tradit

934 1127 1084 1158 Ecclesia:
1099 1128 1128 1158 in
1147 1138 1204 1168 quo
1224 1127 1276 1158 Dei
1289 1128 1382 1159 Filius
1398 1128 1539 1159 Dominus
1552 1133 1653 1158 noster
1667 1129 1750 1159 vans

932 1173 1066 1202 Christus
1081 1182 1113 1202 se
1142 1172 1229 1203 talem
1259 1172 1344 1202 nobis
1373 1173 1609 1203 manducandum
1626 1172 1748 1213 praebet,

932 1217 1047 1256 qualem
1067 1226 1101 1247 ex
1117 1216 1238 1256 Virgine
1256 1221 1356 1247 natum
1372 1221 1398 1247 et
1416 1217 1593 1248 conﬁtemur
1606 1222 1635 1247 et
1649 1217 1749 1248 credi-

931 1270 1007 1297 mus,
1024 1262 1100 1301 quod
1116 1262 1249 1301 quisquis
1263 1261 1350 1300 digne
1365 1261 1517 1301 suscipiat,
1534 1261 1686 1292 beatorum
1704 1271 1749 1291 so-

930 1305 1026 1335 cietati
1056 1305 1281 1345 numerabitur;
1312 1306 1361 1345 qui
1390 1314 1459 1337 vero
1487 1305 1619 1346 indigne,
1637 1309 1749 1336 mter-uo

928 1349 1074 1389 supplicio
1089 1349 1391 1389 deputabitur.Deum
1405 1349 1503 1390 itaque
1518 1351 1598 1391 pium
1616 1356 1645 1382 et
1660 1350 1748 1381 mise-

930 1393 1076 1424 rrcordem
1089 1393 1231 1424 orandum
1242 1394 1369 1424 arbitror
1382 1399 1410 1424 et
1421 1394 1530 1425 sanctis
1543 1394 1682 1435 operibus
1690 1395 1750 1435 pla-

928 1438 1066 1476 candum,
1096 1443 1126 1468 ut
1152 1438 1241 1469 corda
1266 1443 1366 1469 nostra
1388 1448 1449 1470 suae
1475 1439 1575 1479 gratia:
1590 1439 1749 1480 splendore

62 1487 106 1518 cis
122 1486 260 1525 cognitus
290 1494 354 1515 esse
383 1484 503 1524 dicitur,
531 1483 620 1523 idque
649 1492 684 1513 ea
699 1482 805 1513 factum
823 1482 1084 1518 esseCilluminet,
1096 1487 1237 1523 actusque
1250 1488 1366 1513 nostros
1379 1483 1408 1513 in
1424 1484 1530 1514 semita
1544 1485 1747 1514 mandatorum

61 1531 188 1566 ratione,
207 1539 244 1561 ne
269 1529 434 1560 inﬁdelium
465 1528 562 1558 furore
588 1531 675 1567 atque
702 1528 811 1566 impetu
828 1531 885 1557 tam

64 1579 212 1615 sanctum,
231 1579 287 1604 tam
305 1573 490 1613 praeclarum,
510 1576 628 1612 tamque
645 1571 760 1610 insigne
777 1572 886 1602 monile

64 1620 198 1651 Ecclesia
214 1619 363 1660 perderet.
396 1619 526 1655 Longum
558 1617 646 1646 nimis
676 1619 753 1646 essM
772 1616 886 1660 referre

66 1659 221 1695 beneficia
253 1672 317 1703 quze
358 1662 502 1701 benignus
533 1661 674 1692 Dominus
700 1659 885 1690 visitantibus

63 1708 144 1739 illam
160 1717 273 1738 sacram
298 1706 392 1737 adem
418 1715 471 1736 sua
499 1705 631 1736 bonitate
659 1705 801 1744 largitur;
817 1713 884 1734 nam

103 1797 133 1823 20
149 1797 226 1829 Psal.
243 1805 325 1833 Lxxt,
342 1797 390 1826 18.

929 1536 1047 1557 suorum
1064 1527 1108 1557 sic
1122 1527 1228 1567 dirigat
1257 1537 1290 1558 ac
1321 1527 1469 1568 disponat,
1500 1534 1531 1559 ut
1547 1538 1613 1559 cum
1632 1529 1716 1560 nobis
1732 1539 1748 1560 e

926 1572 986 1602 vita
1001 1571 1055 1602 hac
1072 1571 1165 1610 fragili
1186 1572 1370 1612 migrandum
1399 1572 1500 1610 fuerit,
1516 1573 1556 1603 ita
1567 1573 1655 1613 digne
1670 1573 1746 1604 istud

926 1615 1100 1646 admirabile
1107 1621 1324 1648 sacramentum
1333 1617 1539 1656 suscipiamus
1555 1623 1584 1648 ut
1595 1617 1747 1648 sanctissi-

927 1670 974 1690 mo
986 1661 1027 1690 illi
1041 1661 1190 1691 beatorum
1203 1662 1358 1702 spirituum
1371 1661 1473 1701 ctemi,
1487 1663 1550 1702 ipso
1567 1672 1620 1692 nos
1635 1662 1672 1693 ad
1689 1667 1745 1693 tam

926 1713 1029 1736 suaves
1045 1706 1145 1745 epulas
1162 1706 1302 1737 invitante
1321 1706 1472 1747 aggregari
1488 1716 1666 1738 mereamur.

71 1884 1726 1905 m

743 1990 824 2014 ANNO
846 1990 949 2015 DOMlNl
970 1990 1066 2014 MXLlll

182 2079 564 2164 ALEXII
623 2079 1388 2164 PATRIARCH/E
1450 2081 1611 2166 GP.

430 2222 972 2279 CONsTtTUTtONEs
1018 2231 1377 2279 SYNOD\LES

148 2330 222 2363 Vide
250 2330 373 2371 hujusce
402 2330 575 2371 l’atrologiae
603 2330 712 2362 Gaaecae
738 2334 811 2362 tom.
841 2330 938 2368 CXIX,
968 2330 997 2361 in
1027 2330 1203 2362 collectione
1232 2331 1447 2363 sententiarum
1473 2331 1656 2373 synodalium

594 2396 826 2437 patriarcharum
846 2396 913 2436 GP,

931 2396 987 2428 col.
1004 2396 1064 2430 743
1078 2402 1108 2429 et
1126 2396 1201 2429 1009
