1983 3072
217 192 272 227 311

901 191 1054 224 SYMEON
1075 192 1145 223 JUN
1150 192 1223 223 10R.

1847 187 1908 220 312

217 255 320 294 omnes
334 271 406 293 suas
417 264 523 302 partes
536 264 660 296 sanctos,
683 260 779 290 multo
794 260 894 290 minus
919 259 1038 298 aliquid
1049 262 1069 291 Α
1082 259 1157 290 tinos
1173 259 1275 299 edens,
1291 259 1326 289 ab
1348 259 1526 299 imperatore
1549 263 1579 289 et
1602 267 1707 297 magno
1731 255 1903 302 Domestico

215 307 396 347 humanum,
404 311 430 337 et
438 305 629 344 amajoribus
638 305 868 345 diligentissime
872 308 1037 343 patratum,

216 351 399 390 acceptabile
410 351 468 382 Deo
474 350 656 388 ostendetur,
665 353 691 380 et
699 348 1037 384 hominibuslaudabile,

215 396 295 436 quod
307 395 459 435 sapientia
469 398 497 425 et
508 403 647 434 suprema
661 393 717 424 Dei
730 394 901 433 cognitione
918 394 1038 424 laudem

214 441 275 472 sibi
285 441 472 480 adiunctam,
494 442 521 470 et
539 438 730 479 splendorem
745 447 806 469 non
827 437 947 469 habent.
964 438 1038 469 Haec

214 486 313 526 igitur
321 489 445 525 propter
451 493 499 515 eos
506 493 556 523 qui
565 484 599 514 in
608 483 686 513 bona
698 482 894 519 invehuntur,
901 483 1036 514 obsiden-

215 533 323 570 turque
333 530 514 562 invidentia,
527 527 741 559 incredulitate
753 531 779 558 et
798 529 999 566 ignoratione,
1018 537 1036 558 a

213 578 303 606 nonis
310 575 467 615 proposita
480 577 550 604 sunt
563 572 676 603 divinis
690 571 832 602 laudibus
843 575 870 603 et
884 572 1037 603 amoribus

211 622 417 659 prteceptoris,
431 622 464 650 ut
479 618 533 658 qui
543 618 638 655 primo
653 617 757 647 statim
776 626 920 656 aggressa
930 617 961 647 in
974 617 1037 647 huic

214 665 404 704 offenderint,
413 664 520 703 seipsis
528 662 666 693 meliores
677 661 841 700 aliquando
852 662 994 697 evadant,
1008 666 1037 692 et

213 709 364 740 invidiam
384 717 419 739 ac
436 708 624 739 calumniam
649 706 807 746 repellant,
831 706 1036 746 extollantque

215 753 366 790 laudibus,
378 758 412 783 ul
419 755 568 792 poterunt,
581 761 647 782 eum
659 753 712 791 qui
723 751 850 787 actione,
863 759 997 783 sermone
1008 756 1036 782 et

213 798 416 837 speculatione
430 797 523 828 Deum
548 796 741 836 glori/icavit,
763 804 931 835 nomenque
945 806 1036 836 supra

214 851 302 874 Omne
316 852 422 873 nomen
442 843 476 873 in
491 843 554 872 suis
574 840 716 872 membris
734 841 955 880 sanctiﬁcavit;
983 845 1035 873 aut

1081 304 1218 343 ampliter
1232 304 1386 343 accipitur,
1403 313 1488 334 carus
1512 303 1570 334 illis
1585 312 1618 333 ac
1642 303 1775 333 intimus.
1795 301 1848 332 Hic
1863 300 1901 331 ad

1080 349 1236 388 quemdam
1244 349 1332 385 exiis,
1342 348 1741 388 quiHesychastzedicuntur,
1751 357 1802 387 pro
1808 346 1902 376 iectus

1080 392 1198 422 modum
1208 393 1272 423 vita:
1287 393 1435 430 solitariae,
1450 402 1483 423 ac.
1493 397 1638 432 pra3cepta
1650 391 1826 422 obedientize
1844 400 1901 420 au-

1080 436 1169 468 divit:
1188 443 1248 468 tum
1265 447 1322 477 quo
1340 442 1422 477 pacto
1440 437 1664 477 proﬁciscentes
1686 436 1808 466 solitarii
1824 444 1900 475 pau-

1080 481 1159 511 latim
1176 487 1204 511 et
1220 482 1376 521 tranquille
1402 481 1619 522 precationibus
1633 481 1749 513 intenti,
1767 481 1901 511 exsulta—

1081 526 1158 556 tione
1184 526 1286 560 animi,
1317 531 1344 556 et
1371 527 1469 557 divina
1491 526 1617 566 quadam
1639 524 1901 566 inexplicabiliqne

1078 571 1224 610 voluptate
1240 572 1465 611 pet-fundantur,
1483 576 1511 602 et
1526 571 1619 601 oculis
1630 570 1782 611 corporeis
1798 570 1901 600 lumen

1080 624 1112 645 se
1130 616 1360 655 circumfulgens
1375 615 1529 656 aspiciant.
1544 616 1574 646 Id
1588 616 1712 646 audiens
1727 615 1901 646 Barlaamns

1079 660 1176 690 statim
1192 661 1339 691 solitarius
1354 661 1494 692 insectari
1508 672 1516 699 ;
1532 661 1721 700 imposlores,
1744 659 1899 691 Massalia-

1079 714 1143 741 nos,
1159 706 1436 746 Omphalopsychos,
1450 715 1656 744 germanorum
1675 705 1898 743 Ecclesiazdog-

1079 754 1186 779 malum
1204 754 1402 790 corruptores,
1419 755 1447 781 et
1462 751 1608 782 similibus
1621 751 1686 781 aliis
1697 750 1775 780 notis
1787 759 1900 780 nuncu-

1078 802 1158 832 pare,
1176 796 1609 835 eormnqueconsuetudinem.
1627 800 1763 835 tanquam
1781 794 1829 834 qui
1846 803 1897 824 se—

1077 838 1219 869 ducerent
1233 845 1261 870 et
1276 840 1500 878 seducerentnr,
1516 840 1685 879 fugiendum
1702 849 1768 870 esse
1780 838 1898 879 publice

1078 883 1293 915 disseminare:
1310 884 1423 915 animas
1439 885 1517 915 enim
1530 884 1587 916 sibi
1600 884 1636 914 ob
1650 884 1797 924 pietatem,
1809 893 1897 923 quam

216 890 362 928 tanquam
376 888 525 918 bonarum
539 894 640 916 rerum
644 885 756 924 jejuni,
773 888 800 916 et
808 889 929 924 penitus
937 886 1034 918 subli-

214 935 309 962 mium
319 931 562 970 speculationum
579 932 737 969 incapaces
758 934 885 969 propter
901 931 1138 967 irnzutamem
1153 937 1185 958 se
1210 928 1344 959 terebant
1367 930 1564 965 concredilas,
1595 929 1722 959 maxima
1744 929 1898 967 religionis

214 977 459 1011 illisruditatem,
474 975 511 1006 ab
522 977 585 1015 ipsa
594 974 818 1015 aggressioneet
826 976 932 1006 horum
943 977 1036 1016 ειη-η)-
1077 972 1170 1009 clade,
1190 974 1362 1012 perdebant.
1391 973 1442 1004 His
1459 973 1597 1004 commoti
1613 973 1898 1004 Thessalonicenscs

214 1024 314 1052 torum
326 1022 451 1052 curiosae
470 1019 670 1057 indagationc
680 1018 860 1050 abstineant.
884 1019 957 1056 Quin
977 1023 1034 1051 imo
1077 1017 1211 1057 solitarii,
1224 1017 1400 1049 intermissis
1412 1019 1515 1049 amicis
1532 1018 1674 1057 rogabant
1690 1023 1721 1049 ut
1732 1018 1799 1048 talia
1814 1017 1901 1057 lnqui

215 1065 371 1106 publicatis
382 1065 469 1095 etiam
480 1063 667 1095 Orationibus
681 1063 814 1103 opposita
827 1063 963 1104 Magistro
979 1066 1034 1096 cri-
1075 1062 1215 1092 adversus
1230 1062 1423 1103 Hesychastas
1449 1063 1604 1094 desisteret
1618 1073 1625 1101 ;
1643 1073 1696 1094 nec
1714 1063 1800 1093 unius
1821 1062 1897 1092 male

213 1111 295 1141 mina
306 1108 660 1145 abluereconlenderunt,
678 1113 894 1148 oppugnatores
907 1119 965 1140 non
977 1110 1034 1141 alio
1076 1107 1138 1137 sani
1153 1107 1345 1138 instrurtione
1363 1109 1494 1148 projecle
1509 1113 1638 1138 sanctam
1664 1108 1793 1148 quietem
1811 1107 1896 1137 inva-

212 1165 298 1196 quam
333 1155 642 1194 Hagiocategororum
668 1153 788 1184 nomine
817 1163 1032 1195 nuncupames,
1076 1150 1386 1187 deret,etmaledictis
1398 1152 1895 1192 proscinderet.Hocluminemul-

212 1201 295 1241 quasi
309 1200 359 1240 qui
373 1199 546 1240 Symeonem
564 1198 723 1237 incusaret,
741 1198 1032 1238 sanctitatemipsam
1078 1199 1119 1225 los
1150 1196 1363 1241 persecutionis
1389 1197 1591 1237 temporibus;
1618 1202 1751 1228 sanctum
1778 1205 1897 1237 quoque

213 1240 432 1276 criminaretur.
443 1243 503 1275 Sub
515 1244 571 1274 hoc
582 1243 663 1273 titulo
679 1242 848 1274 Orationem
861 1243 939 1274 idem
950 1245 1035 1276 Nice-
1074 1240 1235 1270 Antonium
1252 1245 1353 1271 contra
1368 1240 1516 1271 daemones
1544 1241 1574 1271 in
1588 1242 1651 1272 ncie
1667 1246 1804 1277 stantem,
1821 1250 1893 1271 con-

212 1295 256 1321 tas
267 1290 376 1321 edidit:
394 1289 515 1317 [Ιιπτέτω
526 1289 629 1329 φθόνος.
648 1289 661 1316 ὁ
674 1295 731 1319 τοῖς
742 1287 836 1320 κπιλοῖς
849 1293 978 1329 νεμεσῶν,
990 1291 1033 1318 κπιὶ

1075 1287 1194 1314 vestitos
1210 1285 1322 1315 fuisse:
1355 1295 1441 1324 posse
1470 1286 1534 1316 ﬁeri
1565 1287 1593 1317 in
1618 1286 1710 1317 oculis
1739 1289 1896 1326 corporeis

212 1336 349 1373 ὕμνείσθω,
365 1335 409 1362 καὶ
425 1334 590 1373 εὖφημείσθω
612 1334 625 1361 ὁ
641 1332 728 1370 ὕμνων
743 1334 787 1360 xzi
803 1333 942 1372 ἐγκωμίων
962 1346 1032 1362 πιν-

1075 1329 1220 1369 quispiani
1235 1330 1364 1360 divinum
1377 1330 1578 1362 etincreatnm
1588 1331 1700 1362 Lumen
1713 1335 1897 1373 contemple-

211 1381 288 1408 τοίων
304 1379 374 1411 ἄξιος
387 1379 508 1416 Συμεὼν,
519 1378 586 1405 καθὰ
600 1378 642 1404 καὶ
659 1377 684 1404 ἐν
695 1381 733 1414 τῷ
750 1373 980 1418 Ἀγιοκχεηγὸρων
992 1379 1035 1407 λό-

1077 1378 1122 1420 tur
1137 1373 1299 1420 ,Inrmontc
1315 1374 1454 1420 Thabore
1474 1375 1611 1406 homines
1627 1381 1654 1406 et
1669 1377 1765 1410 adhuc
1780 1380 1895 1420 imper-

212 1435 252 1462 γῳ
267 1424 334 1461 μετᾶ
350 1423 474 1462 χρήσεων
489 1424 564 1461 ἱερῶν
577 1420 737 1460 πλατύτερον
752 1421 887 1459 ἐξεοέμεθκ
904 1431 910 1437 ⁴
939 1423 1034 1454 Abeat

1076 1418 1154 1455 fecti,
1171 1419 1399 1457 circumt'ulgens
1416 1419 1506 1459 ipsos,
1537 1430 1571 1451 ac
1594 1421 1757 1454 increatum
1782 1418 1895 1458 Lumen

211 1469 393 1507 invidentia,
418 1475 484 1506 quas
504 1475 622 1505 semper
644 1465 734 1496 bonos
749 1466 821 1498 edit.
838 1468 993 1499 Laudetar
1008 1477 1036 1503 ει
1077 1463 1176 1493 Videre
1193 1468 1349 1503 potuerunt
1367 1475 1373 1494 :
1391 1473 1448 1494 non
1465 1473 1529 1494 esse
1545 1465 1664 1503 mirum,
1678 1467 1701 1497 si
1714 1473 1896 1502 nuncsnncli

210 1514 285 1544 satis
296 1512 407 1552 faustis
427 1511 548 1542 vocibus
564 1509 742 1546 extollatur,
769 1512 822 1550 qui
845 1511 985 1544 laudibus
1008 1519 1035 1545 et
1076 1517 1204 1548 superne
1215 1519 1231 1538 ει
1243 1510 1303 1540 Deo
1319 1509 1480 1539 COllUSlI‘ali
1492 1509 1628 1540 dicantur
1638 1511 1693 1542 hoc
1702 1514 1813 1545 Lumen
1825 1525 1894 1547 cer—

210 1558 381 1597 omnigenis
393 1555 536 1587 encomiis
553 1555 666 1593 dignus
683 1559 723 1586 est
732 1555 872 1595 Symeon,
888 1558 1032 1596 quemad-
1045 1589 1063 1599 Α
1075 1563 1158 1599 nere.
1175 1554 1267 1585 Dictis
1282 1553 1331 1599 Bal
1342 1554 1453 1599 laamus
1473 1563 1505 1584 se
1519 1555 1682 1599 continere
1704 1567 1761 1588 non
1787 1562 1881 1599 potuit

209 1587 331 1632 moduvm
345 1601 488 1631 adversus
499 1587 906 1644 Hugiocategoroslbratio'ne
919 1605 1033 1633 sanclo-
1044 1589 1064 1620 Ο
1075 1598 1127 1628 sed
1143 1598 1314 1644 exclamavit
1326 1606 1332 1628 :
1351 1597 1381 1629 Si
1393 1599 1505 1644 Lumen
1516 1597 1588 1629 illud
1600 1609 1694 1644 neque
1705 1610 1752 1632 res
1763 1587 1892 1644 «indita:

210 1654 278 1678 rum
293 1644 520 1677 auctoritatibus
534 1643 673 1675 adductis
683 1645 781 1682 fusius
796 1645 1030 1685 explicavimus,
1073 1651 1171 1682 neque
1186 1642 1240 1674 Dei
1256 1646 1360 1672 natura
1375 1646 1429 1682 est,
1446 1643 1540 1673 Deum
1557 1643 1634 1673 enim
1652 1654 1739 1676 nemo
1754 1647 1825 1678 vidit
1839 1642 1893 1680 nn.

1073 1696 1170 1726 quam,
1183 1696 1234 1717 vos
1242 1687 1356 1717 duobus
1367 1686 1422 1717 diis
1430 1687 1559 1727 servitis,
1569 1689 1747 1728 uniquidem
1757 1694 1892 1725 omnium

251 1734 322 1766 Cum
340 1733 432 1764 turbae
442 1742 500 1764 non
511 1732 833 1773 quiescerentSymeon
845 1735 1028 1775 injndicium
1073 1732 1250 1772 rubricatori,
1268 1735 1355 1772 quem
1371 1736 1399 1762 el
1414 1733 1656 1771 inaspectabilem
1672 1745 1774 1767 omnes
1795 1740 1891 1770 conti-

210 1783 339 1816 vocatus,
352 1778 423 1809 etin
440 1777 586 1808 sententia
597 1777 759 1817 persistens
774 1779 988 1811 condemnatur
1000 1781 1030 1812 in
1074 1779 1181 1814 tentur,
1198 1777 1283 1807 alteri
1297 1778 1351 1807 sub
1380 1781 1530 1816 aspectum
1558 1777 1685 1816 cadenti,
1708 1786 1735 1811 et
1759 1782 1892 1816 increato

209 1833 372 1861 carcerem,
389 1832 448 1854 non
464 1826 583 1862 propter
599 1821 688 1852 ﬁdem
705 1827 734 1853 et
748 1822 785 1853 ob
802 1823 938 1854 defensas
954 1825 1030 1856 ima-
1072 1821 1200 1852 Lumini.
1219 1821 1297 1852 Nihil
1314 1831 1346 1852 se
1361 1831 1377 1851 a
1393 1821 1491 1851 divina
1516 1823 1644 1853 essentia
1668 1824 1829 1865 diversum,
1856 1839 1892 1861 ac

207 1868 306 1908 gines,
319 1877 391 1908 quas
407 1872 468 1898 tum
484 1867 582 1898 nullus
607 1867 805 1907 oppugnabat,
834 1872 862 1898 et
877 1868 1030 1901 ardentem
1072 1865 1243 1914 discrepans
1255 1867 1418 1897 increatum
1430 1866 1577 1914 arbitrari,
1590 1877 1680 1907 quare
1691 1869 1762 1909 ipsis
1778 1871 1888 1914 διθείαν,

207 1913 272 1953 ejus
285 1913 393 1948 zelum,
409 1921 468 1957 quo
489 1912 686 1957 etTervescens
713 1912 824 1942 solutos
844 1912 1030 1953 imperatoris
1071 1910 1198 1957 duorum
1210 1912 1334 1957 deorum
1344 1912 1457 1941 cultum
1471 1911 1589 1942 crimini
1601 1912 1697 1943 dabat.
1713 1914 1761 1946 Sic
1778 1910 1891 1957 Byzan;

205 1966 304 1988 mores
320 1956 531 1996 licentiamque
554 1955 678 1986 liberius
693 1957 840 1986 accusarit
864 1957 942 1997 quod
959 1968 1029 1989 sane
1071 1954 1141 1985 lium
1159 1956 1308 1996 navigans,
1321 1956 1449 1995 ﬁsusque
1465 1965 1525 1986 suae
1539 1965 1644 1994 causw,
1658 1954 1889 1998 synodum'con-

205 2011 356 2041 nunquam
370 2001 448 2041 ipse,
464 2009 531 2031 cum
552 2000 682 2031 carceris
695 2001 874 2039 meminerit,
888 2002 1029 2034 tacuisset
1069 2001 1183 2047 gregari
1198 2001 1286 2030 instat
1303 2010 1310 2031 ἰ
1327 1999 1462 2030 Μοῐιειείὶί
1485 1999 1766 2035 Thes-‘aloniceuses
1788 2007 1822 2036 ad
1836 2007 1890 2047 jn-

203 2046 282 2087 quod
300 2047 335 2077 ad
351 2046 475 2086 gloriam
485 2046 578 2086 ipsius
592 2049 620 2076 et
631 2045 925 2078 universaeEcclesia;
934 2052 1027 2080 verte.
1068 2043 1177 2074 dicium
1194 2049 1406 2075 accersuntur:
1424 2049 1453 2075 et
1469 2055 1534 2075 cum
1548 2045 1709 2085 imperator
1723 2049 1789 2080 lites
1804 2043 1889 2082 coin-

201 2094 294 2121 retur.
327 2090 503 2122 Theodorus
530 2089 643 2120 Studita
672 2099 725 2120 sua
753 2090 851 2128 exilia,
869 2092 1023 2131 supplicia,
1068 2097 1178 2128 ponere
1195 2089 1351 2126 niteretur,
1371 2094 1399 2120 et
1413 2090 1656 2122 altercationibus
1683 2094 1801 2125 modum
1824 2096 1890 2128 ﬁeri

202 2143 399 2174 carcereSque
410 2143 659 2170 commemorans,
672 2144 788 2165 causam
801 2135 838 2165 ob
849 2145 934 2176 quam
946 2136 1025 2166 simi-
1036 2132 1244 2178 nhortaretur,
1256 2135 1406 2165 Barlaamo
1421 2134 1497 2164 haud
1512 2135 1693 2174 quiescente,
1711 2140 1822 2178 synodo
1838 2151 1891 2172 ne-

200 2179 240 2210 lia
255 2179 356 2225 subiit,
373 2188 431 2209 non
447 2178 567 2225 reticuit
581 2187 588 2209 :
607 2188 644 2209 ne
659 2179 729 2225 quid
759 2179 853 2210 dicam
871 2180 907 2210 de
931 2181 1021 2212 Atha-
1035 2177 1176 2215 "gotium
1189 2179 1392 2225 committitur.
1408 2179 1636 2225 l’rzesidentibus
1651 2177 1749 2222 itaque
1762 2194 1891 2225 impera-

200 2224 296 2262 Dasio,
312 2224 531 2263 Chrysostomo’
546 2224 659 2254 Joanne
674 2223 770 2255 vecco
786 2229 814 2255 ει
828 2225 904 2256 aliis.
934 2225 1018 2256 Fate-
1066 2225 1134 2268 loro
1144 2226 1172 2252 et
1184 2223 1350 2262 patriarcha
1366 2232 1482 2268 necnon
1503 2223 1626 2264 reliquis
1640 2223 1887 2268 episcopisppro—

201 2273 248 2300 tur
264 2277 412 2308 carceres,
441 2277 559 2299 causam
587 2273 664 2299 tacet
688 2268 718 2299 in
741 2273 820 2299 tanto
844 2270 1022 2311 scriptorum
1064 2266 1182 2312 celibus
1203 2272 1231 2298 et
1245 2267 1433 2299 senatoribus
1447 2268 1645 2299 assidentibus
1667 2270 1696 2300 in
1714 2266 1822 2312 templo
1837 2275 1887 2305 di-

199 2322 335 2346 numero.
353 2322 412 2343 non
427 2312 584 2343 laudabilis
599 2322 687 2344 causa
703 2317 756 2344 est.
778 2313 939 2354 Suspectus
961 2314 1025 2354 ipse
1067 2310 1141 2341 Vina:
1156 2311 1314 2351 Sapientiae
1336 2313 1464 2352 synodus
1488 2313 1611 2352 cogitur.
1631 2310 1783 2346 Barlaamo
1798 2319 1888 2351 veluti

199 2357 237 2389 de
252 2358 367 2389 scelere
382 2361 436 2388 est.
454 2356 546 2393 Quem
574 2357 663 2388 ﬁnem
690 2367 828 2388 carceres
854 2358 1022 2396 habuerint,

199 2402 270 2433 mihi
280 2412 340 2433 non
354 2402 444 2442 liquet
455 2401 715 2441 ;subsequentium
725 2402 918 2433 nihilominus
929 2403 1023 2443 scrip-

198 2450 292 2478 torum
308 2447 460 2477 s:lentium
476 2446 586 2477 ίοίιιαίο
607 2451 663 2487 est,
679 2446 759 2477 illius
775 2447 932 2487 opiniones
947 2457 1022 2478 con-

196 2490 362 2529 demnatas,
393 2492 423 2522 in
452 2490 578 2522 obscuro
607 2501 640 2522 ac
670 2491 791 2522 latebris
812 2491 1021 2532 neglectasja-

196 2536 303 2567 cuisse.
321 2535 380 2567 Sed
396 2545 470 2566 novo
485 2545 559 2567 nova
574 2545 694 2576 semper
718 2536 890 2567 audentiam
914 2536 989 2567 fastu
1006 2546 1022 2567 e

196 2580 327 2612 tenebris
341 2584 442 2617 erutae,
458 2579 535 2610 inter
545 2580 652 2612 Montis
663 2580 731 2612 Athi
744 2581 904 2612 monachos
919 2586 1022 2612 aucto-

194 2625 315 2656 ritatem
332 2623 534 2661 obtinuerunt,
558 2625 653 2656 donec
678 2625 860 2666 Barlaamus,
878 2630 909 2656 ut
924 2630 1022 2657 [narrat

1065 2358 1156 2386 actori
1174 2356 1284 2396 primus
1300 2356 1420 2387 dicendi
1433 2357 1514 2388 locus
1523 2358 1609 2388 datus
1620 2364 1673 2396 est,
1688 2361 1736 2400 qui
1753 2361 1885 2395 libellum

1065 2399 1102 2429 de
1116 2400 1152 2430 iis
1168 2401 1255 2431 rebus
1272 2401 1404 2432 l’atrihus
1421 2401 1553 2441 porrigit,
1571 2402 1606 2433 ad
1618 2413 1680 2434 rem
1697 2399 1884 2445 propositam

1064 2445 1152 2492 verba
1167 2446 1285 2485 adjecit,
1315 2447 1432 2492 tandem
1457 2448 1617 2478 monachos
1639 2449 1811 2481 criminatus
1827 2458 1883 2492 est,

1064 2489 1140 2529 quod
1159 2499 1255 2530 neque
1271 2491 1471 2530 precationem
1487 2501 1573 2531 quam
1591 2501 1623 2522 se
1638 2494 1791 2526 celebrare
1807 2489 1887 2528 dice-

1066 2538 1144 2581 rent,
1161 2534 1272 2575 absque
1287 2535 1403 2581 defectu
1421 2539 1450 2566 et
1469 2536 1681 2568 convenienter
1697 2541 1884 2581 proferrent;

1064 2578 1116 2608 sed
1133 2584 1268 2627 egentem
1284 2580 1610 2627 additamentotidque
1626 2582 1688 2622 ipse
1713 2578 1884 2627 adjiciebat,

1064 2623 1177 2663 utquod
1186 2625 1314 2661 deesset,
1326 2624 1488 2665 suppleret.
1503 2625 1558 2655 Pro
1570 2629 1721 2657 monachis
1731 2623 1887 2668 respondit

195 2670 428 2709 Cantacuzenus,
444 2668 555 2700 Histor.
574 2668 614 2699 lib
625 2678 657 2708 ιι,
671 2679 687 2700 e
700 2669 834 2701 Calabria
845 2671 1018 2708 Monachus,
1063 2668 1205 2706 Palamas,
1224 2674 1252 2699 et
1278 2674 1457 2706 sanctorum,
1485 2674 1513 2700 et
1541 2671 1695 2710 theologia:
1716 2674 1884 2713 peritorum

194 2719 280 2760 acuto
297 2714 341 2745 vir
356 2713 474 2760 ingenio
490 2718 519 2745 et
534 2714 712 2760 perspicaci,
730 2719 757 2745 et
769 2715 868 2754 lingua
883 2715 1018 2746 disert:s-
1060 2713 1320 2760 hominumettalis
1329 2715 1508 2746 contrarium
1520 2717 1679 2747 astruebat.
1693 2718 1885 2760 Docebatque

193 2758 1015 2800 simus,exteraphilosophorum,nostraquesanctorum
1060 2759 1160 2789 lumen
1170 2759 1200 2789 in
1213 2759 1341 2797 Thabor,
1354 2770 1411 2800 quo
1425 2760 1560 2800 discipuli
1572 2761 1707 2793 illustrati
1719 2768 1798 2800 sunt,
1817 2758 1884 2796 esse

192 2803 311 2849 Patrum
337 2803 473 2849 doctrina
490 2803 635 2849 imbutus,
656 2803 899 2835 Thessalonicam
924 2804 1015 2849 adve-
1059 2804 1181 2843 gloriam
1192 2805 1397 2845 Deiprincipio
1409 2811 1557 2836 carentem
1571 2811 1600 2837 et
1613 2808 1792 2847 majestatem
1804 2810 1881 2849 ejus,

193 2847 290 2886 niens,
307 2851 336 2879 et
350 2847 481 2880 multain
493 2848 647 2888 religionis
667 2849 784 2889 negotio
800 2847 942 2880 adversus
958 2849 1015 2881 La-
1058 2853 1088 2880 et
1099 2849 1199 2881 lumen
1211 2849 1375 2881 Divmitatis
1387 2856 1413 2881 et
1425 2850 1583 2889 Deitatem,
1610 2856 1638 2883 et
1649 2853 1782 2885 naturale
1792 2847 1882 2886 inter?
