1983 3072
39 184 101 218 317

607 181 736 216 JACOBI
758 181 930 215 PONTANI
952 181 1165 214 PRIEFATIO.

1673 177 1733 210 318

38 259 94 281 nos
109 249 193 290 apud
206 257 265 286 eos,
277 249 331 290 qui
354 247 544 288 Hesychastae
561 247 757 285 dicebantur,
772 248 898 278 veluliA
949 247 1024 278 Hinc
1041 247 1278 279 concludendum
1295 258 1403 280 censeo
1420 253 1505 280 caute
1524 249 1633 289 scripta
1648 247 1730 287 ejus-

38 295 210 326 inarcanis
235 295 359 325 haeresis
379 292 644 324 insusurrabatur.
663 293 750 330 Quod
764 293 865 332 palam

37 340 65 370 si
71 346 76 357 '
94 349 135 370 ex
148 339 194 370 his
210 347 278 379 qua:
292 338 425 379 Symeon
438 338 561 378 quidam
575 338 758 368 monasterio
772 338 866 367 Xero-

38 386 121 415 ρει-σί
133 383 306 424 praefectus,
317 392 400 422 quem
413 387 440 414 et
453 382 622 422 theologum
624 382 775 422 juniorcm
785 381 867 412 simi-

37 428 116 459 lium
133 433 239 467 mysta:
252 431 277 458 et
293 427 463 467 mystagogt‘
486 428 720 466 inscripserunt,
747 427 778 455 in
794 426 868 456 aiiis

35 473 174 513 scriptis,
181 474 244 503 suis
251 471 344 503 multa
353 471 524 512 blasphema
530 472 718 510 profanaque
725 470 867 507 tradidit,

35 518 92 548 sed
108 518 299 557 potissimum
316 518 347 547 in
363 525 451 556 opere
470 516 511 546 De
531 516 691 547 sobrietate
716 519 743 546 ct
766 518 866 546 atten-

36 563 125 592 tione
139 561 201 591 liae
217 561 327 591 habet:
347 570 361 589 (
389 560 462 591 Scde
486 561 519 590 in
542 569 603 590 uno
626 559 749 597 angulo.
768 571 781 586 ιι
809 562 866 588 etc.

36 605 117 636 Hinc
132 604 257 644 Symeon
287 604 341 635 iste
364 604 488 643 singulis
514 604 626 644 paginis
651 603 757 643 saepius
782 607 810 633 et
832 602 867 632 ad

39 658 185 680 nauseam
200 649 329 680 inculcat
358 649 593 679 illuminaliones
616 648 741 687 divinas,
766 647 865 678 lumen

37 694 187 731 divinum,
200 694 324 724 uniones
335 694 462 730 divinas,
479 693 604 723 uniones
615 692 788 723 essentiales
798 701 864 722 cum

910 293 989 323 modi
1001 293 1144 324 versanda
1156 303 1232 330 esse,
1246 303 1283 323 ne
1296 303 1420 329 veneno,
1435 295 1512 334 quod
1525 294 1580 325 sub
1594 294 1650 324 illis
1663 293 1733 323 latet
1759 318 1762 321 .

909 337 1120 368 nocentissima
1134 338 1248 374 hausto,
1262 338 1316 368 sub
1330 338 1431 378 specie
1449 339 1564 378 pietatis
1579 338 1732 377 cultusque

909 382 1012 418 divini,
1029 382 1059 412 in
1077 382 1221 421 pessimas
1238 383 1376 419 hmreses,
1395 387 1424 412 el
1443 393 1507 422 quae
1523 382 1682 413 difficulter
1696 390 1731 410 ex

909 428 1006 456 animo
1022 426 1106 456 avelli
1124 431 1258 466 possunt,
1284 426 1411 456 lectores
1434 427 1635 466 prolabuntur.
1652 424 1731 466 quod

910 470 1091 510 temporibus
1109 471 1244 507 Palamze,
1258 471 1384 501 maximo
1397 471 1549 510 religionis
1561 482 1619 501 sum
1635 469 1730 501 detri-

910 520 1008 545 mento
1020 516 1156 545 universa
1165 515 1333 546 Grrecorum
1341 515 1473 546 Ecclesia
1483 520 1603 555 experta
1610 519 1731 551 est,non

910 564 966 590 tan:
975 569 1022 590 um
1033 560 1110 599 quod
1123 560 1236 590 similes
1249 560 1377 590 hu-rcses
1389 560 1467 591 inter
1475 570 1525 590 eos
1533 560 1728 600 potissimum,

909 604 959 644 qui
976 604 1099 634 aliorum
1119 605 1256 634 ductores
1277 609 1361 634 erant
1385 604 1421 634 ad
1449 604 1598 644 pietatem,
1625 603 1731 644 pedem

908 650 1041 683 ﬁxerant,
1059 649 1111 678 sed
1128 658 1185 688 quo
1202 648 1231 678 in
1248 654 1347 688 partes
1363 657 1396 679 ac
1425 649 1568 679 factiones
1594 649 1733 678 distracta

908 694 936 724 in
954 693 1090 723 inanibus
1113 693 1364 729 contentionibus,
1390 697 1418 723 et
1442 694 1527 733 plane
1553 694 1640 723 nullis
1665 696 1729 722 astu

40 741 115 776 Deo,
134 743 162 769 et
177 743 315 769 sexcenta
340 738 396 768 alia
423 738 543 768 similia.
561 737 618 768 Sed
637 737 702 777 quis
719 737 768 768 illa
782 746 866 776 inquo
910 738 1062 778 plusquam
1078 737 1228 768 diabolica
1244 737 1340 767 studia
1361 747 1414 768 sua
1438 738 1537 768 omnia
1562 737 1731 773 conferens,

38 784 143 814 animo
172 783 255 820 feret,
287 787 318 813 ut
344 783 458 823 reliqua
477 782 596 813 silentio
621 781 776 818 involvam,
803 789 867 820 qua:
909 792 1006 814 veram
1023 786 1052 813 et
1067 792 1083 813 a
1100 782 1235 813 Patribus
1249 787 1403 821 acceptam
1418 782 1455 813 de
1465 782 1555 813 rebus
1565 781 1732 813 divinisdo-

39 828 190 859 habentur
205 832 280 859 orat.
297 828 335 857 9.7
354 836 360 858 Σ
378 820 468 856 “tl—100
494 829 624 864 01511110:
639 827 645 856 !
673 826 712 854 ὅτι
735 826 867 865 ἄνθρωπος

910 827 1033 857 ctrinam
1052 827 1232 866 perdiderat.
1250 826 1286 856 Et
1303 820 1409 856 mirum
1427 836 1499 857 sane
1526 831 1570 857 est
1591 826 1669 856 inter
1691 829 1733 855 tot

910 871 1044 907 dissidia,
1061 875 1089 901 et
1100 871 1241 901 mentium
1256 870 1419 900 obstinatas
1431 870 1614 909 agitationes,
1628 871 1666 900 ita
1682 868 1732 908 Sy-

38 923 86 947 τοῦ
102 922 148 946 νοῦ
162 918 179 951 ἡ
195 917 284 956 ψυχὴ,
311 915 368 944 οὖδὶ
392 919 439 949 τῆς
467 919 558 956 ψυχῆς
584 917 614 944 τὸ
637 919 726 952 σῶμα,
752 914 819 942 ἀλλὰ
835 917 893 963 τῇῙ

911 915 1024 946 meonis
1040 915 1126 954 hujus
1142 915 1225 945 famae
1250 914 1398 954 provisum
1416 915 1516 950 fuisse,
1534 919 1565 945 ut
1579 915 1734 945 videantur

39 961 174 994 οὗσιωδὼς
192 962 282 990 ἑνώσει
299 962 396 1000 γῖνετιι
419 961 624 1000 τριππόστχτος
649 961 716 988 κατὰ
731 960 810 999 χάριν
825 959 893 987 7.11-

910 969 970 989 sute
981 959 1134 990 sententiae
1146 963 1297 989 auctorem
1307 959 1469 997 ignorasse.
1482 969 1571 999 quem
1583 966 1732 998 nunquam

40 874 145 901 ἑνοῦτιι
161 876 345 909 πνευματικῶς
358 874 401 900 καὶ
412 875 582 911 οἰιψάιτικὼς⁷
599 871 675 910 εἴπερ
686 870 715 899 οὗ
728 872 867 910 [captent

39 1008 54 1035 ὁ
71 1006 207 1046 ἅνθρωπος
226 1006 267 1037 εἷς
283 1006 349 1033 θέσει
368 1007 443 1039 Θεὸς,
471 1005 500 1033 ἐκ
524 1005 645 1042 σώμπος
662 1006 704 1032 καὶ
719 1007 810 1043 ψυχῆς
827 1004 868 1031 καὶ

40 1051 122 1090 οὗπερ
140 1050 281 1090 μετείληφε
295 1050 364 1078 θείου
381 1050 543 1088 Πιθεύίιχτος,
565 1050 607 1077 ui.
629 1048 773 1088 ﬂammant
789 1060 868 1081 τηνι-

40 1102 127 1125 καῡτκ
152 1097 182 1124 τὸ
214 1095 350 1134 εἰρημένον
379 1095 429 1123 ὑπὸ
457 1098 502 1122 τοῦ
515 1095 649 1134 προφήτου
679 1093 772 1133 Δαωὶδ,
799 1092 870 1131 Ἐγὼ

40 1142 111 1169 εἶπαι
125 1140 185 1168 Θεοί
200 1139 269 1179 ἐστε⁷
284 1140 327 1167 καὶ
342 1140 390 1167 υἱοὶ
407 1135 531 1176 Ὑψίστου
551 1140 647 1170 πάντες
664 1146 670 1153 ⁸
698 1150 730 1166 1.1
738 1137 755 1166 ε’

41 1184 159 1224 δηλαδὴ,
187 1185 230 1212 καὶ
253 1183 310 1212 καιθ’
339 1184 465 1221 ὁμοίωσιν
494 1189 541 1212 τοῦ
568 1179 701 1221 ἰ’ψῖστου,
718 1183 870 1221 γεννήματα

39 1231 102 1257 θεῖαι
130 1229 160 1257 ἐκ
185 1232 229 1256 τοῦ
255 1229 322 1257 Θεία)
350 1229 500 1266 [Ινεύμπτος
517 1238 526 1247 ·
551 1228 578 1258 Ο
593 1229 674 1258 mira
690 1227 758 1258 res!
785 1228 871 1257 homo

40 1273 105 1303 Deo
131 1272 349 1312 spiritualiter,
376 1273 638 1312 corporatiterque
664 1273 793 1302 unitur:
824 1274 869 1301 si-

39 1317 166 1357 quidem
183 1317 288 1347 am’ma
299 1326 358 1347 non
373 1326 391 1346 a
404 1321 512 1354 mente,
530 1325 583 1348 nec
597 1316 634 1347 ab
647 1317 752 1346 anima
763 1324 870 1355 corpus

40 1362 229 1401 sejungitur,
245 1365 272 1391 et
287 1361 402 1392 unione
425 1361 580 1392 essentia“
604 1361 696 1392 etiam
712 1361 800 1391 homo
814 1368 871 1399 per

40 1407 174 1446 gratiam
188 1406 226 1436 sit
243 1407 340 1436 trium
354 1406 552 1445 hypostaseon
568 1414 646 1436 unus
663 1414 715 1445 per
731 1405 869 1445 adoptio-

40 1460 111 1482 nem
127 1450 218 1490 Deus,
232 1459 270 1480 επ
284 1449 552 1490 carporevideliaet
564 1453 593 1481 et
604 1451 719 1485 anima,
734 1453 772 1486 et,
785 1450 870 1488 cuius

42 1497 142 1534 [actus
158 1498 201 1526 est
215 1495 378 1534 particeps,
393 1495 495 1525 divino
510 1495 628 1534 Spiritu
638 1497 791 1530 constans,
809 1495 867 1524 tm-

39 1539 201 1580 pleturque
216 1543 279 1570 tum
305 1539 384 1570 illud
410 1539 536 1570 Davidis
560 1539 717 1578 Prophetae
734 1549 743 1568 :
763 1548 777 1568 α
804 1538 869 1576 Ego

783 1138 869 1166 εἰκόνα

42 1583 194 1630 (ρει,φίἰὶ
221 1586 305 1630 estis,
331 1583 594 1630 etrﬁliirEzcelrsi
615 1592 739 1630 omnes;
763 1595 781 1630 χ
811 1583 900 1630 [ititc

42 1628 167 1660 Επιτιεί
180 1628 345 1659 secundum
360 1629 525 1669 imaginem
542 1628 678 1659 videlicet
688 1628 869 1659 similitudi-

42 1672 594 1714 nemqueAltissimidioinaprogenies
600 1682 631 1703 ea
638 1673 871 1712 (liviuoSpiritu.

910 1003 945 1034 de
961 1004 1082 1034 nomine
1099 1004 1161 1034 fere
1175 1008 1291 1034 norunt.
1312 1003 1346 1034 Et
1364 1013 1430 1034 cum
1450 1003 1529 1034 illius
1555 1003 1664 1034 mentio
1675 1011 1730 1032 ne-

911 1048 1040 1079 cessario
1050 1048 1224 1078 inculcanda
1236 1052 1291 1083 est,
1305 1047 1392 1078 tacito
1405 1048 1539 1082 nomine,
1553 1047 1645 1078 titulis
1665 1046 1732 1076 a‘iis

911 1093 1003 1122 virum
1021 1092 1180 1129 indicasse,
1196 1093 1312 1131 κπιολπερ
1328 1093 1365 1123 τίς
1381 1096 1434 1120 τὸν
1457 1092 1592 1131 μεγάλων,
1616 1096 1648 1122 ut
1662 1091 1735 1130 qui—

911 1137 980 1168 dam
990 1145 1027 1167 ea:
1042 1137 1253 1176 oirt'smagnis,
1267 1137 1523 1167 deeosermonem
1537 1136 1650 1166 habens
1661 1135 1733 1165 dicit

911 1182 1032 1213 Palama
1060 1181 1089 1211 in
1118 1182 1136 1211 2
1161 1186 1234 1212 orat.
1261 1191 1334 1222 quas
1361 1182 1424 1221 ipse
1443 1181 1592 1221 inscripsit
1609 1182 1733 1219 Πατέρες.

912 1226 1031 1257 Patres.
1045 1226 1174 1266 Epistola
1186 1226 1221 1256 ad
1238 1228 1366 1263 Menam,
1384 1228 1406 1254 οἱ
1423 1226 1588 1263 μεμυημέκμοι
1607 1225 1733 1256 initiati.

911 1271 981 1301 alibi
998 1271 1136 1310 Θεολόγοι,
1159 1270 1294 1309 'l'neolagi
1320 1270 1552 1310 Cantacuzenus,
1575 1277 1604 1301 et
1627 1269 1737 1300 similia

911 1317 1032 1347 Factum
1047 1319 1145 1346 autem
1163 1315 1191 1344 id
1205 1315 1352 1347 existimo.
1377 1324 1414 1345 ne
1436 1315 1557 1345 nomine
1575 1314 1629 1344 viri
1653 1313 1733 1344 iudi-

911 1365 987 1396 cato,
1004 1359 1110 1400 quibus
1126 1359 1279 1396 intererat,
1306 1360 1442 1390 homines
1458 1359 1549 1390 libros
1566 1359 1644 1390 illius
1659 1368 1733 1389 con-

910 1406 1064 1446 quirerent
1080 1409 1107 1435 et
1124 1405 1337 1440 examinareut,
1357 1409 1385 1435 et
1400 1414 1468 1435 cum
1486 1415 1545 1435 non
1562 1405 1674 1442 omnia,
1692 1405 1736 1435 uti

911 1459 964 1490 par
980 1454 1052 1485 erat,
1071 1449 1204 1480 nuntiata
1217 1449 1252 1480 ad
1270 1458 1403 1480 normam
1431 1458 1506 1480 verm
1529 1449 1672 1480 doctrinae
1687 1448 1734 1479 di-

911 1499 984 1525 ctata
1002 1494 1179 1534 reperirent,
1197 1494 1440 1532 criminarentur,
1457 1497 1557 1524 coacta
1572 1494 1661 1524 etiam
1683 1502 1732 1533 sy-

911 1543 1001 1575 nodo,
1015 1545 1045 1569 ut
1056 1544 1201 1576 sueverat,
1217 1539 1462 1576 condemnarent,
1477 1547 1533 1578 qua
1546 1542 1646 1578 postea
1661 1547 1734 1568 con—

911 1583 1102 1614 demnatione
1118 1583 1173 1623 ipsi
1189 1593 1307 1624 quoque
1330 1583 1360 1614 in
1376 1582 1489 1614 crimen
1504 1583 1734 1622 adducerentur,

915 1633 1053 1668 tanquam
1070 1628 1118 1667 qui
1135 1628 1208 1658 alias
1220 1637 1273 1668 per
1283 1628 1426 1668 synodum
1444 1627 1640 1658 condemnata
1654 1632 1737 1658 tene-

914 1677 981 1703 rent
996 1681 1030 1702 ac
1045 1672 1253 1703 defenderent.

438 1834 655 1884 JACOBI
696 1833 970 1881 PONTANI
1008 1833 1344 1881 PREFATIO

514 1936 604 1979 [0pp.
621 1937 777 1979 Symeonis
792 1936 934 1978 Junioris,
951 1936 1135 1977 Ingoldstad.
1154 1937 1259 1978 1603.]

88 2100 203 2132 Titulus
218 2101 386 2133 orationum
408 2106 452 2134 est
468 2103 521 2134 iste
538 2112 545 2135 :
562 2108 614 2134 Τοῦ
628 2103 654 2131 ἐν
671 2104 754 2142 ἁγίοις
770 2103 869 2142 [lat-.96;

47 2147 122 2184 ἡμῶν
140 2147 249 2184 Συμεὼν
263 2152 308 2176 τοῦ
320 2148 386 2177 Νέου
401 2148 542 2187 Θεολόγου,
552 2148 623 2181 sive,
638 2146 872 2178 nthabetinscri-

910 2100 1005 2140 positi
1011 2099 1188 2130 monasterii
1195 2101 1293 2130 sancti
1298 2103 1326 2130 et
1333 2100 1437 2139 magni
1445 2100 1591 2139 martyris
1600 2100 1736 2129 Maman-

912 2146 950 2176 lis
960 2154 990 2175 in
1001 2144 1171 2184 Xylorerca.
1183 2143 1225 2174 De
1237 2147 1339 2175 sancto
1351 2144 1495 2175 Mamante
1508 2148 1635 2184 martyre
1645 2147 1735 2182 agunt

48 2191 106 2230 ptio
118 2190 194 2221 libro
207 2190 372 2222 divinorum
384 2192 558 2232 hymnorum
573 2193 762 2232 prmﬁxaﬂob
773 2192 830 2220 νέου
844 2193 868 2220 ἐν
880 2189 1016 2234 DLatina
1033 2188 1238 2234 Martyrologia
1265 2190 1295 2234 l'i
1323 2189 1372 2219 die
1398 2189 1533 2234 Augusti.
1563 2187 1732 2234 Griecorunt

48 2234 181 2274 θεολόγοις
205 2235 378 2276 πρεσϐυτέρου
407 2238 451 2265 καὶ
474 2237 621 2276 ἡγουμένου
650 2240 698 2270 τῆς
726 2239 808 2275 μονῆς
824 2240 870 2264 τοῦ

49 2280 122 2318 άγῖου
129 2279 360 2320 μεγαλομάρτυρος
372 2281 513 2318 Μάμιντος
522 2284 570 2315 τῆς
577 2281 695 2320 Ξυ).οκέρ
703 2293 755 2316 con,
765 2281 871 2312 Sancti

50 2324 156 2354 Patris
184 2325 297 2355 nostris
322 2324 482 2364 Symeom's
514 2325 610 2365 (vulgo
647 2325 794 2356 Simeonis
811 2325 870 2365 ‘per

47 2369 121 2405 ὶῶτι,
139 2377 197 2398 non
215 2378 266 2408 per
276 2369 378 2406 away)
389 2370 527 2399 Jumoris
539 2369 693 2408 Theologi,
710 2369 752 2399 sic
764 2369 869 2408 appel-

49 2412 122 2443 latus
136 2413 264 2450 videtur,
281 2417 312 2444 ut
327 2418 536 2445 secerneretur
551 2424 566 2444 a
582 2414 722 2454 Gregorio
740 2414 868 2445 Nazian-

49 2467 131 2495 zeno,
150 2458 199 2498 qui
214 2458 360 2498 Theologi
375 2468 485 2489 nomen
498 2459 575 2498 apud
592 2458 710 2490 Graecos
721 2458 866 2489 obtinuit:

50 2501 124 2542 quod
138 2501 207 2542 quia
223 2506 252 2533 et
271 2502 405 2533 Simeoni
426 2507 527 2534 nostro
543 2503 641 2533 datum
659 2509 713 2540 est,
732 2503 799 2534 ideo
815 2512 867 2533 vox

50 2550 96 2580 τῆς
122 2547 180 2576 νέου
214 2547 319 2577 usitato
351 2547 519 2579 Graecorum
548 2557 629 2578 more
655 2547 805 2586 adjicitur,
831 2557 868 2578 ne

51 2591 124 2662 guis,
141 2591 241 2621 audito
257 2591 386 2622 sineulla
395 2592 562 2632 adjectione
579 2592 721 2631 Theologi
736 2593 867 2629 nomine,

76 2631 222 2662 reeorium
252 2631 467 2662 Nazianzennm
491 2634 590 2662 animo
615 2634 802 2662 concineret:
827 2633 867 2662 sic

76 2631 222 2670 regorium
252 2631 467 2663 Nazianzenum
491 2634 590 2664 animo
615 2634 802 2672 conciperet;
827 2633 869 2663 sic

51 2674 215 2716 Stephanus
229 2677 243 2704 ὸ
259 2677 329 2714 νέος,
345 2678 466 2713 Iunior,
480 2682 590 2717 martyr
601 2677 654 2708 sub
667 2678 867 2717 Copronymo,

51 2720 83 2750 ad
92 2720 310 2752 distinctionem
321 2722 541 2762 protomartyris
548 2721 691 2763 Stephani
701 2734 708 2759 ς
720 2722 761 2752 sic
773 2723 870 2753 Theo—

52 2765 147 2796 dosius
163 2767 176 2794 ὸ
196 2766 266 2802 νέος,
289 2765 514 2797 Valentinianus
537 2769 550 2795 ὁ
576 2767 645 2807 νέος,
674 2771 812 2807 respectu
833 2766 869 2796 ad

52 2808 180 2849 ejusdem
191 2809 322 2841 nominis
331 2815 535 2843 antecessores
546 2820 552 2843 :
569 2811 745 2852 Presbyteri
755 2814 784 2843 et
792 2819 870 2853 prcc-

912 2233 1078 2272 Menologia
1092 2234 1111 2264 2
1126 2233 1321 2274 Septembris.
1345 2233 1566 2265 Celeberrimos
1583 2232 1635 2263 fuit
1656 2231 1734 2272 apud

912 2279 1040 2313 Graecos,
1058 2282 1089 2308 ut
1104 2278 1196 2318 liquet
1217 2286 1283 2309 cum
1298 2278 1428 2315 aliunde,
1456 2282 1517 2308 tum
1541 2287 1576 2307 ex
1602 2276 1736 2307 oratione

911 2332 969 2364 qua
986 2327 1142 2362 martyrem
1160 2323 1238 2353 hunc
1251 2327 1370 2353 sanctus
1383 2321 1508 2352 Basilius
1519 2322 1680 2352 exornavit.
1694 2322 1736 2352 De

911 2367 1016 2399 eodem
1036 2377 1093 2397 non
1112 2377 1203 2406 pauca
1217 2371 1335 2398 sanctus
1351 2366 1510 2404 Gregorius
1521 2365 1732 2402 Nazianzenus,

910 2416 984 2444 orat.
1001 2412 1031 2442 in
1047 2411 1156 2442 Novam
1172 2411 1366 2442 Dominicam.
1393 2410 1528 2442 Meminit
1551 2416 1579 2440 et
1602 2410 1736 2441 Miscella

911 2457 1032 2488 historia
1048 2456 1206 2496 aliquoties
1231 2455 1366 2495 martyris
1387 2455 1498 2491 Mamm,
1517 2455 1545 2484 in
1563 2455 1641 2485 hunc
1656 2455 1735 2485 enim

912 2501 1030 2532 modum
1048 2501 1173 2531 inﬂectit
1188 2507 1290 2532 auctor
1305 2500 1354 2531 ille
1367 2509 1474 2530 nomen
1485 2499 1574 2538 hujus
1589 2499 1734 2539 martyris.

911 2546 943 2577 In
958 2546 1043 2585 cujus
1059 2545 1202 2576 honorem
1225 2545 1366 2585 templum
1382 2548 1407 2574 et
1427 2544 1639 2574 monasterium
1656 2545 1736 2575 Con-

911 2590 1103 2629 stantinopoli
1119 2589 1250 2620 condidit
1267 2590 1483 2620 Pharasmanes
1501 2588 1562 2628 (qui
1578 2587 1632 2618 sub
1647 2587 1739 2618 Justi-

912 2635 1000 2665 niano
1015 2633 1177 2673 imperialis
1192 2633 1320 2665 cubiculi
1347 2633 1503 2673 prtet'eclus
1519 2632 1585 2668 fuit,
1606 2636 1637 2662 ut
1659 2632 1736 2662 scri-

912 2679 1161 2718 bitNicephorus,
1174 2678 1226 2710 lib.
1244 2687 1326 2718 xv1n,
1340 2687 1404 2716 cap.
1417 2677 1490 2715 441,
1506 2685 1600 2717 prope
1615 2685 1737 2708 murum

911 2725 961 2755 cui
975 2723 1156 2763 Xylocercus
1169 2732 1273 2754 nomen
1285 2726 1338 2754 est.
1354 2722 1388 2752 Et
1401 2722 1489 2762 hujus
1501 2720 1672 2751 monasterii
1683 2721 1738 2752 fuit

913 2768 962 2798 hic
976 2771 1078 2798 noster
1093 2768 1218 2807 Symeon
1235 2768 1360 2798 antistes
1372 2771 1399 2796 et
1416 2766 1579 2806 presbyter.
1593 2766 1654 2796 Nec
1667 2775 1733 2796 mu-

912 2822 963 2844 rus
979 2816 1092 2843 tantum
1109 2812 1276 2852 Ξυλόκερκος
1297 2811 1462 2854 appellatus
1477 2814 1543 2848 est;
1561 2810 1612 2841 sed
1629 2814 1658 2841 et
1673 2811 1736 2852 ejus
