1983 3072
221 173 280 208 319

862 172 1051 206 SYMEONIS
1070 174 1254 206 JUNIORIS.

1846 175 1908 209 320

219 242 277 273 loci
293 245 386 282 porta,
403 249 437 271 ea
452 239 489 287 de
504 249 611 287 causa,
623 242 663 287 rut
681 243 762 270 notat
779 243 881 287 auctor
897 240 1037 271 Pandecl.
1051 241 1196 282 ACilicia,
1210 246 1295 285 cujus
1304 245 1438 276 meminit
1451 245 1581 277 Pratum
1591 247 1761 284 spirituale,
1776 256 1839 287 cap.
1851 247 1903 278 57.

223 288 308 318 Ture.
323 287 400 316 Hist.
416 296 424 315 :
442 285 526 322 Quod
549 285 682 324 artiﬁces
691 289 813 324 portam
826 285 911 315 illam
923 289 1040 315 struen-

219 335 271 366 tes,
291 340 402 372 magna
423 331 454 360 in
476 331 675 369 fundamento
695 339 780 370 aquae
798 333 917 369 reperta
937 330 1036 369 copia,

218 376 461 416 tignispturimis
474 384 509 406 ac
531 375 611 414 palis
636 376 668 405 in
694 384 774 415 aqua
795 375 906 414 deﬁcis
924 375 1039 414 lapides

217 423 385 460 iniecerint,
399 424 486 459 atque
493 420 534 450 ita
547 420 667 450 demum
678 420 799 459 (edi/icit
806 420 1039 458 fimdamentum

216 468 339 508 ﬁrmum
361 465 521 506 e/fecerint.
544 465 636 495 Hodie
653 465 820 495 nominatur
835 463 1040 504 Hagiobazari

215 517 313 553 portu,
318 521 371 551 per
377 511 586 551 quamscilicet
595 511 604 541 i
607 511 711 549 ngredi
716 513 808 540 untur
818 510 922 540 urbem
930 508 995 546 [Iug
1001 509 1039 538 io-

218 557 363 588 basaritw
379 561 464 587 trans
475 559 576 587 sinum
602 555 772 586 habitantes
783 563 799 585 e
814 554 937 594 regione
951 553 1040 591 Imjus

214 606 309 642 ρον-[ιθ
328 601 443 632 Nomen.
455 600 663 640 Hagiobazari
672 599 824 639 signiﬁcat
835 598 881 630 vel
890 598 986 629 sancti
994 597 1039 628 rel

217 651 353 677 sanetum
366 647 544 685 emporium.
560 646 596 675 Et
611 644 959 684 EmporitlvoceSymeon
969 652 1038 682 quo-

218 700 275 731 que
294 691 439 730 Magister
458 699 525 721 cum
545 689 615 719 aliis
632 689 744 720 Graecis
758 689 857 719 utitur
870 697 929 728 pro
944 687 1038 718 nullis

219 737 321 766 clauso
341 735 449 775 portis,
476 737 528 764 aut
547 733 640 764 nullis
658 733 755 764 cincto
772 732 870 763 muris
885 731 1035 771 oppidulo.

218 779 325 811 Sancti
331 779 430 818 potius
436 778 603 809 existimem
610 778 767 808 dicendum
775 777 1040 816 emporium,ulin—~

217 824 373 863 telligatur
388 823 555 861 emporium
568 824 675 853 Sancti
692 822 863 860 Manzantis,
882 822 962 860 quod
969 820 1040 851 olim

218 868 438 900 monasterium
460 867 586 906 insigne,
615 867 766 906 palatium
784 866 952 906 Angustale
968 865 1039 896 cele-

220 913 381 945 berrimum
393 913 423 943 in
435 913 580 948 historiis,
593 916 709 951 pontem
724 911 852 950 denique
867 920 925 940 non
942 911 1040 940 minus

1080 288 1151 319 Nam
1168 294 1270 320 noster
1285 289 1340 320 iste
1366 300 1424 320 non
1441 290 1494 320 fuit
1519 290 1655 330 Stylites;
1671 295 1699 321 et
1715 295 1774 322 tres
1791 293 1835 322 isti
1851 291 1903 323 Si-

1081 334 1417 365 meonesvixernntante
1427 339 1561 375 tempora
1574 337 1769 366 Iconomacha
1781 348 1788 371 ;
1801 340 1904 366 noster

1080 378 1124 408 vel
1141 379 1170 409 in
1186 379 1270 419 ipsis,
1286 379 1331 410 vel
1344 384 1422 410 certe
1440 380 1589 420 postipsa.
1607 379 1678 410 Nam
1696 380 1905 420 SlephaniJu-

1082 423 1205 454 niorisa
1231 425 1415 464 Copronymo
1440 425 1477 454 ob
1503 425 1706 456 defensionem
1732 430 1902 455 sanctarum

1081 467 1241 505 imaginum
1253 469 1412 507 interfecti,
1425 469 1570 499 meminit.
1583 469 1652 505 Quae
1664 479 1733 509 ergo
1744 468 1905 509 ejusmtas‘?

1080 511 1222 552 Equidem
1246 513 1300 543 sub
1327 513 1518 544 lconoclastis
1543 513 1775 553 imperatoribus
1796 514 1906 545 vixisse

1081 565 1147 586 eum
1165 557 1301 588 arbitrari
1326 557 1392 599 qpis
1414 562 1536 597 posset;
1560 558 1616 588 sub
1637 560 1748 595 Leone,
1768 558 1904 599 inquam,

1079 600 1209 633 Isaurico
1226 607 1254 633 et
1269 603 1455 642 Copronymo
1469 611 1476 640 ;
1490 603 1533 633 vel
1551 607 1632 633 certe
1647 603 1701 634 sub
1728 603 1826 634 Leone
1842 606 1904 635 Ar-

1081 655 1178 679 meno.
1197 647 1341 678 Michaele
1357 648 1447 678 Balbo
1465 652 1493 677 et
1522 647 1697 687 Theophilo,
1724 648 1774 688 qui
1799 658 1906 679 omnes

1080 699 1145 721 cum
1162 691 1341 731 imaginibus
1357 692 1434 722 bella
1454 696 1620 731 gesserunt.
1647 692 1708 723 Hoc
1724 693 1904 724 conﬁrmare

1081 734 1150 765 licet
1161 735 1253 775 ipsius
1268 736 1421 776 Symeonis
1437 736 1618 774 testimonio,
1636 737 1686 776 qui
1706 737 1840 768 oratione
1850 746 1904 769 xm

1082 779 1139 810 ait:
1155 780 1314 811 Diabolum
1324 789 1385 811 esse
1397 785 1533 811 nostrum
1547 781 1659 812 hostem
1669 783 1825 820 aiiirtsjam
1835 782 1906 822 plus

1081 827 1179 854 series
1215 825 1298 855 mille
1323 825 1484 863 (lucentis,
1521 826 1730 865 supputatione
1765 826 1906 858 videlicet

1082 868 1264 905 Greecorum,
1290 870 1327 899 ab
1354 869 1425 900 orbe
1451 870 1579 900 condito.
1607 870 1641 900 Et
1668 880 1705 901 ne
1732 870 1797 910 quis
1818 880 1906 901 men-

1082 912 1151 942 dum
1168 912 1197 942 in
1213 923 1352 944 numeros
1373 914 1531 954 irrepsisse
1547 915 1703 948 existimet.
1724 915 1800 946 scire
1813 925 1906 956 opor-

218 957 347 989 nobilem
359 957 463 988 Sancti
475 948 636 987 Mummi/is
648 948 842 995 appellatum,
856 955 971 986 habuit.
986 948 1072 985 HicB
1085 960 1136 995 tet,
1158 966 1314 988 numerum
1332 958 1410 988 hunc
1431 948 1459 988 in
1484 958 1583 989 Grteco
1606 959 1711 989 codice
1731 969 1789 989 non
1807 948 1907 991 notari

217 1004 299 1034 enim
312 1001 468 1041 e/fnndunt
479 1010 508 1031 se
521 1002 552 1031 in
564 1004 730 1031 extremum
746 1001 931 1030 Ceratimum
941 1001 1042 1030 sinum

217 1047 341 1079 celebres
357 1046 404 1077 illi
418 1046 526 1086 priscis
549 1045 668 1085 ﬂuuio/1'
684 1045 812 1084 Cydaris
835 1049 861 1075 et
881 1045 1039 1084 Barbyses,

217 1101 298 1124 nunc
314 1091 467 1122 .llachlena
485 1094 512 1120 et
530 1090 740 1128 (.‘harlariron,
765 1091 829 1128 qui,
854 1090 974 1128 quidem
999 1089 1038 1120 ad

217 1137 361 1169 Sanctum
374 1135 558 1166 Mamantem
573 1138 662 1173 ponte
670 1135 862 1172 junguntur.
880 1133 1037 1172 [Iuli/iob!!-

216 1182 409 1213 zariotarum
425 1189 482 1210 vos:
505 1179 622 1210 denotat
643 1178 754 1209 incolas
776 1178 905 1218 emporz'i
928 1179 1039 1209 Sancti

215 1226 390 1258 Mamantis.
409 1225 477 1255 Hzec
494 1224 553 1254 ille.

257 1271 322 1302 Fuit
338 1271 461 1310 insuper
474 1268 550 1309 apud
567 1272 700 1299 sanctum
722 1267 897 1299 Mamantem
913 1267 1039 1298 celebris

218 1315 451 1356 Hippodromus,
468 1314 496 1344 in
514 1323 572 1353 quo
581 1312 781 1352 Copronymus
793 1313 942 1343 Andream
955 1312 1040 1352 Caly-

218 1361 300 1392 bitcn
318 1359 493 1390 monachum
516 1358 635 1394 occidit,
663 1362 691 1387 ut
718 1358 793 1388 libro
819 1365 877 1388 xxii
902 1357 1041 1388 Miscellze

220 1405 354 1435 traditur.
374 1406 413 1435 De
439 1406 527 1443 ponte
552 1402 586 1432 ad
604 1401 743 1432 Sanctum
772 1402 946 1433 Mamantem
976 1402 1041 1433 vule

1084 1001 1160 1030 notis
1187 1002 1408 1040 numeralibus,
1435 1003 1487 1033 sed
1519 1003 1642 1042 integris
1674 1003 1771 1034 verbis
1795 1005 1908 1036 diserte

1083 1046 1240 1085 perscribi.

1120 1089 1186 1120 lniit
1198 1095 1297 1121 autem
1312 1093 1371 1123 Leo
1386 1092 1532 1123 Isauricus
1545 1093 1702 1133 imperium
1712 1103 1789 1124 anno
1799 1094 1907 1124 mundi

1079 1135 1190 1164 conditi
1206 1137 1300 1166 sexies
1319 1137 1476 1166 millesimo
1493 1137 1696 1168 ducentesimo
1718 1147 1807 1177 nono,
1827 1143 1903 1169 teste

1079 1179 1225 1210 Cedreno.
1241 1181 1353 1211 Deinde
1375 1182 1404 1211 in
1424 1182 1599 1221 Menologiis
1615 1182 1785 1213 Graecorum
1801 1182 1848 1213 die
1864 1184 1905 1214 ‘20

1080 1223 1253 1254 Novembris
1282 1225 1418 1258 refertur.
1458 1226 1631 1265 Gregorium
1657 1227 1902 1266 Decapolitanum

1082 1269 1171 1297 multa
1182 1268 1218 1298 ab
1232 1269 1419 1300 Iconoclastis
1431 1280 1616 1310 perpessum,
1631 1272 1747 1302 venisse
1759 1273 1910 1302 Constan-

1082 1311 1238 1352 tinopolin.
1268 1316 1315 1342 Κπὶ
1341 1319 1467 1352 Συμεῶνα
1490 1317 1534 1343 τὸν
1560 1316 1729 1355 ὁμωλογητὴν
1749 1318 1791 1344 iui.
1807 1317 1907 1356 θεοφό-

1082 1367 1125 1395 ρον
1140 1357 1203 1396 ὑπὲρ
1218 1361 1269 1385 τῶν
1285 1359 1365 1397 ἁγίων
1382 1360 1487 1387 εἰκόνων
1504 1361 1587 1399 εόρεῖν
1605 1360 1822 1399 ἐγκεκλεισμένον
1837 1369 1843 1375 “
1862 1361 1906 1392 Et

1086 1400 1261 1439 Symeonent
1289 1403 1485 1441 confessorem
1517 1405 1661 1444 reperisse
1690 1405 1842 1436 inclusum
1873 1408 1909 1436 in

220 1449 342 1481 Suidam
359 1448 447 1478 verbo
460 1448 559 1486 μάμας,
575 1450 604 1476 et
615 1447 753 1486 Origines
765 1446 1046 1486 Constantinopoli.
1086 1453 1211 1476 carcere
1224 1451 1348 1486 propter
1358 1456 1460 1479 sacras
1475 1449 1634 1487 into-(lines.
1652 1448 1727 1484 Quid
1741 1453 1837 1479 autem
1854 1458 1908 1479 ve-

225 1500 313 1527 tanas
330 1494 401 1525 Cod.
419 1494 457 1523 Μ.
473 1491 587 1532 Scripta
598 1492 661 1531 ejus
675 1501 752 1522 nunc
766 1491 891 1531 primum
906 1491 934 1521 in
948 1492 1042 1522 lucem
1087 1493 1125 1519 lat
1141 1489 1316 1529 Symeonem
1333 1492 1420 1522 istum
1434 1502 1450 1523 a
1465 1492 1605 1531 Gregorio
1626 1493 1736 1523 aditum
1749 1503 1821 1524 esse
1837 1503 1908 1525 eum

221 1539 422 1580 proferuntur,
440 1546 564 1578 quorum
595 1536 729 1566 meminit
745 1536 831 1566 etiam
849 1537 976 1576 epitome
997 1536 1044 1566 bi-
1085 1533 1192 1573 ipsum,
1209 1545 1296 1575 quem
1312 1537 1484 1576 quaerimus,
1497 1547 1563 1568 cum
1585 1537 1648 1577 ipse
1664 1537 1693 1568 in
1715 1538 1853 1569 exsilium
1871 1547 1906 1569 se

221 1579 376 1615 bliothecaa
386 1581 585 1613 Gesneriana}.
602 1580 660 1611 Sed
684 1580 759 1610 male
775 1589 808 1610 ex
823 1590 880 1610 uno
899 1579 1042 1619 Symeone
1053 1586 1073 1617 ί]
1086 1580 1250 1619 projectum
1266 1590 1331 1612 esse
1344 1582 1459 1613 duobus
1476 1582 1548 1613 locis
1561 1587 1695 1619 testetur,
1709 1593 1767 1614 uno
1783 1583 1814 1614 in
1831 1593 1901 1614 ora-

223 1626 694 1665 tresnobiscudit.NamSymeon
705 1624 1040 1665 presbyter,etSymeon
1084 1624 1232 1666 tionibus;
1264 1626 1367 1666 altero,
1382 1629 1410 1657 in
1435 1627 1758 1659 commentationibus:
1782 1629 1905 1659 tametsi

220 1673 336 1712 Junior,
349 1669 1038 1711 seu,ntEpitomeloquilur,NovusTheOIOgus,
1083 1678 1200 1700 causam
1218 1675 1303 1702 tacet.
1322 1673 1363 1701 De
1380 1672 1517 1712 martyrio
1544 1681 1660 1712 quoque
1685 1672 1829 1712 Stephani
1849 1673 1903 1712 ju-

222 1723 251 1749 et
263 1717 388 1758 Symeon
407 1715 549 1746 Xeroceri
571 1715 721 1755 princeps,
736 1719 804 1745 sunt
828 1724 902 1745 unus
918 1719 946 1745 et
961 1715 1040 1745 idem
1083 1713 1176 1744 nioris
1192 1715 1270 1755 loqui
1286 1715 1412 1750 videtur,
1429 1719 1568 1756 tanquam
1581 1716 1618 1746 de
1630 1725 1661 1747 re
1670 1725 1723 1747 suo
1739 1726 1800 1747 ωνο
1815 1717 1905 1757 plane

224 1762 363 1802 Symeon,
386 1760 444 1791 nisi
459 1760 535 1800 quod
552 1761 651 1799 inepte
666 1763 748 1790 vocat
773 1759 934 1790 Xerocerci
955 1760 1044 1802 prini
1088 1759 1210 1790 recenti.

221 1800 330 1848 cipem,
362 1806 412 1846 qui
440 1805 587 1836 vocandus
615 1808 678 1834 erat
706 1805 827 1834 antistes
856 1813 908 1834 seu
939 1800 1045 1837 :rtesul

225 1852 257 1882 S.
284 1850 440 1883 Mamantis
461 1850 497 1880 ad
521 1849 731 1889 leocercum.
757 1848 817 1879 Etsi
841 1849 920 1879 enim
949 1854 1048 1879 noster

223 1897 311 1927 etiam
335 1895 426 1926 codex
456 1894 544 1925 habet
571 1897 619 1927 τῆς
646 1894 828 1933 Ξηροκέρκου,
859 1903 917 1923 non
949 1897 1046 1924 tamen

223 1941 339 1978 dubito,
357 1940 428 1981 quiti
444 1939 600 1978 legendum
620 1938 656 1968 sit
673 1938 851 1978 Ξυλοκέρκιν),

262 1985 354 2015 Porro
381 1988 485 2025 praeter
510 1987 703 2013 monumenta
728 1982 778 2012 illa
798 1982 961 2022 Symeonis,
980 1991 1044 2022 quae

222 2038 300 2060 nunc
329 2028 360 2058 in
390 2029 485 2058 lucem
516 2030 642 2064 exeunt,
673 2031 883 2057 commemorat
908 2025 1044 2066 Epitome

223 2078 302 2106 hesn
333 2073 442 2104 librum
459 2073 499 2103 De
513 2072 661 2112 oratione,
683 2073 746 2102 sive
768 2071 804 2102 de
832 2071 928 2102 tribus
948 2071 1044 2101 modis

221 2118 333 2150 orandi
348 2143 355 2154 ,
373 2127 461 2157 quem
487 2117 517 2147 in
543 2116 690 2147 Bavaricis
715 2115 867 2146 codicibus
882 2125 939 2145 non
955 2124 1043 2154 repe-

222 2163 326 2194 rimus.
345 2162 384 2193 Ex
403 2161 547 2202 capitibus
568 2162 702 2202 practicis
714 2165 743 2191 et
768 2160 940 2199 theologicis
963 2159 1045 2200 ponit

224 2207 426 2238 tantummodo
444 2211 574 2243 centum,
593 2210 621 2236 et
636 2206 671 2236 ad
688 2206 761 2243 hinc,
777 2205 833 2236 alia
849 2204 948 2243 viginti
961 2204 1045 2243 quin-

214 2262 292 2293 ‘que.
310 2253 367 2284 Sed
379 2251 608 2283 instructiSSima
624 2251 762 2282 Boiorum
779 2250 920 2290 principis
936 2250 1046 2280 ltiblio-

224 2299 311 2328 theca
325 2297 411 2336 longe
427 2297 522 2337 plura,
543 2301 576 2327 ut
591 2295 683 2333 vides,
712 2295 798 2325 nobis
824 2293 1020 2334 suppeditavit
1036 2302 1042 2323 :

225 2352 289 2384 qua}
314 2342 343 2372 in
370 2342 472 2373 codice
498 2341 554 2373 104
585 2341 680 2371 tribus
709 2340 799 2370 titulis
815 2339 1044 2384 distinguuntur.

223 2390 247 2420 Ι.
265 2392 314 2417 Τοῦ
330 2387 400 2416 ὁσίου
417 2388 518 2426 Πατρῇς
543 2388 619 2424 ἡμῶν
642 2387 750 2423 Συμεὼν
775 2390 819 2413 τοῦ
836 2384 901 2413 Νέον)
918 2383 1046 2422 [θεολόγον

225 2433 372 2472 ἡγουμένου
389 2434 470 2470 μονῆς
486 2437 532 2460 τοῦ
548 2427 637 2470 Ἀγίου
652 2431 793 2468 Μάμκνῖος
816 2432 865 2462 τῆς
880 2429 1048 2467 Ξτιροκέρνιου

225 2470 355 2517 κέψὶλαιχ
371 2477 502 2516 aputu-5:
517 2477 560 2504 κκὶ
572 2475 710 2515 Ocelo-(17.5:
724 2470 776 2514 ρκ’.
796 2474 825 2504 9.
846 2473 978 2513 Κεῳὶλχικ
1005 2478 1049 2501 τοῦ

226 2522 305 2550 αὐτοῦ
320 2521 452 2559 Taurini
467 2522 511 2549 v.1".
533 2521 590 2560 περὶ
615 2519 747 2559 Osuio-{'11:
771 2514 820 2547 κε’.
843 2519 872 2548 3.
900 2523 950 2546 Τοῦ
972 2519 1049 2546 αὕτοῦ

224 2566 355 2606 uigilauit
370 2565 508 2604 θεολογικὰ
522 2567 565 2593 7.2":
581 2566 711 2604 πρκκτιιιὰ
726 2559 777 2602 ρβ’.

265 2610 306 2641 De
324 2614 456 2650 tempore
472 2619 528 2649 quo
541 2608 665 2649 Symeon
685 2609 740 2639 iste
752 2607 862 2644 ﬂoruit,
880 2616 973 2637 meam
991 2615 1049 2636 mn

227 2666 292 2696 qua:
308 2659 370 2685 cert
384 2668 401 2692 -,
419 2654 469 2684 sed
484 2663 548 2693 quae
572 2653 762 2694 probabiliter
777 2655 926 2692 comperta
942 2651 1048 2681 habeo.

227 2702 271 2732 Ac
287 2701 316 2730 in
334 2699 438 2740 primis
447 2708 483 2729 ne
497 2698 804 2738 monendumquidem
821 2697 959 2736 arbitror,
972 2696 1050 2726 hunc

227 2745 403 2786 Symeonem
416 2748 548 2775 nostrum
566 2743 713 2774 diversum
729 2752 793 2773 esse
806 2752 822 2773 a
834 2742 978 2782 Symeone
990 2740 1051 2781 Sty-

226 2791 278 2823 lita
286 2793 403 2822 seniore
418 2801 426 2829 ;
442 2791 525 2829 cujus
538 2789 625 2820 vitam
637 2789 838 2820 Theodoretus
850 2788 953 2818 litteris
965 2796 1050 2817 man-

227 2835 323 2873 davit;
340 2835 412 2866 item
441 2845 458 2866 a
482 2835 627 2875 Symeone
650 2834 750 2874 Stylita
770 2833 902 2873 juniore,
928 2832 978 2872 qui
994 2831 1048 2862 sub

226 2880 342 2913 Justino
358 2880 474 2912 minore
491 2879 607 2912 ﬂoruit:
625 2879 694 2911 item
711 2888 727 2910 a
743 2877 888 2919 Symeone
904 2877 1004 2918 Stylite
1020 2877 1050 2908 in

1127 1805 1196 1835 llaec
1212 1809 1240 1835 et
1255 1804 1283 1835 id
1301 1815 1393 1844 genus
1410 1805 1464 1836 alia
1474 1805 1733 1836 verisimilitudine
1746 1815 1805 1836 non
1821 1815 1907 1836 care-

1089 1852 1171 1886 rent;
1189 1849 1253 1880 siin
1272 1851 1372 1880 Grmco
1389 1850 1492 1880 codice
1511 1849 1652 1882 διακησῖοις
1677 1859 1736 1880 ηοη
1761 1850 1907 1883 ἑξακοσίοις

1089 1903 1227 1933 expresse
1243 1895 1384 1934 scriptum
1409 1898 1496 1931 essm,
1514 1895 1590 1926 αὐτὸς
1611 1894 1638 1922 δὲ
1653 1894 1842 1934 ἑξακισχιλίοις
1863 1896 1910 1923 καὶ

1089 1938 1231 1971 ἐξγκῡσίοες
1258 1941 1301 1967 7.1".
1328 1939 1447 1968 ἑπέκεινκ
1474 1940 1572 1967 τούτων
1608 1940 1675 1967 ἔτεσι
1704 1938 1838 1977 δικμείνις
1867 1940 1910 1967 ἀεὶ

1088 1983 1214 2021 πολέμιος
1222 1987 1273 2011 τῶν
1281 1985 1423 2022 ἀνθρώπων
1439 1983 1535 2017 ἄδηλος
1545 1985 1588 2012 xxi
1597 1985 1717 2023 upvlgtoq,
1728 1987 1786 2014 etc.
1798 1983 1911 2015 Series

1087 2027 1169 2058 mille
1184 2029 1345 2062 sexcentis,
1362 2032 1389 2059 et
1405 2037 1439 2058 eo
1454 2027 1586 2068 amplius
1607 2029 1706 2059 annis.
1720 2028 1819 2067 Longe
1840 2037 1912 2067 ergo

1083 2072 1185 2111 junior
1199 2078 1242 2102 est
1255 2073 1309 2102 istc
1326 2072 1452 2112 Symeon
1469 2082 1477 2110 ;
1503 2077 1631 2112 aetasque
1660 2072 1738 2103 illius
1761 2073 1791 2102 in
1810 2073 1909 2112 impe-

1085 2117 1162 2146 rium
1178 2118 1298 2147 Joannis
1312 2125 1361 2147 aut
1374 2116 1518 2148 Manuelis
1531 2117 1675 2147 Comneni
1689 2116 1791 2147 incidit
1803 2126 1811 2154 ;
1823 2117 1910 2157 cujus

1086 2165 1198 2191 exstant
1216 2161 1329 2201 aliquot
1345 2162 1477 2196 nivellae.
1496 2170 1619 2201 quarum
1643 2170 1703 2192 una
1730 2161 1772 2192 De
1798 2163 1911 2192 volun-

1090 2207 1178 2237 tariis
1199 2206 1364 2243 liomicitlis,
1391 2206 1469 2237 edita
1495 2211 1522 2237 et
1539 2206 1686 2246 publicata
1708 2210 1752 2236 est
1777 2206 1813 2237 ab
1838 2206 1913 2237 orbe

1089 2251 1206 2281 condito
1223 2252 1319 2282 sexies
1334 2251 1491 2282 millesimo
1508 2251 1724 2281 sexcentesimo
1752 2255 1911 2291 septuage-

1087 2296 1162 2326 simo
1179 2301 1292 2335 quarto,
1311 2301 1341 2327 ut
1357 2301 1385 2327 et
1410 2296 1467 2326 alia
1489 2296 1623 2335 ejusdem
1647 2296 1834 2336 imperatoris
1852 2299 1915 2336 Περὶ

1087 2340 1215 2380 διχφόρωνι
1231 2341 1389 2377 amoenum
1408 2341 1449 2371 De
1464 2341 1589 2371 diversis
1607 2344 1706 2371 causis
1721 2350 1754 2370 ac
1769 2341 1910 2380 negotiis.

1091 2384 1157 2416 lniit
1172 2389 1268 2415 autem
1285 2384 1401 2416 Manuel
1428 2385 1587 2424 imperium
1605 2394 1682 2415 anno
1695 2385 1805 2416 Christi
1821 2384 1913 2421 H43,

1090 2429 1114 2459 si
1130 2439 1187 2459 non
1204 2430 1277 2460 fallit
1293 2429 1462 2470 Onuphrius
1477 2429 1506 2459 in
1533 2430 1699 2466 Chronico;
1723 2429 1801 2468 quod
1819 2438 1916 2459 annos

1091 2473 1210 2510 triginta
1224 2478 1288 2504 octo
1302 2473 1530 2510 administravit,
1549 2473 1643 2503 tribus
1659 2474 1809 2504 mensibus
1826 2473 1915 2504 dem-

1093 2522 1161 2559 ptis,
1180 2523 1254 2550 teste
1271 2519 1382 2557 Niceta,
1400 2519 1451 2550 lib.
1466 2528 1505 2549 vn
1523 2519 1568 2550 De
1582 2519 1670 2550 rebus
1686 2518 1914 2555 Manuelis,sub

1091 2564 1192 2594 ﬁnem.
1210 2564 1287 2602 Ergo
1314 2563 1437 2604 Symeon
1465 2564 1519 2594 iste
1546 2563 1765 2594 Comnenorum
1788 2563 1916 2603 imperio

1090 2608 1212 2640 Joannis
1224 2613 1271 2638 aut
1283 2608 1427 2639 Manuelis
1439 2607 1548 2645 ﬂoruit,
1563 2608 1674 2648 hasque
1689 2607 1837 2638 orationes
1848 2616 1920 2637 con-

1091 2653 1219 2692 scripsit.
1238 2652 1334 2688 Quare
1352 2653 1528 2692 corrigenda
1548 2657 1617 2683 sunt
1632 2662 1666 2682 ea
1682 2661 1746 2692 quae
1763 2652 1793 2682 in
1809 2651 1917 2683 Adno-

1092 2699 1200 2728 tatione
1215 2698 1250 2728 ad
1269 2697 1430 2728 oralionem
1458 2697 1574 2728 tertiam
1603 2697 1639 2728 de
1655 2702 1739 2728 zelate
1761 2697 1918 2738 Symeonis

1093 2743 1170 2773 dicta
1185 2747 1263 2781 sunt,
1281 2742 1492 2773 convenienter
1510 2743 1612 2782 primm
1628 2742 1771 2782 opinioni,
1790 2751 1852 2782 quae
1869 2746 1916 2772 ta-

1095 2797 1161 2818 men
1191 2787 1261 2828 ruit,
1292 2787 1315 2818 Si
1343 2797 1400 2817 non
1430 2786 1585 2823 διακοσίοις,
1613 2787 1664 2818 sed
1689 2787 1830 2820 ἑξπκοσίοις
1849 2796 1916 2816 cum

1092 2832 1193 2864 Grazco
1211 2831 1314 2862 codice
1342 2832 1486 2871 legamus,
1511 2835 1542 2862 ut
1566 2841 1637 2862 sane
1660 2831 1760 2871 legere
1776 2834 1914 2871 oportet;

1093 2886 1160 2908 cum
1175 2876 1357 2917 Scripturam
1372 2876 1449 2908 hanc
1464 2875 1556 2908 codex
1572 2875 1729 2908 manifeste
1745 2884 1918 2917 repmsen-
