1983 3072
51 137 110 171 321

806 139 945 173 ORATIO
966 140 991 173 Ι.

1695 134 1754 169 392

55 210 114 239 tet.
132 207 168 238 Et
180 207 380 249 quamvisjam
398 211 459 238 tum
479 207 611 238 schisma
621 208 821 240 Crmcanicum
833 218 886 239 ex-
895 215 918 246 Α
928 217 994 239 rere
1009 207 1086 238 volet
1099 215 1254 238 sermones
1264 205 1407 236 asceticos
1421 203 1515 235 E3aiai
1526 203 1652 244 abbatis,
1663 203 1748 235 Joan-

54 254 194 290 stitisset,
208 254 306 284 omnia
318 258 416 284 tamen
428 254 492 284 loca
503 254 610 294 quibus
622 255 749 294 Symeon
762 264 880 295 proces-

54 299 153 329 sionis
176 299 269 330 sancti
297 299 408 338 Spiritu
435 298 582 335 meminit,
599 308 615 329 a
632 299 708 329 bono
723 300 835 330 lectore
851 299 881 330 in

55 343 171 374 bonum
182 353 302 375 sensum
313 343 407 383 accipi
421 347 552 383 possunt,
568 347 598 373 ut
621 349 646 374 et
659 344 715 374 alia
730 344 880 384 pleraque,

52 388 89 418 ad
108 398 236 429 quorum
254 389 395 420 nonnulla
419 389 477 418 aln
490 389 675 418 itatiunculns
696 388 880 428 udjecintus;

53 433 115 462 alia
132 433 240 463 eruditi
257 433 374 464 lectoris
399 433 519 463 candori
546 433 748 473 permisimus.
769 433 882 463 Etenim

55 486 116 507 non
134 478 222 507 modo
239 478 267 508 in
285 478 340 508 hoc
361 477 506 517 Symeone
526 481 641 513 nostro,
658 477 709 507 sed
727 482 755 508 et
773 478 800 507 in
818 477 883 507 aliis

53 530 116 551 non
135 522 236 561 paucis
247 521 416 552 monasticis
429 526 458 552 et
470 522 607 552 asci-ticis
619 521 815 561 scriptoribus
829 531 882 551 oc—

53 571 184 596 currunt
196 566 330 606 quaedam
347 566 518 596 duriuscule
537 567 628 606 dicta,
644 576 709 606 quae
726 567 794 597 lima
806 566 885 606 judi-

56 610 102 641 cis
119 615 237 650 egeant.
266 612 340 642 Vera
359 620 406 641 me
422 611 502 652 loqui
519 611 667 648 fatebitur,
692 611 741 651 qui
759 621 883 652 percur-

923 253 952 283 ni
967 274 968 278 η
984 253 1117 287 Climaci,
1139 251 1236 288 \larci,
1254 250 1311 281 Nili
1335 254 1365 281 et.
1394 250 1530 281 aliorum.
1558 249 1683 280 Tantum
1711 249 1749 279 de

923 297 1071 336 Symeone
1088 296 1262 327 habuimus:
1281 296 1316 326 ad
1341 304 1429 335 quem
1446 295 1533 325 etiam
1560 295 1687 334 scriptus
1703 297 1750 325 est

923 341 1094 373 scholastici
1110 341 1188 371 illius
1202 340 1350 378 Dialogus,
1367 349 1455 378 quem
1474 339 1608 379 reperies
1625 342 1689 378 post
1702 348 1750 369 ca-

925 386 1122 427 pitamoralia,
1136 395 1200 425 qua!
1214 385 1286 415 nihil
1299 384 1377 414 aliud
1392 388 1468 417 sunt,
1485 394 1571 424 quam
1584 383 1749 424 aphorismi

924 432 1055 472 quidam.
1074 433 1236 470 brevesque
1252 429 1407 460 sen'entitn
1422 429 1458 458 ad
1475 429 1559 458 vitam
1588 433 1668 460 recte
1696 430 1743 460 in-

925 476 1102 506 stituendam
1118 474 1366 512 accomm-ulattu;
1384 473 1550 512 cujusmodi
1572 474 1667 513 capita
1683 474 1746 505 edi-

925 521 1029 550 derunt
1046 530 1112 549 cum
1138 519 1197 551 alii.
1229 523 1288 548 tum
1314 519 1428 549 Marcus
1454 517 1560 548 Asceta
1584 522 1612 548 et
1628 523 1748 550 sanctus

926 564 1019 600 Nilus,
1037 574 1101 604 quae
1118 568 1243 594 exstant.

1435 722 1720 734 2m

339 825 898 911 SYMEONIS
956 825 1007 909 ,Ι
1023 822 1473 909 UNIORIS

316 978 523 1010 ΡῐὶίΕΡΟΞΙΤΙ
541 978 772 1010 MONASTERII
794 978 885 1009 SANC

953 977 1148 1009 MAWANTIS
1171 978 1220 1008 Al)
1241 976 1466 1010 XYLOCERCU
1481 979 1495 1006 -l

336 1231 476 1264 ORATIO
499 1232 612 1264 PRIMA

367 1281 564 1304 ARGUMENTUM

61 1311 322 1349 Quemadmodum
333 1312 421 1343 homo
430 1315 572 1352 paradiso
578 1313 763 1349 crint-battis,
776 1317 885 1344 verita-

104 1355 172 1393 tem,
186 1361 252 1391 qua
263 1357 307 1383 est
316 1354 437 1384 verbum
448 1354 514 1393 Dei,
526 1354 702 1393 perdiderit.
718 1355 760 1383 De
767 1358 884 1392 pecu/ito

101 1392 216 1433 diaboli
228 1397 255 1422 et
267 1392 389 1423 Adami.
403 1393 442 1424 Ab
453 1396 518 1432 ipsa
527 1392 720 1433 conceptione
730 1395 882 1424 hominem

100 1432 261 1471 quemlibet
285 1442 348 1463 esse
370 1438 576 1472 parentarent:
602 1432 632 1464 et
647 1443 706 1473 quo
727 1438 816 1473 pacto
832 1443 882 1473 per

101 1473 286 1513 baptismum
320 1474 354 1503 in
391 1474 510 1513 Spiritu
547 1479 651 1504 sancto
680 1478 881 1512 ιἰῖῃρημνθιιιν.

102 1511 249 1549 Quaenam
269 1513 356 1543 mulli
370 1511 464 1552 regns,
481 1518 509 1544 et
521 1514 673 1553 propheta:
686 1518 754 1544 ante
770 1514 884 1545 Christi

102 1523 249 1549 υιιωηαηι
269 1523 354 1543 mum
370 1523 464 1552 reges,
481 1523 509 1544 et
529 1523 673 1553 impacta:
686 1523 754 1544 ante
770 1523 883 1545 (.nrzsu

100 1556 236 1592 tempora
246 1553 480 1592 concupiverint.
492 1523 816 1585 (liirislirmosnondum
826 1556 883 1585 ini-

103 1593 161 1624 tiat
170 1601 214 1632 os,
227 1593 427 1632 dolentesque,
451 1598 480 1624 et
491 1599 614 1633 peccatu
634 1603 689 1624 suo
703 1596 880 1633 Conﬁtentes.

102 1634 254 1663 canonicis
266 1633 405 1669 vinculis,
420 1637 557 1673 acpazm‘s
570 1636 696 1665 minime
704 1634 822 1672 subjici,
836 1636 886 1665 sed

101 1673 173 1714 ﬁdei
187 1674 341 1712 mysteriis
358 1674 485 1714 erudiri,
509 1679 536 1706 et
554 1678 598 1706 ita
615 1675 735 1705 demum
764 1675 886 1706 initiari

103 1713 222 1744 debere.
256 1713 503 1753 Unumquemque
538 1715 746 1745 Christianum
782 1715 885 1746 diuina

104 1754 464 1794 immutationeindigere,
475 1757 506 1785 in
515 1755 661 1794 quoperfr’
674 1759 720 1786 ’.’t0
727 1756 882 1786 consistat.

101 1807 231 1838 Adamus
247 1810 400 1847 postquam
419 1807 536 1838 diabolo
567 1808 688 1838 mentito
714 1809 800 1838 fidem
830 1809 884 1839 ha-

62 1851 136 1887 buit,
153 1855 181 1882 et
196 1860 262 1881 cum
279 1861 312 1881 ea
336 1851 393 1882 fide
418 1851 455 1881 de
482 1852 560 1890 ligno
585 1852 717 1882 scientiae
743 1853 884 1894 comedit,

63 1896 216 1927 veritatem
241 1896 358 1932 amisit;
381 1906 469 1936 quant
497 1897 606 1926 deinde
632 1901 734 1926 natura
759 1897 914 1944 humanac

62 1941 113 1972 diu
129 1944 311 1980 multumque
331 1940 543 1979 investigatam,
557 1940 690 1970 invenire
706 1950 765 1970 non
780 1942 885 1981 potuit.

64 1985 246 2016 Testimonio
272 1989 340 2015 sunt
364 1995 466 2015 omnes
491 1985 612 2016 Grarcite
637 1985 796 2024 sapientes,
817 1986 886 2016 dum

68 2034 174 2061 tantam
191 2030 384 2060 humanarum
409 2030 582 2070 opinionum
605 2030 815 2065 diversitatem,
836 2040 888 2070 per

66 2076 160 2106 varias
173 2074 344 2114 disciplinas
369 2074 414 2104 via
438 2084 471 2105 ac
497 2075 610 2105 ratione
634 2074 754 2105 traditas
780 2075 886 2114 praeci-

68 2129 183 2160 pueque
199 2128 252 2158 per
267 2119 373 2149 multas
388 2128 420 2149 ac
446 2120 546 2158 longas
568 2119 604 2149 de
628 2119 734 2150 virtute
760 2126 789 2149 et
818 2119 888 2149 vitio

67 2164 290 2204 disputationes,
308 2172 379 2203 quas
395 2163 590 2204 reliquerunt,
615 2164 651 2194 ad
668 2163 887 2203 simplicitatem

68 2212 98 2240 et
111 2207 316 2238 rectitudinem
333 2207 479 2248 redigere,
491 2213 746 2248 congruenterque
756 2208 785 2238 in
798 2218 888 2238 unum

67 2256 271 2291 coagmentare
299 2257 328 2282 et
363 2253 566 2291 constringere
604 2253 811 2290 nequiverunt.
841 2252 889 2283 Est

67 2302 162 2329 autem
179 2297 286 2327 veritas
312 2296 439 2327 Verbum
467 2297 531 2334 Dei,
561 2297 622 2327 sive
648 2297 740 2336 gratia
764 2297 884 2335 Christi,

67 2352 131 2383 quae
146 2341 314 2381 complures
330 2341 407 2378 illas,
425 2346 453 2372 et
468 2342 545 2372 inter
559 2351 590 2372 se
607 2346 781 2381 pug-mites,
799 2347 887 2382 atque

66 2386 236 2427 implicitas,
254 2390 281 2416 et
297 2390 442 2417 tortuosas
465 2396 499 2417 ex
528 2386 680 2416 hominum
696 2387 884 2425 cogitationi-

67 2431 132 2467 bus,
145 2430 351 2460 ratiocinatiou
366 2430 478 2470 busque
495 2432 641 2471 profectas
654 2431 810 2460 verborum
827 2431 885 2461 dis-

67 2475 250 2511 sertationes,
269 2485 326 2504 una
342 2482 370 2505 et
387 2476 499 2506 directa
519 2475 716 2515 simplicitate.
736 2476 815 2505 velut
830 2485 884 2505 na-

67 2520 162 2556 turali,
193 2519 314 2559 pacilica
338 2524 366 2550 et
407 2520 563 2561 tranquilla
587 2519 798 2559 conjunctione
836 2520 884 2550 in-

613 1070 970 1118 OllATlONES
1017 1070 1209 1116 XXXlll

895 1275 974 1305 Bsus
989 1274 1163 1304 necessitate
1178 1274 1348 1314 complexus
1368 1278 1423 1311 est,
1441 1274 1470 1305 in
1488 1284 1551 1305 eam
1571 1283 1685 1312 prunam
1702 1274 1751 1304 in-

925 1320 1026 1357 currit,
1046 1323 1076 1348 ut
1094 1319 1243 1349 veritatem
1274 1323 1425 1349 scrutetur
1451 1319 1500 1349 ille
1527 1319 1658 1359 quidem,
1687 1319 1753 1358 ejus

926 1367 1022 1393 tamen
1040 1373 1161 1402 compos
1178 1373 1235 1393 non
1252 1364 1367 1399 evadat,
1380 1369 1586 1403 persequatur.
1605 1372 1658 1394 nec
1675 1373 1754 1393 com-

927 1407 1099 1448 prehendat.
1128 1407 1241 1437 Etenim
1266 1418 1331 1448 quin
1353 1408 1410 1438 title
1440 1407 1595 1438 mendacio
1621 1407 1753 1438 adhibita

926 1453 1020 1482 oculis
1032 1451 1139 1482 nostris
1151 1456 1252 1491 erepta
1272 1452 1336 1488 fuit,
1351 1452 1407 1482 lide
1421 1452 1535 1482 veritati
1553 1451 1750 1489 commodata,

926 1506 1042 1526 rursum
1074 1496 1220 1526 invenitur
1249 1506 1282 1527 ac
1310 1497 1486 1526 restituitur.
1516 1496 1569 1526 Ille
1597 1496 1751 1527 mendacio

926 1545 1027 1581 aperto
1043 1541 1257 1580 manifestoque
1286 1540 1437 1570 credidit:
1471 1550 1524 1570 nos
1553 1550 1690 1578 magnum
1717 1549 1752 1570 ac

928 1586 1114 1616 manifestum
1131 1588 1300 1624 mysterium
1314 1586 1334 1624 ',
1361 1586 1453 1616 Deum
1469 1584 1606 1614 Videlicet
1622 1585 1752 1614 humano

927 1640 1052 1670 corpore
1081 1630 1227 1666 indutum,
1259 1630 1419 1660 credimus.
1447 1629 1519 1660 Illud
1554 1633 1673 1669 propter
1699 1629 1753 1659 Dei

927 1675 1096 1704 mandatum
1113 1678 1177 1704 erat
1201 1674 1400 1704 incredibile:
1429 1674 1485 1704 hoc
1510 1678 1630 1713 propter
1656 1674 1750 1704 Deum

927 1729 980 1749 nos
991 1719 1189 1758 alloquentem
1205 1719 1338 1749 redditur
1349 1719 1504 1749 credibile,
1516 1718 1587 1748 illud
1605 1718 1749 1748 creditum

927 1763 1146 1803 deprehensum
1172 1767 1216 1793 est
1246 1763 1349 1793 falsum
1378 1763 1562 1803 (credentem
1586 1763 1696 1802 quippe
1722 1763 1751 1793 in

927 1808 1047 1838 exilium
1058 1813 1224 1837 acinortem
1238 1807 1476 1847 praecipitaviti),
1488 1808 1540 1837 huc
1553 1807 1696 1837 creditum
1706 1816 1755 1838 ve-

927 1851 1194 1891 ritast'omperitur,
1204 1852 1351 1892 siquidem
1361 1862 1429 1882 eum
1440 1851 1489 1892 qui
1499 1851 1651 1882 mendacio
1663 1852 1750 1882 ﬁdem

927 1897 1174 1929 commodaverat,
1192 1897 1228 1926 ab
1244 1897 1331 1927 exitio
1344 1907 1378 1927 ac
1392 1901 1484 1927 morte
1497 1900 1625 1933 revocat,
1644 1906 1751 1936 pecca-

929 1947 989 1972 tum
1002 1942 1065 1981 ejns
1075 1942 1192 1977 tollens,
1205 1941 1291 1981 eique
1303 1946 1334 1971 ut
1344 1942 1460 1972 beneac
1468 1942 1550 1972 beate
1559 1942 1597 1972 sit
1607 1942 1751 1979 largiens:

929 1991 957 2016 et
969 1995 1002 2016 ex
1021 1988 1077 2016 line
1091 1990 1260 2025 utrumque,
1287 1985 1473 2016 mendacimn
1490 1990 1558 2026 puta
1573 1987 1750 2026 veritasque,

932 2030 1117 2070 perspicitur.
1130 2029 1224 2060 Unum
1234 2030 1320 2068 igitur
1330 2035 1496 2070 peccatum,
1515 2035 1544 2060 ct
1559 2031 1749 2070 unajustitia.

973 2075 1046 2104 Vide
1055 2074 1124 2114 quid
1136 2074 1282 2112 diabolus,
1295 2075 1451 2105 COIl>idCfﬂ
1461 2074 1531 2114 quid
1543 2075 1673 2105 Adamus
1687 2084 1754 2114 pec-

930 2119 1050 2155 caveiit,
1068 2123 1095 2148 et
1110 2128 1165 2149 non
1183 2118 1274 2154 aliud,
1297 2129 1384 2159 quam
1401 2120 1508 2149 suimet
1523 2119 1752 2149 admirationem

929 2163 1156 2203 superbiamque
1170 2163 1313 2194 invenies.
1329 2163 1437 2193 Verum
1450 2163 1491 2193 illi
1506 2163 1543 2194 ob
1558 2164 1751 2194 excellentem

930 2209 1033 2248 gloria:
1050 2207 1280 2247 magnitudinem
1306 2208 1345 2238 ita
1364 2218 1397 2238 se
1412 2212 1578 2247 gesserunt.
1597 2208 1657 2238 Nec
1672 2208 1751 2238 enim

932 2263 964 2284 ex
982 2253 1146 2283 hmnilitate
1161 2253 1283 2291 gloriam
1305 2253 1403 2293 adepti
1424 2263 1455 2283 se
1482 2253 1673 2284 extulerunt:
1700 2253 1752 2284 sed

928 2308 995 2329 cum
1012 2298 1206 2328 humilitatem
1228 2298 1354 2328 necdum
1376 2302 1600 2337 cognoscerent,
1618 2302 1647 2328 et
1662 2307 1751 2328 secu-

930 2347 1022 2373 turam
1039 2351 1054 2373 e
1067 2352 1137 2372 casu
1149 2342 1280 2381 ipsorum
1297 2343 1529 2372 humiliationem
1548 2342 1753 2381 ignominiatu-

928 2396 985 2427 que
996 2387 1179 2426 ignorarent,
1194 2386 1304 2417 idcirco
1319 2387 1389 2417 nihil
1403 2396 1467 2416 eam
1480 2391 1654 2423 metuentes,
1669 2396 1753 2416 cous-

928 2441 985 2472 que
1001 2433 1107 2462 ctl‘erre
1123 2440 1154 2461 se
1172 2441 1229 2461 non
1251 2431 1432 2462 dubitarunt.
1451 2431 1661 2462 Animadverte
1677 2441 1750 2462 con-

928 2483 984 2513 tra,
1005 2476 1153 2516 quomodo
1171 2476 1349 2515 juslilicatus
1360 2476 1396 2506 sit
1408 2476 1504 2507 Jesus.
1521 2479 1594 2507 Cum
1613 2477 1688 2507 Deus
1701 2486 1750 2506 es-

927 2525 981 2555 set,
1001 2530 1092 2560 usque
1116 2521 1151 2551 ad
1182 2528 1308 2551 mortem
1334 2522 1542 2558 voluntariam,
1569 2526 1599 2551 et
1627 2527 1750 2552 mortem

68 2565 280 2605 comprehensa
296 2565 423 2604 potentia
437 2574 489 2595 sua
504 2565 678 2604 composuit.
697 2562 1024 2605 reliquosqueDcrucis
1042 2565 1131 2605 (quod
1144 2570 1205 2595 erat
1216 2566 1428 2596 sceleratorum
1441 2565 1628 2606 supplicium)
1645 2570 1753 2596 semet-

68 2609 264 2641 doctrinarum
283 2618 436 2639 sermones
451 2610 485 2640 ad
514 2619 605 2640 unum
631 2619 735 2639 omnes
763 2610 886 2647 otiosos,

69 2655 165 2686 irritos
179 2659 207 2684 et
223 2653 343 2684 inutiles
355 2654 583 2691 demonstravit;
607 2664 674 2684 cum
691 2663 773 2684 more
789 2664 886 2684 czoco-

69 2709 131 2731 rum
149 2700 304 2740 palpando,
322 2699 484 2734 veritatem,
501 2699 536 2729 ab
549 2699 642 2729 oculis
655 2699 761 2729 nostris
779 2699 887 2730 merito

69 2750 220 2780 remotam,
231 2744 426 2784 inquirentes,
440 2754 498 2774 non
506 2745 621 2774 valeant
633 2743 777 2784 reperire.
792 2744 885 2774 Simul

69 2799 101 2820 ac
115 2788 192 2820 enim
209 2789 297 2820 homo
309 2788 496 2820 mendacium
511 2793 627 2830 sponte,
644 2798 678 2819 ac
689 2788 770 2819 nulla
780 2788 888 2829 impul-

108 2887 236 2920 1ITim.
254 2895 296 2926 Ill,
318 2887 362 2919 l6.

929 2612 1024 2650 ipsmu
1044 2610 1243 2642 humiliavil5.
1262 2609 1357 2642 Unum
1383 2621 1452 2650 crgo
1470 2616 1633 2650 peceatum,
1652 2610 1751 2641 inﬂata

929 2655 965 2685 de
979 2665 1010 2685 se
1026 2655 1137 2695 opinio,
1155 2659 1183 2685 et
1199 2665 1256 2686 una
1277 2656 1402 2695 justitia,
1429 2660 1561 2686 extrema
1585 2655 1747 2686 humilitas.

929 2699 1011 2730 Nunc
1027 2705 1123 2730 autem
1139 2700 1206 2740 quis
1226 2700 1367 2740 seipsum,
1396 2701 1451 2730 nisi
1475 2699 1635 2730 admodum
1653 2701 1750 2729 l'atuus

930 2745 1060 2774 exaltet‘.’
1075 2745 1169 2775 Nemo
1185 2745 1263 2775 cnim
1277 2745 1306 2775 in
1324 2746 1377 2776 hac
1389 2745 1447 2775 vita
1457 2745 1483 2774 vi
1499 2744 1597 2774 divina
1613 2744 1751 2784 praeditus

930 2793 984 2828 est,
1002 2793 1032 2820 ut
1048 2798 1194 2819 summam
1210 2789 1267 2820 sibi
1293 2789 1417 2829 gloriam
1432 2792 1600 2829 comparet:
1619 2797 1674 2820 nec
1688 2788 1750 2829 ille,

406 2886 419 2908 ε
433 2887 510 2919 Gen.
529 2895 570 2928 m,
586 2888 616 2919 6.
658 2887 675 2912 ὃ
688 2885 817 2928 Philipp.
836 2893 867 2926 ιι,
883 2887 915 2928 7,
927 2887 956 2919 8.
