1983 3072
48 126 105 162 325

795 129 935 164 ORATIO
956 132 982 164 Ι.

1677 130 1738 164 326

44 199 94 240 qui
108 200 300 240 gloriﬁcatus,
317 202 518 234 sanctiﬁcatus
533 207 597 241 est;
614 203 679 235 sine
696 204 866 235 sanctiﬁca-
879 201 902 231 A
911 202 1087 240 minabitur,
1101 211 1163 233 non
1172 204 1251 234 enim
1262 203 1334 234 estis
1346 203 1401 234 sub
1416 202 1491 242 lege,
1509 202 1561 234 sed
1570 203 1624 234 sub
1634 204 1737 244 gratia

46 243 125 290 tione
143 245 234 276 Deum
252 256 339 277 nemo
353 247 476 278 videbit.
495 249 627 280 Tollalttr
642 250 762 290 impius,
774 259 811 280 ur:
826 250 867 280 vi-

45 289 113 334 deat
126 291 256 328 gloriam
274 291 397 322 Domini
406 293 438 323 8.
457 292 527 328 Quis
540 293 682 333 etimpius
694 295 708 324 ἲ)
719 293 869 334 Superbus

46 333 158 374 utique,
176 339 204 365 et
220 340 332 366 tantum
349 337 456 377 impius
468 343 610 377 quantum
625 333 771 378 superbus
799 338 869 374 Quis

46 378 166 423 humilis
182 379 296 410 corde?
310 391 368 411 non
381 382 521 421 prudens,
536 392 594 413 non
607 384 737 423 sapiens,
753 393 810 414 non
827 384 870 413 in-

47 422 195 461 telligens,
206 434 263 454 non
271 426 447 465 versipellis,
460 436 517 457 non
526 436 541 458 a
554 429 713 468 semetipso
722 429 825 459 doctus
836 437 870 458 ac

45 467 164 505 sciens;
181 469 233 498 sed
254 479 319 500 cum
337 469 446 510 Spiritu
465 475 565 502 sancto
589 467 822 509 communicans,
841 472 870 502 in

44 521 100 557 quo
117 513 272 551 prudentia
288 518 317 545 et
334 515 489 554 sapientia,
502 521 530 546 et
545 516 755 557 intelligentia,
773 517 870 547 erudi-

45 555 83 585 tio
99 565 134 586 ac
149 557 274 588 scientia
289 559 318 588 in
346 559 408 599 ipso
434 565 572 599 purgatae,
589 571 623 591 ac
639 555 773 598 viventis,
792 560 870 591 Deo-

45 609 103 639 que
120 601 263 640 placentis
278 603 448 635 aniinic.0b
464 605 491 635 id
506 605 586 636 enim
594 605 724 636 Verbum
739 605 871 636 acFilius

46 644 100 691 Dei
118 646 267 678 hominem
289 648 395 685 induit,
413 659 446 680 ac
470 655 594 681 mortem
620 651 753 691 pertulit,
780 660 871 690 seque

47 689 146 736 ipsum
161 701 216 736 pro
233 697 291 722 toto
307 703 416 731 genere
433 695 561 725 humano
573 689 728 726 liberanda
745 689 870 736 pretium

48 733 140 780 dedit.
160 735 269 766 Verum
286 738 436 769 enimvero
454 749 504 779 pro
523 739 588 780 piis,
603 740 651 780 qui
667 733 754 770 antea
766 740 873 770 obdur-

51 778 206 825 miverant,
225 791 362 821 magnum
377 788 405 813 et
422 778 588 822 augustum,
603 778 636 815 ac
653 790 807 825 propterea
822 794 870 815 re-

912 248 1025 279 Christz'
1040 247 1062 272 Η
1083 269 1088 276 .
1105 247 1167 278 Nisi
1183 248 1261 278 enim
1283 248 1460 287 rejecissent
1476 248 1599 287 gratiam
1614 248 1733 286 Christi,

910 302 997 334 quam
1015 296 1225 331 cognoverant,
1248 302 1306 323 non
1319 302 1370 323 eos
1383 292 1433 322 illa
1446 302 1569 333 peccare
1583 293 1735 333 permisis-

912 341 968 368 set.
985 340 1020 369 Et
1037 337 1092 377 ipsi
1109 341 1204 368 semet
1218 346 1284 368 reos
1299 337 1433 368 fecerunt
1451 338 1603 377 sanguinis
1615 338 1733 376 Christi,

913 383 966 423 qui
980 383 1152 413 amandavit
1170 383 1381 412 conscientiam
1406 381 1528 413 illorum
1543 383 1581 413 ab
1597 383 1736 422 operibus

911 427 1296 463 mortuis,adservieudum
1312 427 1441 457 Deovivo
1453 431 1481 458 et
1493 436 1563 458 vero
1575 428 1599 452 l2
1609 438 1616 465 ;
1627 428 1737 459 denuo-

911 481 968 511 que
985 481 1038 512 per
1054 472 1169 502 labores
1185 480 1303 510 nempe,
1329 471 1463 507 sudores,
1485 473 1622 509 gemitus,
1637 474 1734 513 lacry-

914 526 975 546 mas
989 517 1142 547 emundari
1155 517 1276 547 debent.
1291 515 1426 545 utdicanl
1439 515 1511 545 Deo:
1536 516 1604 548 Vide
1613 518 1737 549 humili-

913 564 1005 591 tatem
1020 565 1047 591 ct
1063 561 1194 591 laborem
1204 569 1314 595 meum,
1332 565 1358 589 et
1371 559 1491 590 dimitte
1505 562 1606 592 omnia
1615 567 1738 601 peccata

912 614 978 636 mea
991 606 1036 634 ‘5.
1055 605 1201 635 Rmuissio
1216 609 1313 634 autem
1339 604 1469 644 perlecta
1495 614 1612 636 rursum
1637 607 1737 646 gratia:

913 649 1098 689 participatio
1119 653 1174 684 est,
1193 658 1250 678 non
1272 648 1349 688 quod
1377 648 1454 678 Deus
1480 649 1737 689 det'atigationibus

913 703 946 723 ac
964 693 1113 723 laboribus
1126 693 1294 732 pwnitentis
1309 693 1454 731 indigeat:
1470 694 1520 723 sed
1542 704 1578 724 ne
1594 696 1738 734 pmnitens

913 738 1018 768 divitum
1043 737 1143 776 gralize
1167 738 1240 767 citra
1264 737 1393 767 laborem
1421 738 1641 776 reconciliatus,
1659 749 1736 777 eam,

913 782 955 812 uti
971 782 1062 822 prius,
1089 785 1269 818 contemnat,
1299 782 1442 821 tertiaque
1470 782 1642 822 purgatione
1665 794 1739 823 opus

50 824 140 863 pulsae
157 826 289 856 nescium
306 829 482 859 sacriﬁcium
501 830 593 860 lactus
604 838 660 868 est,
677 829 794 869 quando
808 833 873 869 pthl
885 827 1040 874 Bhabens,
1051 826 1236 866 reprobetur,
1250 825 1321 874 etin
1334 825 1430 864 ignem
1438 827 1651 866 sempiternum
1667 838 1738 868 pur-

49 869 155 914 Adami
173 870 447 912 lapsumjnstorum
473 875 570 904 nullus
595 875 721 914 adipisci
748 875 873 905 salutem

50 913 154 951 potuit,
173 916 311 946 omnibus
325 924 445 957 peccato
463 919 548 958 primi
566 913 707 959 parentis,
726 919 875 959 mortique

47 965 81 1003 ac
99 958 255 997 perditioni
267 962 407 1001 subjectis
422 975 427 992 :
442 964 518 1003 quod
535 958 620 994 nemo
633 968 770 999 exstaret,
785 958 873 1003 quem

50 1001 189 1047 ﬁam'nca
199 1004 247 1034 illa
260 1007 409 1046 romphaea
420 1001 664 1047 paradisicustos,
676 1001 874 1047 postejectum

50 1045 121 1091 inde
137 1045 349 1088 protoplas'um
363 1045 448 1081 facile
457 1051 636 1088 admitteret,
653 1045 710 1091 quo
720 1052 749 1081 in
763 1045 875 1091 impol-

51 1090 122 1123 luta.
142 1097 171 1122 et
188 1092 222 1122 ab
234 1095 314 1124 omni
326 1095 435 1126 delicto
449 1096 567 1131 munda,
579 1101 607 1126 et
620 1090 721 1127 sancta
738 1090 875 1126 taberna-

50 1135 118 1164 cula
130 1135 240 1167 intrare
251 1142 279 1168 et
293 1138 322 1168 in
336 1140 451 1170 Sanctis
472 1145 641 1170 sanctorum
653 1140 735 1170 atriis
760 1150 875 1180 perina-

49 1188 125 1210 nere
138 1186 235 1218 pOSSet
250 1183 412 1222 (quoniam,
426 1185 554 1216 utetiam
567 1185 725 1225 Apostolus
737 1186 786 1219 ait,
806 1195 876 1216 cor-

50 1225 155 1270 ruptio
162 1226 412 1265 incorruptionem
420 1230 703 1267 nonlzwrcditabit”)
712 1231 878 1270 oportebat-

50 1268 347 1311 queincorruptibile
360 1273 410 1303 Dei
426 1274 556 1305 Verbum
575 1275 603 1304 in
623 1285 711 1305 carne
728 1268 779 1305 sua
797 1285 876 1305 mor-

51 1313 102 1360 tali
120 1313 216 1360 oblato
226 1317 477 1357 sacriﬁciojustos
497 1329 512 1349 a
525 1320 714 1360 corruptione
732 1321 873 1350 eximere.

52 1355 138 1403 Haud
155 1359 233 1389 enim
251 1361 279 1390 in
304 1355 422 1392 illorum
446 1368 590 1403 potestate
617 1355 690 1401 erat,
714 1365 749 1394 ad
775 1365 875 1394 incor-

52 1402 222 1448 ruptionem
241 1405 317 1435 illam
332 1402 500 1443 instaurari,
516 1408 544 1438 in
559 1418 617 1448 qua
638 1409 776 1448 princeps
788 1410 876 1439 homo

53 1445 282 1493 eﬂictusl'uerat,
297 1455 367 1481 etex
380 1462 437 1492 qua
449 1445 616 1483 exciderat:
635 1445 728 1483 sedad
745 1445 877 1493 magnam

56 1490 145 1528 hanc,
164 1497 191 1522 et
206 1493 234 1523 in
255 1494 368 1533 judicio
383 1490 542 1536 acjustitia
568 1504 732 1537 susceptam
758 1490 879 1528 oecono—

56 1537 149 1567 miam
165 1540 326 1578 spectabat.
345 1542 381 1572 At
403 1551 471 1573 vero
493 1552 546 1583 pro
563 1543 599 1573 iis
614 1544 664 1583 qui
682 1547 781 1584 postea
796 1544 878 1574 vixe-

53 1586 138 1628 runt,
157 1586 216 1628 tum
232 1585 423 1619 sacriﬁcium.
442 1591 501 1618 tum
513 1588 682 1618 communio
695 1589 878 1628 appellatur;

55 1625 129 1671 quia
139 1627 254 1660 scilicet
267 1639 320 1669 per
327 1631 524 1671 sumptionem
535 1642 566 1663 se
578 1642 643 1663 cum
658 1625 792 1663 sumente
803 1625 882 1663 com-

56 1670 176 1717 miscet,
195 1676 225 1702 et
240 1673 289 1704 illa
303 1670 510 1708 commistione
529 1678 698 1717 unioneque
714 1678 749 1707 de
766 1677 880 1713 integro

56 1715 260 1762 epm__format,
280 1720 454 1761 unitumque
465 1715 664 1762 inexplicabili
676 1722 780 1752 virtute
791 1723 881 1752 artiﬁ-

57 1758 100 1789 cis
116 1759 279 1792 divinitatis
295 1773 355 1794 suze
368 1758 414 1795 ad'
426 1758 617 1806 semettpsum
634 1767 765 1806 adducit,
785 1771 814 1796 ut
829 1776 879 1797 se-

56 1812 128 1834 cum
143 1815 187 1844 gei
198 1816 284 1838 mane
297 1810 452 1841 coalescat.
480 1810 732 1846 Quemadmodum
748 1816 775 1841 et
791 1812 879 1849 ignis,

57 1850 178 1895 tametsi
190 1861 206 1881 a
221 1854 395 1892 corporibus
407 1855 617 1886 sednrioribus
630 1860 794 1895 susceptus,
807 1866 880 1886 con-

53 1893 215 1933 junctione
230 1897 294 1936 ipsa
310 1898 406 1937 ignem
436 1900 512 1933 facit,
541 1909 595 1930 nec
620 1893 725 1930 eorum
747 1906 879 1931 naturam

59 1942 186 1971 evertit:
205 1941 399 1974 nihiloiniuus
414 1945 542 1984 quantliu
568 1954 634 1975 cum
661 1945 729 1984 igne
745 1946 881 1984 copulata

59 1987 142 2030 sunt,
160 1985 247 2015 etiam
264 1986 326 2026 ipsa
342 1989 416 2027 ignis
431 1994 509 2019 sunt.
528 1990 623 2029 Atque
650 1990 704 2019 hoc
729 1994 786 2026 est,
804 1991 881 2030 quod

57 2028 131 2060 olim
149 2031 232 2060 multi
249 2034 409 2073 prophetae,
426 2043 511 2072 reges
527 2038 555 2064 et
575 2028 645 2074 justi
663 2028 879 2074 desiderarunt,

59 2083 128 2103 cum
146 2082 199 2105 eos
215 2077 411 2115 prmviderent
424 2079 451 2103 ¹0
462 2105 469 2117 ,
486 2078 534 2118 qui
552 2087 619 2109 caro
635 2078 672 2109 de
688 2088 777 2110 carne
794 2079 883 2110 Verbi

59 2118 116 2150 Dei
133 2122 162 2149 et
177 2129 209 2150 es
225 2130 260 2151 ex
276 2123 391 2153 oSSibus
413 2123 477 2163 ejus
505 2123 592 2153 t‘uturi
617 2128 726 2162 essent,
752 2133 843 2164 seque
867 2133 884 2154 a

59 2168 142 2194 tanto
160 2165 236 2196 bono
252 2167 400 2207 sejunctos
416 2169 623 2208 intelligerent.
675 2170 679 2173 ’

102 2209 291 2250 Quapropter
301 2213 461 2251 instructis,
471 2214 642 2253 eteruditis,
656 2215 811 2254 magnique
825 2225 885 2255 my-

59 2254 147 2284 sterii
164 2255 392 2288 Christianitatis
415 2259 612 2298 cognitionem
629 2259 807 2294 consecutis,
825 2254 884 2289 ini—

58 2299 202 2340 tiatisque
219 2301 366 2339 ﬁdelibus,
383 2303 408 2333 si
424 2308 524 2342 postea
541 2313 592 2343 pro
609 2304 735 2334 humana
751 2304 885 2334 imbecil-

55 2342 155 2381 litate,
177 2349 204 2374 et
217 2346 284 2385 quia
294 2347 390 2377 adhuc
400 2348 518 2386 pulvere
530 2342 761 2383 circumdantur,
782 2348 809 2378 in
824 2347 885 2378 cal-

55 2398 124 2428 pam
142 2388 313 2427 inciderint,
331 2391 407 2422 bona
436 2393 491 2422 erit
507 2392 654 2423 medicina
668 2392 841 2432 spiritualis,
858 2392 884 2422 si

58 2443 125 2464 eam
156 2435 365 2466 conlitentibus
393 2436 563 2476 injiciantur
592 2437 706 2467 vincula
729 2437 882 2473 canonica,

60 2477 173 2517 quibus
189 2480 301 2518 peccati
317 2480 439 2511 nexibus
462 2482 658 2517 exsolvantur,
687 2487 715 2511 et
730 2482 887 2521 pharmaca

61 2523 206 2554 salutaria
223 2525 419 2565 applicentur,
448 2526 688 2566 quandoquidem
710 2526 818 2566 quibus
834 2527 889 2556 de-

62 2567 136 2598 bent
146 2568 342 2601 initiamentis
352 2572 469 2608 exculti,
489 2572 624 2601 virtutem
639 2571 747 2602 Christi
761 2575 892 2610 gustave-

65 2617 147 2651 runt,
166 2613 214 2644 cui
239 2615 343 2653 ﬁdere,
371 2620 399 2646 et
424 2621 573 2656 peccatum
601 2625 704 2646 cavere
726 2617 891 2663 oportebat,

61 2659 386 2700 juxtailludApostoli:
406 2661 566 2692 Peccatum
580 2662 661 2692 enim
677 2662 758 2692 vobis
775 2671 835 2693 non
845 2659 896 2695 do'.

109 2761 125 2785 8
140 2759 199 2791 Isa.
213 2768 294 2797 xxvr,
312 2759 361 2798 10,
377 2769 437 2791 sec.
457 2759 540 2791 LXX.

69 2801 97 2827 43
113 2800 192 2832 Psal.
209 2809 291 2839 xxiv,
309 2801 358 2832 18.
403 2800 430 2825 ¹4
440 2799 525 2832 Rom.
543 2801 640 2837 11,12.

583 2759 599 2784 9
614 2759 625 2790 Ι
641 2759 706 2791 Cor.
724 2768 774 2796 XV,
793 2760 841 2792 50.
864 2767 869 2773 ‘
886 2760 914 2785 ‘0
930 2761 998 2792 Luc.
1019 2768 1048 2796 κ,
1064 2758 1114 2790 24.

684 2800 710 2821 ¹⁵
724 2800 823 2832 Matth.
839 2809 920 2840 xxrv,
942 2803 988 2832 14.

916 872 1029 910 gandus
1042 871 1228 911 conjiciatur,
1242 871 1371 910 quicum
1385 880 1504 911 semper
1518 876 1595 910 urat,
1613 882 1740 913 purgare

918 925 975 946 non
994 920 1087 956 potest
1105 925 1192 956 quem
1210 916 1280 946 urit.

956 960 1020 991 Jam
1035 970 1101 991 vero
1116 969 1224 991 arcana
1236 959 1409 991 Christianae
1417 960 1570 1000 religionis
1581 961 1742 1001 ignoranti-

917 1003 971 1034 bus
987 1005 1069 1037 (sunt
1091 1014 1184 1038 enim,
1207 1009 1285 1038 sunt,
1314 1004 1444 1044 inquam,
1471 1005 1569 1045 plures
1595 1007 1740 1046 baptismo

918 1049 1014 1079 aﬁ'ecti
1029 1049 1161 1088 quidem,
1179 1056 1208 1078 et
1225 1053 1383 1088 propterea
1398 1049 1539 1089 indigitati
1557 1050 1715 1083 Christiani
1730 1064 1735 1084 :

917 1092 969 1122 sed
987 1093 1103 1132 penitus
1120 1093 1198 1123 nulla
1214 1093 1361 1124 catechesi
1378 1094 1481 1123 imbuti
1495 1099 1524 1125 et
1537 1095 1658 1134 indocti,
1672 1101 1743 1127 etut

918 1135 1047 1166 breviter
1061 1137 1169 1173 dicam,
1187 1137 1313 1177 profani,
1341 1147 1375 1168 ac
1402 1138 1490 1168 rudes
1507 1139 1594 1179 hujus
1610 1141 1745 1180 prmclari

921 1180 1191 1220 mysteriitlalibus,
1220 1182 1351 1222 inquam,
1378 1187 1499 1222 peccata
1522 1192 1586 1220 sua,
1614 1189 1679 1223 post
1694 1194 1743 1215 sa-

919 1235 1000 1255 crum
1011 1226 1187 1266 baptismum
1198 1231 1376 1266 perpetrata,
1385 1227 1607 1265 conﬁtentibus,
1617 1238 1708 1259 nexus
1716 1234 1745 1260 et

919 1271 1025 1301 auxilia
1050 1272 1164 1302 medica
1190 1273 1298 1302 nulum
1325 1272 1478 1302 utilitatem
1505 1273 1641 1303 allerunt.
1671 1274 1745 1310 Quia

918 1315 997 1345 enim
1017 1316 1188 1356 mysterium
1200 1317 1305 1347 Christi
1320 1317 1468 1353 nesciunt,
1483 1318 1532 1348 sed
1547 1318 1743 1357 spiritualium

919 1360 1100 1390 vinculorum
1114 1361 1404 1401 medicaminumque
1413 1371 1531 1392 sensum
1542 1368 1568 1393 ei
1578 1363 1744 1403 intelligen—

920 1405 989 1435 tiam
1003 1405 1113 1436 habere
1124 1416 1250 1446 unquam
1268 1411 1416 1445 poterunt.
1436 1408 1469 1436 Et
1482 1417 1548 1436 cum
1563 1417 1619 1437 non
1638 1408 1746 1439 intelli-

921 1456 1024 1489 gentes
1035 1451 1228 1486 crediderint,
1242 1451 1306 1481 sine
1319 1451 1471 1482 intellectu
1485 1457 1700 1491 peccaverunt:
1715 1458 1746 1484 et

922 1496 989 1535 quia
1000 1496 1063 1526 sine
1075 1497 1187 1526 ratione
1201 1501 1404 1536 peccaverunt,
1420 1496 1617 1536 spiritualem,
1635 1503 1663 1528 et
1680 1508 1745 1538 qua)

921 1540 1020 1570 animo
1036 1542 1177 1577 cernitur,
1205 1541 1381 1571 medicinam
1406 1550 1567 1579 agnoscere
1592 1553 1650 1572 non
1674 1553 1744 1583 pos—

922 1589 999 1615 sunt.
1015 1585 1213 1620 Quamobrem
1225 1586 1747 1625 quomodomysteriaChristianismi

922 1629 1094 1669 scientibus,
1112 1631 1314 1670 memoriaque
1329 1630 1509 1667 tenentibus,
1531 1641 1582 1671 pro
1607 1641 1747 1663 mensura

923 1675 1109 1714 cognitionis,
1130 1682 1159 1705 et
1175 1676 1265 1705 errati
1281 1675 1417 1715 vinculis,
1440 1676 1597 1713 medicina,
1616 1677 1744 1715 ustione,

922 1721 1092 1756 alliictione,
1111 1725 1138 1750 et
1155 1729 1258 1760 pretia;
1275 1720 1316 1750 sic
1333 1729 1434 1750 eorum
1452 1720 1585 1758 rudibus,
1601 1721 1746 1752 nondum-

922 1775 980 1806 que
996 1765 1147 1802 institutis,
1163 1765 1358 1805 institutione,
1372 1766 1442 1802 ﬁtle,
1456 1770 1484 1795 et
1498 1767 1672 1803 initiatione,
1688 1777 1746 1797 non

923 1810 1049 1840 vinculis
1065 1819 1139 1849 opus
1154 1814 1208 1841 est.
1234 1809 1356 1840 Vincire
1384 1809 1462 1840 enim
1489 1815 1518 1841 et
1542 1821 1639 1851 urcre,
1667 1811 1746 1851 quod

923 1864 1011 1885 sensu
1029 1859 1119 1890 caret,
1136 1854 1319 1889 absurdum;
1336 1859 1366 1885 et
1395 1855 1579 1886 curationem
1602 1857 1747 1887 adbibere

924 1904 1051 1936 mortuo,
1068 1899 1200 1939 ineptum
1215 1900 1365 1939 negotium
1386 1909 1419 1930 ac
1435 1901 1545 1931 fatuum
1563 1905 1617 1931 est.
1638 1902 1748 1931 Verum

921 1946 1090 1984 quicunque
1101 1945 1131 1975 in
1142 1944 1206 1984 lege
1216 1948 1423 1984 peccaverunt,
1437 1946 1492 1975 hoc
1505 1950 1559 1980 est,
1570 1955 1637 1976 cum
1651 1945 1749 1984 cogni-

923 1989 1015 2029 tione,
1030 1998 1082 2028 per
1094 1989 1186 2027 legem
1196 1989 1412 2027 iudicabuntur
1423 1989 1465 2026 Η,
1482 1991 1517 2020 ίιιΙ
1535 1999 1686 2020 sacrorum
1702 2000 1751 2021 ca-

924 2044 1033 2064 nonum
1050 2043 1183 2064 normam
1199 2043 1233 2063 ac
1250 2033 1452 2074 prmscriptum
1478 2034 1627 2064 videlicet.
1645 2034 1682 2065 At
1698 2040 1750 2074 qui

924 2079 989 2110 sine
1003 2079 1070 2118 lege
1083 2083 1296 2118 peccaverunt,
1306 2079 1425 2115 hocest,
1438 2088 1473 2109 ea
1483 2079 1752 2118 noncognita,sine

926 2123 1085 2162 legeetiam
1099 2122 1248 2162 peribunt,
1258 2123 1365 2153 frustra
1378 2122 1519 2153 nimirum
1532 2123 1750 2162 ignorationem

894 2172 919 2202 D
928 2172 1112 2208 excusantes,
1125 2177 1191 2197 cum
1203 2176 1218 2197 a
1230 2167 1356 2197 Doinino
1368 2167 1478 2197 dictum
1490 2168 1545 2198 sit:
1567 2168 1753 2199 Prwdi‘rabi-

927 2217 976 2244 tur
986 2212 1186 2252 Evangelium
1197 2211 1252 2242 hoc
1264 2215 1295 2242 in
1303 2215 1360 2242 toto
1373 2213 1494 2252 uiuudo,
1508 2213 1753 2244 inlcslimouium

927 2259 1063 2289 omnibus
1077 2256 1217 2297 gentibus
1230 2256 1275 2286 15.
1293 2255 1434 2296 Sequitur
1447 2257 1525 2295 hinc,
1539 2257 1562 2287 si
1573 2262 1675 2297 gentes
1693 2267 1752 2288 ma-

927 2307 976 2334 net
990 2301 1209 2341 condemnatio,
1227 2301 1318 2332 multo
1343 2302 1434 2341 magis
1450 2311 1501 2332 eos
1519 2305 1749 2333 condemnatum

925 2347 973 2384 iri,
989 2347 1037 2387 qui
1053 2347 1082 2376 in
1093 2346 1189 2376 medio
1203 2346 1312 2376 Chriszi
1327 2346 1470 2377 Ecclesia)
1486 2347 1647 2386 primorum
1667 2347 1754 2377 rudi-

927 2396 1092 2422 mentornm
1108 2390 1250 2430 imperiti,
1263 2395 1291 2421 et
1307 2391 1336 2420 in
1354 2391 1517 2421 rationibus
1533 2392 1639 2422 divinae
1656 2392 1748 2432 pieta-

928 2437 964 2468 tis
983 2435 1113 2476 hospites
1122 2445 1154 2465 ac
1173 2435 1320 2474 peregrini
1333 2436 1491 2466 Christiani
1503 2440 1668 2473 vorsantur,
1682 2446 1751 2466 con-

931 2485 1091 2521 temptores
1103 2480 1269 2510 admirandi
1282 2480 1369 2520 hujus
1382 2481 1481 2521 operis
1493 2481 1583 2512 Verbi
1596 2481 1659 2517 Dei,
1672 2481 1757 2520 cujus

931 2535 1018 2556 causa
1033 2525 1171 2555 humanis
1197 2535 1228 2555 se
1243 2526 1366 2556 artubus
1390 2527 1574 2563 convestivit,
1592 2536 1658 2556 cum
1675 2526 1754 2556 Deus

934 2575 1024 2608 esset,
1053 2570 1327 2609 contumelioseque
1350 2575 1516 2607 tractatum,
1544 2575 1573 2602 et
1597 2580 1656 2601 non
1671 2579 1757 2601 secus

935 2625 1021 2656 quam
1041 2625 1093 2654 pro
1109 2615 1272 2645 sceleribus
1291 2615 1352 2644 suis
1368 2615 1432 2645 neci
1448 2615 1580 2646 deditum
1599 2620 1654 2646 est.
1673 2614 1756 2651 Quod

937 2667 1035 2692 autem
1053 2660 1185 2690 nonnulli
1201 2660 1238 2690 de
1253 2659 1382 2700 profanis
1403 2659 1508 2690 istisin
1531 2661 1638 2691 throno
1654 2659 1759 2700 gloriae

1159 2759 1184 2783 Η
1207 2759 1294 2790 Rom.
1312 2766 1352 2796 vr,
1380 2759 1428 2790 14.
1472 2757 1498 2779 η
1521 2758 1612 2790 Hebr.
1639 2766 1679 2795 Ix,
1711 2759 1757 2789 14.
