1983 3072
215 149 269 183 331
548 195 550 197 ἓ
864 153 1057 188 SYMEONIS
1076 155 1265 190 IUNIORIS.
1852 161 1912 197 332

254 218 466 268 scqutandurn.
483 218 693 268 Christianum
706 219 837 268 credere,
850 225 881 268 et
892 221 1038 268 bqptismo
1049 223 1254 264 Aintelligitur
1267 233 1335 256 eum
1350 234 1385 258 ex
1400 226 1486 258 Patre
1501 228 1724 268 procedentem,
1742 230 1909 263 etiamFilii

255 258 501 316 ffilgfgpgffg;
514 260 734 316 ριςξξίξοτέξιζ,
742 258 1040 316 ειιδίςξξξνξξιξξηξιξλς
1084 258 1228 308 Spiritum
1244 278 1321 308 esse,
1337 271 1449 303 unione
1464 276 1493 303 et
1501 258 1683 306 discretione
1693 258 1909 316 itiexplicabili.

255 302 283 340 et
296 300 363 339 quis
377 300 501 340 dicatur
515 300 646 340 quidem,
660 309 717 332 nec
739 304 790 332 sit.
816 302 873 339 Qui
885 304 966 333 enim
981 312 1041 334 non

253 338 330 378 facit
344 338 671 388 ugluntqtenithrt‘sti,
687 338 1040 388 eumttopessgcl‘tristiu-
1083 339 1167 370 Scire
1195 340 1285 388 igitur
1314 342 1409 374 solum
1437 348 1564 385 oportet,
1594 345 1686 377 Deum
1713 356 1803 378 esse:
1833 348 1907 388 quid

252 387 338 429 ltum.
355 379 512 429 Im‘pr'obos'
526 379 719 413 Christiahos
728 382 856 422 perditis
863 382 981 415 Iudaeis
992 384 1041 415 de-
1082 388 1180 429 autem
1196 379 1245 426 sit,
1261 379 1526 428 investigarefnon
1543 379 1631 421 modo
1641 379 1908 429 temerarium-sed

252 420 376 451 teriores
391 420 556 453 habendos.
728 420 737 422 “
1083 428 1174 475 etiam
1189 420 1386 463 vehementer
1398 420 1517 464 stultum
1531 420 1586 466 est.
1598 420 1726 475 Figulus
1742 436 1821 467 enim
1835 420 1907 468 vasa

250 472 348 506 Deum
365 474 568 514 cognoscendi
583 484 704 515 genera,
720 475 789 514 {seu
815 475 896 506 modi
911 476 1041 517 quinque
1083 481 1100 503 ε
1120 473 1182 522 luto
1198 475 1368 522 ﬁngens,et
1394 486 1428 508 ea
1441 487 1475 508 ex
1491 479 1606 516 eadem,
1624 472 1681 520 qua
1696 480 1760 521 ipse
1776 486 1904 522 constat,

212 522 292 550 sunt.
305 518 434 558 Primus,
458 519 537 565 quod
552 519 631 551 Deus
641 519 719 556 nihil
736 520 773 551 sit
787 529 890 552 eorum
907 521 1039 552 omnium
1083 518 1247 550 substantia
1263 521 1312 559 (de
1327 520 1387 552 luto
1403 522 1513 563 quippe
1528 527 1557 554 et
1572 518 1737 564 ipse—ﬁctus
1754 526 1812 565 est)
1827 518 1905 556 nun;

214 572 402 604 quaecunque
419 568 469 595 aut
483 563 538 595 sub
554 568 783 605 aspectumgaut
798 574 980 610 sermonem,
992 573 1042 600 aut
1083 571 1170 610 gnam
1184 573 1245 605 vas,
1261 566 1340 606 quod
1371 566 1432 597 suis
1462 563 1598 598 manibus
1628 563 1804 610 efl‘ormavit,
1820 579 1852 601 se
1866 571 1905 602 de

212 606 440 648 intelligentiam
453 608 663 654 subjiciuntur.
676 608 857 654 Alter,quod
869 609 1037 650 siquidesl,
1081 607 1145 648 ipso
1161 610 1275 641 artiﬁce
1305 619 1356 642 suo
1386 611 1494 651 alloqui
1522 612 1643 644 audivit.
1671 614 1733 645 Jam
1757 615 1782 644 si
1798 606 1907 654 iigulus

211 652 292 693 quod
307 652 353 683 vel
365 657 486 694 aspectu
501 653 656 691 sentiatur,
671 653 715 684 vel
730 653 865 685 oratione
887 654 1037 695 exprima-
1080 656 1234 694 tantopere
1264 654 1363 686 ditfert
1376 665 1394 686 a
1408 665 1476 686 vase
1502 657 1598 695 ﬁctili,
1616 658 1663 689 cui
1681 652 1847 690 substantia
1861 659 1905 690 si-

210 700 270 744 μιν,
289 698 335 729 vel
351 702 452 729 mente
467 697 673 729 tantummodo
702 699 984 744 comprehendatur,
1000 699 1036 730 ab
1080 697 1232 744 milis‘estl
1248 703 1433 744 quantopere
1447 701 1525 732 Deus
1537 701 1574 732 ab
1590 702 1712 733 homine
1726 703 1876 744 discrepat
1891 705 1906 735 ?

208 740 275 782 ipso
289 742 339 780 sit,
357 752 424 774 cum
439 752 522 783 prius
551 753 610 774 non
635 743 791 774 exstiterit.
808 743 936 781 Tertius,
958 744 1036 785 quod
1079 741 1108 771 Si
1122 741 1200 772 enim
1214 742 1292 774 Deus
1304 743 1377 774 nihil
1387 744 1510 775 istorum
1523 750 1578 786 est,
1593 755 1658 786 qua
1669 740 1901 783 autcernuntur,

209 786 274 818 haec
288 786 399 826 omnia,
418 788 528 819 nullius
551 797 654 819 eorum
681 788 810 827 indigus,
838 788 968 820 bonitate
984 799 1036 820 sua
1079 791 1128 816 aut
1143 787 1344 832 nominantur,
1363 793 1413 819 aut
1440 789 1619 828 cogitantur,
1638 791 1808 832 quicunque
1822 792 1903 823 illius

209 839 226 862 e
242 831 336 863 nihilo
352 834 562 874 procreaverit,
578 837 610 864 ut
627 833 720 874 ipsius
735 832 829 873 gloria
841 833 939 873 potius
953 833 1034 864 frue-
1078 831 1397 876 essentiamiudagare,
1408 834 1565 865 autanimo
1577 831 1902 876 perciperedesideral,

207 881 324 915 rentur,
341 877 371 908 in
387 877 512 918 ipsoque
529 877 738 933 subsistereqt.
760 877 896 933 Quartus,
914 882 943 908 et
957 877 1034 918 quod
1044 874 1102 933 Bis
1121 875 1220 926 minus
1234 886 1326 933 quam
1343 881 1418 927 testa
1433 878 1557 909 rationis
1574 874 1618 911 est
1640 874 1799 921 particeps.
1818 881 1904 917 Quod

213 930 274 933 -_.._‘
294 921 389 933 ιημη
405 922 439 933 .‘A
487 930 567 933 _,,,,._
607 932 653 933 ,,,,
714 931 813 933 ,,,,,,,__
838 925 861 933 ΛΑ
903 924 1031 933 Αμμμιγ....
1079 928 1143 933 ..η-μ
1160 923 1199 933 ..Α
1218 924 1253 933 -,Δ
1281 931 1302 933 4,
1322 926 1392 933 -71.,
1449 932 1453 933 ν
1489 932 1513 933 νγ
1566 924 1572 933 I
1645 928 1651 933 .
1696 925 1703 933 I
1795 925 1800 933 I
1897 929 1902 933 .

209 930 277 952 cum
294 921 391 953 bonus
402 922 452 960 sit,
482 930 572 953 omne
601 922 679 963 quod
706 922 816 953 bonum
833 925 863 953 et
877 920 1144 952 honestum”cum
1159 920 1202 952 ita
1217 921 1265 959 sit,
1279 921 1397 953 silentio
1424 924 1610 954 venerandus
1625 928 1654 956 et
1669 920 1841 956 adorandus
1857 929 1906 956 est

208 970 264 1003 est,
274 966 305 997 id
316 967 395 1008 velit,
413 971 442 998 et
460 977 579 998 omnem
596 967 769 1008 pravitatem
783 966 1035 1007 vitiositatemque
1076 973 1154 995 unus
1169 964 1257 1003 Deus,
1276 975 1363 1006 quem
1374 976 1462 998 nemo
1473 968 1625 998 hominum
1636 969 1719 1007 vidit,
1732 979 1788 1000 nec
1799 970 1903 1001 videre

207 1011 316 1042 oderit.
332 1011 470 1050 Quintus,
483 1012 560 1053 quod
571 1012 601 1043 in
614 1013 677 1054 ipso
693 1012 790 1043 omnis
805 1011 1033 1047 administratio,
1077 1013 1182 1055 potest,
1201 1014 1229 1041 et
1256 1011 1439 1042 credendum
1468 1012 1499 1042 in
1531 1013 1655 1051 Patrem,
1690 1018 1719 1045 et
1735 1014 1854 1055 Filium,
1875 1019 1906 1046 et

207 1055 430 1088 etvitavirtulis
452 1066 573 1097 compos
594 1067 629 1088 ac
655 1057 754 1088 divina
779 1056 907 1088 feliciter
922 1055 1034 1086 institui
1075 1054 1218 1100 Spiritum
1235 1059 1382 1094 sanctum,
1411 1066 1499 1088 unam
1529 1061 1675 1096 naturam,
1702 1062 1730 1089 et
1762 1063 1820 1090 tres
1837 1054 1906 1100 pro-

205 1101 321 1141 possit;
336 1111 395 1133 non
412 1102 510 1143 aliter,
527 1102 584 1133 nisi
601 1101 682 1133 illius
693 1101 721 1134 vi
741 1111 776 1134 ac
790 1105 934 1142 potestate
946 1101 1033 1140 adju-
1075 1099 1216 1145 prietates
1227 1100 1433 1145 hyposlaticas,
1448 1105 1476 1132 et
1491 1111 1628 1142 magnum
1641 1104 1814 1134 oeconomiae
1831 1112 1904 1145 my-

203 1150 303 1184 vante,
333 1155 398 1188 quae
427 1155 548 1178 sensum
591 1146 757 1184 oculorum,
788 1146 1032 1186 intellectumque
1074 1144 1209 1183 sterium,
1227 1144 1305 1185 quod
1322 1144 1451 1176 Verbum
1482 1146 1547 1187 Dei,
1575 1151 1604 1177 et
1632 1147 1735 1186 Filius,
1768 1148 1798 1179 in
1814 1148 1904 1180 Patre

203 1189 333 1230 fugiens,
349 1190 558 1232 complectitur
572 1190 1029 1232 omnia,etpraecellitomnibus,
1074 1189 1190 1227 genitus
1202 1194 1232 1220 et
1247 1189 1422 1227 subsistens,
1449 1190 1484 1221 ab
1509 1191 1615 1222 eodem
1643 1202 1702 1223 non
1729 1198 1902 1233 separatus,

205 1235 342 1277 nullique
367 1235 424 1267 nisi
440 1236 607 1267 castissime
623 1245 657 1267 se
671 1235 821 1267 invocanti
836 1235 1029 1276 opitulantur.
1073 1234 1230 1265 conclusus
1253 1234 1340 1265 luerit
1354 1239 1440 1266 utero
1456 1234 1565 1268 Maria.
1581 1242 1652 1268 ante
1669 1242 1784 1277 partum
1799 1242 1827 1268 et
1837 1246 1905 1278 post

244 1279 294 1317 Est
311 1289 397 1320 porro
426 1280 581 1320 Divinitas,
612 1285 754 1321 quantum
780 1280 908 1311 humana
933 1279 1032 1319 lingua
1072 1282 1187 1318 qartum
1205 1278 1337 1318 virginis,
1364 1280 1516 1320 factusque
1541 1282 1578 1312 sit
1602 1291 1682 1319 caro,
1700 1283 1829 1313 humana
1845 1292 1903 1314 ua-

205 1324 368 1366 enuntiari,
385 1329 590 1366 quantumque
604 1326 781 1366 metaphora
796 1324 922 1365 quadam
933 1324 970 1355 ab
987 1332 1032 1355 es-
1073 1327 1137 1368 tura
1150 1323 1279 1368 perfecte
1290 1323 1320 1354 in
1331 1324 1430 1364 seipso
1442 1330 1590 1366 suscepta,
1605 1327 1809 1368 manseritque
1820 1327 1904 1359 Deus

204 1370 312 1407 sentia,
329 1376 358 1400 et
378 1374 481 1401 natura
508 1371 596 1401 ducta
624 1369 750 1400 indicari
779 1373 884 1409 potest,
912 1378 970 1399 una
986 1378 1032 1399 es-
1073 1367 1278 1404 immutabilis,
1296 1373 1325 1399 et
1341 1373 1424 1399 natus
1455 1370 1492 1400 sit
1520 1379 1554 1400 ex
1584 1379 1618 1401 ea
1648 1367 1853 1409 homo,runus
1868 1372 1903 1404 in

208 1414 306 1445 sentia
317 1418 346 1446 et
357 1419 460 1446 natura
472 1414 731 1455 superessentialis
740 1418 768 1444 et
781 1413 1031 1454 supernaturalts;
1073 1411 1188 1443 duabus
1204 1412 1316 1443 naturis
1330 1413 1479 1453 perfectis,
1497 1418 1527 1446 et
1541 1414 1588 1445 his
1604 1414 1677 1446 citra
1690 1416 1902 1448 confusionem

204 1462 269 1490 tres
305 1463 404 1490 autem
433 1459 616 1500 hypostases,
631 1459 694 1490 sive
726 1457 1033 1502 subsistentiaepalia
1074 1456 1297 1502 permistis,_ac
1326 1457 1392 1488 sine
1422 1458 1568 1489 divisione
1596 1459 1698 1490 ttnitis.
1725 1460 1798 1491 Item
1817 1461 1899 1502 quod

207 1507 296 1544 atque
307 1504 365 1535 alia
375 1505 465 1535 unius
474 1503 605 1541 unitatis,
619 1502 922 1543 etrursumtripartito
929 1501 1033 1532 discri-
1073 1504 1190 1541 sponte,
1206 1510 1239 1532 ac
1250 1500 1499 1532 libenstormenta
1508 1511 1622 1544 passus,
1631 1508 1736 1544 sponte
1751 1504 1787 1535 ab
1798 1500 1901 1536 homi-

206 1548 289 1580 mine
300 1549 402 1580 divisae
413 1548 544 1586 unitatis,
559 1548 800 1580 etdiscriminum
814 1549 962 1578 unitorum
977 1556 983 1578 :
1001 1550 1033 1577 ut
1043 1560 1063 1592 ρ
1076 1545 1150 1575 cidis
1161 1545 1346 1581 interfectus,
1360 1550 1465 1586 sponte
1479 1547 1747 1592 sepultus,Deitate
1762 1549 1826 1589 ejus
1842 1559 1901 1581 ne-

204 1592 271 1634 ip~a
283 1594 427 1625 Divinitas
439 1603 498 1624 non
509 1592 1030 1634 situnum,nequetria,sedetunum,

203 1642 234 1669 et
249 1638 304 1669 tria
318 1638 349 1670 in
365 1638 472 1670 eodem
489 1648 496 1670 :
514 1642 546 1669 ut
575 1648 673 1679 neque
702 1647 795 1670 unum
823 1646 876 1678 per
892 1636 1032 1667 unionem

204 1683 412 1721 confundatur,
434 1692 532 1724 neque
547 1684 603 1714 tria
631 1692 685 1724 per
708 1681 929 1714 distinctionem
946 1690 1033 1721 sepa-

203 1731 320 1759 rentur.
336 1727 436 1759 Deitas
461 1737 589 1769 namque
614 1737 681 1759 cum
711 1727 750 1758 sit
764 1724 1035 1768 superessentialis,

205 1772 293 1803 etiam
311 1776 340 1804 et
350 1772 412 1803 sola
425 1777 470 1803 est
480 1771 677 1803 immutabilis
688 1770 921 1808 etinvariabilis;
933 1774 1037 1811 estque

204 1819 343 1858 tanquam
361 1826 455 1854 mens,
470 1816 616 1847 rationem
633 1820 661 1848 et
675 1817 812 1857 spiritum
831 1815 945 1846 habens
961 1814 1033 1846 dici-

203 1865 311 1902 turque
325 1863 425 1899 Pater,
442 1860 511 1892 Filii
539 1861 626 1892 Pater
652 1861 712 1901 (qui
741 1865 785 1891 est
800 1860 882 1901 quasi
898 1859 984 1899 ratio)
1004 1863 1032 1890 et

204 1905 368 1946 productor
379 1904 505 1946 Spiritus
517 1905 571 1946 (2),
582 1905 831 1946 quemadmodum
839 1905 908 1935 item
917 1904 1033 1944 genitor

201 1950 338 1983 rationis.
352 1949 465 1981 Etcum
478 1949 565 1982 Pater
577 1951 654 1983 Deus
666 1950 847 1986 nominatur,
864 1949 950 1980 simul
963 1959 1030 1980 cum

202 1993 290 2034 Filio,
314 2004 348 2026 ac
370 1993 482 2035 Spiritu
505 1995 691 2035 intelligitur.
709 1994 811 2031 Qando
827 1998 926 2026 autem
941 1993 1033 2025 Filius

202 2039 376 2071 nominatur
402 2039 493 2078 Deus,
523 2040 703 2080 intelligitur
731 2039 840 2071 Filium
872 2048 939 2070 esse
967 2038 1033 2072 Dei.

202 2083 326 2120 Quando
342 2084 462 2115 demum
479 2083 607 2125 Spiritus
622 2088 741 2116 sanctus
756 2083 924 2125 appellatur
937 2082 1033 2122 Deus,

1075 1598 1222 1630 quaquam
1241 1599 1295 1631 per
1309 1595 1434 1622 mortem
1447 1601 1502 1622 nec
1512 1591 1549 1622 ab
1560 1592 1671 1633 anima,
1682 1602 1739 1624 nec
1748 1603 1765 1625 a
1773 1603 1900 1635 corpore

1074 1644 1127 1667 suo
1142 1635 1219 1676 quod
1245 1641 1426 1677 susceperat,
1457 1637 1601 1676 sejuncta.
1632 1638 1747 1670 Deinde
1763 1643 1794 1670 et
1810 1640 1900 1671 tertia

1075 1680 1124 1712 die
1138 1680 1288 1712 redivivus
1303 1680 1339 1712 ab
1354 1681 1458 1712 inferis
1473 1682 1592 1718 exstitit,
1617 1687 1646 1713 et
1661 1687 1727 1724 post
1741 1683 1807 1714 dies
1821 1693 1899 1724 qua-

1078 1725 1228 1765 dragenos
1244 1729 1276 1756 ut
1289 1726 1376 1757 homo
1389 1726 1419 1756 in
1435 1726 1541 1757 coelum
1551 1732 1730 1768 assumptus,
1743 1728 1775 1759 in
1790 1729 1900 1760 throno

1077 1769 1238 1801 divinitatis
1251 1779 1313 1801 suae
1328 1780 1394 1801 cum
1409 1780 1498 1802 carne
1513 1781 1566 1802 sua
1580 1772 1724 1811 considet,
1741 1772 1898 1804 laudibus-

1077 1824 1145 1855 que,
1163 1824 1229 1846 cum
1239 1814 1323 1846 Patre
1340 1824 1405 1856 suo,
1422 1820 1451 1846 et
1461 1820 1561 1847 sancto
1575 1816 1686 1857 Spiritu
1700 1817 1736 1848 ab
1750 1818 1901 1850 universis

1072 1859 1238 1890 caelestium
1252 1859 1407 1891 ordinibus
1426 1860 1604 1893 celebratur.
1616 1861 1652 1892 Et
1667 1862 1730 1893 haec
1741 1862 1817 1893 facta
1831 1872 1901 1895 esse

1073 1904 1268 1942 credendum,
1281 1904 1433 1945 utSpiritu
1444 1909 1557 1942 sancto,
1578 1915 1637 1947 quo
1652 1907 1784 1938 Adamus
1799 1912 1900 1948 proto-

1073 1950 1185 1990 plastus
1200 1949 1409 1990 praevaricator
1437 1959 1541 1981 exutus
1570 1959 1604 1981 ac
1632 1952 1759 1982 nudatus
1786 1952 1896 1991 fuerat,

1074 2002 1128 2034 per
1142 1994 1290 2025 Christum
1307 1994 1418 2034 ipsum,
1435 1995 1484 2035 qui
1512 1994 1543 2025 in
1565 1996 1704 2026 eumdem
1725 1996 1896 2037 crederent,

1075 2037 1281 2074 induerentur,
1295 2042 1324 2069 et
1334 2038 1492 2079 participes
1499 2039 1567 2070 facti
1581 2038 1706 2080 Spiritus
1716 2041 1822 2079 sancti,
1834 2045 1896 2072 tum

1076 2081 1176 2113 divina
1190 2083 1327 2113 mandata
1342 2092 1395 2123 per
1410 2083 1493 2114 illum
1522 2084 1650 2126 operari,
1666 2088 1698 2116 ut
1713 2085 1785 2116 olim
1800 2086 1898 2117 sancti

318 2170 367 2211 Καὶ
392 2169 497 2210 λέγεται
527 2171 618 2210 Πατὴρ
647 2171 707 2211 ἱέἱοῦ
735 2174 781 2198 τοῦ
807 2169 905 2211 Λόγον.»ρ
935 2169 958 2196 ὣ
985 2170 1041 2201 καὶ

1072 2166 1125 2211 sub
1141 2167 1286 2211 Michaele
1300 2167 1483 2211 imperatore
1510 2168 1848 2211 Constantinopolitano,
1867 2174 1897 2202 et

201 2208 347 2249 πρόϐολεὺς
375 2208 435 2239 ’ποῦ’
451 2208 615 2249 meditataac,
652 2210 792 2250 ὥσπερχοη
821 2210 956 2249 γεννήτωρ
984 2213 1029 2237 τοῦ

201 2250 299 2292 Λόγῳ.
316 2250 409 2292 Paulo
432 2255 520 2292 post:
562 2256 631 2280 Οταν
657 2249 684 2278 δὲ
713 2251 873 2288 ὀνομάζηταιι
898 2250 928 2292 et
945 2252 1029 2292 ξῙνεῦ-

202 2301 240 2328 μοι
254 2291 284 2318 τὸ
309 2290 384 2328 ἅγιον
415 2289 478 2323 e’eb;
506 2298 608 2320 νοεῖται
637 2292 673 2322 ὡς
701 2301 731 2319 εκ
757 2294 802 2318 τοῦ
827 2290 930 2329 Ματρὸς
943 2289 1027 2318 ἐκπο-

202 2330 343 2374 ρευέμῖενον
357 2333 417 2374 ,καὶ
455 2337 501 2361 τοῦ
530 2333 589 2374 Υἱρῡ
618 2331 724 2374 [Iw-.63.:
752 2328 889 2370 ὑπάρχονξ
917 2328 1031 2374 Quibus

201 2369 303 2401 verbis
318 2370 412 2415 videri
428 2376 536 2415 posset_
555 2371 655 2402 favere
683 2370 805 2415 Simeon
821 2369 931 2415 Qerrori
947 2370 1029 2415 Grae-

202 2411 375 2452 corum,_tle
404 2410 598 2452 processione
626 2413 720 2452 sancti
749 2410 879 2452 Spiritus
905 2418 939 2440 ex
966 2410 1030 2440 solo

200 2452 300 2492 Patre.
315 2450 374 2482 Sed
387 2450 448 2483 non
464 2457 509 2483 est
529 2461 583 2483 cur
597 2452 663 2492 quis
688 2451 857 2492 Simeonem
869 2451 953 2492 hunc
969 2455 1030 2481 tra-

200 2490 272 2523 hat:
290 2500 358 2522 cum
371 2493 452 2523 enim
467 2492 573 2523 vixerit
587 2490 616 2523 et
644 2492 780 2522 ﬂoruerit
794 2491 848 2522 sub
866 2491 1029 2530 imperato-

200 2531 286 2562 ribus
301 2530 508 2564 Iconomachis
522 2532 623 2564 Leone
651 2531 764 2569 Isauro,
792 2535 822 2562 et
836 2531 1028 2568 Constantino

202 2572 400 2618 Copronymo,
417 2578 448 2604 ut
463 2582 516 2604 suo
532 2573 597 2617 loco
613 2577 764 2618 ostensum
782 2581 790 2617 ξ
807 2581 867 2618 npn
891 2576 934 2602 est
949 2572 1027 2617 quod

201 2612 270 2654 quis
284 2612 444 2654 existimet,
462 2622 530 2644 cum
560 2613 629 2653 ejus
657 2612 808 2654 Opinionis
819 2612 925 2654 fuisse,
942 2612 1028 2651 cujus

200 2652 290 2684 hodie
306 2652 482 2698 suntﬁraeci
500 2664 506 2684 :
525 2652 593 2698 cum
622 2662 657 2698 ea
677 2652 751 2698 'ppst
766 2653 889 2698 multum
905 2652 1024 2698 demum

200 2701 295 2724 annos
310 2694 366 2725 sub
383 2694 490 2738 Photio
515 2693 682 2738 patriarcha
697 2693 1025 2738 Constantinopolitano

201 2737 281 2774 nata,
299 2738 328 2765 et
343 2733 536 2774 pertinaciter
550 2733 673 2765 defundi
688 2738 784 2774 empta
798 2734 846 2765 sit.
862 2733 944 2765 Fecit
956 2733 1024 2773 qui-

201 2773 270 2804 dem
286 2773 356 2811 qlim
374 2774 592 2813 Theodoretus,
609 2783 677 2805 cum
699 2773 796 2805 adhuc
810 2783 827 2805 a
841 2774 1026 2806 Nestoriauis

200 2814 333 2856 partibus
348 2819 451 2853 staret,
482 2816 571 2856 hujus
597 2814 709 2846 erroris
736 2814 897 2856 seminario
912 2813 1025 2856 refuta-

199 2854 283 2901 tione
305 2854 643 2901 Anathematismorum_
659 2854 754 2901 sancti
776 2855 883 2901 ,Ωιι-11ιί
911 2863 976 2901 cap.
993 2854 1023 2893 9,

198 2899 301 2936 aperte
316 2895 463 2936 scribens,
488 2906 506 2928 a
532 2896 596 2928 solo
621 2895 707 2927 Patre
732 2895 875 2936 Spiritum
890 2898 1025 2936 sanctum

198 2944 290 2969 esse:
317 2935 606 2979 attamen'sepultus
630 2936 726 2977 jacuit
752 2935 802 2968 hic
816 2943 914 2975 error,
929 2935 1024 2967 donec

1070 2207 1191 2239 Nicolao
1208 2207 1219 2238 Ι
1235 2207 1374 2248 pontiﬁce
1396 2209 1540 2247 Romano,
1569 2209 1691 2241 Photius
1706 2207 1817 2242 'contra
1832 2210 1895 2242 Ro-

1070 2257 1187 2292 manam
1203 2248 1367 2292 Ecclesium
1383 2248 1506 2292 brachia
1535 2250 1657 2292 tendere
1686 2250 1825 2292 instituit,
1842 2252 1895 2292 qui

1069 2288 1147 2330 inter
1162 2293 1282 2330 caeteras
1295 2289 1389 2330 labes,
1416 2289 1523 2330 quibus
1551 2289 1693 2321 Graeciam
1709 2291 1824 2326 infecit.
1848 2288 1894 2323 vel

1072 2327 1168 2372 potius
1185 2329 1325 2372 perdidit,
1342 2327 1434 2372 hang
1446 2331 1535 2372 etiam
1561 2331 1601 2372 de
1614 2330 1725 2372 Spiritu
1740 2336 1842 2363 sancto
1857 2342 1894 2363 ex

1072 2369 1134 2399 solo
1148 2368 1233 2399 Patre
1248 2368 1394 2401 Orie'ntali
1406 2370 1548 2401 Ecclesia}
1562 2368 1700 2409 affriéuit,
1723 2372 1894 2404 incredibili

1074 2413 1115 2450 tot
1125 2408 1295 2450 animarum,
1306 2415 1413 2450 strage.
1430 2410 1492 2442 Nec
1506 2411 1578 2442 dicit
1593 2411 1713 2443 Simeon
1729 2417 1828 2443 noster
1843 2418 1895 2444 aut

1072 2449 1131 2493 hic,
1144 2449 1269 2493 autalibi
1283 2449 1423 2493 Spiritum
1439 2456 1574 2493 sanctum
1588 2461 1622 2482 ex
1634 2453 1700 2493 solo
1717 2455 1801 2484 Patre
1818 2463 1893 2493 pro-

1072 2489 1179 2534 cedere
1188 2499 1196 2528 ;
1202 2490 1255 2534 sed
1269 2489 1413 2534 exyatre.
1420 2493 1457 2523 Ut
1467 2492 1770 2534 ergoChristusJoan.
1779 2489 1827 2534 xv;
1838 2493 1890 2530 26,

1070 2529 1129 2574 illis
1150 2530 1271 2574 verbis_;_
1292 2530 1367 2574 Cum
1395 2529 1515 2574 venerjt
1526 2532 1718 2571 Paracletus,
1734 2529 1826 2573 quem"
1837 2529 1892 2574 ego

1068 2571 1187 2614 mittam
1203 2571 1318 2614 vobisa
1341 2572 1622 2614 PutreLSpt'ritum
1638 2571 1789 2611 veritatis,
1806 2571 1893 2614 quia

1070 2611 1316 2655 Putre_procedit,
1329 2611 1524 2655 nongexclusit
1534 2612 1721 2655 Filium,7hoc
1735 2618 1791 2655 est,
1808 2611 1892 2655 seip-

1068 2659 1146 2695 sum,
1162 2650 1202 2695 ita
1217 2660 1273 2682 nec
1288 2652 1402 2695 antiqui
1416 2653 1588 2695 scriptores,
1614 2650 1664 2695 qui
1676 2655 1734 2695 hac
1747 2650 1891 2695 loquendi

1068 2663 1146 2688 sum,
1162 2663 1202 2682 ua
1217 2663 1273 2682 nec
1288 2663 1402 2693 anuqm
1416 2663 1588 2694 scriptores,
1614 2663 1664 2725 q‘tln
1680 2663 1734 2685 nac
1747 2663 1890 2695 toquenat

1066 2691 1618 2733 formulautuntur,excluduntFilium.
1655 2694 1890 2727 idecardinalem

1067 2731 1294 2777 Dellarminum,
1304 2731 1434 2777 lib._lll?e
1444 2733 1576 2777 Qhrt’slo,
1586 2735 1751 2775 praesertim
1762 2745 1828 2777 cap.
1836 2737 1889 2768 2'7.

1067 2771 1104 2802 Et
1118 2772 1206 2812 hujus
1233 2773 1430 2805 adnotationis
1457 2771 1601 2806 lectorem
1629 2771 1890 2808 memorem-esse

1067 2816 1194 2863 oportet,
1219 2822 1285 2863 cum
1310 2815 1346 2846 ad
1374 2814 1538 2863 orationem
1557 2815 1711 2862 ‘decimam
1727 2816 1859 2863 quintam
1878 2827 1887 2857 ;

1067 2853 1242 2899 similesque
1263 2853 1345 2886 locos
1369 2855 1407 2887 de
1433 2855 1626 2896 processipne
1651 2853 1748 2889 sancti
1759 2853 1890 2899 Spiritus

1066 2893 1247 2934 pervenerit.
