1983 3072
57 123 127 158 337

807 127 947 161 ORATIO
969 130 1025 161 IV.

1712 129 1771 165 338

61 204 193 251 veniet?
208 207 261 239 Sin
276 208 397 239 modum
412 208 532 251 quidem
556 208 710 249 intelligat,
727 208 806 250 quod
820 207 934 240 venitA
945 208 1058 240 cere-VM.
1071 209 1128 240 Et:
1140 210 1160 239 A
1173 217 1233 249 quo
1241 210 1311 250 quis
1329 209 1425 242 victu:
1444 212 1499 250 est,
1513 210 1603 248 huius
1625 213 1655 241 et
1667 217 1774 243 servus

65 249 140 289 ipse
155 255 254 282 autem
271 253 322 293 qui
352 249 475 293 regnum
506 253 639 290 advocat,
668 249 782 284 idcirco
799 262 905 293 preces

67 296 222 336 concipit,
236 297 264 328 ei
293 298 445 338 subjectus
472 308 530 330 non
558 304 613 339 est,
639 299 707 339 quid
733 298 805 329 lucri
819 308 854 329 ex
869 307 904 328 eo

68 340 156 379 quod
175 341 247 372 dicit
263 351 269 373 :
288 343 439 374 Adveniat
454 353 580 384 regnum
597 343 854 377 tuum.rcferret?
865 342 905 374 ait

69 384 159 414 enim
176 386 319 417 Dominus
334 388 362 418 in
379 388 536 428 Evangelia
555 398 561 418 :
579 388 797 419 Pa’ttitenliam
812 389 903 427 agite,

68 433 336 473 appropinquavit
347 433 427 464 enim
435 441 561 473 regnum
569 433 756 464 calorumtil”.
767 432 829 469 Quo
835 441 904 471 ergo

69 472 128 521 qui
146 475 248 505 omnia
263 485 296 521 ex
312 476 408 521 nihilo
425 472 570 517 producit,
597 477 707 518 quique
722 477 825 518 implet
840 486 906 521 om-

71 519 139 553 nia,
158 522 188 548 et
207 523 252 549 est
269 520 390 561 ubique,
410 525 439 552 et
453 521 529 561 regit
552 522 652 552 omnia
668 523 756 559 Deus,
773 531 843 561 quo,
859 519 908 551 in-

69 569 180 600 quam,
194 562 256 601 ille,
272 568 300 595 et
314 574 437 605 regnum
450 566 515 605 ejus
527 575 605 596 nunc
626 565 788 597 abierunt?
804 564 910 605 Utique

69 605 136 655 nisi
151 608 325 639 recessisset
341 613 369 640 et
398 619 478 641 nunc
507 610 657 648 rediisset,
685 620 744 641 non
760 610 909 655 dixisset;

72 648 231 687 Quoniam
240 654 780 695 appropinquavit.Non}recessittille,
788 648 906 696 sedlipsi

72 703 133 740 nos
142 696 179 726 ah
191 706 225 728 eo
246 697 440 739 abrupimus:
457 700 494 731 ab
516 700 580 740 ipso
601 700 681 731 enim
700 701 812 731 Adamo
828 709 904 730 con-

72 737 140 786 dito
156 741 243 772 nobis
258 737 436 783 conjunctus
462 737 536 776 erat:
561 744 614 781 Qui
632 749 786 786 postquam
801 744 905 776 fraude

70 783 310 825 circumventus,
334 789 449 820 scelere
473 799 505 820 se
529 783 679 829 obligavit,
696 783 820 830 regnum
837 788 903 827 Dei,

946 258 987 284 est
998 254 1039 285 55.
1057 253 1312 289 Quemadmodum
1322 254 1400 285 enim
1412 253 1490 285 ﬁlius
1501 253 1712 285 omnissimilis
1727 257 1774 286 est

948 298 1022 337 patri
1038 298 1128 336 (titius
1142 298 1252 339 quippe
1277 308 1336 330 non
1355 298 1411 330 nisi
1439 308 1474 330 ex
1499 302 1602 331 natura
1618 298 1709 340 patris
1725 298 1772 331 sui

946 342 1084 383 exsistit),
1103 342 1146 373 sic
1161 346 1191 373 et
1219 342 1419 374 Christianum
1452 343 1547 375 Patris
1575 343 1633 380 sui,
1650 342 1769 380 Christi,

946 386 1066 426 inquam
1083 386 1323 425 similitudinem,
1342 397 1395 429 per
1409 388 1531 419 virtutes
1547 387 1685 429 Spiritus,
1712 397 1772 418 non

946 431 1172 462 similitudinem
1188 432 1268 469 mali,
1287 442 1341 473 per
1366 433 1490 464 atl‘ectus
1517 432 1631 473 peCcati
1646 432 1773 463 induere

950 485 1023 515 opus
1039 480 1092 506 est.
1106 475 1204 512 Quare
1216 476 1347 517 tyrannis
1368 477 1448 508 illius
1469 477 1549 515 mali,
1566 477 1772 517 cognoscenda

950 524 1005 559 est,
1024 525 1051 550 et
1066 529 1122 560 qua
1139 520 1252 552 vafritie
1275 531 1308 552 ac
1332 521 1399 552 dolo
1428 531 1492 553 eam
1522 525 1658 552 exerceat
1678 531 1687 560 ;
1715 530 1772 562 qua

951 564 1021 595 item
1039 564 1083 594 via
1093 565 1252 596 evertenda
1266 575 1300 596 ac
1313 565 1494 597 destruenda
1517 566 1566 604 sit,
1583 570 1614 597 ut
1628 565 1707 597 docti
1720 575 1772 597 re—

953 619 1043 649 gnum
1059 609 1176 645 Christi.
1209 611 1330 651 ejusque
1360 615 1502 652 percepta
1526 610 1630 642 notitia
1643 610 1771 651 idipsum

948 654 978 685 in
991 654 1114 686 veritate
1129 655 1270 686 advenire
1284 659 1314 686 et
1329 665 1345 686 a
1359 655 1554 696 cupiditatum
1572 655 1700 695 laqueis,
1713 663 1774 686 ma-

947 699 1026 740 lique
1038 699 1178 731 servitute
1189 701 1334 741 expediri,
1351 700 1555 741 vindicarique
1564 700 1772 732 desiderimus.

947 743 1209 776 Verumenimvero
1226 744 1269 775 illi
1289 746 1430 777 duntaxat
1457 754 1582 785 regnum
1612 744 1667 777 Dei
1681 743 1772 776 adve-

950 787 1002 828 nit,
1020 788 1070 828 qui
1085 788 1181 828 ipsum
1198 794 1400 829 cognoverunt
1416 799 1422 822 :
1441 793 1472 821 et
1486 789 1517 820 in
1533 788 1640 830 quibus
1656 792 1772 829 regnat,

71 829 156 885 quod
170 835 221 882 lest
234 832 367 885 Spiritus
382 837 515 872 sanctus,
542 843 558 864 a
584 834 669 865 nobis
684 829 832 866 seclusum
850 838 903 866 est.
919 842 1000 885 Beos
1016 833 1189 885 angelorum
1203 835 1282 865 cives
1297 834 1406 885 reddit.
1425 835 1500 866 Nam
1517 829 1556 885 ex.
1568 832 1774 885 inobedientia

75 877 188 922 Nequit
206 878 284 910 enim
303 880 382 912 Deus
398 880 493 912 bonus
521 885 550 912 et
573 885 693 913 sanctus
708 891 775 913 cum
791 882 907 922 impro-

74 920 171 953 bitate
187 923 298 954 habere
314 926 537 957 commercium.
570 925 661 957 Porro
690 936 755 957 cum
783 920 843 967 ipsi
855 935 908 967 per

76 975 134 997 nos
146 967 182 997 ad
195 967 361 1000 bonitatem
373 970 492 1009 regredi
506 980 564 1001 non
573 971 738 1002 valeremus
750 971 905 1011 (quemad-

78 1011 202 1042 modum
221 1017 251 1043 et
267 1023 381 1053 pannus
397 1014 487 1056 lacer,
518 1015 579 1046 luto
603 1020 632 1046 et
648 1015 804 1056 putredine
818 1015 908 1048 foeda-

77 1058 140 1100 tus,
157 1065 173 1086 a
188 1062 294 1095 semet,
310 1062 340 1089 et
358 1058 424 1090 sine
451 1068 526 1100 aqua
554 1059 634 1090 ablui
650 1069 709 1090 non
725 1063 842 1100 potest),
858 1060 907 1092 id-

78 1098 163 1130 circo
181 1101 245 1140 ipse
262 1111 382 1133 rursum
398 1098 489 1141 venit,
506 1103 556 1144 qui
571 1113 626 1135 nos
641 1098 908 1145 valet,abluere,ut

79 1152 136 1173 nos
150 1145 277 1189 primum
295 1156 381 1187 aqua.
399 1147 511 1188 Spiritu
527 1152 628 1179 sancto
642 1148 730 1179 mista
746 1157 780 1179 ac
797 1152 907 1189 tempe-

77 1191 144 1218 rata
163 1188 239 1219 lavet
253 1201 261 1220 :
277 1190 386 1222 deinde
411 1192 538 1223 mundus
566 1192 630 1233 ipse
646 1201 738 1233 super
752 1188 909 1225 munda’tos

78 1237 348 1274 regnetzutsuper
363 1245 417 1266 nos
441 1246 581 1276 regnans,
599 1246 653 1277 per
668 1245 722 1268 nos
740 1237 909 1269 voluntates

79 1285 150 1307 suas
165 1277 195 1308 in
211 1288 285 1318 opus
296 1279 434 1311 deducat.
447 1281 597 1312 Nisienim
620 1280 684 1322 ipse
702 1281 861 1321 imperium
875 1281 906 1313 in

82 1329 138 1366 nos
152 1326 264 1358 teneat,
277 1332 294 1353 a
307 1323 393 1354 nobis
405 1325 469 1355 ﬁeri
481 1325 559 1366 quod
571 1325 654 1356 illum
677 1325 814 1363 delectet,
831 1335 907 1357 neu-

83 1364 196 1410 tiquam
227 1371 334 1407 potest.
361 1364 508 1405 Quocirca
545 1370 714 1410 quicunque
739 1377 793 1402 suo
817 1379 909 1410 regno

83 1409 164 1441 Deus
177 1411 257 1451 prius
272 1422 330 1443 non
355 1413 421 1451 fuit,
450 1423 506 1445 nec
532 1409 696 1446 secundum
726 1409 908 1446 intellectum

83 1455 187 1493 sentit,
203 1456 298 1488 Deum
315 1458 344 1488 in
361 1458 425 1498 ipso
454 1459 735 1490 vo!untatem‘suam
752 1468 806 1499 per
821 1459 909 1491 Chri-

951 877 1038 917 primi
1055 877 1184 909 hominis
1199 887 1292 918 genus
1308 879 1469 910 humanum
1500 877 1658 910 maledicto
1673 877 1775 908 devin-

949 926 1026 951 ctum
1043 926 1106 952 cst:
1137 923 1328 954 maledictum
1358 929 1520 954 consecuta
1549 926 1594 954 est
1608 921 1771 963 corruptio,

949 967 1168 1006 corruptionem
1185 967 1301 1008 excepit
1329 968 1470 998 interitio.
1501 967 1620 1004 Contra,
1653 976 1687 997 ex
1703 965 1774 997 obe-

949 1011 1337 1051 dientiasecundihominis,
1350 1011 1459 1043 Christi
1474 1011 1623 1048 videlicet,
1639 1010 1774 1052 pervenit

948 1055 983 1085 ad
997 1065 1049 1086 nos
1062 1056 1240 1094 benedictio,
1250 1066 1285 1087 ex
1306 1055 1720 1095 benedictioneincorruptio,
1737 1063 1773 1086 ex

948 1100 1171 1140 incorruptione
1184 1101 1399 1140 immortalitas,
1417 1112 1452 1133 ex
1469 1101 1691 1133 immortalitate
1700 1100 1771 1138 vita,

949 1150 977 1176 et
993 1150 1022 1176 ut
1038 1146 1119 1183 olim,
1136 1147 1194 1177 vita
1210 1156 1243 1177 ex
1261 1148 1333 1178 Deo.
1351 1146 1406 1179 Ubi
1422 1147 1503 1178 enim
1531 1150 1577 1177 est
1592 1146 1683 1186 Deus,
1701 1145 1772 1177 inde

950 1189 1084 1221 diabolus
1095 1199 1129 1222 ac
1141 1191 1427 1232 daamonesfugiunt.
1445 1191 1487 1222 Ita
1498 1190 1634 1222 liberatio
1650 1199 1667 1221 a
1681 1189 1770 1228 malo,

949 1240 977 1266 et
993 1244 1010 1265 a
1024 1235 1207 1266 daemonibus
1221 1236 1297 1276 ejus,
1314 1236 1540 1277 redemptioque
1560 1234 1664 1275 generi
1678 1234 1774 1266 homi-

947 1289 1019 1310 num
1032 1289 1085 1320 per
1097 1279 1242 1312 Christum
1256 1284 1338 1321 parta
1349 1285 1394 1312 est
1407 1290 1415 1320 ;
1428 1284 1496 1312 ante
1508 1289 1594 1321 quam
1605 1279 1772 1310 libertatem

950 1333 1038 1355 nemo
1049 1334 1081 1355 se
1091 1325 1244 1356 hominem
1255 1325 1416 1357 existimet.
1433 1325 1539 1358 Melius
1555 1324 1635 1356 enim
1651 1327 1725 1362 erat,
1744 1322 1772 1354 ei

950 1369 974 1398 si
992 1372 1077 1400 natus
1093 1379 1153 1399 non
1169 1369 1282 1401 fuisset.

993 1415 1082 1444 Porro
1094 1414 1152 1445 duo
1164 1418 1233 1444 sunt
1244 1415 1272 1445 in
1283 1414 1329 1445 his
1336 1414 1386 1455 qui
1397 1413 1469 1454 quid
1489 1417 1590 1454 petant
1604 1412 1743 1444 nesciunt
1762 1423 1770 1442 :

952 1458 1117 1498 ignorantia
1144 1462 1173 1490 et
1195 1463 1308 1500 stupor.
1339 1459 1374 1490 Et
1400 1459 1539 1498 ignorans
1565 1457 1685 1500 quidem
1702 1456 1771 1498 quid

83 1502 161 1544 slum
178 1501 308 1541 explere,
341 1502 450 1534 frustra
478 1503 663 1544 defatigatur,
693 1498 801 1534 frustra
815 1504 883 1535 vivit
899 1514 906 1536 :
920 1498 1027 1533 Cdicat
1042 1513 1101 1534 non
1117 1503 1197 1534 videt
1211 1512 1217 1535 :
1235 1498 1370 1544 stupidus
1381 1503 1450 1544 quid
1464 1507 1558 1543 roget,
1575 1498 1681 1534 nescit.
1701 1501 1775 1538 Quis

84 1543 256 1588 impostoris
271 1556 394 1586 regnum
420 1548 582 1579 etiamnum
609 1543 728 1588 patitur,
746 1557 800 1579 nec
814 1548 909 1579 anim-
948 1552 1045 1578 autem
1064 1548 1203 1588 princeps
1218 1543 1454 1579 misericordiam
1480 1547 1603 1588 petenti,
1630 1550 1660 1578 et
1675 1550 1774 1578 tamen

83 1587 219 1633 advertit.
248 1590 365 1622 Etenim
393 1592 451 1623 nisi
479 1592 577 1623 anima
604 1587 785 1632 intelligens,
824 1593 909 1633 regni
950 1601 1015 1632 quin
1029 1587 1071 1622 illi
1100 1587 1254 1633 praestatur
1282 1587 1518 1624 misericordiam
1548 1591 1707 1633 ignoranti,
1723 1594 1775 1622 aut

86 1632 153 1674 Dei,
170 1644 228 1674 quo
245 1641 378 1667 contacta
394 1641 448 1675 est,
474 1646 593 1667 sensum
620 1637 850 1668 intellectualem
864 1632 910 1669 ac-
951 1645 1009 1668 non
1025 1632 1202 1677 intelligenti
1218 1637 1296 1678 quod
1311 1637 1399 1678 dicat,
1432 1637 1533 1677 largiri
1547 1632 1632 1675 solet,
1649 1645 1715 1677 quae
1730 1635 1774 1666 la-

87 1679 212 1718 ceperit,
229 1680 332 1711 salutis
358 1681 438 1712 nulla
462 1691 532 1721 spes
560 1681 746 1721 relinquitur.
766 1683 909 1713 Caeterum
951 1681 1008 1712 biis
1024 1686 1136 1712 tantum
1152 1681 1338 1722 simpliciter,
1353 1686 1381 1713 et
1396 1681 1480 1723 quasi
1493 1691 1527 1713 ex
1540 1681 1604 1712 sola
1617 1683 1775 1712 consuetu-

85 1722 200 1754 ratione
212 1728 344 1756 utentem
358 1726 486 1756 animam
502 1735 566 1766 quae
582 1731 733 1767 regnatur,
752 1726 912 1758 divinitatis
953 1725 1034 1762 dine,
1051 1730 1081 1756 ut
1097 1726 1272 1766 ms’gsonans,
1302 1730 1351 1757 aut
1378 1722 1543 1767 cymbalum
1559 1724 1690 1756 tinniens
1705 1733 1775 1765 pro-

86 1769 237 1806 regnantis
253 1769 397 1801 beneficia
413 1776 441 1802 et
456 1771 550 1802 sancti
575 1770 704 1810 Spiritus
718 1771 910 1812 multiplicem
954 1770 1029 1800 mit?
1044 1770 1168 1811 Propter
1178 1771 1368 1810 hoclregnum
1380 1770 1502 1809 diaboli,
1520 1774 1550 1802 et
1565 1774 1695 1811 potestas
1710 1770 1776 1809 ejus

87 1812 273 1845 eﬂicienliam
289 1814 456 1854 intelligere
480 1819 609 1856 oportet,
641 1815 827 1854 charitatem,
845 1825 912 1856 gau-
952 1814 1108 1845 adversum
1124 1815 1306 1846 Christianos
1334 1815 1487 1846 invalescit
1513 1824 1547 1845 ac
1562 1813 1720 1845 stabilitur.
1742 1813 1776 1844 Et

88 1857 183 1898 dium,
209 1868 325 1898 pacem,
355 1860 621 1900 longanimitatem,
653 1864 682 1891 et
711 1867 829 1892 caetera.
855 1859 912 1892 Ubi
952 1859 1022 1889 hinc
1035 1863 1095 1889 tum
1112 1859 1261 1900 monachi,
1274 1864 1334 1890 tum
1346 1859 1502 1890 saeculares
1513 1859 1667 1890 christiani
1684 1867 1773 1889 men-

88 1910 215 1942 namque
230 1903 308 1934 Deus
322 1913 373 1935 rex
390 1909 444 1945 est,
468 1905 510 1935 ibi
537 1904 654 1935 diabolo
682 1914 742 1935 non
758 1904 885 1936 servitur
903 1914 909 1936 :
953 1904 1051 1941 (Iaces,
1070 1903 1218 1944 maledici,
1240 1904 1458 1942 criminatores,
1488 1903 1613 1945 perjuri,
1637 1902 1773 1944 zelotypi,

89 1946 139 1977 sed
154 1956 242 1979 omne
258 1949 458 1980 ministerium
474 1949 510 1980 ad
527 1950 620 1981 Deum
637 1950 800 1980 confertur.
952 1947 1054 1983 invidi,
1078 1949 1204 1988 queruli,
1227 1948 1420 1989 detractores,
1436 1951 1514 1979 avari
1530 1953 1675 1989 raptores,
1692 1947 1775 1987 inju-

131 1990 257 2023 Bursum
274 1993 324 2033 qui
340 1993 431 2024 Deum
448 1995 488 2024 ita
505 1997 682 2034 precantur:
701 1993 811 2024 Libera
826 2002 882 2025 nos
893 2002 912 2025 α
953 1992 990 2022 sti
1003 1993 1170 2032 hypocrita,
1183 1992 1346 2034 fornicarii,
1359 1993 1621 2030 adulteri,lascivi,
1634 1992 1775 2033 improbi,

90 2037 180 2071 malo.
196 2037 253 2068 nisi
270 2039 336 2078 quis
350 2039 387 2069 sit
402 2039 453 2069 ille
468 2039 574 2076 malus,
603 2046 632 2069 et
647 2037 796 2077 quomodo
812 2038 910 2079 possi-
953 2037 1086 2076 superbi,
1109 2037 1253 2079 logirupae
1270 2038 1469 2069 inveniuntur.
1489 2038 1524 2068 Et
1538 2038 1601 2068 haec
1616 2037 1674 2068 dici
1689 2041 1777 2078 atque

93 2080 216 2112 deantur
229 2092 246 2113 a
261 2083 348 2120 malo,
365 2087 397 2115 et
424 2093 490 2124 qua:
517 2084 583 2123 ejus
610 2082 738 2123 vincula,
757 2092 822 2123 quae
843 2082 913 2114 item
956 2090 1020 2111 esse
1036 2081 1193 2113 Christiani
1222 2082 1395 2122 gloriantur,
1428 2082 1555 2123 populus
1569 2082 1685 2122 stultus,
1700 2081 1776 2112 insi-

93 2125 156 2165 ejus
184 2126 214 2174 in
243 2127 417 2174 subjugatos,
443 2132 587 2174 potestas,
622 2127 826 2174 cognoverint,
855 2125 1480 2174 quoniens,inobed_iens,ingratus,sine
1492 2126 1778 2167 affectione,absque

94 2173 175 2210 pacto
190 2171 269 2202 Deus
296 2172 363 2203 iilos
388 2172 554 2204 liberabit?
569 2172 653 2209 Quod
670 2172 695 2202 si
711 2172 772 2202 haec
788 2181 839 2202 eos
854 2170 937 2202 non’
955 2170 1160 2208 foederafosor
1171 2171 1336 2208 hominum,
1349 2180 1401 2202 oso
1409 2171 1545 2209 fratrum,
1564 2181 1633 2202 osor
1647 2175 1776 2212 patrum,

95 2214 195 2256 latent,
216 2226 270 2248 nec
297 2221 394 2248 tamen
423 2227 439 2248 a
465 2217 542 2248 malo
557 2217 673 2248 liberati
689 2221 768 2257 sunt,
786 2216 914 2248 clamare
955 2224 1023 2245 Osor
1039 2215 1212 2251 liberorum,
1229 2225 1298 2246 osor
1311 2215 1487 2254 amicorum,
1500 2217 1561 2248 Deo
1580 2215 1709 2247 odibilis.
1727 2215 1778 2247 Vae

95 2258 223 2292 assidue:
239 2260 297 2292 Sed
309 2261 406 2292 libera
417 2271 470 2292 nos
483 2271 499 2292 a
511 2260 828 2302 malo,quid3prodest?
852 2263 912 2291 Μει-
956 2259 1063 2290 talibus
1078 2269 1145 2290 cum
1164 2260 1205 2291 Do
1221 2260 1324 2291 laudes
1353 2260 1514 2291 concinunt
1532 2271 1540 2299 ;
1570 2270 1612 2292 va;
1625 2270 1691 2292 cum
1707 2261 1778 2291 dant

96 2302 138 2334 lus
153 2304 233 2334 enirn
261 2309 315 2342 est,
341 2306 390 2346 qui
420 2306 450 2336 in
481 2311 613 2336 naturam
644 2305 803 2336 humanam
819 2305 914 2345 legem
956 2305 1178 2344 elcemosynas;
1196 2315 1236 2337 vae
1249 2315 1314 2336 cum
1327 2305 1404 2336 dona
1414 2305 1476 2336 Deo
1486 2306 1613 2337 oﬂ'erunt
1630 2317 1636 2337 :
1653 2315 1694 2336 vae
1709 2315 1776 2336 cum

97 2349 205 2387 peccati
216 2348 362 2390 implicuit
373 2350 526 2381 diabolus:
543 2359 631 2390 quem
642 2350 772 2390 quandiu
787 2350 913 2380 actioni-
956 2349 1048 2379 Deum
1066 2349 1189 2380 adorant
1206 2359 1213 2387 ;
1237 2359 1281 2381 vae
1297 2350 1367 2380 dum
1383 2359 1489 2391 preces
1503 2351 1538 2381 ad
1554 2360 1621 2381 eum
1637 2351 1774 2382 fundunt.

97 2391 179 2422 nibus
195 2402 260 2424 cum
286 2394 475 2435 improbitate
502 2394 669 2434 conjunctis
695 2394 831 2434 colimus,
855 2403 912 2424 non
958 2394 1074 2425 Etenim
1086 2395 1309 2434 viwimpiorum
1322 2394 1537 2426 abominabiles
1548 2404 1652 2427 earmn
1665 2395 1775 2437 D6056,

98 2441 139 2468 est
153 2447 220 2477 pars
234 2443 335 2470 nostro
359 2439 410 2471 ille
437 2439 544 2477 bonus,
575 2448 630 2470 nec
658 2438 711 2469 Dei
728 2447 818 2477 regno
834 2438 914 2477 digni
957 2443 985 2469 et
999 2438 1126 2478 precatio
1137 2439 1273 2470 iracundi
1287 2448 1321 2470 ac
1332 2439 1478 2477 malevoli,
1491 2439 1564 2471 odor
1579 2439 1772 2472 deterrimus:

99 2490 208 2519 sumus,
224 2488 255 2514 ut
268 2483 317 2524 qui
332 2484 429 2525 ipsum
454 2483 525 2515 falso
554 2483 648 2514 Deum
673 2482 848 2523 Patremque
864 2492 915 2514 no-
957 2484 1145 2523 elcemosyna
1160 2483 1282 2524 superbi
1298 2484 1499 2515 holocaustum
1520 2485 1614 2522 canis,
1639 2490 1668 2516 et
1682 2486 1777 2516 bene-

100 2526 252 2565 minemus,
269 2538 336 2559 cum
352 2528 502 2559 diabolum
519 2528 695 2568 principem,
708 2532 736 2559 et
749 2532 872 2568 patrem,
887 2531 916 2558 et
957 2528 1076 2559 ﬁcentia
1090 2528 1254 2566 libidinnsi,
1273 2538 1389 2560 merces
1404 2529 1590 2562 meretricis:
1615 2530 1695 2561 avari
1709 2540 1777 2561 mu-

99 2571 261 2609 dominum,
276 2582 311 2604 ac
326 2574 413 2605 deum
428 2573 599 2609 habeamus,
618 2574 703 2612 cujus
718 2577 746 2603 et
761 2573 915 2603 characte-
958 2583 984 2603 n:
1000 2583 1024 2608 s,
1041 2574 1220 2604 sacriﬁcium
1245 2574 1443 2611 immundum,
1469 2579 1498 2606 et
1527 2574 1646 2615 sanguis
1661 2575 1777 2606 suillus.

100 2617 200 2648 remin
212 2617 298 2648 nobis
306 2628 359 2658 per
367 2627 458 2658 opera
477 2617 541 2648 vitae
560 2617 821 2658 nostr$;ferimus,
838 2617 915 2650 sicut
956 2617 1010 2649 Sed
1025 2618 1104 2648 enim
1123 2618 1294 2658 iterrogabit
1309 2618 1456 2659 quispiam
1478 2620 1615 2657 fortasse,
1638 2619 1709 2661 quid
1724 2619 1779 2659 igi-

99 2661 202 2693 Judazis
217 2662 325 2694 alicubi
354 2663 456 2703 objicit
481 2661 624 2693 Dominus
641 2672 647 2692 :
682 2661 738 2693 Vos
762 2670 799 2692 ea:
824 2664 914 2701 patre
955 2663 1057 2693 turisti
1070 2663 1201 2694 faciant?
1214 2663 1344 2705 Quisque
1355 2673 1470 2702 eorum,
1484 2665 1563 2706 quod
1579 2664 1662 2696 illum
1679 2666 1778 2697 decet.

98 2706 210 2738 diabolo
224 2709 305 2746 estis,
321 2711 349 2739 et
361 2707 511 2740 desideria
524 2708 622 2747 patris
636 2706 744 2738 vestris
758 2706 848 2738 vultis
861 2707 913 2746 fa-
955 2707 1011 2743 Qui
1025 2707 1230 2748 indignitatem
1255 2717 1338 2740 suam
1367 2709 1565 2751 perspexerit,
1589 2719 1657 2741 cum
1675 2718 1778 2742 sacer-

133 2793 164 2820 ξῦ
177 2794 258 2826 Matt.
272 2801 316 2834 III,
330 2797 361 2826 2.
401 2793 435 2820 tu
446 2791 534 2825 Joan.
549 2800 613 2832 VIII,
627 2791 679 2824 44.
719 2791 752 2818 55
765 2790 792 2824 ΙΙ
806 2791 885 2824 Petr.
901 2799 916 2824 ιι

509 2802 534 2824 [ι.
549 2800 613 2832 VIII,
627 2791 679 2824 44.
719 2791 752 2818 55
765 2790 792 2824 ΙΙ
806 2791 885 2824 Petr.
901 2799 935 2834 It,
953 2792 1002 2826 19.
1043 2792 1078 2819 93
1092 2791 1178 2825 Prov.
1194 2801 1245 2834 xv,
1259 2793 1292 2826 8.
