1983 3072
66 166 74 193 ›
741 160 884 193 ORATIO
906 161 962 192 III.

1646 151 1706 187 330

72 231 357 263 nimadversionibus
367 234 489 271 peccata
502 229 632 260 admissa
646 236 839 269 compensare
848 229 872 260 A
882 227 1003 268 quidam
1015 229 1065 258 aut
1081 224 1211 271 ministri
1229 222 1433 271 ecclesiastici,
1450 226 1503 271 aut
1517 221 1704 271 sacerdotes,

37 279 48 297 λι
68 280 117 313 iet,
135 279 164 308 et
179 277 323 316 lacrymas
347 275 383 305 ad
401 274 539 315 baptismi
552 273 662 305 fontem
680 282 840 313 exaequan-

36 332 39 341 ι
71 330 86 349 n
103 321 237 358 fundere,
254 330 288 351 ac
303 320 396 350 Deum
426 328 512 349 orare
533 322 685 359 praeterea,
702 321 734 348 ut
748 325 841 357 usque

45 385 49 404 ι
80 365 155 396 ⁵(1οιῐι
168 365 328 396 curationis
335 369 448 395 aetatem
458 364 567 403 degere
580 363 636 394 sibi
650 361 839 399 concedatur,

46 405 55 452 I‘
93 414 141 441 “ite
154 410 335 441 sanationem
364 409 504 448 abreptus
534 412 563 438 et
579 407 734 438 damnatus
748 406 778 436 in
794 415 842 445 ge-

103 464 127 494 1,
145 464 196 494 pro
213 464 248 485 eo
278 463 312 484 ac
342 453 459 490 meruit,
492 456 647 483 torreatur.
673 451 745 487 Quis
761 450 840 481 enim

113 492 175 535 ibit,
191 499 290 529 tandiu
316 508 383 528 cum
399 502 529 535 curetur,
547 497 609 527 fore
623 495 812 536 superstitem
827 495 842 525 ἱ)

65 541 73 582 ᾗ
125 544 239 574 vincula
250 553 323 584 opus
347 547 425 580 sunt,
444 543 490 573 hic
507 540 839 577 excommunicationes,

66 604 85 628 -_7
110 593 222 619 Jturnae
233 587 469 628 lacrymationes,
483 587 531 617 hic
545 585 785 625 genuﬁexiones,
796 593 842 615 ra-

61 621 86 638 ”
114 643 135 670 δ,
154 638 182 664 et
197 633 242 663 vix
264 621 370 672 aliquis
400 621 469 662 cum
498 621 636 661 ﬁdelibus
652 638 840 669 congressus.

116 687 131 708 e
156 676 432 718 quidemjudicium
453 676 530 706 haud
549 675 691 715 injustum
708 681 768 705 est.
784 674 843 705 Cur

107 721 157 762 qui
172 722 303 752 divinum
319 720 491 761 mysterium
508 719 658 759 cognovit,
676 723 704 749 et
714 718 840 758 accepit,

47 763 61 813 ζ
101 767 164 797 .avit
179 766 191 798 ?
209 767 333 808 LapSum
366 766 444 796 hunc
474 765 579 796 Adami
595 765 678 803 lapsu
694 764 841 794 minorem

44 807 61 849 ί
97 821 112 842 e
125 821 182 842 non
195 807 307 853 potest.‘
315 810 368 842 Ille
381 810 503 846 etenim,
528 809 552 840 si
573 810 666 841 Deum
681 818 748 839 esse
764 807 794 838 in
810 816 841 838 se

71 860 158 896 isset,
177 855 213 886 de
227 856 322 886 fructu
337 853 585 895 praevaricationis
608 862 666 883 non
683 855 838 892 gustasset.

59 910 233 941 quanquam
251 901 382 940 seipsum
399 909 457 930 non
473 903 557 929 norat
585 897 678 938 prius,
696 907 763 928 cum
779 898 839 928 Deo

13 942 20 947 ’
45 949 191 982 ivarctur,
209 949 307 975 tamen
323 948 426 984 postea
453 944 483 974 in
506 943 610 974 habitu
625 942 770 982 cognovit.
787 942 841 972 Ast

42 993 133 1030 c'per
147 993 281 1020 sanctum
299 989 445 1029 baptisma
460 987 607 1020 Christum
620 997 637 1018 a
648 997 680 1017 se
691 986 840 1026 cognitum

30 1035 112 1065 udus
127 1034 275 1070 induerat,
308 1038 339 1064 ut
367 1033 509 1073 scriptum
540 1035 584 1062 est
611 1031 648 1062 ab
673 1031 837 1071 Apostolo:

1 1071 4 1121 ξ
21 1080 200 1117 )uicunque
210 1079 242 1109 in.
251 1077 371 1108 Christo
379 1071 524 1117 baptismi
535 1076 617 1113 estis,
628 1075 782 1107 Christum
788 1074 839 1105 in-

2 1122 4 1159 ἕ
23 1123 166 1154 uis/i594.
176 1122 280 1154 Omnis
291 1122 371 1152 enim
390 1121 496 1152 mentis
512 1126 542 1152 et
557 1120 674 1151 consilii
691 1119 839 1160 particeps

3 1179 4 1182 π
19 1167 123 1206 pima,
138 1176 174 1197 ex
192 1167 257 1207 ipso
274 1166 420 1206 baptismo
435 1165 543 1197 Christi
558 1165 681 1205 gratiam
698 1164 840 1204 consequi

3 1212 192 1250 «iitelligitur
206 1220 212 1242 :
227 1212 323 1242 statim
336 1211 446 1251 quippe
457 1210 634 1248 Christusjn
644 1209 838 1240 eaformatur.

12 1258 108 1286 "orro
125 1257 161 1287 ab
178 1256 340 1286 infantibus
368 1255 532 1295 baptizatis,
551 1254 691 1294 baptismi
707 1253 839 1284 sanctiﬁ—

3 1297 92 1331 1*atio
106 1305 226 1341 propter
236 1299 431 1340 ignorantiam
451 1309 510 1330 non
524 1299 671 1336 sentitur;
689 1302 732 1328 est
747 1297 839 1338 siqui-

2 1346 82 1376 :lem
100 1345 310 1376 intellectualis
326 1344 517 1376 sensus.Jam
527 1353 595 1374 vero
611 1343 750 1383 paulatim
767 1347 839 1373 tem—

5 1399 90 1430 pore
109 1390 300 1430 procedente,
324 1390 355 1419 ﬁt
371 1389 458 1419 etiam
482 1388 660 1419 immutatio.
678 1389 715 1418 Et
728 1387 757 1417 in
774 1387 839 1417 aliis

2 1434 137 1474 quidem
150 1443 270 1474 prorsus
280 1433 493 1471 exstinguitur:
510 1432 539 1462 in
555 1431 748 1471 aliisquidam
762 1431 840 1470 igni-

2 1479 70 1510 culi
83 1482 220 1515 manent,
233 1479 397 1518 iterumque
409 1487 463 1517 per
476 1477 578 1517 ﬁdem,
590 1475 804 1506 institutionem
813 1478 841 1506 et

31 883 35 901 l

882 267 931 303 aut
946 271 1088 313 episcopi,
1101 275 1131 301 et
1145 269 1312 301 animarum
1331 268 1462 313 magistri
1477 268 1547 305 sint,
1565 271 1594 298 et
1608 267 1706 298 veniat

882 311 1001 357 fexirav
1016 316 1208 355 Deiﬁsuper
1224 323 1288 354 nos,
1308 313 1334 344 si
1353 322 1413 344 non
1427 312 1465 343 sit
1487 312 1536 353 qui
1550 311 1706 353 imperitos

882 362 1015 392 instituat
1030 365 1059 392 et
1073 359 1200 394 erudiat.
1217 357 1471 398 divinissimaque,
1499 361 1529 388 et
1543 357 1707 388 humanum

883 411 999 447 captum
1009 404 1161 446 superanti
1174 403 1290 436 ﬁctione
1301 403 1436 442 reﬁngat.
1453 401 1535 432 Hanc
1551 401 1630 432 enim
1640 401 1706 433 cui-

883 446 968 491 quam
990 451 1035 481 fas
1059 450 1115 481 nisi
1132 449 1215 489 prius
1230 453 1343 479 naturae
1355 447 1462 478 divinae
1477 446 1618 484 consorti,
1635 446 1706 488 Spi-

882 495 956 526 ritus
971 495 1065 526 sancti
1080 494 1262 531 cathedram,
1278 496 1311 523 ut
1325 492 1366 523 ita
1380 491 1489 532 dicam,
1507 491 1706 532 magistralem

883 540 1085 570 conscendere
1100 550 1106 568 :
1125 537 1235 579 alioqui
1249 537 1303 568 Dei
1317 536 1458 567 adversus
1473 545 1505 567 se
1520 537 1595 567 iram
1610 536 1709 568 conci-

884 584 965 615 tabit.
978 584 1038 616 Hac
1047 593 1156 624 nempe
1163 583 1200 614 de
1211 590 1300 614 causa
1311 581 1395 612 multi
1406 581 1436 612 in
1445 580 1536 613 verbo
1546 581 1706 622 sapientes,

882 629 935 660 alii
951 630 1071 660 haeresis
1095 632 1230 660 auctores
1257 637 1292 658 ac
1320 626 1412 657 duces
1438 626 1639 666 exstiterunt;
1657 625 1710 657 alii

884 673 1090 705 haereticorum
1117 671 1308 704 sermonibus
1335 670 1414 711 capti
1450 674 1530 702 sunt.
1561 671 1707 702 Caeterum

884 718 1022 759 quoniam
1051 716 1300 759 quemadmodum
1339 725 1356 746 a
1391 714 1491 746 divino
1518 714 1706 756 baptismate,

882 763 962 794 velut
976 763 1007 793 in
1022 761 1176 804 principiis
1199 759 1350 792 informati
1376 763 1487 798 essent,
1510 769 1570 790 non
1585 760 1706 792 intelle-

882 812 999 843 xerunt,
1016 807 1145 847 ingressi
1161 805 1243 847 prius
1259 814 1313 846 per
1339 804 1542 846 paenitentiam
1558 808 1588 835 et
1601 805 1707 846 cogni-

883 852 1004 891 tionem,
1012 857 1044 883 ut
1056 861 1145 893 supra
1151 851 1289 889 diximus,
1301 849 1508 882 intercedente
1516 849 1707 891 impositione

883 907 1022 928 manuum
1036 906 1089 938 per
1104 896 1232 927 arbitros
1260 899 1289 926 et
1317 904 1487 926 oeconomos
1501 895 1601 934 magni
1617 895 1706 936 hujus

882 942 1025 982 mysterii,
1041 945 1070 972 et
1085 950 1177 972 sacrae
1188 939 1320 972 scientiae
1331 939 1455 980 peritos,
1465 939 1706 972 informationem

881 987 918 1017 ab
934 987 1031 1024 initio,
1045 986 1235 1027 speciemque
1251 994 1285 1016 ac
1309 984 1432 1015 formam
1450 984 1660 1025 spiritualium,
1678 990 1708 1017 et

882 1032 1075 1070 mysticorum
1090 1030 1243 1062 habituum
1270 1038 1390 1060 suorum
1416 1037 1660 1070 consequantur;
1676 1034 1709 1062 ut

882 1076 1061 1114 conﬁrmati,
1076 1081 1109 1107 ut
1117 1085 1203 1106 Vinea
1212 1074 1267 1106 Dei
1279 1073 1425 1111 laborent,
1434 1083 1471 1105 ne
1478 1074 1552 1105 ﬁdes
1559 1075 1706 1115 ipsorum,

882 1126 911 1152 et
934 1121 1121 1153 confessione
1148 1121 1233 1151 irrita
1247 1119 1294 1158 sit,
1311 1123 1340 1150 et
1354 1118 1489 1150 Christus
1504 1119 1707 1161 nequidquam

882 1167 1012 1198 creditus
1027 1170 1056 1198 et
1071 1165 1221 1202 adoratus,
1238 1164 1313 1195 nihil
1341 1164 1386 1195 eis
1414 1164 1519 1204 prosit.
1535 1164 1598 1196 Nec
1613 1165 1705 1204 enim,

881 1215 913 1242 ut
924 1211 1068 1252 quispiam
1081 1211 1206 1242 fortasse
1217 1209 1335 1247 dixerit,
1348 1209 1427 1240 Deus
1436 1209 1526 1240 homo
1547 1214 1632 1241 natus
1649 1214 1705 1250 est,

882 1260 913 1287 ut
929 1256 969 1287 ita
984 1255 1161 1296 simpliciter
1175 1256 1254 1286 Deus
1283 1255 1372 1285 homo
1398 1254 1584 1293 crederetur,
1602 1255 1708 1296 illique

882 1301 1013 1332 adoratio
1029 1299 1219 1330 adhiberetur
1235 1309 1242 1329 :
1274 1308 1375 1329 verum
1405 1303 1436 1329 ut
1460 1308 1514 1330 nos
1529 1299 1636 1331 disinae
1651 1310 1707 1332 na-

882 1350 955 1376 tura}
967 1349 1119 1376 consortes
1128 1343 1432 1384 ﬁeremus,sicutipse
1444 1347 1558 1375 natura;
1568 1344 1708 1377 humana:

880 1394 1048 1422 consortem
1064 1398 1096 1420 se
1111 1388 1240 1427 fecisset,
1257 1393 1529 1429 cognoscerentque
1540 1389 1640 1430 adepti
1650 1390 1707 1421 hoc

881 1434 1064 1466 consortium
1077 1433 1211 1474 mysterii
1239 1432 1309 1470 vim,
1341 1436 1371 1463 et
1398 1433 1506 1473 gratias
1521 1437 1654 1473 agerent.
1671 1435 1708 1466 Et

881 1483 1023 1520 quotquot
1038 1479 1127 1518 hujus
1143 1477 1457 1517 consortiignarisunt,
1471 1487 1506 1508 ac
1516 1477 1554 1508 de
1565 1487 1600 1509 eo
1612 1477 1707 1518 probe

4 1533 97 1563 spem
119 1533 224 1562 magna
238 1523 301 1553 hcce
317 1522 522 1553 misericordia
545 1521 729 1552 accenditur.
747 1520 779 1550 In
795 1520 840 1550 his
851 1524 1025 1564 cjudicant,
1042 1523 1072 1554 hi
1088 1526 1156 1553 sunt
1183 1522 1272 1554 amici
1296 1522 1419 1563 Christi,
1436 1523 1483 1553 his
1498 1523 1643 1554 creditum
1662 1527 1707 1555 est

6 1578 146 1607 namque
164 1568 215 1608 qui
237 1571 429 1608 speraverunt
452 1572 480 1597 et
507 1566 711 1603 crediderunt,
729 1565 840 1596 sensim

6 1613 114 1651 ignem
127 1613 210 1643 illum
223 1613 392 1649 exsuscitat,
406 1610 841 1651 eorumqueintelligentiaema-

9 1657 274 1690 nifestat.Deinde
295 1667 360 1687 cum
377 1656 482 1696 gaudio
499 1655 651 1686 titionibus
667 1654 840 1685 humilitatis

9 1712 36 1732 ac
55 1701 271 1732 misericordia
299 1701 453 1741 subjectis,
486 1701 603 1731 ﬂamma
626 1699 743 1735 emicat,
762 1698 839 1729 vici-

1 1726 129 1792 inosque
145 1747 288 1777 illustrat:
307 1726 397 1783 illids,
414 1726 483 1786 qdia
497 1755 556 1776 non
568 1754 602 1775 ex
623 1743 720 1781 nobis,
738 1743 789 1774 sed
804 1753 838 1774 ex

11 1792 64 1822 Deo
83 1797 135 1823 est
151 1791 354 1822 misericordia
370 1802 377 1826 ;
405 1791 502 1830 hujus,
519 1790 587 1830 quia
603 1788 838 1819 misericordiam

13 1841 220 1873 consecutum,
235 1836 321 1875 plane
334 1835 558 1866 misericordem
568 1843 633 1864 esse
648 1834 745 1864 decet.
756 1832 839 1869 Quod

13 1881 28 1910 si
38 1882 90 1921 qui
111 1882 186 1912 itam
199 1881 291 1911 altero
303 1880 447 1920 baptismo
460 1887 513 1920 per
526 1878 690 1918 angelicum
708 1877 839 1908 habitum

3 1922 148 1966 locceplo,
167 1926 237 1966 quid
253 1925 434 1965 acciperent,
451 1934 510 1954 non
530 1923 745 1960 intellexsrunt,
762 1922 839 1953 divi-

1 1961 120 2007 Iuam-et
133 1961 372 2009 oninipotent'um
385 1969 478 2000 sancti
490 1968 615 2009 Spiritus
630 1968 766 1998 virtutem
780 1976 840 1997 non

1 2014 205 2054 (participant,
223 2015 316 2054 gratia
333 2023 367 2045 ea
396 2013 533 2044 similiter
559 2013 704 2050 avolante,
730 2015 841 2052 utqure

1 2055 2 2064 ¹
18 2070 54 2099 ger
71 2069 166 2101 aqua:
181 2059 359 2100 baptismum
376 2060 480 2094 collata
506 2064 567 2089 est:
595 2062 624 2088 et
640 2061 762 2097 propter
777 2061 840 2086 stu-

19 2100 110 2143 porem
131 2104 231 2134 adhuc
247 2104 282 2134 ad
301 2100 410 2134 malum
427 2103 513 2144 proni
534 2106 646 2133 suntut
662 2101 763 2142 prius;
781 2100 842 2131 ina.

20 2151 48 2180 Itis
64 2154 112 2181 est
130 2158 237 2179 eorum
254 2148 339 2185 ﬁdes,
356 2156 524 2188 vanumque
546 2147 709 2178 secundum
725 2154 843 2186 quoque

0 2199 1 2203 ‘
20 2193 172 2233 baptisma,
191 2202 257 2224 cum
274 2202 378 2223 sensus
408 2191 590 2232 expertibus,
609 2195 638 2222 et
653 2192 777 2221 mortuis
793 2191 842 2220 in—

22 2243 153 2270 dumenta
166 2247 249 2268 sacra
268 2237 327 2268 sint
342 2237 492 2277 imposita.
510 2235 574 2267 Una
589 2240 632 2267 est
648 2235 726 2266 enim
739 2235 841 2265 salutis

22 2284 122 2322 notitia,
145 2282 217 2322 quia
232 2286 261 2313 et
285 2282 390 2313 veritas
419 2291 510 2312 unum
537 2284 591 2317 est,
623 2280 715 2311 menti
732 2279 838 2310 intelli-

0 2366 1 2369 η
22 2329 95 2368 genti,
118 2332 152 2359 et
169 2326 345 2366 intelligenti
362 2327 468 2356 animos
484 2325 602 2356 donatae
619 2333 671 2365 per
687 2324 774 2354 ﬁdem
793 2333 840 2369 su-

22 2382 106 2409 pernae
138 2372 245 2412 gratia:
270 2371 449 2401 sanctissimi
476 2370 602 2410 Spiritus
631 2368 839 2399 intellectualis

21 2418 149 2457 mgnitio.
179 2416 342 2455 Dignantur
358 2416 437 2446 enim
455 2415 503 2445 tali
520 2414 621 2454 gratia,
639 2413 689 2453 qui
704 2413 734 2443 in
751 2413 838 2445 Chri-

22 2466 96 2500 stum,
110 2470 186 2493 cum
197 2461 426 2501 baptizarentur,
444 2459 646 2498 crediderunt,
668 2457 839 2497 aliiquidem

1 2516 3 2544 ι
21 2512 40 2535 ut
53 2512 79 2537 et
95 2507 189 2547 signa
207 2505 330 2543 faciant;
359 2503 478 2544 plurimi
492 2507 523 2534 ut
548 2503 583 2533 ad
600 2502 709 2533 malum
737 2502 841 2532 immo-

0 2546 2 2584 ἶ
21 2550 90 2590 ἱιίιρς,
111 2546 151 2582 ad
170 2550 280 2581 bonum
298 2554 401 2580 contra
423 2547 577 2589 perfaciles
594 2549 792 2588 perseverent,
811 2551 842 2577 et

20 2596 150 2636 quidquid
172 2595 232 2625 Deo
249 2595 356 2635 placet,
376 2594 404 2624 id
420 2594 451 2624 in
479 2592 537 2623 vita
560 2592 686 2632 impigre
702 2595 730 2622 et
746 2591 841 2636 exsul-

1 2671 2 2688 γ
20 2635 129 2688 lahuddi
147 2643 376 2688 consectentur.
391 2638 446 2670 Hic
464 2646 568 2668 eorum
583 2637 656 2668 ordo
675 2639 730 2674 est,
745 2636 792 2676 qui
809 2635 840 2665 in

21 2682 158 2716 libristum
179 2683 384 2715 crediderunt.

1 2750 2 2757 η
53 2728 108 2761 Sed
118 2729 296 2768 videndum,
307 2738 345 2760 ne
355 2727 472 2769 quando
488 2729 595 2768 prater
610 2734 690 2757 nunc
703 2724 841 2756 ordinem

883 1570 938 1600 hoc
957 1568 1140 1609 mysterium,
1157 1571 1187 1598 et
1202 1567 1233 1598 hi
1257 1567 1345 1598 vitam
1370 1567 1480 1599 Christi
1495 1568 1705 1602 imitabuntur.

882 1613 937 1650 Qui
953 1618 1050 1644 autem
1067 1613 1132 1652 ejus
1149 1616 1262 1643 natura:
1290 1612 1460 1653 participes,
1477 1612 1539 1644 sive
1554 1617 1707 1645 consortes

882 1657 952 1689 faeti
968 1661 1055 1695 sunt;
1071 1661 1120 1687 aut
1135 1665 1203 1687 cum
1220 1656 1287 1687 facti
1304 1661 1414 1695 essent,
1430 1666 1494 1688 rem
1520 1657 1704 1698 ignorarunt,

882 1703 901 1734 ii
910 1702 1081 1742 hostesejus
1089 1705 1171 1732 sunt:
1185 1711 1192 1731 :
1207 1706 1364 1742 propterea
1375 1702 1453 1742 quod
1466 1703 1563 1734 omnis
1572 1702 1622 1744 qui
1637 1712 1705 1734 cum

882 1752 985 1778 natura
995 1747 1094 1777 divina
1114 1745 1189 1776 nihil
1211 1755 1370 1778 commune
1388 1746 1487 1784 habet,
1505 1747 1632 1778 carnalis
1649 1751 1704 1785 est,

881 1797 910 1824 et
919 1792 980 1823 Deo
991 1792 1106 1831 placere
1119 1800 1178 1821 non
1188 1794 1283 1831 potest
1295 1800 1302 1822 ε
1322 1791 1499 1823 Prudentia
1509 1795 1591 1823 enim
1602 1793 1708 1824 carnis

881 1837 1007 1868 inimica
1021 1839 1063 1867 est
1074 1835 1135 1867 Deo
1146 1835 1187 1872 ‘26,
1201 1840 1229 1866 ει
1240 1844 1323 1874 caro,
1337 1839 1368 1867 et
1377 1838 1501 1876 sanguis
1511 1845 1637 1877 regnum
1650 1836 1710 1868 Det

881 1891 941 1913 non
946 1880 1152 1921 possidebunt.
1167 1880 1235 1911 Non
1250 1882 1331 1912 enim
1340 1882 1494 1922 corruptio
1504 1881 1709 1922 incorruptio-

881 1935 949 1958 nem
959 1925 1219 1966 possidebit’7;sed
1226 1925 1491 1967 audietaliquando
1502 1937 1508 1956 :
1518 1926 1621 1958 Etiam
1629 1926 1710 1967 quod

882 1971 1001 2002 videtur
1010 1970 1130 2008 habere,
1144 1971 1347 2010 aufereturab
1354 1979 1399 2002 eo.
1419 1972 1642 2003 Habenttentm
1649 1972 1709 2004 da—

883 2015 975 2053 bitur,
984 2019 1010 2046 et
1019 2014 1235 2052 abundabit”,
1249 2019 1369 2055 propter
1383 2015 1506 2055 gratiam
1518 2016 1709 2058 immensam,

883 2060 1097 2097 inexhaustam,
1116 2059 1418 2099 superabundantem,
1437 2064 1465 2091 et
1490 2070 1555 2100 quae
1571 2061 1707 2092 imminui

884 2108 972 2144 atque
987 2103 1122 2134 consumi
1137 2113 1196 2134 non
1213 2107 1318 2143 potest.
1347 2104 1422 2135 Nam
1438 2114 1582 2144 ponamus
1599 2114 1706 2145 quem-

885 2149 963 2189 piam
975 2148 1056 2178 mille
1074 2157 1169 2178 annos
1186 2148 1295 2186 vivere,
1312 2158 1346 2179 ac
1362 2158 1415 2189 per
1427 2148 1548 2180 totidem
1565 2159 1660 2180 annos
1677 2149 1709 2181 in

883 2194 948 2224 dies
958 2193 1090 2232 singulos
1100 2192 1198 2224 divina
1208 2193 1300 2233 gratia
1320 2193 1470 2234 perfundi,
1489 2202 1557 2224 eum
1573 2203 1645 2225 sane
1660 2194 1711 2225 illa

883 2248 972 2279 supra
987 2238 1138 2270 Christum
1157 2238 1374 2278 quodammodo
1395 2237 1513 2276 locabit,
1531 2248 1596 2269 cum
1612 2242 1709 2271 totum

882 2283 1004 2323 impleat
1014 2282 1172 2323 (siquidem
1184 2282 1248 2323 ipse
1263 2287 1348 2314 aztate
1361 2287 1389 2314 et
1401 2283 1494 2323 gratia
1509 2283 1708 2325 proﬁciebat),

881 2328 946 2368 ipsa
971 2332 1069 2358 tamen
1100 2327 1190 2365 salva,
1222 2327 1356 2369 nihilque
1384 2328 1541 2359 imminuta
1565 2328 1709 2370 manebit,

881 2371 1020 2403 Verumta
1026 2381 1094 2402 men
1102 2381 1160 2402 non
1167 2376 1211 2402 est
1218 2381 1340 2412 prorsus
1349 2372 1550 2403 necessarium
1556 2397 1563 2410 ,
1569 2372 1711 2412 paulatim

882 2426 946 2448 eam
958 2417 1116 2457 inundare,
1130 2421 1181 2447 aut
1194 2417 1299 2455 minui,
1317 2421 1347 2448 et
1365 2417 1504 2458 paulatim
1521 2417 1710 2448 deﬁcientem

881 2471 1005 2493 vacuum
1023 2461 1145 2492 omnino
1175 2461 1281 2493 desere
1312 2472 1379 2493 eum
1406 2462 1457 2502 qui
1485 2461 1538 2492 illa
1553 2461 1708 2502 spoliatur,

883 2512 992 2538 etcum
1009 2505 1093 2547 quasi
1108 2506 1185 2536 clam
1200 2506 1368 2545 recesserit,
1393 2506 1452 2547 ipsi
1466 2506 1556 2546 hujus
1572 2515 1710 2538 recessus

884 2560 1004 2582 sensum
1018 2559 1079 2582 non
1095 2550 1277 2591 relinquere.

1148 2596 1330 2630 ORATIO
1363 2597 1439 2630 III.

883 2653 1458 2727 οαωβιριιοεείηιᾀέἒῗνῗὲἵξὲιῖῗὲὸηὶε
1466 2685 1714 2726 genera.Cogna-

921 2725 1066 2757 scendum
1085 2725 1165 2766 quod
1183 2725 1265 2758 Deus
1284 2725 1347 2766 sit;
1375 2727 1451 2768 quid
1465 2725 1566 2759 autem
1580 2727 1632 2766 sit,
1644 2725 1712 2759 non

2 2797 4 2829 ί
54 2821 193 2856 acuat.
210 2829 254 2861 ΠΙ,
270 2821 322 2854 27.
363 2818 671 2859 aspsal.nvux,es.
715 2817 845 2851 mnam.
861 2825 924 2857 vui,
941 2817 972 2849 7.
1013 2817 1284 2861 97ICor.xv,80.
1326 2818 1621 2860 98Matth.xm,27.

152 2892 286 2927 Panos.
301 2887 387 2928 ω.

1547 2887 1586 2921 11

1955 5 1983 1052 i

1964 1054 1983 1224 ll
