1983 3072
197 192 258 226 335

840 189 1032 225 SYMEONIS
1052 190 1238 227 JUNIOBIS.

1833 199 1893 232 336

197 261 380 303 Deumesse:
395 258 581 290 aiuntenim:
597 256 884 300 Novimuslequisis
897 260 1053 291 sanctusA
1065 263 1177 291 tantum
1204 260 1340 300 credunt,
1358 261 1400 294 sic
1423 263 1564 303 operibus
1579 263 1668 296 ﬁdem
1683 274 1765 296 suam
1782 270 1890 297 testan-

195 305 256 338 Det'
270 304 310 338 ιδ.
342 302 401 336 Sed
430 303 569 344 quoniam
604 303 788 342 defecerunt,
819 304 941 345 jamque
969 313 1024 335 nec

194 351 296 382 volunt
330 358 387 380 nec
424 352 558 389 possunt,
603 348 697 388 hunc,
742 348 900 380 Dominum
936 358 1023 379 suum

193 394 371 438 appellare;
408 393 496 425 etiam
540 393 605 434 ejus
644 393 788 425 voluntati
816 393 1023 434 obtemperare

193 443 360 481 nequeunt.
407 438 495 470 Solus
540 438 628 478 igitur
673 438 724 469 ille
766 439 934 470 censendus
978 443 1022 469 est

192 485 390 522 Christianus,
407 482 458 523 qui
473 482 621 514 Christum
640 482 728 514 simul
749 483 908 515 Dominum
935 492 1019 513 Suum

192 530 361 566 conﬁtetur,
388 527 477 559 simul
507 527 603 559 eidem
629 527 824 559 obsecundat.
855 527 909 564 Qui
940 527 1019 559 enim

191 576 292 614 habet,
320 579 350 605 et
378 572 538 604 conﬁtetur
566 572 716 603 Christum
745 571 904 603 Dominum
919 582 1017 609 suum,

190 621 298 652 virtute
313 616 578 659 cegnominationis
593 626 610 648 a
640 615 749 648 Christi
779 616 898 647 nomine
914 617 1020 647 conﬁr-

192 670 300 702 matur,
315 668 350 696 ut
369 672 404 694 se
436 661 473 693 ad
502 661 655 693 arbitrium
688 662 752 702 ejus
781 661 1018 702 voluntatemque

190 708 407 742 accommodet.
425 706 455 738 Si
480 716 539 738 non
568 707 770 745 conﬁrmatur,
803 710 865 738 tum
882 715 949 736 eum
967 715 1018 737 ore

191 759 280 787 tenus
294 752 442 786 Christum
465 751 618 788 conﬁtere,
648 751 740 782 corde
754 755 852 783 autem
879 751 965 791 longe
981 750 1016 781 ab

191 810 228 832 eo
240 799 350 830 distare
361 801 476 828 certum
491 796 582 827 est“.
595 794 674 827 Fieri
688 795 834 836 siquidem
841 804 898 827 non
911 799 1016 835 potest,

1066 308 1122 349 tur.
1140 305 1188 346 qui
1205 306 1303 337 verbis
1319 316 1383 338 eam
1400 308 1602 345 conﬁtentur;
1627 310 1767 349 quoniam
1786 310 1891 342 timent

1064 348 1170 388 Deum,
1189 360 1277 391 quem
1294 351 1484 383 conﬁtentur.

1105 393 1222 439 Timere
1236 399 1333 427 autem
1345 397 1448 432 Deum,
1460 396 1540 428 aliud
1556 397 1630 428 nihil
1642 402 1697 436 est,
1709 408 1797 439 quam
1814 398 1890 430 nihil

1063 437 1191 478 improbi
1208 439 1349 471 facinoris
1378 441 1576 480 committere,
1609 452 1676 474 cum
1694 437 1781 475 nemo
1797 444 1889 476 videt.

1064 483 1148 528 Mulli
1162 484 1272 525 quippe
1287 489 1407 525 promer
1422 485 1558 517 timorem
1585 487 1750 524 hominum,
1768 493 1891 528 propter

1062 527 1218 573 pudorem,
1237 533 1356 569 propter
1370 530 1492 569 gratiam
1522 540 1539 562 a
1566 531 1678 571 ﬂagitio
1695 527 1863 573 temperant
1878 541 1889 570 ;

1061 571 1140 612 quod
1152 573 1278 612 proinde
1291 578 1346 611 est,
1361 584 1395 605 ac
1413 574 1437 605 si
1454 579 1671 615 perpetrarent.
1689 571 1889 613 Quemadmo-

1060 616 1130 646 dum
1154 626 1189 648 ex
1210 617 1303 649 altera
1328 623 1422 659 parte,
1448 620 1514 660 quis
1538 620 1635 651 causis
1649 622 1800 659 commoti,
1818 621 1885 652 lau-

1060 660 1158 706 dabile
1173 662 1324 702 quidpiam
1342 668 1491 704 praestant,
1523 664 1628 695 eodem
1644 665 1707 696 loco
1730 670 1810 703 sunt,
1827 676 1886 706 quo

1059 705 1110 745 qui
1125 715 1184 736 non
1201 711 1352 747 praestant,
1383 712 1540 748 propterea
1569 709 1647 749 quod
1672 705 1886 750 quicunquein

1059 755 1140 782 recte
1151 751 1235 782 factis
1244 752 1399 783 hominum
1414 753 1542 784 favorem
1556 754 1749 795 plausumque
1757 764 1887 796 aucupa-

1060 799 1119 833 tur,
1134 800 1183 826 aut
1196 805 1230 826 ex
1241 796 1300 827 alio
1310 797 1438 837 quodam
1460 798 1565 829 aﬁ'ectu
1588 808 1622 829 ea
1636 800 1768 840 suscipit,
1785 809 1888 840 repro-

190 850 224 877 ut
238 843 289 885 qui
304 841 474 891 medullitus
488 840 636 891 Christum
664 840 824 895 Pominum
840 850 926 871 suum
941 849 1009 895 con:
1026 865 1048 895 B
1061 839 1176 895 busileslt
1191 841 1269 891 apud
1283 842 1387 895 L’t‘eum.
1402 841 1512 895 Verum
1523 842 1554 872 in
1566 843 1649 874 omni
1663 839 1767 895 ppere,
1782 839 1884 895 verbo,

191 884 302 926 ﬁtetur,
327 896 386 919 non
415 885 504 918 etiam
535 885 600 925 ejus
628 885 766 916 voluntati
796 894 899 925 parere
915 888 1013 925 queat.
1026 884 1236 924 “cogitatione
1252 885 1277 916 is
1293 885 1360 916 ﬁnis
1377 886 1544 926 propositus
1572 896 1638 918 esse
1654 888 1754 925 debet,
1773 892 1806 919 ut
1819 888 1882 919 Deo

190 932 382 973 Magnitudini
395 931 475 962 enim
487 930 556 961 ﬁdei
572 929 731 961 alacritatis
742 929 779 960 ad
798 930 1015 970 exsequendam

189 978 243 1010 Dei
257 977 437 1009 voluntatem
448 975 667 1006 incrementum
684 975 858 1015 respondet.
875 974 949 1013 Ergo
966 975 1014 1015 qui

190 1024 328 1056 mandata
349 1021 483 1062 conﬁcit,
512 1020 676 1052 secundum
708 1020 930 1061 proportionem
946 1019 1015 1051 obe-

190 1067 310 1102 dientiae
334 1075 407 1099 sum.
436 1065 558 1097 modum
591 1074 627 1097 ac
659 1074 829 1096 mensuram
857 1064 927 1095 ﬁdei
956 1074 1016 1096 suae

188 1114 384 1146 demonstrat.
401 1108 425 1142 E
441 1109 602 1148 contrario,
634 1109 685 1150 qui
714 1109 852 1140 mandata
878 1109 1012 1148 negligit,

188 1169 241 1201 pro
249 1158 384 1200 portione
395 1155 813 1201 cessationis,fomissionisve,
827 1159 1012 1201 quantopere

188 1199 219 1236 in
233 1199 291 1235 ﬁde
308 1201 465 1241 claudicet,
490 1200 638 1239 ostendit,»
662 1204 692 1231 et
721 1209 773 1240 pro
797 1199 1012 1230 incredulitatis

188 1258 250 1281 suae
265 1247 353 1279 modo
378 1245 481 1287 gratiae
508 1245 723 1276 detrimentum
752 1244 871 1285 accipit.
894 1243 965 1274 Nam
983 1249 1014 1274 ut

188 1294 254 1327 sine
268 1293 385 1326 Christo
409 1290 520 1323 Christi
548 1291 729 1321 voluntatem
760 1290 861 1327 facias,
878 1289 954 1321 haud
970 1294 1014 1320 est

189 1339 342 1381 possibile,
359 1336 389 1368 id
403 1335 482 1378 quod
497 1335 624 1377 ipsemet
635 1338 758 1381 testatur
766 1343 775 1381 ξ
795 1335 888 1381 Quia,
905 1333 1010 1381 inquit,

187 1378 255 1417 sine
270 1392 317 1414 me
330 1381 412 1414 nihil
425 1381 548 1421 potes/is
575 1381 677 1419 facere
691 1380 732 1411 45.
762 1379 825 1410 Jam
841 1379 891 1420 qui
906 1378 1011 1410 Christi

187 1430 369 1462 voluntatem
384 1435 445 1457 non
459 1424 538 1463 facit,
565 1424 678 1465 absque
692 1424 819 1464 {Christo
837 1428 892 1464 est,
909 1433 963 1454 nec
979 1433 1013 1454 ex

189 1483 225 1507 eo
248 1473 328 1514 quod
356 1470 505 1503 Christum
535 1469 703 1507 conﬁtetur,
732 1468 826 1514 ullam
855 1467 1012 1514 utilitatem

188 1512 296 1560 capiet.
335 1515 452 1548 Etenim
482 1513 631 1560 Christum
666 1512 813 1550 conﬁteri,
843 1517 872 1544 et
897 1513 1012 1560 Christo

188 1556 323 1602 obedire,
336 1568 502 1602 quanquam
517 1558 575 1589 duo
586 1558 733 1596 videntur,
747 1562 844 1603 tamen
865 1566 924 1588 non
941 1556 1011 1603 duo,
1024 1572 1045 1603 ο

188 1607 240 1640 sed
253 1601 503 1646 unum’quiddam
526 1608 620 1634 sunt:
651 1611 707 1633 nec
737 1601 817 1633 enim
842 1611 934 1633 unum
949 1601 1014 1632 sine

189 1652 282 1685 altero
296 1653 422 1686 constat,
447 1647 565 1679 tametsi
593 1647 763 1688 ignorantes
792 1646 912 1687 quidam
928 1646 1014 1678 aliter

189 1697 330 1730 sentiant.
361 1693 440 1724 Audi
465 1691 651 1733 apostolum:
676 1691 763 1723 Fides
787 1692 853 1723 sine
879 1691 1015 1731 operibus

188 1745 307 1774 mortua
320 1743 364 1771 est
373 1739 406 1770 in
415 1736 622 1778 semetipsa”.
637 1736 672 1767 Et
683 1735 841 1767 Dominum
855 1745 865 1766 :
877 1736 959 1774 Quid
967 1744 1016 1767 me

187 1785 313 1826 vocatis,
319 1783 457 1823 Domine,
464 1781 703 1826 Domine,etnon
713 1781 814 1820 fac-itis
821 1780 990 1822 quazdico“
1001 1779 1017 1810 ?

191 1832 404 1866 Amen,am¢n,
415 1827 481 1858 dico
492 1825 585 1863 vobis,
598 1825 695 1857 omnis
706 1827 758 1865 qui
765 1826 840 1864 facit
846 1829 1014 1866 peccatum,

185 1885 247 1908 non
254 1869 910 1910 estservusChristi,sedpeccatii8'49.Servus
916 1874 1013 1901 autem

186 1917 303 1962 peccati
331 1916 363 1947 in
379 1914 536 1962 domo_l_)_ei
551 1918 580 1945 et
594 1913 688 1944 Patris
704 1922 825 1962 manere
843 1923 900 1944 non
917 1918 1013 1962 potest

1058 928 1186 969 placeas,
1205 929 1348 970 illumque
1359 931 1497 970 honores,
1511 932 1884 964 convenientersententim

1057 974 1225 1014 apostolica
1235 985 1242 1005 :
1253 974 1324 1006 Sive
1334 976 1500 1014 comeditis,
1512 979 1574 1007 sive
1584 978 1670 1008 aliud
1682 979 1757 1018 quid
1761 978 1880 1017 facitis,

1057 1020 1160 1049 omnia
1174 1019 1215 1050 ad
1229 1019 1362 1059 gloriam
1375 1021 1432 1051 Dei
1451 1021 1543 1060 facile
1557 1021 1597 1052 5*.
1621 1022 1704 1058 Quod
1719 1023 1744 1053 si
1758 1022 1881 1054 verbum

1057 1062 1115 1094 hoc
1126 1072 1227 1094 verum
1243 1073 1277 1095 ac
1289 1073 1405 1095 certum
1417 1072 1472 1103 est,
1487 1065 1564 1096 sicut
1579 1070 1623 1097 est
1648 1067 1738 1107 (regis
1757 1067 1836 1098 enim
1853 1071 1882 1099 et

1050 1107 1173 1147 judicis,
1186 1109 1420 1140 etDominiJesu
1431 1109 1643 1150 omnipotentis
1664 1116 1728 1148 est),
1745 1121 1853 1153 nempe
1870 1123 1877 1142 :

1053 1153 1123 1184 Nisi
1129 1153 1329 1185 abundaverit
1333 1155 1455 1194 justitia
1462 1160 1562 1186 vestra
1576 1155 1740 1196 plusquam
1757 1157 1880 1189 Scr-iba-

1054 1205 1124 1241 rum
1135 1198 1411 1236 etjPharisteorum,
1421 1209 1483 1230 non
1489 1201 1571 1231 intra
1577 1200 1644 1231 bilis
1650 1202 1680 1232 in
1692 1210 1820 1241 regnum
1826 1211 1880 1234 cte-

1056 1240 1154 1272 lorum
1165 1241 1206 1279 59,
1218 1242 1288 1282 quid
1302 1252 1390 1283 supra
1409 1242 1528 1274 Scribas
1544 1248 1572 1274 et
1586 1240 1750 1276 Pharisaaos
1766 1247 1880 1285 praemii

1054 1286 1260 1326 reportabunt,
1278 1287 1328 1327 qui
1349 1287 1494 1327 injustitia
1509 1287 1724 1321 abundaverit?
1752 1289 1782 1321 Si
1797 1291 1877 1322 enim

1054 1330 1184 1368 illi,cum
1198 1336 1299 1363 essent
1318 1336 1398 1363 extra
1414 1333 1549 1372 gratiam,
1568 1333 1684 1373 justitia
1699 1339 1784 1365 erant
1799 1345 1877 1375 prae-

1054 1375 1121 1420 diti.
1133 1379 1162 1406 et
1171 1376 1221 1416 qui
1233 1376 1392 1417 Christum,
1403 1378 1460 1408 hoc
1470 1381 1514 1408 est
1526 1379 1620 1409 Deum
1631 1378 1800 1416 induerunt,
1820 1389 1876 1420 po-

1055 1419 1112 1450 tius
1125 1419 1270 1460 injustitia
1296 1421 1440 1452 cumulati
1466 1421 1586 1460 fuerint,
1605 1432 1674 1453 num
1691 1423 1772 1463 quia
1785 1419 1877 1464 regno

1055 1464 1196 1496 caelorum
1203 1465 1284 1497 velut
1293 1466 1636 1508 exsulatumjmittantur,
1644 1467 1810 1508 dignissimi
1818 1479 1878 1500 non

1055 1513 1143 1540 erunt
1154 1513 1169 1541 ?

1365 1550 1503 1583 ORATIO
1518 1551 1568 1584 IV.

1333 1591 1594 1624 Anounsurun.

1056 1630 1208 1674 Quinctii,
1219 1631 1356 1674 nesciens
1367 1633 1439 1671 quid
1449 1636 1540 1674 petat,
1554 1641 1621 1663 eum
1630 1633 1750 1671 frustra
1761 1636 1876 1674 petere.

1097 1672 1214 1714 Quodsi
1227 1672 1321 1714 etiam
1336 1673 1393 1714 scit
1410 1673 1486 1714 quid
1496 1672 1775 1714 petal,1tectaineit
1789 1675 1877 1714 prius

1096 1712 1209 1752 accepit
1219 1712 1296 1752 quod
1307 1713 1392 1752 petit,
1402 1713 1434 1743 id
1450 1713 1478 1743 ei
1489 1712 1567 1744 nihil
1574 1713 1723 1752 prodesse.
1737 1712 1823 1752 Quod
1838 1715 1879 1746 sit

1097 1751 1386 1793 regiiumcwlorum,
1398 1756 1427 1784 et
1440 1761 1504 1793 qua
1523 1751 1642 1784 ratione
1662 1751 1831 1786 Christiani
1845 1755 1878 1786 id

1097 1791 1268 1834 acquirunt.
1282 1791 1357 1834 Quis
1367 1794 1406 1824 sit
1415 1791 1514 1824 malus
1523 1794 1665 1833 (damon)
1677 1797 1705 1825 et
1723 1803 1781 1834 quo
1789 1799 1877 1834 pacto

1099 1833 1137 1864 ab
1148 1833 1211 1871 eius
1220 1833 1291 1875 iugo
1306 1833 1431 1865 liberari
1442 1834 1602 1873 possimus.
1615 1833 1768 1872 Quomodo
1779 1833 1809 1866 et
1819 1844 1878 1875 per

1095 1873 1298 1915 quaaAtancIeAm
1306 1882 1401 1915 opera
1411 1875 1514 1915 animo
1524 1878 1675 1915 resurgat.

1095 1912 1232 1954 Plerique
1244 1912 1414 1955 Christiani,
1426 1913 1531 1954 partim
1543 1914 1594 1955 qui
1609 1912 1688 1945 cultu
1713 1915 1876 1947 monastico

185 1957 217 1996 in
227 1969 391 1996 aeternum:
404 1960 456 1992 sed
466 1959 573 1997 Filius,
585 1963 614 1989 et
626 1958 820 2000 quem‘Filius
837 1968 854 1990 a
872 1959 1012 1990 servitute
1053 1957 1206 1993 incedunt,
1227 1958 1332 1998 partim
1349 1958 1399 1999 qui
1414 1959 1445 1989 in
1460 1958 1517 1989 vita
1529 1959 1680 1990 mundana
1694 1960 1795 2000 pietati
1806 1960 1878 1991 dant

183 2006 301 2050 peccati
319 2003 505 2050 liberaverit.
532 2003 620 2050 Atqui
649 2003 755 2050 domus
776 2002 838 2050 _Dei
864 2007 894 2034 et
908 2004 1012 2050 Patris,
1055 2011 1188 2042 operam,
1205 2002 1388 2050 Spiritualem
1413 2003 1630 2050 sesetructum
1645 2004 1799 2050 percipere
1814 2005 1877 2050 opi-

181 2046 308 2094 regnum
322 2054 367 2082 est
382 2050 459 2090 ejus.
477 2049 509 2080 Si
537 2048 604 2089 quis
632 2057 703 2088 ergo
719 2046 898 2094 Christianus
912 2048 1014 2094 appet-
1055 2051 1182 2094 nan_tur,_
1192 2057 1257 2078 cum
1272 2047 1426 2079 Davidicos
1434 2048 1579 2094 psalmos,
1592 2052 1622 2079 et
1632 2048 1746 2094 reliqua
1760 2049 1877 2082 cantica

182 2092 260 2131 latus
271 2096 360 2130 dicit:
374 2094 527 2127 Conﬁteor
544 2093 705 2130 Christum,
718 2093 788 2124 etin
800 2093 897 2134 ipsum
908 2093 1011 2134 credo,
1055 2092 1220 2124 cecinerint
1234 2096 1347 2123 tantum
1363 2093 1441 2133 quod
1467 2102 1502 2124 ea
1532 2093 1726 2134 decantarint,
1744 2099 1772 2125 et
1790 2103 1822 2125 se
1837 2095 1877 2126 ita

182 2148 212 2176 et
227 2144 258 2174 in
273 2144 329 2175 hac
348 2140 411 2172 sola
440 2139 628 2171 confessione
654 2137 909 2170 christianismum
924 2147 1010 2169 suum
1052 2136 1218 2174 gloriﬁcare
1232 2137 1325 2168 Deum
1340 2138 1513 2178 opinantur;
1527 2138 1697 2170 nescientes
1709 2148 1742 2170 se
1753 2143 1782 2170 et
1790 2139 1876 2170 illum

181 2187 345 2227 constituit,
362 2194 454 2226 seque
481 2184 536 2215 hac
551 2183 599 2214 via
614 2192 739 2222 regnum
755 2182 865 2213 Christi
887 2191 1042 2227 assecu—D
1054 2180 1231 2212 exacerbare
1245 2191 1252 2219 ;
1265 2185 1299 2227 iet
1314 2185 1509 2223 praeterquam
1535 2182 1614 2223 quod
1635 2182 1748 2214 nullum
1765 2193 1876 2215 conse-

181 2237 279 2265 turum
296 2226 466 2269 arbitratur,
477 2229 608 2270 seipsum
632 2228 757 2260 seducit.
780 2227 912 2263 Quonam
929 2226 1036 2259 enim’
1050 2229 1182 2270 guuntur
1196 2226 1443 2265 emolumentum,
1461 2227 1549 2258 etiam
1561 2237 1619 2258 non
1631 2227 1688 2258 levi
1705 2232 1824 2268 peccato
1840 2238 1877 2260 ex

181 2278 271 2310 modo
287 2275 467 2308 christianos
491 2268 559 2310 erit,
584 2272 635 2314 qui
663 2272 694 2303 in
723 2271 854 2311 singulos
870 2271 944 2308 dies,
962 2272 1007 2304 vel
1049 2268 1106 2300 hoc
1119 2269 1274 2309 obstringi.
1287 2269 1390 2302 Omnis
1403 2271 1481 2302 enim
1502 2281 1600 2303 sermo
1623 2281 1684 2303 non
1699 2272 1877 2313 simpliciter

180 2323 278 2364 potius
293 2322 324 2353 in
340 2320 472 2360 singulas
483 2319 572 2350 horas
589 2317 738 2350 Christum
755 2316 896 2364 operibus
909 2321 1007 2364 negat,

179 2361 267 2407 quem
281 2367 373 2398 Deum
387 2374 453 2396 esse
469 2363 568 2395 verbis
581 2364 760 2394 conﬁtetur?
775 2361 819 2392 En
834 2362 1008 2402 Apostolum

177 2411 343 2443 dicentem:
356 2409 451 2441 Deum
460 2409 644 2449 conﬁtentur
651 2416 683 2439 se
695 2415 792 2447 nosse,
807 2407 898 2446 factis
907 2411 1009 2438 autem

178 2455 466 2498 negantabomt'uati
471 2479 480 2498 ,
484 2452 690 2498 incredibiles,
701 2452 777 2498 clad
785 2460 952 2498 oinneopus
962 2451 1008 2498 bo.

179 2495 253 2532 num
265 2498 437 2541 reprobi50.
458 2497 531 2529 Nam
548 2497 599 2538 qui
613 2506 696 2538 jussa
707 2495 819 2527 Christi
834 2496 1007 2541 contemnit,

179 2545 205 2576 is
219 2554 257 2576 ne
273 2543 423 2576 existimet
449 2552 482 2574 se
511 2552 569 2574 non
599 2542 687 2573 etiam
704 2541 761 2572 hoc
776 2541 840 2581 ipso
857 2540 1007 2571 Christum

178 2599 300 2630 negare.
314 2588 435 2625 Quoties
456 2587 537 2619 enim
559 2586 699 2618 mandata
719 2585 828 2617 Christi
843 2585 941 2630 violat,
959 2589 1003 2616 to-

179 2629 234 2666 ties
245 2633 384 2666 eumdem
395 2637 483 2673 negat
497 2642 504 2664 :
517 2636 548 2663 ut
559 2642 575 2663 e
590 2632 717 2669 diverso,
739 2630 789 2671 qui
809 2629 923 2670 legibus
939 2630 1004 2670 ejus

177 2679 291 2717 obedit,
307 2678 431 2719 singulis
442 2677 609 2709 actionibus
632 2676 811 2708 obedientiw
826 2675 906 2706 illius
921 2675 1006 2706 Chri-

178 2728 257 2755 stum
270 2723 442 2755 conﬁtetur.
455 2721 528 2758 Quis
546 2725 579 2752 ut
596 2721 681 2753 factis
701 2724 819 2760 negant,
841 2721 890 2760 qui
905 2719 1006 2751 verbis

214 2803 347 2837 “Marc.
358 2810 379 2842 ι,
391 2802 442 2835 2:1.
481 2803 582 2836 “ise.
591 2801 738 2839 mx.13.
751 2841 754 2842 ν
780 2801 1003 2842 “temnis.

177 2844 278 2877 50Tit.
295 2852 315 2885 ι,
332 2843 382 2875 16.
426 2844 456 2869 Μ
472 2843 572 2876 Ιλϐοιι.
586 2852 620 2882 x,
637 2843 686 2875 31.
729 2841 761 2868 5³
775 2841 877 2874 Matth.
893 2849 924 2880 v,
936 2841 991 2874 Ἦ).

1051 2322 1161 2352 sermo,
1180 2315 1233 2346 sed
1250 2315 1375 2356 alicujus
1385 2316 1532 2348 reisermo
1545 2321 1600 2348 est.
1609 2316 1683 2348 Nam
1691 2317 1790 2357 siquis
1805 2327 1878 2350 esu-

1050 2359 1089 2390 rit
1104 2363 1133 2389 et
1148 2359 1220 2397 sitit,
1240 2364 1269 2391 et
1297 2361 1394 2391 nudus
1423 2366 1477 2400 est,
1508 2363 1533 2392 si
1561 2361 1708 2402 rogaverit
1721 2371 1828 2402 panem
1847 2369 1878 2395 et

1050 2403 1163 2442 vinum,
1181 2410 1211 2435 et
1224 2404 1446 2444 vestimentum,
1461 2415 1532 2437 num
1555 2407 1582 2438 ei
1602 2405 1673 2437 satis
1689 2410 1733 2436 est
1750 2411 1875 2447 tantum,

1051 2449 1138 2479 modo
1150 2449 1230 2490 loqui
1244 2460 1251 2489 ;
1264 2459 1313 2486 an,
1330 2450 1355 2480 si
1371 2451 1443 2482 nihil
1459 2451 1634 2489 obtinuerit,
1651 2451 1715 2491 ipse
1730 2453 1877 2492 quemad-

1051 2493 1173 2524 modum
1190 2497 1276 2525 autea
1299 2495 1400 2532 esurit,
1428 2496 1512 2534 sitiit,
1537 2496 1633 2527 nudus
1663 2499 1717 2534 est,
1735 2499 1764 2526 et
1778 2505 1878 2528 sermo

1049 2537 1077 2568 ei
1093 2538 1165 2569 nihil
1182 2538 1331 2570 contulit?
1355 2539 1436 2572 Idem
1464 2540 1494 2571 in
1509 2540 1633 2572 canticis
1648 2539 1787 2571 omnibus
1802 2551 1876 2572 usu-

1047 2582 1138 2613 venit.
1157 2582 1226 2618 Qnm
1243 2584 1323 2614 enim
1348 2585 1526 2624 psalluntur,
1556 2590 1607 2616 aut
1621 2584 1781 2626 petitiones
1797 2591 1876 2624 sunt,

1045 2631 1095 2659 aut
1108 2628 1268 2667 gratiarum
1297 2630 1429 2661 actiones
1457 2640 1572 2670 eorum,
1603 2629 1664 2672 qui,
1693 2639 1759 2671 quae
1772 2635 1878 2671 petunt

1045 2672 1214 2714 impetrant.
1228 2673 1284 2711 Qui
1296 2675 1387 2715 igitur
1402 2676 1475 2708 dicit
1489 2678 1572 2709 Deo:
1589 2676 1737 2708 Adueniat
1747 2686 1878 2716 regnum

1048 2723 1143 2756 tuum,
1157 2718 1214 2750 nisi
1228 2719 1351 2751 modum
1366 2720 1452 2761 regni
1466 2720 1627 2760 dedicarit,
1654 2721 1802 2761 quomodo
1818 2722 1875 2753 ad-

1039 2799 1251 2839 ‘433ac.n,20.
1286 2800 1519 2842 ιηἰυο.γῐ,46.
1562 2801 1877 2841 ιθυίθὶῐωιπ.τω,34.
