1983 3072
66 138 136 172 337

819 142 960 176 ORATIO
982 144 1038 176 IV.

1724 145 1784 181 338

71 219 205 265 veniet?
219 221 273 253 Sin
289 222 409 254 modum
424 223 544 265 quidem
568 223 722 263 intelligat,
740 223 818 264 quod
833 222 946 255 venitA
957 223 1070 254 ceret“.
1083 224 1140 255 Et:
1152 225 1173 254 A
1185 232 1246 264 quo
1254 226 1324 265 quis
1341 225 1438 258 victu:
1457 228 1512 265 est,
1525 225 1615 264 huius
1638 228 1667 257 et
1680 233 1786 258 servus

74 263 151 304 ipse
167 269 266 296 autem
283 267 334 307 qui
363 263 487 307 regnum
518 268 651 305 advocat,
681 263 794 299 idcirco
811 277 917 308 preces

78 309 235 350 concipit,
249 311 276 342 ei
305 312 457 352 subjectus
484 323 543 344 non
570 318 625 353 est,
651 313 719 353 quid
745 313 817 343 lucri
831 323 866 344 ex
881 322 916 343 eo

79 354 170 394 quod
187 355 259 386 dicit
275 365 281 387 :
300 357 452 389 Adveniat
466 367 592 398 regnum
609 357 917 391 tuum.referret?ait

80 398 172 429 enim
187 400 331 432 Dominus
346 402 374 432 in
392 402 548 442 Evangelia
566 413 573 432 :
592 402 809 434 Pmtitenlimn
824 403 915 442 agile,

79 447 348 485 appropinquavit
358 448 440 478 enim
448 455 573 487 regnum
581 447 767 479 calorumiﬁ.
779 447 841 483 Quo
847 456 916 486 ergo

80 486 139 535 qui
158 489 260 520 omnia
275 499 308 521 ex
324 491 420 535 nihilo
437 486 582 532 producit,
609 491 719 532 quique
733 492 837 532 implet
852 501 918 522 om-

81 534 150 567 nia,
171 537 200 563 et
219 537 264 564 est
281 534 402 575 ubique,
422 539 452 566 et
465 535 541 575 regit
564 536 664 566 omnia
680 537 768 574 Deus,
785 545 854 576 quo,
871 534 920 565 in-

80 583 192 620 quam,
206 577 268 615 ille,
284 583 312 608 et
326 588 450 619 regnum
462 580 527 619 ejus
538 590 617 611 nunc
638 580 799 611 abierunt?
815 579 922 620 Utique

79 619 147 649 nisi
163 622 338 654 recessisset
353 627 381 654 et
410 633 490 655 nunc
519 625 669 662 rediisset,
697 634 756 656 non
772 619 921 656 dixisset:

82 662 244 701 Quoniam
252 668 793 709 appropinquavit.Nonlrecessittille,
799 663 918 710 sedtipsi

83 717 145 755 nos
154 710 192 740 ab
203 721 238 742 eo
258 712 452 753 abrupimus:
469 713 507 745 ab
528 714 592 755 ipso
613 714 693 745 enim
711 715 824 746 Adamo
840 724 915 745 con-

83 752 152 802 dito
169 755 255 787 nobis
270 752 448 798 conj’unctus
474 752 548 790 erat:
573 758 627 795 Qui
644 763 798 801 postquam
813 759 917 790 fraude

81 805 322 844 Circumventus,
346 803 461 833 scelere
485 813 517 834 se
542 803 691 843 obligavit,
709 814 832 844 regnum
849 803 915 842 Dei,

83 843 168 882 quod
189 849 233 875 est
246 846 379 886 Spiritus
394 851 527 886 sanctus,
554 858 570 879 ἀ
595 848 682 879 nobis
697 843 844 880 seclusum
862 853 915 881 est.

85 891 201 937 ﬁequit
218 892 296 923 enim
315 895 395 926 Deus
411 894 505 926 bonus
533 899 562 926 et
585 899 704 927 sanctus
720 905 787 927 cum
803 896 918 937 impro-

86 933 183 966 bitate
200 937 310 968 habere
326 940 549 972 commercium.
582 940 673 971 Porro
701 950 767 972 cum
795 933 855 981 ipsi
866 950 920 981 per

87 989 146 1011 nos
159 981 193 1011 ad
207 981 373 1014 bonitatem
385 984 504 1023 regredi
518 994 576 1016 non
585 986 750 1016 valeremus
762 986 917 1025 (quemad-

90 1025 214 1056 modum
233 1031 262 1058 et
278 1038 393 1068 pannus
409 1029 499 1070 lacer,
530 1029 591 1061 luto
615 1034 644 1061 et
660 1030 815 1070 putredine
829 1030 920 1062 finda-

88 1073 151 1116 tus,
169 1080 185 1100 a
199 1076 305 1110 semet,
322 1076 352 1104 et
369 1073 436 1105 sine
463 1083 537 1114 aqua
565 1074 645 1105 ablui
661 1084 719 1106 non
736 1078 853 1116 potest),
869 1075 918 1106 id-

89 1113 174 1145 circo
192 1116 256 1160 ipse
274 1126 392 1148 rursum
409 1113 500 1156 venit,
517 1118 568 1159 qui
583 1128 638 1150 nos
652 1113 920 1160 valet,abluere,ut

90 1167 147 1188 nos
161 1159 288 1205 primum
305 1170 392 1201 aqua.
410 1162 522 1203 Spiritu
538 1167 639 1194 sancto
653 1163 741 1194 mista
757 1172 791 1194 ac
807 1159 918 1205 tempe-

90 1206 156 1233 rata
174 1203 249 1234 lavet
264 1216 272 1235 ι
288 1205 397 1237 deinde
422 1207 549 1238 mundus
577 1208 641 1248 ipse
657 1217 748 1248 super
763 1203 920 1240 mundatos

91 1252 258 1286 reguetmt
270 1259 359 1289 super
374 1260 428 1282 nos
451 1261 592 1291 regnans,
610 1261 664 1292 per
678 1261 732 1283 nos
751 1252 920 1284 voluntates

91 1300 162 1322 suas
176 1292 206 1323 in
223 1303 296 1334 opus
307 1295 446 1326 deducat.
459 1296 608 1327 Nisienim
631 1296 695 1337 ipse
713 1296 871 1337 imperium
886 1297 917 1328 in

94 1345 150 1381 nos
163 1341 275 1373 teneat,
289 1348 306 1369 a
319 1339 405 1370 nobis
416 1341 481 1371 ﬁeri
493 1341 570 1381 quod
583 1340 664 1372 illum
688 1340 825 1379 delectet,
841 1351 918 1373 neu-

94 1380 209 1426 tiquam
238 1386 346 1423 potest.
373 1380 519 1421 Quocirca
556 1385 724 1426 quicunque
750 1394 803 1418 suo
828 1395 920 1426 regno

95 1424 175 1457 Deus
189 1427 269 1467 prius
283 1438 342 1459 non
367 1429 432 1466 fuit,
463 1439 518 1460 nec
543 1424 707 1461 secundum
736 1424 919 1462 intellectum

958 269 1052 300 £3155.
1070 269 1326 305 Quemadmodum
1334 269 1413 301 enim
1424 269 1502 300 ﬁlius
1513 269 1725 301 omnissimilis
1740 273 1786 302 est

961 313 1034 352 patri
1050 313 1141 352 (titius
1155 313 1264 354 quippe
1290 324 1349 346 non
1367 314 1423 345 nisi
1452 324 1486 345 ex
1511 318 1614 346 natura
1631 313 1722 356 patris
1738 313 1784 347 sui

958 357 1096 397 exsistit),
1115 357 1158 388 sic
1173 362 1203 389 et
1232 358 1431 390 Christianum
1464 359 1559 390 Patris
1587 359 1646 396 sui,
1663 357 1782 396 Christi,

958 401 1078 441 inquam
1096 402 1336 441 similitudinem,
1354 413 1407 444 per
1421 403 1543 435 virtutes
1559 403 1697 445 Spiritus,
1724 412 1784 434 non

958 446 1184 478 similitudinem
1200 447 1281 484 mali,
1299 457 1353 488 per
1378 449 1502 480 atiectus
1530 448 1644 489 peccati
1657 448 1785 479 induere

962 500 1036 530 opus
1051 495 1105 521 est.
1118 491 1216 528 Quare
1228 492 1360 532 tyrannis
1380 493 1460 524 illius
1482 493 1561 531 mali,
1578 492 1785 533 cognoscenda

962 538 1017 573 est,
1036 540 1063 564 t'l
1078 543 1134 576 qua
1151 535 1264 567 vafritie
1287 546 1321 567 ac
1345 536 1411 568 dolo
1440 546 1505 568 eam
1534 541 1670 568 exerceat
1691 547 1699 575 ;
1727 546 1785 578 qua

963 579 1033 609 item
1051 579 1095 610 via
1105 580 1264 611 evertenda
1278 590 1313 612 ac
1326 581 1506 612 destruenda
1529 582 1579 620 sit,
1595 585 1626 613 ut
1641 581 1719 613 docti
1732 590 1784 613 re-

965 634 1055 663 gnum
1071 624 1188 659 Christi.
1221 627 1342 667 ejusque
1372 630 1514 668 percepta
1538 626 1641 658 notitia
1655 626 1783 667 idipsum

960 669 990 700 in
1003 670 1125 701 veritate
1141 669 1281 702 advenire
1297 675 1327 702 et
1340 680 1357 702 a
1371 671 1566 711 cupiditatum
1584 671 1712 711 laqueis,
1726 679 1786 702 ma-

959 714 1038 754 lique
1049 714 1190 746 servitute
1201 716 1346 757 expediri,
1363 716 1567 757 vindicarique
1576 715 1783 747 desiderimus.

958 758 1221 790 Verumenimvero
1238 759 1281 790 illi
1301 761 1443 792 duntaxat
1470 770 1594 800 regnum
1624 760 1679 792 Dei
1694 759 1784 791 adve-

961 802 1014 843 nit,
1032 803 1082 844 qui
1096 803 1193 844 ipsum
1210 809 1413 844 cognoverunt
1428 814 1435 837 :
1453 809 1484 837 et
1498 805 1529 836 in
1545 804 1652 846 quibus
1667 807 1784 844 regnat,

931 870 952 900 B
962 857 1012 897 eos
1028 849 1200 900 angelorum
1215 850 1294 880 cives
1309 849 1418 900 reddit.
1437 850 1512 882 Nam
1530 859 1568 900 ex
1580 847 1786 900 inobedientia

963 893 1050 932 primi
1067 892 1195 924 hominis
1211 903 1304 933 genus
1320 894 1481 925 humanum
1512 892 1670 925 maledicto
1685 893 1786 924 devin-

960 941 1038 966 ctum
1054 941 1118 967 est:
1149 938 1340 969 maledictum
1370 944 1532 970 consecuta
1560 942 1606 969 est
1619 937 1783 979 corruptio.

960 982 1179 1021 corruptionem
1197 983 1312 1023 excepit
1340 983 1481 1014 interitio.
1513 983 1631 1021 Contra,
1664 991 1699 1013 ex
1715 981 1786 1013 obe-

960 1025 1070 1056 dientia
1078 1027 1348 1066 secundihominis,
1362 1027 1470 1059 Christi
1485 1027 1634 1064 videlicet,
1651 1026 1785 1068 pervenit

959 1070 995 1100 ad
1008 1080 1060 1101 uos
1073 1071 1251 1110 benedictio,
1261 1081 1296 1103 ex
1317 1072 1526 1104 benedictione
1536 1071 1731 1111 iucorruptio,
1748 1080 1785 1102 ex

960 1116 1182 1155 incorruptione
1195 1117 1410 1156 immortalitas,
1429 1127 1464 1149 ex
1480 1117 1702 1149 immortalitate
1711 1116 1782 1154 vita,

960 1165 988 1191 et
1003 1165 1033 1191 ut
1049 1162 1130 1199 olim,
1147 1162 1205 1193 vita
1221 1171 1255 1193 ex
1273 1164 1344 1194 Deo.
1363 1162 1417 1195 Ubi
1434 1162 1515 1194 enim
1543 1166 1589 1193 est
1603 1162 1695 1202 Deus,
1712 1161 1784 1192 inde

961 1205 1096 1236 diabolus
1107 1215 1141 1237 ac
1152 1205 1439 1247 daemonesfugiunt.
1458 1207 1499 1238 Ita
1510 1206 1644 1238 liberatio
1661 1215 1678 1237 a
1692 1206 1781 1244 malo,

960 1255 988 1282 et
1005 1259 1021 1280 a
1035 1250 1218 1282 daemonibus
1233 1252 1309 1292 ejus,
1325 1251 1552 1292 redemptioque
1571 1250 1675 1291 generi
1689 1250 1785 1282 homi—

958 1304 1031 1325 num
1043 1305 1096 1335 per
1108 1295 1254 1327 Christum
1268 1300 1349 1336 parta
1361 1301 1405 1327 est
1419 1306 1426 1335 ;
1439 1300 1508 1327 ante
1519 1305 1606 1337 quam
1617 1295 1783 1326 libertatem

962 1349 1049 1370 nemo
1060 1349 1093 1371 se
1102 1340 1255 1371 hominem
1267 1340 1427 1372 existimet.
1445 1340 1551 1373 Melius
1566 1341 1646 1372 enim
1662 1344 1736 1378 erat,
1755 1339 1783 1370 ei

961 1384 985 1414 si
1003 1388 1088 1415 natus
1105 1394 1164 1415 non
1180 1385 1294 1417 fuisset.

1004 1431 1094 1460 Porro
1105 1430 1163 1460 duo
1176 1434 1244 1461 sunt
1255 1431 1283 1461 in
1295 1429 1340 1461 his
1347 1430 1398 1471 qui
1409 1429 1480 1471 quid
1501 1433 1601 1470 petant
1615 1428 1754 1460 nesciunt
1774 1439 1781 1458 :

96 1471 198 1508 sentit,
215 1471 309 1503 Deum
326 1473 356 1503 in
372 1474 437 1514 ipso
466 1475 746 1505 voluntatem‘suam
763 1484 817 1515 per
832 1475 920 1507 Chri-
940 1514 944 1515 ν
962 1474 1128 1514 ignorantia
1156 1478 1184 1505 et
1206 1479 1320 1515 stupor.
1350 1475 1386 1506 Et
1412 1475 1551 1514 ignorans
1577 1473 1696 1515 quidem
1713 1473 1782 1515 quid

95 1518 172 1560 stum
190 1516 320 1556 explere,
353 1518 461 1549 frustra
489 1519 674 1560 defatigalur,
704 1514 812 1550 frustra
826 1519 894 1550 vivit
910 1530 917 1552 :
931 1514 1039 1549 Cdicat
1054 1529 1112 1550 non
1129 1519 1208 1550 videt
1222 1528 1228 1551 :
1246 1514 1381 1560 stupidus
1392 1520 1462 1560 quid
1475 1523 1570 1559 roget,
1587 1514 1692 1549 nescit.
1713 1517 1786 1554 Quis

96 1558 267 1604 impostoris
283 1571 406 1602 regnum
431 1563 593 1595 etiamnum
621 1558 739 1604 patitur,
757 1573 811 1595 nec
825 1564 920 1594 anim-
959 1568 1057 1594 autem
1075 1563 1214 1604 princeps
1230 1558 1466 1595 misericordiam
1492 1558 1615 1604 petenti,
1641 1566 1672 1594 et
1687 1566 1786 1594 tamen

95 1603 230 1649 advertit.
259 1605 376 1637 Etenim
405 1607 462 1638 nisi
491 1608 588 1638 anima
615 1603 796 1648 intelligens,
835 1609 920 1649 regni
961 1617 1027 1648 qum
1041 1603 1083 1638 illi
1111 1603 1265 1649 praestatur
1293 1603 1530 1640 misericordiam
1560 1607 1718 1648 ignoranti,
1735 1610 1786 1638 aut

98 1647 164 1689 Dei,
181 1660 239 1690 quo
257 1656 390 1682 contacta
406 1656 460 1690 est,
486 1661 605 1683 sensum
631 1647 861 1684 intellectualem
873 1647 921 1685 ξιο-
962 1647 1021 1684 non
1036 1647 1213 1693 intelligenti
1229 1653 1307 1694 quod
1323 1653 1411 1694 dicat,
1443 1653 1544 1693 largiri
1558 1647 1643 1691 solet,
1660 1647 1727 1693 quae
1741 1651 1785 1682 la-

99 1694 224 1739 ceperit,
240 1695 343 1726 salutis
370 1697 450 1727 nulla
474 1706 544 1736 spes
571 1697 757 1737 relinquitur.
777 1699 920 1729 Caeterum
963 1697 1018 1728 biis
1035 1702 1147 1728 tantum
1164 1697 1350 1738 simpliciter,
1363 1702 1392 1729 et
1407 1697 1491 1739 quasi
1505 1707 1538 1729 ex
1552 1697 1615 1728 sola
1629 1699 1786 1728 consuetu-

97 1738 212 1769 rationc
224 1743 355 1771 utentem
369 1742 498 1772 animam
513 1750 578 1782 quze
593 1746 744 1782 regnatur,
762 1741 922 1774 divinitatis
964 1741 1045 1778 dine,
1062 1746 1093 1772 ut
1109 1743 1283 1782 ms'tsonans,
1313 1746 1362 1773 aut
1389 1738 1555 1782 cymbalum
1571 1740 1701 1772 tinniens
1716 1749 1787 1781 pro-

98 1784 249 1828 regnantis
264 1784 409 1817 beneficia
424 1791 452 1817 et
467 1787 561 1817 sancti
586 1785 715 1826 Spiritus
729 1787 921 1828 multiplicem
965 1786 1040 1816 mit?
1055 1786 1179 1827 Propter
1189 1787 1379 1826 hocjregnum
1391 1786 1513 1825 diaboli,
1531 1790 1561 1818 et
1576 1790 1706 1827 potestas
1722 1786 1787 1825 ejus

99 1827 284 1860 eﬂicientiam
301 1829 467 1870 intelligere
491 1835 620 1871 oportet,
652 1827 838 1870 charitatem,
855 1841 923 1871 gau-
963 1830 1119 1861 adversum
1135 1831 1317 1862 Christianos
1344 1830 1498 1862 invalescit
1524 1839 1559 1861 ac
1573 1829 1731 1861 stabilitur.
1753 1830 1787 1860 Et

100 1872 194 1913 dium,
221 1883 336 1914 pacem,
366 1875 632 1916 longanimitatem,
664 1880 693 1906 et
721 1883 839 1908 cmtera.
866 1876 922 1908 Ubi
963 1874 1033 1905 hinc
1046 1879 1106 1905 tum
1123 1875 1345 1916 monachi,tum
1357 1876 1513 1906 saeculares
1525 1875 1679 1906 christiani
1695 1883 1783 1906 men-

101 1925 226 1958 namque
241 1918 320 1950 Deus
333 1929 384 1951 rex
401 1924 455 1960 est,
479 1920 521 1951 ibi
547 1920 664 1951 diabolo
693 1929 752 1951 non
768 1920 920 1952 servitur:
964 1920 1062 1957 daces,
1081 1919 1229 1960 maledici,
1251 1920 1468 1958 criminatores,
1499 1919 1624 1961 perjuri,
1648 1919 1784 1960 zelotypi,

101 1961 151 2006 sed
166 1972 254 1994 omne
270 1964 469 1996 ministerium
485 1965 520 1996 ad
538 1966 631 1996 Deum
647 1965 810 1996 confertur.
963 1963 1065 1999 invidi,
1089 1965 1216 2004 queruli,
1238 1964 1431 2005 detractores,
1447 1967 1526 1996 avari
1541 1969 1686 2006 raptores,
1704 1964 1786 2004 inju-

143 2005 269 2038 Rursum
286 2009 335 2049 qui
351 2009 442 2039 Deum
459 2010 498 2040 ita
515 2013 693 2049 precantur:
712 2009 821 2040 Libera
836 2018 892 2040 nos
904 2018 923 2041 a
964 2007 1000 2038 sti
1014 2009 1181 2048 hypocritae,
1194 2009 1357 2050 fornicarii,
1371 2009 1510 2046 adulteri,
1520 2005 1632 2045 lascivi,
1646 2008 1786 2049 improbi,

102 2052 192 2086 malo,
207 2052 264 2083 nisi
281 2054 346 2093 quis
361 2054 398 2084 sit
413 2054 464 2085 ille
479 2054 585 2091 malus,
614 2062 643 2084 et
658 2053 807 2093 quomodo
823 2054 921 2094 possi-
963 2053 1097 2092 superbi,
1120 2053 1264 2094 legirupa:
1281 2053 1480 2085 inveniuntur.
1500 2054 1535 2084 Et
1549 2055 1612 2085 haec
1627 2053 1685 2084 dici
1700 2057 1788 2094 atque

105 2095 227 2127 deantur
241 2107 258 2128 a
272 2098 359 2136 malo,
376 2102 408 2130 et
435 2109 501 2140 quae
528 2099 594 2138 ejus
621 2097 749 2138 vincula,
767 2107 833 2138 quae
853 2098 924 2129 item
966 2106 1031 2127 esse
1046 2097 1204 2129 Christiani
1233 2098 1406 2138 gloriantur,
1439 2098 1566 2139 populus
1580 2098 1696 2138 stultus,
1711 2097 1787 2128 insi-

105 2140 167 2180 ejus
195 2141 225 2171 in
254 2143 424 2182 subjugatos
454 2147 593 2183 potestas,
633 2142 836 2184 cognoverint,
866 2152 923 2184 quo
933 2142 1061 2190 Dpiens,
1075 2142 1411 2190 inobed_iens,ingratus,
1426 2143 1491 2173 sine
1503 2142 1788 2183 atfectione,absque

106 2189 186 2225 pacto
201 2186 280 2217 Dens
307 2187 373 2218 illos
399 2187 537 2219 liberabit
550 2188 565 2218 Ἰ
580 2187 664 2224 Quod
680 2187 705 2218 si
721 2188 783 2218 haec
798 2197 850 2218 eos
865 2186 948 2218 non'
966 2187 1171 2224 furilerejosor
1182 2187 1347 2224 hominum,
1361 2197 1412 2218 oso
1420 2188 1556 2226 fratrum,
1574 2196 1643 2218 osor
1658 2191 1787 2228 patrum,

107 2229 206 2271 latent,
227 2241 282 2262 nec
307 2236 405 2263 tamen
434 2242 451 2263 a
476 2233 553 2263 malo
568 2232 683 2263 liberati
699 2236 778 2272 sunt,
796 2232 924 2264 clamare
966 2240 1034 2261 osnr
1051 2231 1223 2267 liberorum,
1241 2241 1309 2262 osor
1322 2231 1498 2270 amicorum,
1511 2233 1572 2264 Deo
1591 2232 1719 2263 odibilis.
1738 2231 1789 2263 Vae

106 2273 234 2306 assidue:
249 2275 308 2307 Sed
319 2277 416 2308 libera
427 2286 481 2308 nos
493 2287 510 2308 a
521 2276 839 2317 malo,quidiprodest?
862 2279 923 2307 Μει-
966 2276 1073 2306 talibus
1089 2285 1156 2306 cum
1175 2275 1216 2307 Do
1232 2276 1335 2307 laudes
1364 2276 1525 2307 concinunt
1543 2288 1550 2315 ;
1580 2286 1622 2308 va:
1635 2286 1701 2308 cum
1717 2277 1790 2307 dant

107 2317 148 2349 lus
164 2319 244 2349 enim
272 2325 326 2358 est,
351 2321 401 2362 qui
431 2321 461 2352 in
492 2327 624 2352 naturam
654 2321 813 2352 humanam
830 2321 924 2360 legem
966 2321 1189 2361 elcemosynas;
1206 2331 1246 2352 va:
1260 2331 1326 2352 cum
1338 2321 1415 2352 dona
1425 2321 1486 2352 Deo
1497 2322 1623 2353 olferunt
1640 2333 1647 2353 :
1663 2331 1704 2353 vae
1720 2331 1787 2352 cum

108 2364 216 2403 peccati
227 2364 373 2405 implicuit
384 2366 537 2397 diabolus:
554 2375 641 2405 quem
653 2365 782 2406 quandiu
798 2366 924 2396 actioni-
967 2365 1059 2395 Deum
1076 2366 1200 2396 adorant
1217 2375 1224 2403 ;
1248 2375 1292 2397 vae
1308 2366 1378 2396 dum
1394 2375 1499 2407 preces
1514 2367 1549 2397 ad
1564 2376 1631 2397 eum
1648 2367 1785 2398 fundunt.

107 2407 190 2437 nibus
205 2418 270 2439 cum
298 2409 485 2451 improbitate
513 2409 679 2450 conjunctis
705 2410 841 2451 colimus,
866 2419 923 2440 non
968 2411 1084 2441 Etenim
1097 2411 1319 2450 viwimpiorum
1332 2410 1547 2442 abominabiles
1558 2420 1662 2443 eorum
1675 2411 1786 2452 06053,

109 2456 150 2483 est
164 2462 231 2493 pars
245 2459 345 2485 nostro
370 2455 421 2486 ille
448 2455 555 2492 bonus,
586 2464 640 2486 nec
669 2453 722 2485 Dei
738 2462 829 2493 regno
844 2454 925 2493 digni
968 2459 996 2484 et
1010 2455 1137 2495 precatio
1147 2455 1283 2486 iracundi
1298 2464 1331 2486 ac
1343 2455 1489 2494 malevoli,
1501 2455 1574 2487 odor
1589 2456 1783 2488 deterrimus:

110 2505 219 2534 sumus,
235 2503 266 2529 ut
278 2499 327 2539 qui
343 2499 438 2540 ipsum
465 2499 536 2530 falso
565 2498 659 2530 Deum
684 2498 858 2539 Patremque
874 2508 926 2530 no-
967 2500 1156 2540 elremosyna
1171 2499 1292 2540 superbi
1308 2500 1510 2531 holocaustum
1530 2501 1624 2538 canis,
1649 2505 1678 2533 et
1693 2502 1787 2532 bene-

111 2542 263 2580 minemus,
280 2553 346 2574 cum
362 2543 512 2575 diabolum
530 2544 705 2584 principem,
719 2548 746 2574 et
759 2548 883 2584 patrem,
898 2547 926 2574 et
967 2544 1086 2575 licentia
1100 2544 1264 2582 libidinnsi,
1283 2553 1400 2576 merces
1415 2545 1600 2577 meretricis:
1626 2545 1705 2578 avari
1719 2555 1788 2577 mu-

110 2586 271 2625 dominum,
287 2598 321 2620 ac
336 2589 423 2620 deum
438 2588 610 2625 habeamus,
628 2589 713 2628 cujus
729 2593 756 2619 et
772 2589 925 2619 characte-
968 2599 995 2619 n:
1011 2599 1035 2624 s,
1052 2590 1230 2620 sacriﬁcium
1255 2590 1453 2627 immundum,
1480 2595 1508 2621 et
1537 2590 1656 2630 sanguis
1671 2591 1788 2622 suillus.

111 2632 210 2663 remin
223 2633 308 2664 nobis
316 2643 369 2674 per
377 2642 468 2674 opera
488 2633 552 2663 vitae
571 2636 677 2664 nostrae
686 2633 832 2674 ;ferimus,
849 2633 926 2665 sicut
966 2632 1021 2664 Sed
1035 2634 1114 2664 enim
1133 2634 1304 2674 iterrogabit
1319 2634 1467 2675 quispiam
1489 2635 1626 2673 fortasse,
1648 2635 1719 2676 quid
1735 2635 1790 2675 igi-

109 2676 213 2708 Judazis
228 2678 335 2709 alicubi
364 2678 466 2719 objicit
491 2677 634 2708 Dominus
651 2688 657 2708 :
692 2677 748 2708 Vos
773 2685 818 2722 ex,
835 2680 925 2716 patre
965 2678 1068 2709 turisti
1081 2679 1211 2710 faciant?
1224 2679 1354 2721 Quisque
1366 2689 1481 2719 eorum,
1495 2680 1574 2722 quod
1589 2680 1672 2712 illum
1690 2681 1788 2713 decet.

109 2721 221 2754 diabolo
235 2724 316 2762 estis,
331 2727 359 2755 et
371 2723 522 2755 desideria
534 2723 633 2763 patris
646 2722 755 2754 vestris
768 2721 859 2753 vultis
872 2723 923 2762 fa-
965 2722 1021 2759 Qui
1036 2723 1240 2763 indignitatem
1265 2733 1349 2757 suam
1378 2721 1575 2767 perspexerit,
1600 2735 1667 2757 cum
1685 2734 1788 2758 sacer-

144 2809 174 2835 53
187 2809 268 2840 Matt.
282 2816 326 2850 ιιι,
340 2812 371 2841 2.
411 2808 445 2835 δι
456 2807 544 2840 loan.
558 2816 623 2847 vui,
638 2806 689 2840 44.
730 2806 802 2839 551!
816 2806 896 2839 Petr.
912 2815 946 2848 ιι,
964 2808 1013 2842 19.
1054 2807 1089 2834 96
1102 2807 1188 2840 Prov.
1204 2817 1256 2851 xv,
1270 2810 1303 2842 8.
