1983 3072
34 114 38 146 ι

80 140 90 168 )
776 137 919 169 ORATIO
941 138 997 169 III.

1681 129 1741 164 330

89 205 392 237 nimadversionibus
403 210 524 245 peccata
537 205 666 236 admissa
681 206 907 245 compensareA
917 204 1038 244 quidam
1049 206 1099 234 aut
1116 201 1246 234 ministri
1264 199 1468 240 ecclesiastici,
1485 203 1538 232 aut
1552 199 1738 238 sacerdotes,

54 267 59 271 ι
86 254 147 286 iet,
169 254 199 282 et
214 251 357 291 lacrymas
382 250 419 280 ad
436 249 574 290 baptismi
587 249 697 280 fontem
714 258 874 289 exaequan-

90 304 109 324 n
133 295 272 333 fundere,
289 305 323 325 ac
338 295 430 325 Deum
461 303 546 324 orare
568 298 719 334 praetcrea,
737 297 769 323 ut
783 301 876 333 usque

100 340 190 370 "dem
203 340 363 371 curationis
370 344 483 370 Inlatem
493 339 601 378 degere
615 339 671 369 sibi
684 337 874 374 concedatur,

59 380 69 427 ’ἱ
120 388 175 415 ate
188 385 370 416 sanationem
399 383 538 424 abreptus
569 387 597 413 et
614 383 768 414 damnatus
783 382 813 412 in
828 391 877 427 ge-

132 438 160 468 1,
179 439 231 469 pro
249 439 283 460 eo
313 438 347 459 ac
376 429 493 465 meruit,
527 432 682 458 torreatur.
708 427 780 463 Quis
795 425 874 456 enim

143 467 209 510 ibit,
225 473 324 504 tandiu
351 483 418 503 cum
433 477 563 511 curetur,
582 472 643 503 fore
658 471 845 512 superstitem
861 471 876 501 ‘?

157 518 273 549 vincula
285 528 358 558 opus
381 523 459 556 sunt,
479 518 525 548 hic
541 515 873 553 excommunicationes,

141 568 256 593 Jturnze
268 562 504 602 lacrymationes,
517 562 565 592 hic
579 561 819 601 genuﬁexiones,
831 569 876 590 ra-

146 617 169 644 ξ,
187 612 217 638 et
232 608 277 638 vix
298 607 405 647 aliquis
435 617 500 637 cum
532 606 670 637 ﬁdelibus
686 614 874 645 congressus.

147 662 164 682 e
189 651 467 692 qutdemjudicium
487 651 564 681 haud
584 650 724 690 injustam
742 657 802 681 est.
817 650 877 681 Cur

135 696 191 736 qui
206 697 337 727 divinum
354 695 524 736 mysterium
542 695 692 735 cognovit,
709 698 738 724 et
748 694 873 734 accepit,

70 739 84 788 μ
127 741 198 772 .avit
213 741 225 772 ?
243 741 367 782 Lapsum
399 741 478 771 hunc
507 740 613 771 Adami
629 740 711 779 lapsu
728 739 875 769 minorem

65 783 84 823 ,Ῠ
123 795 142 816 e
157 795 216 816 non
228 785 402 826 potest._llle
414 784 537 822 etenim,
561 784 586 815 si
607 786 700 816 Deum
715 793 781 814 esse
797 783 827 814 in
843 792 875 814 se

52 829 67 876 ,λ
99 835 192 870 isset,
210 830 247 860 de
261 830 356 860 fructu
371 828 618 870 praevaricationis
641 838 700 859 non
716 831 872 868 gustasset.

85 595 110 610 ’ἐι

34 873 56 922 ις
85 885 266 916 quanquam
284 875 416 915 seipsum
432 884 490 904 non
506 878 590 904 norat
618 873 711 914 prius,
730 883 797 903 cum
813 874 872 904 Deo

917 253 965 279 aut
981 247 1123 289 episcopi,
1136 252 1165 278 et
1179 246 1347 277 animarum
1365 245 1496 285 magistri
1511 245 1582 283 sint,
1599 248 1629 276 et
1642 245 1741 276 veniat

917 295 970 333 fex
980 294 1035 324 iraa
1050 293 1104 323 Dei
1115 292 1242 332 gbsuper
1259 300 1323 331 nos,
1343 290 1368 321 si
1388 299 1447 321 non
1461 290 1499 321 sit
1521 290 1571 331 qui
1584 289 1740 330 imperitos

917 338 1050 368 instituat
1065 341 1093 368 et
1108 336 1235 370 erudiat,
1252 335 1505 376 divinissimaque,
1534 338 1563 366 et
1577 334 1741 366 humanum

918 387 1033 423 captum
1043 381 1195 422 superanti
1208 380 1325 412 ﬁctione
1336 380 1471 419 reﬁngat.
1488 378 1569 410 Hanc
1585 379 1664 410 enim
1674 379 1740 411 cui-

918 436 1003 467 quam
1025 427 1069 457 fas
1093 426 1150 457 nisi
1166 425 1249 466 prius
1264 430 1376 455 natura:
1390 424 1496 455 divinae
1511 424 1653 462 consorti,
1669 424 1740 465 Spi-

917 471 990 502 ritus
1005 471 1099 502 sancti
1114 470 1296 508 cathedram,
1312 473 1345 500 ut
1360 469 1400 500 ita
1414 468 1523 509 dicam,
1541 469 1740 509 magistralem

917 516 1120 547 conscendere
1134 526 1140 544 :
1159 514 1269 555 alioqui
1283 513 1337 545 Dei
1352 513 1492 544 adversus
1507 523 1539 545 se
1554 514 1629 545 iram
1644 514 1744 546 conci-

917 560 999 591 tabit.
1012 560 1072 592 Hac
1081 569 1189 601 nempe
1197 560 1234 590 de
1245 567 1334 590 causa
1345 558 1429 589 multi
1440 558 1470 589 in
1478 558 1569 591 verbo
1580 559 1740 599 sapientes,

916 605 1105 637 aliihzeresis
1129 608 1264 636 auctores
1291 613 1326 634 ac
1353 603 1445 634 duces
1472 602 1743 643 exstiterunt;alii

918 649 1124 681 hmreticorum
1151 648 1342 680 sermonibus
1369 647 1448 688 capti
1484 651 1563 680 sunt.
1595 648 1740 680 Caeterum

917 695 1056 735 quoniam
1085 693 1334 735 quemadmodum
1373 701 1390 723 a
1425 691 1525 723 divino
1552 691 1740 734 baptismate,

916 739 995 770 velut
1010 739 1040 770 in
1055 738 1210 780 principiis
1233 736 1384 769 informati
1410 740 1521 775 essent,
1544 747 1604 768 non
1618 737 1740 770 intelle-

915 788 1033 819 xerunt,
1050 783 1179 823 ingressi
1195 782 1276 823 prius
1293 791 1346 823 per
1373 781 1575 822 pcenitentiam
1592 786 1621 813 et
1635 782 1740 823 cogni-

916 828 1077 867 tionem,ut
1090 828 1323 869 supradiximus,
1335 826 1740 868 intercedenteimpositione

916 883 1056 904 manuum
1069 882 1122 914 per
1137 872 1266 904 arbitros
1293 876 1323 903 et
1351 881 1521 903 oeconomos
1534 872 1635 912 magni
1650 873 1739 914 hujus

71 924 225 956 ivaretur,
244 924 340 950 tamen
357 923 460 959 postea
486 919 516 949 in
539 918 643 949 habitu
658 917 803 958 cognovit.
821 918 874 948 Ast
916 919 1058 958 mysterii,
1075 922 1103 948 et
1119 927 1210 948 sacrae
1221 916 1353 948 scientiae
1364 916 1488 957 peritos,
1498 916 1738 949 informationem

67 967 166 1004 c'per
179 968 314 994 sanctum
332 964 478 1004 baptisma
493 963 641 995 Christum
654 973 670 993 a
681 972 713 993 se
724 962 873 1002 cognitum
915 962 951 994 ab
967 963 1064 1000 initio,
1078 963 1268 1003 speciemque
1284 971 1318 992 ac
1342 960 1466 992 formam
1483 961 1694 1002 spiritualium,
1711 967 1740 994 et

55 1010 142 1039 udus
159 1008 309 1044 induerat,
341 1012 372 1038 ut
399 1008 542 1048 scriptum
573 1011 617 1038 est
645 1007 681 1038 ab
706 1007 870 1047 Apostolo:
915 1008 1108 1046 mysticorum
1124 1007 1275 1038 habituum
1304 1015 1424 1037 suorum
1449 1014 1693 1047 consequantur;
1709 1012 1742 1040 ut

53 1057 81 1084 lu
89 1055 233 1092 iam/[ue
242 1054 274 1083 in.
284 1052 404 1083 Christo
411 1051 557 1092 baptizati
568 1052 649 1088 estis,
661 1051 872 1082 Citrislumt'n-
915 1053 1094 1091 conﬁrmati,
1108 1057 1142 1083 ut
1149 1061 1236 1083 vinea
1245 1051 1300 1082 Dei
1312 1050 1458 1089 laborent,
1467 1060 1504 1082 ne
1511 1051 1585 1082 ﬁdes
1592 1052 1739 1093 ipsorum,

49 1098 198 1128 uisas-9i.
209 1096 313 1128 Omnis
324 1097 404 1126 enim
423 1096 529 1127 mentis
546 1102 575 1127 et
590 1096 707 1127 consilii
724 1095 872 1136 particeps
915 1103 944 1128 et
967 1098 1153 1129 confessione
1180 1097 1265 1128 irrita
1280 1096 1327 1134 sit,
1344 1100 1373 1127 et
1387 1095 1522 1127 Christus
1538 1097 1740 1138 nequidquam

44 1142 153 1181 prima,
170 1151 207 1172 ex
226 1142 290 1182 ipso
307 1141 453 1181 baptismo
468 1140 576 1172 Christi
591 1141 714 1180 gratiam
731 1140 872 1180 consequi
915 1143 1045 1174 creditus
1060 1146 1089 1175 et
1104 1142 1254 1179 adoratus,
1271 1141 1345 1172 nihil
1374 1141 1419 1172 eis
1447 1141 1551 1182 prosit.
1568 1142 1631 1173 Nec
1646 1143 1738 1181 enim,

57 1186 225 1225 ttelli-gitur
239 1195 245 1217 :
259 1186 355 1216 statim
369 1185 478 1226 quippe
489 1185 668 1223 Christusjn
677 1185 871 1216 eaformatur.
914 1191 946 1218 ut
957 1187 1100 1228 quispiam
1114 1187 1238 1218 fortasse
1249 1186 1368 1224 dixerit,
1381 1186 1460 1217 Deus
1469 1187 1558 1218 homo
1580 1191 1665 1218 natus
1681 1192 1738 1227 est,

47 1235 136 1261 ’orro
155 1231 193 1261 ab
210 1230 372 1261 infantibus
401 1230 565 1270 baptizatis,
584 1229 723 1269 baptismi
739 1229 872 1274 sanctifi-
914 1236 946 1263 ut
962 1232 1002 1263 ita
1016 1231 1193 1272 simpliciter
1207 1233 1287 1262 Deus
1316 1231 1404 1262 homo
1431 1231 1616 1270 crederetur,
1635 1232 1740 1274 illique

42 1278 118 1306 'atio
133 1280 258 1316 propter
269 1274 464 1314 ignorantiam
484 1284 543 1305 non
557 1274 704 1311 sentitur;
721 1278 764 1304 est
779 1273 872 1313 siqui—
914 1277 1045 1308 adoratio
1061 1276 1252 1307 adhiberetur
1268 1286 1274 1306 :
1306 1285 1408 1306 verum
1437 1279 1469 1306 ut
1493 1285 1547 1308 nos
1562 1277 1668 1308 ditium
1683 1273 1740 1309 ua-

43 1321 110 1350 lem
127 1320 343 1350 intellectualis
359 1319 550 1351 sensus.Jatn
560 1329 627 1349 vero
644 1318 782 1359 paulatim
800 1322 871 1348 tem-
915 1325 987 1352 tum
999 1326 1151 1352 consortes
1160 1320 1464 1361 ﬁeremus,sicutipse
1476 1324 1590 1352 naturae
1601 1321 1740 1358 humanae

39 1374 117 1404 pore
136 1365 332 1404 procedente,
356 1364 387 1394 ﬁt.
404 1364 490 1394 etiam
515 1363 692 1394 immutatio.
710 1365 747 1394 Et
760 1362 872 1407 inraliis
913 1370 1081 1398 consortem
1096 1375 1128 1396 se
1143 1365 1271 1404 fecisset,
1289 1369 1561 1406 cognoscerenlque
1572 1366 1672 1407 adepti
1682 1367 1739 1399 hoc

39 1409 166 1448 quidem
181 1418 302 1448 prorsus
312 1408 525 1446 exstinguitur:
541 1407 571 1437 in
587 1407 779 1446 aliisquidam
794 1406 872 1446 igni-
914 1410 1096 1442 consortium
1109 1409 1244 1450 mysterii
1271 1409 1342 1447 vim,
1374 1413 1403 1440 et
1431 1410 1538 1450 gratias
1553 1406 1686 1450 agerent,
1703 1413 1740 1444 Et

38 1453 102 1484 culi
115 1457 251 1489 manent,
265 1454 429 1492 iterumque
441 1462 495 1492 per
509 1452 610 1491 ﬁdem,
622 1451 837 1482 institutionem
845 1454 873 1481 et
913 1459 1055 1496 quotquot
1070 1455 1159 1494 hujus
1175 1454 1489 1494 consortiignarisunt,
1503 1464 1537 1486 ac
1548 1455 1586 1486 de
1597 1465 1632 1486 eo
1645 1455 1739 1496 probe

41 1507 128 1537 spem
148 1507 255 1536 magna
269 1498 332 1528 haec
349 1497 554 1528 misericordia
577 1496 760 1527 accenditur.
779 1495 811 1526 In
827 1495 1057 1540 hiscjudicant,
1074 1499 1103 1530 hi
1120 1503 1188 1530 sunt
1215 1499 1304 1530 amici
1328 1500 1451 1540 Christi,
1468 1499 1515 1530 his
1531 1495 1675 1531 creditum
1694 1504 1739 1532 est

41 1552 178 1581 namque
196 1543 246 1582 qui
269 1546 461 1582 speraverant
484 1546 512 1572 et
539 1541 743 1578 crediderunt,
760 1540 872 1572 sensim

41 1586 145 1625 ignem
157 1587 242 1617 illum
254 1587 424 1623 exsuscitat,
438 1585 873 1625 eorumqueintelligentizema-

42 1631 179 1663 nifestat.
191 1631 306 1662 Deinde
326 1641 392 1662 cum
409 1631 514 1670 gaudio
531 1630 684 1661 titionibus
699 1630 872 1660 humilitatis

42 1685 77 1706 ac
94 1676 303 1707 misericordia
331 1675 485 1715 subjectis,
518 1676 635 1706 flamma
658 1674 775 1711 emicat,
794 1674 870 1705 vici-

42 1730 159 1761 nosque
175 1721 319 1752 illustrat:
338 1721 428 1757 illius,
446 1720 514 1760 quia
529 1729 588 1750 non
600 1729 634 1750 ex
655 1719 752 1757 nobis,
769 1719 821 1750 sed
835 1729 870 1750 ex

44 1767 103 1796 Deo
120 1771 165 1797 est
182 1765 386 1796 misericordia
401 1777 409 1801 ;
437 1766 534 1805 hujus,
551 1765 619 1805 quia
635 1764 869 1794 misericordiam

44 1816 250 1847 consecutum,
266 1810 352 1850 plane
365 1809 589 1841 misericordem
600 1818 665 1840 esse
679 1809 776 1839 decet.
787 1808 870 1844 Quod

45 1855 128 1895 siqui
144 1856 217 1887 itam
230 1855 322 1886 altero
333 1855 478 1895 baptismo
491 1862 545 1894 per
557 1854 721 1892 angelicum
739 1852 870 1884 habitum

45 1905 177 1941 occeplo,
196 1900 268 1940 quid
283 1900 465 1940 acciperent,
482 1909 541 1929 non
561 1898 776 1935 intellexsrunt,
793 1897 870 1928 divi-

915 1546 970 1576 hoc
989 1544 1172 1585 mysterium,
1189 1547 1219 1575 et
1234 1543 1265 1574 hi
1289 1543 1376 1575 vitam
1402 1543 1512 1576 Christi
1527 1545 1737 1579 imitabantur.

914 1589 969 1626 Qui
985 1594 1082 1620 autem
1099 1589 1164 1628 ejus
1180 1592 1294 1620 natura:
1322 1588 1492 1630 participes,
1509 1589 1571 1621 sive
1586 1594 1739 1622 consortes

914 1633 984 1665 faeti
1000 1637 1086 1671 sunt;
1103 1637 1152 1664 aut
1167 1642 1235 1664 cum
1252 1633 1319 1664 facti
1335 1638 1446 1672 essent,
1462 1643 1526 1665 rem
1551 1634 1736 1674 ignorarunt,

914 1679 933 1709 ii
941 1680 1041 1709 hostes
1048 1678 1112 1718 ejus
1121 1681 1203 1709 sunt:
1216 1688 1223 1707 :
1239 1682 1396 1719 propterea
1407 1679 1485 1719 quod
1497 1680 1594 1710 omnis
1603 1679 1654 1720 qui
1669 1690 1737 1712 cum

913 1728 1016 1754 natura
1027 1723 1126 1753 divina
1146 1722 1220 1753 nihil
1243 1732 1402 1754 commune
1421 1723 1519 1762 habet,
1536 1724 1664 1755 carnalis
1680 1728 1735 1763 est,

913 1772 941 1799 et
951 1768 1011 1799 Deo
1022 1768 1138 1807 placere
1150 1776 1210 1798 non
1219 1771 1315 1807 potest
1327 1776 1333 1799 :
1354 1767 1530 1800 Prudentia
1541 1772 1622 1800 enim
1633 1771 1739 1801 carnis

912 1813 1038 1844 inimica
1052 1815 1094 1843 est
1105 1811 1166 1842 Deo
1177 1811 1218 1848 26,
1232 1816 1260 1842 et
1272 1821 1354 1851 caro,
1369 1816 1399 1844 et
1408 1815 1533 1853 sanguis
1542 1822 1669 1854 regnum
1681 1813 1741 1846 Det

912 1867 971 1889 non
978 1856 1183 1897 possidebunt.
1198 1856 1266 1887 Non
1282 1858 1362 1889 enim
1371 1859 1526 1899 corruptio
1536 1858 1740 1900 incorruptio-

912 1911 980 1933 nem
990 1901 1250 1942 possidebit97;sed
1257 1902 1522 1943 audietaliquando
1533 1914 1539 1933 ε
1549 1903 1652 1935 Etiam
1660 1904 1741 1945 quod

45 1955 113 1976 nam
124 1949 153 1975 et
163 1944 402 1984 omnipotentum
416 1944 509 1974 sancti
521 1943 646 1984 Spiritus
661 1943 797 1973 virtutem
811 1952 871 1972 non
913 1947 1032 1978 videtur
1041 1946 1161 1983 habere,
1175 1947 1430 1986 aufereturabeo.
1451 1943 1740 1981 Habentienmida-

48 1990 235 2036 participant,
253 1989 346 2036 gratia
363 1998 398 2020 ea
426 1988 564 2036 similiter
590 1988 735 2026 avolante,
761 1991 871 2027 utquae
913 1991 1266 2036 bitumetabundubitas,
1280 1996 1400 2032 propter
1414 1992 1537 2032 gratiam
1549 1993 1740 2036 immensam,

49 2044 98 2075 per
114 2044 195 2075 aqum
210 2034 389 2074 baptismum
406 2034 510 2065 collata
537 2038 598 2064 est:
626 2036 655 2063 et
671 2036 793 2078 propter
808 2036 871 2078 stu-
913 2035 1128 2073 inexhauslam,
1147 2035 1449 2075 superabundantem,
1468 2041 1496 2068 et
1521 2047 1586 2078 quae
1602 2034 1738 2070 imminui

50 2089 148 2119 porem
165 2079 262 2109 adhuc
277 2079 312 2108 ad
331 2079 440 2109 malum
457 2078 543 2119 proni
564 2081 632 2108 sunt
644 2083 683 2123 ut,
693 2076 794 2116 prius;
811 2076 873 2106 ina.
915 2084 1003 2120 atque
1018 2079 1153 2110 consumi
1168 2089 1227 2110 non
1243 2084 1349 2120 potest,
1378 2081 1453 2112 Nam
1469 2076 1613 2121 ponimus
1630 2092 1737 2123 quem-

51 2125 93 2154 nis
108 2128 150 2154 est
165 2132 267 2153 eorum
284 2123 369 2160 ﬁdes,
387 2131 554 2162 vanumque
576 2122 739 2153 secundum
756 2125 994 2166 quoquenpiam
1006 2124 1086 2154 mille
1105 2133 1199 2154 annos
1217 2125 1326 2163 vivere,
1343 2134 1377 2156 ac
1393 2135 1445 2166 per
1458 2125 1579 2157 totidem
1596 2122 1690 2158 annos
1708 2127 1740 2158 in

53 2167 202 2207 baptisma,
220 2177 287 2198 cum
303 2177 408 2198 sensus
438 2166 620 2207 expertibus,
640 2171 668 2197 et
684 2167 808 2196 mortuis
823 2166 978 2200 in-“dies
989 2169 1121 2208 singulos
1130 2169 1228 2200 divina
1239 2169 1331 2209 gratia
1351 2170 1501 2210 perfundi,
1520 2180 1588 2202 eum
1604 2180 1675 2202 sane
1690 2171 1741 2202 illa

53 2212 185 2242 (iumenta
195 2221 279 2242 sacra
299 2212 358 2242 sint
372 2212 522 2252 imposita.
540 2211 604 2243 Una
619 2215 662 2242 est
678 2210 756 2241 enim
769 2210 871 2240 salutis
913 2223 1003 2254 supra
1018 2214 1168 2246 Christum
1187 2215 1405 2254 quodammodo
1427 2214 1544 2254 locabit,
1561 2225 1627 2247 cum
1643 2220 1739 2248 totum

55 2257 161 2303 notitia,
178 2257 247 2303 quia
262 2260 292 2303 et
315 2257 420 2287 veritas
434 2266 539 2303 unum
567 2260 621 2292 est,
653 2255 868 2303 mentiintelli-
912 2259 1034 2299 impleat
1045 2258 1202 2299 (siquidem
1214 2259 1278 2299 ipse
1293 2263 1379 2291 wtate
1391 2264 1420 2291 et
1432 2260 1525 2300 gratia
1539 2260 1738 2303 proﬁciebat),

55 2301 138 2341 genti,
157 2305 185 2332 et
199 2301 376 2347 intelligenti
387 2301 498 2347 animae
508 2300 632 2347 donatio
649 2309 702 2340 per
717 2300 804 2347 [idem
823 2309 870 2347 Stl-
911 2303 976 2343 ipsa
1001 2308 1099 2334 tamen
1130 2303 1221 2342 salva,
1253 2304 1386 2345 nihilque
1415 2300 1571 2336 imminuta
1596 2300 1739 2347 manebit,

57 2355 148 2384 perna:
175 2346 275 2386 gratiae
300 2345 479 2376 sanctissimi
506 2345 632 2390 Spiritus
662 2344 869 2390 intellectualis
911 2344 1741 2390 Verumtamennonestprorsusnecessarium,paulatini

54 2391 184 2429 cognitio.
208 2391 373 2429 Dignantur
389 2391 468 2421 enim
485 2390 534 2419 tali
550 2389 650 2435 gratia.
669 2388 764 2435 quiin
781 2388 869 2435 Chri-
912 2402 976 2424 eam
989 2393 1146 2433 inundare,
1160 2398 1211 2424 aut
1224 2394 1329 2432 minui,
1348 2398 1377 2425 et
1395 2394 1534 2435 paulatim
1551 2388 1740 2426 deiicientem

57 2438 215 2473 stum,cum
227 2435 456 2475 baptizarentur,
474 2433 869 2480 crediderunt,»aliiquidem
911 2447 1036 2469 vacuum
1053 2438 1175 2468 omnino
1205 2438 1312 2470 desere
1342 2433 1410 2470 eum
1436 2439 1487 2480 qui
1514 2438 1568 2470 illa
1584 2439 1738 2480 spoliatur,

56 2483 125 2524 utet
140 2480 219 2519 signa
237 2480 360 2517 faciant;
390 2479 508 2518 plurimi
521 2478 613 2524 utrad
630 2478 739 2508 malum
767 2478 871 2508 immo-
913 2488 1022 2514 etcum
1038 2482 1123 2523 quasi
1138 2482 1215 2512 clam
1231 2483 1398 2522 recesserit,
1423 2478 1481 2524 ipsi
1496 2483 1587 2524 hujus
1599 2478 1740 2515 recessus

60 2522 137 2561 biles,
155 2525 188 2554 ad
202 2525 310 2555 bonum
327 2529 431 2554 contra
454 2523 607 2564 perfaciles
625 2526 822 2563 perseverent,
841 2527 872 2567 et
913 2536 1033 2558 sensum
1048 2522 1109 2558 non
1124 2527 1308 2567 relinquere.

59 2567 187 2608 quidquid
203 2569 262 2600 Deo
279 2570 386 2610 placet,
405 2569 434 2599 id
450 2569 481 2599 in
508 2568 566 2598 vita
590 2567 716 2608 impigre
732 2571 760 2598 et
776 2566 870 2598 cxsul-
1178 2566 1272 2607 ORA
1283 2574 1326 2607 Τι
1337 2573 1360 2606 ο
1393 2574 1469 2606 ῙῙῙ,

60 2610 172 2654 labundi
185 2618 406 2644 consectentur.
421 2613 476 2644 llic
494 2621 598 2644 eorum
613 2612 686 2643 ordo
705 2615 760 2650 est,
774 2612 822 2652 qui
838 2611 870 2641 in
1216 2630 1428 2654 “cunmm

61 2652 202 2706 Chiistutn
210 2658 414 2706 crediderunt.
473 2702 480 2706 _
583 2705 586 2706 ν
777 2699 797 2706 υ
913 2652 1487 2706 Ωιιοε,ειςιαοιείηιᾀίέίἠίὲὶοάἧᾶἷὸῃίξ
1495 2663 1743 2706 genera.Cogno-

101 2698 153 2731 Sed
163 2701 325 2742 videndum,
336 2713 374 2735 ne
385 2702 502 2743 quando
518 2705 625 2743 prater
639 2709 719 2732 nunc
733 2699 871 2732 ordinem
950 2698 1095 2733 scendam
1115 2702 1194 2742 quod
1212 2702 1296 2735 Deus
1314 2698 1378 2743 sit;
1405 2704 1480 2744 quid
1495 2698 1596 2735 autem
1609 2704 1661 2744 sit,
1671 2698 1741 2736 'non

101 2790 128 2817 ³4
141 2792 225 2826 Galat.
239 2803 283 2835 tu,
299 2795 350 2828 27,
393 2796 425 2823 25
437 2796 517 2829 Psal.
533 2803 635 2835 vam,
651 2793 700 2826 25.
745 2793 776 2820 96
789 2793 875 2827 Rom.
890 2801 954 2832 vui,
970 2793 1001 2825 'l.
1042 2793 1072 2819 9⁷
1085 2794 1099 2827 I
1113 2794 1182 2830 Cor.
1198 2801 1247 2837 xv,
1262 2796 1314 2830 50.
1355 2794 1387 2823 ³8
1398 2795 1503 2830 Matth.
1517 2805 1581 2837 xm,
1597 2796 1650 2830 27.

192 2863 315 2900 Pmon.
330 2863 416 2902 CXX.
1577 2864 1615 2899 11
