1983 3072
91 177 151 211 333
824 175 965 208 ORATIO
985 176 1042 210 III.
1721 175 1781 211 334

89 252 145 283 per
159 243 260 282 ﬁdem,
276 247 338 275 tum
354 243 505 275 diabolum
520 252 553 275 ac
579 243 730 274 daemonas
744 242 913 282 inaspecta-
924 241 949 272 A
959 241 1147 283 redemptio?
1158 241 1297 274 Christus
1305 243 1385 274 enim
1396 241 1595 276 Deivirtuset
1603 244 1659 276 Dei
1663 246 1779 286 sapien-

90 287 167 320 biles
197 289 348 321 debellare
377 293 507 329 possent.
537 289 659 329 Absque
689 287 798 328 Spiritu
814 290 913 317 sancto
956 286 998 317 tia
1016 287 1058 318 55.
1082 287 1165 318 Patet
1179 286 1268 326 igitur
1281 296 1349 318 eum
1365 287 1436 319 huic
1450 297 1509 319 non
1527 289 1776 323 communicasse.

89 333 170 364 enim
185 343 240 364 nec
264 334 395 374 peccatis
408 343 522 372 vacare,
541 343 597 364 nec
611 337 785 374 potestatem
801 331 913 362 daemo-
956 330 1370 372 VirtusenimChristiduplex
1383 335 1428 364 est
1437 332 1629 365 credentibus
1640 345 1647 364 :
1660 334 1778 375 quando

87 387 158 408 num
174 380 331 409 adversum
349 388 413 415 nos,
429 379 567 419 viresque
581 378 729 418 repellere
745 386 913 417 possumus.
957 379 985 406 et
1000 376 1073 416 ipse,
1091 376 1163 407 licet
1191 377 1355 408 secundum
1386 377 1540 417 hypotasin
1565 388 1652 416 unus,
1677 383 1778 412 tamen

88 424 234 463 Baptizari
250 433 368 464 quoque
382 428 498 464 oportet
512 424 543 454 in
557 423 702 454 Trinitate
717 421 913 453 consubstan-
955 419 1064 461 duplex
1082 426 1136 452 est.
1150 421 1185 452 Et
1213 426 1246 453 ut
1272 421 1436 452 substantia
1465 427 1598 454 nostrum
1615 423 1732 463 similis,
1750 429 1780 456 et

89 468 164 506 tiali,
183 479 270 508 quam
289 473 319 499 et
348 469 508 509 credimus,
540 472 626 509 prout
654 467 797 498 Dominus
814 471 914 497 noster
955 473 1063 504 genere
1079 470 1181 496 noster
1195 466 1299 499 frater.
1315 465 1455 497 cordibus
1471 468 1578 498 nostris
1593 468 1678 509 prius
1693 470 1777 510 ejus-

88 513 159 543 Jesu
175 513 309 544 Christus
336 513 500 554 imperavit,
530 523 596 544 cum
623 512 764 553 apostolis
780 511 820 542 ita
836 521 912 551 prae-
955 509 1071 555 cemodi
1087 514 1192 555 statum
1208 510 1342 555 largitur,
1371 511 1487 550 qualem
1515 511 1622 544 habeat
1636 509 1775 555 oportet:

87 558 183 598 cepit:
194 558 313 589 Euntes
324 559 424 590 docete
431 567 531 589 omnes
541 558 850 598 gentes,baptisanles
864 565 914 587 eos
954 553 1004 593 qui
1019 554 1137 594 proprie
1152 555 1240 585 homo
1257 559 1312 586 est.
1329 554 1436 586 Secum
1462 555 1572 597 quippe
1587 553 1777 590 communio-

85 603 118 632 in
134 604 256 634 nomine
274 603 387 639 Patris,
401 603 523 643 etaFilii,
543 606 570 634 et
582 601 717 643 Spiritus
732 602 839 639 sancti,
857 601 912 632 (Io-
953 607 1022 629 nem
1040 598 1210 637 habentem,
1229 600 1402 640 poenitentia
1416 603 1575 633 contritum
1591 606 1620 634 et
1634 602 1777 635 humilia-

85 651 196 684 centes,
215 656 263 678 eos
290 656 413 678 servare
437 649 538 679 omnia
565 655 751 687 quaecunque
766 646 913 677 mandavi
955 646 1027 681 tum,
1046 643 1189 682 sobrium,
1217 648 1428 684 compunctum
1454 645 1523 676 fac“
1545 650 1587 684 υἱ,
1605 656 1672 678 cum
1688 648 1777 680 talem

86 692 171 722 vobis
182 692 222 723 29.
242 693 311 728 Quae
341 693 365 722 si
397 701 559 730 servemus,
591 696 719 722 nostram
745 700 814 730 erga
828 690 910 721 illum
954 687 1099 728 eﬂ'ecerit,
1129 687 1344 728 supplicantem
1373 697 1433 720 non
1460 689 1627 731 despiciat:
1657 692 1734 724 sicut
1748 696 1778 724 et

86 737 518 777 charitatemdemonstramus,
531 742 560 767 et
572 737 621 777 qui
635 737 664 766 in
678 745 712 766 ea
727 745 908 773 maneamus,
955 732 1101 772 Propheta
1111 733 1166 764 ait:
1177 733 1235 777 Cor
1248 736 1412 764 contritum
1426 737 1454 765 et
1467 733 1775 775 humilialum,Deus,

85 781 171 820 digni
183 781 326 812 habemur
339 793 346 819 ;
360 781 435 812 sicut
454 776 613 821 scriptum:
631 780 668 812 Si
683 781 829 811 mandata
846 789 912 811 mea
953 785 1014 826 twn
1029 777 1173 826 ςζᾳερίσὶεε
1188 776 1229 807 ³⁸.
1252 777 1316 826 _QUi_
1345 777 1425 826 enim
1453 779 1484 810 in
1500 780 1589 812 corde
1605 781 1732 814 contrito
1748 786 1777 814 et

85 828 281 857 servaveritis
290 826 450 857 mtmvbitis
466 826 669 867 inﬂileclione
683 835 770 857 mea:
793 826 868 856 sicut
883 828 911 856 et
922 821 1109 867 Rhmuiliato
1125 831 1183 852 non
1201 822 1283 863 petit,
1301 822 1473 864 despicitur.

85 879 138 909 ego
151 870 252 902 Patris
266 873 325 901 mei
341 874 490 911 prwcepta
501 865 636 907 servari,
649 874 675 901 et
689 879 792 902 moneo
807 870 839 901 in
849 871 911 910 ejus
921 865 944 876 ⁸³
993 865 1049 897 Ubi
1060 866 1168 898 deinde
1179 867 1361 898 Christianus
1371 868 1461 899 talem
1472 878 1505 900 se
1517 869 1689 910 prebuerit,
1707 875 1776 904 tunc

85 915 246 946 ιιι-[ρεηοηε
266 916 307 945 50,
338 915 368 947 Si
384 925 441 946 non
459 925 620 952 servemus,
637 915 720 947 illum
738 925 797 946 non
812 923 912 945 amare
953 911 1061 951 oranti,
1074 911 1245 952 petentique
1265 911 1400 943 Christus
1421 913 1509 944 etiam
1527 914 1649 947 virtutes
1660 916 1750 949 donat
1766 927 1774 956 ;

85 960 293 991 convincimur
304 969 310 992 :
323 960 385 991 Ηυξ
397 962 473 992 enim
487 970 545 992 non
561 961 660 1002 diligit
672 969 728 1000 me,
743 959 838 1000 inquit
851 962 911 991 Do-
953 956 1188 1002 quippeiuujam
1210 956 1311 987 mitem
1327 962 1358 988 θῐ
1373 962 1505 998 paratum
1521 958 1622 991 doceri
1638 961 1698 993 vias
1712 961 1774 993 Do-

86 1003 197 1041 minus,
210 1014 363 1036 sermones
380 1015 462 1036 meos
478 1015 537 1036 non
555 1000 654 1036 seruat
672 1005 711 1035 5‘.
728 1004 763 1034 Et
777 1004 884 1034 iterum
903 1012 908 1034 :
954 1000 1027 1030 mini
1040 1001 1071 1025 ⁵7
1090 1001 1154 1040 (soli
1172 1010 1299 1042 namque
1327 1001 1413 1033 mites
1429 1012 1479 1034 eas
1494 1003 1660 1047 docentur),
1676 1007 1775 1039 reddit

85 1048 146 1085 Qui
156 1048 244 1080 habet
255 1051 399 1081 mandatu
409 1059 484 1088 mea,
504 1054 530 1081 ct
550 1054 648 1081 servat
665 1059 711 1085 eu,
736 1049 789 1080 ille
805 1050 912 1089 estqui
954 1053 1021 1075 eum
1051 1050 1176 1082 castum,
1210 1050 1438 1087 temperantem,
1463 1048 1578 1088 justum
1607 1050 1715 1082 fortem
1743 1052 1776 1084 in

83 1093 189 1132 diligi;
211 1103 256 1124 me
265 1094 303 1125 52,
322 1094 509 1135 Quopropler
524 1095 573 1135 qui
589 1095 618 1124 in
637 1094 784 1125 Christum
803 1094 907 1132 credit,
953 1089 1174 1130 tentationibus,
1191 1099 1292 1122 rerum
1308 1091 1477 1122 divinarum
1505 1094 1643 1133 peritum,
1661 1096 1777 1127 miseri-

84 1146 146 1167 non
162 1138 250 1168 habet
265 1139 343 1169 aliud
361 1139 453 1179 prius,
485 1149 543 1180 quo
570 1139 659 1170 tidem
675 1148 756 1170 suam
773 1139 910 1170 ostendat
952 1135 1774 1180 ροτάεηιχειίεηειίηοοιηηιοόειεθηιὶθηιειη,ιιυιηειιιιιω,

83 1190 118 1211 ac
136 1182 254 1223 probet,
272 1183 329 1214 nisi
345 1184 412 1224 quia
442 1179 526 1224 fugit,
557 1193 622 1224 qum
636 1183 687 1214 ille
704 1183 864 1224 prohibuit.
883 1187 910 1214 et
952 1179 1061 1210 bonum
1078 1179 1287 1218 Christianum,
1317 1180 1425 1212 Christi
1450 1182 1577 1222 insignia
1594 1179 1772 1224 portantem,

83 1225 155 1256 facit
170 1237 235 1267 qum
248 1228 347 1267 jussiL
951 1233 984 1254 ac
1000 1224 1131 1257 ﬁdelem.
1147 1224 1285 1256 Creditur
1309 1225 1389 1256 enim
1416 1225 1459 1257 illi
1488 1227 1580 1267 gratia
1595 1230 1776 1262 sanctissimi

129 1271 307 1302 Praeclarum
323 1278 367 1304 est
382 1273 411 1304 in
442 1274 590 1306 Christum
621 1273 743 1304 credere
760 1284 768 1302 :
786 1273 838 1304 sed
854 1282 908 1304 ne-
952 1268 1078 1308 Spiritus
1095 1271 1169 1310 ejus,
1195 1279 1248 1310 Per
1272 1279 1372 1310 quam,
1390 1275 1418 1301 ϐε
1433 1272 1462 1302 in
1478 1281 1537 1312 qua
1551 1272 1607 1304 ista
1621 1275 1776 1312 acquisivit

85 1325 172 1346 cesse
188 1321 231 1347 est
246 1317 332 1348 etiam
350 1318 465 1349 Christo
482 1319 616 1349 credere.
640 1318 711 1348 Nam
728 1318 779 1358 qui
794 1318 908 1349 Christo
952 1314 979 1351 (ῖλι
994 1314 1057 1344 δοιο
1071 1314 1150 1345 enim
1171 1314 1232 1344 D80
1256 1314 1379 1359 γὶπιιιιεε
1394 1315 1564 1348 hOminibUS
1577 1320 1773 1359 suppeditan-

87 1370 149 1390 non
166 1362 271 1397 credit,
289 1363 319 1392 in
335 1362 482 1394 Christum
512 1363 662 1394 credendo
691 1357 765 1393 nihil
783 1362 907 1403 proﬁcit.

955 1362 1021 1395 lur),
1036 1359 1126 1399 ﬁtque
1136 1358 1242 1389 similis
1255 1357 1332 1390 Patri
1346 1369 1399 1390 suo
1420 1361 1544 1398 caelesti,
1563 1357 1642 1394 sicut
1653 1368 1682 1394 et
1695 1365 1773 1396 divi—

87 1405 218 1436 Credere
247 1407 367 1446 quidem
396 1407 425 1437 in
456 1407 603 1438 Christum
630 1407 784 1444 debemus,
823 1411 854 1438 ut
879 1407 908 1437 in
952 1411 1007 1433 nus
1023 1403 1172 1443 apostolus
1191 1403 1322 1434 Joannes
1337 1403 1504 1444 Theologus
1520 1405 1639 1447 inquit:
1658 1408 1772 1447 Filioli,

85 1449 194 1488 Deum,
211 1451 492 1483 consubstantialem
509 1452 569 1482 Deo
598 1452 739 1492 et;_Patri,
756 1451 907 1482 hominem
950 1449 1087 1478 ηοηίῖῑιηι
1098 1449 1322 1494 apparvit?un
1333 1449 1458 1481 ενίηιαε-
1472 1449 1775 1494 δοίηταδεηὶΐη›11υοά

84 1499 188 1525 natum
204 1501 324 1536 propter
340 1506 404 1533 nos,
422 1501 454 1528 ut
469 1497 796 1537 dictum_est.',Credere
811 1501 907 1527 autem

955 1494 1213 1532 cumapparuerit,
1226 1493 1340 1524 similes
1348 1494 1398 1525 illi
1407 1495 1564 1533 erimus-">8,
1576 1496 1605 1528 id
1621 1503 1677 1535 est,
1689 1493 1775 1529 Chri-

83 1539 127 1587 illi
145 1533 233 1571 etiam
251 1533 281 1571 in
297 1541 434 1572 omnibus
460 1551 526 1582 quae
542 1533 666 1573 locutus
682 1546 736 1587 est,
755 1551 862 1587 nempe
874 1541 908 1587 in
920 1533 996 1587 ῧξῑξ)
1014 1537 1179 1587 οείξλξᾚξρ
1208 1537 1439 1587 Βεξὶεῃῇθξημῐη
1468 1540 1610 1587 etelurum
1625 1533 1773 1583 siquidem

85 1583 174 1615 bonis
190 1594 223 1616 ac
240 1587 368 1625 prmmiis
384 1596 448 1627 quae
477 1587 635 1626 pollicitus,
667 1591 695 1617 ει
710 1586 740 1617 in
756 1586 909 1626 suppliciis
951 1581 1023 1612 tales
1044 1581 1182 1627 admittit,
1200 1582 1249 1622 qui
1264 1581 1331 1613 Filii
1346 1582 1401 1614 Dei
1415 1583 1641 1617 similitudinem
1657 1581 1770 1626 gerant,

83 1638 151 1669 quae
167 1631 362 1662 comminatus
386 1626 440 1663 est.
470 1631 585 1662 Etenim
614 1636 768 1672 martyres,
799 1631 848 1671 qui
878 1631 908 1661 iu
951 1635 1037 1666 quam
1050 1626 1395 1672 rquidemcousummata
1422 1628 1475 1660 Dei
1503 1630 1708 1663 mandatorum
1723 1632 1774 1664 ob-

83 1682 152 1704 eum
163 1675 364 1709 crediderunt.
374 1686 440 1706 cum
448 1676 640 1707 credidissent
650 1676 775 1708 dicenti:
792 1677 851 1713 Qui
861 1685 908 1707 me

81 1720 249 1758 negaverit,
258 1721 375 1759 negabo
385 1721 470 1751 illum
484 1722 615 1752 vicissim
625 1722 728 1761 :etqui
737 1730 909 1761 persevera-

83 1765 161 1794 verit
168 1766 298 1804 usquein
306 1766 409 1805 ﬁnem,
419 1767 467 1797 hic
474 1766 573 1797 salvus
579 1767 636 1797 erit
645 1767 687 1803 55,
701 1766 768 1796 ideo
776 1765 812 1796 ad
826 1774 907 1795 mor-

85 1811 147 1838 tem
178 1818 271 1848 usque
299 1810 500 1842 cruciamenta
538 1811 749 1842 sustinuerunt.
780 1809 910 1851 Alioqui,

83 1853 172 1893 cedo,
187 1854 236 1893 qui
248 1853 334 1884 vitam
355 1855 559 1895 projecissent,
576 1856 639 1886 siin
651 1856 697 1886 his
711 1856 737 1886 ei
748 1855 834 1886 ﬁdem
851 1864 910 1885 non

82 1897 284 1929 habuissent?
311 1899 345 1929 Et
360 1909 462 1930 omnes
478 1901 527 1940 qui
543 1910 609 1931 cum
626 1900 820 1931 sanctimonia
835 1904 906 1931 aeta-

85 1946 146 1972 tem
163 1947 288 1982 egerunt
303 1953 384 1974 suam
400 1944 437 1975 ob
465 1945 564 1976 divina
580 1945 627 1975 illo
646 1945 800 1986 promissa,
820 1945 907 1985 polli-

81 1987 311 2028 citationesque,
329 1993 358 2019 et
387 1989 481 2020 minas
509 1999 542 2020 ac
569 1994 709 2027 terrores,
739 1990 780 2020 ita
807 1993 908 2020 sancte

79 2032 221 2073 justeque
236 2033 380 2065 vixerunt.
398 2033 452 2070 Qui
467 2039 565 2066 autem
588 2035 617 2065 in
636 2035 784 2067 Christum
800 2035 905 2073 credit,

82 2086 176 2117 seque
193 2078 280 2109 etiam
297 2078 340 2108 illi
365 2079 487 2110 credere
512 2080 678 2120 proﬁtetur,
696 2089 794 2121 neque
810 2084 907 2111 tamen

83 2122 119 2152 ab
136 2122 282 2162 improbis
311 2123 394 2154 lactis
423 2124 563 2162 declinat,
595 2134 693 2165 neque
717 2125 752 2156 ad
769 2125 906 2156 virtutem

82 2166 242 2205 incumbit,
260 2167 387 2198 inﬁdelis
405 2172 458 2206 est,
477 2169 625 2200 Christum
642 2174 737 2210 negat,
753 2178 810 2210 per
823 2179 905 2210 pro:-

82 2212 305 2243 varicationem
313 2212 386 2252 legis
397 2213 488 2244 Deum
498 2214 700 2252 inhonorans,
710 2214 820 2254 utapud
831 2215 906 2254 Apo-

84 2256 194 2287 stolum
212 2257 388 2296 legimus“.
420 2258 503 2294 Quod
533 2261 556 2289 si
586 2259 722 2296 atﬁrmet,
739 2259 861 2290 credere
878 2268 909 2289 se

83 2301 206 2341 quidem
217 2301 344 2343 Christo,
367 2303 483 2343 quando
502 2304 622 2344 quidem
645 2308 673 2335 et
686 2304 716 2334 in
729 2304 823 2344 ipsum
841 2313 908 2334 cre—

82 2347 144 2384 dat,
164 2347 192 2376 in
200 2347 357 2378 virtutibus
366 2352 462 2378 autem
471 2349 758 2389 elaborare,hocest,
773 2348 911 2379 mandata

82 2393 149 2431 ejus
162 2391 318 2423 observare
341 2402 401 2432 prie
420 2393 590 2424 inﬁrmitate
610 2403 667 2424 non
685 2403 781 2432 posse,
800 2393 909 2423 menti-

82 2441 152 2468 tur:
170 2438 270 2467 omnia
285 2447 414 2478 namque
433 2438 572 2478 apostolis
590 2448 606 2469 a
626 2439 740 2470 Christo
756 2438 817 2469 Deo
835 2447 909 2478 prae-

83 2485 180 2522 cepta,
199 2481 285 2513 nobis
301 2482 438 2513 similiter
465 2487 610 2523 praecepta
637 2488 714 2521 sunt,
732 2492 824 2524 eaque
841 2482 909 2513 dum

84 2527 114 2557 in
132 2527 188 2557 hac
204 2527 260 2557 vita
273 2537 502 2565 commoremur,
534 2538 651 2559 servare
667 2529 786 2569 quidem
804 2537 909 2568 possu-

86 2580 175 2609 mus;
194 2571 246 2602 sed
261 2571 330 2612 quia
352 2572 496 2604 charitate
523 2573 553 2603 in
581 2573 728 2604 Christum
745 2572 911 2603 imbecilles

86 2625 201 2653 sumus,
214 2616 364 2647 nolumus.
376 2616 522 2652 Quorsum
534 2617 613 2648 enim
627 2618 739 2658 alioqui
757 2617 846 2649 verba
861 2617 911 2647 illa

86 2661 220 2701 Apostoli
235 2661 272 2691 de
301 2661 404 2692 Chisto
436 2662 643 2702 pertinebant:
673 2663 734 2701 Qui
753 2662 855 2702 factus
868 2665 910 2693 est

85 2705 172 2737 nobis
181 2708 334 2746 sapientia
343 2715 361 2737 ιι
368 2706 442 2744 Deo,
452 2711 481 2738 et
482 2708 622 2746 justitia,
630 2711 656 2739 et
663 2707 874 2748 sanctiﬁcatio,
882 2709 911 2738 et

951 1671 1074 1701 servatio
1091 1671 1240 1711 conciliat,
1271 1676 1300 1702 et
1329 1681 1364 1703 ea
1394 1672 1458 1713 ipsa
1484 1683 1520 1705 ex
1545 1675 1689 1708 charitate
1704 1686 1773 1717 erga

951 1716 1097 1747 Christum
1109 1716 1324 1756 proﬁciscitur:
1339 1716 1406 1754 Οιίί
1421 1719 1527 1759 diligit
1541 1729 1597 1759 me,
1615 1721 1655 1752 ait
1669 1716 1773 1753 Domi-

950 1770 1016 1801 nus,
1028 1761 1173 1792 mandata
1185 1770 1251 1791 mea
1260 1762 1393 1793 servabit
1406 1762 1447 1792 59.
1464 1763 1502 1795 Et
1514 1764 1564 1805 qui
1580 1770 1675 1797 servat
1687 1775 1773 1798 man-

954 1805 1021 1836 data
1035 1805 1154 1846 Christi,
1171 1806 1236 1846 ejus
1250 1806 1476 1839 similitudinem
1497 1809 1690 1850 adipiscitur:
1708 1811 1772 1843 for-

953 1855 1049 1896 matur
1068 1850 1149 1881 enim
1164 1850 1194 1881 in
1210 1860 1245 1882 eo
1270 1851 1414 1891 Christus,
1427 1853 1511 1893 juxta
1523 1854 1597 1886 illud
1611 1856 1746 1896 Apostoli
1763 1866 1771 1890 :

949 1895 1001 1926 Fil
1005 1895 1059 1926 ioli
1062 1920 1069 1935 ,
1078 1903 1152 1935 quos
1159 1896 1269 1926 iterum
1273 1900 1423 1936 periurio,
1431 1898 1524 1930 donec
1530 1895 1680 1939 formetur
1687 1903 1774 1934 Chri-

949 1943 1018 1987 stus
1039 1941 1070 1971 in
1094 1939 1176 1971 vobis
1188 1940 1228 1970 40.
1245 1940 1308 1987 Nisi
1324 1941 1402 1987 enim
1418 1942 1450 1973 in
1465 1944 1625 1976 christiano
1640 1946 1774 1987 quolibet

950 1984 1083 2016 Christus
1097 1985 1238 2016 formatus
1254 1985 1433 2026 invenietur,
1449 1997 1574 2027 regnum
1589 1984 1733 2022 calorum
1744 1992 1773 2024 ei

949 2037 1009 2060 non
1025 2029 1149 2070 patebit.

988 2075 1089 2114 Itaque
1101 2084 1187 2121 nemo
1201 2074 1385 2121 Christianus
1400 2081 1495 2108 semet
1509 2078 1649 2121 decipiat,
1666 2084 1772 2121 putans

949 2128 980 2150 se
997 2123 1109 2166 partem
1125 2119 1235 2166 habere
1246 2129 1313 2151 cum
1323 2120 1451 2159 Christo,
1464 2122 1534 2153 dum
1546 2119 1604 2154 non
1615 2119 1770 2166 obtempe-

951 2164 1202 2196 ratChristozNon
1211 2166 1291 2197 enim
1297 2168 1396 2198 omnis
1404 2168 1628 2208 quidicitmihi,
1642 2164 1772 2203 Domine

918 2200 942 2230 Ι)
953 2209 1092 2246 Domine,
1103 2209 1231 2240 intrabit
1240 2210 1273 2240 in
1281 2200 1568 2251 regtmm‘cazlorum:
1578 2200 1631 2244 sed
1641 2200 1775 2255 facit

950 2253 1249 2293 voluntatemj’atris
1264 2256 1324 2286 mei
1334 2258 1387 2296 qui
1402 2258 1435 2288 in
1445 2258 1526 2289 caelis
1538 2262 1582 2290 est
1596 2259 1635 2289 41.
1645 2253 1774 2291 Εειίἰιτ-

952 2307 1017 2328 sum
1029 2308 1035 2327 :
1047 2297 1115 2339 Ego
1123 2298 1263 2330 descendi
1272 2299 1309 2331 de
1317 2302 1403 2339 calo,
1417 2311 1479 2333 non
1493 2306 1527 2334 ut
1540 2304 1654 2342 faciam
1668 2305 1776 2337 volun-

953 2346 1040 2391 tatem
1048 2344 1222 2391 melimged
1227 2346 1290 2382 ejus
1297 2346 1351 2385 qui
1362 2347 1446 2391 misit
1459 2356 1507 2378 me
1524 2348 1623 2380 Patris
1632 2349 1671 2380 49.
1687 2350 1776 2391 Atqui

952 2387 1048 2433 Patris
1061 2391 1088 2418 et
1100 2388 1165 2419 Filii
1178 2389 1312 2420 voluntas
1327 2390 1429 2422 eadem
1443 2395 1496 2422 est.
1509 2391 1540 2423 Si
1552 2403 1621 2433 ergo
1632 2387 1776 2426 Domitius

952 2432 1017 2472 ipse
1028 2432 1090 2463 haec
1102 2432 1242 2473 loquitur,
1256 2443 1313 2474 quo
1332 2439 1416 2474 pacto
1428 2436 1458 2467 in
1479 2432 1653 2470 Christianis
1669 2448 1769 2471 nume-

952 2477 1074 2523 rabitur
1090 2477 1139 2523 qui
1169 2487 1252 2508 suam
1281 2479 1458 2512 voluntatem
1497 2482 1577 2523 facit,
1607 2487 1636 2514 et
1667 2484 1777 2516 Christi

952 2523 1034 2571 quasi
1057 2522 1134 2554 limis
1164 2523 1414 2571 oc_u|is_aspicit?
1442 2529 1498 2558 Aut
1513 2522 1573 2568 qua
1585 2529 1706 2561 tandem
1722 2539 1776 2571 spe

952 2566 1100 2616 Christum
1113 2576 1180 2598 esse
1191 2569 1350 2616 Dominum
1368 2566 1546 2616 conﬁtetur?
1564 2573 1645 2614 Quis,
1662 2566 1773 2616 quaeso,

953 2613 999 2643 cui
1016 2612 1116 2650 servit,
1133 2621 1201 2642 eum
1218 2613 1324 2659 fatetur
1348 2624 1414 2646 esse
1442 2615 1601 2649 Dominum
1631 2612 1728 2659 suum,
1746 2612 1777 2652 et

952 2657 1050 2688 eidem
1065 2666 1123 2687 non
1139 2657 1261 2688 obedit?
1276 2659 1446 2698 LDaemones
1470 2661 1585 2694 Christo
1610 2673 1669 2695 non
1684 2657 1775 2696 obse-

953 2707 1093 2747 quuntur,
1111 2702 1306 2735 nihilominus
1320 2714 1388 2736 eum
1402 2707 1592 2748 conﬁtentur,
1623 2714 1652 2742 et
1666 2715 1777 2744 norunt

122 2795 152 2844 :9
166 2795 389 2844 Matthﬂxvxu,
401 2796 509 2844 lii—20.
542 2797 584 2844 fit)
594 2797 679 2844 toan.
693 2806 747 2844 ᾗ
765 2797 813 2844 19.
854 2795 1063 2844 ἔιδοειῷῃιιιε,
1081 2794 1148 2844 24.Δ
1173 2793 1203 2844 ξε
1217 2792 1370 2844 "Ibidgagl'.
1412 2796 1445 2822 53
1459 2796 1560 2844 Matth.
1580 2807 1631 2844 ἐκ
1645 2801 1695 2844 22,
1721 2803 1775 2838 23,

81 2835 112 2861 ³4
123 2835 196 2868 Rom
205 2859 212 2867 .
225 2845 257 2868 ιι.
269 2836 320 2869 93.
363 2836 390 2858 35
400 2836 413 2868 Ι
423 2836 490 2870 Cor.
503 2845 523 2876 Ι,
540 2838 650 2871 24-30.
692 2838 806 2872 36Psal.
818 2847 848 2876 ιι,
862 2839 911 2869 19.

954 2834 1067 2885 sapia.
1081 2842 1160 2874 xm,
1173 2835 1203 2874 1,
1215 2833 1246 2866 5.
1289 2834 1316 2859 es
1327 2834 1492 2883 “960,13,
1506 2838 1538 2875 2.
1580 2833 1701 2877 monui
1711 2833 1785 2885 xii;

78 2876 128 2910 23.
172 2877 203 2903 ἰο
221 2876 317 2911 Galat.
336 2885 377 2917 iv,
394 2877 443 2910 10.
487 2878 514 2903 ιι
530 2877 631 2912 Matth.
648 2887 700 2920 v11,
717 2879 767 2910 21.
811 2875 940 2914 B'Joan.
956 2883 997 2917 v1,
1012 2875 1065 2910 38.

1065 3001 1081 3026 [ἕ
