1983 3072
203 190 264 224 335

846 187 1038 224 SYMEONIS
1058 189 1244 226 JUNIORIS.

1838 198 1897 231 336

203 259 386 302 Deumesse:
397 257 483 302 aiunt
492 257 587 302 enim:
603 255 890 298 Novimustequisis
904 259 1060 289 sanctast.
1072 261 1184 290 tantum
1210 259 1347 299 credunt,
1365 260 1407 293 sic
1430 262 1570 302 operibus
1586 263 1675 295 ﬁdem
1689 273 1771 295 suam
1788 269 1894 296 testan-

202 304 263 337 Det'
277 302 317 336 4³.
348 300 408 334 Sed
437 301 576 343 quoniam
611 302 795 340 defecerunt,
825 303 948 344 jamque
975 312 1030 334 nec

200 349 302 380 volunt
337 357 394 378 nec
430 350 565 387 possunt,
610 347 704 386 hunc,
748 346 906 378 Dominum
942 357 1028 378 suum

199 393 378 436 appellare;
414 391 503 423 etiam
546 392 612 432 ejus
650 392 794 424 voluntati
823 393 1029 433 obtemperare

200 441 366 480 nequeunt.
414 436 502 468 Solus
547 437 635 476 igitur
679 437 730 468 ille
772 438 941 469 censendus
984 441 1029 468 est

198 484 397 520 Christianus,
413 481 464 522 qui
480 480 628 513 Christum
647 481 735 513 simul
756 481 914 514 Dominum
941 491 1025 512 suum

199 529 368 564 conﬁtetur,
395 526 484 557 simul
513 526 610 557 eidem
635 525 830 558 obseeundat.
861 526 915 562 Qui
947 526 1025 558 enim

198 574 298 612 habet,
327 578 357 603 et
385 570 545 602 conﬁtetur
573 571 723 602 Christum
752 571 909 602 Dominum
925 580 1023 608 suum,

196 620 305 650 virtute
320 615 585 658 cognominationis
600 625 617 646 a
646 614 756 646 Christi
785 615 904 646 nomine
920 616 1026 646 conﬁr-

198 668 306 701 matur,
322 666 356 694 ut
375 670 410 693 se
442 659 479 692 ad
508 659 661 692 arbitrium
694 661 759 700 ejus
787 660 1025 700 voluntatemque

197 706 414 740 accommodet.
431 704 462 737 Si
486 714 545 736 non
575 706 776 743 conﬁrmatur,
808 709 871 737 tum
888 714 955 735 eum
973 714 1024 736 ore

197 758 286 786 tenus
301 751 449 784 Christum
471 749 624 787 conﬁtere,
655 749 746 781 corde
761 754 859 781 autem
885 750 971 790 longe
988 749 1023 780 ab

197 808 235 831 eo
246 798 356 828 distare
367 799 481 826 certum
497 794 587 825 est“.
601 793 680 825 Fieri
694 794 840 835 siquidem
848 802 905 826 n0n
917 798 1023 834 potest,

1072 307 1128 348 tur.
1146 305 1194 345 qui
1211 305 1310 336 verbis
1325 315 1390 337 eam
1407 307 1587 338 conﬁtentur
1601 319 1608 344 ;
1633 309 1774 348 quoniam
1792 309 1895 341 timent

1070 347 1176 387 Deum,
1196 359 1283 390 quem
1300 351 1490 382 confitentur.

1111 392 1230 424 Timere
1242 399 1339 426 autem
1351 396 1454 432 Deum,
1466 396 1547 427 aliud
1562 396 1636 427 nihil
1648 401 1703 436 est,
1715 407 1803 438 quam
1820 397 1894 429 nihil

1069 436 1197 477 improbi
1214 439 1355 470 facinoris
1384 441 1582 479 committere,
1615 451 1682 473 cum
1700 436 1787 474 nemo
1803 443 1892 475 videt.

1071 482 1154 527 Multi
1169 483 1278 524 quippe
1293 488 1413 524 proriter
1428 484 1564 516 timorem
1591 486 1756 524 hominum,
1774 492 1895 527 propter

1068 526 1225 572 pudorem,
1243 532 1363 568 propter
1377 529 1498 569 gratiam
1528 539 1545 560 a
1572 530 1684 570 ﬂagitio
1701 526 1893 572 temperant;

1067 570 1146 611 quod
1159 572 1285 612 proinde
1297 577 1352 610 est,
1367 583 1401 604 ac
1419 574 1444 604 si
1460 578 1677 614 perpetrarent.
1696 570 1893 612 Quemadmo-

1067 615 1136 646 dum
1160 625 1195 646 ex
1217 617 1309 648 altera
1335 622 1428 658 parte,
1454 619 1520 659 quis
1544 619 1641 650 causis
1655 620 1806 658 commoti,
1824 620 1890 651 lau-

1066 659 1164 706 dabile
1179 661 1330 701 quidpiam
1348 667 1497 702 praestant,
1529 663 1634 694 eodem
1651 664 1714 695 loco
1737 668 1817 702 sunt,
1833 675 1891 706 quo

1066 704 1117 744 qui
1132 714 1190 736 non
1207 710 1358 745 praestant,
1389 711 1546 747 propterea
1575 708 1653 748 quod
1678 704 1891 749 quicunquein

1066 754 1147 780 recte
1157 750 1241 781 factis
1251 751 1405 782 hominum
1420 752 1548 783 favorem
1562 753 1755 794 plausumque
1764 763 1891 794 aucupa-

1066 798 1125 839 tur,
1140 799 1189 825 aut
1203 804 1236 825 ex
1247 795 1306 826 alio
1316 796 1444 836 quodam
1466 797 1571 828 affectu
1594 807 1628 828 ea
1641 799 1774 839 suscipit,
1791 808 1893 839 repro-

196 848 230 876 ut
244 842 295 883 qui
310 840 480 890 medullitus
494 839 642 890 Christum
671 839 831 894 ‘Dominum
847 849 932 870 suum
948 848 1016 894 con:
1032 863 1055 894 Β
1067 837 1182 894 bus-test
1197 840 1276 890 apud
1289 841 1393 894 laeum.
1408 839 1519 894 Verurn
1529 841 1560 871 in
1572 842 1656 873 omni
1669 837 1772 894 opere,
1787 837 1890 894 verba,

197 889 308 924 ﬁtetur,
333 895 393 917 non
421 884 510 916 etiam
541 884 606 924 ejus
634 883 773 915 voluntati
803 893 906 924 parere
922 883 1243 924 queat.“cogitatione
1258 884 1283 914 is
1299 885 1366 915 ﬁnis
1383 885 1550 925 propositus
1578 895 1644 917 esse
1660 883 1888 924 debet,rutDeo

196 930 389 972 Magnitudini
402 929 481 961 enim
494 928 562 960 ﬁdei
578 928 737 960 alacritatis
749 928 785 959 ad
804 928 1021 969 exsequendam

195 977 249 1009 Dei
264 975 443 1007 voluntatem
454 974 674 1004 incrementum
690 973 864 1014 reSpondet.
881 972 956 1012 Ergo
972 974 1020 1015 qui

196 1022 334 1055 mandata
355 1019 489 1061 conﬁcit,
518 1018 682 1050 secundum
715 1018 936 1060 proportionem
952 1018 1021 1050 obe-

196 1065 316 1100 dientiae
340 1074 413 1098 suae.
443 1063 565 1095 modum
597 1073 634 1095 ac
666 1072 835 1095 mensuram
864 1063 934 1094 ﬁdei
962 1072 1022 1095 suae

194 1113 390 1144 demonstrat.
407 1107 608 1146 Econtrario,
640 1107 692 1149 qui
721 1107 858 1139 mandata
884 1107 1018 1147 negligit,

194 1167 247 1200 pro
255 1157 394 1200 portione
402 1153 819 1200 cessationis,»omissionisve,
833 1158 1018 1200 quantopere

194 1198 298 1234 inﬁde
314 1199 471 1239 claudicet,
496 1198 638 1238 ostendit,
668 1202 698 1229 et
726 1207 780 1239 pro
803 1198 1019 1229 incredulitatis

194 1256 256 1280 suae
271 1245 359 1278 modo
384 1244 487 1286 gratiae
514 1243 729 1274 detrimentum
758 1242 877 1283 accipit.
901 1242 971 1273 Nam
989 1247 1020 1272 ut

193 1293 260 1325 sine
274 1291 391 1325 Christo
415 1289 526 1322 Christi
554 1289 734 1320 voluntatem
766 1288 867 1325 facias,
884 1288 960 1319 haud
976 1292 1020 1318 est

195 1337 348 1380 possibile,
365 1335 395 1366 id
409 1334 488 1376 quod
503 1333 630 1375 ipsemet
641 1336 764 1380 testatur
773 1342 782 1380 ξ
801 1333 894 1380 Quia,
911 1332 1016 1380 inquit,

193 1377 261 1416 sine
276 1391 323 1413 me
335 1379 418 1412 nihil
431 1380 554 1420 potestis
582 1379 683 1418 facere
697 1378 738 1409 45.
768 1378 831 1409 lam
847 1377 897 1418 qui
912 1377 1018 1409 Christi

193 1428 375 1460 voluntatem
390 1434 450 1455 non
465 1423 544 1461 facit,
570 1423 684 1464 absque
699 1423 826 1462 {Christo
843 1428 897 1462 est,
915 1432 970 1453 nec
985 1432 1020 1453 ex

195 1482 230 1505 eo
254 1471 333 1513 quod
362 1469 510 1502 Christum
541 1468 709 1513 confitetur,
737 1467 832 1513 ullam
861 1466 1018 1513 utilitatem

193 1511 302 1558 capiet.
341 1513 458 1546 Etenim
488 1512 637 1558 Christum
672 1511 819 1549 conﬁteri,
850 1515 878 1543 et
903 1511 1018 1558 Christo

194 1555 329 1601 obedire,
342 1567 508 1600 quanquam
523 1557 581 1588 duo
592 1556 739 1595 videntur,
752 1560 850 1602 tamen
871 1565 930 1587 non
947 1555 1017 1602 duo,
1030 1570 1051 1602 ο

194 1606 246 1638 sed
259 1599 508 1644 unumquiddam
532 1606 626 1633 sunt:
657 1610 713 1632 nec
743 1599 823 1631 enim
848 1609 939 1632 unum
955 1599 1019 1631 sine

194 1651 288 1684 altero
302 1652 427 1685 constat,
452 1646 571 1678 tametsi
598 1646 769 1686 ignorantes
798 1645 918 1686 quidam
935 1645 1020 1676 aliter

194 1695 335 1728 sentiant.
367 1692 445 1723 Audi
471 1690 657 1732 apostolum:
681 1690 769 1722 Fides
793 1691 858 1722 sine
885 1689 1021 1730 operibus

194 1743 313 1772 mortua
325 1738 411 1769 estin
421 1734 628 1776 semetipsa“.
644 1734 678 1766 Et
689 1734 847 1766 Dominum
860 1744 871 1765 :
883 1734 964 1772 Quid
973 1743 1021 1766 me

192 1780 709 1824 vocalis,Domine,Domine,etaon
718 1780 819 1819 facilis
827 1779 996 1820 quaedtcot'l
1006 1778 1023 1809 ‘l

197 1830 409 1865 Amemamm,
421 1826 486 1857 dico
498 1824 591 1861 vobis,
604 1824 701 1856 omnis
711 1826 764 1864 qui
771 1825 846 1863 facit
852 1828 1020 1864 peccatum,

191 1884 253 1906 non
260 1868 1019 1908 estservusChristi,sedpeccati48'49.Servusautem

191 1916 309 1960 peccati
337 1915 369 1946 in
385 1912 541 1960 domo_[_lei
557 1917 586 1944 et
600 1912 694 1943 Patris
710 1921 830 1960 manere
849 1922 906 1943 non
923 1916 1019 1960 potest

190 1957 223 1994 in
233 1967 378 1994 aeternum
390 1970 396 1991 :
409 1959 462 1990 sed
472 1958 578 1996 Filius,
590 1961 620 1988 et
632 1957 826 1999 quem'Filius
843 1967 860 1988 a
878 1957 1018 1988 servitute

189 2005 307 2049 peccati
324 2003 511 2049 liberaverit.
538 2002 626 2049 Atqui
655 2001 760 2049 domus
782 2001 844 2049 _Dei
869 2006 899 2033 et
913 2002 1018 2049 Patris,

1064 927 1193 968 placeas,
1211 928 1354 969 illumque
1365 930 1503 968 honores,
1517 931 1890 963 convenientersententioe

1063 973 1248 1012 apostolicae:
1259 973 1331 1005 Sive
1341 975 1506 1012 comeditis,
1517 978 1580 1006 sive
1590 977 1676 1007 aliud
1688 977 1762 1016 quid
1768 977 1887 1016 facitis,

1063 1018 1166 1048 omnia
1181 1018 1221 1049 ad
1235 1018 1368 1058 gloriam
1381 1020 1438 1050 Dei
1457 1020 1549 1058 facile
1563 1021 1603 1051 51.
1627 1021 1710 1057 Quod
1726 1022 1750 1052 si
1764 1022 1888 1053 verbum

1063 1061 1121 1093 hoc
1133 1071 1233 1093 verum
1249 1072 1283 1093 ac
1295 1071 1411 1094 certum
1423 1070 1478 1102 est,
1493 1064 1570 1095 sicut
1585 1069 1629 1096 est
1654 1065 1744 1106 (regis
1763 1066 1844 1096 enim
1860 1070 1888 1098 et

1056 1106 1180 1152 judicis.
1193 1108 1427 1139 etDominiJesu
1437 1108 1649 1149 omnipotentis
1670 1115 1734 1148 est),
1751 1120 1861 1152 nempe
1877 1122 1884 1142 :

1059 1151 1568 1193 Nisiabundaoeritjuslitiavestra
1582 1154 1746 1194 plusquam
1763 1156 1888 1188 Scriba-

1060 1203 1130 1240 rum
1141 1197 1416 1235 eljpharisiromm,
1427 1207 1489 1229 non
1495 1200 1577 1229 intra
1583 1199 1650 1230 bilis
1656 1201 1686 1230 in
1698 1209 1826 1240 regnum
1833 1210 1887 1233 cae-

1062 1239 1160 1271 lorum
1171 1240 1212 1278 59,
1224 1241 1294 1281 quid
1308 1251 1396 1282 supra
1415 1241 1534 1273 Scribas
1550 1247 1578 1273 et
1592 1239 1756 1274 Pharisaeos
1772 1246 1887 1284 prtemii

1060 1285 1266 1325 reportabunt,
1284 1286 1334 1326 qui
1355 1286 1500 1326 injustitia
1514 1286 1729 1319 abundaverit?
1758 1288 1788 1320 Si
1803 1290 1884 1320 enim

1060 1329 1114 1366 illi,
1125 1339 1190 1360 cum
1205 1335 1305 1362 essent
1323 1335 1404 1362 extra
1420 1331 1555 1371 gratiam,
1574 1332 1690 1372 justitia
1705 1338 1790 1364 erant
1805 1344 1884 1374 pra:-

1060 1374 1227 1420 diti,_etqui
1239 1374 1398 1420 Christum,
1409 1377 1466 1407 hoc
1475 1380 1520 1407 est
1532 1377 1625 1408 Deum
1637 1377 1807 1415 induerunt,
1826 1389 1882 1420 po-

1061 1418 1118 1463 tius
1131 1418 1276 1458 injustitia
1302 1420 1445 1451 cumulati
1471 1421 1592 1459 fuerint,
1611 1431 1680 1452 num
1697 1423 1777 1462 quia
1791 1418 1884 1463 regno

1060 1462 1201 1494 caelorum
1209 1464 1290 1496 velut
1299 1465 1642 1507 exsulatumjmittantur,
1650 1466 1816 1507 dignissimi
1823 1462 1884 1500 non

1061 1512 1149 1539 erunt
1161 1511 1175 1540 ?

1371 1549 1509 1582 ORATIO
1524 1549 1573 1583 IV.

1339 1590 1600 1622 Ancounnrun.

1062 1628 1214 1673 Quinetit,
1225 1631 1362 1673 nesciens
1372 1632 1446 1673 quid
1455 1635 1545 1673 petat,
1559 1639 1627 1662 eum
1636 1632 1756 1670 frustra
1767 1636 1882 1673 petere.

1103 1671 1220 1714 Quodsi
1233 1671 1327 1714 etiam
1342 1672 1399 1714 scit
1415 1672 1492 1714 quid
1502 1675 1600 1714 petat,
1611 1680 1666 1714 nec
1677 1671 1780 1714 tamen
1795 1675 1884 1714 prius

1102 1711 1214 1751 accepit
1224 1711 1302 1751 quod
1313 1712 1440 1750 petit,id
1456 1712 1484 1742 ei
1495 1711 1573 1743 nihil
1581 1712 1729 1751 prodesse.
1743 1711 1830 1751 Quod
1846 1715 1885 1745 sit

1102 1760 1227 1791 regnum
1238 1751 1392 1792 calorum,
1403 1755 1433 1783 et
1446 1760 1509 1792 qua
1528 1753 1648 1784 ratione
1668 1752 1838 1785 Christiani
1854 1754 1885 1785 id

1104 1792 1274 1834 aqquirant.
1287 1791 1362 1834 Quis
1373 1792 1412 1823 sit
1421 1791 1520 1834 malus
1530 1792 1671 1834 (damon)
1683 1796 1711 1824 et
1729 1802 1787 1834 quo
1795 1799 1884 1833 pacto

1104 1831 1142 1862 ab
1153 1832 1217 1870 eius
1226 1832 1297 1875 fago
1312 1831 1437 1863 liberari
1448 1833 1608 1875 possimus.
1621 1831 1774 1871 Quomodo
1785 1831 1814 1866 et
1825 1843 1885 1875 per

1101 1872 1304 1914 qatelandeni
1312 1881 1407 1914 opera
1417 1874 1520 1914 anima
1530 1877 1680 1914 resurgat.

1101 1911 1238 1952 Plerique
1250 1911 1420 1954 Christiani,
1432 1913 1537 1953 partim
1549 1913 1599 1954 qui
1615 1911 1694 1944 cultu
1719 1914 1884 1946 monastico

1059 1956 1212 1992 incedunt,
1232 1957 1337 1997 partim
1355 1957 1405 1998 qui
1420 1957 1450 1988 in
1466 1957 1523 1988 vita
1535 1958 1685 1989 mundana
1700 1959 1801 1998 pietati
1812 1960 1884 1991 dant

1061 2010 1194 2042 operam,
1211 2001 1393 2042 spiritualem
1419 2011 1486 2033 sese
1508 2002 1636 2033 fructum
1650 2003 1805 2044 percipere
1820 2005 1885 2045 opis

1062 2050 1180 2084 nantur,
1198 2055 1264 2076 cum
1277 2046 1432 2077 Davidicos
1443 2046 1585 2087 psalmos,
1598 2051 1627 2078 et
1637 2047 1752 2088 reliqua
1765 2048 1884 2081 cantica

187 2045 313 2093 regnum
328 2053 372 2081 est
388 2049 465 2089 ejus.
482 2047 515 2079 Si
543 2047 609 2088 quis
638 2056 709 2087 ergo
725 2045 903 2078 christianus
918 2047 1020 2100 appet-
1062 2050 1188 2096 nanltur,
1198 2055 1264 2100 cum
1277 2046 1585 2100 Davidicos‘psalmos,
1598 2051 1627 2078 et
1635 2047 1752 2100 reliqua
1765 2048 1853 2100 cantii

188 2091 265 2129 latius
276 2095 366 2128 dicit:
380 2093 533 2126 Confiteor
549 2091 711 2128 Christum,
724 2092 793 2123 etin
806 2092 902 2132 ipsum
913 2092 1017 2133 credo,
1060 2091 1226 2122 cecinerint
1240 2094 1352 2122 tantum
1369 2092 1446 2132 quod
1473 2101 1508 2122 ea
1538 2092 1732 2133 decantarint,
1749 2097 1778 2124 et
1795 2103 1828 2124 se
1843 2094 1884 2125 ita

188 2146 218 2174 et
232 2143 263 2173 in
279 2143 335 2173 hac
353 2139 416 2170 sola
445 2137 634 2170 confessione
660 2136 914 2168 christianismum
930 2145 1016 2168 suum
1058 2135 1224 2173 gloriﬁcare
1238 2135 1330 2166 Deum
1345 2136 1518 2176 opinantur;
1533 2137 1703 2168 nescientes
1715 2147 1747 2169 se
1759 2142 1788 2169 et
1796 2138 1883 2170 illum

186 2186 350 2225 constituit,
368 2192 460 2224 seque
487 2183 542 2213 hac
557 2181 604 2213 via
619 2191 744 2221 regnum
761 2181 871 2226 Christi
891 2190 1047 2226 assecu-D
1060 2179 1237 2210 exacerbare
1251 2190 1258 2217 ;
1271 2183 1305 2226 et
1320 2184 1515 2226 praeterquam
1541 2181 1620 2222 quod
1641 2181 1754 2212 nullum
1771 2192 1883 2215 conse-

187 2236 285 2263 turum
301 2224 472 2267 arbitratur,
483 2227 614 2269 seipsum
637 2226 762 2258 seducit.
785 2225 918 2262 Quonam
934 2224 1043 2257 enim_
1055 2227 1188 2269 quuntur
1202 2224 1449 2269 emolumentum,
1466 2225 1555 2257 etiam
1567 2236 1625 2257 non
1637 2225 1694 2257 levi
1710 2231 1830 2267 peccato
1847 2238 1882 2260 ex

187 2276 277 2308 modo
292 2273 473 2306 christianus
497 2272 564 2309 erit,
590 2271 641 2312 qui
669 2271 700 2302 in
729 2270 859 2309 singulos
875 2270 949 2307 dies,
967 2271 1013 2302 vel

185 2321 283 2362 potius
298 2320 330 2351 in
346 2318 477 2358 singulas
488 2317 578 2348 horas
594 2315 743 2348 Christum
761 2315 901 2362 operibus
915 2320 1013 2362 negat,

185 2360 272 2406 quem
287 2365 379 2396 Deum
392 2372 459 2394 esse
474 2362 574 2394 verbis
586 2362 742 2393 confitetur
752 2363 766 2392 ‘t
781 2360 824 2391 En
839 2360 1013 2401 Apostolum

183 2409 332 2442 dicentem
342 2418 349 2441 :
361 2408 457 2439 Deum
465 2408 649 2448 conﬁtentur
656 2414 688 2438 se
700 2414 798 2445 nosse,
812 2406 903 2444 faelis
913 2409 1014 2437 autem

183 2451 696 2496 negantabominatijncredibiles,
706 2450 782 2496 elati
791 2458 957 2496 onmeopus
967 2449 1013 2496 bo.

184 2494 259 2530 nam
271 2497 442 2539 reprobi50.
464 2496 537 2528 Nam
553 2496 604 2537 qui
618 2504 701 2536 jussa
713 2494 824 2526 Christi
840 2494 1012 2539 contemnit,

184 2543 210 2574 is
224 2553 263 2575 ne
278 2538 428 2575 citistimet
455 2551 488 2573 se
516 2551 574 2572 non
605 2541 692 2572 etiam
709 2540 766 2570 hoc
781 2539 845 2579 ipso
862 2538 1013 2570 Christum

184 2597 306 2628 negare.
319 2587 441 2624 Quoties
462 2586 542 2617 enim
565 2585 704 2617 mandata
725 2583 834 2616 Christi
848 2583 947 2621 violat,
963 2587 1009 2615 to-

184 2633 240 2664 ties
251 2632 390 2664 eumdem
399 2635 490 2671 negat
503 2641 509 2663 :
522 2634 554 2661 ut
564 2640 581 2662 e
596 2630 723 2668 diverso,
745 2629 794 2670 qui
814 2628 929 2669 legibus
945 2628 1009 2669 ejus

183 2677 296 2716 obedit,
313 2677 437 2717 singulis
448 2675 614 2707 actionibus
638 2674 816 2706 obedientiae
832 2673 911 2704 illius
927 2673 1011 2705 Chri-

183 2726 263 2754 stum
275 2721 448 2754 conﬁtetur.
461 2719 533 2756 Quis
551 2724 584 2751 ut
601 2720 686 2751 factis
706 2722 825 2758 negant,
846 2719 895 2758 qui
910 2717 1011 2750 verbis

221 2802 352 2835 “Marc.
363 2809 385 2839 ι,
397 2800 447 2833 21!.
486 2801 587 2834 uisa.
596 2799 744 2838 mx,13.
786 2799 1008 2839 “honorati.

182 2841 283 2875 50Tit.
299 2850 321 2883 ι,
337 2842 387 2874 16.
431 2842 461 2868 U4
477 2841 577 2875 IGor.
593 2850 625 2880 x,
642 2841 692 2873 31.
734 2839 766 2866 5³
780 2840 882 2873 Matth.
899 2847 930 2878 v,
942 2839 996 2872 ﬁt).

1055 2267 1111 2299 hoc
1125 2267 1280 2308 obstringi.
1293 2268 1396 2300 Omnis
1408 2270 1487 2301 enim
1508 2279 1606 2302 sermo
1629 2280 1690 2302 non
1705 2271 1883 2312 simpliciter

1057 2321 1167 2350 sermo,
1186 2313 1239 2344 sed
1255 2313 1381 2355 alicujus
1390 2315 1538 2346 reisermo
1551 2320 1606 2347 est.
1615 2315 1689 2346 Nam
1697 2315 1795 2357 siquis
1811 2326 1883 2349 esu-

1055 2357 1095 2389 rit
1109 2362 1139 2388 et
1154 2357 1225 2396 silit,
1246 2363 1275 2389 et
1303 2359 1400 2390 nudus
1428 2364 1482 2398 est,
1514 2361 1539 2391 si
1567 2360 1713 2400 rogaverit
1727 2370 1834 2401 panem
1853 2367 1883 2394 et

1055 2402 1168 2440 vinum,
1187 2408 1216 2433 et
1230 2403 1452 2443 vestimentum,
1467 2414 1537 2436 num
1561 2405 1588 2436 ei
1608 2404 1679 2436 satis
1694 2408 1739 2435 est
1755 2410 1880 2446 tantum,

1056 2448 1144 2478 modo
1156 2447 1235 2488 loqui
1249 2458 1256 2487 ;
1270 2457 1318 2484 an,
1335 2448 1360 2479 si
1376 2449 1449 2480 nihil
1465 2449 1640 2487 obtinuerit,
1657 2449 1721 2489 ipse
1736 2452 1882 2490 quemad-

1056 2491 1178 2522 modum
1195 2496 1282 2524 autea
1304 2494 1406 2531 esurit,
1434 2494 1517 2532 sitiit,
1542 2495 1638 2525 nudus
1668 2497 1722 2532 est,
1741 2498 1769 2524 et
1784 2503 1882 2527 sermo

1055 2536 1082 2567 ei
1098 2536 1171 2568 nihil
1187 2537 1337 2568 contulit?
1361 2538 1441 2570 Idem
1469 2538 1499 2569 in
1515 2538 1638 2571 canticis
1654 2537 1792 2570 omnibus
1807 2549 1881 2571 usu-

1052 2581 1143 2612 venit.
1162 2581 1232 2617 ane
1248 2582 1328 2613 enim
1354 2584 1532 2623 psalluntur,
1561 2587 1612 2614 aut
1626 2583 1787 2624 petitiones
1802 2589 1881 2623 sunt,

1050 2630 1101 2657 aut
1113 2626 1274 2666 gratiarum
1302 2628 1434 2660 actiones
1463 2638 1577 2668 eorum,
1608 2628 1669 2670 qui,
1698 2637 1764 2669 qua:
1778 2634 1882 2669 petunt

1051 2670 1220 2713 impetrant.
1234 2672 1289 2709 Qui
1302 2673 1392 2714 igitur
1408 2674 1481 2706 dicit
1495 2677 1556 2707 Deo
1570 2686 1576 2706 :
1594 2674 1743 2706 Adaem'at
1753 2684 1882 2714 regnum

1053 2722 1149 2755 tuum,
1162 2716 1220 2749 nisi
1233 2717 1356 2750 modum
1372 2719 1457 2760 regni
1472 2719 1632 2758 dedicerit,
1659 2719 1808 2760 quomodo
1823 2720 1879 2751 ad-

1045 2798 1152 2832 ‘tﬁllac.
1164 2805 1196 2838 tt,
1208 2798 1257 2831 20.
1291 2799 1411 2831 “Luc.
1421 2808 1462 2840 v1,
1472 2800 1525 2834 ‘46.
1567 2799 1645 2827 4049
1654 2799 1880 2840 ioan.1m,34.
