1983 3072
67 141 136 175 337

818 145 958 180 ORATIO
981 149 1037 180 IV.

1723 149 1782 186 338

71 222 204 269 veniet?
219 225 272 256 Sin
287 226 408 257 modum
423 227 543 269 quidem
567 227 721 267 intelligat,
738 227 818 268 quod
831 226 945 259 venitA
956 227 1069 259 cet-e54.
1082 228 1139 260 Et:
1151 229 1172 258 A
1184 237 1244 269 quo
1252 230 1322 269 quis
1340 229 1437 261 victus
1455 232 1510 269 est,
1524 229 1614 268 huius
1636 232 1665 261 et
1679 237 1785 263 servus

75 267 152 307 ipse
167 273 266 300 autem
282 271 333 311 qui
363 267 486 311 regnum
517 272 650 309 advocat,
680 267 792 303 idcirco
810 281 916 312 preces

78 313 234 354 concipit,
248 315 275 346 ei
304 316 456 357 subjectus
483 327 542 348 non
569 322 624 357 est,
650 317 718 357 quid
744 317 865 348 lucriex
880 326 915 347 eo

79 358 168 397 quod
186 359 258 390 dicit
274 369 280 391 ξ
299 361 451 392 Advent'at
465 371 591 402 regnum
608 361 917 395 trwttm.rcferret?ait

79 402 170 432 enim
186 404 330 435 Dominus
346 406 373 436 in
391 406 548 446 Evangelio
565 417 572 436 :
591 406 807 438 Paenitentiam
823 407 914 446 agite,

78 450 347 491 appropinquavit
358 452 439 482 enim
446 460 572 491 regnum
579 451 766 482 calorumiﬁ.
777 451 840 487 Quo
846 460 915 490 ergo

80 490 139 538 qui
158 493 259 524 omnia
274 503 307 524 ex
325 495 418 526 nihilo
436 490 581 536 producit,
609 495 718 536 quique
732 496 836 536 implet
851 505 917 526 om-

80 543 150 570 nia,
169 541 199 567 et
218 541 262 568 est
279 538 401 579 ubique,
421 543 451 570 et
464 539 540 579 regit
564 539 663 570 omnia
679 541 767 577 Deus,
784 549 854 580 quo,
870 538 919 570 iu-

79 587 191 624 quam,
205 580 267 619 ille,
283 586 311 612 et
325 592 448 623 regnum
461 583 526 623 ejus
537 593 616 614 nunc
637 584 798 616 abierunt?
815 583 921 624 Utique

79 623 147 674 nisi
162 626 336 658 recessisset
352 631 380 658 et
409 637 489 659 nunc
518 628 668 666 rediisset,
696 639 755 659 non
771 623 920 674 dixisset;

82 666 242 705 Quoniam
251 667 917 714 appropinquavit.Nonlrecessit|ille,sedjipsi

82 721 144 759 nos
153 714 190 744 ab
201 724 236 746 eo
257 715 451 757 abrupimus:
468 717 506 749 ab
527 717 590 759 ipso
612 718 692 749 enim
711 719 823 750 Adamo
839 728 915 749 con-

82 755 151 804 dito
167 759 254 790 nobis
269 755 447 801 conj-unctus
473 755 547 794 erat:
571 762 625 799 Qui
643 767 797 804 postquam
812 763 916 794 fraude

80 800 332 848 circumventus,
345 807 460 837 scelere
484 816 516 838 se
541 800 690 847 obligavit,
707 800 831 848 regnum
849 807 914 846 Dei,

82 847 166 885 quod
188 853 232 879 est
245 850 378 890 Spiritus
393 855 526 890 sanctus,
553 862 570 883 ἀ
594 852 681 883 nobis
696 847 842 884 seclusum
861 857 914 885 est.

85 894 203 941 Nequit
217 896 295 927 enim
314 898 393 929 Deus
410 898 504 930 bonus
532 903 560 931 et
584 903 703 931 sanctus
719 909 785 931 cum
802 900 917 941 impro-

84 937 309 986 bitaterhabere
324 944 548 975 commercium.
581 944 672 975 Porro
700 954 766 975 cum
794 937 854 986 ipsi
865 954 918 986 per

86 992 145 1014 nos
157 985 192 1014 ad
206 985 371 1018 bonitatem
384 988 502 1027 regredi
517 998 574 1019 non
584 990 748 1020 valeremus
761 989 915 1029 (quemad-

90 1029 213 1060 modum
232 1035 261 1061 et
277 1041 392 1072 pannus
408 1032 497 1074 lacer,
529 1033 589 1064 luto
613 1038 643 1065 et
658 1034 813 1074 putredine
828 1034 918 1067 foeda-

88 1076 150 1119 tus,
167 1084 183 1104 a
198 1080 304 1114 semet,
321 1080 351 1108 et
368 1077 434 1109 sine
461 1087 537 1118 aqua
564 1078 644 1109 ablui
660 1088 718 1109 non
735 1082 852 1119 potest),
868 1079 917 1110 id-

89 1117 174 1148 circo
191 1119 255 1164 ipse
272 1129 391 1152 rursnm
408 1117 499 1160 venit,
515 1122 566 1163 qui
582 1132 636 1154 nos
651 1117 919 1164 valet,abluere,ut

89 1171 146 1192 nos
160 1163 287 1208 primum
304 1174 390 1205 aqua.
408 1166 521 1207 Spiritu
537 1171 638 1198 sancto
652 1166 739 1198 mista
756 1176 790 1197 ac
806 1163 917 1208 tempe-

88 1210 155 1236 rata
173 1207 248 1238 lavet
263 1219 270 1239 :
287 1209 396 1241 deinde
421 1211 548 1241 mundus
576 1211 639 1251 ipse
655 1220 747 1251 super
762 1207 918 1243 munda’tos

90 1256 357 1293 regnetzutsupcr
373 1264 427 1285 nos
451 1264 590 1295 regnans,
609 1265 662 1296 per
677 1265 731 1286 nos
749 1256 918 1288 voluntates

90 1304 161 1326 suas
176 1296 205 1327 in
222 1307 295 1337 opus
306 1298 444 1330 deducat.
458 1299 520 1331 Nisi
529 1299 607 1330 enitn
629 1299 693 1340 ipse
712 1300 870 1340 imperium
885 1300 916 1332 in

93 1349 150 1385 nos
163 1345 274 1377 teneat,
288 1351 304 1372 a
318 1343 403 1374 nobis
415 1344 479 1374 ﬁeri
491 1344 569 1385 quod
582 1344 663 1375 illum
686 1344 824 1382 delectet,
840 1354 917 1376 neu-

93 1384 207 1430 tiquam
237 1390 344 1426 potest.
372 1384 518 1424 Quocirca
555 1388 723 1429 quicunque
749 1397 802 1421 suo
827 1398 919 1430 regno

93 1428 175 1460 Deus
188 1430 268 1470 prius
282 1441 340 1462 non
365 1433 431 1470 fuit,
461 1442 516 1464 nec
542 1428 706 1464 secundum
735 1428 918 1465 intellectum

957 277 998 303 est
1010 273 1051 304 55.
1068 273 1324 309 Quemadmodum
1333 274 1412 305 enim
1423 273 1501 305 filius
1512 273 1724 305 omnissimilis
1739 277 1785 306 est

959 317 1033 356 patri
1049 318 1140 356 (liiius
1154 317 1263 358 quippe
1288 328 1348 350 non
1365 318 1422 349 nisi
1451 328 1485 350 ex
1510 322 1613 350 natura
1629 318 1720 360 patris
1737 318 1783 351 sui

957 361 1095 401 exsistit),
1114 361 1157 393 sic
1172 366 1201 393 et
1230 362 1430 394 Christianum
1463 363 1558 395 Patris
1586 363 1644 400 sui,
1661 362 1780 400 Christi,

957 405 1076 446 inquam
1095 406 1334 445 similitudinem,
1352 417 1406 449 per
1420 407 1542 439 virtutes
1558 406 1696 449 Spiritus,
1723 417 1782 438 non

957 450 1182 482 similitudinem
1199 451 1279 488 mali,
1298 461 1351 492 per
1377 453 1500 484 affectus
1528 452 1642 493 peccati
1656 452 1784 483 induere

961 504 1034 534 Opus
1050 499 1104 525 est.
1117 495 1214 531 Quare
1226 495 1358 537 tyrannis
1379 497 1459 528 illius
1480 497 1560 534 mali,
1577 496 1783 537 cognoscenda

961 542 1016 578 est,
1035 544 1062 569 ct
1077 548 1132 579 qua
1149 539 1262 571 vafritie
1285 550 1319 571 ac
1343 540 1410 572 dolo
1439 551 1503 572 eam
1533 545 1669 572 exerceat
1689 551 1697 580 ;
1725 550 1784 581 qua

962 583 1032 613 item
1049 583 1094 613 via
1104 584 1262 615 evertenda
1277 594 1311 615 ac
1324 585 1505 616 destruenda
1527 586 1577 624 sit,
1594 590 1625 617 ut
1639 585 1718 617 docti
1731 594 1782 616 re-

964 638 1054 667 gnum
1070 628 1187 663 Christi.
1220 630 1341 671 ejusque
1371 635 1512 672 percepta
1537 630 1640 661 notitia
1653 630 1782 671 idipsum

958 673 989 704 in
1002 673 1124 704 veritate
1139 673 1280 706 advenire
1295 679 1325 705 et
1339 684 1356 706 a
1370 675 1564 715 cupiditatum
1583 675 1711 715 laqueis,
1724 683 1784 706 ma-

958 717 1037 758 lique
1048 718 1189 750 servitute
1200 719 1345 760 expediri,
1362 720 1566 761 vindicarique
1574 719 1782 751 desiderimus.

957 761 1220 794 Verumenimvero
1237 764 1279 794 illi
1300 765 1441 796 duntaxat
1468 774 1593 804 regnum
1622 764 1677 796 Dei
1692 763 1783 796 adve-

960 806 1013 846 nit,
1031 807 1080 847 qui
1096 807 1192 847 ipsum
1208 813 1411 848 cognoverunt
1426 818 1433 841 :
1452 813 1483 841 et
1497 809 1528 840 in
1543 808 1651 850 quibus
1666 812 1783 848 regnat,

930 860 1011 904 Beos
1027 853 1199 902 angelorum
1214 855 1292 884 cives
1308 853 1416 884 reddit.
1435 854 1510 886 Nam
1528 863 1566 904 ex
1578 851 1785 904 inobedientia

961 896 1049 936 primi
1066 896 1194 927 hominis
1210 907 1303 937 genus
1319 898 1480 929 humanum
1510 897 1668 929 maledicto
1683 897 1785 928 devin-

959 945 1036 970 ctum
1053 945 1117 971 est:
1148 942 1338 973 maledictum
1369 948 1530 974 consecuta
1559 946 1604 974 est
1618 941 1782 983 corruptio,

959 986 1178 1025 corruptionem
1195 987 1311 1027 excepit
1339 987 1480 1018 interitio.
1511 986 1630 1024 Contra,
1663 995 1697 1017 ex
1713 985 1784 1017 obe-

959 1029 1069 1060 dientia
1077 1031 1347 1070 secundihominis,
1360 1031 1469 1063 Christi
1484 1031 1633 1068 videlicet,
1649 1030 1783 1071 pervenit

959 1074 993 1104 ad
1007 1084 1059 1105 nos
1072 1075 1251 1114 benedictio,
1261 1085 1295 1106 ex
1316 1076 1525 1108 benedictione
1535 1075 1729 1115 incorruptio,
1747 1084 1783 1106 ex

958 1119 1181 1159 incorruptione
1194 1121 1409 1159 immortalitas,
1427 1131 1463 1153 ex
1479 1121 1701 1153 immortalitate
1710 1120 1781 1158 vita,

959 1169 987 1195 et
1002 1169 1032 1195 ut
1047 1165 1129 1203 olim,
1146 1166 1204 1196 vita
1219 1175 1253 1197 ex
1271 1167 1343 1198 Deo.
1361 1166 1416 1199 Ubi
1433 1166 1513 1198 enim
1542 1170 1587 1197 est
1602 1166 1693 1206 Deus,
1711 1165 1782 1196 inde

960 1209 1095 1240 diabolus
1105 1219 1140 1240 ac
1151 1209 1437 1251 dzemonesfugiunt.
1456 1210 1498 1242 Ita
1509 1210 1644 1242 liberatio
1659 1219 1676 1241 a
1691 1209 1780 1248 malo,

959 1258 987 1285 et
1003 1263 1020 1284 a
1033 1254 1217 1285 daemonibus
1231 1255 1307 1295 ejus,
1324 1256 1550 1296 redemptioque
1570 1254 1674 1295 generi
1688 1253 1783 1286 homi-

957 1308 1029 1329 num
1042 1308 1095 1339 per
1107 1299 1253 1331 Christum
1267 1303 1348 1340 parta
1359 1304 1404 1331 est
1417 1310 1425 1339 ;
1438 1304 1506 1331 ante
1518 1308 1605 1341 quam
1615 1299 1781 1330 libertatem

961 1353 1048 1374 nemo
1059 1353 1091 1375 se
1101 1344 1254 1375 hominem
1266 1344 1426 1376 existimet.
1443 1344 1549 1377 Melius
1565 1344 1645 1376 enim
1661 1348 1734 1382 erat,
1753 1343 1781 1374 ei

960 1388 984 1418 si
1002 1392 1087 1419 natus
1103 1398 1163 1419 non
1178 1388 1292 1420 fuisset.

1003 1434 1092 1464 Porro
1104 1434 1161 1464 duo
1174 1437 1243 1464 sunt
1254 1434 1282 1465 in
1294 1433 1339 1464 his
1346 1433 1397 1474 qui
1407 1433 1479 1474 quid
1499 1437 1600 1474 petant
1614 1432 1752 1463 nesciunt
1772 1442 1779 1462 τ

94 1474 197 1511 sentit,
214 1475 308 1506 Deum
325 1477 354 1507 in
370 1477 436 1517 ipso
465 1478 745 1509 voluntatem‘suam
762 1487 816 1519 per
831 1478 918 1510 Chri-
937 1518 944 1519 ί
961 1477 1127 1517 ignorantia
1154 1482 1183 1509 et
1205 1483 1318 1519 stupor.
1349 1478 1384 1510 Et
1411 1478 1550 1518 ignorans
1575 1477 1695 1519 quidem
1712 1476 1781 1518 quid

93 1522 171 1564 stum
189 1519 318 1560 explere,
352 1521 460 1553 frustra
488 1522 672 1563 defatigatur,
702 1518 811 1554 frustra
824 1523 893 1554 vivit
908 1534 916 1555 :
930 1518 1037 1552 Cdicat
1053 1532 1111 1553 non
1128 1523 1206 1554 videt
1220 1532 1227 1554 :
1245 1518 1380 1564 stupidus
1391 1523 1460 1564 quid
1474 1527 1568 1563 roget,
1585 1518 1691 1554 nescit.
1711 1521 1785 1558 Quis

94 1562 266 1608 impostoris
281 1575 404 1605 regnum
430 1567 591 1598 etiamnum
619 1567 738 1607 patitur,
755 1576 810 1598 nec
823 1568 918 1598 anim-
958 1571 1055 1598 autem
1074 1567 1213 1608 princeps
1228 1562 1464 1599 misericordiam
1490 1562 1613 1608 petenti,
1640 1570 1670 1598 et
1685 1570 1784 1597 tamen

93 1607 229 1652 advertit.
258 1609 375 1641 Etenim
404 1611 460 1641 nisi
489 1611 587 1642 anima
614 1611 794 1652 intelligens,
834 1612 918 1652 regni
959 1611 1081 1652 qureilli
1110 1616 1264 1652 praestatur
1292 1607 1528 1643 misericordiam
1559 1611 1717 1652 ignoranti,
1733 1614 1784 1642 aut

96 1651 163 1693 Dei,
180 1663 237 1694 quo
255 1660 389 1686 contacta
404 1660 458 1693 est,
485 1665 603 1686 sensum
629 1651 860 1687 intellectualem
873 1651 919 1688 ac-
960 1651 1019 1688 non
1035 1651 1212 1697 intelligenti
1228 1657 1306 1697 quod
1322 1657 1409 1698 dicat,
1442 1656 1542 1696 largiri
1557 1651 1642 1695 solet,
1659 1651 1725 1696 quae
1740 1655 1783 1686 la—

96 1698 222 1743 ceperit,
239 1699 341 1730 salutis
368 1700 448 1731 nulla
473 1709 542 1740 spes
570 1700 756 1740 relinquitur.
775 1702 918 1732 Caeterum
961 1700 1017 1731 biis
1034 1705 1145 1732 tantum
1162 1701 1348 1741 simpliciter,
1363 1706 1391 1732 et
1405 1701 1489 1743 quasi
1503 1711 1536 1732 ex
1550 1701 1613 1732 sola
1627 1703 1784 1732 consuetu-

95 1742 210 1773 ratione
222 1747 354 1774 utentem
367 1745 496 1776 animam
512 1753 577 1785 qute
592 1750 743 1785 regnatur,
761 1745 921 1777 divinitatis
962 1745 1043 1781 dine,
1061 1749 1091 1775 ut
1107 1746 1282 1786 tesﬁsonans,
1312 1749 1361 1776 aut
1388 1745 1553 1786 cymbalum
1569 1744 1699 1775 tinniens
1714 1753 1785 1784 pro-

96 1787 247 1825 regnantis
263 1788 407 1820 beneficia
422 1794 450 1821 et
466 1790 559 1820 sancti
585 1789 714 1830 Spiritus
728 1790 920 1831 multiplicem
963 1789 1039 1820 mit?
1053 1789 1178 1830 Propter
1188 1790 1378 1830 hocjregnum
1389 1790 1511 1828 diaboli,
1529 1793 1560 1822 et
1575 1793 1704 1831 potestas
1720 1790 1786 1829 ejus

97 1831 283 1863 eﬂlcienliam
299 1833 465 1873 intelligere
490 1839 618 1874 oportet,
650 1834 836 1873 charitatem,
854 1844 922 1875 gau-
962 1833 1117 1865 adversum
1134 1834 1316 1866 Christianos
1343 1834 1497 1866 invalescit
1523 1843 1557 1865 ac
1572 1833 1729 1865 slabilitur.
1751 1833 1786 1863 Et

98 1875 192 1916 dium,
219 1887 335 1917 pacem,
365 1879 630 1919 longanimitatem,
663 1883 692 1910 et
720 1886 838 1911 caetera.
865 1879 921 1912 Ubi
962 1878 1031 1909 hinc
1044 1883 1104 1909 tum
1121 1879 1344 1920 monachi,tum
1356 1879 1512 1910 saeculares
1523 1878 1677 1910 christiani
1694 1887 1782 1909 men-

98 1929 225 1961 namque
239 1921 318 1953 Deus
332 1932 382 1954 rex
399 1928 453 1964 est,
478 1924 520 1954 ibi
546 1923 663 1954 diabolo
691 1933 750 1954 non
767 1924 895 1955 servitur
912 1934 919 1956 :
963 1923 1061 1961 (Iaces,
1079 1923 1228 1964 maledici,
1249 1924 1467 1961 criminatores,
1498 1923 1623 1965 perjuri,
1647 1922 1783 1964 zelotypi,

98 1965 149 1995 sed
164 1975 252 1998 omne
268 1968 467 1999 ministerium
483 1969 518 1999 ad
536 1969 630 2000 Deum
646 1968 809 1999 confertur.
962 1966 1064 2003 invidi,
1088 1968 1214 2008 queruli,
1237 1968 1429 2008 detractores,
1446 1970 1524 1999 avari
1540 1973 1685 2009 raptores,
1702 1967 1784 2008 inju-

141 2009 267 2042 llursum
283 2013 334 2052 qui
349 2012 441 2043 Deum
458 2014 497 2043 ita
514 2017 691 2053 precantur:
710 2013 820 2044 Libera
835 2021 891 2044 nos
902 2022 922 2044 α
962 2011 999 2041 sti
1012 2012 1180 2052 hypocritze,
1193 2012 1355 2053 fornicarii,
1369 2012 1631 2050 adulteri,lascivi,
1644 2012 1785 2052 improbi,

100 2055 190 2090 malo,
205 2056 262 2087 nisi
279 2058 345 2097 quis
359 2058 396 2088 sit
411 2058 462 2088 ille
477 2058 584 2095 mulus,
612 2066 642 2088 et
657 2057 806 2096 quomodo
821 2057 920 2098 possi-
962 2056 1096 2095 superbi,
1118 2056 1262 2098 legirupa}
1279 2057 1479 2088 inveniuntur.
1498 2058 1533 2088 Et
1548 2058 1610 2088 haec
1625 2057 1683 2088 dici
1699 2061 1787 2097 atque

102 2099 256 2132 deantura
270 2102 358 2139 malo,
374 2106 406 2134 et
433 2112 499 2143 quae
526 2103 592 2142 ejus
620 2101 748 2142 vincula,
765 2111 831 2142 quae
852 2102 922 2133 item
965 2109 1030 2130 esse
1045 2100 1203 2132 Christiani
1232 2102 1404 2141 gloriantur,
1438 2102 1564 2143 populus
1578 2102 1695 2142 stultus,
1710 2101 1785 2132 insi-

103 2143 165 2183 ejus
193 2145 223 2193 ip
252 2147 426 2193 subjugatos
453 2151 595 2193 potestas,
631 2146 834 2193 cognoverint,
865 2156 922 2187 quo
931 2145 1059 2193 Dpiens,
1073 2145 1410 2193 inobed_iens,ingratus,
1423 2146 1489 2193 sine
1501 2146 1787 2187 alfectione,absque

104 2193 185 2228 pacto
200 2190 278 2221 Deus
306 2192 371 2222 iilos
397 2191 563 2222 liberabit?
579 2191 662 2228 Quod
679 2191 704 2222 si
719 2191 781 2222 haec
797 2201 848 2222 eos
863 2190 946 2222 non'
964 2190 1170 2227 feaelerefosor
1181 2191 1345 2227 hominum,
1359 2200 1410 2221 oso
1418 2191 1554 2229 fratrum,
1573 2201 1642 2222 osor
1657 2195 1785 2232 patrum,

105 2233 204 2274 latent,
225 2245 280 2266 nec
305 2240 403 2267 tamen
432 2246 448 2267 ε
474 2236 552 2267 malo
566 2236 682 2266 liberati
697 2240 776 2276 sunt,
794 2236 923 2267 clamare
964 2243 1032 2264 osor
1049 2234 1221 2271 liberorum,
1239 2244 1308 2266 osor
1321 2235 1570 2274 amicorum,Deo
1589 2235 1718 2267 odibilis.
1737 2235 1788 2267 Vae

104 2277 233 2310 assidue:
248 2279 306 2311 Sed
318 2280 414 2312 libera
426 2290 479 2311 nos
492 2290 508 2312 a
519 2279 837 2321 malo,quidiprodest?
861 2282 921 2311 .‘tla-
965 2279 1072 2310 talibus
1087 2289 1154 2310 cum
1173 2280 1214 2311 Do
1231 2279 1333 2311 laudes
1363 2280 1524 2311 concinunt
1541 2291 1549 2319 ;
1579 2290 1621 2312 vae
1634 2290 1700 2311 cum
1716 2280 1787 2311 dant

105 2321 147 2352 lus
162 2323 242 2353 enim
270 2328 324 2361 est,
350 2325 399 2365 qui
429 2325 459 2356 in
490 2330 622 2355 naturam
653 2325 812 2355 humanam
828 2324 922 2364 legem
965 2324 1188 2365 elcemosynas;
1205 2334 1245 2356 vae
1258 2334 1324 2355 cum
1337 2324 1414 2356 dona
1424 2325 1484 2356 Deo
1495 2325 1622 2356 oﬂ‘erunt
1639 2336 1645 2357 :
1662 2335 1703 2356 vae
1718 2335 1786 2356 cum

106 2367 371 2408 peccatiimplicuit
382 2369 535 2400 diabolus:
553 2378 639 2409 quem
651 2368 780 2409 quandiu
796 2369 922 2400 actioni-
966 2369 1057 2399 Deum
1075 2369 1198 2399 adorant
1215 2378 1222 2406 ;
1246 2378 1290 2401 vae
1307 2369 1376 2400 dum
1393 2379 1498 2410 preces
1512 2371 1547 2401 ad
1563 2380 1630 2401 eum
1646 2370 1783 2401 fundunt.

105 2409 188 2440 nibus
204 2421 269 2442 cum
296 2413 484 2454 improbitate
511 2413 678 2453 conjunctis
703 2413 840 2453 colimus,
864 2422 921 2444 non
966 2414 1083 2444 Etenim
1095 2415 1318 2454 viwimpiorum
1331 2409 1546 2446 abominabiles
1557 2423 1661 2446 eorum
1674 2414 1784 2456 06056,

107 2459 148 2486 est
162 2465 229 2496 pars
244 2462 344 2489 nostro
369 2458 419 2490 ille
446 2458 553 2496 bonus,
584 2467 639 2489 nec
667 2457 720 2488 Dei
737 2466 827 2497 regno
843 2458 923 2497 digni
967 2462 995 2488 et
1008 2458 1136 2498 precatio
1146 2458 1282 2489 iracundi
1296 2468 1330 2490 ac
1341 2459 1487 2497 malevoli,
1500 2459 1574 2490 odor
1588 2459 1781 2491 deterrimus:

108 2509 218 2537 Sumus,
234 2506 265 2532 ut
277 2502 325 2542 qui
341 2503 437 2544 ipsum
463 2503 534 2534 falso
563 2501 657 2533 Deum
682 2502 857 2542 Patremque
872 2512 924 2533 no-
966 2503 1154 2544 elvemosyna
1169 2503 1291 2544 superbi
1307 2503 1508 2535 holocaustum
1529 2504 1623 2542 canis,
1648 2509 1677 2536 et
1691 2505 1786 2536 bene-

109 2545 261 2583 minemus,
278 2556 345 2577 cum
361 2547 510 2578 diabolum
528 2547 704 2588 principem,
717 2551 745 2577 et
757 2551 881 2587 patrem,
897 2551 925 2578 et
966 2548 1084 2578 licentia
1098 2548 1263 2586 libidinosi,
1281 2557 1398 2580 merces
1413 2549 1599 2581 meretricis:
1624 2549 1704 2581 avari
1718 2559 1787 2581 mu-

108 2590 269 2627 dominum,
285 2601 320 2623 ac
334 2592 422 2623 deum
436 2592 608 2628 habeamus,
627 2593 711 2632 cujus
727 2596 755 2622 et
770 2592 924 2622 characte—
967 2602 994 2622 n:
1009 2602 1033 2627 ε,
1050 2593 1229 2624 sacriﬁcium
1254 2593 1452 2630 immundum,
1478 2599 1507 2625 et
1535 2594 1655 2634 sanguis
1670 2595 1786 2626 suillus.

109 2635 209 2666 remin
221 2636 466 2677 nobisperopera
486 2636 549 2667 vitae
569 2636 830 2676 nostraazferimus,
847 2636 925 2669 sicut
965 2636 1019 2669 Sed
1033 2637 1113 2668 enim
1132 2638 1303 2678 iterrogabit
1318 2638 1465 2679 quispiam
1487 2639 1625 2676 fortasse,
1647 2639 1718 2680 quid
1733 2639 1788 2678 igi-

107 2680 211 2712 Judaeis
226 2681 334 2713 alicubi
363 2681 465 2722 objicit
490 2680 632 2712 Dominus
650 2691 656 2710 :
690 2680 746 2712 Vos
770 2689 809 2711 ex
833 2684 923 2720 patre
964 2682 1066 2712 turisti
1079 2682 1210 2714 faciant?
1223 2682 1353 2724 Quisque
1365 2693 1479 2722 eorum,
1493 2684 1572 2725 quod
1588 2684 1671 2715 illum
1688 2685 1786 2717 decet.

107 2725 218 2757 diabolo
233 2728 314 2765 estis,
330 2730 358 2758 et
370 2726 520 2758 desideria
533 2726 631 2766 patris
644 2725 753 2757 vestris
767 2725 858 2756 vultis
871 2726 922 2765 fa-
964 2726 1019 2762 Qui
1034 2727 1239 2767 indignitatem
1264 2737 1348 2760 suam
1377 2728 1573 2770 perspexerit,
1598 2738 1666 2761 cum
1684 2737 1786 2761 sacer-

142 2812 174 2838 εέι
186 2812 266 2844 Matt.
281 2815 369 2854 111,2.
410 2812 444 2839 54
455 2811 542 2844 Joan.
557 2819 621 2851 V111,
636 2810 687 2843 44.
728 2810 762 2837 55
774 2809 800 2842 li
816 2809 894 2843 Petr.
911 2819 945 2852 ιι,
963 2812 1012 2845 l9.
1053 2812 1087 2838 56
1101 2811 1187 2844 Prov.
1202 2820 1254 2854 xv,
1268 2813 1301 2846 8.
