1983 3072
192 163 254 203 839

837 172 1028 208 SYMEONIS
1047 173 1232 208 JUNIORIS.

1824 174 1887 207 340

193 236 263 269 dote
284 244 472 280 congressus,
502 236 649 271 rationem
677 240 808 272 veritatis
829 241 1123 282 edocebitur,AIpse
1155 241 1234 273 enim
1258 241 1355 273 adhuc
1383 241 1461 273 inter
1489 246 1621 273 mortuos
1650 246 1794 279 versatur,
1825 251 1887 272 nec

194 286 340 324 quatenus
355 284 382 315 ei
395 284 587 325 Evangelium
609 284 732 325 justitiae
753 285 914 317 revelatum
928 287 1017 319 fuerit

194 329 223 357 et
238 330 308 359 tunc
336 332 436 369 aptum
466 332 495 360 et
523 329 706 361 conveniens
736 329 887 362 Chistiano
902 331 1016 362 homini

191 371 258 403 vita
271 372 439 405 institutum
455 379 601 415 capesset.

232 415 414 450 Discendum
433 424 477 450 est
486 425 567 459 'ergo
585 419 677 460 prius,
694 420 765 460 quid
782 421 819 451 sit
837 430 842 451 :
863 421 968 452 Gloria
984 424 1017 452 in

192 462 351 495 altissimis
365 464 441 505 Deo,
459 467 489 496 et
504 466 537 496 in
567 467 646 496 terra
671 474 734 504 pax
748 466 918 497 hominibus
935 466 1018 497 bona:

192 505 407 540 voluntati857.
425 509 497 545 Quae
524 509 561 540 sit
575 509 653 540 bona
667 509 814 541 voluntas.
833 510 907 546 Quid
922 510 1015 541 illud:

191 550 271 582 Deus
283 551 446 591 Dominus,
457 556 486 585 et
498 554 600 585 illuxit
608 553 693 585 nobis
700 555 741 584 58.
754 554 829 590 Quid
842 555 928 585 illud:
943 555 1015 586 illu-

192 604 268 628 cere.
296 597 484 630 Christianus
508 599 588 630 enim
610 598 745 639 quilibet,
770 599 820 640 qui
842 599 936 630 Deum
953 600 1018 639 ejus

189 640 282 679 jussis
297 641 476 680 factitandis,
505 643 714 684 mandatisque
739 643 943 675 custodiendis
959 653 1018 674 non

192 684 350 724 gloriﬁcat,
368 688 443 718 nihil
468 687 503 718 ab
530 687 567 718 iis
597 687 694 725 distat,
721 688 771 728 qui
799 688 828 718 in
847 690 941 720 Deum
958 698 1017 719 non

194 730 332 769 credunt,
349 732 407 763 nisi
421 732 511 763 etiam
527 731 643 763 'iisdem
668 732 799 764 deterior
816 737 860 764 est
877 742 883 764 ε
916 733 952 764 Si
967 742 1018 773 ego

191 773 287 805 Pater
295 784 374 815 sum,
386 776 493 818 inquit,
505 776 558 808 ubi
567 780 610 808 est
619 777 805 809 honormeus
819 778 832 808 Υ
840 782 867 809 et
877 782 904 809 si
916 779 1018 808 Domi-

191 825 251 850 nus
264 828 341 858 sum,
359 821 413 853 ubi
427 825 471 853 est
487 823 578 853 timor
591 831 673 853 meus
687 822 718 848 59
731 822 747 852 ‘2
775 823 888 854 Placuit
918 826 1018 854 autem

192 862 256 894 Deo
268 867 297 895 et
305 865 385 896 Patri
395 866 555 897 humanam
574 870 720 904 naturam,
734 877 798 908 quae
813 877 830 898 a
844 867 900 898 vita
917 867 1016 898 divina

192 916 247 948 per
261 913 413 948 peccatum
429 911 604 951 desciverat,
634 920 794 952 secumque
810 912 1015 943 ininimicitias

193 958 377 995 susceperat,
394 964 448 995 per
463 955 697 986 incarnationem
725 956 793 987 Filii
809 957 866 987 sibi
880 957 1015 987 reconsi—

190 995 276 1042 liare,
294 1007 420 1040 eamque
435 1009 502 1030 cum
528 999 627 1031 divina
654 1000 713 1031 vita
740 1001 845 1032 denuo'
864 1001 1014 1042 copulare,

191 1044 225 1072 ut
239 1041 310 1073 item
319 1042 478 1084 Apostolus
490 1045 609 1076 scribit:
619 1044 785 1086 Justiﬁcati
792 1055 847 1086 per
854 1046 944 1086 ﬁdem
954 1047 1016 1076 Do—

191 1087 268 1118 mini
276 1089 391 1120 nostris
402 1091 474 1120 Iesu
486 1089 601 1121 Christi
603 1099 707 1130 pacem
719 1090 864 1122 habemus
874 1091 915 1122 ad
922 1091 1017 1122 Deum

186 1139 240 1171 per
249 1134 509 1166 conversationem
520 1135 555 1165 in
565 1133 683 1166 Christo
689 1134 731 1164 ϐο.
740 1135 808 1175 Ipse
815 1137 895 1167 enim
901 1139 943 1167 est
952 1144 1016 1175 pax

189 1179 363 1218 nostra,qui
368 1178 577 1220 fecitutraque
585 1183 720 1218 unum,et
728 1180 860 1212 medium
868 1181 1016 1221 parietem

191 1222 333 1254 maceriae
339 1223 437 1261 solvit,
450 1224 631 1256 inimicitias
639 1225 672 1256 in
682 1234 771 1256 carne
778 1234 833 1256 sua
839 1225 878 1263 6‘,
896 1230 921 1256 et
935 1225 1016 1265 paci-

191 1265 293 1306 ﬁcavit
300 1276 354 1307 per
367 1269 545 1307 sanguinem
554 1270 655 1300 crucis
670 1279 732 1301 suae
748 1279 802 1311 per
813 1271 1016 1312 semetipsum,

193 1313 257 1342 sive
265 1321 331 1351 quae
341 1313 376 1344 in
391 1314 490 1352 terris,
504 1314 567 1345 sive
583 1320 656 1354 quoe'
667 1315 700 1345 in
715 1314 803 1352 cretis:
811 1319 894 1346 sunt.
910 1315 950 1345 Et
964 1323 1019 1345 nos

194 1364 263 1387 cum
269 1365 398 1389 essemus
404 1359 507 1398 aliquo
515 1359 601 1390 modo
609 1359 752 1396 alienati,
766 1360 919 1398 elinimici
929 1368 1020 1390 sensu

194 1400 228 1431 in
235 1402 375 1441 operibus
383 1402 483 1440 malis,
489 1412 570 1434 nunc
576 1403 783 1435 reconciliavit
792 1405 823 1435 in
829 1413 950 1444 corpore
956 1412 1020 1435 car-

194 1445 246 1476 nis
259 1454 322 1477 suae
335 1456 392 1487 per
412 1451 555 1485 mortem,
570 1451 597 1479 et
621 1449 761 1480 exhibuit
776 1458 828 1480 nos
842 1452 972 1486 sanctos,
992 1451 1020 1479 et

192 1491 418 1529 immaculatos,
435 1495 463 1523 et
477 1493 758 1533 irreprehensibiles
772 1503 876 1525 coram
891 1495 954 1533 ipso
967 1503 977 1524 :
991 1493 1020 1524 si

194 1538 295 1566 tamen
312 1538 498 1575 permanetis
509 1538 544 1568 in
564 1537 623 1578 ﬁde
647 1539 782 1576 fundati,
799 1542 827 1570 et
841 1538 973 1575 stabiles,
991 1541 1019 1568 et

193 1579 359 1612 immobiles
369 1589 446 1621 aspe
452 1582 614 1622 Evangelii
624 1583 702 1622 quod
708 1583 846 1621 audistis,
857 1583 936 1623 quod
941 1591 1019 1623 pra:-

193 1623 325 1657 dicatum
334 1629 378 1656 est
385 1627 624 1658 omnicreaturoe
632 1637 699 1668 quae
710 1627 764 1659 sub
783 1628 851 1659 caelo
862 1631 917 1665 est,
934 1627 1021 1668 cujus

193 1670 293 1710 factus
307 1679 374 1702 sum
389 1679 442 1712 ego
468 1671 583 1702 Paulus
598 1673 741 1704 minister
762 1672 803 1702 62.
833 1672 1020 1704 Christianus

194 1714 286 1752 enim,
295 1715 407 1756 quiper
418 1717 684 1756 transgressionem
701 1719 906 1750 mandatorum
922 1717 1020 1748 Evan-

193 1759 266 1800 gelii
281 1760 399 1792 Christo
415 1761 538 1798 resistit,
557 1766 587 1792 et
614 1771 680 1793 cum
710 1762 770 1794 Deo
801 1763 913 1794 bellum
929 1762 1016 1802 gerit,

194 1804 326 1846 sibimet,
341 1814 376 1836 ac
402 1805 466 1837 Deo
493 1806 634 1838 inimicus
662 1812 708 1838 est
736 1812 846 1839 etcum
863 1817 898 1839 eo
914 1816 1017 1848 pacem

193 1848 306 1880 habere
313 1850 484 1891 neutiquam
492 1855 598 1891 potest.
608 1852 746 1892 Eousque
752 1852 897 1894 siquidem
905 1851 1020 1882 inimici

194 1896 282 1934 atque
310 1894 411 1926 hostes
434 1895 489 1926 Dei
515 1905 630 1934 sumus,
665 1897 782 1928 etiamsi
808 1897 940 1927 ﬁdelium
966 1905 1020 1926 nos

194 1938 392 1979 appellatione
406 1940 548 1978 velemus,
566 1942 924 1982 quousquefpassionibus
934 1942 1018 1981 igno-

195 1983 295 2014 miniae
310 1983 421 2016 servire
447 1985 705 2026 concupiscimus:
730 1987 893 2027 Apparuit,
911 1986 1018 2026 inquit,

194 2029 298 2069 gratia
307 2028 366 2060 Dei
374 2033 402 2061 et
411 2030 574 2062 Saluatoris
585 2033 681 2062 nostri
690 2031 829 2063 mnibus
836 2030 1018 2071 hominibus,

192 2073 334 2105 erudiens
342 2083 408 2113 nos,
417 2078 452 2106 ut
459 2075 644 2115 abnegantes
653 2077 878 2116 impietatemet
889 2075 1018 2107 saecula—

193 2119 245 2150 ria
253 2118 406 2150 desideria
421 2121 481 2160 pie,
503 2120 611 2158 sobrie,
631 2124 660 2151 et
672 2121 754 2160 juste
772 2124 909 2152 vivamus
921 2121 954 2151 in
965 2121 1020 2151 hoc

195 2163 304 2195 saeculo
314 2163 357 2194 65.
368 2163 460 2204 Igitur
467 2165 517 2206 qui
524 2174 583 2196 non
590 2165 638 2206 pie
644 2165 723 2203 vivit,
732 2165 841 2206 impius
852 2169 908 2197 est.
922 2166 960 2197 Et
974 2165 1024 2205 qui

198 2217 258 2239 non
275 2207 376 2240 sobrie
391 2218 425 2240 ac
439 2210 520 2250 juste
534 2210 621 2241 vitam
637 2210 775 2249 traducit,
793 2211 918 2241 multum
941 2210 1023 2241 abest

197 2256 230 2283 ut
245 2252 273 2284 ei
288 2254 382 2293 gratia
396 2253 451 2285 Dei
478 2254 614 2286 salutaris
642 2258 793 2296 appareat.
824 2255 860 2285 Et
874 2254 1023 2295 quomodo

195 2297 245 2329 hic
256 2298 492 2331 Christianorum
503 2300 608 2331 ordine
622 2303 650 2332 et
660 2300 724 2331 loco
736 2299 1022 2339 censeatur?Ingre—

196 2342 282 2375 diens
297 2353 366 2376 vero
383 2345 528 2386 templum
543 2345 673 2383 Domini,
690 2346 761 2386 quid
781 2345 881 2376 dicet?
910 2345 1019 2385 gratias

195 2392 272 2428 aget,
286 2398 324 2420 an
348 2393 428 2430 petet
443 2390 455 2421 ἲ
478 2390 509 2422 Si
524 2390 612 2428 illud,
629 2396 725 2422 semet
741 2390 825 2428 fallit,
843 2394 944 2428 utpote
961 2399 1020 2420 non

196 2433 321 2471 habens,
340 2444 407 2466 cum
424 2445 483 2466 non
507 2435 668 2477 acceperit,
692 2439 724 2467 et
739 2435 938 2476 nequidquam
952 2444 1021 2475 gra-

196 2478 253 2510 tias
266 2488 368 2519 agens.
387 2479 418 2511 Si
433 2481 500 2518 hoc,
528 2490 587 2522 qua
602 2481 746 2520 petitione
756 2481 771 2511 ‘2
786 2491 873 2521 quam
890 2491 949 2512 non
964 2490 1021 2511 no-

196 2524 251 2563 vit,
261 2528 290 2555 et
300 2533 387 2565 quam
399 2525 536 2565 ignorat?
547 2525 627 2557 Talis
639 2526 748 2557 nullius
761 2525 858 2566 pretii,
885 2529 915 2557 et
930 2525 1023 2556 inuti-

197 2569 236 2600 lis
263 2573 318 2609 est,
354 2573 493 2611 tanquam
535 2570 719 2609 incredulus,
765 2575 793 2602 et
822 2575 966 2611 mortuus,
996 2575 1025 2601 et

197 2614 322 2646 atheus:
339 2615 523 2648 incredulus.
541 2616 681 2657 quoniam
703 2615 810 2648 Christi
825 2615 1023 2647 resurrectio—

198 2669 268 2692 nem
289 2670 350 2693 non
364 2661 507 2703 suscepit,
525 2670 714 2702 summopere
731 2661 892 2702 mentiens,
909 2670 978 2692 cum
992 2661 1022 2691 in

197 2706 313 2738 cantico
321 2706 408 2739 dicit:
417 2707 539 2739 Christi
547 2708 802 2739 resurrectionem
808 2707 955 2748 speculati
964 2710 1022 2737 etc.

1057 286 1155 318 hausit
1169 297 1185 318 a
1200 289 1260 318 Deo
1276 296 1386 325 rorem,
1409 287 1459 328 qui
1481 287 1675 326 intelligentia
1692 286 1883 328 perspicitur,

1059 336 1087 363 et
1104 333 1226 363 mortuis
1242 332 1397 363 sanitatem
1413 332 1558 373 impertit.
1579 332 1687 363 Christi
1707 332 1816 372 quippe
1831 340 1885 361 re—

1058 378 1202 408 surrectio
1218 382 1246 408 et
1261 377 1365 417 gloria,
1384 382 1495 415 nostra,
1519 377 1568 418 qui
1585 378 1692 418 sepulti
1708 377 1785 407 inl'ra
1797 377 1887 416 jace-

1058 431 1134 459 mus,
1149 422 1327 453 resurrectio
1340 427 1395 462 est,
1406 431 1470 462 quae
1482 431 1534 462 per
1554 422 1802 453 resurrectionem
1817 422 1886 461 ejus

1058 468 1088 498 in
1105 467 1192 498 nobis
1220 468 1261 503 ﬁt,
1289 467 1465 505 ostenditur,
1499 472 1527 497 et
1556 471 1686 507 apparet,
1718 471 1750 497 ut
1778 470 1822 497 est
1852 466 1885 496 in

1060 511 1246 543 sanctissimo
1256 512 1461 551 responsorio,
1473 511 1549 552 quod
1567 521 1618 542 ore
1635 516 1734 543 nostro
1750 510 1886 551 quotidie

1060 556 1278 596 depromimus;
1307 557 1419 587 Christi
1444 557 1692 587 resurrectionem
1720 555 1882 595 speculati,

1060 602 1219 633 adoremus
1233 605 1370 632 sanctum
1389 601 1551 641 Dominum
1565 603 1666 632 Jesum
1675 601 1887 639 Christumqui

1060 646 1155 677 solum
1167 646 1250 677 omni
1260 650 1376 685 peccato
1389 649 1485 677 vacat.
1500 645 1551 677 Ille
1567 646 1646 677 enim
1656 655 1722 677 cum
1731 654 1884 685 nunquam

1059 694 1212 731 peccatum
1229 690 1320 720 ullum
1337 690 1501 726 admiserit,
1527 694 1560 721 ut
1587 690 1728 731 scriptum
1754 693 1808 726 est,
1827 698 1886 719 nec

1059 736 1149 766 ullam
1178 735 1278 775 glorias
1306 745 1365 765 sua:
1407 735 1644 766 immutationem
1671 733 1885 775 quoquomodo

1060 789 1176 820 passus,
1194 779 1243 820 qui
1259 783 1394 818 resurget
1418 779 1586 820 aliquando,
1615 783 1643 810 et
1657 779 1884 820 gloriﬁcabitur,

1060 825 1109 865 qui
1124 834 1212 864 supra
1227 825 1359 860 modum,
1378 828 1406 855 et
1421 833 1511 864 supra
1534 834 1651 855 onmem
1668 824 1880 865 principatum,

1060 872 1272 909 etpotestatem
1288 869 1468 908 gloriﬁcatus
1485 872 1539 910 est,
1558 873 1587 900 et
1601 868 1725 900 manet?
1750 868 1808 899 Sed
1826 877 1880 898 re-

1058 914 1214 950 surrectio,
1233 917 1261 944 et
1275 913 1369 952 gloria
1392 913 1512 950 Christi,
1543 918 1643 944 nostra
1669 918 1713 944 est
1727 913 1831 953 gloria,
1851 916 1886 942 ut

1058 958 1198 996 diximus,
1215 968 1279 999 qua:
1295 968 1348 999 per
1372 959 1624 989 resurrectionem
1641 959 1756 989 scilicet
1771 959 1836 997 ejus
1852 957 1885 987 in

1058 1003 1146 1034 nobis
1161 1004 1204 1044 ﬁt,
1221 1008 1249 1034 et
1266 1003 1296 1034 in
1313 1003 1399 1034 nobis
1427 1003 1621 1044 conspicitur.
1639 1003 1713 1039 Quia
1728 1004 1807 1034 enim
1826 1013 1884 1033 no—

1059 1052 1120 1079 stra
1144 1048 1236 1079 semel
1257 1048 1427 1088 assumpsit,
1445 1058 1509 1088 quae
1525 1048 1554 1078 in
1571 1048 1656 1078 nobis
1673 1048 1736 1086 ipse
1752 1047 1830 1084 facit,
1849 1056 1886 1077 ea

1058 1093 1116 1124 sibi
1131 1093 1263 1124 ascribit.
1280 1092 1315 1123 Et
1330 1093 1579 1133 quemadmodum
1610 1093 1674 1133 ipse
1690 1092 1835 1128 Christus,
1853 1097 1886 1123 et

1058 1138 1136 1169 Deus
1161 1143 1262 1168 noster
1283 1137 1312 1167 in
1330 1147 1419 1168 cruce
1449 1147 1621 1177 suspensus,
1652 1146 1719 1167 cum
1734 1137 1763 1166 in
1781 1136 1883 1176 seipso

1058 1186 1180 1223 peccata
1195 1182 1297 1213 mundi
1313 1182 1395 1213 cruci
1407 1182 1556 1220 aﬁixisset,
1575 1186 1759 1222 mortemque
1776 1185 1881 1219 gusta-

1059 1228 1160 1265 visset,
1177 1228 1250 1258 etin
1273 1227 1376 1258 inﬁma
1404 1227 1515 1257 inferni
1542 1226 1756 1264 descendisset,
1774 1226 1885 1256 deinde

1059 1281 1177 1303 rursum
1193 1272 1363 1310 exstitisset,
1380 1272 1410 1302 in
1436 1272 1655 1302 immaculatum
1672 1281 1780 1311 corpus
1795 1280 1883 1301 suum

1060 1317 1192 1354 revertit,
1209 1326 1225 1347 a
1240 1326 1309 1356 quo,
1327 1327 1394 1347 cum
1421 1326 1456 1347 eo
1484 1316 1681 1347 descenderet
1696 1325 1883 1356 nequaquam

1061 1363 1219 1393 dissociata
1236 1365 1280 1392 est
1295 1362 1359 1401 ejus
1374 1361 1521 1396 divinitas,
1553 1361 1710 1401 statimque
1725 1370 1741 1391 a
1758 1360 1886 1390 mortuis

1060 1407 1243 1443 resurrexit;
1260 1415 1294 1436 ac
1309 1406 1417 1438 deinde
1433 1416 1500 1437 cum
1518 1406 1622 1436 virtute
1639 1410 1667 1436 et
1683 1405 1776 1445 gloria
1792 1405 1885 1435 multa

1061 1452 1092 1483 in
1106 1451 1211 1483 coelum
1227 1451 1362 1482 ascendit
1379 1461 1385 1482 :
1417 1451 1459 1482 sic
1489 1460 1561 1482 sane
1593 1455 1621 1481 et
1649 1460 1728 1481 nunc
1743 1449 1828 1480 nobis
1844 1449 1884 1480 de

1061 1497 1171 1528 mundo
1186 1496 1419 1536 egredientibus,
1437 1499 1466 1527 et
1493 1495 1656 1526 imitatione
1672 1495 1796 1535 quadam
1815 1503 1886 1534 pas-

1060 1542 1153 1573 sionis
1168 1542 1232 1582 ejus
1247 1541 1438 1582 poenitentiae.
1464 1545 1493 1571 et
1515 1540 1689 1571 humilitatis
1705 1549 1886 1571 monumen-

1062 1591 1123 1618 tum
1139 1586 1285 1626 quoddam
1302 1585 1507 1622 subeuntibus,
1534 1585 1597 1626 ipse
1614 1585 1650 1616 dc
1666 1585 1738 1616 coelo
1756 1585 1886 1615 descen-

1061 1632 1147 1669 dens,
1164 1640 1270 1672 corpus
1285 1634 1419 1662 nostrum
1443 1640 1497 1661 ceu
1522 1630 1688 1670 sepulcrum
1706 1629 1883 1668 ingreditur,

1061 1677 1222 1715 uultusque
1237 1675 1393 1707 animabus
1417 1674 1538 1712 nostris,
1566 1675 1779 1706 convenienter
1804 1683 1854 1704 eas
1869 1683 1886 1704 a

1062 1725 1158 1753 morte
1174 1722 1306 1753 suscitat.

1100 1766 1290 1798 Resurrectio
1306 1769 1402 1797 autem
1427 1766 1543 1803 animas,
1575 1769 1620 1796 est
1648 1765 1726 1795 illius
1742 1773 1810 1794 cum
1827 1763 1887 1793 vita

1060 1811 1240 1851 conjunctio.
1272 1811 1353 1842 Sicut
1381 1811 1459 1841 enim
1489 1819 1596 1850 corpus
1633 1813 1792 1845 mortuum,
1825 1808 1884 1838 nisi

1061 1856 1192 1887 animam
1200 1856 1345 1887 viventem
1356 1856 1385 1886 in
1396 1865 1427 1886 se
1439 1855 1574 1895 recipiat,
1593 1858 1622 1885 et
1640 1863 1707 1884 cum
1725 1862 1760 1883 ea
1774 1853 1887 1892 absque

1063 1901 1202 1932 mistione
1217 1900 1387 1938 misceatur,
1412 1909 1471 1930 non
1501 1900 1619 1936 dicitur,
1647 1908 1701 1929 nec
1718 1897 1776 1928 dici
1791 1901 1889 1937 potest

1062 1946 1186 1977 vivere:
1212 1945 1255 1976 sic
1277 1955 1332 1976 nec
1357 1945 1455 1975 anima
1483 1944 1547 1975 sola
1576 1953 1629 1984 per
1643 1943 1771 1981 seipsam
1788 1942 1886 1972 vivere

1062 1993 1172 2030 potest,
1189 1989 1246 2019 nisi
1263 1989 1352 2019 modo
1379 1989 1506 2028 quodam
1528 1987 1741 2027 inexplicabili,
1755 1986 1888 2025 citraque

1061 2033 1266 2065 confusionem
1282 2043 1348 2064 cum
1365 2035 1436 2073 Deo,
1455 2033 1506 2071 qui
1535 2042 1604 2062 vere
1633 2032 1691 2062 vita
1706 2035 1816 2062 aeterna
1829 2036 1885 2067 est,

1061 2079 1259 2116 consocietur,
1273 2078 1443 2115 et,uniatur.
1461 2077 1547 2109 Unita
1557 2081 1654 2108 autem
1670 2076 1742 2113 Deo,
1763 2085 1828 2105 mox
1845 2075 1885 2111 ei,

1064 2124 1115 2165 qui
1130 2124 1170 2154 ita
1184 2133 1250 2154 cum
1264 2123 1382 2154 Christo
1411 2122 1584 2159 resurrexit,
1603 2121 1736 2160 mysticae
1751 2129 1889 2150 resurre-

1067 2169 1172 2200 ctionis
1189 2178 1249 2199 suae
1263 2168 1386 2207 gloriam
1412 2167 1555 2198 cernendi
1579 2166 1745 2197 facultatem
1763 2165 1886 2205 prrebet.

1066 2214 1142 2245 Hinc
1157 2213 1303 2244 dicimus:
1331 2214 1410 2244 Deus
1435 2214 1592 2249 Dominus,
1615 2214 1642 2241 et
1672 2210 1886 2241 illuritnobis.

1067 2261 1102 2290 Et
1115 2258 1278 2289 secundum
1294 2257 1494 2297 signiﬁcantcs
1504 2256 1673 2292 adventum,
1686 2254 1860 2293 subjicimus
1880 2265 1886 2285 :

1065 2303 1246 2335 Benedictus
1261 2303 1314 2342 qui
1330 2303 1409 2333 venit
1424 2303 1456 2333 in
1471 2301 1593 2332 nomine
1619 2300 1788 2332 Domini“.
1806 2298 1889 2329 Hauc

1063 2347 1315 2378 resurrectionem
1328 2346 1377 2387 qui
1387 2346 1499 2386 liquido
1512 2355 1568 2376 non
1582 2345 1653 2375 vidit
1664 2345 1778 2385 (utpote
1791 2344 1887 2374 incre—

1064 2392 1162 2428 dulus,
1178 2391 1286 2431 impius
1301 2401 1334 2422 ac
1359 2394 1516 2428 mortuus),
1543 2400 1599 2421 nec
1625 2387 1888 2420 ChristumJesum

1064 2439 1096 2467 ut
1120 2439 1267 2473 sanctum,
1286 2445 1320 2466 ac
1341 2435 1499 2466 Dominum
1516 2434 1640 2465 adorare
1658 2437 1754 2473 potest
1771 2443 1777 2462 :
1796 2434 1889 2463 Nemo

1065 2481 1157 2517 enim,
1172 2480 1278 2520 inquit,
1287 2484 1385 2520 potest
1394 2481 1514 2511 dicere:
1528 2480 1674 2510 Dominus
1682 2477 1779 2514 Jesus,
1788 2478 1849 2507 nisi
1858 2479 1889 2507 in

1065 2526 1183 2566 Spiritu
1193 2529 1294 2557 sancto
1314 2525 1356 2556 65.
1375 2524 1410 2555 Et
1428 2524 1517 2554 alibi:
1536 2523 1669 2563 Spiritus
1693 2527 1734 2553 est
1753 2523 1841 2557 Deus,
1859 2525 1889 2552 et

1066 2571 1119 2610 qui
1132 2570 1265 2601 adorant
1279 2579 1357 2607 eum,
1385 2571 1416 2600 in
1438 2569 1548 2609 spiritu
1575 2572 1602 2599 et
1628 2569 1757 2598 ueritate
1771 2570 1890 2607 oportet

1066 2614 1257 2653 adorure66;
1274 2615 1330 2645 hoc
1347 2618 1401 2655 est,
1419 2614 1449 2644 in
1464 2613 1575 2653 Spiritu
1600 2617 1712 2649 sancto,
1730 2616 1758 2643 et
1773 2613 1802 2643 in
1819 2613 1888 2643 uni-

1065 2659 1166 2700 genito
1183 2660 1248 2700 ejus
1272 2659 1357 2690 Filio.
1389 2659 1443 2691 Hic
1471 2663 1568 2689 autem
1596 2657 1726 2688 inﬁdelis
1754 2661 1809 2695 est,
1838 2658 1890 2698 qui

1065 2705 1154 2736 ﬁdem
1170 2714 1223 2746 per
1237 2713 1327 2745 opera
1343 2713 1400 2735 non
1418 2703 1559 2742 ostendit,
1569 2703 1688 2743 quando
1701 2702 1774 2733 ﬁdes
1783 2712 1888 2733 secun-

198 2793 210 2805 '
235 2791 268 2832 57
282 2793 354 2824 Luc.
370 2801 402 2831 Π,
418 2792 468 2830 14,
510 2793 543 2820 58
559 2792 635 2825 Psal.
653 2801 742 2832 cxvn,
757 2791 810 2825 27.
852 2791 1030 2830 59Malac.1,
1047 2790 1076 2824 6.
1118 2790 1246 2832 60Rorn.
1262 2799 1291 2828 v,
1308 2791 1338 2821 1.
1380 2788 1530 2832 61_Ephes.
1547 2796 1578 2826 ιι,
1596 2788 1645 2820 14.
1688 2786 1720 2812 62
1734 2787 1846 2819 Coloss.
1864 2796 1885 2827 1,

196 2831 302 2866 20-23.
344 2832 377 2860 63
390 2829 449 2866 Tit.
461 2829 499 2873 7n,
516 2833 566 2866 42.
607 2834 640 2860 64
653 2829 740 2866 Μδιιξ
751 2842 811 2873 xxx,
827 2833 859 2866 9.
902 2832 960 2864 651
975 2833 1043 2865 Cor.
1060 2839 1113 2870 xu,
1129 2831 1158 2864 3.
1202 2831 1234 2856 66
1247 2832 1331 2862 Joan.
1349 2838 1389 2869 IV,
1405 2829 1458 2862 24.
