1983 3072
69 110 146 147 341
844 117 930 150 ΟΒΔἾ

982 122 986 145 ι
1008 117 1045 150 V.
1731 113 1791 147 342

77 192 316 226 dumJacobum
331 196 496 236 apostolum
518 196 584 228 sine
600 196 742 237 operibus
759 196 791 228 in
811 205 843 228 se
858 197 954 237 ipsaA
965 197 1045 228 enim
1067 197 1216 237 sigillatim
1232 196 1468 229 Christianorum
1484 195 1624 237 mysteria
1637 204 1769 236 cognoro
1779 211 1793 218 -

80 242 139 269 est
155 243 282 278 mortua,
299 241 376 272 sicut
391 245 420 272 et
445 251 535 282 opera
560 242 625 272 sine
654 241 713 272 ﬁde
727 240 772 272 67.
788 243 924 273 Mortuus
965 242 1014 279 rit,
1046 241 1159 273 scilicet
1185 251 1238 282 per
1264 242 1403 273 virtutem
1432 240 1541 272 Christi
1570 239 1787 280 intelligibilem

79 286 193 326 autem
211 283 290 323 ideo,
318 285 390 326 quia
418 286 619 317 viviﬁcantem
651 286 745 317 Deum
771 286 802 317 in
817 295 850 317 se
866 296 924 317 non
965 287 1073 318 iterum
1090 286 1223 326 conﬂari,
1240 295 1274 317 ac
1299 285 1403 325 reﬁngi
1429 284 1550 322 debere,
1568 289 1597 316 et
1611 284 1642 315 in
1656 285 1787 317 divinum

80 325 200 360 habet:
215 325 458 371 quandoquidem
471 340 538 362 eum
550 331 599 371 qui
626 331 718 362 dixit:
747 331 808 368 Qui
822 330 924 372 diligit
965 331 1117 361 hominem
1134 325 1334 368 transmutari,
1351 329 1476 370 ﬁerique
1488 338 1593 360 novam
1609 333 1788 369 creaturam,

81 375 303 413 me,mamlata
312 375 924 416 measervabit,etegoetl’aterperSpiri-
966 379 995 406 et
1009 375 1159 406 hominem
1176 383 1296 411 novum,
1314 383 1372 415 quo
1387 374 1461 405 fides
1486 378 1514 406 et
1528 373 1692 415 baptismus
1707 374 1787 406 refe-

84 419 160 448 tum
172 419 921 460 veniemus,etmansionemapudeumfaciemusGS,
965 424 1082 456 runtur,
1107 419 1215 450 frustra
1243 419 1402 451 Christiani
1431 428 1541 450 nomen
1570 423 1701 459 usurpat.
1716 419 1790 450 Nam

83 460 124 492 in
143 471 211 494 sese
227 473 285 494 non
315 464 457 504 possidet,
490 465 540 506 qui
570 465 728 506 przesentia
757 474 812 496 sua
826 465 923 505 ipsum
965 464 1133 505 quicunque
1148 470 1294 502 servatur,
1311 468 1360 495 aut
1381 463 1552 502 redimitur,
1570 468 1619 494 aut
1634 463 1795 503 liberatur,

83 515 107 536 a
129 507 255 539 mortuis
269 508 387 547 excitet,
414 513 501 551 atque
525 510 662 550 viviﬁcet,
688 514 717 540 et
731 514 793 540 tum
810 509 923 540 excita-
966 513 1014 541 aut
1027 510 1139 540 honore
1167 513 1299 549 augetur,
1329 514 1379 541 aut
1409 508 1555 540 beneficio
1581 509 1717 547 alticitur,
1740 514 1792 542 aut

87 554 159 581 tum
176 551 206 582 in
221 562 266 590 se,
284 557 344 584 tum
361 555 551 585 excitatorem
575 554 677 586 videre
688 554 839 595 lalgiatur.
852 553 923 585 Cum
967 553 1074 594 opibus
1089 553 1267 594 cumulatur,
1284 553 1319 584 ab
1342 553 1412 594 alio,
1439 563 1499 584 non
1528 562 1545 584 a
1568 553 1665 594 seipso
1680 563 1792 585 unum-

88 595 177 626 enim
187 596 216 627 in
230 597 315 628 nobis
327 607 380 638 per
399 598 542 640 Spiritum
555 600 661 639 (fuerit,
682 599 927 639 :tnimasfnostras

88 649 112 670 a
125 642 251 672 mortuis
267 642 435 681 resuscitat,
455 644 639 685 easque,vita
650 648 798 681 munerat,
815 653 925 674 conce-

90 686 198 727 ditque
209 691 242 719 ut
257 687 354 727 ipsum
371 692 476 730 totum,
501 690 552 730 qui
571 689 762 729 immortalis,
777 693 807 720 et
820 689 926 720 interi-

92 734 145 761 tus
161 741 283 771 esters
298 738 353 771 est,
370 734 467 765 vivere
478 734 508 765 in
523 734 611 766 nobis
625 735 791 766 videamus.
811 733 926 764 Etenim

93 776 209 816 anima,
220 781 378 818 antequam
391 788 422 810 se
432 781 493 811 Deo
505 780 617 810 unitam
630 783 799 820 cognoscat,
815 779 924 817 videat,

93 828 131 850 ac
148 822 266 860 sentiat,
296 832 465 864 quanquam
495 824 677 864 intelligens,
708 828 736 855 et
752 828 856 854 natura
871 823 923 854 im-

97 866 235 896 mortalis
248 871 304 908 est,
323 867 518 900 nihilominus
541 873 668 907 mortua,
698 878 788 909 caeca,
818 873 847 899 et
862 868 926 898 sine

96 918 190 954 sensu
205 915 259 942 est.
288 911 400 943 Atheus
428 917 525 944 autem
555 917 609 951 est,
642 913 710 954 quia
735 913 759 944 si
780 912 926 953 judicium

96 953 241 993 futurum,
256 960 285 986 et
295 957 440 998 supplicia
448 953 828 998 sempiternafcredidisset,
841 957 928 988 vitam

97 1007 183 1029 suam
211 1000 241 1031 in
270 1002 356 1041 nugis
385 1012 444 1033 non
489 1003 634 1043 exigeret.
677 1004 763 1034 Nunc
791 1007 849 1033 tam
879 1011 930 1032 eos

99 1042 198 1074 videri
212 1044 243 1075 in
274 1047 436 1086 perniciem
467 1042 567 1086 ruere,
597 1057 684 1089 quam
710 1056 766 1078 nec
782 1046 928 1084 ethnicos,

98 1096 193 1127 super
209 1099 283 1130 quos
298 1101 407 1122 nomen
424 1092 477 1124 Dei
505 1093 673 1124 invocatum
686 1093 759 1132 [non
775 1096 832 1129 est,
849 1091 931 1122 indi-

98 1141 195 1172 gnum
209 1139 263 1166 est.
281 1135 315 1166 Et
328 1136 480 1168 ambulant
496 1137 626 1178 subnixi,
645 1147 700 1168 nec
716 1137 845 1177 majores
862 1145 932 1167 suos

100 1177 206 1209 miseri
231 1179 396 1213 intuentur.
420 1181 485 1212 Non
502 1186 570 1213 sunt
585 1177 634 1213 isti
649 1181 809 1214 Christiani
825 1190 863 1211 ne
877 1189 928 1210 se-

102 1223 381 1267 metlutliﬁcentur,
411 1236 471 1257 non
499 1231 590 1258 sunt:
621 1227 672 1258 sed
688 1225 796 1267 |impti,
819 1229 848 1256 et
863 1225 929 1255 sine

101 1266 176 1302 Deo,
197 1275 225 1298 et
255 1269 424 1307 increduli;
456 1271 620 1312 praesertim
651 1272 676 1302 si
705 1266 854 1310 monachi,
881 1273 931 1300 aut

102 1312 275 1344 sacerdotes
291 1314 361 1352 sint,
386 1316 461 1356 proh
478 1316 582 1347 dolori
607 1315 658 1348 Sin
673 1319 772 1347 autem
787 1314 928 1355 epilcopi.

102 1365 120 1386 ο
140 1356 265 1395 Christe,
284 1360 469 1399 patientiam,
501 1365 529 1392 et
558 1360 817 1400 longanimitatem
834 1362 926 1397 tuam,

103 1401 182 1446 quod
199 1411 258 1433 non
275 1408 356 1435 terra
370 1405 509 1444 dehiscit,
528 1415 638 1446 eosque
654 1405 806 1437 absorbet.

146 1445 177 1476 Si
206 1448 273 1487 quis
301 1449 469 1490 hujusmodi
496 1456 578 1491 peste
590 1445 731 1489 ilaborat,
767 1449 929 1491 quomodo,

968 598 1104 639 quodque
1118 599 1224 629 horum
1240 598 1420 639 assequitur.
1437 597 1513 634 Quin
1530 598 1618 629 etiam
1633 598 1731 630 omnis
1740 599 1794 640 qui

968 644 1078 684 lapsus,
1090 646 1121 675 et
1130 643 1246 674 attritus
1257 647 1311 682 est,
1324 643 1360 674 ab
1372 643 1429 674 alio
1450 643 1584 683 erigitur,
1601 648 1631 675 et
1647 647 1789 684 portatur,

967 698 1034 719 cum
1050 693 1144 719 semet
1159 689 1274 728 erigere
1289 697 1349 719 non
1365 692 1463 729 queat.
1480 687 1705 726 Verumtamen,
1721 688 1791 719 sise

968 733 1082 774 lapsum
1098 733 1199 771 sentit,
1217 742 1300 774 aquo
1313 733 1454 772 erigatur,
1469 732 1586 774 quaerit,
1599 737 1628 764 et
1639 733 1791 764 inventum

968 782 1062 817 rogat,
1079 777 1284 818 hortaturque.
1298 777 1331 808 In
1343 777 1499 809 sanitatem
1523 780 1620 808 autem
1635 776 1793 809 restitutus

967 827 1075 861 gratias
1102 821 1171 862 agit,
1201 831 1330 863 eumque
1358 822 1515 862 collaudat,
1543 831 1560 853 a
1589 831 1646 862 quo
1662 826 1792 861 erectus,

968 866 1111 904 sublatus,
1129 871 1158 897 et
1172 871 1291 898 senatus
1307 870 1359 898 est.
1379 866 1428 898 Sic
1452 866 1637 898 Christianus
1652 866 1790 907 quilibet,

969 915 1036 942 ante
1051 911 1205 942 sanitatem
1223 921 1349 943 exorans
1370 911 1468 949 illum,
1484 912 1568 951 cujus
1584 920 1674 952 opera
1688 920 1794 942 sanan-

971 957 1025 987 dus
1034 960 1087 994 est,
1101 956 1210 996 potitus
1223 956 1349 987 sanitate
1361 956 1468 995 gratias
1486 955 1546 994 agit
1563 955 1690 987 medico.
1709 955 1794 992 Quod

972 1000 1031 1031 nisi
1045 1001 1222 1041 tiat,£omnia
1236 1000 1347 1038 inania,
1364 1005 1393 1032 et
1407 1010 1473 1032 cum
1489 1000 1526 1031 iis
1540 1009 1658 1041 quoque
1668 1001 1795 1041 psalmo-

973 1045 1039 1084 dize,
1056 1053 1108 1076 seu
1124 1054 1235 1086 paucae,
1252 1054 1305 1077 seu
1321 1046 1430 1083 multae,
1447 1044 1552 1076 inanes
1565 1054 1599 1076 ac
1614 1054 1696 1076 vanae
1709 1049 1791 1077 sunt.

1285 1096 1424 1129 ORATIO
1439 1095 1476 1128 V.

1273 1144 1490 1176 Aneonsuruu.

972 1191 1033 1229 Qui
1047 1191 1256 1231 mysteriorum
1282 1191 1453 1222 divinorum
1474 1191 1638 1232 participes
1654 1190 1730 1232 ﬁeri
1743 1190 1794 1222 de-

1012 1231 1111 1267 beant,
1127 1235 1157 1262 et
1171 1234 1239 1271 quis
1254 1232 1379 1271 indigne
1393 1232 1567 1271 manducet,
1583 1235 1612 1262 et
1629 1231 1711 1262 bibat
1725 1239 1795 1262 cor-

1007 1281 1076 1312 pus.
1089 1280 1124 1303 ac
1132 1270 1309 1311 sanguinem
1317 1271 1445 1310 Christi,
1452 1275 1486 1303 ut
1495 1270 1653 1311 Apostolus
1659 1271 1796 1312 taquitur

1015 1311 1040 1347 tl
1054 1311 1124 1343 Cor.
1141 1321 1181 1349 x1,
1204 1312 1323 1350 27-29).

1012 1359 1152 1390 Doctrina
1163 1360 1282 1390 Patrum
1294 1363 1351 1398 est,
1361 1358 1612 1400 quemadmodum
1618 1359 1662 1390 vir
1672 1357 1794 1397 nobilis,

971 1407 1000 1434 et
1014 1403 1164 1444 copiosus,
1196 1404 1222 1435 si
1251 1403 1364 1445 tritum,
1394 1407 1423 1436 et
1450 1403 1599 1435 directum
1621 1404 1795 1444 relinquens

971 1448 1038 1484 iter,
1064 1457 1175 1489 perque
1201 1449 1274 1485 avia,
1304 1453 1334 1480 et
1360 1449 1553 1480 solitudinem
1580 1449 1736 1480 ambulans
1764 1449 1796 1480 in

104 1489 241 1530 obsecro,
259 1492 289 1524 in
307 1495 460 1535 templum,
480 1489 509 1527 et
525 1495 652 1526 maxime
668 1495 707 1526 ’in
737 1489 845 1526 Sancta
868 1503 930 1524 san-
943 1492 1259 1531 Clatronesinciderit,
1271 1497 1351 1524 veste
1361 1493 1487 1533 eleganti
1497 1492 1795 1534 dispoliatur,vilique

105 1539 222 1580 cterum
235 1537 446 1577 ingredietur?
468 1540 609 1571 Scribens
620 1539 698 1570 enim
709 1539 751 1580 ,ad
764 1538 932 1571 Corinthios

104 1579 393 1619 Apostolusclamat:
412 1584 511 1616 Nolite
530 1593 646 1621 errare,
656 1579 928 1625 neque/amicarii,

103 1626 367 1670 nequerudulteri,
384 1638 480 1670 neque
495 1629 611 1665 molles,
628 1639 722 1670 neque
730 1628 931 1660 masculorum

103 1669 324 1714 concubitores,
348 1682 445 1713 neque
459 1675 559 1711 avari,
587 1669 683 1714 neque
697 1673 821 1710 ebriosi,
838 1681 932 1712 neque

103 1713 256 1752 maledici,
266 1713 935 1759 nequefraptores,nequeinjusti,regnumDei

100 1759 309 1798 possidebunt.
320 1762 426 1794 Etha’e
436 1764 550 1803 fuistis,
562 1764 669 1804 inquit,
684 1764 735 1794 sed
746 1762 856 1801 abluti,
880 1763 933 1794 sed

103 1805 298 1844 sanetiﬁcoti,
310 1808 532 1846 sedjustiﬁcati
543 1809 614 1839 estis
624 1810 656 1839 in
670 1809 791 1839 nomine
808 1807 933 1838 Domini

103 1847 188 1884 Jesu,
201 1853 229 1880 et
241 1850 271 1881 in
281 1853 390 1891 spiritu
405 1853 459 1883 Dei
469 1857 564 1885 nostri
573 1853 615 1883 69.
632 1852 687 1889 Qui
703 1852 783 1883 enim
798 1851 929 1892 ablutus,

105 1894 362 1938 etsanctiﬁcatus,
393 1901 421 1927 et
446 1898 623 1938 justiticatus
650 1901 704 1932 est,
736 1898 773 1928 ad
804 1896 858 1927 ista
885 1903 936 1930 aut

972 1545 1006 1566 ac
1017 1536 1133 1572 detrita,
1152 1541 1180 1568 et
1195 1546 1300 1568 carnes
1315 1547 1511 1579 cruoremque
1526 1536 1681 1568 redolente
1697 1536 1798 1568 tunica

972 1585 1142 1622 coopertus,
1159 1591 1226 1612 cum
1242 1582 1314 1622 ipsis
1330 1582 1470 1623 crapulae,
1501 1586 1530 1614 et
1545 1582 1691 1620 ebrietati,
1706 1581 1797 1613 rebus

975 1625 1120 1665 turpibus,
1130 1630 1157 1656 et
1165 1625 1318 1657 latrocinio
1324 1631 1665 1668 vacat,experlusque,et
1672 1626 1798 1658 delecta-

973 1673 1030 1707 tus,
1039 1669 1420 1711 edacitateilla,;potatione,
1431 1671 1589 1703 libidinum
1596 1670 1734 1702 sordibus
1744 1671 1797 1711 (3),

974 1714 1094 1745 tandem
1122 1720 1180 1746 tam
1210 1715 1298 1754 foede,
1329 1720 1358 1747 et
1386 1716 1532 1747 latronum
1568 1725 1651 1746 more
1679 1714 1798 1746 vivendi

973 1760 1187 1792 consuetudine
1216 1760 1400 1799 obﬁrmatus,
1431 1765 1460 1792 et
1494 1761 1584 1792 totius
1611 1759 1795 1800 cognationis

973 1812 1044 1839 suae,
1061 1809 1090 1835 et
1105 1805 1247 1843 honestae,
1276 1814 1311 1837 ac
1340 1806 1473 1843 illustris,
1506 1806 1707 1846 ordinatmque
1727 1804 1795 1836 vita;

974 1848 1093 1888 prioris,
1124 1860 1226 1882 amore
1253 1852 1418 1893 gravitatis,
1449 1856 1479 1884 et
1507 1852 1683 1889 honestatis,
1714 1851 1745 1882 in
1759 1860 1795 1882 eo

978 1895 1094 1937 penitus
1109 1895 1245 1937 frigente,
1261 1897 1340 1927 velut
1354 1897 1463 1928 oblitus
1478 1900 1596 1928 manet:
1614 1896 1677 1937 pari
1694 1896 1794 1933 modo,

106 1936 268 1969 immobilis
285 1944 329 1971 est
340 1936 472 1981 prorsus,
486 1947 536 1973 aut
552 1942 671 1973 difﬁcile
684 1945 827 1972 movetur.
845 1941 929 1977 Quod
976 1936 1170 1978 Christianus,
1202 1941 1228 1971 si
1266 1941 1384 1972 deserta
1417 1941 1593 1973 Christianis
1615 1936 1797 1980 congruenti

107 1980 133 2011 si
151 1990 186 2012 eo
201 1982 257 2014 levi
288 1980 437 2017 momento
465 1986 637 2027 impellitur,
668 1995 734 2017 eum
761 1986 799 2016 de
813 1985 929 2024 integro
971 1983 1087 2027 semita,
1100 1983 1210 2015 diaboli
1223 1985 1268 2015 via
1279 1985 1429 2025 procedat,
1442 1986 1497 2017 hoc
1510 1989 1564 2025 est,
1580 1985 1604 2015 si
1616 1983 1794 2016 modestiam

106 2026 547 2072 contaminatum,etablutione
556 2032 657 2072 gratiae
674 2030 827 2068 nudatum,
840 2030 929 2070 jusli-
969 2026 1166 2067 frugalitatem
1195 2029 1271 2068 vitae,
1301 2039 1476 2070 morumque
1497 2029 1670 2070 gravitatem
1700 2028 1795 2069 parvi-

106 2069 206 2111 tiaque
220 2073 389 2113 spoliatum,
406 2080 492 2117 atque
517 2069 585 2107 ideo
614 2076 650 2107 ab
677 2075 811 2106 Ecclesia
825 2069 934 2106 Christi
976 2072 1074 2114 ducat,
1091 2076 1119 2103 et
1132 2073 1182 2103 illa
1198 2073 1298 2104 inania
1312 2074 1342 2104 in
1357 2069 1508 2105 amoribus
1522 2074 1640 2112 habeat,
1673 2073 1796 2113 injusti-

106 2120 266 2162 s_emo_tum,
291 2122 320 2149 et
335 2120 398 2160 ejus
427 2121 501 2160 solo,
531 2121 772 2162 ingressuquejin
788 2120 930 2160 templum
944 2119 1056 2162 ntiam,
1071 2118 1391 2160 avaritiam,rapinam,
1403 2123 1491 2160 atque
1503 2129 1538 2151 ex
1548 2120 1593 2150 his
1603 2119 1641 2150 ad
1662 2119 1796 2149 immun-

107 2159 226 2206 Domini
242 2159 396 2203 indignum
412 2174 478 2197 esse
493 2159 617 2198 constat.
644 2159 784 2206 Quisquis
800 2159 871 2204 ergo
889 2159 1077 2200 ta-"ditam,
1107 2162 1344 2202 fornicationem,
1378 2159 1555 2204 proterviam
1590 2162 1742 2198 delabens,
1769 2166 1798 2194 et

106 2204 165 2235 lem
191 2205 221 2236 in
237 2216 269 2238 se
284 2209 485 2241 characterem
502 2204 750 2248 animarverterit,
768 2209 856 2240 saluti
872 2218 933 2240 suae
973 2206 1012 2236 ita
1027 2212 1224 2247 comparatus.
1241 2208 1362 2248 gloriam
1379 2218 1444 2249 quae
1458 2208 1546 2239 datur
1574 2208 1610 2239 ab
1635 2206 1796 2238 homnibus

109 2250 280 2290 prospiciat,
292 2253 383 2291 {certo
398 2254 495 2287 sciens
511 2265 543 2286 se
570 2260 651 2287 extra
678 2254 932 2286 christianismum
974 2255 1176 2291 persequatur,
1195 2257 1348 2293 postquam
1361 2262 1414 2293 per
1429 2253 1486 2284 iter
1508 2251 1673 2284 istiusmodi
1688 2251 1719 2281 in
1734 2260 1796 2282 ma-

107 2303 174 2341 esse
188 2295 394 2341 Christumque
406 2299 463 2330 sibi
476 2298 548 2331 nihil
562 2300 745 2341 profuturum
759 2310 766 2329 :
793 2294 846 2329 sed
865 2308 932 2328 cum
975 2305 1031 2326 nus
1043 2296 1209 2328 daemonum
1221 2297 1385 2334 devenerit,
1397 2297 1555 2339 aliquando
1566 2301 1595 2328 et
1614 2297 1678 2337 ipso
1697 2296 1796 2337 bapti-

107 2338 224 2370 diabaio
239 2340 270 2371 in
284 2338 383 2382 ignem
414 2344 456 2375 illi
483 2338 678 2386 praeparatum
694 2343 857 2375 abiturum.
873 2342 938 2376 Nisi
979 2344 1072 2371 smate
1090 2346 1202 2381 sancto,
1221 2342 1345 2383 ejusque
1360 2342 1470 2374 indicio
1488 2346 1518 2374 et
1537 2340 1648 2381 insigni
1670 2341 1799 2373 nudatur

147 2435 179 2461 6⁷
190 2435 253 2469 Jac.
266 2445 298 2477 ιι,
315 2439 366 2471 20.
408 2439 442 2465 68
455 2441 539 2472 Joan.
561 2449 622 2480 xxv,
639 2441 690 2473 23.
732 2440 765 2466 69
778 2438 792 2471 Ι
805 2439 874 2471 Cor.
887 2447 927 2476 Vl,
942 2437 1027 2470 9-H.

149 2527 187 2565 (3)
216 2516 302 2557 "Earini
331 2528 375 2557 ὅτε
405 2531 448 2558 καὶ
478 2531 540 2560 αὗτὸ
571 2531 601 2559 τὸ
629 2530 705 2570 ἅγιον
735 2529 859 2570 ἐκδύεταιν
880 2531 931 2568 βά-

109 2577 221 2610 πῖισμξ,
239 2570 284 2610 uti
302 2570 395 2598 τούτου
416 2571 562 2610 γνώρισμα.
593 2570 655 2599 ὅτκν
683 2570 755 2610 λήγῃ
786 2571 824 2609 μὴ
851 2569 928 2598 δύντ-

110 2608 168 2651 ςιθςιι
190 2608 258 2641 ὅλως
274 2608 361 2638 δοῦναι
390 2608 519 2645 dtinuit-hu
546 2615 580 2650 τῇ
608 2608 731 2651 ἂσελγείςί
744 2608 748 2610 Ἴ
759 2612 781 2639 εἰ
797 2611 836 2649 μὴ
850 2611 931 2651 μόνον

111 2646 140 2691 ἐ]
163 2653 246 2688 κ’κιρῴ
271 2655 315 2680 τοῦ
343 2651 420 2691 κόρου
448 2652 500 2680 τῶν
536 2646 692 2691 αἱᾶχίστωνλ
723 2651 767 2682 Ad
797 2646 929 2681 verbum.

111 2688 166 2732 Est
172 2685 239 2721 cum
246 2694 273 2722 et
280 2685 381 2732 ipsum
388 2695 525 2723 sanetum
532 2685 653 2723 exuitur
659 2691 820 2732 baptisma,
834 2695 859 2722 et
871 2692 933 2732 eius

112 2729 232 2770 insigne
242 2729 298 2762 seu
305 2735 392 2763 nota:
405 2740 474 2763 eum
488 2732 556 2771 quis
563 2732 654 2763 dicit:
677 2729 708 2763 se
717 2741 779 2763 non
791 2729 876 2771 pbssc
890 2731 935 2762 lu-

112 2772 212 2803 xuria:
218 2771 474 2812 maledicere,nisi
478 2781 517 2803 ea:
522 2773 706 2842 turpissimis
712 2773 881 2803 satietatem
889 2780 934 2802 ee-

113 2813 200 2842 nerit.
212 2811 307 2842 Locus
320 2812 435 2842 durior.
452 2811 511 2842 nisi
525 2821 574 2842 mo
587 2811 675 2842 liatur
696 2811 825 2842 beniuna
839 2812 930 2842 inter-

111 2813 200 2852 perit.
212 2811 307 2843 Locus
320 2811 435 2850 duriOr,
452 2811 511 2843 nisi
525 2811 675 2844 molliatur
696 2811 825 2852 benigna
839 2812 930 2843 inter-

115 2852 298 2893 pretatione:
321 2852 401 2895 quod
415 2852 478 2893 ﬁet,
503 2852 530 2885 si
555 2852 622 2894 quis
636 2856 750 2885 asserat
763 2852 932 2885 Simeonem

974 2539 1033 2560 non
1048 2528 1128 2569 loqui
1143 2528 1180 2560 de
1195 2528 1348 2569 quibusvis
1359 2527 1585 2569 peccatoribus;
1607 2528 1661 2560 sed
1682 2527 1719 2569 de
1740 2527 1800 2558 illis

973 2570 1036 2610 qui,
1049 2568 1230 2613 utSalomon
1241 2569 1292 2609 ait,
1305 2568 1531 2613 inﬁrq/jmdum
1546 2571 1693 2613 verterunt
1704 2568 1800 2613 laelan

973 2609 1083 2650 furque
1092 2613 1126 2640 in
1137 2610 1225 2641 rebus
1236 2609 1374 2649 pessimis
1386 2609 1493 2650 (Prov.
1510 2618 1544 2650 ll,
1556 2609 1572 2640 1
1577 2609 1605 2650 1)
1615 2620 1623 2645 ;
1633 2609 1720 2650 etqui
1730 2616 1798 2650 cum

974 2647 1090 2681 inferno
1105 2654 1221 2690 pactum
1234 2647 1420 2690 pepigerunt.
1438 2649 1488 2680 Isti
1499 2649 1570 2680 enin
1581 2647 1691 2690 exuunt
1705 2647 1798 2688 bapti-

975 2700 1070 2721 smum
1093 2689 1217 2731 ejusque
1232 2689 1344 2735 notam,
1363 2699 1421 2720 non
1449 2690 1570 2760 quidem
1598 2689 1799 2734 reipsaucum

976 2730 1115 2760 baptismi
1136 2731 1290 2760 character
1318 2734 1357 2760 snt
1387 2729 1457 2760 inde
1471 2730 1582 2760 ebilis:
1611 2729 1664 2760 sed
1693 2732 1751 2760 vnta
1771 2731 1799 2760 et

976 2728 1116 2771 baptismi
1136 2728 1290 2771 character
1318 2728 1357 2760 sit
1387 2728 1582 2768 indelebilis;
1611 2728 1664 2771 sed
1693 2728 1803 2771 vitaet

977 2769 1123 2811 moribus,
1135 2780 1201 2801 cum
1212 2770 1346 2802 actiones
1355 2779 1434 2808 suas,
1453 2774 1605 2811 totamque
1620 2769 1693 2811 rvitae
1707 2770 1799 2800 ratio-

976 2820 1045 2842 nem
1056 2810 1120 2852 non
1127 2811 1213 2852 aliter
1220 2811 1386 2850 instituant,
1397 2820 1486 2852 quam
1495 2810 1521 2842 si
1529 2810 1648 2852 diabolo
1663 2810 1728 2851 ejus
1742 2818 1802 2852 que

978 2859 1095 2894 pompm
1108 2851 1141 2884 in
1155 2851 1302 2893 baptismo
1317 2851 1469 2893 nunquam
1482 2851 1714 2885 renuntiassent.
