1983 3072
184 188 244 223 343
356 209 365 215 .
829 186 967 219 SYMEOI

1093 187 1222 220 N'IORIS.
1771 224 1774 225 ν
1816 191 1876 223 344

184 265 254 289 cum
267 254 406 294 afﬁrmet,
422 252 604 295 improbitati
626 261 661 285 ac
689 253 860 294 petulantiae
873 253 1009 284 nuntium
1019 254 1043 284 A
1053 255 1177 289 candus.
1189 257 1220 285 ut
1229 263 1279 286 eos
1290 254 1405 286 Satanae
1425 257 1519 287 tradat
1539 257 1570 287 in
1593 257 1745 288 interitum
1760 257 1870 293 carnis,

183 301 338 334 remittere
353 309 385 331 se
413 299 500 341 plane
529 308 589 330 non
620 308 719 340 posse,
750 299 781 330 ni
803 303 870 330 ante
886 308 903 329 e
918 298 1010 343 rebus
1051 308 1108 339 quo
1123 299 1244 339 spiritus
1258 300 1391 330 salvetur
1415 300 1445 330 in
1470 301 1518 331 die
1546 302 1674 332 Domini.
1691 302 1765 338 Quid
1783 311 1870 342 porro

183 345 386 387 spurcissimis
411 345 577 376 satietatem
607 344 740 384 ceperit:
771 343 956 384 potissimum
983 348 1009 372 sl
1050 343 1110 374 vult
1122 343 1317 374 tradiSaianaz
1337 344 1365 374 in
1391 345 1543 375 interitum
1565 346 1685 376 carnis?
1700 350 1730 376 ut
1747 345 1870 381 morbis,

182 390 404 422 immaculatum
421 388 530 420 Christi
557 398 677 429 corpus,
707 398 741 419 ac
756 389 918 429 pretiosum
935 396 1005 418 san-
1049 391 1078 418 et
1091 387 1300 425 incommodis,
1314 394 1340 420 et
1355 389 1517 430 doloribus,
1532 391 1674 430 etplagis,
1692 396 1720 421 et
1734 390 1869 421 vulneri-

181 435 301 476 guinem
317 443 436 466 sumere
452 443 511 465 non
526 433 715 464 dubitaverit.
1046 432 1101 463 bus
1115 442 1191 473 pene
1206 433 1487 469 immedicabilibus,
1515 439 1543 465 et
1557 435 1656 475 variis,
1672 440 1759 476 atque
1774 436 1871 466 omni-

221 479 273 512 Vaa
288 484 349 510 tum
366 479 395 510 ei
411 479 461 520 qui
475 478 651 519 porrexerit,
668 482 731 509 tum
758 477 785 508 ei
801 476 851 517 qui
867 485 1003 516 sumpse-
1045 477 1129 516 genis
1144 478 1394 509 invaletudinibus
1410 488 1518 519 corpus
1540 481 1672 520 jactetur
1687 490 1722 511 ac
1737 481 1874 510 lancine-

179 526 229 557 rit.
246 526 334 562 Huic,
351 525 420 565 quia
435 533 491 564 quo
520 523 633 563 majore
663 532 729 554 cum
746 521 934 562 improbitate
950 531 1001 552 su—
1045 526 1102 563 tur,
1119 523 1367 562 quemadmodum
1383 524 1517 555 diabolus
1531 525 1586 556 Job
1604 526 1751 565 percussit
1766 526 1866 555 ult-ere

180 570 246 606 mit,
259 579 294 601 eo
305 572 399 609 magis
410 573 529 609 propter
538 567 780 608 imprudentiam,
803 571 831 597 et
845 566 999 597 audaciam
1044 568 1185 607 pessimo,
1210 576 1226 598 a
1251 568 1375 607 pedibus
1388 578 1481 609 usque
1496 570 1532 600 ad
1549 571 1690 601 verticem
1709 582 1715 599 :
1747 574 1779 600 ut
1795 581 1869 610 pro-

179 614 334 646 diabolicae
348 613 484 654 potestati
511 613 678 653 subjicitur,
709 612 869 643 derelictus
895 611 998 648 aDeo,
1042 615 1107 652 pter
1136 612 1346 643 contritionem
1375 613 1508 653 corporis
1537 623 1703 654 quanquam
1720 615 1802 646 inviti
1818 626 1868 646 sa-

179 660 256 691 sicut
267 659 298 690 in
310 667 392 690 sacro
405 657 563 697 Evangelio
579 657 721 698 scriptum
733 657 858 696 legimus
872 655 997 695 deluda,
1043 656 1134 696 piant,
1151 660 1178 687 et
1204 657 1283 697 quod
1312 657 1378 688 sani
1401 658 1587 698 refugerunt,
1619 663 1681 689 tum
1694 660 1864 699 gemitibus,

179 714 247 736 cum
264 703 408 736 Dominus
422 703 453 734 in
469 712 553 733 ctena
567 702 617 734 illa
629 702 728 733 divina
739 701 901 732 buccellam
913 701 1002 732 intin-
1043 701 1235 742 cruciataque
1250 706 1402 742 praestent.
1420 703 1498 733 Deus
1514 703 1592 734 enim
1600 706 1698 734 anima
1715 710 1870 744 peccante,

179 753 256 780 ctam
273 749 300 779 ei
315 747 504 788 porrexisset,
522 747 632 787 illeque
647 746 822 787 accepisset,
839 745 937 777 statim
951 744 1002 776 Sa-
1043 755 1151 786 corpus
1166 746 1202 776 ad
1215 756 1331 786 poenam
1344 752 1437 779 vocat.
1458 748 1629 779 Sanctitudo
1649 754 1747 780 autem
1763 750 1870 782 divinae

178 797 277 825 lanam
307 793 338 823 in
364 802 432 823 eum
463 792 629 824 intravisse.
661 792 718 829 llli,
748 791 817 832 quia
842 790 1001 831 purissimo
1043 791 1262 821 communionis
1278 797 1399 831 peccata
1429 792 1620 833 dispellendi,
1649 794 1815 834 animmque
1829 795 1868 826 ab

178 835 999 880 corpore,etsanguineDominidignatusest,hominem,
1043 834 1211 872 affectione,
1228 839 1258 866 et
1286 836 1414 876 impulsu
1441 837 1476 867 ad
1503 847 1539 868 ea
1571 839 1731 877 purgandis
1760 839 1816 870 vim
1834 850 1869 872 ac

178 883 231 934 qui
243 891 299 915 nec
309 882 416 932 pedem
425 881 578 937 intemplo
591 882 655 921 ejus
668 881 904 937 pq‘n‘ere‘tiignus
1044 883 1220 937 potestatem
1235 880 1361 937 validam
1390 882 1488 913 habet.
1521 882 1555 913 Et
1579 883 1709 937 sicut‘in
1726 894 1784 914 uno
1800 894 1870 916 vase

177 923 298 968 quicum
315 927 403 958 etiam
432 926 531 958 cibum
561 935 667 966 capere
695 925 864 957 Christiano
880 923 1033 956 cuilibet“
1044 923 1131 963 ignis,
1145 928 1174 954 et
1185 934 1261 964 aqua
1273 925 1360 956 simul
1383 935 1448 957 esse
1464 932 1633 965 nequeunt:
1651 928 1692 958 ita
1707 937 1762 959 nec
1778 939 1868 959 mun-

176 971 367 1003 interdictum
376 971 483 1002 estzSi
495 971 565 1013 quis
576 972 667 1011 enim,
680 970 1002 1011 aitApostolusJ‘mter
1043 968 1200 1000 dissimum
1219 970 1328 1002 Christi
1343 981 1462 1011 corpus,
1481 976 1509 1002 et
1525 972 1697 1003 detestabile
1715 978 1867 1013 peccatum

175 1013 367 1050 nominatur,
384 1014 413 1043 et
427 1014 470 1058 est
485 1015 537 1042 aut
550 1012 730 1050 fornicator.
746 1015 796 1043 aut
808 1019 933 1058 auarus,
950 1014 1003 1058 aut
1043 1013 1073 1042 in
1089 1023 1148 1058 uno
1163 1014 1330 1054 eodemque
1347 1015 1520 1047 christiano.
1537 1016 1619 1052 Quod
1638 1017 1663 1047 si
1679 1027 1780 1049 amore
1794 1028 1867 1058 pec-

174 1056 352 1104 maledicus,
363 1060 416 1088 aut
427 1055 1003 1104 ebrt'_¢7_su§,_autrapax,curnhuiusmodi
1042 1057 1141 1104 Acandiﬂ
1162 1058 1306 1096 irretitus,
1334 1059 1403 1090 dum
1434 1064 1565 1091 sanctam
1596 1060 1704 1091 Christi
1734 1055 1868 1104 carnem,

174 1110 229 1134 nec
243 1101 344 1147 cibum
357 1110 480 1147 sumere
488 1101 654 1147 70.~Viden'
671 1101 818 1141 quomodo
834 1109 890 1130 nec
909 1100 1000 1147 frater
1041 1102 1290 1144 impollutumquc
1306 1105 1482 1143 sanguinem
1514 1106 1681 1147 participat,
1711 1107 1790 1140 illico
1806 1100 1867 1140 non

174 1150 230 1182 εει,
247 1145 304 1177 niSi
321 1146 385 1177 5010
401 1145 522 1177 nomine
536 1145 552 1175 Ἱ
582 1151 612 1176 ει
627 1145 799 1177 damnatum
816 1153 880 1175 esse
896 1144 999 1184 pPOdi-
1041 1147 1154 1186 interit,
1171 1148 1212 1179 ibi
1228 1153 1325 1180 tamen
1342 1144 1524 1186 reconditur,
1542 1151 1593 1181 ubi
1604 1144 1714 1183 uerutis
1731 1162 1791 1184 non
1803 1163 1867 1185 mo-

174 1194 283 1232 torem,
296 1190 443 1231 siquidem
451 1190 603 1221 hominem
613 1190 910 1235 peccandotanquam
920 1198 947 1235 a-

1082 1196 1136 1229 fur,
1152 1197 1180 1224 et
1196 1194 1275 1233 ignis
1290 1203 1351 1225 non
1365 1196 1574 1235 erstinguitur
1597 1197 1639 1228 75.
1668 1196 1865 1232 Quamobrem

174 1235 398 1276 deﬂectentem,
415 1239 445 1266 et
468 1235 669 1272 aberrantem,
695 1234 858 1275 perfectum
874 1233 1000 1264 Deiini—
1042 1237 1067 1267 si
1090 1237 1156 1268 talis
1184 1237 1214 1268 in
1254 1248 1372 1270 omnem
1417 1233 1612 1271 aeternitatem
1649 1249 1716 1272 eum
1747 1242 1866 1274 diabolo

175 1280 285 1312 micum
301 1279 442 1326 reddidit.
457 1278 596 1326 sedtalis
610 1279 726 1319 placide
743 1278 904 1318 rogandus,
920 1278 999 1326 fulu-
1040 1279 1139 1321 ignem
1156 1282 1289 1322 perferre
1306 1288 1412 1324 potest,
1442 1285 1592 1325 intrepide
1622 1285 1791 1326 participet.
1811 1287 1865 1318 Sin

173 1334 336 1366 rarumque
352 1328 380 1356 et
410 1324 609 1369 horribiliumr
626 1333 780 1369 poenarum
795 1323 1000 1364 peccatoribus
1041 1330 1150 1362 autem,
1162 1327 1280 1367 expedit
1290 1328 1316 1358 ei
1332 1329 1368 1359 ad
1384 1323 1502 1369 tempus
1518 1323 1534 1360 εἰ
1550 1323 1634 1360 sacra
1650 1323 1864 1363 communione

177 1370 365 1416 decretarum
379 1368 579 1416 rediugranda
591 1368 635 1399 illi
647 1368 806 1416 memoria,
822 1372 851 1398 et
865 1377 999 1416 commo-
1042 1370 1194 1416 arceri,ret
1221 1372 1375 1411 poenitere,
1407 1368 1477 1404 item
1506 1373 1678 1414 aliquandiu
1708 1375 1865 1416 indulgere

176 1414 383 1460 nefaciendus,
399 1417 449 1460 aut
462 1413 556 1444 instar
583 1412 657 1460 caeci
684 1422 773 1443 manu
788 1412 942 1460 ducendus
958 1416 1002 1460 est
1042 1414 1189 1460 lacrymis,
1204 1416 1341 1457 quodque
1365 1417 1401 1448 ad
1431 1427 1462 1448 se
1491 1412 1607 1455 attinet,
1639 1420 1746 1450 sudare
1763 1412 1867 1460 paulu-

178 1460 263 1500 (nam
280 1458 375 1491 oculis
386 1458 504 1489 orbatos
516 1467 575 1489 non
588 1457 737 1498 punimus,
750 1457 803 1488 sed
815 1466 903 1502 manu
920 1457 1002 1502 duci-
1043 1459 1116 1497 lum,
1134 1459 1251 1491 frenare
1265 1461 1460 1502 aliquantum,
1478 1472 1511 1493 ac
1526 1463 1652 1494 domitas
1668 1457 1779 1496 habere
1795 1466 1866 1496 libi-

178 1505 266 1544 mus),
284 1508 334 1535 aut
347 1507 379 1534 ut
393 1503 517 1534 demens
532 1502 737 1548 miserandus,
747 1506 780 1533 ut
795 1502 845 1548 qui
861 1501 1002 1548 adiabolo
1015 1540 1032 1548 Ν
1044 1503 1140 1541 dines,
1157 1514 1192 1535 ac
1209 1508 1270 1535 tum
1285 1501 1403 1537 demum
1416 1508 1497 1538 nullo
1510 1508 1633 1548 periculi
1647 1514 1726 1540 metu
1733 1519 1867 1541 commu-

174 1540 299 1581 vexe'tur
313 1558 372 1590 quo
388 1547 514 1594 auribus
524 1547 582 1578 sibi
608 1557 626 1594 a
653 1547 780 1578 Domino
804 1540 864 1594 Deo
879 1547 1001 1587 apertis,
1013 1540 1033 1571 ί]
1044 1548 1156 1586 nicare,
1173 1549 1207 1580 ad
1223 1551 1434 1590 expellendum
1450 1540 1678 1590 introgressum,
1696 1540 1866 1594 tirannyce-

177 1593 363 1634 impietatem
379 1601 462 1624 suam
477 1591 636 1632 aliquando
652 1596 823 1632 cognoscat,
835 1591 1003 1632 iterumque
1044 1602 1102 1633 que
1117 1593 1152 1623 ad
1166 1593 1326 1632 lasciviam,
1344 1596 1476 1636 aliasque
1499 1597 1685 1636 impuritates
1701 1591 1868 1629 sollicitan-

175 1647 230 1683 per
244 1637 449 1683 paenitentiam
464 1637 501 1683 ad
516 1636 649 1668 ﬁdelium
668 1637 1000 1683 ordinemaggregetur.
1044 1641 1104 1683 tem
1117 1637 1269 1669 Satanam.
1281 1639 1397 1670 Etenim
1410 1641 1459 1681 qui
1474 1641 1609 1681 turpibus
1625 1641 1716 1672 rebus
1734 1643 1869 1683 impense

175 1682 256 1714 Talis
272 1682 351 1714 enim
368 1682 400 1712 in
424 1681 608 1722 impietatem
636 1682 707 1722 ruit,
737 1681 788 1721 qui
813 1681 838 1711 si
855 1681 1001 1712 Christum

174 1731 277 1759 sancte
292 1726 445 1765 coluisset,
462 1730 492 1757 et
517 1726 612 1757 Deum
643 1734 709 1756 esse
737 1725 934 1764 cognovisset,
951 1725 1002 1766 qui

174 1781 236 1803 non
250 1772 312 1803 vult
326 1771 526 1811 iniquitatem,
538 1771 622 1811 juxta
647 1770 738 1802 illud:
765 1769 834 1801 Non
852 1770 1002 1802 habitabit

175 1818 265 1856 iuxta
275 1821 304 1849 te
315 1817 480 1856 malignus,
491 1825 586 1856 neque
593 1814 817 1856 permanebunt
827 1815 925 1854 iniqui
933 1819 1003 1846 ante

175 1861 279 1893 oculos
287 1864 353 1893 tuos
360 1861 400 1892 Ή.
411 1860 462 1891 Et:
473 1860 703 1892 OditDominus
712 1862 869 1899 omnesqui
876 1868 1000 1899 operan-

176 1911 228 1937 tur
240 1906 437 1947 iniquitatem
444 1904 487 1942 ⁷2,
499 1914 608 1945 pavore
619 1913 654 1936 ac
665 1908 745 1935 metu
766 1913 798 1935 se
813 1904 1002 1946 contrahens,

171 1959 280 1992 corpus
320 1950 385 1990 ejus
414 1949 586 1989 contingere
615 1948 772 1989 noluisset,
803 1957 842 1979 ne
869 1949 1002 1988 angelica

169 1995 346 2036 rhomphaea
360 2003 523 2036 percussus
538 1994 684 2025 interiret.

169 2039 429 2071 verumenimvero
458 2039 528 2080 quia
553 2038 642 2078 hujus
670 2038 790 2078 generis
818 2047 878 2069 non
915 2037 1001 2078 pauci

171 2087 204 2118 in
218 2085 341 2122 mundo,
360 2093 459 2115 coram
474 2083 646 2115 hominibus
662 2083 874 2114 erubescentes
904 2082 1001 2123 (nimi-

170 2138 237 2162 rum
252 2139 292 2161 ne
316 2128 431 2169 indigni
445 2128 612 2168 videantur)
629 2127 729 2159 divina
747 2127 924 2168 participare
942 2137 1000 2159 non

1044 1682 1218 1728 delectatur,
1243 1685 1322 1715 haud
1351 1695 1404 1725 per
1432 1695 1464 1716 se
1493 1686 1522 1716 id
1544 1686 1623 1721 facit,
1655 1687 1706 1717 sed
1736 1682 1783 1718 ab?
1801 1688 1867 1728 ipso

1043 1726 1160 1758 diabolo
1175 1727 1330 1769 impulsus,
1347 1730 1396 1760 cui
1422 1729 1458 1760 ab
1489 1731 1553 1770 ipso
1582 1732 1743 1768 inescatus,
1760 1726 1867 1764 ostium

1043 1772 1190 1812 appetitus
1207 1774 1252 1803 sui
1280 1774 1436 1814 voluptarii
1467 1776 1620 1812 reseravit,
1651 1779 1682 1806 ut
1697 1776 1766 1807 inde
1779 1782 1869 1817 caput

1044 1825 1129 1847 suum
1143 1817 1299 1857 proferret'
1326 1818 1361 1849 Et
1376 1829 1455 1850 nunc
1470 1820 1581 1850 sensim
1599 1820 1760 1859 ingressus,
1780 1822 1867 1861 plane

1043 1865 1179 1907 utAsuper
1193 1862 1335 1893 lectulum
1355 1864 1452 1894 cordis
1466 1864 1586 1895 recubat
1605 1875 1611 1894 :
1631 1865 1754 1904 perinde
1771 1870 1801 1896 ut
1817 1867 1868 1907 qui

1045 1905 1256 1937 adzemonibus
1273 1908 1429 1947 agitantur,
1447 1918 1525 1948 saepe
1540 1919 1608 1939 cum
1623 1911 1772 1948 voluptate
1787 1905 1866 1941 ster-

1045 1960 1097 1982 cus
1113 1951 1262 1983 devorant.
1280 1952 1362 1988 Quod
1386 1953 1513 1992 cogitare
1528 1963 1629 1983 secum
1655 1954 1756 1991 debet,
1775 1964 1864 1995 quem

1043 2000 1164 2036 propter
1179 1998 1300 2027 multam
1314 1998 1367 2028 Dei
1383 1997 1630 2036 misericordiam,
1648 1999 1864 2030 visitationem-

1043 2049 1100 2080 que
1121 2050 1244 2081 serpens
1260 2041 1397 2082 antiquus
1412 2043 1457 2072 vel
1486 2042 1606 2082 paulum
1622 2052 1727 2083 sapere
1744 2044 1864 2084 patitur,

1043 2089 1072 2115 et
1086 2085 1123 2116 ad
1138 2086 1287 2117 Christum
1304 2086 1474 2125 confugere,
1505 2087 1557 2126 qui
1572 2089 1652 2118 solus
1667 2092 1695 2118 et
1710 2089 1862 2120 dromones

1041 2129 1173 2168 abigere,
1198 2134 1226 2161 et
1255 2134 1312 2160 tam
1342 2130 1433 2161 animi
1463 2140 1551 2171 quam
1583 2132 1717 2172 corporis
1746 2134 1867 2165 morbos

171 2174 373 2207 reformidant
389 2183 464 2214 quos
479 2173 505 2204 si
521 2173 589 2213 quis
604 2173 640 2204 ab
655 2182 691 2204 ea
704 2172 826 2204 audacia
840 2173 998 2210 deterreat,
1013 2174 1191 2214 “appellere
1209 2175 1286 2214 potis
1302 2179 1357 2206 est.

169 2219 318 2251 molestus
332 2209 461 2256 videtur,
478 2221 508 2250 et
532 2209 669 2250 convicia
696 2217 821 2258 recepit,
839 2227 899 2248 non
915 2209 994 2248 enim
1011 2209 1036 2239 D
1060 2209 1068 2213 ’
1080 2209 1173 2250 1³01·Γο
1185 2209 1263 2250 seire
1276 2219 1355 2256 licet,
1377 2220 1508 2261 quinque
1523 2221 1678 2252 hominum
1694 2232 1804 2262 genera
1817 2233 1866 2254 sa-

168 2264 351 2305 intelligunt,
362 2272 395 2294 se
407 2263 438 2294 id
449 2263 562 2304 facere,
575 2263 653 2304 quod
671 2262 995 2300 erubescant,sedcum
1037 2265 1303 2295 cracommunione
1313 2266 1450 2296 asanctis
1463 2266 1597 2297 Patribus
1628 2267 1745 2297 excludi
1776 2269 1869 2301 Primi

167 2309 358 2341 immaculata
372 2308 585 2340 communione
602 2307 807 2348 prohibentur,
837 2307 997 2338 incitantur
1037 2312 1105 2338 sunt
1124 2309 1340 2346 catechumeni,
1370 2314 1470 2350 utpote
1501 2311 1649 2350 baptismo
1668 2312 1799 2342 nondum
1817 2322 1868 2343 ex-

168 2355 298 2396 amplius
313 2358 345 2385 ut
373 2362 440 2385 sese
454 2353 486 2384 in
511 2353 690 2393 vecordiam,
708 2362 858 2383 summum
871 2356 1001 2383 contem.

167 2404 264 2441 ptum,
277 2398 794 2440 desperationem,perditionemque
803 2397 998 2437 praecipitent,

167 2454 224 2477 nec
239 2455 256 2476 a
281 2448 361 2476 tanto
388 2443 537 2485 periculo,
566 2447 675 2484 quanto
692 2443 788 2482 majus
803 2452 858 2473 nec
872 2445 926 2480 est,
945 2452 1000 2473 nec

167 2490 223 2521 fuit
233 2490 299 2530 (per
308 2489 460 2529 indignam
472 2489 582 2529 quippe
599 2488 854 2528 communionem,
867 2487 1000 2527 corporis

167 2533 291 2573 Christi,
308 2538 338 2565 et
360 2533 513 2573 sanguinis
520 2533 658 2572 reiﬁunt)
669 2541 720 2563 eos
728 2531 879 2562 revocanti
889 2531 997 2571 gratias

167 2578 347 2621 agent;quid
361 2583 460 2609 autem
472 2577 704 2615 intolerabilius,
717 2586 805 2617 quam
818 2576 997 2617 supplicium

168 2625 227 2657 tale
244 2625 402 2656 incurrere
417 2623 504 2664 quale
517 2622 722 2664 perpetientur
738 2633 746 2661 ;
765 2622 816 2663 qui
845 2621 997 2653 Christum

167 2671 198 2702 in
211 2680 332 2703 crucem
359 2673 506 2709 egerunt?
536 2668 621 2706 Quia,
651 2668 783 2709 inquam,
818 2668 900 2698 multi
925 2668 999 2698 tales

167 2721 247 2757 sunt,
263 2716 303 2747 ita
317 2725 369 2747 eos
393 2718 517 2746 tractare
548 2717 676 2754 oportet.
708 2713 848 2753 Cogenda
875 2712 998 2743 fratrum

168 2760 339 2799 multitudo,
355 2764 385 2792 et
400 2759 481 2791 Deus
495 2767 584 2800 super
598 2758 635 2789 iis
647 2767 720 2799 cum
746 2757 884 2798 lacrymis
917 2758 998 2788 invo-

737 2847 767 2873 73
781 2847 858 2880 Ibid.
878 2848 905 2879 7.

205 2850 237 2878 το
249 2848 317 2889 Cor,
332 2857 363 2889 ν,
379 2850 429 2883 tl.
473 2850 501 2876 τι
520 2848 598 2883 Psal.
616 2857 647 2888 v,
663 2848 695 2881 6.

1042 2352 1124 2393 piati.
1141 2353 1281 2388 Secundi,
1311 2354 1449 2394 baptizati
1475 2355 1605 2394 quidem,
1623 2356 1674 2386 sed
1692 2356 1740 2395 qui
1758 2357 1861 2388 sordes

1042 2403 1072 2429 et
1086 2402 1204 2438 peccata
1218 2398 1340 2438 diligere
1358 2404 1526 2439 cteperunt:
1541 2410 1607 2430 nam
1626 2401 1655 2430 hi
1673 2401 1741 2431 vitae
1755 2406 1863 2432 sanctae

1041 2443 1221 2483 desertores,
1239 2448 1266 2473 rt
1281 2449 1421 2484 apostatze
1438 2444 1640 2474 nominamur.
1661 2445 1764 2482 Tertii,
1784 2445 1833 2485 qui
1849 2455 1865 2476 a

1043 2488 1127 2518 malis
1144 2488 1298 2528 spiritibus
1312 2489 1440 2519 humano
1454 2490 1555 2527 generi
1571 2489 1697 2526 infestis,
1716 2494 1744 2520 et
1759 2490 1866 2520 adver-

1041 2533 1127 2563 sariis
1138 2533 1317 2568 insidentur,
1330 2538 1359 2563 et
1371 2538 1565 2572 occupantur.
1582 2533 1693 2572 Quarti,
1708 2534 1758 2574 qui
1775 2544 1792 2565 a
1807 2535 1865 2565 vita

1039 2577 1205 2608 facinorosa
1219 2583 1409 2609 recesserunt
1437 2578 1478 2608 illi
1501 2578 1635 2619 quidem,
1653 2588 1754 2609 verum
1769 2579 1865 2610 adhuc

1040 2621 1243 2662 paenitentiam
1258 2626 1358 2661 agunt.
1386 2621 1498 2659 Quinti,
1529 2623 1579 2663 qui
1594 2632 1652 2653 non
1669 2627 1758 2654 totam
1776 2624 1866 2654 vitam

1042 2676 1123 2698 suam
1137 2666 1197 2697 Deo
1207 2672 1429 2704 consecrarunt,
1445 2677 1499 2698 nec
1512 2668 1540 2698 in
1553 2667 1669 2698 Christo
1681 2669 1864 2699 omnimodis

1041 2712 1106 2743 sine
1119 2711 1244 2742 crimine
1257 2711 1369 2742 vivunt.
1383 2711 1512 2748 Quatuor
1536 2712 1646 2753 quippe
1660 2717 1738 2750 sunt,
1757 2713 1864 2752 dignus

1040 2756 1190 2796 indignus,
1207 2755 1296 2796 digne
1311 2756 1443 2795 indigne.
1459 2756 1601 2796 Indignus
1618 2757 1751 2799 omnino,
1765 2767 1782 2788 a
1797 2757 1864 2788 cibo

950 2848 982 2874 73
996 2846 1053 2879 Isa.
1069 2855 1149 2885 var,
1165 2846 1215 2878 24.
