1983 3072
86 159 155 193 345
829 165 904 197 ORA

962 167 970 197 )
993 166 1044 197 VI.
1731 167 1790 201 346

89 232 123 259 et
141 233 213 269 potu
229 231 285 262 isto
296 232 442 272 rrjicitur.
462 232 574 272 Dignus
589 236 699 268 autem,
717 232 864 273 siquidem
877 232 954 263 di-A
965 231 1097 271 ingressa
1107 232 1224 272 capitur
1244 236 1273 262 et
1285 232 1468 273 subjugatur,
1485 233 1610 273 pecunia
1628 233 1690 264 sive
1704 243 1789 274 opes,

89 283 155 312 gne
177 277 346 313 accesserit,
370 277 476 315 dignus
492 281 556 307 est:
587 277 610 307 si
626 277 925 317 indigne,judicium
967 276 1073 315 gloria,
1093 276 1234 316 voluptas.
1252 276 1357 308 Omnis
1382 287 1510 317 namque
1526 279 1625 318 homo,
1644 279 1787 310 mundum

87 319 157 349 sibi
168 321 341 361 manducat,
357 321 480 358 elbibit,
496 331 554 352 non
566 322 853 362 dijurticanscorpus
869 323 925 352 Do-
967 321 1044 351 hunc
1062 328 1182 361 propter
1206 321 1329 361 primam
1361 322 1448 361 primi
1473 323 1603 353 hominis
1620 323 1789 363 pracvarica-

88 365 225 397 mini74.
243 365 377 406 Quinque
393 366 470 396 enim
501 371 651 406 ponuntur
681 367 803 397 ordines
819 366 925 407 ejecti-

88 408 207 440 tiorum
223 410 260 440 ab
289 410 444 442 Ecclesia:
477 411 698 447 catechumeni,
729 415 760 442 ut
789 411 921 441 nondum

88 453 236 494 baptizali
250 466 256 485 :
269 455 459 487 fornicariiet
471 455 609 492 adulteri,
627 456 658 486 in
677 457 822 487 masculos
838 456 920 486 insa-

87 499 225 536 nientes,
242 501 388 540 corrupti,
406 497 574 535 homicidae,
597 500 692 540 avari,
710 506 854 540 raptores,
872 499 921 530 in—

81 543 177 582 justi,
191 545 322 584 superbi,
335 545 440 585 iniqui,
458 544 680 584 impaenitenles
692 545 721 575 in
738 545 785 575 his
800 545 921 575 sceleri-

85 587 171 626 bus;
189 599 205 620 a
219 589 414 627 daemonibus,
433 590 647 629 possessit;qui
661 590 697 620 ad
717 589 919 630 paenitentiam

86 637 120 663 et
136 633 357 665 confessionem
371 637 620 670 accesserunl,‘et
637 638 667 664 ut.
680 634 850 674 ad,tompus
862 635 917 664 de-

86 677 210 708 ﬁnitum
227 683 309 710 extra
322 684 485 715 manerent,
500 678 668 718 punitisunt
682 688 690 716 ;
704 679 856 719 postremi,
869 679 920 719 qui

89 723 295 763 perscriptum
310 724 490 763 pmnitentiie
501 723 627 763 spatium
641 724 771 754 nondum
784 724 918 764 comple-

83 771 210 798 verunt.
227 767 262 798 Hi
292 768 391 807 igitur,
420 768 448 798 id
475 772 530 805 est,
561 766 693 808 quinque
721 767 841 798 ordines
858 768 917 798 isti.

86 811 249 842 manifeste
260 813 373 851 indigni
385 816 451 843 sunt
474 813 523 849 (4).
541 811 651 849 Dignus
665 816 762 843 autem
779 821 915 852 corpore,

86 859 120 886 et
137 857 283 895 sanguine
296 857 404 889 Christi
417 866 506 895 purus
521 861 549 886 et
565 856 741 896 iuculpatus.
759 857 830 888 Cum
847 865 916 886 vero

966 366 1076 396 tionem
1093 366 1190 396 locum
1211 366 1380 398 atiliclionis
1403 371 1432 398 et
1462 368 1612 408 supplicii,
1630 377 1664 400 ac
1680 370 1742 400 sola
1757 369 1787 400 in

965 415 1060 442 morte
1073 411 1270 447 miseriarum.
1303 415 1331 442 et
1355 421 1551 443 aerumnarum
1568 422 1632 444 esse
1651 414 1787 454 requiem

964 456 1113 496 ignorans,
1129 466 1196 487 cum
1213 457 1368 487 traducere
1393 456 1480 488 vitam
1508 457 1624 498 incipit,
1656 459 1690 489 ad
1717 469 1782 490 eam

962 500 1034 531 citra
1041 501 1560 543 niolesliaiii,}citraqtieindigentiam
1570 503 1781 534 traducendam

962 555 1034 586 opes
1053 546 1195 585 exspelil.
1222 550 1251 576 et
1278 545 1443 586 procedens
1471 546 1501 576 in
1518 546 1630 577 honore
1647 551 1675 578 et
1690 547 1782 586 gloria

962 599 1028 620 esse
1039 590 1199 621 desiderat.
1213 590 1269 622 Ubi
1281 599 1331 621 ver
1341 590 1435 620 aetatis
1460 591 1626 630 contigerit,
1641 592 1783 631 jucundis

961 634 1048 665 rebus
1059 635 1133 672 frui;
1148 640 1177 665 ut
1189 645 1294 666 sensus
1306 645 1439 675 compos,
1451 635 1487 666 iis
1498 635 1548 675 qui
1560 636 1697 667 sensibus
1711 646 1781 677 per-

960 679 1108 719 cipiuntur
1120 691 1126 709 :
1139 684 1168 710 ut
1180 679 1377 720 aspectabilis,
1393 680 1621 719 aspectabilibus
1635 692 1640 710 :
1655 686 1685 711 ut
1700 686 1778 712 tem-

961 733 1119 764 poraneus,
1133 725 1342 764 temporaneis.
1356 724 1427 755 Nam
1438 724 1488 764 qui
1499 724 1576 755 videt
1595 735 1629 756 ea
1645 735 1708 766 qua:
1724 726 1778 756 sub

961 769 1062 799 oculos
1077 769 1196 806 cadunt,
1214 769 1301 800 etiam
1324 778 1358 800 ea
1385 778 1449 809 qua:
1480 779 1538 800 non
1553 770 1663 800 cadunt
1678 770 1778 801 videre

960 814 1064 854 nequit
1076 824 1082 844 :
1092 814 1169 845 sicut
1181 814 1230 854 qui
1243 814 1292 845 illa
1308 813 1532 854 inaspectabilia
1546 815 1775 854 contemplatur,

958 857 1098 889 similiter
1112 869 1177 899 qum
1193 863 1313 899 aspectu
1328 858 1506 894 sentiuntur,
1524 858 1633 889 intueri
1649 868 1707 889 non
1723 869 1778 899 po-

86 900 240 945 quispiam
253 901 371 940 dignus,
389 902 514 940 alicujus
539 901 639 937 errati,
658 904 691 932 ut
705 901 913 941 hcmojrepre-
929 916 948 945 Β
960 906 1026 934 test.
1043 903 1181 944 Quisquis
1196 904 1275 934 enim
1302 905 1333 933 in
1363 903 1450 933 vitam
1481 903 1555 933 hanc
1570 913 1634 943 quae
1651 903 1779 944 videtur,

84 943 203 975 hensus
217 945 316 981 fuerit,
335 946 400 976 talis
428 945 533 984 dignus
560 944 682 983 indigne
696 946 872 985 susceperit,
889 946 914 976 si

86 998 164 1026 non,
182 991 259 1029 quod
273 991 377 1030 iuipso
389 989 802 1030 reprehenditur,excusserit
821 995 850 1022 et
864 990 915 1020 ab-

81 1034 206 1073 jecerit.
220 1035 320 1075 Itaque
333 1040 361 1065 et
372 1035 422 1066 ille
436 1034 496 1065 edit
508 1044 542 1064 ac
555 1033 628 1064 bibit
639 1035 772 1074 indigne,
785 1035 836 1076 qui
847 1044 914 1066 cum

84 1078 198 1118 dignus
211 1079 258 1117 sit,
276 1080 364 1119 digne
380 1085 478 1110 tamen
496 1089 556 1109 non
573 1080 710 1109 accessit.

399 1125 536 1158 ORATIO
555 1125 604 1157 Vl.

390 1175 600 1198 ARGUMENTUM.

83 1213 234 1254 Homines
259 1215 396 1254 pecunia.
424 1223 504 1245 vana
528 1213 637 1253 gloria,
668 1216 697 1244 et
727 1212 915 1253 voluptatum

196 1253 342 1285 illecebris
358 1257 436 1294 capt,
454 1259 542 1292 atque
558 1254 680 1284 irretiri
693 1255 800 1284 solere.

129 1301 197 1331 Tria
211 1305 288 1339 sunt,
306 1301 413 1342 quibus
437 1301 537 1332 anima
566 1300 665 1331 omnis
687 1300 717 1331 in
733 1300 809 1331 hanc
826 1301 913 1332 vitam

128 1391 160 1416 74
180 1390 192 1422 Ι
208 1390 276 1422 Cor.
295 1399 326 1428 ιι,
343 1390 394 1421 ‘29.

122 1476 160 1510 (4)
186 1475 241 1503 Cur
269 1482 326 1503 non
367 1475 498 1511 baptizati
541 1483 556 1503 a
594 1482 674 1504 sacra
703 1476 906 1505 communione

83 1511 274 1545 repellantur.
291 1512 362 1540 ratio
378 1511 406 1539 in
420 1515 552 1547 promptu
568 1514 632 1547 est}.
663 1512 729 1547 quia
750 1512 908 1546 baptismus

957 957 1053 988 nuper
1067 949 1208 988 introivit,
1221 947 1442 987 nisijdoceatur,
1458 948 1551 978 nescit
1566 957 1636 978 num
1647 948 1780 988 quaedam

957 997 1084 1030 exstent,
1100 993 1252 1024 oculorum
1269 1002 1388 1023 sensum
1406 992 1547 1030 fugientia
1564 1001 1570 1023 ί
1589 996 1676 1032 atque
1693 993 1779 1023 etiam

956 1036 1012 1067 hoc
1027 1037 1124 1077 ipsum
1140 1038 1254 1077 ignorat
1270 1045 1302 1068 se
1319 1037 1475 1074 eaducum,
1492 1040 1521 1067 et
1533 1037 1687 1068 mortalem
1701 1046 1778 1075 esse,

957 1090 1012 1111 nec
1024 1091 1056 1112 se
1068 1086 1188 1122 propter
1199 1086 1375 1122 praesentem
1393 1082 1481 1118 hunc,
1499 1081 1550 1111 sed
1567 1082 1657 1112 alium
1673 1091 1780 1122 quem-

956 1125 1022 1156 dam
1040 1132 1274 1167 perpetuumque
1291 1126 1433 1157 mundum
1454 1131 1641 1166 procreatum
1661 1135 1667 1157 :
1690 1136 1779 1167 quem

956 1174 987 1200 ut
998 1176 1156 1209 mereatur,
1171 1173 1219 1202 hic
1232 1171 1346 1202 erudiri
1369 1171 1539 1211 praeparari.
1555 1179 1588 1201 ac
1605 1171 1707 1211 perﬁci
1722 1171 1778 1202 de-

956 1215 1033 1246 beat.
1047 1217 1221 1248 Tenendum
1233 1217 1341 1257 itaque,
1357 1217 1382 1246 si
1392 1217 1454 1247 hzec
1470 1216 1525 1246 tria
1540 1217 1567 1246 ei
1583 1216 1783 1247 dominabun-

957 1264 1013 1299 tur,
1035 1262 1097 1292 fore
1113 1267 1143 1293 ut
1157 1263 1194 1293 ab
1210 1263 1246 1293 iis
1270 1263 1358 1293 etiam
1382 1271 1449 1292 cum
1475 1261 1565 1298 volet,
1586 1271 1618 1292 se
1633 1262 1778 1294 extricare

959 1314 1019 1336 non
1033 1307 1147 1339 valeat:
1165 1307 1215 1338 ubi
1231 1316 1287 1338 nec
1313 1315 1416 1347 passer
1445 1305 1604 1337 tendiculis
1618 1305 1779 1346 implicitus

948 1481 1082 1516 quotidie.
1100 1482 1169 1510 Item
1194 1482 1275 1511 dooet
1307 1482 1459 1510 Balsamon
1489 1481 1607 1510 scholiis
1631 1481 1666 1509 ad
1681 1481 1780 1510 Timo-

951 1517 1006 1553 ιζιοὶ
1034 1518 1262 1553 Responsiones:
1279 1518 1345 1546 Vide
1363 1518 1506 1545 Francise.
1524 1517 1628 1545 Suares
1644 1521 1712 1546 tom.
1730 1517 1777 1550 ill,

82 1548 117 1588 ad
134 1547 228 1588 quinia
245 1552 420 1588 sacramenta
443 1546 523 1588 fores
551 1546 658 1581 pandit.
676 1546 818 1588 'Secundo
842 1549 904 1583 reii-

962 1552 978 1580 |.
995 1553 1039 1581 69.
1056 1546 1124 1581 sect.
1156 1554 1183 1585 2,
1212 1555 1242 1582 in
1272 1554 1321 1582 lin.
1351 1553 1466 1582 Exstant
1490 1553 1663 1588 quaestiones
1679 1546 1780 1581 monai

83 1583 129 1625 ci_t_
139 1584 256 1625 Simeon
269 1583 304 1623 ab
321 1584 380 1611 haec
397 1582 637 1625 omle<li'_mensa_
659 1587 831 1616 peccatores.
850 1591 909 1612 m'i—
921 1585 1071 1617 Cchorum
1088 1582 1289 1625 quorumdam,
1306 1594 1334 1618 et
1357 1589 1392 1617 ad
1421 1582 1537 1618 easdem
1565 1596 1712 1623 responsa,
1729 1589 1776 1617 ubi

82 1619 203 1648 nifestos
228 1619 365 1646 nimirum
392 1623 420 1647 et
449 1618 562 1653 publice
592 1622 697 1651 notos;
728 1624 908 1652 scortatores,

83 1655 238 1687 adulteros,
259 1658 398 1689 raptores.
415 1660 441 1682 et
468 1654 552 1688 hujus
577 1654 692 1688 generis
707 1654 777 1682 alio.-
796 1664 802 1687 ;
820 1661 850 1684 ut
865 1656 908 1684 in-

82 1695 172 1727 semet
187 1690 302 1727 Simeon
319 1690 458 1727 eixplicat.
471 1689 539 1718 Vile
566 1690 592 1718 S.
623 1689 675 1727 'ljh.
706 1695 745 1727 tu,
763 1698 801 1726 p.,
819 1699 845 1727 q.
864 1692 907 1719 67.

85 1730 139 1754 art.
155 1726 182 1758 6,
200 1731 226 1755 et
246 1726 313 1754 ibid.
330 1726 430 1754 Franr.
447 1726 527 1754 SUH‘.
547 1729 615 1754 sect.
632 1725 648 1752 2
663 1729 690 1754 et
704 1726 730 1754 5.

121 1775 224 1808 Tertio,
255 1775 380 1803 excludit
406 1781 626 1810 en‘argumenos,
657 1782 707 1803 seu
736 1783 750 1803 a
781 1775 909 1804 daemone

85 1811 226 1839 obsessos.
258 1811 379 1839 Eosdem
409 1810 534 1839 excludit
561 1810 588 1838 S.
620 1810 737 1846 Dionys.
766 1812 905 1846 Areopag.

83 1853 145 1880 cap.
173 1846 198 1874 3.
229 1845 265 1874 De
291 1847 390 1874 valesii
417 1846 586 1880 hisrurchia,
612 1845 757 1880 partﬁu;
787 1845 908 1876 Collocat

85 1882 161 1910 enim
189 1882 254 1910 illos
284 1886 363 1911 extra
392 1884 530 1917 templum
555 1889 589 1910 eo
619 1886 757 1916 tempore,
787 1890 844 1917 quo
861 1891 906 1912 res

85 1918 178 1946 divina
206 1918 360 1953 peragitur,
390 1919 463 1946 inter
489 1917 710 1946 catecbuinuno;
738 1923 765 1946 et
794 1918 906 1953 publice

84 1955 251 1988 pmnitentes
269 1962 274 1981 :
289 1961 375 1989 quem
391 1954 419 1982 S.
436 1954 559 1982 Thomas
575 1960 604 1981 ιιι
635 1960 659 1987 p.
691 1961 730 1988 q.,
746 1953 790 1985 49,
809 1959 860 1981 art.
878 1954 904 1987 9,

83 1990 283 2024 interpretatur
297 1990 330 2017 de
356 1990 559 2025 energumeuis
588 1989 715 2017 nonduin
747 1990 903 2024 baptizniis,

83 2026 112 2053 in
124 2026 222 2060 quibus
236 2025 338 2053 scilicet
351 2026 476 2053 nondum
490 2027 530 2053 est
554 2025 595 2052 vis
611 2025 742 2053 damonis
757 2026 902 2058 emstiitcla,

83 2069 140 2096 quae
153 2063 224 2097 uiget
238 2062 269 2088 in
284 2062 322 2089 eis
334 2069 385 2097 per
410 2061 548 2096 originale
565 2064 706 2097 peccatum
738 2064 808 2097 tium,
821 2068 905 2089 ener-

83 2095 210 2131 (tumenis
227 2095 403 2130 baptismatis
432 2095 506 2125 undi
535 2096 639 2124 ablutis
670 2095 738 2125 dicit
753 2096 780 2125 S.
799 2096 902 2126 Thom.

84 2132 155 2160 idem
171 2133 342 2161 servandum
359 2140 430 2165 esse,
455 2132 532 2168 quod
560 2139 626 2159 cum
653 2133 762 2168 caeteris
785 2134 904 2161 amenti-

84 2168 167 2202 tibus,
197 2169 334 2196 nimirum
363 2169 386 2196 si
425 2170 532 2204 absque
554 2167 681 2204 periculo
712 2169 903 2196 irreverentia;

85 2205 292 2231 communicare
317 2205 436 2238 possint,
468 2203 494 2232 et
521 2203 668 2231 intervalla
699 2203 826 2235 habeant.
845 2211 903 2232 non

84 2247 143 2268 esse
157 2240 214 2267 illis
232 2239 393 2275 negandum
424 2240 632 2268 Eucharistiam
650 2249 655 2271 ;
687 2245 753 2266 nam
769 2239 830 2274 ejus
847 2241 904 2267 vir-

87 2279 141 2303 tute
168 2280 195 2303 et
219 2275 327 2303 auxulio
351 2280 400 2303 aut
429 2276 539 2304 daemon
567 2275 732 2309 expelletur,
763 2276 787 2302 si
813 2275 839 2303 id
867 2276 903 2303 ad

87 2311 198 2339 salutem
216 2311 339 2339 hominis
354 2311 513 2343 conducat;
540 2315 589 2339 aut
616 2315 691 2338 certe
706 2311 907 2339 corroborabi-

86 2350 137 2377 tur.
155 2353 183 2375 ut
200 2354 359 2375 zei‘ummm
384 2348 459 2375 illam
490 2353 629 2382 generoso
659 2346 755 2374 animo
772 2347 903 2381 perforat.

86 2382 160 2410 Hanc
177 2382 336 2410 doctrinam
361 2383 510 2411 conﬁrmat
539 2387 654 2411 sanctus
684 2381 805 2410 Thomas
833 2383 907 2410 testi-

87 2419 177 2446 monio
194 2418 331 2453 Cassiani,
360 2419 442 2454 cujus
472 2420 531 2446 haec
557 2423 622 2446 sunt
649 2418 733 2445 verba
762 2418 857 2446 collat.
880 2419 904 2446 7.

87 2461 111 2482 c.
126 2453 175 2481 30:
203 2453 431 2482 Communiunem
454 2462 518 2482 vero
534 2455 571 2481 eis
587 2453 737 2488 (obsessis)
759 2461 908 2482 sacrosan-

86 2494 154 2518 ctam
168 2498 186 2517 a
197 2490 353 2517 senioriqu
380 2492 486 2518 nostris
500 2497 645 2524 nunquam
674 2489 846 2517 meminimus
861 2490 908 2518 in-

87 2525 225 2553 terdictam
242 2534 248 2551 :
264 2525 398 2561 quinimo,
413 2527 439 2554 si
462 2526 588 2559 possibile
612 2527 687 2555 esset,
719 2526 801 2553 etiam
820 2526 906 2560 quoti-

86 2561 125 2589 die
136 2562 171 2589 eis
187 2561 330 2594 impartiri
344 2569 403 2589 eam
429 2562 525 2590 debere
553 2561 709 2589 censebant.
740 2561 828 2588 Paulo
845 2565 907 2596 post

86 2597 176 2625 subdit
193 2605 199 2624 :
214 2597 271 2624 Hoc
286 2605 404 2632 namque
419 2598 498 2625 modo
511 2600 640 2625 curatum
654 2599 680 2624 et
709 2596 832 2624 abbatem
845 2597 908 2625 An-

85 2633 226 2670 dronicum
240 2640 329 2667 nuper
343 2633 512 2668 aspeximus,
529 2633 651 2670 aliosque
669 2633 831 2670 complures.
850 2633 908 2661 Ma-

85 2668 121 2704 gis
137 2676 254 2704 namque
279 2676 311 2695 nc
344 2670 432 2704 magis
462 2668 760 2697 inimicus'insultabit
788 2668 904 2702 obsesso,

85 2712 141 2732 cum
153 2712 216 2732 eum
231 2713 247 2731 a
258 2704 356 2732 rwlesti
368 2704 500 2733 medicina
512 2705 613 2734 viderit
639 2706 824 2740 segregatum,
842 2707 905 2733 tan-

78 2743 155 2776 'toque
169 2740 261 2768 dirius
275 2743 300 2767 et
312 2741 485 2776 frequentius
509 2741 665 2770 attentabit.
688 2744 795 2775 quanto
810 2748 873 2776 eum
887 2749 906 2769 α

84 2775 477 2812 ερὶνίιααιίνσιηείιιοϊοηῃὶαε
496 2777 613 2805 senserit
640 2776 813 2805 abdicatum.
840 2775 906 2804 Hier.

85 2812 164 2840 abbas
189 2812 312 2840 Serenus
341 2812 417 2847 apud
446 2812 637 2842 Cassianum:
665 2812 712 2840 Sic
740 2812 826 2840 etiam
854 2812 902 2840 Ti-

84 2848 205 2884 motheus
221 2847 431 2876 Alexandrinus
462 2849 614 2884 episcopus
642 2848 672 2876 in
701 2848 761 2876 suis
776 2848 902 2883 Respon-

84 2883 203 2920 sjonibus
231 2883 300 2915 vult,
340 2888 370 2912 ut
398 2883 585 2920 energumeni
614 2883 694 2913 statis
724 2884 902 2918 temporibus

85 2918 247 2949 Eucharistae
284 2918 496 2950 sacramentum
537 2920 704 2956 percipiant,
747 2920 799 2948 etsi
842 2927 900 2949 non

951 1626 1088 1660 quaaritur
1105 1633 1140 1654 an
1163 1632 1290 1661 oporteat
1316 1625 1426 1654 daemon
1455 1632 1538 1652 acum
1562 1625 1778 1661 communicare

952 1662 1146 1692 sacramentis.
1171 1659 1297 1690 sonu-tum
1320 1663 1396 1689 enim
1425 1661 1605 1689 Timotheum
1635 1662 1718 1688 aliter
1733 1659 1776 1688 di-

952 1696 1044 1729 xisse;
1062 1702 1088 1726 et
1103 1698 1185 1726 aliter
1214 1702 1326 1725 sanctos
1354 1697 1517 1729 apostolos:
1539 1696 1697 1730 Responsio
1713 1701 1774 1724 est:

951 1732 1025 1769 Eum
1039 1734 1087 1769 qui
1107 1741 1169 1761 vere
1194 1735 1229 1761 sit
1257 1733 1451 1769 dcenioniacusr
1468 1732 1650 1769 sacramentis
1665 1731 1780 1769 minime

949 1767 1123 1803 dignandum
1133 1777 1198 1797 esse.
1219 1769 1300 1803 Quod
1325 1773 1418 1796 tamen
1439 1767 1602 1796 Balsamoni
1618 1767 1646 1795 in
1661 1767 1778 1796 scholiis

949 1805 982 1831 ad
999 1805 1060 1839 ejus
1078 1806 1254 1839 Responsum
1270 1812 1327 1832 non
1360 1804 1508 1839 probatur,
1536 1805 1559 1831 si
1575 1804 1726 1837 loquamur
1742 1803 1778 1831 de

950 1839 997 1867 illo
1014 1842 1197 1873 dieznliniaco,
1214 1842 1260 1876 qui
1279 1842 1381 1868 mentis
1407 1840 1548 1868 interdum
1575 1844 1619 1867 e~t
1634 1846 1751 1873 compos
1770 1849 1776 1871 ;

948 1880 975 1938 ﬁt
989 1884 1003 1903 a
1019 1876 1158 1940 déelgonis
1174 1879 1327 1913 agitatione
1353 1876 1519 1904 nonnullam
1545 1876 1668 1911 quietem
1683 1876 1776 1904 inter—

972 1919 1019 1939 um
1057 1923 1069 1939 Δ
1097 1917 1131 1940 et.

972 1919 1019 1939 um
1037 1914 1131 1940 habet.

984 1947 1089 1981 Quarto
1108 1948 1234 1976 excludit
1251 1948 1365 1976 Simeon
1392 1947 1426 1975 ab
1455 1947 1636 1975 Eucharistia
1662 1946 1777 1981 publice

947 1983 1155 2019 etsolemniler
1180 1985 1358 2019 pmnitentes.
1390 1983 1459 2011 Nam
1488 1984 1550 2011 istis
1571 1990 1628 2011 non
1658 1982 1778 2011 dabatur

946 2017 1121 2047 Eucharistia
1139 2017 1259 2048 durante
1287 2019 1462 2054 pmnitcntiai
1493 2023 1629 2053 tempore,
1658 2018 1712 2046 nisi
1729 2026 1775 2053 pe-

946 2054 1069 2083 riculum
1087 2057 1148 2083 vine
1165 2055 1340 2090 impenderet
1359 2063 1365 2086 ;
1392 2055 1468 2089 quod
1493 2061 1559 2082 cum
1573 2054 1700 2088 aliunde,
1717 2060 1777 2082 tum

945 2097 980 2118 ex
996 2092 1156 2119 canonibus
1172 2093 1246 2125 aput
1266 2091 1432 2119 Gratianum
1456 2090 1498 2120 25,
1523 2095 1622 2125 quaest.
1653 2091 1678 2118 6.
1698 2094 1725 2118 et
1742 2097 1777 2118 cx

944 2125 1006 2162 cod.
1036 2127 1070 2154 de
1099 2127 1302 2162 paenitentibus
1318 2127 1353 2154 de
1377 2130 1534 2154 consecrat.
1565 2126 1592 2162 d.
1619 2125 1645 2157 3,
1678 2125 1778 2161 liquet.

946 2161 1252 2197 Leglntur’cpislolm,
1281 2168 1311 2191 ut
1341 2162 1382 2189 sic
1420 2169 1528 2194 vocem,
1560 2161 1775 2197 Pmnilentiutes,

947 2197 1071 2232 Dionysii
1086 2196 1288 2233 Alexandrini,
1307 2199 1335 2226 S.
1354 2197 1488 2233 Athams.
1506 2197 1537 2233 8ἱ
1553 2196 1670 2230 Gri-ger.
1689 2197 1781 2225 Thall-

949 2234 1125 2269 maturgi,S.
1156 2235 1274 2270 Gregor.
1305 2234 1436 2269 Nyssenl,
1467 2232 1499 2270 S.
1529 2232 1631 2265 Basilii,
1661 2238 1688 2261 et
1707 2234 1780 2262 alio-

949 2276 1012 2297 rum
1028 2277 1094 2298 cum
1111 2269 1289 2299 Balsam’onis
1305 2269 1529 2298 commentariis.

984 2310 1090 2344 Quinto
1106 2312 1196 2346 rl‘jicit
1212 2312 1277 2340 illos
1305 2319 1319 2339 a
1349 2316 1428 2338 sacra
1459 2309 1582 2344 Synaxi,
1597 2306 1619 2332 οἱ
1636 2305 1687 2346 »μὴ
1714 2304 1780 2338 ὅλην

948 2347 995 2379 τὴν
1012 2347 1110 2376 ἑαυτῶν
1125 2344 1195 2383 fio-ip;
1225 2352 1263 2385 τῷ
1293 2349 1350 2383 Θεῷ
1379 2346 1547 2384 ἀνειθέμενοι,
1574 2345 1618 2372 καὶ
1634 2344 1660 2372 ἐν
1678 2348 1781 2384 Χριστῷ

949 2390 1044 2421 ζῶντες
1076 2386 1182 2426 ἄμωμοι
1212 2387 1361 2426 παντελῶς,
1392 2391 1440 2426 qui
1470 2392 1555 2418 totum
1585 2389 1672 2426 vitam
1699 2397 1780 2418 suam

951 2426 1005 2454 Deo
1019 2434 1075 2454 non
1089 2430 1299 2458 consecrarunt,
1316 2425 1403 2461 neque
1411 2433 1526 2461 prorsus
1542 2425 1572 2452 in
1589 2425 1709 2460 Christo,
1722 2426 1782 2453 sine

948 2463 1066 2491 crimine
1081 2464 1185 2492 vivunt.
1217 2464 1268 2492 Ubi
1298 2463 1394 2491 Simon
1424 2468 1480 2490 non
1512 2461 1622 2489 videtur
1651 2461 1727 2496 loqui
1745 2462 1778 2490 de

949 2497 1016 2532 illis,
1033 2500 1082 2534 qui
1101 2501 1140 2527 Vel
1159 2504 1221 2534 past
1251 2500 1394 2533 baptisma,
1425 2497 1547 2534 relpost
1561 2497 1776 2534 confessionem

951 2532 1093 2570 peractam
1110 2532 1205 2564 denuo
1225 2532 1343 2570 peccant
1361 2544 1367 2566 ;
1393 2533 1493 2570 sedrde
1509 2532 1575 2562 illis.
1593 2532 1641 2568 qui
1659 2533 1689 2570 in
1705 2533 1781 2561 idt-m

951 2569 1052 2598 letbale
1067 2577 1215 2606 peccatum
1226 2569 1233 2570 7
1245 2578 1348 2602 saeuius
1378 2569 1520 2606 rl-cidunt.
1551 2575 1622 2606 quos
1639 2569 1781 2606 vulgare-

950 2604 1236 2636 cidivos'nominant.
1268 2608 1304 2634 De
1335 2605 1440 2640 quibus
1466 2604 1597 2633 Nesteuta
1614 2605 1642 2632 in
1658 2611 1710 2633 suo
1723 2605 1780 2633 No-

951 2649 1108 2670 mocanone
1126 2652 1132 2672 :
1149 2644 1220 2671 Sunt
1233 2643 1304 2671 enim
1331 2641 1423 2674 mulli,
1454 2641 1555 2675 inquit.
1573 2640 1621 2675 qui
1636 2643 1780 2668 consuetu-

948 2677 1012 2705 dine
1038 2687 1139 2707 rursus
1170 2679 1313 2711 labuntur,
1337 2680 1362 2705 et
1391 2677 1421 2704 in
1447 2679 1560 2712 peccata
1583 2676 1724 2712 incidunt.
1745 2677 1783 2705 Hi

948 2721 1012 2751 ergo
1039 2714 1135 2743 ιιι-ὺεηι
1171 2722 1279 2751 semper
1315 2711 1456 2751 conﬁteri;
1488 2711 1592 2751 quaties
1621 2711 1780 2751 occiderint,

947 2748 1331 2787 etiamsiinjunctos'pwnas
1358 2748 1563 2783 compleverint,
1589 2755 1658 2787 quas
1687 2749 1722 2777 ab
1738 2756 1778 2782 eo,

948 2785 996 2820 qui
1010 2785 1081 2825 ispos
1096 2785 1204 2825 ligavit,
1234 2785 1408 2822 acceperunt,
1439 2790 1584 2825 nunquam
1604 2785 1698 2825 autem
1712 2792 1776 2813 com~

944 2820 1094 2850 manicare.
1111 2820 1162 2851 Sin
1175 2824 1266 2851 autem
1280 2820 1376 2850 acrum
1399 2820 1513 2848 omnino
1526 2820 1688 2855 misereris,
1701 2828 1778 2849 com-

944 2857 1121 2896 municabant
1134 2869 1143 2888 :
1158 2858 1311 2896 cavendum
1323 2858 1366 2896 est
1380 2858 1482 2896 tamen
1497 2862 1532 2883 ne
1542 2857 1771 2896 fammuniceut.

944 2891 1027 2932 donec
1037 2897 1179 2932 peccatum
1193 2893 1373 2932 abscidcrint.
1389 2890 1586 2921 Misericordiae
1596 2891 1670 2920 enim
1682 2893 1780 2928 gratia

945 2930 984 2956 sic
995 2936 1100 2966 quoque
1113 2930 1357 2968 digni_habontur.
