1983 3072
203 134 263 170 347
844 144 1021 177 SYMEONIt

1068 147 1241 180 'UNIORIS.
1838 152 1902 185 348

195 205 314 257 fugere,
323 208 456 260 quamvis
473 209 670 260 alasmultum
686 210 893 260 concusserit:
909 210 1018 260 auxilio
1031 213 1053 243 Α
1064 211 1154 248 bitur,
1164 212 1271 260 eisque
1283 215 1422 260 ostendit,
1437 225 1495 256 quo
1517 220 1600 257 pacto
1621 227 1680 249 non
1701 227 1755 258 per
1774 227 1807 250 se
1822 217 1899 260 ipsae

201 251 281 281 enim
305 251 476 303 virtuteque
497 253 675 303 oublimiore
705 255 828 303 indiget.
862 255 937 303 Sunt
961 257 1024 287 haec
1066 251 1268 303 pecuniarum,
1286 259 1395 299 gloriae,
1414 251 1665 303 voluptatumque
1693 251 1844 303 cupidine;
1863 268 1894 294 et

202 305 309 335 nempe
323 297 408 346 firma
419 298 528 346 diaboli
541 299 627 336 retia,
641 309 694 346 per
710 310 775 341 quae
791 301 879 332 homo
895 301 925 332 in
942 305 1024 341 pote-
1065 310 1127 346 amt
1135 311 1167 332 re
1188 297 1343 334 ducantur.
1360 305 1393 336 In
1418 297 1532 336 anim'as
1560 297 1646 344 porro
1673 297 1740 346 post
1754 297 1892 338 sanctum

201 345 306 372 statem
321 343 384 391 ejus
400 343 553 391 redigitur.
582 349 610 375 et
640 345 796 386 rliquando
814 350 880 386 post
896 350 1021 376 mortem
1066 345 1213 384 baptisma
1227 347 1274 378 his
1305 348 1400 380 tribus
1429 343 1585 391 edomitas,
1615 343 1803 382 alia-ratione
1821 352 1890 382 talis

200 395 317 436 quoque
326 386 362 417 ab
371 397 405 417 eo
417 389 572 436 retinetur.
583 391 686 436 etquo
699 391 779 436 enim
792 391 844 430 qui
855 391 952 422 victus
968 393 1021 436 est,
1064 391 1158 436 gratia
1173 391 1298 423 influere
1314 403 1372 424 non
1391 398 1496 434 potest,
1517 386 1604 434 quam
1621 405 1674 436 per
1690 396 1887 427 inslaurantia

200 431 300 481 eiusat
312 440 418 463 servus
429 433 671 481 est7-’_5.__Yalidam
684 435 824 466 nimirum
835 434 1025 481 vimhzectriq
1066 435 1143 481 bona
1171 446 1224 476 per
1253 447 1318 477 quae
1344 431 1439 468 solum
1469 431 1627 470 con-fertur.
1649 440 1750 471 salus:
1778 445 1809 471 ut
1837 450 1893 481 per

201 474 320 523 habent,
333 480 366 507 ut
380 477 633 523 aspectabilia,rut
649 478 810 516 fructuosa,
835 483 864 510 et
878 475 1025 521 appetitui
1066 474 1203 511 haustum
1212 474 1889 523 san-ctificatorum,perunctionembenedicta-

200 518 358 564 dulcedine
369 530 422 551 sua
433 525 500 552 ante
516 521 707 559 blandientia,
725 533 852 564 eumque
867 518 1020 564 praeoccu-

202 563 300 609 pantia
317 575 323 595 :
341 565 449 595 deinde
465 571 679 607 praeoccupato,
690 568 751 607 jam
769 563 881 599 homini
897 578 1020 609 persua-

201 607 490 655 dentiatpropterea
503 612 597 642 solum
617 612 693 643 hanc
709 613 804 643 lucem
821 607 916 653 ipsum
932 623 1021 655 aspe-

200 654 289 685 xisse.
320 654 355 685 Et
383 664 550 695 quanquam
593 656 629 687 ab
671 657 717 688 his
755 657 847 689 tribus
884 654 1022 691 obsessus

201 699 392 740 devictusque
405 710 462 730 non
475 701 574 738 fuerit,
586 701 732 732 invictum
748 712 779 733 se
789 706 886 734 tamen
906 713 1023 736 servare

201 743 323 783 nequit:
338 745 389 775 Sed
402 745 488 785 paulo
502 745 658 786 postvivus
676 747 711 777 ab
731 747 835 778 iisdem
856 749 980 788 capitur.
998 750 1022 780 A

203 789 289 820 nobis
303 789 382 820 enim
399 799 480 827 arma
511 791 600 820 sumit
624 790 770 829 diabolus,
787 792 894 832 quibus
910 803 963 824 nos
979 794 1021 825 la-

203 838 299 865 tenter
305 834 412 873 subigit
429 834 570 871 Quocirca
577 836 743 866 conandum
751 841 780 867 ut
794 838 1019 876 prreveniamus,

1063 533 1128 554 rum
1143 525 1296 571 olivarum,
1315 531 1343 557 et
1357 531 1507 565 unguenta
1525 532 1707 565 sanctorum,
1726 539 1894 571 eorumque

1063 569 1269 601 suaveolentiae
1278 571 1500 610 perceptionem
1514 583 1520 603 :
1535 572 1676 613 quoniam
1690 573 1736 604 his
1752 569 1892 605 Christus

1063 614 1267 645 sanctificandi
1278 615 1334 645 vim
1347 615 1479 655 largitur,
1490 620 1518 647 et
1538 617 1583 647 his
1603 617 1702 648 anima
1718 625 1862 658 purgatur
1879 629 1887 649 :

1064 662 1093 688 et
1104 658 1226 698 spiritus
1238 660 1430 700 nequam,qui
1439 661 1516 691 hanc
1527 665 1629 692 contra
1649 666 1783 693 naturam
1797 662 1896 693 animi

1064 703 1329 740 necessitudinem.
1343 709 1373 735 et
1383 704 1579 736 amicitiamin
1588 706 1709 737 homine
1716 707 1891 746 conciliant,

1064 757 1116 792 per
1126 747 1198 784 haec,
1213 758 1277 789 qum
1288 758 1392 780 sensus
1406 754 1537 789 tangunt.
1556 755 1585 782 et
1594 751 1688 781 oculis
1701 756 1894 792 usurpantur,

1064 791 1296 832 SpiritusSancti
1305 793 1571 834 adventum,quem
1586 804 1670 826 mens
1681 791 1818 835 percipit,
1831 805 1893 827 non

1065 835 1196 867 ferentes
1210 837 1377 877 aufugiunt.
1405 838 1446 869 Ac
1473 842 1533 869 tum
1562 839 1682 870 demum
1709 840 1892 871 christianus

202 883 419 912 etM-maturam
441 880 495 910 Dei
511 880 669 911 induamus
684 880 724 914 76,
744 891 809 922 quae
825 883 925 919 multa,
943 880 1056 915 varia"
1069 880 1234 912 libertatem
1250 881 1398 922 intelligit,
1430 892 1517 923 quam
1546 883 1581 913 ad
1607 893 1638 914 se
1651 884 1892 923 confugientibus

203 934 238 956 ac
254 925 379 962 diversa,
396 928 427 956 ει
456 928 516 955 tota
541 924 675 955 Christus
702 926 783 956 solus
812 931 868 957 est.
893 927 955 958 Hoc
971 933 1028 969 est,
1072 925 1207 956 Christus
1222 926 1322 966 largiri
1345 927 1506 964 consuevit,
1537 932 1566 958 et
1593 928 1703 968 gratias
1727 938 1814 968 agere
1831 939 1893 960 non

202 969 443 1009 conjunctionem
455 969 531 1009 ejus.
546 979 633 1009 quam
645 969 914 1006 animocernimus,
929 976 958 1003 et
970 974 1026 1004 vir-
1071 969 1299 1001 desinitdicenti
1312 980 1319 1001 :
1334 972 1438 1003 Omnis
1448 975 1500 1011 qui
1513 973 1585 1011 facit
1602 977 1771 1012 peccatum,
1786 983 1895 1006 servus

203 1019 296 1044 ιυιειη
310 1014 346 1044 de
358 1013 542 1054 plenimdine
553 1014 617 1054 ejus
625 1015 675 1052 77;
696 1014 833 1046 virtutem
846 1015 911 1047 dico
928 1018 1025 1049 omnis
1065 1017 1252 1054 estpeccati:
1268 1024 1371 1046 servus
1391 1019 1494 1047 autem
1515 1025 1575 1047 non
1598 1020 1699 1048 manet
1710 1017 1743 1048 in
1757 1018 1843 1049 domo
1860 1020 1896 1049 in

201 1059 308 1090 animae
317 1058 555 1096 vivificotricem;
572 1061 636 1090 sine
652 1069 708 1100 qua
721 1069 787 1091 eam
803 1061 911 1098 vivere,
929 1066 957 1093 et
978 1063 1022 1093 vi-
1065 1063 1223 1096 aternum,
1241 1059 1322 1099 ﬁlius
1348 1064 1447 1091 manet
1475 1060 1509 1092 Si
1523 1061 1620 1101 igitur
1635 1061 1732 1092 Filius
1747 1071 1798 1094 vos
1813 1062 1891 1094 libe-

200 1104 271 1135 dere
287 1113 427 1144 perquam
439 1103 569 1135 difﬁcile.
581 1108 667 1144 atque
679 1104 752 1135 adeo
766 1105 952 1146 impossibile
962 1112 1020 1139 est.

1068 1106 1158 1140 ravit,
1176 1113 1244 1135 vere
1261 1104 1350 1135 liberi
1366 1105 1451 1136 eritis
1466 1105 1508 1135 79.

199 1149 274 1180 Nam
297 1153 325 1179 et
340 1152 482 1189 quotquot
497 1147 634 1188 baptizati
650 1153 728 1186 sunt,
747 1149 896 1181 Christum
913 1151 1022 1182 indue-
1104 1147 1179 1184 QHid
1194 1148 1321 1188 amplius
1332 1152 1346 1180 ?
1375 1149 1427 1188 qui
1443 1149 1472 1180 in
1503 1149 1559 1180 hac
1576 1151 1745 1190 cognitione
1759 1150 1894 1181 divinum

199 1194 318 1230 mnus,
334 1198 365 1224 ut
379 1193 452 1224 ineo
469 1192 581 1228 vivant,
605 1197 634 1223 et
652 1193 782 1224 viventes
795 1194 922 1232 videant,
940 1200 969 1226 et
984 1196 1020 1226 ab
1063 1192 1170 1223 Christi
1183 1202 1303 1233 corpus,
1317 1193 1552 1234 sanguinemque
1566 1195 1734 1236 participat,
1752 1205 1842 1225 unum
1860 1195 1894 1226 fit

200 1239 246 1269 his
262 1238 356 1269 tribus
372 1237 496 1268 minime
511 1238 576 1277 capi
602 1238 723 1278 possint.
747 1239 925 1270 Revelanlur
940 1240 1019 1271 enim
1062 1247 1128 1268 cum
1145 1247 1190 1274 eo,
1207 1246 1238 1269 os
1253 1246 1291 1268 ea:
1307 1239 1422 1269 ossibus
1436 1239 1531 1278 ejuset
1543 1239 1820 1279 carodecarneejus
1833 1240 1864 1265 80
1881 1250 1893 1271 :

199 1283 243 1314 eis
258 1292 323 1323 quae
351 1290 491 1322 germana
519 1281 597 1312 bona
624 1286 702 1319 sunt,
733 1292 857 1322 quorum
882 1284 975 1323 gratia
989 1285 1019 1315 in
1065 1286 1137 1313 etex
1149 1292 1206 1322 quo
1217 1282 1415 1313 sanctificatus
1427 1282 1530 1323 fuerit,
1547 1283 1701 1323 pecuniam
1716 1284 1740 1314 si
1752 1284 1890 1315 habuerit

199 1329 290 1368 hujus
305 1328 500 1358 orasluminis
513 1327 699 1367 prodierunt.
717 1328 773 1364 Qui
789 1333 888 1360 autem
904 1338 1023 1369 supera.
1065 1326 1107 1356 sic
1122 1326 1222 1363 habet,
1237 1326 1321 1367 quasi
1338 1336 1397 1357 non
1414 1327 1537 1358 haberet
1552 1337 1558 1357 :
1581 1328 1676 1368 qualis
1691 1328 1769 1359 enim
1789 1333 1894 1360 natura

200 1377 246 1404 tus
262 1373 350 1404 fuerit
378 1372 529 1404 Christum
556 1372 751 1402 vehementur
780 1379 855 1411 oret,
873 1383 907 1404 ac
924 1378 1026 1405 exoret
1065 1380 1116 1401 sua
1132 1375 1188 1406 est.
1206 1371 1293 1402 talem
1309 1372 1446 1402 aestimat.
1478 1371 1509 1403 Si
1537 1372 1630 1411 gloria
1645 1373 1891 1411 circumduxerit,

201 1417 289 1448 etiam
312 1426 365 1457 per
380 1416 606 1456 deprecationes
630 1425 753 1448 necesse
770 1421 824 1454 est,
842 1427 901 1448 non
919 1422 952 1449 ut
966 1419 1024 1449 sibi
1065 1424 1100 1446 ea
1115 1425 1172 1446 non
1188 1425 1274 1446 secus
1289 1416 1429 1452 afficitur,
1446 1425 1532 1456 quam
1559 1417 1584 1447 si
1610 1422 1735 1449 careret.
1751 1417 1786 1448 Et
1802 1427 1808 1448 :
1828 1417 1893 1456 Qui

202 1467 324 1502 peccata
338 1471 390 1492 sua
406 1461 604 1498 dimittantur,
635 1461 685 1491 sed
716 1465 747 1491 ut
772 1471 839 1492 eum
856 1463 991 1494 Christus
1007 1473 1024 1494 a
1065 1469 1174 1492 uxores
1183 1461 1303 1498 habent,
1317 1461 1412 1502 inquit
1429 1461 1597 1502 Apostolus,
1610 1466 1754 1502 tanquam
1769 1471 1831 1494 non
1839 1463 1893 1494 Ita-

203 1507 343 1538 servitute
351 1515 384 1537 ac
394 1505 545 1537 dominatu
560 1506 691 1545 ipsorum
713 1506 820 1537 liberet
837 1516 871 1538 ac
882 1507 1019 1546 dimittat,
1034 1516 1054 1546 ρ
1066 1506 1273 1537 ῡεηεεεείητῖσί
1283 1507 1469 1546 quiuluntur
1477 1506 1530 1537 hoc
1540 1507 1663 1544 mundo,
1675 1510 1822 1547 tanquam
1831 1516 1892 1538 non

201 1561 267 1583 cum
294 1555 398 1590 semet,
429 1550 615 1590 quantumvis
644 1551 778 1591 cupiens,
809 1551 937 1582 liberare
963 1562 1020 1583 non

201 1600 289 1637 queat
303 1605 376 1637 :quo
392 1595 601 1626 liberatustum
617 1595 822 1626 remissionem
833 1600 1020 1636 peccatorum

201 1641 324 1682 ﬂagitet,
343 1644 371 1671 et
387 1640 529 1677 obtineat,
548 1644 608 1670 tum
624 1640 729 1671 divina:
745 1640 860 1672 virtutis
876 1651 1022 1672 commero

201 1687 247 1718 cio
264 1686 301 1716 de
328 1685 442 1725 reliquo
471 1694 505 1715 ea
533 1694 591 1715 non
621 1684 793 1716 committat.
823 1685 929 1716 Fertur
942 1687 1020 1717 enim

201 1741 295 1762 canon
314 1730 344 1761 in
365 1731 427 1761 hac
441 1729 550 1760 verba:
569 1730 741 1769 Quicunque
756 1731 876 1762 dixerit
887 1733 1020 1770 gratiam

202 1777 327 1816 Dei,qua
333 1774 855 1814 justi/ie'rmurperlesumChristum
863 1775 1023 1807 Dominum

200 1825 350 1857 nostrum,
363 1820 401 1850 ad
411 1819 721 1850 solamrcmissionem
742 1823 942 1859 peccatorum,
954 1822 1024 1859 jam

198 1869 441 1906 perpetratorum
448 1865 548 1895 valere
558 1868 651 1895 etnon
660 1865 785 1904 insuper
794 1864 943 1895 auxilium
949 1874 1025 1905 pra:-

203 1911 282 1946 bere,
300 1918 336 1940 ne
353 1909 414 1940 alia
429 1912 652 1949 perpetrantur,
671 1910 834 1940 anathema
850 1912 922 1941 esto.

240 1955 272 1986 in
289 1964 346 1995 quo
364 1963 451 1994 porro
467 1953 572 1983 horum
599 1953 686 1983 trium
713 1953 748 1983 ad
766 1963 819 1984 nos
834 1954 1024 1994 occupandos

200 2009 235 2030 ac
246 1998 442 2040 possidendos
452 1997 494 2027 vis
517 1997 677 2028 consistit?
692 1997 724 2028 In
749 1999 864 2028 occu'ta
886 2001 914 2028 et
941 1999 1024 2029 clan-

201 2044 316 2075 destina
325 2043 453 2083 quadam
466 2042 494 2072 vi
507 2041 632 2082 Satanae,
645 2052 701 2082 qua
713 2051 767 2072 nos
778 2042 812 2072 ad
826 2051 871 2077 ea,
899 2047 932 2073 ut
948 2043 1026 2074 bona

201 2087 506 2125 desiderandaafficit,
524 2087 606 2128 quasi
616 2087 749 2127 requiem
766 2091 794 2117 et
809 2087 938 2117 laetitiam
955 2088 1022 2118 ani-

201 2144 256 2165 ma:
265 2133 424 2174 parientia,
436 2137 465 2163 et
475 2133 504 2163 in
517 2132 628 2163 doloris
635 2132 864 2172 afflictionisque
879 2133 975 2162 vacuit
984 2137 1024 2162 ite

200 2181 264 2221 ipsa
279 2179 493 2210 conservantia.
509 2178 592 2214 Quod
622 2178 679 2208 nisi
707 2179 805 2209 anima
833 2178 917 2216 prius
930 2187 946 2208 a
964 2179 1022 2209 Deo

200 2224 395 2262 illuminetur,
413 2224 624 2263 oppugnatoris
640 2222 803 2258 incursum,
821 2223 1023 2263 insultumque

200 2270 277 2300 haud
295 2268 380 2300 facile
392 2272 488 2309 potest
503 2267 669 2306 intelligere
687 2278 695 2306 ;
713 2267 962 2307 quemadmodum
982 2267 1026 2297 vi-

200 2314 307 2346 demus
320 2313 473 2344 muliercm
485 2317 599 2343 uterum
610 2312 752 2343 ferentem
762 2311 880 2342 soreida
891 2311 1025 2351 quaedam

200 2363 352 2400 appetere,
370 2364 400 2388 et
415 2358 510 2398 ipsam
528 2357 619 2388 solam
636 2366 669 2388 ea
687 2360 718 2387 ut
730 2356 862 2396 jucunda
877 2355 1023 2396 aspicere,

200 2409 288 2444 atque
304 2403 474 2434 comedere.
493 2402 565 2433 Nam
595 2401 672 2442 quod
703 2410 822 2441 semper
838 2400 1025 2431 machinatur

200 2448 347 2485 diabolus,
362 2448 416 2478 hoc
427 2451 483 2487 est,
495 2457 530 2477 ne
544 2455 758 2486 cognoscamus
771 2445 866 2486 ipsum
881 2453 958 2481 esse,
973 2444 1024 2484 qui

201 2493 269 2524 talia
285 2492 415 2526 molitur.
447 2501 499 2531 per
527 2501 562 2522 ea
590 2491 761 2531 patientem,
792 2494 820 2520 et
837 2488 1021 2528 mysterium,

200 2536 412 2569 christianismi
443 2537 625 2575 ignorantem
670 2535 784 2566 occulte
813 2533 962 2570 inescans,
995 2537 1025 2563 et

1064 1551 1231 1581 utantur”.
1246 1550 1384 1590 Ejusdem
1396 1551 1492 1582 ethoc
1516 1556 1581 1582 est:
1605 1551 1679 1582 Mihi
1693 1556 1796 1582 autem
1812 1551 1893 1583 absit

1062 1596 1200 1636 gloriari,
1219 1596 1281 1626 nisi
1296 1598 1326 1626 in
1339 1604 1426 1626 crure
1439 1596 1560 1627 Domini
1569 1599 1639 1633 mei,
1647 1605 1704 1636 per
1714 1605 1805 1637 quam
1815 1597 1893 1628 mihi

1064 1640 1192 1671 mundus
1211 1640 1375 1680 cruci/iras
1389 1643 1434 1671 est
1449 1645 1475 1670 et
1493 1649 1526 1670 eo
1548 1641 1660 1671 mundo
1680 1641 1731 1671 89!
1745 1640 1822 1672 Illud
1835 1651 1891 1681 per

1062 1683 1447 1724 quem,hocsignificat,nisi
1457 1684 1888 1721 venissetChristus,etsemet-

1063 1729 1159 1769 ipsum
1173 1738 1224 1769 pro
1237 1737 1283 1760 me
1296 1729 1422 1759 hostiam
1435 1728 1602 1766 obtulisset,
1616 1729 1890 1760 etsanctificutione

1067 1774 1129 1813 ejus
1145 1774 1274 1814 repletus
1284 1773 1415 1809 fuissem,
1431 1782 1478 1803 me
1490 1773 1653 1813 periturum
1665 1774 1755 1804 fuisse
1770 1774 1890 1814 quando

1067 1818 1185 1850 aliunde
1199 1818 1279 1848 salus
1294 1817 1440 1858 speranda
1463 1827 1523 1849 non
1551 1821 1605 1848 est.
1622 1817 1690 1848 Haec
1705 1817 1755 1859 qui
1768 1827 1826 1848 non
1843 1818 1892 1849 di—

1067 1863 1149 1900 dicit,
1169 1863 1308 1902 ignorans
1326 1866 1388 1892 est:
1408 1866 1436 1892 et
1464 1861 1513 1902 qui
1543 1871 1579 1892 ea
1604 1861 1716 1893 diserte
1732 1862 1890 1899 detractat,

1068 1908 1176 1939 frnstra
1186 1907 1215 1937 in
1232 1906 1377 1937 Christum
1395 1906 1531 1944 credidit,
1546 1907 1656 1937 frustra
1667 1906 1828 1938 Christiani
1838 1916 1892 1937 vo-

1066 1952 1203 1983 cabulum
1221 1953 1305 1991 gerit,
1323 1955 1352 1981 et
1367 1950 1502 1981 Christus
1518 1951 1591 1980 nihil
1605 1951 1629 1981 ei
1643 1950 1776 1991 proderit
1792 1959 1799 1982 :
1818 1960 1891 1991 pec-

1065 2001 1204 2037 catorque
1228 1995 1361 2026 deterior
1377 1996 1480 2029 factus,
1499 1995 1564 2034 plus
1581 1994 1685 2026 virium
1703 1995 1845 2027 adversus
1859 2005 1892 2026 se

1065 2041 1182 2071 diabolo
1197 2040 1344 2071 concedit.
1368 2039 1521 2079 Jejunium
1543 2039 1632 2079 hujus
1645 2048 1698 2079 pro
1714 2039 1807 2070 nihilo
1824 2043 1890 2070 est:

1065 2085 1235 2116 affectiones
1251 2084 1330 2115 enim
1348 2083 1460 2123 peccati
1477 2083 1570 2123 magis
1591 2083 1621 2114 in
1638 2093 1706 2114 eum
1722 2084 1887 2123 insurgunt.

1065 2129 1095 2161 Si
1112 2129 1226 2170 psallat,
1241 2133 1290 2160 aut
1307 2137 1410 2168 preces
1435 2127 1523 2158 faciat
1546 2127 1682 2159 diabolus
1697 2137 1765 2158 eum
1780 2138 1797 2158 a
1814 2129 1889 2166 Deo,

1067 2175 1145 2206 velut
1160 2184 1228 2205 cum
1256 2176 1427 2212 contemptu
1449 2172 1492 2202 illi
1516 2176 1675 2210 astantem,
1693 2173 1806 2212 majore
1822 2182 1890 2204 cum

1069 2223 1213 2259 potestate
1228 2217 1447 2257 abstraliit(nec
1460 2216 1540 2248 enim
1556 2227 1622 2248 cum
1641 2218 1702 2256 pio,
1720 2217 1891 2257 intelligen-

1069 2265 1148 2304 tique
1163 2263 1268 2294 timore
1282 2267 1379 2294 astare
1395 2265 1511 2302 potest),
1531 2266 1560 2292 et
1584 2262 1673 2292 efﬁcit
1689 2266 1719 2292 ut
1735 2271 1819 2292 meus
1835 2271 1890 2292 ne-

1069 2309 1154 2340 fanda
1169 2307 1314 2348 quzedam,
1332 2310 1360 2337 et
1376 2306 1576 2346 impurissima
1605 2306 1794 2346 imaginetur,
1811 2312 1839 2337 et
1855 2306 1891 2337 ad

1068 2363 1102 2384 ea
1118 2353 1212 2393 potius
1226 2360 1323 2382 coram
1342 2351 1410 2388 Deo,
1428 2360 1515 2391 quam
1532 2360 1597 2391 quae
1622 2350 1773 2390 dicuntur,
1790 2354 1891 2381 atten-

1065 2397 1124 2427 dat.
1142 2395 1173 2427 Si
1188 2395 1391 2435 eleemosynas
1407 2394 1468 2430 det,
1485 2403 1534 2425 eas
1557 2394 1675 2425 amittit.
1693 2393 1748 2430 Qui
1765 2393 1845 2425 enim
1859 2394 1891 2425 in

1065 2445 1185 2481 egentes
1201 2439 1358 2470 munificus
1385 2443 1441 2475 est,
1473 2438 1531 2469 nisi
1554 2439 1684 2470 animam
1710 2447 1793 2469 suam
1806 2439 1892 2470 hisce

1064 2485 1190 2516 vinculis
1203 2484 1342 2520 avaritiae,
1367 2492 1440 2514 vane
1465 2483 1577 2521 gloriae,
1608 2487 1637 2514 et
1666 2483 1821 2524 voluptatis
1837 2493 1889 2514 so-

1066 2531 1168 2567 lutam,
1186 2533 1214 2560 et
1229 2527 1412 2569 exspeditam
1428 2527 1511 2565 sciat,
1525 2537 1706 2568 quaecunque
1717 2527 1811 2566 dedit,
1826 2537 1891 2568 per-

199 2587 347 2614 avertens.
360 2572 493 2612 Estenim
502 2580 746 2620 hocmysterium,
761 2578 839 2619 quod
856 2587 909 2618 per
920 2577 1022 2613 fidem,
1065 2575 1149 2606 didit.
1166 2573 1224 2620 Qui
1245 2572 1619 2620 eleemosynasuimpertit,
1652 2574 1732 2620 Deus
1756 2572 1887 2620 vicissim

201 2632 295 2659 etnon
303 2636 337 2658 ex
351 2625 494 2666 operibus
505 2625 535 2656 in
555 2616 668 2656 animas
689 2616 913 2664 bapti-zatorum,
930 2622 1022 2652 virtus
1066 2628 1170 2659 magna
1183 2618 1266 2667 illum
1284 2617 1487 2667 misericordia
1501 2616 1650 2667 dignatur,
1666 2617 1792 2667 sanitate
1803 2617 1890 2667 scili-

200 2671 363 2705 divinitatis
373 2661 460 2708 lJesu,
477 2679 565 2711 quam
582 2661 777 2708 intelligentia
788 2661 939 2709 perspicit,
957 2666 1022 2697 il'a-
1064 2669 1111 2696 cet
1122 2663 1241 2702 mentis,
1258 2671 1324 2704 quae
1345 2661 1454 2692 sanitas
1478 2666 1524 2692 est
1553 2663 1617 2702 ipsa
1646 2671 1664 2692 a
1690 2661 1787 2692 tribus
1803 2661 1888 2693 hisce

240 2757 272 2782 ἰδ
281 2756 307 2787 ιι
317 2755 437 2791 Pen-.11,
454 2756 501 2788 to.
545 2755 576 2781 πθ
587 2735 695 2796 Εριιεεῖ
709 2754 811 2796 an.
854 2753 979 2796 vitam.
995 2759 1015 2788 ι,

1071 2774 1076 2780 .
1119 2749 1151 2775 ’18
1159 2747 1253 2780 Galat.
1267 2755 1310 2786 ιιι,
1322 2747 1374 2778 27.
1416 2746 1611 2784 79Joan.vm,
1630 2745 1681 2784 34,
1695 2745 1735 2777 35
1776 2744 1895 2781 8°Gcn.

201 2806 234 2836 ιι,
251 2797 300 2828 23.
343 2797 369 2822 8‘
387 2798 398 2829 ι
413 2796 480 2829 Cor.
496 2805 550 2836 vn,
566 2793 619 2828 3t:
659 2796 689 2821 ³³
703 2795 797 2827 Galat.
813 2802 856 2830 vt,
873 2793 922 2825 14.
