1983 3072
74 135 150 169 349
826 147 913 178 ΟΗΑἿ

988 147 1055 179 VII.
1728 147 1787 181 350

74 204 180 255 malis
210 207 359 258 remissio,
390 219 424 241 ac
453 210 600 243 liheratio.
634 214 669 244 Et
699 213 837 253 quoniam
854 213 1049 258 hincAlatus,
1066 215 1167 254 alium,
1184 217 1340 258 maliquod
1355 217 1411 248 sibi
1424 216 1622 254 adestcaerus,
1637 216 1783 258 insipien-

73 254 275 302 emigra'ntes
286 254 405 302 animas
431 265 556 295 regnum
587 257 728 288 cozlorum
744 267 830 288 sanas
845 257 923 288 dun-
967 266 1012 290 ter
1021 261 1216 292 condemnat:
1237 254 1417 302 ut'utrinque
1433 266 1493 292 tum
1507 262 1544 292 ob
1559 254 1707 298 morbum,
1722 266 1783 293 tum

73 297 434 343 taxatadmittit,0p0rtet
442 301 521 332 enim
532 302 788 342 corruptibi/elioc
798 303 924 333 induere
965 304 1002 335 ob
1018 305 1294 337 condemnationem
1311 297 1428 337 aetei'nae
1443 306 1641 337 damnationis
1654 297 1781 337 reisint.

74 344 363 391 ξηςυνγίφιίορρζη,
373 346 533 391 etmorlale
541 347 595 377 hoc
610 347 924 378 intluereimmortuli-
965 350 1106 386 Quocirca
1118 351 1209 381 solam
1222 361 1305 391 spem
1315 356 1442 382 nostram
1451 351 1598 382 Christum
1609 352 1781 390 cogitemus,

75 386 185 436 tatem
197 386 240 436 €35,
252 387 374 436 .ofﬁcina
390 390 506 436 medica
527 391 682 429 morbosm,
704 396 733 422 et
751 392 923 423 necessitati
964 398 995 424 ut
1011 404 1064 425 nos
1079 394 1115 425 ab
1131 395 1213 426 hisce
1229 386 1321 426 tribus
1348 395 1482 426 vinculus
1497 395 1599 433 solvat,
1617 386 1782 436 sensusque

77 430 349 479 perturbationum
364 435 505 475 expositio
516 440 628 466 naturae
637 437 684 467 hic
694 441 748 474 est,
762 441 790 467 et
804 437 920 468 radices

76 476 177 522 {egni
195 476 324 522 caelestis
355 479 402 509 hic
432 479 508 510 intra
536 485 744 520 propagantur.
761 481 824 512 Nisi
839 482 918 512 enim

77 515 287 566 Christushic
302 521 330 551 in
343 523 439 554 anima
456 515 569 563 regnet,
592 515 687 556 saitite
704 535 846 566 nusquam
864 535 918 566 ρο-

76 563 193 608 tietur.
213 563 266 594 Hic
282 566 363 605 prius
378 567 474 598 denuo
490 573 652 608 generatur
667 563 777 607 homo;
797 580 831 601 ac
857 563 917 601 lium

77 605 216 654 demum
238 618 360 649 regnum
376 612 429 642 Dei
444 605 545 644 vidiere
561 618 666 654 potest.
684 614 738 650 Qui
753 605 849 645 autem
867 624 917 645 re-

77 659 182 689 gnum
202 653 311 685 Christi
328 657 455 688 necdum
487 659 515 689 in
545 653 578 688 se
606 659 767 699 experitur,
785 659 916 691 nondum

78 699 178 745 patus
196 703 239 728 est
264 699 372 745 denuo.
403 703 629 741 Atqui'omnino
646 704 726 735 nasci
743 708 871 745 oportet,
886 709 918 735 ut

78 739 135 770 hic
154 749 280 781 regnum
296 744 349 776 Dei
364 739 464 778 videre
480 747 578 779 liceat.

125 783 197 834 Jam
214 787 285 817 mihi
300 789 462 821 discrimen
492 801 610 833 quoque
626 793 748 824 istarum
764 793 852 824 trium
868 798 911 834 ty-

964 444 1080 470 nostros
1095 441 1279 477 Sanctiﬁcet;
1304 445 1336 471 ut
1361 441 1458 471 divina
1472 440 1575 471 audire
1590 441 1708 471 oracula
1725 452 1732 476 ;
1749 444 1782 471 ut

960 484 1058 515 animo
1072 485 1229 525 tranquillo
1254 485 1295 516 uti
1322 489 1442 524 aspectu
1470 485 1641 525 possimus:
1669 489 1700 515 ut
1728 494 1780 525 pro

961 529 1138 567 maledictis,
1153 535 1180 560 et
1191 529 1450 566 condemnatione,
1464 529 1780 569 pcenitentiteetbene-

959 574 1097 604 dictionis
1108 575 1196 606 verba
1208 575 1363 616 loquamur
1375 583 1381 606 :
1394 579 1423 605 ut
1439 574 1598 605 salubriter
1613 579 1778 614 tangamus,

959 623 1247 660 controctemusque.
1276 620 1349 651 Nam
1382 619 1439 649 nisi
1467 619 1584 650 animos
1612 624 1729 650 nostros
1744 619 1780 650 ab

959 663 1041 694 hisce
1057 663 1238 702 aegritudinis
1263 663 1474 701 curaverimus,
1503 663 1600 694 inanis
1630 668 1672 695 est
1691 663 1778 701 ﬁdes,

958 708 1055 738 inanis
1071 709 1210 748 precatio,
1240 709 1337 739 inanis
1365 708 1577 748 eleemosyna:
1607 709 1669 739 haec
1699 709 1778 739 enim

957 753 1054 784 inanis
1071 753 1175 792 pietas,
1200 753 1296 784 inanis
1320 753 1372 784 Dei
1389 753 1495 789 cultus,
1512 753 1600 783 inane
1612 753 1774 792 jejunium,

957 799 1056 829 omnia
1070 799 1105 829 ad
1122 808 1174 829 nos
1203 808 1219 829 a
1245 798 1323 828 vitiis
1350 798 1545 835 revocandos,
1564 798 1774 838 sanandosque

79 834 479 882 ranniC_at‘um_atl‘_e_ctienum
492 838 657 873 considera,
670 847 795 878 quarum
811 848 869 869 una
885 840 914 869 in
926 848 947 878 Β
960 843 1164 874 conferuntur.
1183 843 1266 879 Quod
1283 843 1308 873 si
1324 843 1387 874 sani
1416 847 1445 873 et
1465 842 1572 882 integri
1588 851 1646 873 non
1662 834 1776 880 sum-us,

82 876 228 924 pecuniae
240 881 267 907 et
279 878 456 924 divitiarum,
470 881 563 912 altera
578 882 607 912 in
619 876 741 913 honoris
761 887 790 915 et
801 883 912 923 gloriae,

83 919 179 968 tertia
189 919 225 968 in
241 923 420 968 voluptatum
449 927 673 958 consectatione
702 919 847 958 versatur.
865 919 915 959 Est

83 964 171 1012 enim
186 964 319 998 invenireI
331 968 408 999 inter
419 970 554 1001 homines
567 972 644 1003 hunc
655 973 774 1012 quidem
787 974 913 1009 nummi.

82 1011 178 1039 istum
197 1011 334 1049 nominis,
350 1014 439 1044 alium
456 1016 587 1046 suavium
602 1011 735 1056 corporis
752 1018 913 1048 motionum

82 1057 251 1104 amantem,
267 1061 299 1104 et
312 1058 450 1104 cupidum
465 1070 471 1088 :
497 1061 549 1090 sed
567 1071 657 1092 unum
673 1062 871 1103 eumdemque
887 1067 916 1094 et

84 1101 224 1148 pecunize
236 1101 320 1132 valde
332 1103 494 1142 sitientem,
509 1105 648 1144 etgiorize
664 1107 801 1145 multum,
819 1101 848 1138 et
863 1118 913 1139 vo-

84 1141 211 1181 luptatis
222 1154 348 1194 prorsus
363 1141 701 1194 appetentem—invenire
717 1161 775 1182 non
792 1141 913 1193 poteris,

86 1191 228 1234 namhni
246 1191 431 1229 potissimum
448 1193 566 1225 deditus
580 1200 651 1234 .est,
682 1196 713 1227 in
742 1191 915 1228 caaterorum

87 1232 299 1282 mediocritate
311 1237 484 1277 acquiescit.
498 1232 664 1277 Cuia—litem
682 1241 787 1271 horum
804 1241 914 1282 aliquid

89 1276 182 1326 plane
195 1278 333 1326 imperat,
351 1276 384 1311 ac
396 1276 576 1320 dominatur,
593 1285 617 1315 is
634 1285 691 1316 alia
707 1289 766 1316 dua
780 1276 914 1318 contem-

88 1323 144 1369 nit.
164 1323 301 1355 Pecuniae
317 1326 420 1357 avidus
435 1328 499 1367 ejus
516 1338 603 1359 causa
618 1333 648 1360 et
662 1331 798 1369 gloriam,
817 1336 845 1361 et
860 1342 913 1362 vo-

88 1365 232 1414 iuptatem
263 1365 459 1410 aspernatur:
480 1372 573 1410 Illam,
605 1365 684 1414 quia,
727 1379 758 1405 ut
791 1365 913 1407 obolum

88 1410 234 1449 lucretur,
266 1415 409 1454 pudorem
440 1421 468 1448 et
506 1410 638 1449 dedecus
676 1410 740 1450 non
770 1425 911 1452 veretur:

89 1456 164 1504 quin
183 1457 270 1488 etiam
289 1469 304 1490 e
319 1461 411 1491 rebus
427 1461 555 1501 injustis,
573 1463 708 1503 abjectis,
734 1465 912 1503 inhonestis,
926 1473 946 1504 α

89 1501 256 1551 absurdum
271 1511 430 1551 quaestum
460 1501 617 1548 colligere
632 1510 750 1549 gaudet,
767 1520 833 1541 cum
849 1501 914 1551 ejus

89 1548 213 1595 animus
225 1548 253 1578 in
271 1549 353 1580 lucro
369 1552 406 1581 sit
435 1556 522 1593 totus,
553 1553 628 1584 hanc
655 1563 692 1584 ne
709 1548 874 1595 impendat,
885 1560 914 1586 et

91 1592 380 1641 e_xhauri‘at,nquam
409 1597 504 1636 diligit
533 1598 699 1637 pecuniam.
732 1592 914 1632 Ainbitiosus

90 1636 190 1686 gloria:
202 1637 365 1686 desiderio,
381 1645 408 1672 et
426 1636 573 1683 nummos,
592 1647 620 1673 et
635 1644 814 1684 voluptatum
830 1645 914 1676 blan-

93 1680 224 1729 dimenta
254 1683 400 1729 despicit:
425 1687 491 1717 i'los
521 1680 634 1718 temere
664 1680 856 1729 profundens,
884 1694 915 1721 ut

90 1725 209 1774 laudem
219 1732 247 1757 et
259 1728 401 1760 honorem
413 1731 613 1770 adipiscatur:
632 1725 685 1763 has
702 1725 861 1774 repellens,
878 1744 916 1765 ne

956 888 1020 918 sine
1048 888 1144 919 fructu
1173 888 1203 918 in
1228 889 1374 918 Christum
1405 887 1565 918 credimus.
1592 886 1664 918 Nam
1681 887 1776 927 quiin

956 933 1105 964 Christum
1121 933 1226 969 credit,
1243 932 1332 963 habet
1359 931 1447 964 vitam
1476 936 1628 968 aeternam,
1654 941 1719 972 quae
1735 936 1780 962 est

955 978 1049 1016 gratia
1063 977 1181 1008 Domini
1207 977 1300 1007 nostri
1328 977 1397 1008 .lesu
1427 976 1547 1008 Christi.
1572 976 1627 1012 Qui
1645 985 1730 1016 porro
1748 976 1777 1006 in

956 1022 1103 1054 Christum
1115 1022 1211 1052 credit
1235 1031 1291 1053 nec
1300 1021 1387 1052 vitam
1399 1025 1539 1052 aeternam
1554 1021 1652 1057 habet,
1669 1020 1778 1051 frustra

956 1067 985 1098 in
999 1077 1065 1098 eum
1078 1067 1183 1099 credit.
1197 1067 1386 1106 Petatigitur,
1399 1066 1563 1106 etaccipiat
1581 1066 1670 1097 vitam
1687 1071 1777 1097 aeter-

957 1122 1037 1147 nam,
1053 1121 1130 1152 quaa,
1147 1115 1178 1142 ut
1193 1111 1222 1142 in
1252 1110 1401 1142 Christum
1432 1112 1558 1142 credere
1572 1114 1776 1150 cognoscatur.

957 1157 1101 1194 Quoniam
1118 1156 1168 1197 qui
1197 1155 1306 1188 Christi
1335 1155 1441 1195 spiritu
1471 1159 1562 1192 caret,
1579 1155 1661 1186 illum
1678 1155 1779 1195 utique

956 1201 1091 1233 diabolus
1107 1209 1139 1232 ut
1155 1201 1304 1232 intidelcm
1321 1200 1388 1239 {sibi
1417 1199 1565 1236 vindicat;
1583 1200 1656 1230 nihil
1670 1200 1779 1240 quippe

957 1251 1001 1277 est
1015 1246 1159 1277 medium.
1178 1247 1214 1277 Et
1230 1251 1262 1277 ut
1277 1245 1335 1276 vita
1349 1248 1461 1276 aeterna
1485 1254 1520 1275 ex
1536 1244 1593 1276 [ide
1608 1249 1666 1281 est,
1683 1245 1725 1275 sic
1741 1245 1776 1275 ti-

956 1292 1009 1322 des
1024 1301 1041 1322 a
1055 1292 1113 1322 vita
1127 1294 1237 1322 aeterna
1266 1289 1464 1329 cognoscitur,
1494 1299 1580 1330 quam
1596 1289 1706 1320 utinam
1724 1298 1776 1329 per

956 1336 1191 1367 misericordiam
1222 1335 1343 1371 Christi,
1369 1334 1400 1365 in
1428 1343 1515 1374 quem
1540 1334 1700 1370 credimus,
1712 1334 1774 1373 jam

956 1381 1026 1413 hinc
1040 1380 1179 1422 usque_in
1203 1380 1383 1419 sempiterna
1409 1379 1515 1410 saecula
1539 1378 1775 1419 consequamur!

1255 1425 1395 1458 ORATIO
1415 1425 1480 1456 VII.

1264 1475 1471 1498 ARGUMENTUM.

959 1509 1002 1540 De
1011 1507 1290 1548 iabnrespirituali,
1300 1508 1368 1537 etin
1377 1506 1779 1548 quibussanctiveteresela-

996 1547 1305 1586 borarintLQuomodo
1312 1556 1363 1578 nos
1375 1547 1480 1578 iisdem
1487 1550 1568 1578 recte
1575 1547 1674 1586 fungi,
1690 1551 1717 1577 et
1725 1548 1775 1577 in-

994 1593 1061 1620 star
1072 1589 1193 1620 illorum
1203 1588 1389 1619 sanctissimi
1400 1587 1532 1627 Spiritus
1541 1587 1706 1626 participes
1712 1596 1780 1618 era-

994 1631 1064 1661 dere
1072 1630 1230 1670 possimus.
1237 1628 1418 1668 Deperfccta
1425 1627 1654 1670 commotionum
1665 1636 1682 1670 ρ
1689 1628 1780 1670 rolic-

997 1679 1035 1701 ne
1045 1667 1220 1701 abcrsorum
1232 1671 1398 1704 vacatione,
1406 1671 1431 1698 et
1439 1667 1643 1698 sanctitudine
1659 1667 1779 1705 Quissit

997 1707 1444 1741 absolutusemundosecessusfl
1449 1708 1559 1738 loriam
1568 1707 1780 1738 hominumdi-

997 1750 1312 1790 ligenles,quanquam
1319 1751 1352 1779 in
1359 1747 1778 1790 caelerisviﬂutibusuniver—

91 1779 122 1830 in
138 1777 342 1830 i‘gnominiam,
360 1779 388 1805 et
401 1777 669 1830 reprehepsionem
693 1778 833 1811 incurrat.
852 1779 912 1811 Vo-

997 1777 1776 1830 serissime-im;iamanapaestis.

93 1816 914 1872 gumuariusetpecuniam,gugloypamjpminimisponn,
997 1816 1778 1870 anteaantea"ignorarent;quaedam;

94 1859 162 1915 dum
175 1871 246 1902 opes
257 1872 323 1895 suas
336 1865 540 1915 perlnxuriam
554 1866 751 1915 dilapidat,_et
773 1859 914 1915 honorem
958 1876 994 1907 de
1005 1859 1041 1906 ξε
1069 1859 1223 1915 magniﬁce
1251 1859 1425 1911 sentientes,
1456 1859 1574 1904 acliohe
1590 1859 1776 1912 contempla:

95 1913 298 1961 quemcpnque
311 1910 502 1961 posthabens,
519 1912 760 1961 proptergaudia,
774 1914 917 1961 obcenas-
959 1921 1038 1952 tione
1054 1924 1082 1950 et
1098 1910 1281 1959 pErfectione
1295 1910 1483 1958 antiquorum
1496 1921 1677 1954 sanctorum,
1689 1910 1776 1957 atque

165 1951 325 1992 ν⁰¹υΡ¹ί¹¹εδ
342 1954 560 2005 ρξεςΐνυειιάξιεη
571 1956 601 2005 ξπ
615 1966 703 1987 omne
717 1967 813 2005 genus
828 1960 917 1991 dede‘
959 1975 976 1996 a
990 1965 1051 1996 Deo
1066 1951 1230 1995 afilatorum
1259 1951 1376 1994 Patrum
1402 1968 1571 1993 nostrorum
1588 1951 1701 1992 similes
1713 1951 1780 1992 sese

96 1999 316 2048 coris‘praeceps
340 1999 411 2030 abit.
438 1999 474 2030 Et
488 2000 524 2031 ab
553 2001 599 2032 his
627 2003 830 2048 unusquisque
860 2015 915 2036 nec
959 2009 1150 2045 arbitrantur,
1165 2011 1194 2038 et
1205 2007 1430 2047 eodemlspiritu
1444 2007 1593 2047 praeditos,
1613 2016 1670 2046 quo
1682 2007 1778 2036 illivi-

97 2041 304 2090 suppliciorum
323 2048 448 2090 terrore,
478 2054 533 2076 nec
563 2046 647 2085 regni
670 2041 798 2079 scelestis
813 2059 915 2081 amore
957 2054 1072 2090 vehant,
1091 2062 1124 2083 ac
1145 2041 1353 2087 movebantur;
1384 2061 1419 2082 ex
1444 2041 1546 2081 verbis
1571 2041 1683 2081 lanium
1713 2051 1779 2081 sine

98 2085 200 2140 Re‘i‘fm
212 2087 473 2140 réferréfjulmsd
487 2090 535 2140 illa
547 2091 663 2140 ίΓΓίίξθι,
677 2093 733 2123 hoc
745 2093 913 2140 Vilipendit.
957 2085 1098 2140 operibhs
1113 2085 1403 2128 commendationem
1416 2099 1609 2135 aucupantes,
1620 2104 1742 2125 cumarr
1764 2112 1778 2117 -

98 2129 682 2183 Quidpfwterea?Avarusvoluptuarium,
693 2129 914 2170 etambitiosum
927 2129 1062 2183 r‘gantiae
1078 2141 1184 2182 spiritu
1200 2140 1236 2171 ab
1252 2150 1354 2172 eorum
1370 2141 1473 2171 semita
1496 2129 1708 2177 aberraverint,
1726 2149 1779 2179 age

97 2175 178 2229 ludios
190 2177 277 2229 facit:
295 2178 613 2229 hunc,_q.u.oniam_non_
623 2181 722 2229 etiam,
743 2186 774 2213 ut
789 2183 865 2223 ipse,
884 2189 913 2216 et
925 2175 994 2219 “de
1010 2175 1179 2227 hujusinodi
1196 2185 1366 2216 hominibus
1382 2185 1491 2216 sanctis
1505 2184 1654 2215 disserere
1669 2175 1778 2224 aggre-

98 2220 198 2251 vilibus
215 2225 244 2273 et
260 2222 491 2273 despicaliilibus
502 2224 590 2256 rebus
607 2226 713 2257 lucello
728 2220 849 2273 captare
865 2229 912 2260 di-
955 2220 1080 2269 diamu'r,
1101 2235 1129 2261 et
1144 2240 1160 2261 a
1171 2230 1262 2260 rebus
1279 2230 1391 2261 testatis
1407 2230 1493 2270 plena
1511 2228 1568 2260 (ide
1580 2220 1780 2269 accepta,'per

98 2274 186 2318 ἕξξυιξῖ-
197 2270 277 2318 Ρυξθῖ
290 2277 297 2296 τ
316 2267 411 2318 “illm,
430 2269 498 2308 (ἰυίθ
513 2274 633 2318 propter
645 2272 796 2311 qum-sitam
819 2283 834 2303 θ
849 2277 912 2304 lur-
956 2286 1059 2309 eorum
1074 2267 1196 2314 vestigia
1211 2274 1352 2306 incedere
1365 2267 1547 2311 Studeamus,
1562 2273 1586 2304 si
1598 2267 1777 2304 eos-interim

99 2311 522 2360 pitudinejucunditatemrem
536 2315 913 2360 familiarem,divitiasque
954 2311 1229 2353 antevenere-non
1261 2319 1421 2359 possimus.
1451 2318 1548 2350 Altius
1575 2322 1672 2349 autem
1690 2319 1778 2349 ducto

97 2365 160 2407 suas
170 2356 309 2407 absumit.
320 2358 503 2407 Ambitiosus
515 2360 651 2407 similiter
667 2371 797 2399 avarum,
816 2369 845 2396 et
859 2356 912 2395 vo-
955 2366 1113 2407 principio,
1129 2365 1164 2395 ad
1183 2373 1236 2395 nos
1252 2356 1344 2403 iisque
1363 2363 1473 2394 sensim
1491 2362 1675 2393 delabamur.

99 2401 272 2452 luptuarium
284 2403 415 2434 deridet:
429 2404 602 2452 illum,quia
615 2416 630 2437 e
641 2407 773 2452 sordidis
784 2414 914 2440 contem-
955 2401 964 2407 ’
995 2401 1070 2451 Ergo
1086 2401 1209 2449 magnus
1225 2401 1371 2440 Antonius
1395 2408 1426 2438 in
1453 2412 1644 2438 monumento
1657 2407 1776 2446 sedens,

101 2447 206 2497 ptisque
231 2447 334 2497 rebus,
363 2449 696 2497 compendiauquaarit:
730 2453 819 2492 hunc,
846 2455 916 2494 quia
956 2457 1025 2497 quid
1036 2447 1156 2496 agebat,
1174 2453 1290 2485 tametsi
1313 2453 1481 2493 spirituales
1500 2453 1632 2483 actiones
1648 2453 1778 2483 nondum

101 2491 915 2542 dedecoreetint‘amialaborat.Voluptuariusjutrumque
956 2491 1043 2542 plane
1059 2491 1209 2531 noverat?
1237 2491 1346 2529 Annon
1374 2498 1452 2528 velut
1482 2501 1629 2528 mortuum
1653 2497 1728 2528 sein
1745 2507 1779 2528 eo

103 2545 166 2585 naso
181 2537 351 2577 suspendit:
377 2538 514 2575 alterum,
531 2540 610 2585 quod
627 2545 748 2581 propter
762 2537 913 2574 existima-
956 2537 1086 2585 inclusit,
1099 2543 1173 2575 nihil
1186 2543 1366 2573 mundanum
1380 2542 1525 2579 inferens,
1540 2551 1595 2573 nec
1611 2542 1671 2573 ulla
1693 2542 1730 2573 de
1747 2552 1778 2573 re

105 2584 215 2630 tionem,
231 2591 269 2616 ne
295 2591 312 2612 a
340 2591 488 2630 qucquam
518 2584 710 2630 vituperetur,
729 2587 860 2627 seipsum
878 2588 912 2619 ad
955 2584 1126 2621 sollicitus?
1152 2592 1260 2619 Annon
1289 2591 1367 2618 totus
1392 2586 1502 2618 mundo
1529 2591 1673 2624 mortuus,
1704 2587 1778 2618 etin

103 2628 255 2656 castitatum
269 2630 406 2672 tanquam
420 2628 504 2658 freno
514 2629 610 2667 cogit:
622 2630 761 2668 alterum,
776 2632 854 2672 quod
873 2642 911 2663 ne
956 2635 1149 2664 monumento
1163 2631 1354 2663 delitescens.
1372 2630 1465 2662 Deum
1482 2631 1532 2671 qui
1543 2630 1730 2668 reviviscere,
1749 2635 1777 2661 et

103 2673 239 2717 sumptum
259 2671 374 2717 toleret,
392 2673 559 2712 continens,
590 2678 619 2705 et
638 2676 738 2715 paucis
754 2671 911 2708 contentus
953 2686 1114 2717 exsurgere
1129 2676 1196 2707 facit
1211 2675 1409 2716 exquirebat?
1432 2677 1541 2707 Annon
1569 2685 1644 2716 pane
1657 2676 1732 2711 solo,
1749 2679 1780 2706 et

104 2718 152 2746 est.
163 2715 255 2756 Atque
266 2716 372 2747 horum
386 2718 511 2758 quisque
523 2728 540 2749 a
557 2728 610 2751 suo
621 2719 757 2752 daemone
773 2721 911 2752 exstimu-
952 2731 1027 2764 aqua
1041 2715 1198 2754 contentus
1213 2720 1298 2752 erat?
1320 2720 1426 2752 Annon
1456 2721 1548 2752 multa
1561 2715 1578 2752 a
1593 2719 1778 2753 daemonibus

141 2811 202 2842 8³11
216 2812 283 2844 Cor.
299 2821 349 2852 xv,
366 2815 416 2849 53.
