1983 3072
68 157 135 191 333
806 159 946 192 ORATIO
966 162 1036 194 VII.
1716 162 1774 196 354

71 236 122 265 se,
141 232 172 259 et
187 237 242 269 pro
257 227 414 269 improbis,
424 228 535 269 quique
548 228 639 259 multa
648 228 838 266 offenderint,
851 228 906 258 ha-
917 227 1109 260 AErumnas
1122 233 1231 267 autem,
1263 231 1501 271 tentationesque
1533 234 1575 261 tnt
1599 231 1730 272 pertulit,
1747 236 1779 263 ut

76 272 201 311 bentes,
219 273 309 314 idque
324 282 359 304 ex
376 273 488 310 animo,
513 274 572 304 imo
600 273 750 310 inimicos,
769 277 797 303 et
813 278 909 303 trans-
952 283 1018 304 cum
1033 274 1131 304 multis
1160 275 1339 314 martyribus
1367 274 1581 306 illustrioribus
1610 276 1778 316 comparari

76 327 239 357 gressores
255 318 422 349 divinarum
437 319 531 358 legem
547 327 579 349 se
594 322 778 359 reputantes,
792 317 912 348 sibimet
952 325 1051 358 queat.
1069 318 1112 350 Ob
1128 318 1157 348 Id
1173 328 1190 349 a
1202 318 1263 350 Deo
1279 319 1415 359 gloriam,
1444 323 1474 349 et
1499 320 1776 360 tranquillissimum

79 362 167 393 exosi
182 372 218 393 ac
233 363 334 394 moesti
350 363 438 393 vitam
455 363 577 400 ducunt,
604 367 723 393 aventes
739 372 826 394 nosse
841 361 910 402 quid
952 362 1043 392 animi
1059 367 1178 400 statum,
1196 368 1375 403 acceptoque
1392 363 1421 393 in
1441 373 1472 394 se
1489 365 1652 402 Paracleto,
1665 366 1777 397 sancti-

76 415 132 437 eos
144 407 182 437 ad
198 407 432 447 recuperandam
449 408 556 439 Christi
570 407 688 438 Domini
699 407 822 447 gratiam
835 415 912 447 ιιι-εει
954 410 1041 436 tatem
1057 411 1237 438 consecutus
1252 411 1307 438 est.
1325 407 1406 438 Sicut
1431 408 1510 438 enim
1527 410 1657 439 cisterna
1672 419 1776 450 aquam

75 455 160 482 stare
176 462 252 491 opus
267 452 316 484 sit.
330 453 397 482 Ideo
414 452 558 483 Dominus
575 452 610 482 iis
626 452 727 491 donat,
745 461 802 482 non
814 451 909 481 solum
952 451 1142 489 deﬂuentem,
1164 452 1201 482 ita
1213 452 1277 492 ipse
1295 462 1329 491 pe
1344 452 1528 491 plenitudine
1540 453 1649 483 Christi
1660 453 1779 486 Domini

76 501 111 526 ut
127 497 200 536 quid
217 506 305 536 agere
319 497 449 528 debeant
463 497 639 535 intelligant,
657 505 758 528 verum
770 496 857 526 etiam
869 495 909 526 vi-
952 497 1043 525 nostri
1055 497 1181 536 accepit,
1196 502 1223 526 et
1238 496 1329 535 gratia
1341 496 1462 536 spiritus
1488 497 1553 536 ejus
1574 498 1704 536 repletus
1721 503 1774 537 est,

76 549 144 580 res,
163 546 192 571 et
209 541 382 581 patientiam
401 552 409 577 ;
426 544 458 572 ut
486 550 554 572 cum
584 540 732 575 universa.
749 550 814 580 qua)
829 540 907 571 scire
950 550 1013 579 quin
1026 546 1067 571 est
1081 550 1160 580 uqu:
1174 542 1294 577 ι’ἱινίιὸδ,
1309 545 1338 571 ut
1350 542 1396 571 hic
1408 541 1487 571 idem
1501 541 1631 572 Joannes
1647 551 1775 582 evange-

77 584 202 615 illorum
229 586 364 621 interest,
394 585 596 626 impleverint,
628 589 657 615 et
684 584 734 624 qui
757 589 802 614 est
816 593 908 623 super
949 583 1015 614 lista
1034 593 1196 616 Ltzelnnrnt:
1226 585 1288 616 imo
1314 594 1382 615 vero
1412 586 1475 625 ipse
1492 586 1584 616 Filius
1601 586 1774 618 etVerbum

77 629 194 667 omnia,
221 635 250 661 et
274 631 302 660 in
331 630 470 661 omnibus
500 630 592 660 Deum
619 628 818 669 possederint,
838 636 907 659 tunc
948 629 1426 670 viventisltei,aquo'elloannes
1437 639 1584 660 sermonis
1596 631 1774 663 suidivitias

79 683 202 714 quoque
213 675 292 705 velut
306 675 536 712 incuelovivant,
552 674 652 714 ibique
666 677 882 704 conversentur
898 683 904 703 :
949 674 1076 712 adeptus
1089 682 1149 705 est:
1174 675 1230 711 Qui
1252 674 1335 711 bibit,
1360 684 1398 704 ea:
1417 683 1496 713 aqua
1515 675 1572 705 hac
1591 676 1776 715 (aspectabili

78 726 115 748 ac
131 718 194 748 sive
206 719 235 748 in
248 719 411 759 speluncis,
424 719 484 750 sive
496 719 526 749 in
539 718 701 755 montibus,
714 717 774 748 sive
786 717 815 748 in
825 717 909 748 cellis
951 719 1113 757 puluis-ilict
1125 720 1246 751 iterum:
1259 720 1418 758 qniautem
1433 719 1584 750 biberitex
1594 728 1780 760 aqua,quam

79 771 178 792 arvum
195 763 313 801 degant,
331 763 439 803 sivejn
460 763 566 794 mediis
581 762 706 793 urbibus
720 771 908 792 commoren-
949 763 1089 800 enodatio
1101 764 1139 800 ei,
1155 772 1215 793 non
1234 765 1316 794 sitiet
1339 765 1369 794 in
1390 767 1556 794 internum:
1578 773 1608 794 se
1626 765 1676 804 ﬁet
1699 766 1731 796 in
1745 774 1778 796 eo

79 810 130 836 tur
146 807 235 838 etiam
256 808 298 838 sic
315 817 435 848 semper
448 808 478 838 in
507 807 627 847 gaudio,
659 814 689 837 et
705 807 863 843 hilaritate,
879 813 907 838 et
949 808 1018 845 fons
1029 816 1114 847 aqum
1126 811 1267 838 sitientis
1278 811 1309 838 in
1323 810 1414 840 vitam
1428 809 1616 840 retentam”
1633 809 1717 845 Quod
1733 810 1780 841 bis

79 852 291 892 exsultatione,
304 857 412 892 quanta
428 852 485 883 dici
504 861 561 882 non
579 856 686 892 potest,
700 851 756 891 ipsi
765 851 904 882 serviant.
949 851 1046 881 verbis
1059 852 1244 891 Evangelista
1256 853 1485 892 in'erpretatur:
1501 852 1566 884 Hoc
1576 857 1679 884 autem
1693 854 1778 886 dixit

80 894 138 926 Hic
154 896 244 936 igitur
259 907 337 927 nunc
369 901 536 928 sanctorum
570 896 664 931 labor.
697 896 759 926 bazc
773 896 848 926 actio
865 900 908 926 est
919 896 985 943 Bde
997 896 1125 943 Spiritu.
1138 906 1225 936 quem
1238 898 1393 936 accepturi
1403 901 1467 928 erat
1480 897 1638 943 credentes
1647 899 1680 929 in
1696 908 1774 930 eum.

80 948 199 981 eorum,
215 942 265 982 qui
278 942 383 981 spiritu
402 942 454 973 Dei
471 946 617 981 aguntur:
645 940 740 980 qualis
755 945 782 971 et
799 941 907 972 nostris
919 940 938 943 ’
949 941 984 971 [at
996 940 1170 980 Apostolus:
1193 941 1252 971 Nos
1264 950 1323 971 non
1336 941 1780 981 Itujusmundispiritumacre-

80 986 269 1024 temporibus
284 986 395 1017 exstitit
422 986 498 1026 pius,
531 990 651 1016 sanctus
667 995 702 1015 ac
718 985 907 1016 beatissimus
947 985 1330 1025 pimus:sedSpiritumqui
1341 995 1380 1016 ex
1393 986 1452 1016 Deo
1461 989 1554 1023 est,ut
1565 987 1699 1017 sciamus
1711 996 1778 1027 qua

80 1027 217 1065 Simeon,
231 1030 281 1070 qui
294 1030 323 1060 in
335 1030 434 1061 medio
444 1031 495 1061 illo
507 1031 585 1061 fama
593 1036 653 1061 tam
667 1030 822 1060 nobilitata
839 1039 905 1060 mo-
947 1040 965 1059 a
977 1030 1035 1060 Deo
1044 1029 1154 1060 donata
1166 1034 1235 1060 sunt
1249 1031 1343 1066 nobis,
1355 1039 1421 1070 quw
1441 1034 1468 1061 et
1491 1032 1644 1069 loquimur
1660 1032 1703 1060 90.
1723 1033 1781 1063 Per

81 1074 225 1111 nasterio,
242 1075 320 1115 quod
336 1075 482 1106 Studium
497 1075 617 1112 dicitur,
635 1075 727 1105 instar
739 1075 810 1104 solis
820 1074 906 1105 etl‘ul-
947 1073 1156 1114 hujuscemodi
1172 1074 1250 1104 enim
1279 1083 1384 1114 aquam
1414 1074 1561 1105 vitiositas
1577 1084 1612 1105 ex
1627 1075 1728 1106 anima
1744 1080 1778 1106 ut

80 1119 131 1149 sit.
144 1119 214 1151 Isin
227 1120 324 1151 medio
337 1121 438 1151 mundi
454 1121 615 1160 aliquando
627 1130 694 1151 cum
712 1126 803 1158 esset,
822 1119 912 1155 rebus
952 1118 1057 1149 sordes
1072 1118 1197 1148 eluitur:
1217 1118 1282 1148 sine
1297 1128 1354 1158 qua
1380 1119 1430 1158 qui
1459 1119 1550 1149 multa
1566 1119 1681 1157 fecerit,
1702 1121 1775 1151 nihil

81 1162 255 1202 latentibus,
287 1165 402 1204 amicis,
433 1166 580 1206 cognatis,
610 1165 744 1205 quinimo
774 1168 802 1194 et
816 1164 907 1201 curis,
953 1163 1234 1200 eﬂiciel.Quocirca
1250 1164 1393 1194 Dominus
1417 1164 1507 1194 die.t:
1538 1165 1639 1196 Nolite
1653 1171 1777 1205 putare,

80 1208 333 1240 sollicitudinibus
348 1219 384 1241 ac
392 1210 590 1250 voluptatibus
605 1211 671 1240 vitm
688 1214 745 1240 tam
760 1209 845 1239 valde
861 1218 909 1239 re-
951 1211 1022 1248 quia
1035 1209 1104 1239 veni
1117 1208 1230 1239 solvere
1244 1208 1352 1247 legem,
1369 1213 1421 1239 aut
1430 1209 1590 1248 prophetas
1603 1219 1610 1241 ε
1636 1219 1695 1242 ηοη
1708 1213 1779 1242 veni

81 1254 242 1295 nuntiavit,
260 1259 290 1286 ut
306 1264 408 1286 earum
426 1256 600 1286 memoriam
628 1264 662 1286 ex
679 1255 778 1285 animo
797 1254 910 1284 deleret

82 1298 212 1338 penitus,
228 1305 314 1340 atque
324 1309 381 1331 ase
395 1300 724 1340 proculeiterminaret.
737 1299 791 1335 Qui
801 1299 908 1330 multos

84 1342 164 1373 inter
179 1345 340 1375 monachos
369 1349 433 1375 arta
463 1345 531 1384 vita,
562 1345 677 1375 beatam
707 1343 788 1374 illam
805 1352 906 1374 vocem

81 1387 198 1419 emisit:
216 1389 348 1426 Fratres,
367 1389 589 1429 hacperfet'tam
598 1389 731 1420 amando
745 1388 908 1419 successio-

80 1440 151 1462 nem
159 1437 312 1472 putatore,
319 1434 584 1473 mortiﬁcationem
589 1435 727 1474 proer
734 1433 901 1464 voluntatis

79 1474 104 1506 Ο
115 1481 246 1507 sanctam
257 1486 372 1516 vocem,
385 1478 431 1509 vel
452 1478 561 1518 potius,
589 1488 606 1509 ο
620 1482 750 1509 srnctam
766 1474 912 1518 animam:

80 1530 148 1561 qua
163 1522 228 1553 talis
243 1523 320 1563 ﬁeri,
337 1527 366 1554 et
391 1533 408 1554 a
423 1515 485 1554 toto
503 1515 614 1554 mundo
629 1522 761 1563 separari
777 1523 887 1553 meruit
903 1515 912 1562 ἶ

950 1252 1074 1289 solvere,
1083 1253 1350 1293 sedadimplerem.
1365 1253 1519 1284 Plenitudo
1526 1254 1705 1294 autemlegis
1717 1256 1779 1287 haec

950 1303 1005 1332 est.
1019 1307 1056 1329 ne
1068 1297 1133 1338 quis
1145 1307 1177 1328 se
1186 1298 1215 1328 in
1229 1298 1328 1338 aliquo
1342 1298 1493 1335 defendat,
1503 1308 1683 1338 causamque
1695 1310 1778 1331 suam

951 1347 1079 1379 tueatur,
1099 1352 1154 1373 nec
1170 1347 1264 1374 semet
1282 1343 1452 1374 ulciscatur.
1471 1343 1538 1373 Ηερε
1557 1345 1636 1374 enim
1654 1353 1700 1374 est
1715 1354 1780 1385 pcr-

956 1387 1032 1418 fecta
1047 1387 1150 1418 mundi
1174 1388 1302 1425 relictio,
1335 1388 1462 1428 propria}
1492 1389 1652 1419 voluntatis
1666 1389 1781 1428 integra

957 1432 1155 1462 mortificatio.
1167 1431 1314 1472 Quidquid
1332 1432 1419 1462 etiam
1432 1432 1602 1463 altlictionis
1617 1433 1645 1463 (-i
1660 1433 1780 1473 quidam

956 1476 1122 1513 intulerint,
1140 1476 1214 1507 nihil
1230 1477 1351 1508 omnino
1367 1482 1512 1513 movetur,
1524 1486 1578 1507 nec
1591 1478 1780 1517 perturbatus

955 1521 1147 1553 contradicit:
1161 1531 1263 1552 verum
1275 1521 1414 1552 omnibus
1425 1521 1461 1552 ad
1474 1524 1587 1562 omnia,
1600 1522 1693 1553 instar
1701 1532 1781 1554 mor-

81 1565 202 1597 Elidem
210 1576 343 1599 rursum:
357 1567 462 1606 Debet,
475 1567 759 1608 inquit,monuchus
767 1569 799 1598 in
808 1576 942 1610 moria-3
954 1566 994 1600 tui
1009 1575 1041 1596 se
1055 1565 1170 1605 objicit,
1188 1570 1317 1597 statuens
1333 1566 1440 1601 vivere,
1458 1566 1580 1607 moveri,
1598 1571 1628 1598 et
1642 1576 1730 1607 agerc
1747 1568 1778 1599 in

80 1612 172 1642 sterio
182 1613 310 1649 versari,
323 1622 358 1642 ac
367 1613 396 1644 si
407 1613 458 1648 sit,
472 1617 501 1644 et
510 1616 910 1653 nonsit,necuppareut:seu

78 1657 192 1695 potius,
205 1658 258 1696 qui
269 1666 328 1689 non
335 1662 536 1698 cognoscatur
546 1667 555 1688 :
567 1657 645 1698 quod
655 1658 733 1688 hunc
744 1657 775 1688 in
789 1657 908 1688 modum

81 1701 264 1741 explicabat:
283 1703 327 1733 Ac
336 1704 363 1734 si
374 1704 425 1740 sit,
439 1711 584 1743 corpore:
608 1711 644 1734 ac
657 1703 686 1734 si
701 1711 761 1733 non
775 1703 825 1740 sit,
843 1703 907 1742 spi-

81 1744 153 1777 ritu.
163 1745 230 1778 Non
240 1755 394 1787 apparens
401 1751 511 1783 autem.
525 1747 583 1778 nisi
599 1746 636 1778 iis
651 1751 776 1788 tantum,
789 1747 839 1787 qui
856 1756 909 1787 per

83 1790 224 1830 Spiritum
232 1795 366 1822 sanctum
374 1794 485 1823 mundo
492 1791 665 1823 suntcorde.
679 1791 905 1830 .Von‘cognitus,

83 1839 116 1866 ut
131 1835 172 1866 illi
189 1835 263 1866 nihil
277 1845 345 1867 cum
375 1846 523 1877 quoquam
552 1836 661 1876 negotii
690 1836 864 1866 intercedat.
882 1835 906 1867 Ο

82 1879 181 1912 divina
191 1881 295 1918 oratio,
308 1890 362 1922 per
371 1892 458 1923 quam
470 1882 527 1913 vita
533 1882 598 1922 ejus
604 1881 806 1918 excellentior,
817 1890 905 1921 quam

83 1934 136 1966 pro
161 1926 294 1964 homine,
325 1932 355 1957 et
378 1927 514 1966 angelica
531 1926 708 1967 praedicatur
724 1934 731 1957 :
749 1935 802 1965 per
818 1935 905 1966 quam

84 1975 259 2010 comparauit
273 1972 304 2002 in
333 1972 408 2003 caelo
437 1971 671 2002 conversationis
699 1970 766 2010 ipse
782 1970 839 2000 sibi
855 1980 909 2010 per

84 2014 224 2056 Spiritum
237 2022 375 2048 sanctum
387 2017 444 2048 fert
455 2017 672 2049 testimonium.
686 2018 743 2048 Per
753 2025 841 2057 quam
850 2025 907 2047 no-

84 2060 129 2092 bis
142 2061 231 2093 vitam
247 2072 314 2094 cum
326 2062 387 2094 Deo
399 2063 541 2100 insumat,
555 2062 626 2093 dum
649 2062 710 2094 ait:
734 2061 825 2092 Nihil
839 2070 908 2092 cum

83 2115 233 2146 quoquam
239 2107 484 2147 huberetwgotii!
492 2107 570 2148 quod
578 2106 698 2147 quidem
706 2105 906 2138 neminirecte

85 2155 232 2191 prastare,
246 2156 373 2183 autvere
381 2152 454 2183 licet
472 2152 584 2188 dicere,
603 2151 663 2182 nisi
678 2151 858 2182 omnimodis
872 2159 907 2182 ac

84 2199 160 2227 totus
170 2196 225 2227 toti
237 2196 297 2227 Deo
305 2198 405 2228 unitus
415 2197 515 2234 fuerit,
530 2196 625 2229 Aliter
642 2196 667 2227 si
677 2196 796 2233 dixerit,
809 2201 905 2227 semet

951 1610 1012 1642 illis
1030 1616 1153 1643 tantum.
1169 1620 1235 1651 quae
1249 1611 1285 1641 ad
1302 1610 1395 1641 Deum
1412 1615 1547 1650 spectant
1574 1612 1731 1651 mandatis,
1750 1617 1779 1644 et

950 1664 1068 1686 servare
1084 1655 1147 1695 ejus
1165 1659 1311 1695 praecepta
1326 1666 1334 1691 ;
1350 1655 1457 1686 similis
1471 1655 1560 1696 leoni,
1578 1660 1627 1686 aut
1643 1657 1780 1695 giganteo

949 1700 1039 1730 alicui
1056 1699 1204 1737 Samsoni,
1231 1705 1282 1732 aut
1306 1700 1331 1731 si
1362 1700 1428 1740 quis
1443 1700 1518 1731 alius
1533 1701 1576 1731 vel
1594 1701 1657 1739 fuit,
1674 1702 1718 1733 vel
1735 1710 1780 1735 est

949 1745 1000 1784 illo
1017 1744 1138 1775 fortior:
1156 1745 1218 1783 Qui
1243 1745 1333 1776 habet
1359 1745 1503 1776 mandata
1526 1755 1607 1782 mea,
1625 1745 1731 1787 inquit,
1753 1751 1781 1778 et

947 1789 1211 1827 servatea,illeest
1222 1790 1273 1829 qui
1287 1790 1393 1829 diligit
1408 1798 1474 1821 me:
1491 1795 1518 1820 ct
1534 1791 1588 1830 qui
1601 1791 1702 1831 diligit
1718 1800 1777 1832 me,

948 1834 1115 1874 diligetura
1128 1836 1220 1866 Patre
1230 1844 1296 1865 meo
1307 1834 1347 1865 99.
1355 1834 1395 1865 Et
1402 1843 1468 1874 ego,
1477 1839 1504 1866 et
1512 1834 1606 1866 Pater
1614 1836 1778 1876 perSpiri-

948 1881 1009 1910 tum
1017 1888 1070 1910 ven
1076 1879 1211 1917 iemus,et
1217 1880 1403 1910 mansionem
1410 1880 1493 1917 apud
1498 1888 1566 1910 eum
1580 1879 1691 1918 faciem
1696 1880 1776 1912 us93.

949 1922 1002 1954 His
1018 1927 1046 1954 et
1060 1923 1209 1954 similibus
1224 1923 1322 1954 aiebat
1334 1923 1493 1954 Dominus:
1518 1923 1570 1955 Vos
1585 1933 1645 1955 non
1657 1925 1730 1957 estis
1742 1926 1778 1957 de

948 1968 1002 1999 hoc
1013 1968 1126 1999 mundo
1138 1978 1148 1998 :
1160 1969 1212 1999 sed
1223 1978 1278 2007 ego
1288 1968 1367 2008 elegi
1378 1977 1430 1999 vos
1442 1969 1479 1999 de
1489 1969 1602 2000 mundo
1612 1969 1657 1999 94.
1681 1970 1779 2002 Venite

949 2013 988 2044 ad
1004 2023 1057 2044 me.
1072 2018 1100 2043 et
1111 2022 1166 2051 ego
1179 2014 1312 2052 reﬁciam
1325 2021 1376 2044 vos
1388 2013 1430 2042 95.
1456 2013 1511 2049 Qui
1536 2013 1617 2044 enim
1634 2014 1729 2052 aliter,
1747 2015 1778 2046 in

949 2058 1010 2088 suis
1025 2057 1140 2089 scilicet
1151 2057 1350 2088 voluntatibus
1380 2060 1663 2098 quomodocunque,
1680 2066 1731 2091 aut
1745 2060 1777 2091 in

947 2102 1125 2143 quibusdam
1154 2102 1295 2142 opinione
1325 2102 1466 2133 duntaxat
1495 2102 1582 2133 bonis
1609 2103 1773 2142 ambulant,

947 2148 1048 2184 vitam,
1065 2156 1153 2188 quam
1170 2146 1308 2182 abscissi,
1326 2157 1360 2178 ac
1378 2147 1465 2178 divisi
1491 2157 1508 2178 a
1533 2148 1654 2186 saeculo,
1671 2153 1700 2180 et
1715 2159 1777 2182 suae

948 2192 1160 2232 Voluntalijam
1176 2191 1286 2222 mortui
1298 2192 1410 2227 vident,
1424 2202 1612 2233 nequaquam
1624 2193 1776 2226 videbunt.

83 2239 259 2272 ludiﬁcatur.
273 2241 328 2277 Qui
344 2241 423 2272 enim
436 2223 551 2273 dicit,se
573 2250 631 2272 non
657 2250 794 2281 peccare,
809 2223 940 2271 caacusn
988 2236 1052 2268 lam
1067 2237 1093 2267 si
1108 2246 1180 2276 ergo
1193 2236 1340 2267 humiliari
1354 2246 1388 2268 ac
1400 2237 1520 2277 subjici,
1536 2238 1631 2278 premi
1648 2239 1772 2277 ignomi-

85 2289 139 2322 est,
156 2285 272 2317 clausos
287 2286 401 2317 habens
413 2287 528 2318 oculos.
545 2285 601 2322 Qui
609 2295 677 2316 vero
693 2288 788 2318 Deum
804 2285 904 2322 habet,

88 2339 212 2370 peccare
232 2331 346 2372 nequit,
367 2333 438 2371 quia
454 2340 556 2362 semen
570 2333 638 2370 ejus
651 2333 685 2363 in
699 2340 733 2363 eo
750 2333 852 2362 manet
865 2330 907 2367 87,

85 2373 159 2405 sicut
170 2375 299 2406 maxime
311 2375 511 2415 tbeologicum
523 2375 596 2407 illud
609 2376 811 2417 apostolorum
827 2374 907 2405 toni-

85 2423 129 2450 tru
143 2418 272 2451 Joannes
285 2420 421 2452 aﬂirmat.
440 2420 477 2452 Et
491 2421 560 2461 quia
575 2420 697 2453 Simeon
710 2422 802 2452 Deum
815 2423 906 2451 totum

84 2463 114 2494 in
129 2472 160 2495 se
177 2464 314 2501 habebat,
327 2465 397 2496 hinc
413 2470 441 2496 et
458 2465 560 2496 vivens
581 2465 711 2503 dicebat,
730 2470 759 2496 et
774 2468 907 2495 mortuus

84 2508 272 2549 perlitteram
284 2519 388 2541 manus
399 2519 459 2541 suae
468 2510 553 2551 quasi
565 2520 673 2550 magna
685 2519 759 2541 voce
775 2509 883 2540 clamat
898 2518 905 2540 :

85 2553 180 2584 Deum
186 2553 241 2585 tibi
245 2556 524 2596 amicumacquire,
529 2555 714 2587 ethominum
720 2554 839 2586 auxilio
847 2563 907 2584 non

85 2598 191 2639 egebis.
200 2598 326 2630 Iterum:
339 2600 433 2630 Deum
442 2600 573 2640 posside,
580 2604 608 2631 et
614 2599 692 2631 libro
699 2599 753 2631 tibi
762 2608 837 2640 opus
847 2607 907 2630 non

86 2644 150 2674 erit.
168 2643 326 2675 Laboravit
349 2643 399 2675 hic
424 2649 545 2675 sanctus
569 2646 655 2676 Pater
683 2648 786 2676 noster
807 2643 859 2684 ita,
875 2647 908 2674 ut

89 2688 254 2730 complures
281 2687 335 2720 SS.
364 2688 487 2720 Palmm
504 2689 694 2730 antiquorum
709 2687 908 2730 superaverit.

122 2774 153 2816 ‘37
163 2773 277 2816 ,Uqap-
294 2781 341 2816 ιιι,
353 2774 384 2816 εξ.
426 2775 460 2801 88
471 2774 557 2808 Joan.
572 2784 613 2816 iv,
624 2778 690 2816 710.,
721 2774 754 2816 8?
767 2772 912 2816 Ibid.}_4.

86 2813 203 2847 “Ibid.
220 2814 270 2848 23.
312 2814 443 2849 “loco.
460 2824 509 2856 xv,
526 2817 576 2850 l9.
603 2812 768 2848 'Wlstth.
787 2823 830 2854 ιι,
844 2812 896 2847 28.

950 2282 997 2313 nia
1010 2281 1099 2322 aﬂici,
1134 2281 1300 2321 villipendi,
1331 2281 1448 2322 probris
1478 2282 1632 2313 conscindi
1651 2283 1733 2321 nolo,
1749 2287 1779 2315 et

952 2331 1089 2368 tanquam
1106 2335 1183 2357 unus
1198 2326 1236 2357 de
1247 2326 1395 2367 obscuris,
1413 2327 1636 2367 insipientibus,
1654 2331 1683 2358 et
1697 2328 1777 2368 abje-

949 2372 1016 2410 clis,
1029 2377 1058 2402 et
1072 2375 1170 2402 mente
1182 2371 1288 2402 emotis
1300 2381 1357 2401 non
1370 2372 1502 2402 sustineo
1516 2372 1581 2402 ﬁeri
1592 2382 1600 2410 ;
1612 2373 1664 2402 sed
1679 2381 1776 2413 neque

949 2418 986 2449 ab
993 2417 1087 2449 obviis
1093 2417 1256 2452 contemni;
1265 2422 1293 2448 et
1300 2417 1558 2458 velutarreptitius
1564 2422 1614 2448 aut
1622 2419 1777 2450 mendicus

951 2473 1003 2504 per
1021 2464 1143 2503 plateas,
1160 2465 1189 2492 et
1203 2461 1283 2493 vicos
1298 2461 1380 2492 urbis
1396 2463 1541 2502 reputari,
1554 2462 1601 2492 dic
1614 2463 1776 2504 mihi,qua-

951 2507 1201 2539 namaliaratione
1211 2507 1338 2548 proprias
1349 2507 1489 2538 voluntati
1503 2508 1636 2538 moriar?
1649 2507 1775 2539 Si‘enim

950 2553 1052 2584 biecad
1060 2552 1556 2593 probationem,etexperimentum
1564 2553 1778 2592 supervenien-

950 2598 990 2629 tia
1006 2598 1154 2638 patienter
1167 2597 1238 2627 ferri
1249 2597 1328 2628 Deus
1338 2597 1375 2628 ab
1392 2597 1531 2628 omnibus
1548 2597 1634 2628 nobis
1650 2598 1776 2630 manda-

948 2644 1006 2675 vit:
1023 2642 1083 2673 imo
1095 2642 1260 2682 enimvero,
1274 2641 1299 2673 si
1314 2651 1374 2672 non
1389 2642 1426 2673 ad
1448 2641 1666 2682 probationem,
1683 2647 1713 2673 et
1728 2652 1777 2674 εις

950 2686 1218 2728 perimentum,sed
1225 2686 1263 2718 ad
1273 2686 1478 2727 purgationem
1484 2687 1652 2717 animorum
1661 2690 1777 2718 nostro-

954 2771 1176 2812 9000r.u,t‘2.
1218 2771 1468 2813 94Matth.v,t7.
1509 2770 1774 2821 9310M.XIV,31_.

1755 2867 1773 2890 ’1
