1983 3072
202 163 262 198 355
859 163 1051 197 SYMEONIS
1069 161 1254 196 IUNIORIS.
1840 154 1905 189 356

208 245 274 268 rum
289 234 406 266 invecta
418 242 473 264 nos
487 232 543 263 ista
558 232 671 273 perpeti
694 231 834 273 nolimus,
852 236 880 263 et
894 232 1061 265 voluntasA
1072 232 1239 271 opere.sed
1256 232 1345 263 verbo
1362 236 1475 264 tantum
1493 232 1597 264 ﬁdeles
1613 239 1730 262 sumus:
1757 226 1902 273 operibus

208 281 264 312 ista
280 279 402 310 minime
412 272 565 308 tolerandi
576 277 605 307 in
622 277 707 308 nobis
724 277 809 308 vivat.
827 287 891 317 qum
907 283 950 308 est
968 282 1029 307 ter—
1072 281 1169 307 autem
1182 287 1240 307 non
1255 277 1432 317 conjunctis,
1450 278 1526 309 ﬁdes
1540 280 1654 308 mortua
1670 279 1723 306 est.
1738 273 1767 305 Si
1785 272 1901 311 absque

206 333 279 355 rena
293 322 390 353 carnis
407 321 577 362 prudentia,
603 321 652 361 qui
682 331 779 360 quaeso
797 321 905 351 mortui
921 322 1029 351 evade-
1072 321 1213 361 operibus
1229 321 1302 352 ﬁdes
1318 327 1432 353 mortua
1448 327 1502 359 est,
1520 332 1586 353 cum
1603 320 1688 352 malis
1703 317 1843 359 operibus
1859 324 1899 346 ne

207 367 297 400 mus?
310 367 390 397 nullo
404 365 490 396 modo
500 366 659 396 evademus
684 365 765 401 Quod
781 365 804 395 si
816 365 936 402 mundo,
949 365 1031 396 etbis
1073 366 1146 395 ﬁdes
1161 365 1281 405 quidem
1299 370 1352 397 est.
1369 366 1515 397 Mortuum
1545 367 1637 406 enim,
1665 366 1689 396 si
1718 371 1823 394 recens
1839 363 1898 406 est,

205 422 271 454 qua;
285 412 316 443 in
330 410 441 442 mundo
457 414 525 440 sunt
552 419 610 440 non
640 409 813 447 moriamur,
831 409 880 450 qui
897 410 1028 446 tandem,

205 462 237 489 ut
248 457 298 498 qui
311 456 364 488 Dei
376 465 463 487 causa
475 455 557 495 facti,
569 459 637 485 sunt
651 454 769 492 mortui,
782 455 868 484 vitam
877 454 905 484 in
913 454 1029 485 Christo

203 501 407 534 absconditam
424 501 558 531 vivemus
572 499 587 529 ‘I

243 548 390 579 Christum
406 545 498 577 Deum
513 545 663 576 imitemur
677 554 684 582 ;
697 548 816 586 propter
829 543 956 575 salutem
971 553 1027 576 n0-

202 596 292 622 stram
311 595 339 621 et
354 590 411 630 ipsi
428 589 587 629 patiamur,
605 594 636 620 ut
650 590 700 621 ille
714 599 778 630 pro:
792 593 836 619 ter
853 598 906 619 nos
924 597 1027 629 passus

203 640 248 667 est
259 645 346 676 quem
363 634 504 665 vocabant
519 634 745 671 daemoniosum,
770 634 956 664 seductorem
973 644 1025 664 vo-

202 690 315 718 racem,
331 684 496 720 potatorem
508 679 578 710 vini.
593 678 642 710 Stc
654 679 733 710 enim
753 678 943 709 dictitabant:
964 680 1027 710 Da?-

202 726 341 756 monium
351 725 441 755 habes
450 724 492 753 96.
504 724 536 754 Et
546 733 676 761 rursum,
686 723 761 754 Ecce
772 724 860 754 homo
878 731 986 762 vorax,
998 727 1027 754 et

199 773 323 810 potator
337 770 411 807 vini,
437 769 553 800 amicus
575 778 615 808 pu
625 769 821 805 blicanm-um,
844 771 872 798 et
891 771 1026 807 peccato-

201 823 270 845 rum
280 814 322 844 97.
337 813 807 848 Audimusitemuthomicidiam,
825 812 1025 843 etmaleﬁcum

202 859 489 899 legatum,lractum,
506 857 664 888 etutvilem
681 857 911 888 homuncionem
936 857 1026 887 Pilato

201 904 377 942 exhibitum,
395 904 478 944 alapa
493 913 509 934 a
524 913 607 934 servo
625 912 808 943 percussum,
826 903 857 933 in
873 911 1023 933 carcerem

201 953 407 980 contrusum.e
415 958 534 979 carcere
544 948 694 984 eductum,
703 947 881 977 alictm-ibus
894 947 1022 986 perduc-

201 997 274 1033 tum,
284 993 391 1034 populo
402 1003 418 1024 a
429 993 518 1023 Pilato
528 992 678 1026 traditum;
688 1001 754 1023 cum
766 992 1024 1031 diceretzAccipite

199 1047 266 1069 eum
274 1041 369 1076 vas,et
377 1038 587 1077 orucz‘ﬁgite98.
594 1037 761 1076 Cogitemus
771 1036 867 1075 igitur,
876 1035 1023 1076 quomodo

199 1083 336 1113 venditus
352 1083 447 1113 stabat
462 1083 492 1112 in
510 1082 607 1112 medio
625 1090 740 1116 eorum,
758 1081 806 1121 qui
819 1090 909 1120 super
920 1089 1022 1110 omnes

198 1128 289 1158 cmlos
303 1131 357 1162 est,
373 1132 401 1158 et
413 1137 501 1158 manu
511 1136 564 1157 sua
575 1125 784 1166 complectitur
798 1125 946 1161 universa,
961 1125 1023 1164 pul-

198 1181 259 1210 sus,
272 1172 423 1213 repulsus,
437 1173 551 1213 pugnis,
565 1171 657 1212 alapis
675 1180 842 1211 percussus,
857 1170 972 1206 irrisus,
990 1170 1019 1200 in

197 1217 574 1257 praetorinmintroductus,
592 1226 679 1256 quem
697 1216 776 1246 nulla
793 1219 890 1246 creata
906 1219 1018 1255 natura,

196 1271 253 1292 nec
267 1262 322 1301 ipsi
339 1262 494 1302 Seraphim
508 1265 629 1302 possunt
646 1259 766 1298 intueri,
783 1259 913 1290 vestibus
929 1260 1020 1289 nuda-

198 1310 259 1344 tus;
277 1306 421 1337 columna;
449 1307 596 1346 alligatus.
626 1305 691 1345 plus
719 1304 911 1345 quadraginta
927 1303 1019 1344 plagis

196 1352 276 1392 (qua:
293 1360 377 1381 reum
396 1351 432 1381 ad
449 1355 574 1381 mortem
602 1350 659 1380 lata
687 1349 834 1380 sententia
849 1349 1019 1379 damnatum

195 1395 378 1436 indicabant)
396 1395 558 1436 acceperit.
576 1395 650 1430 Quid
663 1394 772 1424 deinde
786 1393 801 1423 ‘2
817 1403 945 1434 purpura
955 1402 1019 1423 coc-

196 1440 282 1471 cinea
293 1450 346 1480 per
364 1440 525 1471 ludibrium
536 1443 719 1479 coopertum,
734 1438 764 1468 in
778 1442 865 1478 caput
875 1437 1019 1468 arundine

194 1485 394 1526 verberatum,
407 1485 678 1524 interrogatumque
688 1495 692 1500 -
707 1482 840 1521 Quisesl,
855 1483 905 1522 qui
914 1486 939 1513 te
947 1491 1016 1521 per-

1072 409 1151 439 velut
1165 410 1251 440 modo
1261 411 1472 449 exanimatum,
1481 411 1590 451 dicitur
1599 405 1769 441 morttuum.
1781 406 1864 444 Quod
1872 405 1899 435 si

1073 454 1232 484 multorum
1244 455 1306 494 jam
1322 455 1438 486 dierum
1451 461 1507 492 est,
1517 465 1578 487 non
1592 459 1752 490 mortuum,
1769 452 1821 483 sed
1838 460 1896 491 pu-

1072 498 1176 535 tidum,
1195 505 1368 540 corruptum
1385 505 1414 532 et
1442 501 1578 532 fetidum
1600 505 1731 532 vocatur.
1748 497 1896 535 Quoniam

1069 552 1138 583 ergo
1155 543 1212 574 duo
1229 549 1298 575 sunt
1313 554 1422 584 genera
1450 555 1586 584 operum,
1613 545 1674 576 Deo
1691 542 1848 585 placentia,
1866 543 1898 571 et

1069 596 1167 625 exosa,
1185 588 1211 619 si
1233 589 1305 620 ﬁdes
1326 589 1392 620 sine
1405 590 1547 630 operibus
1563 598 1681 621 mortua
1696 593 1751 627 est,
1770 592 1801 618 ut
1816 585 1896 617 scri-

1068 637 1149 671 ptum
1159 632 1305 671 legimusfi
1318 633 1394 673 (sine
1405 634 1545 674 operibus
1556 635 1695 665 videlicet
1706 633 1765 663 Deo
1778 632 1899 672 placen—

1067 676 1156 714 tibus,
1173 677 1249 708 ﬁdes
1264 677 1324 716 illa,
1340 688 1405 718 quae
1421 688 1480 709 non
1496 679 1592 710 solum
1607 678 1747 719 operibus
1764 676 1824 707 Deo
1840 685 1895 706 ac-

1069 722 1160 761 Ceptis
1176 725 1265 761 caret,
1285 723 1337 754 sed
1366 728 1395 753 et
1419 733 1509 763 opera
1536 724 1593 755 Deo
1609 724 1703 754 invisa
1718 722 1816 756 habet,
1834 730 1895 761 quo

1068 765 1189 797 nomine
1204 766 1349 798 afﬁcietur
1363 767 1378 797 ἶ)
1395 768 1534 800 mortua?
1547 769 1607 800 imo
1625 768 1716 807 magis
1732 766 1850 807 putrida
1865 769 1896 795 et

1069 815 1206 851 corrupta
1216 811 1362 842 nominari
1373 812 1462 843 debet
1473 823 1482 851 ;
1494 818 1542 844 aut
1564 817 1595 843 ut
1609 813 1707 843 verius
1723 812 1828 851 loquar
1843 810 1895 839 in—

1068 855 1236 895 credulitas,
1254 860 1282 886 et
1297 857 1444 897 impietas.
1463 859 1504 889 De
1520 867 1578 898 qua
1594 862 1621 888 et
1639 857 1728 888 Isaias
1744 855 1895 896 propheta

1067 899 1181 930 locutus
1189 900 1320 932 videtur:
1332 903 1449 942 Impius
1460 911 1520 933 non
1532 903 1644 934 uidebit
1656 902 1785 942 gloriam
1796 900 1852 930 Dei
1863 899 1889 928 6.

1106 944 1202 981 Quare
1217 945 1342 983 afﬁrmo,
1377 951 1405 977 ct
1433 952 1571 988 repetens
1600 947 1706 978 iterum
1724 947 1892 984 iterumque

1066 988 1230 1026 afﬁrmabo,
1245 991 1296 1031 qui
1318 991 1425 1022 Christi
1442 992 1593 1031 passiones
1605 1001 1656 1032 per
1673 990 1888 1032 paenitentiam,

1067 1037 1095 1063 et
1120 1033 1322 1065 obedientiam
1353 1045 1411 1066 non
1439 1036 1551 1068 fuerint
1578 1036 1697 1076 imitati,
1729 1042 1757 1066 et
1785 1034 1892 1064 mortis

1066 1078 1131 1116 ejus
1148 1079 1306 1119 participes
1323 1080 1431 1118 effecti,
1448 1086 1480 1112 ut
1504 1090 1593 1121 supra
1616 1080 1764 1111 subtiliter
1779 1078 1888 1109 docui-

1066 1131 1130 1153 mus
1145 1132 1195 1153 eos
1212 1133 1267 1154 nec
1291 1124 1455 1164 spiritualis
1480 1126 1544 1165 ejus
1572 1123 1799 1156 resurrectionis
1816 1131 1886 1162 par-

1063 1166 1166 1206 ticipes
1183 1169 1258 1206 ﬁeri,
1276 1178 1331 1200 nec
1357 1169 1498 1209 Spiritum
1525 1175 1658 1201 sanctum
1675 1169 1814 1208 adipisci,
1833 1176 1889 1207 per

1062 1221 1149 1250 quem
1177 1214 1310 1244 omnium
1336 1215 1516 1246 resurrectio
1546 1216 1610 1247 ﬁeri
1639 1215 1802 1246 consuevit.
1819 1212 1886 1243 Non

1061 1255 1142 1286 illam
1159 1256 1188 1286 in
1219 1260 1473 1290 consummatione
1502 1260 1602 1291 saeculi
1630 1259 1884 1290 resurrectionem

1061 1309 1230 1340 corporum,
1246 1307 1333 1333 canet
1348 1313 1428 1334 enim
1452 1305 1577 1344 angelus
1599 1304 1681 1341 tuba,
1701 1307 1728 1334 et
1743 1304 1887 1342 defuncta

1060 1353 1188 1385 corpora
1200 1352 1357 1388 resurgant
1378 1349 1391 1373 7
1405 1359 1416 1387 ;
1434 1359 1465 1380 sc
1485 1359 1548 1380 eam
1569 1359 1631 1390 qua;
1647 1348 1778 1389 quotidie
1793 1347 1886 1387 spiri—

1061 1390 1132 1420 tuali
1148 1391 1235 1422 modo
1263 1392 1307 1430 ﬁt,
1343 1399 1526 1424 mortuarum
1556 1395 1720 1424 animarum
1741 1393 1885 1433 spiritua-

1060 1436 1119 1467 lem
1136 1439 1402 1478 regenerationem,
1416 1439 1882 1480 resurrectionemqueintelligo,

1060 1491 1160 1521 quam,
1177 1483 1226 1523 qui
1241 1485 1333 1515 semel
1349 1490 1483 1516 mortuus
1498 1492 1554 1523 cst,
1585 1490 1614 1517 et
1638 1485 1811 1519 resurrexit,
1830 1493 1885 1524 per

189 1532 303 1561 cusssil
313 1530 368 1560 99?
379 1529 472 1570 spinis
484 1534 667 1564 coronatum,
678 1527 832 1558 adoratum
843 1531 871 1558 et
883 1526 1016 1564 illusum,
1027 1548 1048 1578 Ο
1060 1533 1173 1563 omnes,
1192 1531 1221 1558 et
1234 1529 1265 1558 in
1290 1529 1439 1568 omnibus,
1471 1534 1502 1561 ut
1527 1530 1624 1566 decet,
1652 1529 1815 1560 viventibus
1829 1538 1884 1559 re-

193 1580 384 1615 conspulum,
397 1580 425 1605 et
437 1574 652 1605 cumirrisione
668 1572 856 1603 audientem:
875 1572 1194 1610 Eccerew“surgens,
1226 1577 1254 1604 et
1282 1579 1483 1606 commortuas
1510 1575 1566 1606 sibi
1596 1575 1744 1606 voluntate
1773 1584 1806 1605 ac
1823 1573 1883 1604 ﬁde

192 1620 386 1651 Iudaeorum.
397 1619 499 1650 Denuo
509 1616 1016 1653 suaveslimentaindutum,collum
1059 1616 1172 1646 animas
1188 1626 1246 1648 una
1261 1618 1392 1649 excitans
1421 1629 1475 1660 per
1502 1620 1721 1650 sanctissimum
1737 1619 1882 1658 Spiritum

193 1663 528 1702 funedevinctum,etad
542 1672 645 1694 necem
657 1662 806 1693 eductum.
825 1661 1015 1692 Postmodum
1060 1660 1192 1699 largitur,
1210 1666 1239 1692 et
1267 1663 1322 1693 hoc
1353 1664 1412 1694 illis
1440 1674 1565 1704 regnum
1595 1665 1737 1696 ctelorum
1753 1664 1879 1695 donans.

193 1709 239 1740 ira
259 1718 347 1740 cruce
359 1719 411 1740 sua
426 1714 591 1746 oneratum,
609 1712 638 1738 et
653 1707 682 1738 in
698 1707 796 1738 locum
815 1705 952 1738 Calvarize
967 1705 1018 1736 ad-
1059 1704 1254 1740 Quamobrem
1272 1717 1309 1738 ne
1324 1709 1397 1739 mihi
1422 1709 1484 1740 haec
1514 1710 1626 1740 dicenti
1642 1710 1731 1740 [idem
1747 1708 1881 1746 denega-

193 1753 325 1790 ductum,
344 1758 373 1785 et
386 1763 450 1785 eam
482 1753 609 1794 depangi
639 1752 801 1788 videntem,
827 1755 855 1782 et
870 1751 963 1781 solum
980 1751 1016 1782 ab
1060 1755 1132 1787 tote,
1148 1751 1262 1782 fratres.
1280 1753 1342 1784 Hoc
1357 1758 1457 1785 autem
1473 1755 1590 1794 scitote,
1612 1755 1637 1785 si
1666 1754 1696 1785 in
1727 1753 1808 1783 omni
1824 1761 1879 1792 ge-

192 1798 295 1829 amicis
311 1808 344 1829 ac
359 1798 513 1839 discipulis
528 1798 675 1828 relictum.
698 1797 810 1827 Iterum
841 1800 959 1826 exutum
985 1796 1014 1826 in
1057 1804 1129 1826 nere
1145 1797 1259 1827 virtutis
1275 1807 1327 1828 nos
1355 1799 1561 1830 exercebimus
1579 1809 1587 1837 ;
1616 1799 1640 1830 si
1669 1798 1810 1829 miracula
1825 1807 1879 1837 pa~

193 1844 321 1875 sublime
328 1854 516 1885 suspensum,
531 1843 665 1874 manibus
677 1841 837 1882 etpedibus
847 1851 899 1881 per
906 1841 1014 1871 milites

192 1889 283 1919 clavis
298 1889 427 1930 atﬁxum,
444 1894 473 1920 ot
488 1888 620 1929 pendere
637 1887 826 1928 permissum,
844 1886 911 1916 feile
927 1889 1012 1926 pota-

195 1936 268 1971 tum,
284 1934 387 1964 lancea
404 1933 600 1973 vulneratum,
618 1933 757 1963 alatrone
773 1930 881 1971 probro
898 1930 1010 1961 lacera-

193 1982 266 2016 tum,
283 1978 506 2014 subsannatum.
528 1983 556 2010 et
569 1978 672 2009 audire
688 1981 840 2008 coactum:
869 1975 942 2011 Vah,
961 1977 1014 2016 qui

192 2023 328 2054 destruis
334 2025 477 2064 templum
487 2024 554 2064 Dei,
572 2028 598 2055 et
608 2024 639 2054 in.
648 2023 746 2054 triduo
753 2020 1011 2060 rewdiﬁcasillud,

189 2067 482 2108 salvatemetipsum,
491 2067 711 2099 etclesccndcde
719 2067 820 2098 crurel
828 2091 835 2097 .
850 2065 1010 2096 Etrursus:

1057 1840 1216 1879 trahimus;
1233 1843 1257 1872 si
1273 1852 1328 1873 nec
1345 1844 1505 1881 modicum,
1521 1855 1575 1876 nec
1592 1854 1729 1884 magnum
1746 1842 1878 1874 mandati

1055 1888 1327 1927 pratermittemus,
1358 1890 1450 1920 solam
1480 1900 1548 1922 vero
1577 1891 1736 1921 humanam
1753 1889 1879 1928 gloriam

1054 1931 1296 1970 appetiverimus,
1329 1943 1451 1975 eamque
1476 1935 1685 1975 quoquomodo
1714 1935 1745 1964 in
1774 1933 1880 1964 studiis

1055 1976 1163 2006 nostris
1192 1978 1402 2017 spectaverius,
1448 1985 1475 2010 et
1516 1981 1551 2010 ad
1593 1989 1657 2010 eam
1701 1978 1877 2018 capiendam

1054 2019 1302 2059 festinaVerimus,
1316 2023 1378 2062 jam
1395 2025 1528 2055 omnium
1554 2025 1677 2055 aliarum
1707 2023 1878 2054 mercedem

1055 2066 1260 2107 perdidimus;
1277 2073 1303 2098 et
1316 2068 1469 2100 hominum
1482 2069 1603 2108 gloriam
1613 2069 1879 2105 admittentes,nec

189 2113 328 2144 SiFilius
337 2113 452 2149 Deiest,
464 2112 855 2148 descendatnuncdecruce,
873 2114 899 2141 et
916 2109 1014 2141 crede-
1054 2109 1108 2154 Dei
1124 2111 1267 2150 potiorem
1281 2113 1461 2152 judicantes,
1488 2124 1538 2154 pro
1565 2113 1747 2150 inﬁdelibus,
1765 2118 1794 2143 et
1808 2113 1877 2143 ido-

189 2166 258 2189 mus
276 2158 308 2188 in
320 2167 387 2188 eum
403 2157 425 2189 9,
439 2157 473 2188 Et
486 2158 536 2196 ita,
550 2163 704 2198 postquam
718 2157 779 2187 haec
795 2155 895 2186 omnia
911 2163 1013 2195 passus
1056 2153 1876 2198 lolatriscondemnamur,crea'urazmagis,quamCrea-

189 2206 244 2243 est,
276 2202 384 2242 gratias
413 2208 562 2242 agentem,
596 2212 648 2243 pro
689 2200 928 2233 interfectoribus
953 2199 1876 2244 suisDtoriservientes,sicutetipseDominusidtalibusobji-

188 2251 334 2284 orantem,
348 2252 376 2278 et
387 2248 516 2278 animam
529 2248 558 2278 in
572 2257 675 2278 manus
689 2247 783 2278 Patris
795 2245 841 2276 sui
856 2254 1011 2275 commen-

188 2291 320 2323 dantem.
333 2291 408 2322 Num
422 2293 483 2323 haec
494 2293 605 2329 omnia,
617 2292 722 2322 fratres
733 2291 801 2329 mci,
816 2290 852 2321 ad
869 2289 1011 2319 imitatio-

187 2345 256 2366 nem
273 2335 358 2367 nobis
373 2347 430 2367 non
449 2337 600 2368 sufﬁciunt
614 2337 629 2365 ‘?
659 2336 714 2367 Sed
731 2336 793 2366 haec
810 2334 923 2374 perpeti
940 2343 1011 2364 eru—

188 2380 346 2412 bescimus.
358 2381 414 2412 Per
427 2392 492 2422 quae
505 2383 594 2420 igitur
606 2382 664 2412 alia
675 2389 777 2421 opera,
790 2384 839 2410 aut
854 2388 911 2418 quo
928 2382 1010 2418 pacto

186 2426 526 2466 illicongloriﬁcabimnr
535 2429 548 2457 ἱ)
558 2428 736 2466 Quicunque
745 2425 889 2458 enimme,
903 2423 1008 2462 inquit,

185 2476 454 2502 elsermoncsmem
465 2473 628 2510 erubuerit,
639 2470 847 2501 erubescamet
858 2477 910 2507 ego
922 2468 1010 2498 illum

184 2525 286 2547 coram
296 2516 389 2547 Putre
397 2526 476 2549 mea.
491 2518 581 2556 quiin
592 2516 674 2547 caelis
681 2519 724 2546 est
737 2515 763 2544 5.
783 2513 883 2554 Itaque
895 2517 922 2543 et
931 2513 1014 2547 Pauli

184 2570 238 2591 vox
248 2564 303 2591 est:
313 2561 572 2601 Sirompatimur,
583 2558 944 2600 etconglorz‘ficabinmr‘.
957 2558 1009 2588 Sin

184 2614 249 2646 qua;
266 2614 317 2645 pro
333 2605 419 2636 nobis
435 2615 538 2646 passus
565 2610 611 2637 est
638 2603 749 2635 imitari
777 2607 806 2634 et
828 2603 897 2642 pati,
916 2606 944 2632 et
958 2601 1009 2632 ille

184 2659 289 2691 passus
302 2653 357 2688 est,
376 2659 436 2690 prae
462 2650 575 2690 pudore
590 2650 740 2686 nolumus,
757 2657 814 2678 nec
829 2647 929 2686 gloria!
944 2646 1008 2686 ejus

183 2695 280 2726 socios
295 2695 358 2726 fore
371 2704 426 2726 nos
442 2695 629 2726 manifestum
649 2698 693 2725 est
707 2703 714 2725 :
732 2692 874 2734 quoniam
889 2691 932 2722 sic
948 2700 1008 2722 non

1055 2244 1107 2274 cit:
1124 2243 1282 2282 Quomodo
1291 2249 1416 2287 potest-is
1428 2258 1477 2279 vos
1485 2250 1621 2285 credere,
1630 2249 1683 2288 qui
1693 2248 1822 2288 gloriam
1837 2247 1878 2278 ab

1053 2289 1178 2320 invicem
1196 2292 1344 2330 accipitis,
1367 2297 1395 2323 et
1418 2293 1547 2332 plurium
1559 2302 1626 2334 qua:
1638 2303 1655 2323 ιι
1668 2294 1731 2324 solo
1744 2294 1804 2323 Deo
1820 2295 1874 2329 est,

1053 2342 1111 2364 non
1124 2336 1261 2373 qumritis
1272 2338 1309 2366 εἳ
1327 2337 1402 2373 Quin
1418 2338 1516 2374 etiam,
1535 2338 1583 2378 qui
1600 2338 1802 2376 obtingentem
1818 2337 1876 2367 sibi

1054 2381 1201 2409 terrenam
1217 2380 1339 2419 gloriam
1357 2392 1423 2412 cum
1438 2383 1559 2422 gaudio,
1583 2389 1612 2413 et
1627 2383 1774 2422 Voluptate
1790 2391 1875 2412 com-

1053 2422 1201 2462 plectitur,
1220 2435 1311 2465 eaqne
1327 2436 1358 2457 se
1372 2427 1473 2466 jactat,
1492 2432 1520 2458 et
1542 2428 1572 2457 in
1590 2427 1726 2457 medullis
1742 2426 1873 2457 delecta-

1054 2471 1110 2504 tur,
1128 2472 1160 2498 ut
1175 2469 1336 2501 fornicator
1351 2472 1548 2502 damnabitur.
1578 2472 1629 2502 Est
1644 2472 1751 2511 quippe
1767 2472 1873 2502 similis

1055 2512 1180 2562 homini,
1199 2514 1249 2554 qui
1264 2515 1460 2555 virginitatem
1491 2517 1589 2548 colere
1617 2518 1779 2553 Constituit,
1806 2527 1873 2547 mu-

1052 2557 1216 2607 lierumque
1232 2561 1447 2593 consuetudine
1474 2566 1502 2592 et
1531 2571 1693 2601 congressu
1722 2561 1780 2593 stbi
1795 2563 1874 2592 inter

1050 2603 1135 2652 dixit,
1153 2608 1181 2634 et
1210 2614 1307 2652 neque
1336 2606 1371 2636 ad
1402 2616 1451 2638 cas
1479 2608 1611 2647 ventilat,
1643 2616 1738 2647 neque
1753 2617 1819 2637 cum
1836 2607 1872 2637 iis

1049 2649 1148 2679 vivere
1157 2649 1247 2688 cupit.
1269 2649 1340 2681 Cum
1352 2656 1449 2682 autem
1466 2652 1575 2683 femina
1589 2653 1734 2692 quaepiam
1751 2652 1786 2682 ad
1803 2662 1870 2682 eum

1049 2695 1218 2734 accesserit,
1235 2704 1301 2726 mox
1327 2696 1412 2727 laetua
1440 2707 1474 2728 ac
1501 2697 1598 2729 libens
1625 2707 1690 2728 eam
1707 2697 1824 2737 recipit,
1843 2702 1872 2728 et

184 2801 194 2822 ς
221 2780 254 2822 9Q
266 2782 354 2822 Joan,
371 2789 423 2818 vn,
438 2780 488 2812 20.
531 2781 562 2806 97
578 2779 739 2822 Matth._xr,
756 2778 805 2810 19.
848 2777 891 2822 98_
900 2777 992 2822 Joan;
1011 2786 1016 2808 :

1065 2802 1072 2816 ,
1100 2780 1130 2822 6:
1172 2779 1328 2822 99_Matth.
1351 2791 1431 2822 xxvi,
1460 2784 1511 2815 68.
1553 2786 1564 2806 ί
1580 2782 1680 2815 Matth.
1706 2792 1799 2819 xxvu,
1817 2785 1868 2816 40.

179 2817 353 2864 31bid.42L
394 2817 614 2862 ειυωωθ.
657 2819 903 2858 ΑΒοῐη.ι.ιιι,17.
945 2817 1016 2850 δεῐευ

1061 2829 1082 2862 ι,
1094 2820 1142 2851 20.
1186 2817 1430 2864 91sa.xxvx,1o.'
1468 2825 1589 2859 7IGor.
1601 2832 1651 2863 xv,
1664 2825 1713 2856 52.
1757 2817 1871 2863 θέσθω,-

179 2870 210 2904 7,
227 2863 278 2896 44.
