1983 3072
82 173 143 208 357

818 175 958 209 ORATIO
979 172 1051 209 VIII

1716 173 1775 208 358

82 253 191 285 corpus
217 254 285 276 cum
314 245 366 277 illa
393 245 601 285 commiscens,
631 245 809 286 voluptatem
826 246 942 276 suamA
953 243 1064 275 nullam
1081 241 1300 280 necessitatem,
1314 240 1585 279 autinﬁrmitatcm,
1603 245 1652 273 aut
1666 242 1776 273 rationi

83 289 194 330 explet.
212 288 274 321 Hoc
290 300 379 330 porro
405 300 489 331 mque
515 291 544 321 in
570 291 652 323 omni
667 291 724 322 alia
738 290 910 332 cupiditate,

85 335 160 365 etin
188 335 290 375 quavis
319 336 451 366 motione
475 336 583 366 rationi
612 345 671 366 non
687 335 912 375 obtemperante

85 379 233 410 usuvenit.
250 380 319 411 Sive
335 381 414 411 enim
444 380 573 417 invidiae,
592 380 666 415 ,sive
695 379 912 417 avaritize,‘sive

85 423 160 462 zelo,
179 425 241 456 sive
256 425 450 461 contentioni,
468 429 518 456 aut
541 425 590 456 alii
621 425 752 465 quipiam
771 424 910 464 praevitati

85 473 191 508 sponte
207 469 273 510 quis
301 479 332 499 se
360 470 527 506 tradiderit,
558 479 697 501 coronam
712 469 836 509 justitiae
852 478 911 499 non

82 517 269 553 assequetur.
288 513 359 544 Nam
377 515 457 545 Deus
487 523 553 544 cum
584 514 621 544 sit
634 514 743 553 justus,
761 516 914 544 consortes

84 556 213 597 injustas
226 559 384 599 repudiat:
411 563 440 589 et
455 569 521 590 cum
538 558 693 598 sit_purus,
711 567 778 588 cum
798 558 913 597 impuro

82 611 143 632 non
158 603 300 642 polluitur
318 612 324 634 :
342 608 370 634 et
387 613 453 634 cum
480 603 561 634 omni
588 607 668 634 motu
685 602 802 633 turbido
819 606 912 643 vacet,

83 655 151 676 cum
169 646 205 677 iis
220 647 271 687 qui
289 648 445 678 alfectibus
472 648 614 684 serviunt,
642 657 701 678 non
719 651 867 678 moratur:
887 651 916 677 et

85 699 153 720 cum
166 695 285 721 sanctus
298 691 347 728 sit,
368 692 396 722 in
414 692 545 723 animam
561 692 744 733 inquinatam
760 695 789 722 et
805 691 915 731 impro-

88 733 156 764 bam
171 744 231 766 non
244 735 420 775 ingreditur.
440 737 530 767 Malus
546 741 644 768 autem
658 740 744 776 atque
760 735 914 776 improbus

89 783 146 816 est,
163 779 213 819 qui
228 780 345 810 semine
362 781 432 811 mali
448 781 478 812 in
503 781 594 812 corde
619 791 672 812 suo
688 785 838 821 suscepto,
852 780 914 810 fru-

91 827 170 853 ctum
187 824 244 854 fert
260 824 378 855 diabolo
394 826 496 865 spinas
512 830 541 857 et
568 826 702 866 tribulos,
719 825 823 856 aeterni
841 825 916 864 ignis

955 291 1185 319 consentaneam
1197 287 1396 324 occasionem,
1414 286 1466 318 sed
1482 287 1576 317 solum
1595 287 1724 318 mandati
1741 297 1775 319 ex

954 333 1095 374 superbia
1120 332 1383 371 contemptionem,
1414 335 1574 372 contraque
1598 331 1707 373 ipsum,
1725 332 1776 372 qui

954 387 1021 409 eum
1034 387 1049 408 e
1064 381 1142 407 terra
1155 377 1280 406 ﬁnxerat
1291 375 1523 416 improbitatem,
1537 376 1775 415 ingratitudinein

953 421 1130 463 apostasiam
1149 421 1191 461 (in
1209 430 1297 461 quam
1331 420 1470 451 diabolus
1501 421 1549 452 ille
1564 430 1616 461 per
1629 430 1662 451 se
1676 431 1710 453 ac
1724 431 1777 453 sua

955 471 1058 507 sponte
1071 468 1184 506 primus
1197 465 1309 503 incidit)
1322 465 1465 495 invenies.
1478 465 1778 507 Quareunumquem-

955 521 1012 552 que
1024 511 1175 541 hominem
1188 511 1264 540 scire
1277 514 1403 550 oportet,
1413 510 1582 550 Superbiam
1597 512 1703 552 cuique
1711 521 1776 542 cum

956 560 1040 586 aetate
1056 556 1168 594 angori,
1198 560 1370 594 conceptam
1402 555 1430 585 in
1459 555 1557 584 animo
1587 565 1621 586 ex
1636 556 1776 595 amentia,

957 610 1044 640 quam
1074 600 1233 630 amentiam
1265 600 1364 629 inﬂata
1395 600 1431 629 de
1461 609 1492 629 se
1519 600 1618 640 opinio
1643 605 1777 640 generat.

957 645 1085 676 Proinde
1101 649 1167 675 ante
1185 644 1285 674 omnia
1302 643 1464 683 quemlibet
1481 645 1581 674 statim
1608 654 1624 675 a
1647 646 1779 677 tenebris

956 689 1123 729 unguiculis
1136 689 1180 719 sui
1199 688 1291 728 ipsius
1304 688 1500 727 cognitionem
1521 689 1622 720 doceri
1638 698 1778 721 necessa-

956 734 1031 764 rium
1045 738 1111 764 est:
1145 734 1283 774 quoniam
1316 733 1352 763 de
1382 733 1572 772 corruptione
1599 734 1730 773 quidem,
1747 739 1780 766 ut

957 779 1056 819 saliva,
1074 784 1155 809 satus
1184 782 1250 815 est;
1277 777 1408 818 augescit
1436 781 1534 807 autem
1563 783 1595 809 ut
1611 777 1728 815 herba;
1753 783 1781 809 et

958 823 1092 863 pluribus
1107 833 1140 853 ex
1172 823 1303 863 partibus
1333 822 1455 852 llaccide
1484 822 1677 862 compositus,
1694 823 1780 854 facile

89 868 282 906 nutrimenta,
296 868 1138 909 putainvidiam,odium,injuriarumaltamBdisSolvilur,
1166 876 1200 898 ac
1229 867 1397 907 dissipatur.
1437 867 1572 907 Vivitque
1601 867 1780 908 quotidiana:

89 913 277 950 memoriam,
303 914 411 951 zelum,
440 915 674 955 contentionem,
703 913 913 953 arrogantiam,
960 913 1165 953 putrefactioni
1181 913 1345 943 obnoxius:
1376 912 1413 943 Et
1444 913 1590 944 interiora
1605 915 1681 953 ejus,
1696 915 1782 955 juxta

88 966 192 987 vanam
208 958 344 996 gloriam,
361 959 546 1000 superbiam,
567 960 678 997 dolum,
698 959 913 995 curiositatem,
959 959 1142 998 prophetam,
1167 959 1261 988 etiam
1287 958 1367 997 ante;
1383 962 1510 988 martem
1526 961 1725 996 e/fei'tuerunt
1740 960 1778 991 ‘0.

88 1002 281 1040 calumniam,
299 1008 328 1034 et
344 1004 368 1034 si
384 1004 450 1044 quis
479 1004 554 1035 alius
583 1004 766 1035 aversandus
783 1007 811 1034 et
827 1011 914 1033 exse-

89 1046 218 1077 crandus
233 1047 357 1079 affectus
374 1058 426 1089 per
442 1058 551 1089 corpus
563 1049 696 1088 jucunde
706 1051 874 1083 exercetur,
890 1050 919 1077 et

89 1090 240 1122 internum
249 1092 399 1123 hominem
413 1093 739 1134 nostrum,coinquinat,
753 1091 916 1123 secundum

89 1143 192 1166 vocem
211 1137 340 1168 Domini.
372 1137 428 1169 Sed
463 1139 540 1169 Deus
564 1138 699 1176 meliora,
730 1138 845 1173 fratres,
864 1146 918 1166 ne-

90 1180 250 1220 aliquando
266 1182 439 1223 hujusmodi
455 1183 566 1215 zizania
596 1183 803 1223 producamus,
820 1191 851 1212 ex
869 1190 917 1211 so-

89 1225 195 1256 cordia
213 1234 352 1267 suscepto
370 1229 398 1258 in
414 1227 555 1258 cordibus
581 1227 690 1258 nostris
707 1227 773 1257 ma'i
791 1226 916 1259 semine.

91 1268 253 1310 Contingat
267 1276 366 1303 autem
391 1271 517 1303 fructum
548 1271 584 1302 ad
614 1273 810 1307 tricesimum,
828 1275 918 1301 ctse-

90 1314 286 1353 xagesimum,
304 1320 332 1346 et
348 1317 544 1347 centesimum
559 1317 586 1354 9,
614 1316 873 1357 spirituIeumdem
888 1314 916 1344 in

91 1357 179 1389 nobis
195 1360 389 1399 progignente
405 1360 520 1392 Christo
550 1361 694 1399 fundere;
718 1366 748 1391 ut
764 1363 832 1390 sunt
846 1359 916 1389 cha-

94 1401 176 1439 ritas,
208 1404 359 1443 gaudium,
388 1415 455 1446 pax,
485 1405 707 1444 longanimitas,
739 1403 916 1444 benignitas,

94 1446 221 1484 bonitas,
239 1449 324 1485 fides,
354 1451 560 1483 mansuetudo.
591 1449 785 1486 continentia,
811 1453 840 1480 et
863 1448 920 1479 alia

95 1500 172 1531 pane
188 1493 377 1531 cognitionis,
393 1499 422 1525 et
436 1503 573 1526 crescere
590 1494 756 1531 virtutibus,
769 1498 797 1525 et
811 1501 919 1524 occur-

958 1003 1073 1034 Etenim
1090 1003 1139 1043 qui
1155 1003 1284 1043 seipsum
1316 1003 1420 1038 nescit,
1452 1002 1590 1042 paulatim
1614 1002 1643 1033 in
1661 1003 1779 1043 fastum,

960 1052 988 1078 et
1012 1048 1207 1087 arrogantiam
1235 1047 1383 1087 delapsus,
1415 1047 1523 1077 stultus
1551 1046 1688 1079 efﬁcitur.
1706 1048 1781 1084 Quid

961 1092 1039 1123 enim
1056 1097 1115 1123 tam
1133 1092 1284 1123 stolidum.
1311 1102 1398 1131 quzun
1428 1091 1574 1132 leprosus,
1592 1096 1621 1122 et
1637 1095 1696 1123 toto
1713 1102 1780 1124 cor-

961 1147 1032 1178 pore
1048 1137 1175 1170 vitiatus.
1194 1137 1309 1175 si,forte
1326 1141 1460 1176 torqui-in
1488 1146 1612 1167 aureum
1629 1142 1735 1176 gestet,
1754 1143 1782 1169 et

959 1182 1127 1221 splendidis
1156 1182 1296 1212 induatur
1320 1181 1459 1220 vestibus,
1488 1182 1552 1222 ipse
1582 1183 1735 1220 deformis,
1754 1189 1783 1215 et

961 1226 1100 1258 foeditatis
1117 1227 1221 1266 plenus
1237 1228 1251 1257 ?
1277 1225 1347 1257 Cum
1377 1231 1474 1257 autem
1493 1231 1619 1258 mentem
1636 1228 1780 1269 omiserit,

960 1281 1114 1310 organum,
1147 1276 1175 1301 et
1205 1271 1432 1302 instrumentum
1462 1271 1605 1302 daemonis
1620 1273 1784 1313 appellatur

960 1317 989 1347 in
1006 1316 1166 1346 omni‘vitze
1183 1317 1410 1353 consuetudine,
1440 1320 1469 1347 et
1490 1316 1628 1348 inimicus
1644 1317 1696 1348 Dei
1713 1328 1782 1348 eva-

959 1362 1012 1393 dit.
1026 1361 1089 1393 Jam
1105 1361 1174 1402 quid
1188 1364 1236 1398 [eo
1267 1361 1443 1397 mirabilius,
1474 1361 1525 1401 qui
1552 1371 1583 1392 se
1599 1367 1629 1392 ut
1644 1362 1784 1394 inimicus

960 1416 976 1437 a
993 1407 1052 1437 Deo
1069 1405 1241 1445 separavit?
1269 1404 1341 1436 Nam
1371 1405 1418 1436 cui
1447 1406 1523 1436 male
1540 1411 1584 1437 est
1599 1406 1628 1437 in
1646 1417 1781 1447 corpore,

963 1451 1098 1482 morbum
1115 1450 1247 1481 sentiens
1258 1450 1293 1480 ad
1308 1450 1439 1480 medicos
1451 1455 1599 1490 properat.
1614 1451 1669 1488 Qui
1683 1453 1782 1483 animo

961 1500 1090 1535 aegrotat,
1107 1495 1290 1535 aegritudinis
1305 1504 1393 1526 sensu
1409 1499 1489 1526 caret
1505 1507 1511 1524 :
1543 1501 1572 1526 et
1587 1506 1644 1536 quo
1660 1497 1780 1537 pericu-

95 1544 163 1582 rere
171 1537 208 1582 in
223 1537 316 1582 virum
334 1539 511 1578 perfectum,
525 1540 554 1570 in
568 1548 737 1573 mensuram
753 1538 846 1570 aetatis
854 1537 920 1579 ple-
932 1577 948 1582 _
962 1541 1054 1572 losius
1069 1545 1200 1580 aegrotat,
1231 1541 1286 1571 hoc
1309 1540 1408 1571 minus
1435 1540 1527 1571 sensit
1543 1550 1550 1579 ;
1568 1545 1656 1582 atque
1671 1541 1782 1574 idcirco

95 1579 241 1613 nitudinis
256 1581 375 1614 Christi.

389 1627 530 1661 ORATIO
545 1629 621 1662 VIH.

398 1668 613 1702 ARGUMENTUM.

96 1704 187 1750 Duos
196 1715 384 1750 essecaasas,
394 1710 822 1750 unamperditionismlteram
837 1707 919 1739 salu-

138 1748 188 1778 tis.
207 1747 386 1788 Superbiam
401 1747 572 1782 hominibus
587 1751 678 1782 simul
693 1759 761 1782 cum
776 1753 864 1780 aeuus
875 1756 921 1779 ac-

138 1796 278 1834 crescere.
292 1788 414 1834 Notam,
424 1791 736 1834 etsigitumcommune
750 1790 792 1821 Ch
799 1789 922 1834 rationi

136 1827 349 1860 demissioncm
356 1827 464 1868 animi,
471 1827 500 1861 εἰ
507 1832 704 1863 humilitatem
710 1830 923 1867 esse,omnino-

139 1877 198 1912 quae
209 1870 337 1912 requiri,
348 1873 382 1912 ut
389 1872 593 1912 unusquisque
612 1875 707 1912 norit,
718 1880 748 1902 se
758 1870 835 1901 nihil
845 1878 920 1901 esse.

139 1909 265 1952 Duobus
272 1911 432 1949 sacriﬁciis
444 1909 683 1952 Deum-placari,
696 1909 778 1943 circa
791 1919 858 1951 quae
870 1918 922 1941 sa-

138 1949 187 1995 lus
211 1958 273 1980 non
297 1954 425 1982 constat.
443 1951 509 1989 Quo
522 1949 634 1984 indicio
648 1953 715 1993 quis
732 1949 921 1992 Deo’appro-

136 1997 286 2036 p‘mquare
300 1995 527 2036 congnoscatur.

141 2028 330 2070 Quaecunque
358 2028 387 2061 in
417 2032 474 2063 ista
503 2032 673 2064 mortalium
699 2031 757 2063 vita
785 2035 865 2069 sunt,
881 2030 918 2062 ad

99 2073 158 2105 duo
175 2073 362 2114 rediguntur,
393 2085 520 2116 quorum
542 2077 623 2108 aliud
641 2084 780 2116 magnum
795 2076 918 2116 bonum,

99 2118 179 2150 aliud
192 2128 331 2158 magnum
339 2124 385 2151 est
396 2121 517 2153 malum.
530 2121 567 2152 Et
577 2122 650 2153 illud
662 2121 783 2162 qutdem
795 2125 826 2152 ut
838 2130 922 2152 sum-

929 1577 950 1609 C
961 1586 1049 1617 etiam
1065 1577 1108 1616 ad
1118 1577 1250 1616 medicos
1271 1585 1440 1626 spirituales
1467 1594 1525 1616 non
1540 1577 1783 1619 vult-accurrere.

962 1630 1034 1662 Cum
1052 1630 1140 1670 igitur
1155 1630 1322 1671 quempiam
1339 1630 1467 1670 superbe
1495 1640 1528 1661 se
1543 1637 1694 1670 gerentem
1709 1642 1783 1663 con-

963 1676 1109 1716 spexeris,
1125 1675 1317 1716 proportione
1338 1675 1485 1716 superbia:
1508 1685 1543 1706 ac
1571 1676 1784 1716 superbientis,

962 1726 1113 1761 stuporem
1140 1720 1246 1751 animm
1276 1720 1340 1760 ejus
1369 1720 1520 1760 conjicito.
1551 1720 1690 1761 Quisquis
1705 1722 1785 1753 enim

964 1769 1104 1805 aegrotum
1118 1775 1151 1796 sc
1164 1774 1220 1795 non
1231 1764 1336 1805 sensit,
1353 1773 1369 1794 a
1386 1769 1479 1794 morte
1496 1765 1573 1795 haud
1591 1765 1675 1804 longe
1691 1765 1784 1798 abest.

962 1809 998 1840 Et
1013 1810 1069 1841 hoc
1086 1813 1236 1850 peccatum
1252 1808 1288 1839 ad
1304 1813 1441 1847 mortem,
1459 1809 1604 1849 superbus
1629 1810 1725 1841 morbi
1740 1810 1788 1841 sui

963 1864 1053 1885 sensu
1070 1854 1238 1885 destitutus.
1257 1853 1329 1884 Nam
1345 1853 1396 1894 qui
1422 1853 1452 1884 in
1468 1854 1596 1894 peccatis
1613 1854 1700 1885 vitam
1715 1855 1786 1896 agit,

963 1899 1096 1940 aliosque
1111 1899 1197 1930 docet
1211 1903 1240 1929 et
1255 1903 1436 1936 commonet,
1456 1899 1542 1930 morti
1560 1899 1722 1938 proximus,
1740 1899 1788 1931 hic

965 1944 1080 1975 medico
1095 1953 1153 1974 non
1174 1943 1298 1983 indiget.

1003 1989 1189 2029 Quapropter
1204 1988 1372 2019 faciendum
1391 1989 1521 2028 penitus,
1544 1992 1575 2019 ut
1590 1989 1678 2020 homo
1694 1989 1789 2029 quivis

963 2033 1094 2075 seipsum
1110 2037 1277 2073 cognoscat,
1295 2033 1374 2073 quod
1402 2033 1439 2063 de
1459 2042 1492 2063 se
1508 2033 1660 2064 humiliter
1675 2034 1787 2065 sentire

962 2078 1054 2120 possit
1070 2087 1076 2109 :
1095 2087 1162 2108 nam
1178 2077 1331 2108 lumilitas
1360 2077 1474 2108 occulta
1504 2077 1639 2117 quaedam
1658 2078 1786 2117 pruden-

965 2125 1005 2156 tia
1031 2127 1085 2154 est.
1103 2122 1140 2154 Ut
1168 2122 1247 2153 enim
1277 2122 1376 2152 omnis
1405 2121 1551 2162 superbus
1580 2122 1727 2162 insipiens
1754 2131 1789 2154 ac

101 2173 183 2194 mum
197 2173 231 2194 ac
247 2165 523 2204 praestantissimum
550 2166 661 2198 bonum
687 2166 717 2196 in
745 2166 851 2197 caelum
866 2166 922 2196 ho-
966 2169 1072 2200 stultus
1087 2172 1142 2206 est,
1159 2167 1201 2198 ita
1216 2166 1313 2197 omnis
1341 2166 1461 2198 humilis
1483 2167 1616 2207 prudens
1632 2172 1660 2198 et
1675 2168 1789 2198 intelli-

100 2208 197 2254 miues
226 2209 383 2254 pervehit:
412 2210 469 2242 hoc
497 2221 514 2242 e
543 2211 671 2250 diverso,
698 2215 731 2243 ut
760 2209 1102 2254 extremuniDgens..Et
1117 2211 1258 2252 quoniam
1275 2211 1403 2252 fatuitas,
1429 2221 1465 2242 :c
1494 2212 1611 2242 caecitas
1643 2212 1791 2253 superbiae

101 2253 212 2283 malum
237 2253 272 2284 ad
301 2253 475 2286 inferiorum
503 2256 606 2287 intima
634 2265 686 2287 eos
714 2255 865 2296 deprimit,
890 2264 924 2285 ac

99 2297 257 2342 demergit.
275 2298 313 2330 Et
328 2299 400 2330 illud
428 2301 548 2342 veritas,
579 2301 637 2332 hoc
665 2300 851 2331 mendacium
867 2304 922 2331 est.

96 2341 173 2373 Illud
188 2342 296 2374 eximia
313 2344 462 2385 voluptas,
479 2350 509 2377 et
526 2341 683 2377 oblectatio
700 2353 708 2376 :
736 2345 794 2375 hoc
810 2344 926 2375 inﬁnita

97 2387 313 2419 afflictioJHud
321 2389 760 2430 prudeniia;hocfatuitas.Illud
773 2399 789 2420 ο
805 2389 923 2420 :inibus.

97 2432 494 2473 etomnimodisgenninum;
509 2435 777 2474 hocinimicum,et
792 2435 926 2474 peregri-

97 2477 430 2524 num.Illudrectitudo;
443 2481 500 2511 hoc
507 2480 677 2520 obliquitas.
690 2478 763 2510 Illud
774 2479 928 2524 gaudium,

99 2526 129 2553 et
139 2522 313 2560 exsultatio;
326 2524 381 2555 hoc
395 2525 524 2562 tristitia,
536 2530 565 2556 et
583 2524 736 2556 tumultus.
750 2523 822 2555 Illud
835 2524 908 2554 ordo
921 2522 927 2556 ἐ

101 2567 156 2598 hoc
167 2567 313 2599 confusio.
328 2568 468 2604 Quaenam
481 2579 550 2609 ergo
570 2570 624 2600 ista
641 2567 735 2600 sunt?
747 2567 817 2604 Quae
827 2567 842 2598 ?
852 2568 926 2600 Illud

101 2611 254 2642 humilitas
267 2621 274 2650 ;
295 2613 350 2644 hoc
366 2614 543 2654 arrogantia.
558 2614 655 2646 Unum
669 2613 749 2644 enim
760 2617 923 2652 peccatum,

102 2657 148 2688 sui
171 2657 350 2698 admiratio;
371 2664 400 2690 et
415 2670 472 2692 una
484 2661 609 2700 justitia,
628 2668 768 2701 suprema
783 2659 925 2690 humilia-

101 2701 155 2733 tio.
170 2702 334 2734 Considera
347 2703 438 2744 igitur
461 2710 627 2746 peccatum,
655 2704 735 2744 quod
751 2703 880 2735 Adamus
895 2704 927 2735 in

103 2746 208 2787 gloria,
225 2751 254 2778 et
281 2747 398 2780 deliciis
427 2750 556 2791 paradisi
585 2750 694 2782 sedens
719 2749 880 2787 commisit,
898 2753 928 2781 et

967 2257 1057 2288 multa
1074 2261 1101 2287 et
1119 2266 1223 2295 magna
1252 2255 1391 2296 adjuncta
1419 2260 1465 2287 est
1497 2257 1696 2298 hominibus;
1723 2257 1791 2288 ideo

965 2302 1055 2339 Deus,
1072 2311 1138 2332 cum
1156 2301 1196 2332 sit
1218 2301 1324 2337 bonus,
1347 2301 1484 2332 suavibus
1499 2302 1634 2339 molesta,
1650 2311 1684 2333 ac
1700 2302 1793 2333 tristia

967 2346 1136 2383 admiscuit,
1159 2355 1196 2376 ne
1212 2345 1373 2376 elevemur.
1389 2347 1480 2387 Cujus
1497 2346 1541 2377 rei
1556 2346 1637 2377 Pauli
1653 2347 1790 2387 apostoli,

968 2392 1018 2432 qui
1029 2392 1059 2422 in
1070 2390 1227 2422 excellenti
1237 2390 1360 2421 Deitatis
1369 2391 1463 2431 gloria
1474 2392 1537 2429 fuit,
1562 2395 1592 2422 et
1606 2391 1794 2422 admirabilia

969 2445 1059 2477 opera
1088 2435 1221 2476 patravit,
1253 2436 1390 2466 stimulus
1419 2436 1528 2473 carnis,
1560 2441 1589 2466 et
1604 2437 1793 2477 colophizans

973 2491 1039 2512 eum
1056 2480 1177 2511 Satanas
1194 2479 1281 2510 fidem
1297 2480 1384 2511 faciet
1400 2481 1423 2502 “
1439 2492 1445 2513 :
1475 2485 1506 2512 ut
1521 2481 1646 2522 proinde
1663 2481 1791 2521 majores

974 2535 1027 2567 pro
1043 2525 1124 2556 omni
1151 2525 1352 2563 tribulatione,
1382 2535 1469 2566 quam
1500 2536 1552 2566 pro
1568 2526 1745 2557 remissione
1759 2534 1794 2557 ac

968 2570 1153 2610 indulgentia
1168 2570 1278 2609 gratias
1293 2579 1381 2610 agere
1407 2570 1581 2608 debeamus,
1598 2580 1667 2611 quo,
1685 2579 1792 2611 quem-

967 2615 1127 2647 admodum
1144 2615 1173 2646 in
1185 2615 1338 2655 jucundis,
1356 2616 1398 2646 sic
1412 2616 1500 2647 etiam
1527 2616 1558 2646 in
1574 2615 1708 2646 tristibus
1723 2624 1792 2654 gra-

968 2661 1038 2692 tiam
1055 2670 1290 2701 promereamur.
1307 2662 1439 2693 Necesse
1455 2665 1501 2692 est
1516 2661 1625 2701 itaque,
1641 2660 1794 2691 mortalem

968 2705 1102 2746 quemvis
1118 2714 1216 2744 nosse,
1235 2715 1267 2737 se
1295 2705 1370 2737 nihil
1402 2715 1479 2746 esse,
1509 2705 1599 2746 idque
1629 2705 1664 2736 ab
1680 2714 1726 2742 eo,
1744 2704 1795 2745 qui

968 2750 1134 2782 diademate
1149 2755 1271 2782 ornatus
1299 2750 1423 2792 incedit,
1451 2760 1544 2792 usque
1572 2749 1610 2781 ad
1624 2750 1749 2789 nudum,
1766 2753 1795 2780 et

139 2831 157 2858 9
170 2832 272 2866 Matth.
289 2841 353 2874 xm,
366 2834 386 2867 8
401 2844 488 2877 seqq.
531 2835 560 2862 ¹0
574 2835 641 2869 Job.
655 2843 724 2875 xxx,
742 2834 793 2867 27.
837 2835 862 2862 ¹¹
876 2834 890 2867 Ι
905 2835 920 2868 C

961 2844 975 2868 ’.
992 2843 1045 2874 xu,
1061 2836 1093 2868 7.
