1983 3072
216 135 275 168 359

865 137 1055 170 SYMEONIS
1073 137 1249 170 JUNIORIS

1847 138 1911 171 360

216 204 395 235 mendisum.
407 202 563 239 QuiaDens
571 202 761 242 omnipotens
769 203 1072 236 nescientemseni-A
1083 204 1160 244 quod
1173 204 1420 236 sanctiﬁcatorum
1440 213 1598 236 commune
1614 205 1756 236 indicium
1773 209 1818 237 est
1832 217 1838 238 :
1859 210 1912 236 aut
1953 208 1954 217 ‘

216 249 257 280 hil
270 258 346 285 esse,
356 247 488 288 quamvis
497 247 914 282 salvarevclil,sal\-'aretanmn
925 259 982 279 non
992 259 1041 290 po-

215 297 282 325 test.
291 292 483 332 Etiaiusiquis
491 292 633 323 mundum
643 292 812 322 universum
835 295 892 324 lico
908 294 1037 324 donave-

213 338 346 378 rit,qnod
355 337 421 367 ﬁeri
431 336 543 376 nequit,
559 345 613 366 nec
625 340 720 366 tamen
732 337 788 367 sibi
800 339 988 376 persuaserit,
1007 348 1039 369 se

211 383 286 414 nihil
302 392 379 421 esse,
405 382 511 412 salvari
537 390 687 420 nunquam
719 382 835 421 poterit.
855 384 951 418 Qum);
968 393 1037 422 ergo

210 428 293 459 dabit
306 427 393 458 homo
402 426 666 457 commutationem
675 435 730 465 pro
743 429 846 456 (mima
858 436 912 457 sua
922 427 969 457 1'2?
979 438 1036 458 non

210 482 282 503 sane
297 471 395 512 ipsum
411 470 489 501 scire
505 469 584 510 quod
603 470 674 499 nihil
690 470 726 499 sit
744 479 749 500 :
781 471 832 500 St‘ll
860 471 890 501 in
907 481 940 502 eo
957 473 1034 512 quod

210 517 340 557 seipsum
354 515 426 546 nihil
445 524 510 546 esse
522 515 590 554 scit,
604 515 727 545 fortasse
738 515 931 556 agnitionem,
946 522 974 547 et
985 527 1037 556 per

209 561 391 602 agnitionem
409 560 584 600 prudentem
603 568 653 589 cor
669 560 830 590 contritum
854 564 882 591 et
898 561 1036 592 humilia-

1083 250 1227 280 contritus
1239 254 1267 280 et
1279 250 1464 290 humiliatus,
1477 250 1554 290 quod
1567 250 1780 281 misericordize
1792 251 1911 291 adeptae

1081 298 1285 333 argumentum
1311 294 1448 325 habetur.
1482 295 1600 326 Etenim
1630 291 1725 326 ﬁdelis
1755 295 1865 335 omnis,
1883 295 1910 325 si

1080 338 1150 378 quid
1168 343 1289 378 propter
1313 339 1463 370 Christum
1488 340 1603 380 fecerit,
1635 349 1686 370 cor
1701 341 1860 370 contritum
1879 343 1910 370 et

1080 383 1265 413 humiliatum
1283 383 1412 413 vicissim
1429 384 1546 424 recipit,
1578 384 1723 424 divinum,
1741 389 1770 416 et
1785 385 1906 415 incom—

1080 427 1212 467 parabile
1228 428 1350 468 donum,
1380 428 1600 466 miraculorum,
1628 429 1777 468 signorum
1795 434 1824 459 et
1839 438 1910 469 pro—

1078 473 1223 512 digiorum
1241 473 1335 503 basim
1352 482 1386 503 ac
1403 473 1644 510 fundamentum,
1668 474 1834 504 animarum
1852 483 1905 503 re-

1078 517 1305 555 surrectionem,
1319 516 1570 558 redemptionem,
1583 521 1705 558 propter
1716 527 1803 558 quam
1819 518 1907 548 dedit

1079 562 1158 592 Deus
1169 562 1274 592 Filium
1287 571 1372 592 suum
1386 572 1392 592 :
1411 562 1443 592 Ut
1455 563 1562 593 omnis
1577 563 1635 602 qui
1646 564 1746 594 credit
1763 572 1798 593 m
1812 571 1902 603 eum,

211 612 284 646 tum,
302 605 379 646 quod
412 605 508 635 solum
538 604 690 644 proprium
722 608 766 634 est
796 604 835 644 pii
851 605 906 636 viri
925 607 1036 637 sacriﬁ-
1078 607 1460 647 nonpereat,scdltabeat
1473 609 1577 638 vitam
1590 612 1748 638 alternam
1764 609 1801 636 15.
1819 607 1855 637 Et
1871 611 1905 637 ut

209 653 302 688 cium,
322 649 357 681 ab
375 650 438 690 ipso
461 658 591 689 purpura
606 649 708 678 vestito
726 658 819 689 usque
832 651 868 680 ad
891 660 969 688 eum,
987 654 1041 692 qui
1080 651 1905 692 vivenscognosco.tsolmnverumDeum,etquemmi—

210 707 264 738 per
279 696 391 736 plateas
406 694 511 733 stipem
527 693 604 733 cogit
622 703 628 723 :
660 693 737 732 quod
763 694 859 724 solum
886 696 965 726 Deus
980 706 1038 727 non
1080 696 1398 727 ﬂthsumCIiristum
1416 696 1454 726 ‘6.
1468 697 1903 736 Cognitioenimdivinmpieta—

211 740 367 781 despiciet,
396 739 444 779 qui
475 738 555 768 novit
581 738 654 768 nihil
684 738 762 768 aliud
792 740 943 779 proprium
970 751 1040 781 sup~
1080 740 1128 776 tis,
1144 740 1274 771 habitum
1292 741 1634 780 humilitatisingenerat,
1649 741 1798 771 humilitas
1811 740 1902 771 habi-

211 786 344 827 peditare
369 782 494 820 homini,
525 784 605 822 quod
632 783 659 813 ei
691 783 850 815 sacriﬁcet.
882 785 979 816 Testis
996 796 1041 828 est
1080 789 1140 816 tum
1152 785 1676 826 mansuetudinis;quiduohabitusad
1688 786 1904 817 Deumt'aciunt

211 831 302 863 David
316 840 322 860 :
346 828 698 876 Qaqniam_si_roluisses
719 829 914 876 soi-riﬁi-ium,
930 831 1037 876 inquit,
1079 831 1326 871 appropinquare.
1339 831 1464 871 Semper
1474 832 1552 861 enim
1573 831 1619 860 hae
1631 831 1696 860 dum
1709 831 1830 860 virtutes
1841 829 1901 859 sibi

209 874 485 921 dedissenuttiquei
499 872 958 921 holocaustisnonftletectqberis
979 872 1223 921 b‘aLBcopulatae
1237 878 1315 913 sunt,
1332 879 1362 906 et
1374 876 1545 915 religiosum
1558 885 1626 915 erga
1642 877 1732 906 Deum
1750 885 1805 906 ceu
1820 875 1900 905 insi-

207 921 356 960 cri/icium
368 919 431 948 Deo
439 918 565 956 spiritus
575 917 795 948 contribulatus
804 918 840 948 l5.
858 918 953 950 Corde
966 930 1034 951 con-

208 966 275 996 trito
307 969 335 995 et
365 962 518 993 humiliato
550 962 604 991 hoc
643 962 819 992 sacriﬁcium
852 965 1030 996 continetur.

207 1009 315 1049 Reges,
328 1008 466 1048 dynaslae,
480 1006 776 1047 nobiles,sapientes,
789 1009 1026 1049 rustici,divites,

207 1063 365 1095 pauperes.
397 1051 540 1092 mendici,
580 1051 719 1089 latrones,
757 1053 847 1090 avari,
879 1054 1027 1094 injuriosi,

205 1100 302 1138 legum
321 1098 488 1133 violatores,
508 1097 660 1136 ampuztici,
679 1097 966 1139 homicidze,quique
975 1109 1029 1140 per

203 1153 292 1175 omne
308 1152 400 1183 genus
416 1143 561 1172 scelerum
577 1141 702 1176 iverunt,
727 1152 872 1173 mensurae
889 1149 1026 1182 peccato-

203 1198 268 1219 rurr
284 1196 422 1218 remensa
450 1187 537 1226 hujus
568 1187 734 1225 prastaulia
765 1188 902 1218 sacriﬁcii
927 1189 1027 1220 salvati

204 1238 284 1270 sunt,
301 1237 330 1263 et
344 1232 545 1263 mirabuntur.
561 1231 621 1261 lmo
638 1232 730 1262 sancti
748 1242 875 1271 quoque,
899 1237 926 1263 et
938 1234 1022 1273 justi,

204 1283 233 1309 et
251 1277 359 1308 mundo
376 1277 466 1307 crrde
483 1285 535 1315 pcr
551 1276 605 1306 hoc
621 1286 711 1306 unum
729 1277 906 1307 sacriﬁcium
924 1279 1024 1309 sa'utis

201 1323 275 1354 ﬁunt
290 1325 452 1362 compotes.
470 1321 669 1360 Elecmosynae
686 1325 840 1361 praeterea,
853 1322 938 1358 ﬁdes,
956 1323 1024 1363 fuga

203 1368 303 1399 saeculi
319 1372 348 1398 et
364 1367 461 1406 ipsum
479 1365 550 1396 illud
581 1375 719 1405 magnum
737 1371 899 1404 certamen,
918 1372 1025 1409 marty-

198 1413 288 1450 rium,
306 1412 360 1442 sub
376 1412 476 1442 cinere
493 1419 653 1450 prunarum
670 1411 807 1442 sacriﬁcii
823 1411 912 1451 hujus
927 1412 1023 1443 lucem

199 1458 281 1489 dant.
293 1457 328 1487 Et
344 1457 400 1487 hoc
412 1460 456 1486 est
469 1455 648 1486 sacriﬁcium
665 1455 775 1494 absque
792 1462 924 1496 peccato,
942 1457 1019 1496 quod

197 1503 359 1542 benignum
375 1501 469 1547 Deum
486 1500 585 1547 vincit.
617 1499 719 1547 Solum
748 1501 823 1531 istud
838 1501 1016 1532 sacriﬁcium
1028 1515 1050 1547 ε

197 1551 324 1587 poseunt
353 1545 460 1578 morbi.
492 1544 712 1581 ti'ibuliiliones,
743 1545 894 1584 angustia},
911 1546 1018 1577 delicta

194 1591 311 1628 animm,
329 1592 449 1621 aﬁ‘ectns
466 1589 610 1629 corporis,
637 1593 669 1620 ut
697 1589 763 1630 quis
791 1599 826 1620 eo
842 1589 935 1621 Deum
952 1591 1016 1630 pie-

195 1637 281 1667 colat.
298 1635 380 1672 Quod
411 1633 462 1675 qui
491 1634 636 1673 habuerit,
668 1634 782 1665 etiamsi
802 1634 904 1666 subter
918 1636 1018 1666 omnia

194 1681 293 1719 fuerit,
311 1685 411 1711 tamen
426 1679 564 1710 alicunde
589 1679 696 1709 cadere
722 1689 780 1709 non
797 1680 915 1719 poterit.
933 1680 1018 1710 Nulla

195 1726 305 1766 quippe
321 1725 377 1756 alia
392 1725 427 1756 de
443 1734 532 1756 causa
548 1725 625 1754 Deus
654 1724 682 1754 in
700 1729 792 1754 terras
814 1725 844 1755 (lt
852 1725 978 1763 scendit,
995 1735 1025 1765 et

193 1771 386 1810 semetipsum
412 1769 576 1800 liumiliavit
605 1779 698 1809 usque
728 1770 762 1800 ad
795 1774 931 1807 mortem,
962 1771 1021 1806 nisi

191 1816 268 1846 utin
283 1825 314 1846 se
330 1815 521 1846 credentibus
543 1823 594 1845 cor
609 1813 767 1845 contritum
785 1819 813 1845 et
829 1815 1016 1846 humiliatum

191 1865 317 1892 crearet.

231 1920 307 1951 Sunt
323 1929 391 1960 ergo
413 1920 472 1951 duo
495 1919 653 1957 sacriﬁcia,
684 1929 749 1959 quze
774 1919 852 1950 Deus
880 1925 908 1951 et
924 1922 1010 1952 Pater

187 1965 305 1996 Domini
320 1965 415 1996 nostri
429 1965 499 1996 Jesu
515 1965 624 1996 Christi
641 1964 775 2005 suscipit,
794 1969 822 1995 et
838 1966 1007 2005 cujuslibet,

187 2014 275 2050 atque
290 2010 364 2041 adeo
381 2010 469 2040 totius
499 2009 602 2040 mundi
631 2009 801 2041 miseretur.
819 2009 927 2050 Unum,
946 2011 1009 2050 ipse

185 2055 330 2086 Dominus
342 2059 369 2086 et
385 2059 486 2086 noster
499 2055 585 2086 Jesus
602 2054 744 2089 Christus,
763 2054 902 2095 idemque
919 2055 1009 2086 Filius

184 2100 250 2138 Dei,
267 2104 298 2130 ut
313 2100 391 2131 Deus
406 2100 595 2131 incarnatus:
622 2099 757 2135 alterum,
776 2099 1009 2140 uniuscujusque

1078 930 1134 960 gne
1150 921 1297 961 quoddam
1309 925 1339 951 et
1349 920 1558 951 notaindicant
1568 929 1678 960 proque
1692 920 1897 959 magnitudine

1075 975 1128 995 sua
1142 966 1178 996 ad
1192 966 1286 996 Deum
1302 965 1463 996 accessisse
1479 965 1683 995 demonstrant
1698 974 1704 995 :
1724 964 1847 1004 perinde
1863 970 1897 994 ut

1072 1020 1138 1050 qua:
1154 1010 1311 1041 humilitati
1330 1015 1359 1041 et
1370 1009 1589 1040 mansuetudini
1605 1009 1798 1039 adversantur
1812 1008 1894 1048 vitia,

1071 1064 1178 1095 nempe
1194 1055 1344 1095 superbia,
1373 1059 1402 1085 et
1426 1054 1590 1090 iracundia,
1621 1058 1763 1094 quantum
1793 1053 1829 1082 ab
1857 1062 1893 1083 eo

1069 1100 1218 1140 quispiam
1232 1100 1321 1130 distet
1334 1099 1502 1135 ostendunt,
1513 1098 1556 1129 Ol)
1571 1099 1597 1129 id
1613 1099 1752 1128 Dominus
1763 1108 1797 1128 ac
1811 1097 1894 1128 Deus

1070 1148 1170 1174 noster
1180 1144 1266 1175 Jesus
1278 1144 1410 1175 Christus
1422 1143 1582 1174 altissimus
1592 1142 1784 1182 semetipsum
1796 1151 1893 1182 usque

1068 1189 1104 1220 ad
1121 1195 1244 1220 mortem
1274 1188 1449 1229 humiliavit,
1481 1193 1509 1219 et
1538 1193 1661 1218 mortem
1692 1187 1789 1218 crucis
1803 1187 1842 1225 1⁷,
1860 1190 1894 1217 ut

1066 1234 1222 1264 credentes
1236 1234 1267 1264 in
1283 1235 1391 1274 ipsum,
1410 1238 1438 1264 et
1467 1232 1613 1272 baptismo
1628 1232 1749 1272 initiati,
1766 1232 1892 1263 edentes

1066 1279 1131 1318 ejus
1139 1288 1256 1319 corpus,
1270 1283 1299 1309 et
1310 1278 1446 1309 bibentes
1459 1278 1523 1317 ejus
1535 1278 1708 1317 sanguinem
1724 1277 1765 1317 (in
1781 1277 1890 1317 quibus

1066 1333 1168 1354 eorum
1181 1322 1364 1362 incorruplio
1380 1327 1408 1353 et
1423 1323 1488 1360 vita)
1513 1323 1589 1353 hanc
1602 1331 1719 1362 quoque
1734 1322 1890 1352 humilita—

1066 1371 1125 1398 tem
1143 1367 1271 1398 habeant
1298 1367 1368 1397 Tria
1383 1367 1462 1398 enim
1480 1367 1542 1397 haec
1571 1366 1771 1403 immaculata,
1789 1370 1818 1396 et
1830 1376 1888 1406 po-

1068 1417 1132 1443 tens
1147 1413 1216 1443 .lesu
1232 1411 1341 1443 Christi
1356 1411 1525 1442 communio
1551 1416 1702 1451 operatur,
1719 1412 1817 1448 vitam,
1836 1411 1886 1441 in—

1062 1457 1296 1497 corruptionem,
1314 1456 1521 1487 humilitatem.
1551 1456 1630 1493 Vita,
1657 1456 1885 1496 etincorruptio

1062 1506 1184 1542 propter
1198 1501 1406 1536 humilitatem,
1423 1501 1575 1531 humilitas
1603 1510 1637 1530 ex
1665 1501 1720 1531 vita
1739 1506 1767 1531 et
1782 1500 1886 1531 incor-

1061 1546 1199 1586 ruptione
1228 1546 1331 1577 cadent
1362 1545 1513 1576 humilitas
1540 1549 1568 1576 et
1598 1545 1702 1584 prima,
1731 1549 1759 1575 et
1783 1545 1882 1576 tertia.

1059 1591 1159 1622 Prima
1173 1591 1307 1631 quidem,
1322 1595 1354 1621 ut
1369 1590 1492 1621 duarum
1507 1600 1555 1621 OCL
1562 1590 1639 1620 asio:
1658 1590 1754 1630 tertia,
1771 1594 1803 1620 ut
1818 1599 1885 1630 quae

1059 1636 1112 1666 has
1126 1635 1362 1676 comprehendit.
1380 1634 1475 1670 Quare
1492 1635 1517 1666 si
1532 1634 1599 1675 quis
1615 1634 1804 1672 Christianus,
1822 1644 1884 1666 non

1063 1681 1141 1712 velut
1156 1681 1273 1711 insitam
1290 1684 1318 1710 et
1343 1676 1475 1710 innatam
1506 1679 1606 1716 habet,
1625 1689 1714 1719 quam
1731 1689 1747 1709 a
1763 1679 1883 1711 Christo

1064 1725 1178 1766 accepit
1192 1725 1399 1762 humilitatem,
1418 1724 1491 1754 nihil
1506 1724 1585 1754 aliud
1613 1733 1629 1754 a
1652 1724 1768 1755 Christo
1780 1724 1881 1765 habet,

1063 1781 1160 1811 neque
1176 1771 1307 1803 Christus
1322 1769 1364 1800 illi
1382 1769 1530 1810 proderit:
1551 1769 1658 1799 etenim
1672 1769 1737 1799 talis
1752 1769 1839 1799 homo
1853 1773 1884 1799 et

1060 1818 1115 1847 Dei
1132 1820 1161 1847 et
1176 1816 1284 1846 suimet
1306 1815 1470 1854 ignorantia
1495 1814 1619 1844 laborat.
1637 1815 1709 1844 Nam
1726 1814 1749 1843 si
1765 1823 1880 1853 cogno-

1057 1863 1144 1891 visset
1159 1870 1191 1891 se
1206 1860 1318 1900 absque
1343 1860 1458 1891 Christo
1483 1859 1556 1889 nihil
1587 1859 1656 1890 boni
1671 1868 1812 1898 unquam,
1830 1868 1883 1890 aut

1053 1907 1183 1937 salutare
1199 1905 1318 1936 efﬁcere
1330 1914 1427 1945 posse,
1442 1908 1471 1935 et
1481 1914 1512 1934 se
1525 1904 1720 1941 humiliasset,
1731 1904 1880 1934 etChristi

1051 1951 1234 1982 huuiiliatem
1251 1951 1335 1989 plane
1351 1949 1510 1989 induisset,
1527 1953 1558 1978 ut
1574 1949 1702 1987 regalem
1714 1948 1876 1987 diploidem

1051 1996 1080 2026 in
1096 2006 1153 2036 qua
1168 1995 1324 2026 christiani
1342 2004 1425 2034 reges
1455 1997 1534 2030 sunt,
1566 2002 1620 2033 per
1635 1993 1727 2032 ipsam
1741 1997 1770 2022 et
1782 1993 1877 2023 animi

1051 2040 1336 2081 perturbationibus,
1355 2043 1383 2069 et
1398 2037 1583 2068 dremonibus
1607 2038 1800 2077 imperantes.
1817 2037 1876 2067 Pro

1052 2080 1139 2116 modo
1157 2085 1235 2115 enim
1253 2085 1378 2115 sincerae
1409 2082 1592 2118 humilitatis,
1622 2081 1652 2111 in
1680 2080 1769 2112 corde
1785 2082 1875 2112 etiam

1053 2130 1157 2160 modus
1174 2129 1287 2169 salutis,
1305 2128 1372 2168 quia
1386 2132 1479 2158 mater
1494 2126 1683 2166 humilitatis,
1701 2135 1786 2156 mens
1801 2126 1874 2157 illu-

185 2154 236 2176 cor
253 2145 410 2176 contritum
428 2150 456 2176 et
482 2144 681 2176 humiliatum.
712 2144 754 2174 De
769 2149 886 2181 caetero,
905 2145 927 2174 si
944 2145 1037 2184 quis‘
1053 2144 1157 2184 ιιιξιυεζδ
1174 2144 1287 2184 ﬁeri:
1305 2144 1850 2184 ‘lﬁl‘f,[““‘f:ffjji'ifmji‘gjfi‘:f1”:

1017 2175 1160 2210 Dminata
1177 2173 1283 2204 Christi
1311 2173 1413 2212 gratia,
1444 2172 1593 2212 propriam
1623 2171 1826 2201 infirmitatem
1843 2171 1875 2202 in

184 2199 288 2221 omnes
303 2190 458 2221 facultates
474 2199 541 2220 suas
557 2189 743 2220 distribuerit
758 2189 788 2219 in
804 2198 960 2229 pauperes,
979 2195 1007 2219 et

182 2234 207 2265 si
223 2234 290 2275 quis
303 2235 493 2275 jejunaverit,
526 2234 699 2274 vigilavcrit,
732 2238 760 2265 et
788 2235 813 2264 si
829 2235 895 2274 quis
911 2235 1004 2266 Deum

182 2285 287 2311 noctes
302 2285 389 2321 atque
405 2280 469 2311 dies
484 2279 625 2320 precibus
641 2278 816 2318 fatigaverit,
845 2288 901 2309 nec
924 2279 954 2308 in
972 2288 1006 2310 eo

182 2335 234 2356 cor
263 2325 435 2366 contritum,
467 2330 495 2355 et
537 2323 725 2354 humilialum
755 2323 844 2354 fuerit
873 2327 1004 2354 creatura

180 2371 323 2410 quoniam
339 2379 425 2401 omne
448 2370 561 2400 donum
588 2368 750 2409 perfectum
779 2369 934 2399 desursum
949 2372 1001 2406 est,

178 2416 356 2446 descendens
368 2424 385 2446 ιι
401 2416 492 2446 Patre
503 2414 656 2444 luminum
667 2414 706 2451 H,
725 2413 790 2443 talis
802 2413 920 2444 inanem
933 2423 1004 2454 ope-

178 2469 240 2490 ram
257 2460 356 2491 sumit.
375 2459 427 2490 llla
441 2459 565 2497 idcirco,
594 2463 622 2489 et
645 2459 708 2489 sola
724 2458 768 2488 via
783 2458 942 2498 quaerenda
957 2462 1001 2489 est

179 2514 231 2546 per
248 2514 335 2545 quam
367 2504 526 2535 contritum
556 2509 583 2535 et
610 2503 798 2534 humiliatum
825 2507 951 2540 creetur,
969 2508 1001 2534 et

178 2556 326 2582 nascatur.
343 2549 374 2580 In
390 2559 448 2590 quo
469 2548 549 2579 enim
578 2557 629 2578 cor
657 2547 825 2578 istiusmodi
839 2547 999 2584 creabitur,

176 2604 268 2636 super
288 2599 398 2627 terram
412 2597 443 2624 ut
472 2593 502 2624 in
531 2602 623 2631 regno
654 2592 797 2623 ccelorum
813 2591 999 2631 ambulavit;

175 2640 322 2681 siquidem
339 2645 451 2670 etcum
468 2638 505 2669 ad
529 2638 666 2668 ultimum
695 2636 833 2677 spiritum
851 2636 1000 2667 edendum

174 2685 263 2717 homo
279 2685 404 2721 venerit,
419 2687 469 2715 aut
479 2683 623 2723 gaudens,
639 2688 668 2713 et
680 2681 831 2713 exsultans
840 2681 999 2720 invenitur,

215 2766 242 2788 ¹²
255 2767 360 2799 Matth.
375 2773 437 2806 xvi,
453 2765 503 2796 26.
547 2764 576 2789 43
589 2763 669 2795 Psal.
685 2772 715 2800 1.,
732 2763 782 2796 48.

171 2807 190 2840 7
205 2816 289 2850 seqq.

825 2762 923 2795 “Jac.
933 2770 955 2802 ι,
968 2763 1015 2794 t7.

1048 2219 1147 2250 divino
1164 2218 1276 2248 lumine
1295 2219 1348 2247 clai
1360 2227 1375 2247 e
1392 2217 1593 2257 perspiciens;
1622 2215 1873 2255 quemadmodum

1049 2273 1155 2303 parcns
1169 2262 1326 2302 SUpel‘DlEB,
1343 2262 1373 2292 in
1402 2260 1533 2292 tenebris
1561 2260 1692 2291 stultitim
1709 2269 1791 2290 mens
1807 2269 1874 2291 sese

1047 2308 1264 2348 contemplans.

1348 2359 1490 2392 ORATIO
1516 2359 1565 2390 ΙΧ.

1350 2407 1562 2438 AnccuENTrM.

1043 2465 1119 2502 Quis
1133 2465 1175 2495 sit
1191 2464 1287 2501 ἄνομος
1301 2462 1403 2501 Cl‘lt’l‘,
1419 2466 1447 2491 θι
1463 2462 1536 2501 φιὶέ
1555 2462 1719 2502 πχρῑςίιῡξιοςᾷ
1730 2460 1869 2502 violatur

1084 2506 1171 2544 legis.
1185 2504 1265 2542 Quis
1275 2506 1495 2543 )ti’Ct.'(tt0I‘,(‘lr/
1503 2500 1867 2544 uisiml}[mgf/tristitia

1081 2542 1413 2586 propterimptclalcs,
1436 2547 1463 2573 ct
1476 2542 1593 2572 suc/cru
1613 2542 1787 2586 hominum
1802 2551 1867 2586 esse

1085 2581 1311 2622 mortuume
1331 2592 1442 2613 οηιηρε
1461 2585 1606 2612 sanaret.
1641 2581 1782 2611 Tantum
1798 2582 1866 2611 dici

1083 2626 1296 2662 Christianos,
1314 2625 1420 2654 venire
1434 2622 1474 2653 ab
1498 2623 1564 2662 ipso
1575 2631 1700 2661 genere.

1082 2679 1186 2717 Exlex,
1203 2678 1328 2710 violator
1341 2677 1426 2716 legis,
1439 2680 1588 2717 peccator,
1604 2675 1723 2716 impius,
1742 2677 1863 2715 peccat—

1637 2755 1664 2780 l'1
1675 2755 1805 2797 Philipp.
1818 2763 1860 2794 tu,

1058 2760 1178 2793 45Joan.
1192 2760 1296 2802 111,16.
1339 2757 1550 2795 ‘GJoan.xvu,
1563 2757 1593 2790 3.
