1983 3072
61 163 127 197 381

823 166 965 200 ORATIO
985 167 1024 199 X.

64 239 122 262 res
141 236 212 263 sunt
227 234 437 272 communiter,
453 234 657 274 unusquisque
680 236 777 264 autem
792 233 898 264 horum
910 238 930 262 Α
942 242 1131 274 cognoscere.
1149 233 1264 265 Deinde
1279 243 1347 265 cum
1365 235 1509 266 Joannem
1538 235 1701 276 Baptistam
1719 235 1768 266 di-

68 276 222 315 quiddam
255 279 404 317 peculiare
434 279 532 310 habet.
561 279 662 314 Exlex,
685 277 734 318 qui
759 287 792 308 ex
819 285 902 308 extra

70 320 183 360 leges;
215 322 336 353 violator
364 324 447 363 legis,
471 323 521 364 qui
551 330 658 363 praeter
687 323 777 361 leges,
795 321 903 362 quibus

70 366 249 405 subjicitur,
261 367 346 405 facit;
357 373 504 408 peccator,
518 367 567 408 qui
582 366 901 406 frustrationequadam

70 419 137 440 non
155 410 234 441 bene
263 417 347 451 agit;
377 413 497 451 impius,
528 412 579 451 qui
607 412 637 441 in
667 412 759 442 Deum
787 414 899 450 peccat,

70 459 180 493 utpote
195 456 245 495 qui
271 461 320 486 aut
347 457 458 487 nullum
485 457 588 491 Deum,
620 460 668 486 aut
699 455 804 486 multos
819 455 899 485 colit.

70 498 211 530 Vocalur
226 510 298 540 poro
314 502 434 532 nomine
463 500 546 541 impii
576 500 604 530 in
635 504 735 530 sancta
750 499 902 538 Scriptura

69 544 168 574 etiam
187 550 332 585 peccator,
350 549 380 576 et
395 546 518 582 adulter,
537 550 565 576 et
594 554 708 581 avarus,
726 548 755 574 et
770 544 901 583 pecuniae

69 589 216 628 cupidus,
235 595 262 619 et
276 589 373 620 inanis
402 590 501 629 gloriae
527 595 669 630 captator,
687 596 716 619 et
732 589 781 628 qui
794 589 899 628 hujus-

69 634 196 663 cemodi
209 634 286 664 vitiis
294 644 325 665 se
337 634 527 666 dediderunt.
544 635 673 671 Quicum
681 633 786 670 sciant,
796 633 900 669 Deum,

70 679 126 718 qui
144 679 229 709 ﬁnxit
243 680 372 715 oculum,
397 681 495 710 omnia
512 681 693 720 perspicere,
711 679 797 709 vitam
813 679 900 709 insti-

73 727 177 762 tuunt,
195 732 227 754 ac
244 724 268 754 si
286 725 361 754 Deus
378 734 436 754 non
461 725 569 755 videat.
601 723 671 754 Nam
688 723 711 754 si
729 723 832 758 Deum,
850 722 900 763 qui

70 767 189 808 ubique
201 778 331 808 praesens
347 774 401 806 est,
413 769 583 801 etintuetur
598 769 706 799 omnia.
724 777 899 798 vttneraren-

71 816 134 849 tur,
150 813 226 844 haud
238 823 304 843 eum
315 814 398 853 quasi
414 824 470 844 non
487 814 650 844 intuentem
661 815 886 843 contemnerent

943 282 1058 309 centem
1076 279 1179 309 audis:
1203 279 1280 310 Ecce
1296 288 1392 319 agnus
1409 279 1474 318 Dei,
1495 282 1547 319 qui
1559 280 1638 311 tollit
1647 283 1768 320 peccata

942 323 1114 360 muri/1'2“,
1131 323 1168 353 de
1184 332 1241 363 quo
1258 327 1325 354 ante
1355 323 1447 355 multa
1476 324 1583 355 saecula
1604 324 1768 355 vaticinans

943 366 1032 397 Isaias
1042 367 1080 407 θ,
1106 377 1190 398 ovem
1217 372 1246 399 et
1265 377 1371 407 agnum
1388 369 1439 408 qui
1454 368 1613 400 duceretur
1627 369 1664 399 ad
1678 369 1766 400 victi-

944 420 1033 449 mam,
1046 411 1214 452 appellavit,
1230 412 1311 442 disce
1321 417 1442 452 propter
1452 417 1606 453 peccetum
1617 422 1683 444 esse
1690 422 1767 444 mor-

944 459 1025 486 tuum
1045 466 1053 496 ;
1070 460 1101 486 ut
1116 456 1165 496 qui
1182 456 1260 487 hunc
1276 460 1370 487 morte
1394 457 1543 495 allectum,
1572 462 1599 488 et
1615 458 1663 488 die
1677 457 1766 488 tertio

943 500 1105 530 redivivum
1131 501 1325 540 recepissent,
1353 511 1406 542 per
1421 511 1484 532 eam
1500 502 1626 542 amplius
1641 511 1766 543 peccare

944 553 1002 574 non
1016 552 1134 584 possent
1147 557 1154 581 ;
1168 554 1235 576 nam
1251 552 1481 585 peccanteseum
1497 556 1556 577 non
1573 550 1762 587 receperunt,

943 589 1075 628 quamvis
1090 590 1131 621 ita
1145 590 1203 620 sibi
1221 590 1429 630 persuadeant.
1459 591 1574 621 Etenim
1591 591 1616 621 si
1630 591 1765 632 recepis-

943 637 1018 670 sent,
1036 633 1168 664 dedisset
1183 633 1227 664 eis
1255 638 1429 674 potestatem
1457 635 1533 666 ﬁlios
1549 637 1603 667 Dei
1618 636 1695 669 fieri.
1715 635 1766 675 qui

943 687 1065 717 peccare
1080 683 1231 718 nequeunt
1248 688 1255 708 :
1273 679 1392 719 quando
1408 679 1551 720 scriptum
1567 684 1612 711 est
1630 691 1636 711 :
1655 680 1765 711 Omnis

941 723 992 760 qui
998 727 1111 762 peccat,
1119 724 1273 761 nonvidit,
1287 733 1338 755 nec
1346 726 1557 765 cognoviteum
1572 725 1613 756 23.
1631 725 1685 755 Et:
1704 724 1765 762 Qui

940 767 1013 805 facii
1019 770 1049 798 in
1056 768 1223 807 iquimtem,
1234 777 1274 799 cm
1283 768 1403 799 diabolo
1415 772 1455 800 es!
1464 769 1506 802 24.
1521 771 1556 799 Et
1567 779 1573 801 :
1586 770 1622 801 In
1637 770 1689 800 hoc
1700 777 1766 800 ma-

942 812 1192 850 nifestisunt/ilii
1205 812 1271 847 Dei.
1283 817 1312 843 et
1322 813 1381 852 ﬁlii
1401 813 1562 845 diaboli35.
1579 813 1615 844 Et
1630 823 1637 844 :
1656 812 1766 844 Omnis

70 855 130 892 Qui
148 859 228 887 enim
246 859 339 897 nugis
352 855 502 888 hominum
520 858 642 897 gloriam
659 857 794 895 diligunt,
811 866 897 896 quam
910 871 928 895 η
941 856 994 904 qui
1005 864 1062 904 non
1074 855 1325 904 Γαιτὶςριιειίιίαγζιἶ
1340 866 1400 888 non
1412 862 1455 889 est
1470 868 1508 890 ea:
1519 859 1582 890 Deo
1593 858 1632 904 93,
1646 857 1729 894 Quod
1739 857 1765 904 si

69 901 128 932 Dei
141 902 229 941 etqui
240 903 267 933 in
280 902 478 942 omnigenere
501 901 701 942 improbitatis
717 901 896 941 volutantur,

70 946 272 987 existimaque
291 956 326 978 ea
340 947 442 978 fallere
469 947 586 978 oculum
617 956 765 986 nunquam
782 946 896 976 dormi-

69 994 199 1028 tantem,
211 991 261 1031 qui
273 992 390 1022 tandem
400 991 548 1022 isliDeum
565 991 675 1024 colunt,
691 1000 779 1030 quem
793 995 820 1020 et
830 990 894 1020 ina-

69 1035 156 1066 nima
168 1041 302 1067 creatura
319 1037 417 1067 tremit
431 1036 444 1067 ?
459 1036 556 1076 Inquit
571 1046 640 1076 ergo
657 1036 745 1066 David
762 1045 769 1065 :
789 1035 897 1065 Perdes

70 1088 178 1111 omnes
202 1082 255 1121 qui
281 1081 445 1121 loquuntur
472 1081 713 1112 mendacium”.
745 1079 779 1110 Et
809 1079 895 1120 paulo

71 1128 140 1163 post
153 1134 160 1153 :
175 1124 347 1157 Secundum
359 1126 587 1158 multitudinem
600 1128 781 1164 impietatem
789 1132 893 1154 eorum

71 1168 192 1207 expelle
201 1178 249 1200 eos
260 1170 298 1209 49,
312 1170 479 1209 impietates
492 1173 610 1210 peccata
630 1178 746 1205 vocans,
764 1178 829 1208 qua;
844 1177 894 1198 eos

72 1212 155 1243 circa
170 1214 306 1244 mandata
320 1214 384 1249 Dei.
402 1224 461 1245 non
477 1215 555 1244 circa
572 1214 659 1244 ﬁdem
676 1213 733 1242 labi
747 1213 891 1243 fecerunt.

72 1255 156 1287 Idem
173 1267 275 1288 rursus
291 1259 327 1288 de
342 1259 486 1289 adulterio
502 1268 567 1288 cum
586 1257 760 1292 Bethsabea,
777 1257 895 1288 (310de

72 1301 152 1333 Urize
168 1307 334 1343 perpetrata
359 1304 422 1334 ait:
449 1304 532 1340 Dixi,
555 1302 718 1342 conﬁtebor
732 1302 895 1332 adversum

73 1355 120 1376 ma
136 1348 320 1385 injusliliam
349 1357 447 1378 meam
477 1349 614 1383 Domino,
644 1351 674 1377 et
703 1347 895 1377 tut'emt‘sisli

75 1392 258 1425 impietatem
278 1392 378 1423 cordis
393 1395 452 1422 mei
462 1392 502 1423 Ξ0.
518 1392 560 1422 En
574 1400 626 1422 cor
642 1390 758 1422 Davidis
775 1394 895 1430 propter

72 1434 249 1475 injustitiom
265 1436 354 1477 impie
371 1436 429 1475 egit
445 1447 450 1467 :
483 1441 511 1467 et
537 1435 724 1466 Christianus
740 1435 813 1465 citra
829 1444 893 1464 mc-

72 1482 134 1509 tum
166 1490 302 1520 peccans,
349 1485 377 1512 et
422 1481 611 1521 opprobrium
652 1479 760 1511 Christi
788 1479 892 1518 factus,

71 1523 182 1564 impius
197 1530 251 1556 est.
278 1526 374 1566 Atque
403 1525 478 1556 istud
508 1526 625 1565 quidam
655 1535 672 1556 a
699 1526 759 1556 Deo
781 1525 893 1553 albatus

940 899 977 935 is,
994 899 1043 939 qui
1058 909 1117 930 non
1139 900 1209 930 facit
1230 900 1387 942 justitiam,
1418 912 1478 933 non
1503 907 1548 934 est
1571 913 1604 934 ex
1620 903 1694 940 Deo,
1713 901 1765 943 qui

939 943 1007 974 facit
1023 943 1208 984 injustitiam,
1233 945 1385 976 undenam
1416 946 1490 977 est?
1520 947 1558 978 In
1571 948 1637 988 hoc,
1654 947 1761 988 inquit,

938 996 1006 1018 man
1012 989 1150 1026 i/estutus
1160 993 1202 1019 est
1213 989 1316 1020 Filius
1325 990 1390 1030 Dei,
1405 995 1437 1021 ut
1449 991 1591 1023 dissolvat
1601 1000 1693 1032 opera
1699 993 1764 1023 dia-

938 1032 1060 1069 boliiﬂ',
1077 1033 1184 1072 quibus
1200 1042 1258 1063 non
1274 1033 1438 1072 dissolutis,
1460 1036 1541 1066 nulla
1556 1040 1601 1066 est
1615 1035 1763 1076 speranda

938 1076 1058 1107 utilitas.
1088 1077 1169 1107 Multi
1198 1077 1297 1118 itaque
1325 1078 1362 1108 de
1389 1088 1499 1118 genere
1525 1079 1762 1111 Christianorum

937 1121 1078 1160 prodesse
1093 1121 1151 1151 sibi
1178 1122 1370 1160 arbitrantur,
1401 1124 1587 1155 Christianos
1604 1124 1662 1156 dici
1681 1134 1688 1163 ;
1706 1134 1762 1156 ne-

936 1165 1066 1196 scientes
1081 1165 1110 1196 in
1127 1170 1282 1206 paternum
1305 1176 1340 1197 ac
1369 1172 1535 1199 maternum
1552 1178 1628 1207 esse,
1647 1173 1759 1200 etcum

938 1209 1032 1246 patria
1047 1218 1080 1240 ac
1096 1209 1218 1248 regione
1234 1211 1367 1250 ipsorum
1383 1216 1441 1243 tota
1457 1221 1615 1244 Commune
1633 1221 1640 1244 :
1669 1213 1720 1253 qui
1735 1213 1761 1244 si

936 1253 1023 1283 vitam
1033 1263 1067 1284 ex
1080 1254 1189 1285 Christi
1202 1254 1317 1294 legibus
1340 1255 1535 1291 instituerint.
1550 1263 1611 1288 tum
1626 1258 1715 1288 simul
1731 1261 1761 1290 et

937 1297 1094 1328 Christiani
1112 1299 1355 1335 nominabuntur,
1373 1305 1401 1331 et
1416 1301 1446 1331 in
1471 1301 1619 1332 Christum
1634 1302 1760 1333 credere

937 1342 1072 1372 dicentur
1086 1351 1093 1379 ;
1107 1343 1216 1382 alioqui
1240 1344 1395 1383 prmstabat
1416 1355 1471 1376 nec
1484 1345 1609 1377 credere
1625 1346 1656 1376 in
1672 1346 1758 1377 Chri-

936 1391 1025 1418 stum.
1038 1387 1170 1426 quinimo
1181 1397 1235 1418 nec
1246 1393 1331 1419 natos
1343 1389 1444 1420 fuisse.
1458 1389 1522 1420 Non
1537 1391 1616 1421 enim
1624 1395 1762 1431 poterant

935 1430 965 1461 in
982 1430 1131 1461 Christum
1147 1441 1206 1462 non
1221 1432 1347 1463 credere
1365 1443 1372 1464 :
1399 1434 1530 1465 atrocius
1556 1430 1654 1465 autem
1671 1444 1759 1476 quam

936 1475 1072 1505 infideles
1088 1476 1258 1515 punientur.
1275 1476 1328 1506 Ast
1356 1477 1542 1518 alienigenis,
1559 1479 1609 1519 qui
1625 1483 1657 1510 ut
1672 1480 1759 1510 Chri-

936 1519 1023 1549 stiani
1039 1520 1331 1562 cognominarentur,
1349 1531 1365 1552 a
1382 1523 1543 1562 majoribus
1559 1533 1618 1554 non
1630 1533 1758 1565 accepe-

73 1573 156 1608 paler
170 1564 402 1610 explana¢,'dum
419 1564 570 1600 mumfsic
599 1569 767 1609 alloquitur,
786 1567 922 1608 lmpie-C
936 1568 1015 1610 runt,
1033 1564 1098 1610 siin
1111 1564 1259 1610 Christum
1276 1566 1469 1604 crediderint,
1483 1577 1588 1607 magna
1599 1569 1668 1599 inde
1679 1564 1760 1599 com-

73 1617 160 1644 tatem
191 1615 403 1654 commisimus,
434 1615 573 1656 quoniam
603 1613 793 1653 opprobrium
825 1612 893 1643 lacti

73 1667 174 1688 sumus
190 1659 296 1689 dilecto
313 1664 372 1689 tuo.
390 1659 423 1690 Et
439 1660 515 1690 alius
543 1659 642 1689 divina
657 1658 801 1698 sapientia
817 1667 893 1697 prte-

74 1703 164 1736 ditus.
182 1704 251 1744 quid
269 1704 392 1744 prodest
406 1705 464 1736 ﬁde
495 1704 559 1744 pios
591 1712 667 1740 esse,
683 1703 741 1732 vita
757 1702 864 1740 impios
878 1701 893 1731 ἱ)

73 1747 218 1778 Ponamus
241 1749 320 1780 enim
350 1749 518 1789 quempiam
549 1757 679 1787 avarum,
698 1747 891 1787 proditorem,

74 1797 242 1832 protervum
258 1803 335 1834 esse,
366 1799 396 1825 et
422 1793 616 1824 nihilominus
645 1797 725 1823 recte
741 1791 865 1822 credere
883 1799 888 1821 :

74 1837 145 1876 quid
163 1838 209 1868 hic
224 1838 320 1878 capiet
334 1838 537 1873 emolumenti,
568 1837 592 1868 si
608 1837 681 1868 nihil
698 1846 814 1871 eorum,
829 1845 895 1875 qua:

74 1881 271 1912 Christianum
287 1883 404 1919 decent,
421 1882 556 1913 habuerit
571 1886 585 1913 ?
615 1882 640 1912 si
656 1881 728 1911 nihil
746 1880 842 1920 egerit
860 1889 895 1910 ex

75 1925 122 1965 iis,
138 1937 203 1966 quae
219 1927 357 1967 pietatem
388 1927 515 1967 produnt
533 1939 540 1962 -,
573 1927 624 1957 sed
654 1925 791 1956 ethnicos
807 1925 893 1955 etiam

74 1970 150 2000 vitiis
165 1971 375 2010 superaverit?
405 1972 430 2002 si
458 1970 654 2002 familiaribus
681 1969 844 2000 nocuerit?
869 1969 894 1999 si

75 2014 165 2045 Deum
191 2015 469 2056 blasphemaverit?
495 2016 519 2046 si
546 2015 714 2046 veneranda
743 2013 894 2053 religionis

76 2059 206 2098 dogmata
220 2070 272 2101 per
283 2071 374 2101 opera
388 2061 609 2092 dedecoraverit
620 2062 634 2090 εἰ
651 2061 725 2090 Nam
743 2060 811 2089 ideo
825 2067 892 2089 ma-

75 2104 236 2142 nifestalus
257 2110 283 2136 et
303 2105 404 2137 Filius
420 2107 484 2146 Dei,
501 2104 665 2136 secundum
683 2103 892 2142 evangelistam

74 2146 414 2189 JoannemTheologum,
422 2151 451 2182 vi
461 2149 633 2181 dissolveret
641 2157 735 2188 opera
742 2147 890 2179 diaboli”.

936 1609 1021 1638 moda
1033 1609 1088 1638 sibi
1102 1609 1264 1648 parabunt:
1278 1620 1344 1640 cum
1358 1611 1407 1642 ille
1416 1611 1453 1642 de
1466 1621 1576 1651 genere
1589 1613 1759 1644 Christiano

935 1653 1074 1693 perlegis
1087 1653 1196 1684 Christi
1213 1655 1485 1694 praevaricationem
1502 1656 1650 1688 Chrismm
1668 1657 1758 1688 inho—

935 1702 1052 1738 norent,
1065 1701 1094 1728 et
1102 1698 1208 1729 avitam
1220 1708 1254 1729 ac
1265 1709 1363 1730 veram
1377 1700 1513 1740 pietatem
1525 1702 1757 1734 commaculent.

1250 1745 1388 1778 ORATIO
1403 1747 1438 1777 X.

1213 1785 1474 1818 Aneunsnruu.

934 1824 1001 1856 Non
1012 1826 1117 1862 Deum,
1127 1825 1179 1856 sed
1186 1825 1341 1858 daemonas
1345 1829 1447 1866 potius
1454 1828 1594 1860 humanm
1603 1829 1760 1861 servitutis

969 1869 1179 1909 aucloresesse.
1195 1866 1235 1909 De
1245 1868 1290 1909 ira
1300 1868 1510 1909 etcupiditate,
1526 1870 1557 1899 in
1573 1869 1682 1909 quibus
1698 1878 1759 1900 non

968 1910 1011 1936 est
1020 1906 1097 1936 ratio
1119 1904 1160 1936 Et
1171 1906 1249 1936 unde
1259 1907 1354 1948 abibis
1363 1904 1483 1938 duillius
1494 1904 1657 1948 afﬁciatur.
1671 1909 1760 1940 Sicut

968 1950 1103 1989 aspectus
1112 1954 1272 1989 corporeus
1284 1947 1377 1978 illaesa
1389 1947 1543 1979 sentiendi
1553 1958 1678 1989 organo,
1687 1950 1760 1980 item

970 1990 1062 2029 metu,
1072 1987 1100 2029 in
1106 1985 1233 2029 teroallo
1237 1995 1296 2025 pro
1306 1991 1374 2029 ruta
1381 1989 1533 2027 portione,
1541 1985 1759 2029 aefepuro,so-

971 2025 1080 2056 listuce
1087 2025 1212 2065 indiget:
1220 2026 1263 2056 ita
1271 2027 1361 2057 etiam
1373 2025 1529 2066 aspectum
1538 2025 1636 2060 animi
1641 2030 1690 2060 his
1698 2025 1761 2060 rno-

966 2066 1003 2108 d_0
1019 2066 1166 2108 quodam,
1176 2067 1227 2104 qui
1242 2066 1445 2108 intelligentia
1460 2069 1644 2108 percipitur,
1658 2078 1757 2108 egere.

975 2105 1007 2135 In
1025 2099 1168 2145 'prmsent'i
1179 2099 1303 2141 saeculo,
1322 2099 1354 2136 id
1376 2113 1432 2146 est,
1460 2099 1492 2138 in
1521 2099 1576 2139 hac
1591 2099 1658 2145 vita,
1675 2099 1761 2149 pater

935 2155 991 2189 est,
1009 2154 1037 2179 et
1053 2149 1132 2179 ﬁlius
1149 2158 1154 2178 :
1187 2159 1302 2190 servus,
1320 2155 1348 2181 et
1365 2152 1570 2184 mercenarius
1586 2158 1761 2193 procreatus

75 2192 129 2228 Qui
145 2202 213 2233 ergo
245 2194 463 2225 manifestatum
493 2194 544 2225 Dei
573 2193 681 2224 Filium
711 2192 850 2232 suscepit,
868 2191 892 2237 si
906 2202 992 2229 Dnon
1010 2198 1074 2230 est;
1091 2202 1187 2233 neque
1203 2193 1282 2223 enim
1299 2194 1412 2234 primus
1437 2204 1562 2235 parenn,
1578 2191 1677 2237 neque
1694 2197 1758 2237 pri-

75 2237 168 2268 adhuc
184 2238 296 2269 vinctus
313 2239 454 2279 operibus
478 2238 587 2269 diaboli
616 2241 745 2277 tenetur,
763 2246 828 2278 quae
844 2236 893 2266 hic

75 2281 128 2311 Dei
140 2281 230 2313 Filius
262 2283 464 2314 manifestatus
481 2282 630 2324 dissolvit,
660 2281 791 2313 deterior
820 2280 893 2321 ipsis

77 2323 252 2369 inﬁdelibus,
271 2332 300 2359 et
321 2329 415 2359 atheis
430 2329 522 2368 magis
538 2329 645 2369 impius
660 2333 716 2358 est.

115 2368 209 2404 Quare
220 2381 287 2402 cum
299 2373 392 2413 audis,
406 2373 498 2403 Deum
515 2368 587 2403 esse?
603 2372 754 2403 hominem
770 2370 891 2410 factum,

78 2413 126 2453 qui
142 2413 210 2444 fecit
225 2416 331 2446 caelum
361 2421 390 2447 et
419 2421 526 2448 terram
556 2422 585 2448 et
615 2425 706 2454 mare,
725 2424 847 2456 quicque
862 2414 892 2445 in

79 2458 172 2488 medio
184 2463 249 2490 sunt
266 2461 374 2499 omnia,
387 2466 491 2500 etquae
512 2462 605 2493 oculis
622 2462 753 2501 subjecta
769 2464 846 2495 sunt,
865 2463 894 2490 et

78 2511 138 2542 quae
148 2512 204 2534 non
215 2509 293 2546 sunt,
311 2511 339 2536 et
354 2507 448 2547 ipsum
466 2507 593 2547 denique
610 2506 772 2541 hominem,
783 2514 843 2535 non
855 2503 892 2534 ob

78 2547 159 2578 aliam
182 2558 299 2580 causam
316 2550 421 2581 factum
446 2551 598 2582 hominem
628 2551 771 2590 intellige,
790 2549 844 2580 nisi
861 2553 892 2579 ut

78 2590 152 2622 Deus
163 2602 215 2633 per
225 2594 383 2626 humanam
395 2600 527 2626 naturam
540 2595 614 2626 mori
627 2600 736 2636 posset.
747 2595 817 2625 Plus
833 2593 891 2624 noli

79 2645 206 2676 quaerere
218 2649 224 2668 :
234 2639 286 2669 sed
300 2641 501 2671 tantummodo
513 2650 630 2672 causam
644 2645 673 2670 et
685 2638 891 2671 necessitatem

80 2681 269 2723 suscipienda;
284 2684 372 2725 hujus
387 2685 576 2717 demissionis
607 2688 636 2716 et
659 2683 810 2725 patientiae
825 2688 893 2725 opta

115 2793 141 2818 ιε
154 2794 274 2838 Psal.},
294 2798 321 2830 7.

374 2799 404 2825 ‘9
417 2800 492 2832 Ibid.
510 2801 559 2832 Η.
613 2800 644 2826 20
658 2800 736 2832 Psal.
752 2808 838 2838 xxxt,
851 2801 882 2831 5.

935 2247 1000 2268 mus
1013 2238 1078 2277 ejus
1092 2237 1170 2268 ﬁlius
1181 2238 1268 2276 servi,
1294 2243 1344 2269 aut
1368 2240 1548 2270 mercenarii
1561 2240 1690 2271 fuerunt.
1707 2241 1761 2272 Cui

935 2282 1014 2313 enim
1031 2291 1082 2322 pro
1098 2291 1192 2313 servIs
1207 2291 1241 2312 ac
1265 2284 1460 2314 mercenariis
1491 2285 1576 2316 subdi
1594 2285 1760 2325 poterant?

935 2326 1066 2358 Servitus
1094 2331 1122 2357 et
1152 2335 1242 2366 opera
1273 2329 1457 2359 mercenaria
1487 2330 1652 2370 posteriora
1666 2333 1756 2363 sunt:

934 2372 1060 2402 servitus
1073 2371 1193 2411 quidem
1206 2381 1241 2402 ex
1254 2381 1369 2412 eorum,
1383 2373 1432 2413 qui
1444 2378 1543 2405 essent
1564 2384 1672 2415 genere
1689 2384 1758 2406 con-

935 2420 1033 2446 sortes
1049 2415 1238 2456 improbitate
1255 2421 1355 2447 mutua
1369 2427 1376 2447 :
1392 2427 1482 2458 opera
1498 2428 1566 2449 vero
1583 2420 1759 2460 quaestuaria

935 2469 969 2491 ex
983 2460 1158 2499 indigentia,
1175 2465 1295 2501 propter
1308 2462 1488 2502 eosquicun.
1496 2468 1596 2493 essent
1607 2463 1757 2494 deeodem

935 2515 1045 2545 genere
1058 2515 1124 2536 cum
1138 2505 1213 2540 aliis,
1230 2505 1294 2545 plus
1305 2506 1415 2537 habere
1427 2507 1690 2548 avidecupiebant,
1700 2507 1755 2546 En,

936 2555 964 2580 et
979 2559 1092 2586 servus,
1107 2554 1136 2580 et
1153 2551 1355 2580 mercenarius
1370 2560 1404 2581 ex
1430 2551 1588 2582 subsecuta
1604 2552 1758 2583 hominum

934 2595 1002 2625 vitio
1014 2596 1202 2625 exstiterunt:
1211 2594 1262 2634 qui
1273 2598 1304 2625 ut
1315 2596 1504 2634 exsisterent,
1516 2596 1762 2635 solaindigentias

935 2640 1096 2670 necessitas
1107 2639 1136 2668 in
1148 2648 1235 2670 causa
1245 2639 1310 2671 fuit.
1332 2640 1369 2671 Et
1392 2641 1642 2680 quemadmodum
1659 2650 1760 2672 servus

935 2693 969 2715 ac
984 2684 1186 2714 mercenarius
1199 2693 1259 2715 non
1274 2688 1363 2725 agunt
1377 2685 1544 2726 quodlibet,
1561 2687 1613 2717 sed
1629 2695 1696 2726 quae
1710 2686 1759 2727 ip-

935 2798 960 2843 ξξ
1003 2799 1211 2843 .loan.}_1i,__8_._
1240 2799 1286 2843 λεί·
1300 2801 1385 2832 Joan.
1399 2809 1421 2843 ι,
1436 2801 1487 2834 29.
1539 2801 1567 2824 9⁸
1581 2801 1637 2834 Isa.
1654 2809 1715 2842 un,
1729 2801 1759 2839 1,

79 2842 154 2875 seqq.
195 2834 223 2856 ³³
235 2836 250 2865 Ι
261 2834 345 2870 Ῑοειιι.
359 2848 404 2880 ιιι,
417 2842 446 2873 6.
490 2841 520 2867 24
532 2841 609 2875 Ibid.
627 2842 657 2875 8.
742 2839 817 2874 Ibid.
831 2834 886 2874 Ἇο.
927 2834 960 2866 Ξῧ
971 2839 1046 2872 Ibid.
1092 2834 1226 2875 13"Ibid.
1237 2840 1268 2872 8.

225 2889 358 2924 Parim.
374 2895 429 2927 Cn.
446 2894 531 2929 CXX.

1599 2895 1638 2929 12
