1983 3072
185 146 245 183 363
264 174 267 176 .
833 150 999 184 SYMEONI

1048 149 1221 184 IUNIORIS
1814 148 1875 182 304

183 225 284 248 sorum
294 216 424 248 dominis
438 220 478 256 et,
495 216 576 248 heris
591 216 708 257 placent
724 226 731 248 :
749 217 888 249 similiter
903 218 1010 250 diabo-
1022 226 1042 250 Α
1054 219 1199 259 cupiditas
1210 217 1450 259 perturbationes
1463 221 1544 258 sunt,
1561 218 1612 249 sed
1631 217 1753 259 privatio
1767 216 1876 248 sanita-

183 261 231 292 lus
248 261 428 302 (intelligens
453 261 516 299 illa,
547 266 576 292 et
607 261 735 301 maligna
764 264 905 302 potestas)
930 264 978 304 qui
995 274 1012 295 a
1053 264 1089 294 lis
1103 263 1205 299 animi.
1220 268 1340 303 propter
1353 273 1441 302 quam
1453 263 1497 294 ira
1510 273 1616 303 expers
1642 263 1679 294 sit
1695 262 1829 302 rationis,
1846 265 1876 292 et

183 305 246 337 Deo
261 306 397 346 descivit,
413 306 463 346 qui
480 306 645 346 nequitiam
677 307 837 338 humanam
853 307 1010 339 fabricatus
1051 308 1197 348 cupiditas
1208 317 1322 344 amens,
1336 308 1395 342 illa.
1408 308 1539 348 inquam.
1554 307 1711 346 imaginem
1723 306 1876 347 perturba—

184 355 240 388 est,
253 355 282 382 et
293 351 1011 392 ejusamoremmortalibuspersuasit,eosinser-
1050 353 1164 384 tionum
1181 353 1217 383 iis
1230 353 1367 392 imponit.
1381 353 1484 382 Anima
1497 352 1576 383 enim
1600 362 1690 382 unum
1705 356 1750 382 est
1763 362 1769 382 :
1784 351 1876 390 idque

180 395 303 426 vitutem
321 405 404 426 suam
423 395 537 426 trahit:
561 395 609 426 cui
631 396 723 436 (quod
739 397 838 427 animo
854 401 882 427 et
896 398 1010 436 cogita-
1051 397 1188 436 simplex,
1203 406 1259 427 nec
1289 397 1479 435 partitionem
1507 397 1677 433 admittens,
1708 401 1741 427 ut
1755 395 1875 426 intelie-

183 439 264 470 tione
275 439 421 480 videmus)
435 441 465 471 in
474 440 688 480 voluptatibus,
699 441 824 481 rapinis,
845 442 967 472 avaritia
982 446 1010 472 et
1051 442 1146 472 ctuale
1159 441 1298 481 quiddam
1311 442 1436 479 scilicet,
1454 451 1508 472 nec
1524 441 1670 481 estaliqua
1684 439 1873 480 compositio,

180 485 321 516 omnibus
333 485 499 516 sceleribus
514 485 651 516 servilem
669 485 699 515 in
712 485 831 516 modum
847 490 961 526 parent.
976 486 1011 516 Et
1051 495 1102 516 seu
1120 486 1345 525 coagmentatio,
1374 487 1411 516 ob
1443 496 1529 526 quam
1562 485 1622 524 pati
1651 490 1772 524 cogatur
1787 484 1874 514 Sit‘uli

183 529 257 561 tales
274 539 342 560 cum
358 530 428 566 sint,
446 539 509 570 eos,
521 529 721 570 impudentes,
737 530 1010 570 etsuperbiores,et
1051 540 1158 570 corpus
1166 540 1199 560 ex
1209 535 1334 570 quatuor
1345 531 1688 561 elementisconcretum,
1702 528 1875 560 necessario

181 574 306 605 stolidos
319 574 418 605 reddit
430 585 438 612 ;
450 578 589 614 utneque
599 584 632 605 se
644 574 701 614 ipsi
711 574 865 606 vindicare
883 575 1007 614 possint,

181 628 279 659 neque
289 619 388 650 aliude
397 619 541 650 vindicari
553 619 583 649 in
596 619 764 649 libertatem
778 619 880 649 velint.
897 619 1009 650 Omnes

179 662 270 702 igitur
280 663 462 703 hujusmodi,
473 663 535 693 sive
542 663 665 698 ethnici,
679 667 709 694 et
721 665 813 694 Deum
826 664 1004 702 ignorantes,

180 707 243 739 sive
258 708 406 744 inﬁdeles,
426 707 488 738 sive
503 708 607 738 ﬁdeles
623 708 782 739 Christiani
798 713 825 738 et
837 708 1004 745 orthodoxi,

181 753 301 784 diabolo
316 753 491 790 servientes,
522 753 559 783 ad
588 754 651 792 ejus
680 757 789 793 partes,
807 752 859 792 qui
874 753 1006 792 ipsorum

180 797 362 833 dominatur.
380 798 541 836 pertinent,
572 802 659 838 atque
689 807 705 828 a
733 798 793 828 Deo
824 797 958 837 projecti,
976 797 1004 826 in

181 841 271 872 domo
287 843 352 882 ejus
367 842 397 872 in
419 846 563 873 aeternum
591 851 712 872 manere
740 851 798 872 non
825 845 948 880 possunt
962 842 1001 872 Ἦ.

179 887 267 918 Unde
283 875 388 927 magna
405 887 465 917 illis
480 887 506 917 vi
525 896 600 926 opus
623 893 680 924 est,
697 891 729 917 ut
743 896 759 917 e
778 875 914 916 manibus
929 886 1004 926 ejus,
1018 875 1036 900 Β

180 933 230 972 qui
240 932 412 963 servitutem
426 932 498 972 ipsis
507 932 658 971 imposuit.
670 935 823 962 eruantur.
837 931 900 960 Alia
909 936 1006 961 autem

179 985 236 1007 nec
260 976 380 1007 inventa
395 981 450 1014 est,
467 985 522 1007 nec
538 976 664 1006 inveniri
681 976 786 1015 potuit,
807 984 862 1005 nec
878 979 933 1011 est,
951 975 1008 1005 nisi

180 1020 316 1052 Christus
332 1021 384 1051 Dei
402 1021 508 1052 virtus.
522 1019 553 1051 Si
570 1029 638 1059 ergo
652 1023 676 1050 is
699 1019 882 1060 liberaverit,
900 1020 938 1050 ita
951 1020 1006 1050 de-

179 1075 261 1097 mum
278 1067 354 1097 liber
368 1066 438 1104 erit,
455 1067 504 1106 qui
535 1065 678 1097 liberatus
702 1070 746 1097 est
775 1065 812 1096 ab
838 1075 872 1095 eo
888 1065 928 1094 28.
947 1065 1009 1096 Erit

179 1111 260 1143 enim
277 1115 386 1148 castus,
417 1111 546 1147 sobrius,
574 1110 693 1146 bonus;
710 1111 817 1150 justus,
835 1109 1004 1150 religiosus,

178 1156 338 1192 humanus,
355 1156 431 1195 pius,
442 1155 623 1192 misericors,
638 1155 765 1195 patiens,
778 1154 910 1188 humilis.
927 1163 1006 1184 man-

179 1205 293 1238 suetus,
307 1200 412 1231 alienis
435 1200 519 1230 malis
548 1199 663 1236 dolens,
696 1198 864 1238 continens,
881 1198 937 1228 hoc
950 1202 1004 1236 est,

178 1255 249 1276 vero
265 1246 365 1277 homo.
380 1245 433 1281 Qui
454 1245 500 1275 his
522 1249 637 1281 carent,
653 1248 705 1275 aut
720 1244 861 1283 pecudes,
880 1247 929 1273 aut
944 1243 1005 1273 dae-

180 1294 369 1328 monessunt,
379 1289 496 1320 etiamsi
505 1289 664 1320 Christiani
680 1288 870 1319 etorthodoxi
882 1287 1003 1325 fuerint,

181 1339 208 1366 et
220 1335 250 1366 hi
268 1334 435 1365 maximein
451 1343 574 1364 examen
590 1333 723 1364 severius
738 1333 933 1371 adducentur,
952 1341 1005 1362 nec

179 1378 311 1420 ipsorum
322 1379 441 1415 vindex,
456 1383 485 1409 et
495 1382 624 1409 assertor
636 1376 937 1416 Christusquidquam
948 1376 1006 1406 illis

181 1423 328 1464 proderit,
344 1423 414 1464 quia
430 1423 572 1453 nimirum
588 1422 747 1452 noluerunt
763 1421 827 1460 ejus
848 1420 941 1450 solius
956 1429 1005 1450 re—

180 1467 394 1508 demptionem,
411 1467 488 1498 hanc
503 1467 596 1498 sciam
612 1465 789 1499 libertatem.
803 1465 884 1495 omni
899 1465 1005 1494 virtute

179 1512 310 1543 humana
326 1512 483 1551 majorem,
501 1515 621 1552 propter
636 1519 723 1550 quam
735 1519 801 1540 cum
820 1510 897 1540 Deus
913 1512 1001 1545 esset,

177 1556 268 1587 homo
280 1557 361 1586 nasci
372 1556 508 1595 dignatus
518 1559 570 1586 est.
586 1555 685 1594 etejus
695 1554 788 1585 solius
800 1563 888 1584 causa
900 1562 1003 1584 necem

179 1601 256 1631 ultro
274 1601 405 1640 pertulit.
422 1599 495 1630 Nam
525 1599 606 1639 quod
638 1599 756 1638 quidam
776 1597 956 1634 existimant,
974 1597 1005 1627 in

178 1645 309 1676 humana
320 1650 425 1676 natura
438 1643 687 1685 perturbationes,
702 1647 733 1673 ut
745 1642 830 1676 iram,
848 1646 877 1672 et
892 1641 1005 1685 cupidi-

179 1694 272 1719 tatem
287 1684 528 1728 ingenitas’esse,
546 1697 604 1717 non
619 1687 660 1718 ita
674 1690 719 1717 est
732 1686 873 1726 profecto.
893 1684 1004 1715 Verum

179 1734 236 1768 ira.
248 1738 278 1764 et
288 1733 434 1773 cupiditas
441 1737 473 1762 ut
485 1742 502 1762 a
512 1732 572 1762 Deo
582 1735 694 1762 naturae
706 1735 811 1760 nostra;
822 1729 999 1767 suntinsdae,

177 1786 238 1808 non
263 1777 512 1818 perturbationes,
540 1776 592 1806 sod
616 1775 692 1806 bona
707 1779 786 1812 sunt,
804 1780 832 1804 et
846 1783 897 1805 eos
912 1774 1001 1804 homo

179 1821 372 1861 intelligentis
384 1826 494 1852 naturae
500 1830 559 1851 suae
567 1820 806 1860 quandammodo
815 1819 1001 1849 characteres

177 1875 196 1897 a
210 1876 325 1897 summo
341 1867 392 1898 illo
402 1866 479 1896 bono
491 1866 621 1905 accepit:
644 1874 710 1905 quae
724 1873 892 1904 quanquam
909 1862 1002 1893 brutis

177 1920 297 1952 quoque
312 1910 512 1941 animantibus
527 1910 638 1945 insunt,
669 1913 697 1939 at
728 1917 786 1938 non
816 1908 873 1938 isto
891 1907 998 1952 modo:

177 1951 325 1995 siquidem
342 1961 371 1986 et
386 1965 454 1986 caro
484 1955 534 1985 illa
562 1954 683 1994 quidem
712 1956 766 1988 est,
783 1956 881 1983 tamen
897 1951 1000 1982 eadem

177 2009 246 2030 caro
261 2001 332 2030 feris
347 2009 380 2030 ac
398 1998 563 2040 pecudibus
579 1998 703 2028 minime
719 2001 776 2027 est.

216 2046 292 2075 Sunt
306 2054 377 2075 sane
392 2044 493 2074 inditae
509 2042 621 2073 homini
643 2043 698 2079 ira,
729 2046 757 2072 et
773 2041 930 2082 cupiditas,
947 2040 999 2071 sed

176 2089 264 2119 etiam
274 2098 369 2129 mens,
381 2098 446 2129 quae
458 2087 590 2128 quandiu
601 2087 756 2117 sanitatem
771 2095 852 2116 suam
865 2085 998 2121 retinuit,

176 2133 222 2164 hae
237 2134 314 2164 intra
330 2138 443 2165 natura;
456 2142 517 2164 sua;
533 2132 676 2164 terminos
705 2140 738 2161 ac
754 2131 864 2162 limites
880 2140 999 2161 manse-

1051 575 1086 605 ab
1101 576 1198 614 aliquo
1215 575 1318 604 horum
1335 575 1470 610 afﬁcitur,
1484 575 1507 605 si
1525 575 1569 605 vel
1586 575 1727 611 abunbet,
1746 574 1790 604 vel
1804 573 1876 603 deﬁ-

1050 620 1117 650 ciat.
1129 619 1222 651 Omne
1234 619 1313 650 enim
1327 620 1404 659 quod
1418 620 1555 655 afﬁcitur,
1570 620 1605 650 ab
1621 620 1719 659 aliquo
1728 619 1877 650 afﬁciatur

1050 674 1173 695 necesse
1189 669 1243 695 est.
1261 664 1405 700 Quoniam
1437 675 1506 702 ergo
1536 665 1607 698 nihil
1626 665 1713 695 habet
1728 664 1838 696 anima.
1857 672 1875 693 a

1048 718 1106 748 quo
1127 709 1261 747 patiatur,
1275 713 1448 748 constatque
1460 710 1555 747 ipsam
1566 709 1746 748 simplicem,
1760 709 1877 738 incom-

1050 753 1348 793 positam,divisionis
1365 758 1523 791 exsortem,
1539 754 1764 792 intelligentein,
1783 762 1798 784 a
1815 762 1871 783 cu-

1049 798 1230 837 piditatibus,
1249 802 1277 828 et
1292 799 1335 828 ira
1350 799 1464 829 ratione
1483 798 1657 828 vacantibus
1686 802 1755 837 pati,
1773 797 1873 828 unde-

1048 851 1115 872 uam
1131 842 1186 882 ipsi
1203 842 1279 872 istud
1298 842 1367 881 pati,
1387 851 1454 872 cum
1484 852 1572 872 omne
1601 844 1677 882 quod
1697 842 1817 882 patitur,
1836 842 1874 872 ab

1049 886 1106 916 alio
1127 886 1257 926 patiatur
1267 889 1279 915 ’ἒ
1294 887 1448 917 Invenitur
1462 887 1551 924 igitur
1566 887 1622 918 alia
1637 887 1806 926 intelligens
1822 896 1876 917 na-

1050 935 1116 961 tura
1131 931 1309 967 daainonum,
1322 930 1350 960 in
1364 931 1469 970 ipsam,
1487 931 1564 970 quod
1583 931 1748 970 intelligere
1766 941 1871 971 possu-

1049 985 1125 1010 mus,
1142 975 1270 1009 irruens.
1287 980 1316 1005 et
1345 976 1374 1004 in
1405 976 1585 1006 motionibus
1611 977 1674 1015 ejus
1690 976 1874 1006 naturalibus

1049 1019 1157 1059 quibus
1173 1029 1292 1059 semper
1307 1020 1412 1055 cietur,
1444 1020 1593 1057 negotium
1609 1029 1643 1050 ac
1659 1021 1823 1050 molestiam
1843 1020 1873 1050 ei

1049 1066 1198 1095 lacessens
1220 1074 1253 1095 ac
1286 1065 1415 1094 tenebris
1442 1065 1619 1104 quibusdam
1647 1065 1760 1101 offusis,
1790 1065 1872 1095 illam

1049 1109 1139 1148 probe
1147 1117 1272 1141 cernere
1281 1119 1337 1140 non
1344 1110 1681 1149 sinens,desiderantem
1689 1114 1780 1147 recta,
1788 1119 1871 1147 vera,

1048 1162 1171 1193 quaeque
1189 1163 1298 1184 meram
1315 1154 1556 1192 imaginationem
1587 1159 1615 1184 et
1630 1154 1764 1184 umbram
1782 1162 1873 1194 atque

1048 1207 1180 1228 errori-in
1207 1208 1265 1228 non
1281 1198 1401 1229 habent.
1421 1199 1537 1229 Etenim
1563 1199 1712 1229 naturales
1729 1200 1867 1229 humanae

1048 1246 1159 1272 naturae
1174 1242 1304 1276 habitus,
1320 1252 1337 1272 a
1362 1244 1445 1282 lapsu
1471 1243 1559 1283 primi
1591 1243 1722 1274 hominis
1737 1243 1773 1274 de
1790 1244 1871 1274 linea

1046 1286 1244 1323 dellexerunt,
1258 1296 1341 1317 mens
1353 1287 1499 1326 cogitatio,
1525 1287 1635 1327 opinio,
1655 1287 1776 1318 facultas
1793 1288 1870 1318 ima-

1047 1330 1186 1369 ginati'ix,
1204 1340 1320 1367 sensus,
1348 1335 1376 1361 et
1405 1332 1434 1361 in
1463 1331 1570 1371 quibus
1600 1341 1698 1362 anima
1725 1333 1873 1372 tripartita

1047 1375 1238 1414 perspicitur,
1256 1385 1362 1415 nempe
1376 1385 1442 1414 pars
1458 1377 1519 1413 illa,
1538 1379 1565 1406 in
1582 1386 1639 1416 qua
1654 1377 1818 1408 incstratio
1837 1383 1869 1408 et

1046 1419 1203 1449 consilium
1214 1430 1221 1456 ;
1234 1424 1261 1450 et
1272 1421 1375 1457 altera,
1391 1420 1419 1450 in
1429 1421 1866 1461 quairacundia;etpostrcma,

1047 1463 1076 1493 in
1096 1473 1154 1503 qua
1168 1464 1352 1503 cupiditates,
1369 1464 1566 1504 libidinesque
1595 1470 1758 1496 versantur.
1773 1466 1870 1506 Atque

1047 1507 1158 1538 idcirco
1174 1509 1344 1539 ratiocinari
1367 1510 1487 1549 quidem
1510 1511 1597 1541 homo
1628 1515 1724 1550 potest
1739 1521 1746 1541 :
1764 1511 1816 1542 sed
1831 1512 1870 1542 ad

1045 1557 1126 1583 recte
1140 1553 1374 1584 ratiocinandum
1392 1554 1549 1584 imbecillis
1577 1559 1630 1584 est.
1650 1556 1869 1594 Coucupiscere

1048 1597 1166 1637 quidem
1186 1602 1290 1637 potest,
1307 1598 1359 1628 sed
1374 1599 1474 1629 stulte.
1504 1599 1593 1630 Irasci
1622 1599 1741 1639 quidem
1760 1605 1867 1640 potest,

1048 1641 1099 1671 sed
1117 1645 1228 1672 temere
1244 1642 1381 1673 irascitur
1396 1653 1402 1672 :
1420 1643 1546 1682 ideoque
1562 1652 1659 1680 sensa,
1676 1649 1864 1675 commenta-

1047 1686 1153 1723 tiones,
1167 1686 1333 1726 opiniones.
1345 1686 1582 1726 imaginationes,
1602 1687 1758 1719 sensiones
1774 1689 1868 1728 perti-

1045 1731 1140 1767 nacia,
1160 1731 1296 1768 diSIorta,
1313 1731 1462 1762 instabilia
1478 1736 1506 1762 et
1529 1732 1643 1763 lubrica
1658 1738 1736 1764 sunt.
1753 1732 1866 1769 Quam-

1045 1775 1150 1807 obrem
1180 1781 1290 1813 sancta,
1322 1777 1494 1808 intaminata
1521 1782 1550 1808 et
1579 1778 1769 1817 omnipotens
1786 1783 1870 1810 nata-

1043 1820 1118 1850 toria
1132 1821 1201 1852 Jesu
1218 1821 1269 1852 Dei
1285 1822 1374 1852 hosce
1399 1822 1563 1852 secundum
1593 1828 1728 1853 naturam
1744 1823 1865 1854 habitus

1043 1865 1174 1904 corrigit,
1203 1867 1370 1901 conﬁrmat,
1398 1871 1428 1897 et
1457 1867 1639 1904 corroborat,
1671 1872 1699 1898 et
1725 1869 1767 1898 ob
1792 1869 1869 1899 hanc

1043 1918 1161 1940 causam
1177 1910 1223 1940 lex
1241 1916 1270 1941 et
1284 1911 1394 1951 regulae
1421 1911 1557 1942 divivitus
1587 1912 1662 1942 datas
1678 1917 1757 1950 sunt,
1772 1918 1802 1943 ut
1817 1913 1867 1944 in-

1044 1953 1213 1994 telligentiae
1227 1956 1384 1996 particeps,
1397 1965 1574 1996 semperque
1589 1957 1707 1988 mobilis
1722 1958 1821 1988 anima
1836 1959 1866 1988 in

1043 1999 1224 2030 motionibus
1239 2000 1300 2030 suis
1327 2000 1476 2040 legitimis,
1509 2000 1675 2041 divinisque
1703 2002 1868 2032 canonibus

1043 2046 1224 2083 temperetur
1241 2055 1247 2074 τ
1266 2054 1323 2085 quo
1339 2045 1369 2075 in
1397 2046 1434 2075 iis
1459 2045 1571 2084 jiigiter
1598 2046 1743 2086 ambulas,
1763 2051 1868 2078 cernat

1041 2097 1108 2127 quae
1122 2094 1203 2119 recta
1217 2094 1296 2126 sunt,
1314 2099 1438 2129 eamque
1468 2090 1576 2120 decent
1594 2100 1600 2121 :
1634 2095 1663 2121 et
1677 2091 1707 2121 in
1723 2092 1775 2122 hac
1790 2101 1866 2122 con-

1043 2133 1234 2172 templatione
1261 2134 1429 2170 exercitata,
1465 2139 1632 2164 vexatorem
1662 2145 1678 2165 a
1704 2144 1736 2166 se
1765 2135 1868 2172 fugere

173 2181 265 2216 runt;
291 2178 439 2218 cupiditas
453 2178 489 2208 ad
502 2187 537 2208 ea
553 2186 620 2217 quae
634 2176 837 2215 intelliguntur
855 2175 906 2206 Dei
921 2176 1210 2214 bonaDcompellat.
1229 2183 1257 2208 et
1273 2187 1337 2208 cum
1356 2179 1385 2208 in
1403 2178 1499 2209 omnis
1524 2179 1654 2209 veritatis
1669 2181 1868 2219 comprehen-

172 2223 349 2263 respiciens,
367 2227 396 2254 et
410 2223 530 2254 incitata
559 2222 615 2259 ira,
645 2221 738 2260 ipsam
755 2220 947 2260 cupiditatem
961 2221 998 2251 ad

172 2267 223 2298 illa
247 2267 424 2307 generosius
453 2266 610 2307 captanda,
641 2270 670 2296 et
698 2265 734 2295 ad
759 2265 996 2302 ascendendum,

172 2312 295 2352 Deoque
305 2313 399 2352 magis
410 2321 444 2343 ac
457 2320 551 2349 magis
562 2309 861 2351 appropinquandum
874 2309 1000 2340 extimu-

171 2355 247 2388 lans.
265 2359 301 2387 At
317 2361 473 2396 postquam
490 2365 575 2386 mens
590 2354 752 2390 debilitata,
777 2359 806 2384 et
821 2363 878 2394 qua
894 2360 997 2385 custo-

173 2401 310 2432 diebatur
325 2400 452 2432 sani-ate
476 2400 601 2440 spoliata
629 2403 684 2436 est,
715 2399 750 2429 ad
765 2398 908 2429 inferiora
923 2399 996 2438 sola,

171 2449 204 2475 ut
215 2446 314 2476 vitiata
331 2445 462 2485 deﬂexit,
480 2450 568 2484 atque
597 2444 709 2474 idcirco
738 2452 802 2483 quae
824 2443 904 2473 illius
919 2443 997 2473 haud

172 2491 331 2527 intersunt,
347 2489 525 2530 insipienter
549 2488 741 2528 concupiscit,
759 2492 789 2518 et
804 2488 868 2518 sine
883 2488 997 2518 ratione

171 2538 310 2575 tanquam
340 2535 420 2570 (crae,
452 2543 486 2565 ac
513 2534 616 2564 bestiae
645 2533 794 2563 irascitur.
812 2532 997 2563 Christianus

169 2578 260 2618 igitur
287 2590 323 2611 ex
352 2579 461 2612 Christi
504 2578 653 2610 consortio
688 2587 832 2618 recupera
858 2579 994 2614 sanitate,

167 2632 289 2656 rursum
305 2625 354 2655 illa
369 2626 522 2655 duntaxat.
539 2633 665 2664 quorum
681 2622 776 2662 gratia
794 2623 847 2660 ira,
864 2626 893 2653 et
907 2623 994 2663 cupi-

168 2668 245 2701 ditas
260 2674 372 2701 natum
386 2669 489 2700 inditae
517 2672 598 2705 sunt,
627 2666 819 2707 concupiscit.
837 2666 893 2702 Qui
908 2676 995 2698 secus

165 2713 246 2753 facit,
265 2715 399 2746 nondum
415 2719 461 2746 est
485 2713 680 2745 Christianus.
710 2711 776 2742 Non
792 2716 891 2752 itaque
906 2711 950 2742 ira
965 2716 994 2743 et

204 2795 236 2821 τι
249 2794 337 2829 Joan.
350 2803 414 2835 VIII,
431 2796 482 2828 35.
523 2793 554 2820 ³8
566 2793 643 2826 Ibid.
658 2792 708 2826 36.
751 2793 781 2819 99
793 2793 880 2826 Joan.
894 2801 957 2834 xxv,
973 2795 1027 2829 22.

1041 2222 1124 2252 sione
1141 2223 1299 2262 perfectior
1328 2224 1464 2259 evaserit,
1493 2224 1524 2254 in
1554 2224 1633 2255 veris
1661 2226 1865 2256 tantummodo

1041 2267 1169 2297 studium
1187 2272 1274 2308 atque
1303 2277 1424 2308 operam
1452 2277 1536 2299 suam
1565 2269 1714 2300 c-llocet:
1746 2279 1804 2310 quo
1820 2270 1864 2301 sic

1039 2310 1136 2351 ipsum
1149 2312 1231 2342 illum
1248 2313 1447 2352 legistatorem
1463 2313 1498 2343 ad
1516 2313 1764 2353 requiescendum
1776 2324 1866 2354 super

1040 2365 1072 2386 se
1082 2357 1219 2395 attrahat,
1231 2356 1488 2397 impteaturquein
1501 2357 1574 2397 ipsa,
1596 2359 1673 2398 quod
1690 2359 1800 2389 dictum
1819 2361 1865 2388 est

1039 2399 1205 2439 aDomino:
1229 2402 1860 2443 Quidttigi‘tme,sermouesmeasservabit,

1039 2448 1067 2476 et
1082 2454 1136 2486 ego
1153 2446 1281 2485 diligam
1295 2455 1374 2483 eum,
1391 2450 1417 2477 et
1447 2447 1647 2486 maiii'festabo
1661 2448 1688 2477 ei
1701 2448 1860 2486 meipsum.

1038 2490 1076 2520 Ει
1087 2499 1140 2529 ego
1150 2494 1177 2522 et
1185 2491 1279 2522 Pater
1290 2492 1456 2528 veniemus,
1470 2494 1497 2522 et
1509 2493 1694 2522 mansionem
1701 2491 1782 2531 apud
1789 2500 1862 2522 eum

1037 2535 1144 2573 faciem
1150 2545 1184 2566 us
1197 2535 1236 2564 99.

1078 2579 1140 2610 Hoc
1154 2581 1261 2611 animae
1277 2581 1447 2621 mysterium
1471 2581 1569 2612 omnis
1593 2581 1693 2612 saeculi
1707 2581 1796 2621 hujus
1811 2591 1860 2612 sa-

1037 2624 1148 2664 pientia
1162 2625 1309 2664 ignoravit
1325 2636 1334 2656 :
1350 2635 1417 2665 quae
1440 2626 1586 2665 sapientia
1602 2626 1638 2656 ob
1654 2626 1683 2656 id
1700 2627 1788 2656 etiam
1807 2636 1860 2666 pa-

1035 2673 1097 2699 stus
1106 2670 1229 2700 rationis
1240 2679 1360 2710 exspers
1368 2670 1475 2700 dicitur
1486 2679 1492 2701 :
1503 2680 1572 2701 nam
1583 2671 1638 2701 hoc
1650 2672 1744 2701 solum
1754 2671 1861 2702 animae

1034 2723 1174 2746 arcanum
1183 2719 1282 2756 pastus
1291 2725 1358 2747 cum
1371 2716 1486 2747 ratione
1498 2716 1674 2756 conjunctus
1685 2720 1740 2747 est.
1750 2715 1861 2747 Unum-
