1983 3072
70 204 137 239 385

814 200 956 236 ORATIO
976 201 1030 234 XI.

1707 201 1768 241 368

68 282 227 314 quemque
241 273 321 304 enim
337 274 441 308 Deum,
455 270 598 313 seipsum,
610 276 640 303 et
653 270 803 303 daemones
811 277 897 302 nosse
908 273 928 298 Α
939 269 1000 310 dat,
1016 273 1050 301 ut
1072 274 1255 311 corporatam
1271 274 1438 303 creaturam
1452 271 1597 312 aspiciant
1613 281 1620 304 :
1635 273 1762 306 alterum

71 323 205 359 oportet.
219 318 316 357 Illum,
333 323 364 349 ut
382 318 551 355 Dominum,
568 317 676 358 quique
691 316 771 348 solus
787 317 900 346 salvare

70 363 180 404 possit.
192 362 302 401 Semet,
317 368 347 394 ut
361 363 511 394 imbellem
521 362 660 393 adversus
671 362 798 397 hostem,
810 369 898 400 quem

68 407 177 438 animo
188 408 330 438 videmus.
341 409 506 443 Damonas,
514 404 897 445 uthostesinaspectabiles,

69 452 139 492 qui,
156 452 235 492 quod
250 452 425 483 admirabile
449 456 504 487 est,
536 455 678 491 perpetuo
707 459 760 480 nos
778 458 830 489 per
845 456 900 478 nos

70 497 160 536 ipsos
175 502 355 536 oppugnant.
365 496 401 528 Ut
414 496 492 527 enim
505 497 633 526 exterior
642 499 778 535 aspectus
798 498 904 533 prteler

71 541 150 571 solis
167 541 264 573 lucem
281 542 316 572 ad
334 542 489 582 perspicue
505 540 903 581 evidenterquedignoscen-

73 586 150 616 dum
167 595 215 616 res
228 591 353 626 quatuor
381 586 517 626 requirit,
532 586 655 616 illaesum
672 585 803 621 oculum,
818 592 902 614 com-

73 640 212 661 mensam
221 631 393 669 motionem,
402 629 788 663 commensamdislantiam,
798 636 902 668 purum

72 685 178 706 aerem
195 686 202 705 :
235 676 278 706 sic
307 685 378 706 sane
394 680 422 706 et
435 675 558 706 interior
571 679 707 714 aspectus
721 677 787 713 eget
803 675 902 703 mente

74 718 899 760 perfecta,motionecommensacontemplationis,quam

76 765 132 796 Dei
150 765 239 795 timor
249 774 302 796 ceu
318 765 402 795 l‘reno
414 764 595 800 moderetur,
605 769 634 794 et
648 763 774 804 quadam
786 761 898 792 intelli-

74 809 162 848 gibili
177 809 256 840 aeris
272 810 410 849 puritate,
426 809 584 840 illuminati
599 818 667 839 vero
681 808 804 842 lumine,
824 805 901 846 quod

73 862 198 883 omnt-m
212 854 361 884 hominem
374 854 403 884 in
422 853 563 885 mundum
579 853 716 884 virtutqu
734 852 901 884 venientem

940 314 1018 355 quod
1033 315 1205 360 intellectile
1221 316 1322 347 lumen
1330 315 1450 354 dicitur,
1466 316 1601 348 Christus
1613 317 1704 356 Deus,
1713 319 1766 360 qui

940 359 1108 399 aspectibus
1123 360 1358 400 intelligibilibus
1372 361 1472 397 donat,
1490 365 1521 392 ut
1533 365 1698 394 creaturam
1713 359 1764 394 in-

941 413 1116 443 corpoream
1124 405 1352 445 intelligibiliter
1358 409 1566 437 contueantur.
1577 405 1766 440 Nisiexortus

941 448 1029 480 fuerit
1044 449 1099 486 sol,
1123 459 1212 490 quem
1239 459 1346 480 sensus
1374 450 1504 490 attingit,
1531 450 1598 482 loca
1621 452 1719 492 plana,
1737 456 1766 484 et

944 493 1068 529 directa,
1079 494 1140 525 vias
1152 504 1250 535 puras,
1262 494 1386 525 etsorde
1409 499 1544 526 vacantes
1560 504 1648 527 nemo
1658 497 1760 529 videt:

944 537 984 568 ita
1009 538 1066 569 nisi
1081 539 1125 570 sol
1142 548 1230 579 quem
1245 543 1345 570 mente
1360 539 1580 579 cognoscimus,
1597 550 1665 572 sese
1680 545 1767 573 extu-

944 582 1024 620 lerit,
1050 583 1188 614 vitiorum
1217 583 1390 624 praecipitia,
1420 587 1449 614 et
1477 583 1624 616 directum
1645 585 1768 626 justitite

944 628 1060 664 callem,
1068 627 1293 668 divinorumque
1301 628 1506 659 mandatorum
1513 629 1766 669 pulchritudinem

944 672 1042 718 nullus
1059 672 1211 718 perspicit.
1230 672 1260 703 Si
1291 681 1373 718 ergo?
1387 672 1574 704 Christianus
1587 675 1768 718 reperiatur,

943 717 992 758 qui
1008 726 1061 757 per
1087 717 1162 748 viam
1192 717 1392 757 improbitatis
1423 721 1524 755 totam,
1553 723 1604 750 aut
1631 728 1668 751 ex
1684 725 1766 760 parte

943 761 1137 802 ingrediatur,
1154 762 1284 794 necdum
1301 766 1346 792 est
1374 762 1570 794 Christianus.
1587 763 1662 795 Nam
1678 764 1767 796 Chri-

943 806 1057 837 stianus
1070 806 1106 837 ab
1132 807 1197 847 ipsa
1224 816 1334 838 arcana
1362 806 1417 838 Dei
1441 808 1623 848 cognitione,
1640 819 1698 850 qua
1714 818 1768 850 per

943 859 1060 882 sacrum
1069 851 1376 892 baptismaimbuitur,
1389 851 1635 894 divinoimpletur
1643 854 1767 894 lumine,

75 897 238 928 illuminat.
249 899 311 930 Etsi
321 908 385 929 vero
398 899 558 929 hoclumen
568 897 709 929 abscondi
720 895 904 944 impossibile
916 921 934 944 Β
946 900 974 944 et
989 895 1174 944 illuminatus
1185 900 1241 934 est,
1252 906 1292 944 ac
1308 896 1427 928 dicitur.
1444 897 1538 944 A_tqu_i_
1557 898 1656 944 omnis
1671 899 1723 940 qui
1737 899 1770 930 in

76 945 138 978 est,
156 943 232 981 quod
251 943 332 973 nullo
346 943 522 984 sepimento,
549 947 597 973 aut
613 942 691 972 nube
706 941 902 980 intercipitur,

78 990 131 1016 aut
144 986 332 1026 prohibetur,
349 992 446 1018 tamen
464 987 541 1018 haud
557 987 595 1018 ab
611 986 782 1017 inﬁdelibus
794 985 908 1016 anima-

78 1029 148 1067 bus,
160 1031 210 1061 sed
223 1031 307 1062 abiis
319 1032 426 1069 solum,
437 1032 538 1072 quaain
545 1032 692 1064 Christum
702 1031 907 1068 crediderunt,

77 1075 206 1105 videtur.
221 1075 341 1107 Fideles
353 1086 441 1116 porro
453 1077 559 1107 animae
571 1078 599 1107 in
611 1076 731 1106 veritate
745 1082 825 1112 sunt,
843 1083 909 1115 qua;

78 1124 149 1159 post
163 1121 419 1159 regenerationem
436 1121 527 1151 divini
543 1125 571 1152 et
585 1121 661 1151 sacri
678 1120 863 1160 baptismatis
876 1119 906 1149 in

78 1164 163 1194 nullo
181 1165 296 1204 penitus
318 1165 416 1205 magni
432 1165 498 1203 Dei,
514 1169 542 1195 et
559 1165 716 1196 Salvatoris
730 1164 822 1195 nostri
836 1163 905 1194 Jesu

79 1208 191 1240 Christi
218 1210 387 1241 mandatum
432 1210 712 1250 transgrediuntur:
757 1209 809 1240 sed
839 1219 905 1239 cum

80 1258 185 1284 sancto
200 1254 309 1285 Davide
320 1259 423 1295 optant
443 1255 564 1286 dicere:
588 1256 631 1286 Ad
646 1257 748 1286 omnia
764 1254 908 1284 maudata

82 1302 135 1330 tua
145 1299 307 1337 dirigebar.
317 1300 441 1331 Omnem
449 1301 528 1331 viam
542 1301 714 1339 iniquitatis
725 1299 792 1330 odio
803 1298 906 1333 habui,

82 1344 227 1382 quoniam
235 1346 337 1375 omnia
344 1346 488 1376 mandata
495 1345 711 1382 [nefasti/iam.
720 1344 906 1374 Omttisenim

85 1388 138 1427 qui
148 1389 391 1428 facitjuslt’tiam,
406 1389 508 1420 scribit
520 1389 645 1420 dilectus
659 1388 854 1422 illeJoannes.
868 1396 906 1419 ea:

86 1432 150 1462 Deo
158 1436 293 1464 natusest
308 1444 314 1463 ε
327 1435 381 1474 qui
386 1438 484 1465 autem
491 1433 565 1473 facit
571 1437 780 1473 peccatum,“
786 1431 906 1463 diabolo

86 1477 177 1506 est-3‘.
195 1476 326 1508 Fide'em
343 1478 443 1518 itaque
459 1483 488 1509 et
516 1478 666 1508 infidelem
683 1477 819 1508 mandata
841 1476 905 1507 dis-

85 1520 233 1559 tinguunt.
265 1522 339 1553 Nam
369 1527 401 1553 ut
429 1523 459 1553 in
485 1522 620 1563 quolibet
647 1522 756 1553 Christi
770 1521 906 1552 mandato

950 941 1060 971 lumine
1076 940 1219 981 ambulat,
1249 941 1347 971 foveas
1375 945 1403 972 et
1430 941 1610 974 olfendicula
1625 943 1716 976 videt.
1734 944 1767 976 Si

950 994 1009 1015 non
1024 985 1112 1021 videt,
1130 994 1184 1016 nec
1198 985 1299 1016 lumen
1315 985 1415 1016 habet.
1431 986 1586 1022 Quomodo
1601 996 1671 1027 ergo
1684 987 1769 1020 Citri-

950 1030 1064 1060 stianus
1075 1029 1144 1060 est?
1155 1029 1185 1060 Si
1196 1034 1293 1060 autem
1305 1039 1337 1060 se
1347 1029 1448 1060 videre
1458 1031 1595 1070 aﬂirmat,
1607 1036 1636 1063 et
1656 1032 1769 1064 nihilo-

952 1074 1050 1104 minus
1065 1074 1240 1105 deliciarum
1264 1074 1415 1105 illecebris
1437 1075 1562 1116 capitur,
1580 1076 1770 1109 mendacium

947 1117 1122 1149 dicit.Videt
1132 1117 1211 1149 enim
1219 1117 1470 1158 quemadmodum
1477 1119 1767 1160 quiluminecarent,

947 1162 976 1192 id
991 1166 1046 1199 est,
1065 1162 1201 1193 inﬁdeles
1218 1171 1224 1193 :
1257 1166 1285 1193 et
1310 1162 1353 1193 illi
1369 1163 1479 1203 quippe
1498 1163 1575 1195 bona
1590 1169 1619 1195 et
1633 1165 1710 1197 mala
1720 1165 1770 1196 in-

948 1211 1121 1238 ternoscuut
1137 1207 1269 1248 quidem,
1287 1212 1491 1239 verumtamen
1511 1217 1528 1239 a
1544 1209 1622 1240 malo
1638 1219 1698 1242 non
1714 1210 1771 1242 de-

949 1252 1077 1283 clinant:
1097 1256 1254 1293 propterea
1270 1253 1348 1293 quod
1367 1263 1425 1283 non
1442 1263 1516 1294 pure
1541 1263 1576 1285 ac
1592 1255 1706 1296 liquido
1722 1256 1769 1289 vi-

949 1298 1032 1335 dent,
1045 1297 1114 1337 quid
1128 1298 1249 1338 proprie
1260 1297 1372 1328 bonum
1383 1302 1434 1328 aut
1446 1298 1554 1329 malum
1566 1299 1614 1332 sit.
1634 1300 1671 1331 At
1682 1299 1770 1332 Chri-

949 1343 1062 1373 stianus
1073 1342 1204 1382 quandiu
1219 1352 1279 1373 non
1296 1342 1463 1383 perspicue.
1479 1352 1514 1374 ac
1529 1343 1652 1384 limpide
1660 1346 1770 1376 malum

950 1387 1055 1424 cernit,
1073 1387 1205 1417 nondum
1233 1387 1288 1417 fuit
1320 1387 1516 1420 Christianus.
1546 1390 1679 1420 Certabit
1699 1398 1769 1421 vero

948 1437 1099 1463 certamen
1114 1432 1145 1462 in
1159 1431 1330 1471 gemitibus,
1345 1437 1374 1463 et
1388 1432 1527 1472 lacrymis
1539 1437 1568 1463 et
1585 1433 1721 1473 jejuniis,
1739 1438 1771 1466 ut

948 1477 1005 1507 sibi
1020 1486 1121 1507 verum
1139 1476 1482 1518 perfectumqualumen
1509 1477 1674 1516 lllucescat,
1691 1479 1771 1520 quod

949 1531 1069 1552 omnem
1086 1521 1240 1552 hominem
1252 1521 1282 1552 in
1298 1521 1376 1552 hunc
1393 1522 1537 1553 mundum
1554 1523 1722 1554 venientem
1738 1523 1773 1554 il-

86 1565 277 1605 exsequendo
293 1566 366 1597 fides
382 1571 410 1597 et
424 1567 571 1598 confessio
601 1567 708 1598 Christi
725 1570 881 1597 exercetur
897 1575 935 1606 :C
949 1566 1074 1597 luminat
1083 1565 1122 1603 δε,
1140 1570 1169 1596 et
1184 1566 1301 1596 habitus
1325 1566 1432 1597 animae
1454 1567 1603 1598 naturales
1617 1567 1771 1609 emendet,

86 1609 130 1640 sic
143 1610 172 1639 in
181 1613 425 1652 unaquaqueejus
437 1612 566 1642 mandati
578 1610 907 1642 violationeinﬁdelitas
949 1615 1037 1651 atque
1053 1611 1190 1647 il‘ustrrt,
1209 1611 1369 1650 [iratosque
1394 1620 1429 1641 ac
1451 1611 1563 1642 validos
1578 1611 1694 1650 reddat,
1712 1622 1770 1653 quo

87 1658 117 1684 et
129 1655 410 1693 negatioinvenitur.
424 1656 907 1696 CredentibusigiturinChristum
950 1657 1130 1686 voluntatem
1143 1655 1197 1686 Dei
1211 1655 1332 1693 bonam,
1352 1655 1609 1696 beneplacentem,
1622 1661 1652 1687 et
1668 1657 1769 1698 perfe-

88 1699 252 1737 animabus,
271 1704 300 1730 et
314 1701 378 1740 ejus
404 1701 487 1741 jussa
515 1702 653 1742 legesque
679 1701 829 1732 custodire
845 1704 907 1730 sta-
950 1704 1026 1731 ctam
1041 1700 1149 1735 videat,
1163 1704 1192 1730 et
1206 1700 1342 1730 eamdem
1358 1700 1465 1739 cupide
1480 1700 1679 1741 ardenterque
1691 1711 1772 1733 com-

90 1744 252 1781 tuentibus,
272 1754 324 1784 pro
340 1755 477 1776 mensura
493 1746 560 1776 ﬁdei
577 1750 605 1776 et
616 1746 804 1781 obedientize,
819 1755 906 1785 quam
951 1745 1107 1785 plectatur.
1120 1744 1175 1781 Qui
1188 1744 1269 1775 enim
1285 1744 1342 1774 vim
1358 1744 1510 1775 caelestem
1526 1754 1544 1775 a
1558 1749 1660 1776 sancta
1675 1745 1772 1787 bapti-

91 1787 208 1819 Chuisto
226 1794 377 1828 prtestant,
394 1791 480 1821 etiam
495 1792 553 1822 illis
572 1796 601 1821 ut
627 1791 745 1821 videant
761 1791 884 1830 largitur
900 1801 907 1826 ;
952 1790 1054 1820 smatis
1066 1789 1208 1819 natatoria
1216 1799 1274 1820 non
1285 1793 1454 1829 senserunt,
1465 1790 1770 1830 quaavisregeneratio

92 1832 168 1876 quod
177 1833 295 1873 quidem
306 1835 418 1873 videre,
433 1840 476 1866 est
488 1836 589 1867 notitia
601 1846 701 1867 eorum
715 1846 779 1876 quae
792 1836 911 1876 proprie
953 1839 981 1865 et
992 1833 1153 1870 renovatio,
1168 1841 1196 1864 et
1207 1838 1238 1864 ut
1255 1843 1324 1864 vere
1344 1838 1398 1871 est,
1419 1834 1590 1866 reformatio
1614 1836 1703 1867 totius
1718 1837 1772 1867 bo-

91 1875 168 1920 bona
183 1881 252 1908 sunt
267 1882 294 1909 et
309 1888 374 1918 quae
391 1889 449 1909 non
465 1885 544 1917 sunt,
574 1889 697 1920 quaeque
713 1880 742 1910 in
759 1879 844 1909 malis
860 1880 911 1909 ha-
956 1878 1044 1909 minis
1058 1883 1187 1916 vocatur,
1204 1878 1240 1909 iis
1255 1883 1323 1918 post
1337 1879 1400 1909 haec
1428 1883 1457 1909 et
1471 1879 1656 1912 institutione
1670 1885 1700 1912 et
1713 1881 1771 1912 im-

92 1919 199 1957 benda,
213 1926 241 1952 et
251 1932 315 1963 quae
327 1933 384 1954 non
396 1923 542 1961 habenda,
556 1919 594 1954 ne
604 1919 724 1955 exitium
737 1934 788 1965 pro
800 1925 907 1962 salute,
954 1923 1099 1964 positione
1109 1923 1342 1954 venerandarum
1355 1933 1495 1954 manuum
1506 1934 1522 1954 a
1538 1925 1647 1955 sanctis
1661 1925 1774 1958 illumi-

92 1974 165 1996 neve
181 1967 305 1998 salutem
330 1977 381 2008 pro
408 1969 498 1999 exitio
527 1969 717 2000 intueamur:
750 1969 802 1999 sed
818 1968 909 2000 veluti
952 1973 1086 2008 natisque
1102 1977 1175 2008 opus
1191 1971 1246 1998 est.
1277 1967 1341 1998 Nisi
1369 1967 1448 1998 enim
1473 1967 1581 2009 cuique
1606 1969 1775 2002 Christiano

92 2019 156 2040 cum
169 2020 271 2042 aurum
283 2013 446 2052 projectum
460 2014 605 2051 videmus,
618 2015 653 2045 ad
666 2014 693 2044 id
711 2014 909 2053 colligendum
952 2012 1094 2043 habitusa
1112 2015 1219 2043 natura
1236 2012 1403 2051 ingenerati
1418 2016 1504 2043 antea
1520 2013 1658 2054 correcti,
1676 2018 1775 2046 trans-

92 2055 272 2099 accurrimus
289 2066 296 2088 :
328 2062 356 2087 et
380 2058 573 2099 praecipitium
604 2059 832 2099 conspicientes,
851 2069 910 2090 non
953 2058 1066 2097 mutati,
1082 2061 1111 2087 et
1125 2057 1393 2097 aturpiludineeos
1402 2057 1580 2088 obscurante
1591 2060 1774 2099 perpurgati,

93 2098 160 2130 inde
176 2110 228 2131 nos
245 2098 488 2142 praecipitamus:
505 2104 546 2134 sic
563 2098 720 2134 cernentes
735 2105 787 2136 Dei
805 2104 911 2134 vulun-
954 2103 1109 2143 solideque
1124 2102 1246 2132 stobiliti
1261 2102 1382 2139 fuerint,
1400 2103 1584 2142 perdifﬁcile,
1596 2098 1777 2144 imoimpos-

95 2146 194 2182 tatem,
212 2151 349 2186 prompte
361 2147 397 2178 ad
409 2148 488 2178 illam
501 2148 644 2186 ferimur;
659 2153 688 2179 et
703 2149 836 2180 videntes
848 2159 916 2190 pec-
958 2147 1225 2178 sibileestomnino
1241 2147 1776 2181 cuivisanimte.divinisvoluntatibus

96 2193 201 2235 catum,
229 2200 368 2223 cavemus
395 2202 433 2223 ne
461 2193 492 2224 in
521 2193 550 2224 id
581 2194 746 2235 praecipites
768 2195 944 2235 abeamus“
960 2193 1095 2233 obsequi.
1113 2193 1184 2224 Nam
1202 2192 1283 2232 prius
1297 2192 1374 2233 quod
1404 2192 1504 2224 debile
1533 2197 1562 2224 et
1575 2197 1717 2232 aegrotum
1732 2198 1779 2226 est

96 2233 373 2281 confringanturque
384 2247 450 2268 ossa
462 2226 623 2276 nostra,let
635 2226 732 2280 neque
742 2240 777 2270 ad
795 2244 912 2281 tempe-
923 2226 944 2251 D
954 2226 1056 2269 sanato
1071 2226 1315 2277 conﬁrmatoque:
1333 2237 1373 2268 ita
1387 2237 1508 2268 demum
1524 2238 1560 2269 ad
1573 2238 1775 2270 ministerium

96 2279 337 2321 rantiam,neque
348 2282 530 2322 adjustitiam
541 2287 619 2315 stare
632 2279 794 2324 possimus:
811 2279 913 2316 verum
955 2283 1099 2314 accedere
1113 2282 1156 2312 fas
1171 2287 1225 2319 est,
1243 2282 1321 2322 quod
1337 2282 1418 2313 omni
1437 2282 1485 2312 cui
1501 2282 1688 2314 ministratur
1703 2293 1779 2315 con-

97 2331 256 2370 nonsecus,
269 2335 356 2365 quam
370 2327 460 2367 quiin
474 2328 912 2370 lectotlecumbuntparalytici,
956 2327 1046 2358 ducit.
1064 2327 1147 2364 Quod
1163 2327 1242 2358 enim
1271 2327 1368 2358 adhuc
1398 2327 1566 2358 morbidum
1582 2332 1639 2369 est,
1656 2328 1779 2360 cuilibet

95 2366 194 2414 jacere
204 2369 328 2401 velimus
343 2366 589 2410 inimmunditiis,
601 2381 631 2403 et
651 2366 782 2412 avaritia,
796 2366 914 2414 et'gau-
940 2370 1145 2413 _heroinutile
1156 2376 1209 2403 est.
1229 2372 1271 2402 Ex
1287 2372 1341 2402 hac
1357 2372 1524 2411 ignorantia
1537 2366 1657 2412 plurimi
1672 2377 1780 2404 ascetaa

99 2412 913 2458 deamuspotiusinstardelictorum,quorumdam,uulla
933 2412 1122 2454 ,imbecilles
1138 2421 1167 2447 et
1197 2416 1330 2454 invalidi,
1359 2416 1467 2448 frustra
1496 2417 1643 2457 laborant,
1662 2422 1691 2449 et
1706 2418 1778 2449 dor-

99 2456 207 2503 idcirco
223 2459 357 2491 molestia
373 2461 536 2503 doloreque
551 2456 658 2493 atrecti.
674 2463 712 2495 Ut
726 2465 805 2495 enim
821 2465 915 2496 oculis
956 2462 1051 2493 miunt
1062 2461 1147 2493 multi
1155 2461 1197 2499 53,
1211 2471 1285 2502 quos
1303 2461 1428 2502 proinde
1436 2466 1578 2494 aeternum
1591 2456 1666 2495 illud
1677 2463 1780 2495 incen-

101 2502 231 2550 subjecta
241 2509 376 2550 creatura
385 2507 482 2538 omnis
494 2508 683 2540 continenter
701 2509 823 2550 lumine,
834 2509 915 2549 quod
956 2507 1038 2538 dium
1053 2506 1210 2539 cremabit.

103 2547 239 2595 senlitur,
246 2549 371 2595 indiget,
388 2555 419 2582 ut
434 2552 585 2584 videatur:
601 2553 663 2593 pari
677 2555 763 2585 modo
777 2547 917 2595 qualibet

105 2591 155 2640 sub
171 2593 393 2640 intelligentiam
418 2597 539 2628 veniens
561 2591 675 2636 natura,
692 2591 811 2640 semper
825 2599 916 2631 intel-

105 2637 216 2669 lectuali
242 2641 368 2680 quodam
397 2642 509 2674 lumine
536 2653 611 2684 opus
643 2643 743 2684 habet,
758 2637 798 2677 'ut
818 2650 918 2677 mente

106 2684 379 2723 comprehendatur.

141 2729 202 2760 Duo
218 2729 328 2770 quippe
358 2734 426 2762 sunt
452 2731 577 2771 lumina,
609 2743 701 2764 unum
728 2734 777 2766 hic
792 2735 848 2774 sol,
868 2735 919 2776 qui

106 2779 217 2803 sensum
234 2779 342 2814 movet,
361 2779 390 2807 et
419 2775 483 2808 visu
507 2777 683 2820 percipitur,
700 2779 811 2821 quique
825 2775 920 2819 oculis

1265 2565 1406 2598 ORATIO
1421 2565 1472 2598 XI.

1258 2611 1474 2643 ARGUIENTUI.

961 2658 1019 2696 Qui
1028 2659 1066 2699 de
1076 2658 1244 2699 praeteritis
1251 2661 1383 2699 peccatis
1393 2658 1484 2696 delet,
1496 2667 1565 2690 eum
1571 2658 1782 2699 nequidquam

993 2698 1105 2736 dolere,
1116 2699 1178 2730 nisi
1187 2698 1372 2739 medicinam
1382 2698 1780 2739 quoqueinﬁrmt‘tatt's'sutz,

992 2748 1048 2780 per
1057 2748 1150 2779 quam
1158 2742 1269 2780 peccat,
1281 2747 1300 2780 ᾳ
1311 2738 1432 2780 Christo
1447 2739 1620 2780 ﬂagitatam
1638 2739 1781 2780 accipiat.

997 2777 1189 2819 Qudcunquc
1208 2778 1344 2810 homines
1362 2779 1396 2810 in
1416 2777 1474 2810 hoc
1489 2777 1560 2811 'ot'ta
1582 2777 1733 2819 aguntﬂt'
1746 2777 1787 2809 ad

140 2879 166 2903 3°
179 2879 258 2914 Psal.
274 2890 376 2924 cxvnt,
392 2885 462 2926 128,
483 2887 551 2918 172.
595 2888 620 2910 ³1
635 2885 648 2920 Ι
662 2889 748 2922 toan.
762 2898 807 2930 tu,
822 2890 854 2930 7,
869 2889 900 2923 8-

958 2889 970 2912 ³
982 2889 1067 2922 toan.
1083 2897 1106 2927 ι,
1121 2888 1151 2921 9.
1193 2887 1220 2912 ³³
1232 2887 1247 2920 Ι
1261 2889 1332 2921 Cor.
1344 2896 1378 2930 ιι,
1392 2887 1443 2922 30.
