1983 3072
183 173 242 218 367

842 179 994 212 SYMEON
998 182 1033 213 IS
1052 183 1069 214 Ι
1073 182 1121 214 UN
1127 182 1228 214 IORIS

1812 185 1873 218 368

223 248 398 292 animorum
408 244 569 292 sanitatem
580 252 618 290 ea_
625 253 687 292 non
699 245 884 292 conducant,
897 249 1004 292 inania
1015 258 1035 281 Α
1047 252 1145 286 tuum,
1154 251 1208 281 hoc
1215 254 1271 291 est,
1286 252 1388 290 gratis,
1407 256 1439 283 ut
1449 252 1564 284 habens
1576 262 1681 284 nomen
1694 253 1871 292 gloriosum,

222 294 301 325 esse,
307 284 432 325 ideoque
441 284 559 315 morbos
569 284 745 324 spirituolcs
755 294 865 316 curare
881 291 1002 325 oporte—

222 335 264 396 re‘.
283 324 436 363 Quomodo
447 327 560 365 sponte,
579 324 918 365 etpmteroolmztalem
931 335 1002 366 pec-

221 374 251 397 ce
264 374 314 397 ur.

221 424 253 455 In
270 424 420 465 lacrymis,
433 428 461 455 et
472 433 602 455 maerore
612 425 734 465 versari,
748 430 776 455 et
787 425 902 465 precari
916 435 931 456 a
942 426 1002 456 Deo

182 469 418 501 misericordiam
435 471 472 500 ob
486 469 595 500 delicta
619 479 682 506 sua,
709 470 1004 510 praecedentibusque

182 513 397 546 oﬁ'ensionibus
409 519 438 545 et
450 514 556 545 erratis
569 513 683 545 veniam
695 524 828 554 poscere,
843 515 953 545 bonum
970 525 1003 546 ac

182 558 330 590 laudabile
347 563 410 590 est:
429 559 479 589 sed
497 558 573 589 istud
591 558 665 588 nihil
681 559 816 599 cuiquam
834 560 1003 590 commoda-

181 604 237 641 bit,
248 603 445 635 nisiChristus
457 603 712 634 imbecillitatibus
723 605 787 643 ejus
803 605 1000 635 menilicinnm

181 648 286 680 fecerit
300 659 307 679 :
320 648 428 689 quibus
444 648 551 678 ascribi
567 648 666 681 debet.
680 649 758 688 quod
775 649 862 679 etiam
879 659 1002 688 peccare

181 698 318 734 nequeat.
331 693 477 729 Quocirca
489 693 634 732 pcenitens
649 693 814 733 quibusque
829 693 999 730 contendet,

182 743 240 769 uta
251 738 368 770 Christo
381 738 469 777 vires,
484 737 521 768 ad
543 738 716 768 affectiones
737 738 868 769 turbidas
885 739 1002 778 penitus

1045 297 1077 324 ut
1085 296 1266 333 misericors,
1281 300 1306 327 et
1315 296 1498 335 ὺθηεριιίοι·⁷
1511 298 1624 329 etSolus
1637 299 1777 329 medicus.
1787 298 1872 334 Quis-

1045 338 1112 383 quis
1139 339 1227 378 igitur
1254 341 1435 372 curationem
1472 347 1515 372 est
1554 348 1748 383 consecutus,
1779 344 1871 373 evasit

1046 382 1133 412 etiam
1147 383 1349 415 Christianus:
1371 395 1424 416 nec
1439 387 1468 416 in
1482 387 1580 426 seipso
1597 382 1750 424 ulorialur,
1769 389 1820 418 sed
1838 387 1869 417 in

1046 427 1174 464 medico,
1187 429 1234 458 cui
1243 429 1307 459 dies
1320 435 1482 470 noctesque
1489 432 1596 470 gratias
1606 432 1674 470 agit,
1687 436 1716 462 et
1725 441 1758 462 ex
1770 431 1870 462 animo

1046 480 1076 500 se
1090 472 1223 503 humiliat
1255 474 1316 504 Nisi
1331 475 1410 504 enim
1425 481 1544 505 sanatus
1560 477 1720 513 invenitur,
1738 477 1870 506 nondum

1045 521 1162 547 sanatus
1180 522 1234 555 est,
1252 518 1288 548 ab
1317 518 1483 557 ignorantia
1508 520 1656 557 videlicet,
1672 521 1734 550 sive
1751 520 1866 559 incogi-

1045 559 1144 597 lautia,
1160 562 1250 601 utqui
1269 563 1390 598 nesciat,
1409 563 1477 602 quid
1495 563 1553 594 Deo
1570 564 1658 604 dicat,
1686 569 1714 595 et
1733 575 1805 604 quas
1820 565 1869 594 in-

1046 604 1201 635 ﬁrmitates
1217 606 1313 636 sanari
1330 607 1492 638 desldereL
1512 608 1594 643 Quod
1610 609 1633 638 si
1661 619 1719 639 non
1737 613 1867 648 curatus,

1044 653 1240 689 purgatusque
1259 650 1410 687 moriatur,
1427 653 1571 690 gehennae
1588 653 1714 683 ﬂammis
1730 653 1759 683 in
1777 662 1867 683 omne

1043 702 1135 723 mvum
1148 695 1255 725 ardens
1267 695 1447 734 purgabitur.
1466 696 1513 726 Est
1528 706 1595 727 vero
1615 707 1755 737 perquam
1774 699 1866 727 mise—

1045 737 1138 768 rabile
1155 739 1368 778 spectaculum,
1394 750 1460 770 cum
1490 741 1627 772 homines
1643 743 1803 772 Christiani
1817 742 1868 772 diu

183 783 362 824 penitusque
375 782 735 822 proﬁigandasimpetret,
750 793 806 823 quo
820 783 879 822 jam
897 783 1002 812 sancti-
1046 786 1193 822 noctuque
1210 784 1360 814 clamant:
1391 785 1493 821 l’i’situ,
1520 789 1548 816 et
1572 795 1649 816 sana
1675 787 1869 825 inﬁrmitates

183 828 299 867 ﬁcatus,
311 827 347 858 ad
357 827 574 867 exsequendam
585 827 637 857 Dei
649 828 843 863 voluntatem,
856 827 1004 858 etChristi
1047 831 1176 864 nos/rus,
1195 829 1318 858 Domine
1336 838 1343 865 ',
1373 833 1401 858 et
1429 830 1570 860 Dominus
1602 831 1647 860 his
1675 831 1788 861 mederi
1807 840 1867 861 non

180 873 264 913 jussa
278 872 451 902 facessenda
467 877 562 912 aptus,
588 877 616 902 et
645 872 770 902 idoneus
798 872 859 903 ﬁat.
889 872 1002 902 Etenim
1018 907 1035 914 ﬂ
1049 875 1153 910 potest,
1173 882 1251 912 cum,
1268 882 1331 912 quae
1344 873 1402 903 sint
1430 874 1562 913 ipsorum
1593 874 1778 905 inﬁrmitates
1794 884 1870 914 cquae

181 907 250 948 ante
261 907 576 953 sanctiﬁcationém,id
589 921 643 954 est,
657 921 725 948 ante
740 917 877 957 adeptam
894 907 1144 956 pertur-Btantaz,
1175 907 1372 954 tam'tnoltw,
1406 907 1462 947 tam
1498 918 1583 949 varia:
1620 925 1696 955 sunt)
1722 907 1866 950 nesciant.

181 961 334 992 bationum
364 961 551 999 vacuitatem,
580 960 629 1001 qui
659 961 816 1002 aliquando
857 971 891 992 ex
921 961 1007 991 insita
1048 959 1115 990 Haec
1131 970 1219 990 causa
1236 966 1290 1000 est,
1312 971 1364 991 cur
1393 962 1550 993 Christiani
1577 969 1710 1003 pereant,
1727 964 1763 994 de
1780 974 1867 994 men-

182 1006 356 1037 inﬁrmitate
371 1015 403 1036 se
419 1005 506 1046 culpa
521 1006 721 1043 contaminat;
737 1006 895 1046 aliquando
913 1006 1007 1036 semel
1048 1005 1123 1035 dicis
1139 1010 1169 1036 ct
1185 1006 1373 1046 pauperibus,
1392 1007 1428 1036 de
1444 1007 1556 1037 civibus
1587 1012 1615 1038 et
1646 1008 1812 1045 millilibus,
1831 1008 1869 1039 de

181 1051 218 1082 ad
227 1050 336 1082 Christi
352 1055 499 1090 praecepta
514 1050 658 1080 servanda
673 1050 762 1089 cogit,
779 1059 868 1089 quem
888 1050 1006 1080 tandem
1048 1050 1213 1085 monachis,
1239 1050 1366 1086 clericis,
1398 1050 1541 1088 diaconus,
1573 1053 1790 1088 sacerdotibus,
1807 1053 1869 1092 epi—

181 1095 309 1126 fructum
326 1094 462 1134 colligit?
478 1095 564 1125 Certe
579 1094 789 1134 aediﬁcanti,et
802 1104 919 1124 rursum
938 1094 1006 1125 :edi-
1049 1095 1160 1133 scopis,
1175 1094 1360 1134 principibus
1374 1100 1402 1125 et
1417 1096 1536 1135 regibus
1558 1096 1666 1126 Horum
1681 1097 1870 1127 inﬁrmitates

182 1141 269 1171 ﬁcata
284 1139 449 1170 destruenti
465 1139 571 1169 similis
586 1143 641 1170 est.
660 1138 769 1179 Itaquze
785 1143 898 1169 natura;
912 1139 1006 1168 imbe-
1049 1138 1247 1168 communiter
1261 1148 1294 1168 ac
1310 1139 1396 1169 simul
1428 1149 1485 1170 uno
1514 1141 1641 1180 quodam
1660 1141 1868 1175 medicamine,

181 1185 334 1216 cillitatem
351 1194 368 1215 a
382 1184 496 1216 Christo
512 1183 610 1214 sanari
636 1193 758 1214 necesse
789 1188 843 1223 est,
862 1183 911 1222 qui
927 1183 1007 1213 solus
1049 1182 1154 1213 divinae
1168 1188 1278 1213 natura:
1293 1184 1502 1213 communione
1518 1185 1632 1215 scilicet
1643 1190 1796 1216 Corantur.
1807 1185 1871 1216 Nisi

180 1228 445 1263 advenitmedtcus
457 1228 493 1259 ad
505 1227 652 1259 tollendas
676 1228 863 1258 inﬁrmitates
879 1232 1002 1263 nostras,
1049 1226 1127 1257 enim
1144 1228 1346 1267 unusquisque
1377 1228 1559 1259 Christianus
1577 1231 1739 1260 secundum
1753 1236 1870 1270 captum

184 1286 201 1308 e
217 1275 324 1317 quibus
338 1278 382 1305 est
413 1274 471 1311 illa,
502 1273 582 1304 unde
609 1273 640 1303 in
665 1282 785 1313 peccata
801 1271 916 1312 prolabi
930 1282 1004 1302 con—
1048 1271 1174 1310 propria:
1191 1272 1258 1301 ﬁdei
1273 1272 1379 1302 divimn
1395 1276 1504 1303 naturae
1520 1283 1641 1303 consors
1658 1275 1796 1311 l'uerit55,
1816 1285 1870 1305 seu

184 1316 345 1352 suevimus.
357 1318 411 1350 Hic
427 1323 470 1349 est
485 1318 564 1349 enim
579 1318 678 1357 Agnus
693 1317 758 1355 Dei,
777 1317 826 1357 qui
840 1317 914 1347 tollit
932 1326 1002 1356 pec-
1047 1316 1210 1354 perviliget.
1227 1325 1278 1346 seu
1305 1316 1386 1346 humi
1416 1317 1514 1351 tUbL‘l,
1545 1327 1597 1348 seu
1620 1318 1684 1348 dies
1708 1323 1869 1359 noctesque

181 1370 245 1398 cata
272 1365 386 1402 mundi,
417 1373 482 1404 qua;
508 1368 553 1394 est
578 1367 724 1402 corruptae
756 1367 867 1392 naturae
896 1366 1003 1391 nostra}
1047 1360 1161 1399 psallat.
1180 1360 1349 1400 etjejunet,
1367 1365 1394 1390 et
1421 1370 1524 1400 preces
1546 1362 1725 1401 frequentet,
1742 1362 1766 1392 si
1780 1364 1867 1393 incu—

180 1410 352 1442 inﬁrmitas.
371 1410 440 1440 Post
455 1407 601 1439 Adamum
618 1407 731 1446 quippe
761 1410 881 1446 propter
895 1405 1002 1436 inobe-
1045 1409 1125 1433 ratus
1157 1406 1308 1441 manserit,
1339 1410 1420 1435 extra
1448 1412 1559 1445 partem
1599 1407 1708 1437 (,‘hristi
1737 1408 1813 1438 sicut
1840 1413 1870 1440 et

182 1454 302 1486 dientiaa
318 1454 413 1484 scelus
429 1462 445 1484 e
461 1452 597 1491 paradiso
614 1451 755 1490 ejectum,
773 1451 861 1481 homo
878 1449 1004 1490 quilibet
1046 1448 1193 1485 inﬁdeles,
1212 1453 1320 1480 manet.
1351 1449 1496 1485 Quoniam
1518 1451 1615 1480 omnis
1631 1452 1730 1488 homo,
1749 1453 1869 1492 sapiens

181 1509 270 1539 aeger,
287 1499 406 1534 debilis,
423 1497 557 1527 inﬁrmus
580 1494 625 1526 est
655 1495 799 1526 redditus.
815 1495 1003 1526 lnﬁrmitates
1046 1493 1198 1539 insipiens,
1217 1494 1384 1533 intelligens
1401 1495 1533 1534 obtusus,
1546 1497 1868 1537 prudensimprudens,

181 1538 270 1584 porro
300 1545 345 1574 hae
374 1541 565 1573 admirabiles
596 1546 675 1576 sunt,
707 1540 785 1570 inter
814 1544 949 1570 naturam
973 1538 1178 1586 etceruditus
1195 1539 1340 1576 indoctus,
1360 1540 1489 1570 urbanus
1517 1541 1658 1579 rusticus,
1684 1542 1765 1572 dives
1782 1552 1869 1573 men-

180 1582 363 1620 voluntatem
387 1586 611 1617 intercedentes
629 1596 635 1616 :
666 1589 696 1615 ut
724 1594 936 1625 nonnunquam
967 1584 1002 1614 ad
1017 1582 1032 1586 ν
1045 1582 1139 1619 dirus,
1155 1583 1200 1613 cui
1216 1583 1293 1622 quod
1309 1583 1392 1613 adest
1407 1585 1526 1619 sufﬁcit,
1542 1587 1630 1625 etqui
1641 1586 1741 1616 labore
1757 1587 1868 1618 victum

180 1638 329 1669 naturam,
345 1639 559 1670 nonnunquam
589 1629 624 1660 ad
653 1628 807 1659 arbitrium
823 1633 852 1659 et
868 1629 1002 1659 volunta-
1046 1627 1160 1667 tolerat,
1178 1638 1359 1668 quaecunque
1376 1629 1406 1658 in
1423 1630 1476 1660 hac
1491 1630 1549 1660 vita
1572 1640 1639 1660 cum
1656 1631 1768 1669 labore,
1787 1632 1870 1662 lassi-

181 1681 240 1708 tem
251 1677 415 1708 referendae
426 1675 590 1706 videantur.
615 1673 689 1704 Sunt
703 1679 802 1703 autem
816 1673 889 1704 istas.
908 1672 1003 1703 Homo
1047 1671 1146 1702 tudine
1161 1676 1190 1702 et
1217 1682 1349 1703 {erumna
1378 1674 1519 1711 effecerit,
1550 1675 1606 1704 nisi
1635 1676 1693 1706 huc
1719 1677 1816 1707 solum
1835 1685 1870 1708 ea

182 1722 276 1762 quivis
293 1722 358 1761 plus
374 1720 471 1751 minus
499 1719 556 1749 alio
579 1718 714 1748 inﬁrmus
743 1723 786 1749 est
802 1718 838 1748 ad
855 1718 1002 1748 sinceram
1045 1716 1187 1762 conferat,
1207 1722 1236 1747 ut
1251 1718 1315 1756 ejus
1340 1718 1440 1748 anima
1468 1719 1689 1750 inﬁrmitatibus
1714 1721 1821 1757 soluta,
1841 1725 1870 1752 et

182 1761 370 1798 charitatem.
388 1763 565 1795 Inﬁrmusad
579 1773 637 1793 non
650 1762 1005 1793 invidi-ndumJnﬁrmus
1045 1761 1203 1792 incolumis
1216 1762 1263 1799 sit,
1296 1771 1369 1792 vana
1397 1767 1425 1792 et
1449 1773 1631 1803 supervacua
1659 1769 1728 1795 sunt
1754 1765 1868 1802 omnia,

182 1812 217 1843 ad
235 1821 293 1842 non
309 1809 544 1840 conviciandum.
561 1808 699 1839 Inﬁrmus
714 1808 749 1838 ad
766 1818 824 1838 non
839 1808 1003 1847 reprehen-
1047 1805 1227 1845 faciuntque,
1245 1810 1275 1836 ut
1289 1812 1369 1837 extra
1385 1816 1510 1845 regnum
1536 1809 1688 1844 caelorum,
1708 1810 1787 1849 quod
1807 1814 1871 1840 tan-

183 1856 326 1887 dendum.
339 1854 478 1886 Inﬁrmus
490 1854 526 1884 ad
543 1863 600 1884 non
610 1853 806 1883 irridendum.
821 1853 956 1882 inﬁrmus
968 1851 1004 1881 ad
1048 1851 1200 1880 tummodo
1216 1851 1332 1886 illaesos,
1345 1861 1378 1881 ac
1391 1852 1517 1891 sospites
1529 1855 1643 1883 animas
1658 1853 1799 1890 admittit,
1816 1863 1867 1885 re-

183 1911 242 1932 non
259 1899 473 1931 mentiendum.
493 1898 631 1929 Inﬁrmus
659 1897 695 1928 ad
725 1907 784 1927 non
802 1897 1002 1927 irascendum.
1045 1895 1206 1935 linquatur.
1223 1895 1366 1926 Craterum
1383 1896 1478 1926 omnis
1504 1897 1615 1934 anima,
1642 1907 1707 1937 qua:
1721 1898 1870 1938 praedictis

181 1945 320 1976 Inﬁrmus
343 1944 380 1975 ad
408 1953 465 1974 non
496 1941 767 1982 concupiscendum
792 1941 925 1981 jucunda
941 1951 1006 1980 quae
1046 1939 1156 1969 morbis
1171 1943 1287 1969 tenetur
1302 1940 1457 1977 implicita,
1486 1944 1514 1970 et
1538 1951 1639 1971 rerum
1656 1951 1722 1971 cum
1740 1952 1868 1982 corpore

180 1991 271 2022 videt.
298 1990 434 2021 Inﬁrmus
462 1988 498 2019 ad
531 1987 769 2028 temperantiam.
801 1986 940 2016 Inﬁrmus
968 1986 1004 2016 ad
1046 1984 1271 2023 conjunctarum
1287 1984 1506 2024 cupiditatibus,
1525 1989 1553 2015 et
1569 1992 1755 2016 terrenorum
1772 1996 1865 2018 mun-

180 2035 328 2066 vitandam
345 2043 447 2064 vanam
463 2032 597 2072 gloriam.
616 2031 755 2062 Inﬁrmus
783 2030 817 2061 ad
834 2030 1003 2069 fugiendam
1046 2029 1249 2069 danorumque
1263 2030 1503 2070 appetitionibus,
1530 2036 1557 2061 et
1574 2031 1675 2069 gloriae
1690 2032 1862 2074 desideriis,

179 2079 345 2111 avaritiam.
357 2078 495 2109 Inﬁrmcs
509 2081 542 2108 ut
555 2076 627 2107 nolit
638 2076 714 2112 aliis,
730 2079 758 2106 et
778 2075 942 2115 aequalibus
955 2079 1004 2105 aut
1047 2083 1102 2104 nec
1116 2083 1132 2103 a
1148 2074 1319 2114 semetipsa,
1333 2084 1386 2104 nec
1395 2077 1430 2105 ab
1444 2076 1613 2105 hominibus
1634 2076 1730 2106 curari
1746 2078 1868 2107 sanari-

180 2124 355 2165 sapientior,
367 2128 417 2154 aut
439 2121 627 2163 prudentior,
642 2125 691 2152 aut
708 2120 869 2165 robustior,
887 2125 935 2150 aut
953 2130 1004 2150 ce-
1046 2129 1102 2159 que
1118 2130 1246 2165 unquam
1264 2125 1356 2159 potest
1374 2129 1380 2150 :
1409 2120 1460 2150 sed
1477 2130 1493 2151 ξι
1520 2122 1583 2151 solo
1600 2121 1735 2157 Domino,
1753 2131 1786 2152 ac
1808 2122 1870 2153 Deo

180 2164 302 2204 lebrior,
320 2173 370 2198 aut
380 2167 493 2198 honore
505 2165 623 2205 dlngl‘
634 2175 710 2196 esse.
725 2164 864 2195 Inﬁrmus
876 2166 911 2194 ad
924 2173 1004 2195 com-
1015 2183 1036 2207 ι)
1047 2164 1223 2195 nostroJesu
1236 2165 1364 2201 Christo,
1377 2165 1414 2195 de
1433 2175 1489 2202 quo
1511 2165 1654 2205 scriptum
1667 2170 1770 2200 exstat,
1785 2166 1870 2203 Quia

180 2212 415 2245 miserationem.
433 2211 469 2241 ad
487 2210 732 2245 misericordiam,
750 2209 786 2239 ad
803 2209 1004 2239 communica-

179 2259 304 2296 tionem,
334 2257 369 2287 ad
399 2256 508 2296 gratias
550 2255 612 2285 Deo
654 2254 771 2285 assidue
801 2254 940 2292 agendas,
968 2254 1003 2284 ad

180 2302 390 2334 abstinendum
417 2300 453 2331 ab
483 2299 564 2330 omni
590 2299 677 2330 malo.
705 2299 739 2329 ad
772 2298 1002 2329 consectandum

181 2357 270 2378 omne
287 2347 395 2377 bonum
413 2355 420 2376 ε
447 2349 478 2375 ut
507 2343 770 2384 quemadmodum,
789 2351 877 2382 supra
891 2342 1002 2373 dictum

182 2397 237 2429 est,
255 2401 333 2422 nunc
346 2390 467 2431 quidem
485 2398 538 2429 per
552 2388 610 2419 vim
629 2387 730 2418 libera:
745 2387 913 2422 Voluntatis,
927 2396 1004 2417 nunc

179 2447 234 2478 per
249 2441 361 2467 natura;
375 2433 563 2476 tyrannidem
591 2433 727 2463 inﬁrmus
742 2435 830 2471 atque
845 2431 1004 2461 imbecillis

178 2485 328 2522 appareat.

219 2520 305 2562 Quod
329 2533 395 2555 cum
410 2523 450 2554 ita
464 2523 513 2563 sit,
531 2522 621 2553 hasce
634 2521 820 2551 inﬁrmitates
836 2524 864 2551 et
880 2520 1004 2559 languo-

177 2580 226 2602 res
243 2571 314 2601 istos
323 2569 421 2599 curari
440 2572 571 2608 oportet;
588 2575 721 2607 quaerere
736 2570 836 2596 autem
854 2565 1002 2596 medicum

178 2624 194 2646 a
209 2625 267 2656 quo
283 2618 436 2654 curentur,
454 2611 546 2652 magis
562 2614 688 2652 oportet.
720 2610 789 2641 Ideo
821 2609 905 2640 nobis
921 2609 1004 2641 Chri-

179 2655 283 2690 stianis
295 2668 415 2700 precem
427 2657 592 2698 supplicem
603 2656 731 2696 majores
747 2655 1001 2700 praescripserunt,

177 2709 209 2735 ut
224 2699 359 2736 dicamus
373 2712 495 2743 semper
522 2701 598 2742 Deo,
627 2701 657 2731 in
687 2699 866 2731 contritione
880 2699 1001 2730 cordis:

183 2748 287 2787 Visita,
299 2752 328 2781 et
338 2757 417 2780 sana
425 2748 620 2787 inﬁrmitates
634 2750 753 2776 nostras
763 2748 885 2785 propter
896 2753 1004 2776 nomen

1046 2210 1110 2248 ipse
1123 2212 1245 2247 peccata
1260 2214 1365 2239 nostra
1381 2209 1464 2246 tulit,
1482 2209 1669 2248 inﬁrmitates
1686 2214 1790 2241 nostra
1806 2211 1870 2250 ipse

1046 2254 1217 2292 ρυνιίιυίιόὶὶ.
1234 2253 1262 2284 Si
1271 2262 1397 2293 namque
1404 2253 1510 2284 animae
1518 2254 1726 2287 hominum,no
1733 2265 1748 2284 n
1759 2262 1783 2285 al
1792 2255 1868 2286 heo-

1045 2307 1110 2328 rum
1128 2302 1156 2327 et
1185 2297 1369 2327 ethnicorum
1401 2297 1500 2334 modo,
1530 2298 1583 2328 sed
1615 2299 1702 2328 etiam
1732 2299 1870 2338 ipsorum

1046 2341 1238 2372 Hebraeorum
1255 2341 1453 2378 credentium,
1470 2342 1556 2372 facile
1575 2343 1739 2373 mundanas
1755 2344 1870 2383 cupidi-

1046 2391 1131 2422 tates,
1151 2393 1179 2417 et
1194 2387 1327 2417 carnales
1352 2387 1499 2426 appetitus
1527 2387 1626 2418 odisse
1643 2387 1817 2427 potuissent,
1838 2393 1868 2418 et

1044 2434 1086 2462 ita
1101 2431 1203 2461 mundi
1221 2431 1384 2471 principem
1414 2431 1576 2470 diabolum,
1605 2432 1654 2471 qui
1685 2441 1737 2471 per
1752 2432 1802 2461 illa
1817 2432 1873 2462 im-

1046 2476 1160 2515 perium
1179 2475 1281 2506 mortis
1297 2474 1385 2505 habet
1399 2475 1441 2511 56,
1460 2477 1603 2514 ell'ugere,
1623 2475 1730 2513 bonus,
1754 2476 1870 2506 miseri-

1046 2530 1111 2550 cors
1124 2525 1153 2550 et
1169 2520 1314 2558 benignus
1328 2519 1405 2549 Deus
1436 2520 1522 2550 homo
1540 2520 1615 2556 ﬁeri,
1634 2520 1825 2550 contumeliis
1841 2525 1871 2551 et

1046 2565 1200 2594 tormentis
1216 2563 1303 2598 allici,
1316 2573 1349 2593 ac
1357 2569 1539 2603 prrmortem
1553 2567 1582 2594 in
1595 2565 1869 2603 z'nferioruspurtes

1046 2609 1349 2640 terra:desrondere57
1361 2609 1482 2638 omnino
1493 2609 1565 2638 nihil
1576 2609 1868 2640 necessehabuisset.

1045 2655 1120 2685 Nam
1135 2654 1235 2683 odisse
1252 2653 1406 2690 mundum,
1424 2658 1453 2684 et
1469 2662 1503 2683 ea
1533 2663 1598 2692 quae
1612 2654 1642 2683 in
1660 2654 1770 2684 mundo
1788 2658 1868 2692 sunt,

1046 2708 1172 2738 quaeque
1187 2698 1223 2728 ad
1240 2707 1359 2728 carnem
1377 2702 1520 2737 spectant,
1553 2697 1615 2728 sola
1630 2698 1735 2728 divinae
1752 2697 1868 2728 virtutis

1045 2742 1117 2775 Jesu
1132 2742 1357 2784 participatione
1373 2742 1529 2782 contingit.

216 2855 244 2878 ει
258 2856 285 2888 ιι
296 2855 378 2888 Patr.
394 2864 417 2898 ι,
432 2856 463 2887 4.
506 2853 605 2887 3515a.
619 2854 731 2892 1.111,,4.
773 2851 801 2875 ³6
816 2850 909 2884 Hebr.
924 2857 957 2891 ιι,
974 2852 1002 2881 '14

1067 2851 1094 2874 37
1108 2849 1200 2882 Eccli.
1215 2857 1298 2890 xxxv,
1312 2848 1363 2880 45.
