1983 3072
174 129 232 163 δτι
822 131 1013 166 SYMEONIS
1032 131 1208 165 JUNIORIS
1801 127 1862 160 372

167 197 274 230 exsilio
289 197 328 230 ad
357 197 484 230 salutem
522 202 709 237 revocantur,
740 208 776 231 ac
789 198 995 237 restituuntur)
1006 201 1027 226 Α
1042 201 1087 228 tus
1096 201 1151 234 est,
1161 195 1387 228 sanctiﬁcatoris
1400 195 1445 227 sui
1469 195 1671 232 obliviscitur;
1688 195 1754 236 quis
1768 203 1858 225 nem-

167 252 207 274 ne
217 243 395 283 diesjejunii
407 247 562 282 numeret,
573 245 652 275 nead
660 244 996 285 eleemosynaamodum,
1040 252 1077 283 pe
1091 243 1187 282 ipsum
1203 241 1396 274 sanctificarit
1417 239 1777 280 sanctiﬁcationemquein
1793 239 1857 279 ipso

166 297 223 318 nec
237 288 273 319 ad
289 288 423 319 laborem
434 287 599 327 vigiliarum
609 293 699 329 atque
711 298 830 329 precum
844 287 995 329 respiciat,

167 341 256 372 quam
272 332 395 364 multum
408 332 600 372 jejunaverit,
619 343 710 374 quam
727 333 874 373 benignus
885 335 915 363 in
929 343 997 373 pau-

167 385 267 416 peres,
284 385 371 417 quam
390 379 499 408 multus
527 378 557 408 in
588 378 731 418 precibus
764 378 852 408 fuerit
868 387 874 409 :
892 378 942 408 sed
959 387 996 408 an

168 421 313 452 Dominus
328 422 498 453 attenderit.
530 422 561 453 Si
589 423 729 463 attendit,
759 423 848 453 missa
874 426 918 453 est
941 422 997 461 ipsi

168 465 264 506 gratia
280 465 316 496 de
332 467 419 504 caelo,
436 476 523 506 quam
539 476 564 498 St
586 467 727 508 suscepit.
746 477 778 498 se
794 467 952 498 contritum
968 470 998 497 et

171 510 374 552 humiliatum,
390 511 584 551 pcenitentem
609 516 639 543 et
662 516 882 552 compunctum,
900 515 929 542 et
945 520 997 551 per

170 555 252 586 hunc
267 560 375 586 statum
390 555 596 588 infirmitatem
626 566 721 597 suam,
753 562 872 597 peccata
899 565 951 586 sua
965 560 998 586 ut

169 599 325 638 deformia,
341 604 373 631 ut
387 601 494 641 turpia,
521 605 553 632 ut
586 601 728 639 belluina,
747 606 779 632 ut
795 601 892 632 anima
905 601 997 631 ratio-

165 644 213 675 nis
228 644 372 685 participe
387 644 520 683 indigna,
539 649 570 676 et
596 645 632 676 ab
664 646 784 677 homine
802 649 900 676 mente
917 653 993 685 prte-

167 687 229 719 dito
246 692 360 719 remota
375 693 547 720 cernentem
564 689 707 721 inveniet.
732 690 812 720 Talis
827 689 907 720 enim
923 699 996 719 con-

168 732 256 772 tingit
269 732 376 763 animae
402 733 497 774 prima
521 743 538 764 a
565 734 626 765 Deo
655 734 847 765 illuminatio.
867 733 996 764 Proinde

170 777 236 808 haec
250 777 311 808 visa
325 781 358 808 ut
372 777 440 808 odio
456 778 545 817 digna
574 779 646 815 odit,
674 783 703 810 et
719 782 900 810 exsecratur.
917 778 948 809 Si
963 787 995 808 se

1040 288 1213 324 contitneat,
1231 291 1260 317 et
1275 296 1326 326 per
1344 285 1502 325 gratiarum
1512 285 1657 315 actionem
1674 284 1857 319 continuam,

1039 331 1240 371 humilemque
1255 331 1391 369 spiritum
1408 330 1564 361 custodiat.
1582 329 1637 365 Qui
1653 329 1731 360 enim
1747 338 1764 359 ει
1779 338 1856 369 quo-

1039 376 1116 416 piam
1145 385 1161 406 e
1190 375 1335 416 profundo
1362 375 1449 405 maris
1473 378 1631 412 extractus,
1661 383 1695 404 ac
1722 373 1811 404 veluti
1839 382 1856 404 a

1039 420 1161 451 mortuis
1177 420 1320 451 excitatus
1334 423 1388 459 est,
1404 419 1532 459 qualem,
1551 421 1580 448 et
1601 423 1740 458 quantum
1756 417 1858 448 humi-

1038 465 1129 496 litatis
1140 474 1260 495 sensum
1272 464 1393 495 habebit
1405 466 1418 494 ’ἰ
1430 463 1467 494 In
1478 463 1650 494 humilitate
1661 464 1739 494 enim
1752 466 1858 494 nostra

1039 519 1153 540 memor
1166 509 1227 548 fuit
1242 511 1339 540 nostri
1355 508 1562 546 Dominus“;
1578 507 1698 548 proprie
1712 508 1790 538 enim
1804 507 1858 538 de-

1038 554 1141 584 missio
1154 554 1245 584 animi
1261 553 1435 594 psalmodia,
1452 556 1481 583 et
1505 555 1605 584 omnia
1633 562 1698 593 quae
1721 552 1857 593 facimus,

1038 599 1096 629 huc
1111 603 1254 638 spectant.

1077 643 1151 679 Quid
1169 652 1255 683 porro
1272 647 1316 673 est
1330 642 1486 672 demittere
1513 642 1657 682 animum,
1674 651 1726 673 seu
1743 642 1858 673 sentire

1037 688 1073 719 de
1084 697 1117 718 se
1129 688 1276 718 submisse
1287 697 1319 718 ac
1329 686 1482 717 humiliter
1491 686 1505 715 ‘?
1516 686 1680 717 Humanam
1695 686 1859 718 imbecilli—

1037 737 1124 764 tatem
1135 741 1325 771 cognoscere,
1340 741 1405 772 quae,
1417 731 1557 771 cognitio,
1567 735 1610 762 est
1620 741 1636 762 a
1644 731 1703 762 Deo
1711 731 1862 762 credenti-

1036 778 1090 808 bus
1101 777 1130 807 in
1143 778 1239 817 ipsum
1252 777 1366 807 ccelitus
1377 776 1506 806 demissa
1531 776 1707 806 illuminatio
1721 785 1727 807 :
1745 776 1859 817 alioqui

169 821 212 852 ita
226 822 420 853 constitutum
436 832 495 853 non
511 823 690 863 cognoverit,
710 828 740 854 et
751 823 875 863 jejunia,
895 826 925 854 et
936 822 981 853 ele
1007 845 1024 869 Β
1037 823 1123 852 homo
1137 822 1261 861 quilibet
1276 822 1407 861 seipsum
1424 829 1546 851 noscere
1562 822 1673 861 nequit.
1689 820 1785 856 Quare
1801 831 1855 852 su-

170 875 338 906 emosynas.
350 871 379 897 et
391 867 539 899 orationes
553 868 692 908 perdidit.
710 867 805 899 Unum
816 869 925 908 quippe
933 867 994 897 Deo
1007 865 1023 869 ”
1039 866 1147 906 perbus
1159 867 1233 897 nihil
1243 866 1350 905 cernit,
1361 866 1414 896 sed
1426 874 1520 896 caecus
1531 869 1587 903 est,
1600 871 1631 896 ut
1645 865 1726 896 aiunt
1743 865 1855 897 Patres.

170 910 362 952 sacriﬁcium,
374 921 391 942 a
406 908 508 952 quovis
524 912 659 950 homine,
677 912 798 951 spiritus
814 911 995 942 contribula-

170 958 219 986 tus
234 955 328 986 “:ac
345 960 466 996 propter
481 956 538 987 tale
554 957 743 994 sacriﬁcium,
762 960 882 996 peccata
891 956 995 986 remit-

170 1003 273 1031 tuntur
288 1000 558 1040 ;quemadmodum
573 1005 695 1042 propter
709 1001 806 1041 ipsum
821 1001 878 1032 hoc
889 1000 999 1031 sacriti-

170 1044 250 1075 cium
266 1045 468 1084 etjeJunium,
485 1049 515 1076 et
531 1046 731 1086 eleemosyna,
758 1051 787 1076 et
805 1045 897 1075 oratio
912 1044 998 1075 insti-

169 1088 273 1121 tuitur.
291 1088 353 1119 Hoc
369 1089 448 1120 enim
465 1093 510 1120 est
525 1091 696 1130 mysterium
724 1089 897 1124 Christiani,
915 1095 940 1120 et
958 1089 998 1119 ita

166 1143 254 1173 agere
271 1141 323 1174 par
340 1137 396 1165 est.
413 1133 487 1165 Nam
512 1135 638 1174 jejunia,
670 1135 787 1174 vigiliae,
807 1134 890 1165 humi
906 1137 996 1164 strata

166 1177 287 1214 cubilia,
305 1178 514 1219 eleemosynae,
527 1188 643 1219 preces,
656 1179 842 1219 psalmodiae,
856 1179 994 1209 volunta-

166 1223 213 1254 ria
228 1222 416 1259 mendicitas,
432 1227 462 1254 et
491 1233 557 1264 qum
586 1224 676 1255 homo
706 1223 811 1254 fecerit
827 1223 939 1260 omnia,
957 1225 992 1253 ad

166 1267 262 1299 Deum
277 1267 335 1298 sibi
351 1267 527 1306 placandum
551 1268 633 1300 facit.
664 1267 748 1305 Quod
775 1267 801 1298 si
825 1267 875 1298 ille
891 1277 991 1298 secum

168 1312 200 1343 in
226 1312 350 1351 gratiam
379 1321 439 1343 non
467 1312 603 1349 redierit,
633 1312 714 1353 quod
742 1312 861 1342 tandem
887 1312 917 1342 in
946 1312 993 1342 his

167 1356 402 1388 emolumentum
416 1356 431 1385 ἱ)
446 1356 555 1388 Anima
565 1357 644 1388 enim
659 1358 718 1387 Deo
729 1356 922 1387 reconciliato
934 1356 991 1386 hu-

168 1401 259 1438 milis,
277 1405 307 1431 et
336 1404 491 1431 mansueta
519 1401 561 1441 lit,
598 1400 716 1441 Deoque
745 1404 855 1437 astans,
887 1405 918 1431 ut
933 1400 994 1431 Deo

167 1448 254 1486 astat,
270 1454 326 1475 nec
340 1453 373 1475 se
395 1445 453 1475 huc
478 1449 507 1475 et
535 1445 610 1476 illud
637 1448 744 1476 versat.
774 1444 876 1485 Itaque
889 1445 913 1475 si
929 1444 994 1475 talis

1037 911 1093 947 Qui
1104 911 1248 951 baptismo
1260 911 1367 941 tinctus
1381 920 1438 940 non
1450 914 1505 950 est,
1530 919 1586 941 nec
1602 910 1784 940 illuminatus
1799 915 1854 941 est.

1038 956 1183 987 Utautem
1193 955 1426 995 absquelumine
1437 955 1530 986 oculis
1548 954 1649 986 videre
1660 965 1718 985 non
1736 959 1832 995 potest
1849 965 1856 984 :

1040 1000 1082 1031 sic
1097 1000 1196 1031 anima
1210 1010 1227 1030 a
1241 1000 1356 1032 Christo
1374 999 1493 1039 mystice
1511 1009 1569 1029 non
1584 999 1764 1035 illuminata,
1774 1009 1858 1030 suam

1040 1045 1133 1085 ipsius
1148 1045 1378 1075 imbecillitatem
1409 1044 1583 1084 conspicere
1609 1045 1722 1084 nequit.
1748 1044 1805 1075 Sed
1821 1044 1859 1074 ad

1039 1090 1115 1120 hanc
1122 1089 1367 1120 illuminationem
1375 1098 1509 1129 quamam
1518 1089 1858 1128 pertinent‘tlnﬁdelibus

1038 1134 1157 1174 quidem
1174 1134 1248 1164 ﬁdes
1261 1134 1289 1164 in
1300 1134 1460 1170 Christum,
1473 1138 1502 1163 et
1513 1133 1645 1163 divinum
1660 1133 1816 1173 baptisma,
1827 1137 1859 1163 ut

1036 1179 1184 1209 diximus:
1202 1182 1246 1209 ast
1260 1178 1306 1213 iis,
1326 1178 1375 1218 qui
1391 1182 1455 1218 post
1482 1178 1658 1217 baptismum
1687 1178 1857 1216 caecutiunt,

1035 1229 1122 1264 atque
1130 1224 1204 1254 adeo
1216 1224 1404 1263 superbiunt,
1418 1228 1447 1254 et
1457 1223 1485 1254 in
1498 1224 1577 1262 leges
1588 1223 1776 1254 committunt
1789 1224 1860 1254 [Su-

1033 1269 1117 1308 perbi
1127 1268 1207 1299 enim
1220 1268 1325 1308 inquit,
1339 1268 1468 1309 agebant
1477 1268 1723 1308 uquequaquew.
1737 1268 1781 1300 Et:
1799 1268 1860 1298 Do-

1035 1315 1135 1344 minus
1149 1314 1286 1353 superbis
1302 1314 1415 1344 resistit
1430 1313 1471 1342 47.
1489 1313 1534 1353 Et,
1551 1312 1744 1352 Principium
1760 1315 1858 1345 omnis

1032 1357 1396 1398 peccatasuperbiaﬂEt:
1407 1359 1595 1398 Principium
1604 1359 1733 1398 peccati,
1741 1359 1858 1389 nescire

1037 1403 1195 1433 Dominum
1210 1402 1264 1442 49),
1280 1402 1397 1438 talibus,
1410 1402 1541 1442 inquam,
1556 1406 1623 1433 ante
1634 1403 1693 1433 alia
1703 1403 1859 1442 mysterio-

1035 1456 1099 1477 rum
1113 1447 1286 1478 Christianae
1294 1447 1525 1484 tideiinstitutio,
1539 1452 1571 1477 ut
1581 1457 1648 1477 cum
1661 1447 1857 1484 crediderint,

168 1489 301 1521 nondum
317 1493 371 1528 est,
390 1490 485 1521 Deum
500 1489 633 1520 nondum
657 1490 785 1520 amicum
809 1489 899 1520 habet
914 1500 922 1520 :
940 1489 991 1520 sed
1003 1507 1023 1532 α
1036 1491 1251 1523 illuminentur.
1269 1491 1299 1523 Si
1326 1491 1404 1522 enim
1435 1491 1559 1531 primam
1576 1491 1663 1522 ﬁdem
1681 1491 1857 1531 tenuissent,

168 1534 231 1566 sive
246 1533 363 1575 psallat,
380 1534 442 1565 sive
458 1539 533 1572 oret,
551 1534 648 1565 adhuc
673 1534 727 1565 sub
743 1539 892 1574 potestate
909 1534 992 1565 mali-

1036 1546 1094 1567 non
1111 1537 1211 1576 utique
1240 1536 1466 1567 ctecutivissent.
1496 1536 1532 1566 Et
1559 1540 1712 1576 postquam
1729 1536 1859 1567 instituti

168 1579 222 1620 gni
237 1585 293 1620 est,
309 1584 337 1610 et
353 1579 626 1611 reconciliationem
642 1579 727 1610 istam
743 1583 810 1610 ante
826 1579 955 1619 psalmos
966 1582 996 1610 et
1036 1581 1155 1618 fuerint,
1170 1581 1429 1621 crediderentque,
1442 1581 1582 1611 videbunt
1595 1582 1859 1620 omnino,totoque

170 1623 321 1655 orationes
332 1627 435 1664 petere
447 1628 564 1665 oportet
578 1635 585 1662 ;
599 1624 708 1664 alioqui
720 1633 790 1662 spes
801 1623 906 1654 salutis
916 1623 996 1654 nulla
1035 1626 1144 1657 allecto
1162 1626 1357 1666 ptBnllebttnl,
1388 1630 1553 1657 metuentes
1577 1625 1724 1666 judicium
1750 1625 1812 1660 Dei,
1831 1627 1862 1655 et

168 1672 318 1709 superest.
329 1667 447 1706 Errant,
459 1669 509 1709 qui
518 1673 674 1709 antequam
681 1667 991 1705 seDeoreconcilient,
1036 1670 1215 1711 aspicientes
1226 1680 1291 1710 quae
1301 1675 1350 1700 aut
1362 1671 1469 1710 turpia,
1495 1675 1544 1701 aut
1565 1679 1703 1710 perversa
1719 1669 1860 1709 designa-

169 1718 290 1753 cauunt,
307 1722 341 1744 ac
367 1713 507 1754 psallunt,
539 1718 569 1745 et
596 1722 686 1744 voces
715 1713 745 1743 in
774 1722 872 1743 aerem
888 1713 996 1744 frustra
1036 1715 1220 1755 rintsibtque
1233 1715 1456 1755 persuadentes,
1472 1715 1706 1755 millesuppliria
1726 1724 1758 1744 se
1774 1724 1858 1744 com;

165 1759 290 1798 jactant,
303 1757 457 1799 Deumque
467 1758 504 1789 ad
520 1758 594 1789 iram
609 1761 781 1798 provocant.
791 1757 903 1788 Avertit
914 1757 993 1788 enim
1037 1759 1192 1791 meruisse.
1205 1759 1326 1799 Turpia,
1340 1765 1370 1790 ut
1380 1760 1543 1800 voluptates
1554 1770 1588 1791 ac
1610 1759 1750 1790 libidines
1765 1769 1772 1796 ;
1789 1768 1858 1799 per-

169 1802 206 1833 ab
221 1802 294 1843 ipsis
307 1802 413 1834 faciem
430 1812 525 1834 suam.
557 1803 595 1834 Et
615 1812 667 1833 ore
682 1801 802 1843 quidem
819 1801 991 1842 psallentes,
1035 1813 1131 1841 versa,
1151 1809 1183 1834 ut
1196 1805 1358 1842 avaritiam,
1389 1804 1574 1844 injustitiam.
1606 1805 1718 1835 dolum.
1736 1803 1769 1834 Et
1783 1813 1859 1843 quo-

168 1852 270 1879 mente
281 1850 310 1878 et
320 1847 497 1887 cogitatione
507 1847 537 1878 in
549 1847 639 1878 rebus
656 1846 814 1877 diabolicis
825 1851 991 1877 versantur.
1037 1849 1115 1880 niam
1131 1849 1228 1880 omnis
1238 1849 1386 1889 paenitens
1398 1849 1580 1889 humiliatur,
1593 1849 1661 1880 huic
1687 1849 1775 1886 Deus,
1792 1853 1859 1878 tan--

168 1892 235 1924 Non
250 1891 339 1931 igitur
353 1892 417 1923 sola
436 1892 563 1932 jejunia,
592 1900 708 1933 preces,
741 1894 770 1922 et
798 1891 994 1931 eleemosynte
1037 1903 1125 1934 quam
1152 1893 1267 1930 humili,
1294 1893 1343 1924 dat
1367 1893 1500 1933 gratiam.
1533 1898 1564 1924 ut
1591 1898 1621 1925 et
1638 1893 1814 1933 voluptates,
1832 1895 1862 1922 ct

168 1936 356 1967 sanctitatem
373 1936 602 1979 libertatemque
617 1937 736 1977 pariunt
753 1947 760 1966 :
778 1936 832 1966 sed
847 1939 916 1966 ante
932 1936 995 1967 haec
1038 1939 1193 1978 pravitates
1204 1938 1315 1970 oderit.
1329 1947 1507 1979 semperque
1523 1938 1757 1970 imbecillitatem
1776 1946 1859 1968 suam

168 1946 356 1967 sanctitatem
375 1946 463 1969 tmen
482 1946 602 1977 temque
617 1946 736 1977 pariunt
753 1947 760 1966 :
778 1946 832 1966 seu
847 1946 916 1966 ante
932 1946 995 1967 Haec
1038 1946 1193 1978 pravuates
1204 1946 1315 1970 otlet‘tt.
1329 1947 1507 1979 semperque
1523 1946 1757 1970 imbectlluatem
1776 1946 1859 1968 suam

168 1980 254 2019 ﬁdes,
272 1985 301 2011 ot
316 1981 444 2021 cognitio
461 1946 537 2021 aus,
555 1983 606 2022 qui
632 1981 763 2012 liberare
790 1984 897 2020 potest,
916 1980 994 2011 divi-
1036 1986 1188 2022 agnoscat,
1206 1992 1263 2022 quo
1279 1992 1381 2013 eorum
1410 1983 1503 2014 vicem
1530 1983 1638 2020 doleat,
1658 1983 1707 2024 qui
1725 1982 1863 2012 similiter

167 2034 275 2057 norum
291 2025 509 2066 mysteriorum,
526 2034 635 2066 nempe
651 2024 831 2056 immaculati
846 2025 991 2064 corporis,
1035 2027 1148 2057 viltosis
1162 2027 1370 2058 affectionibus
1396 2027 1542 2064 laborant,
1573 2033 1602 2058 et
1616 2030 1745 2059 animum
1762 2027 1861 2057 aliena

167 2074 197 2102 et
211 2070 363 2110 sanguinis
391 2070 509 2101 Domini
535 2070 617 2108 Jesu,
648 2079 683 2101 ac
710 2069 764 2101 Dei
781 2069 994 2109 omnipotentis
1036 2071 1225 2102 incommoda
1240 2073 1417 2102 sentientem
1435 2077 1527 2112 gerat,
1543 2073 1788 2112 otl‘endentesque
1800 2081 1860 2101 non

168 2115 422 2148 communicatio:
451 2115 509 2153 Qui
536 2116 611 2147 dicit
637 2116 684 2146 his
711 2116 763 2154 qui
788 2115 882 2145 vincti
909 2115 1227 2158 Sunt,“condemnet,
1245 2120 1273 2147 et
1299 2118 1336 2147 sit
1359 2117 1436 2148 mitis
1460 2127 1494 2148 ac
1520 2118 1645 2158 patiens,
1672 2117 1860 2156 inveniatque

166 2162 250 2193 emite
256 2170 266 2191 :
272 2164 300 2192 et
310 2160 359 2192 his
371 2162 422 2200 qui
435 2151 469 2192 ei
482 2160 621 2197 tenebris,
636 2151 818 2191 reveiamini
827 2159 869 2196 44,
886 2168 952 2190 cum
970 2159 994 2189 is
1004 2151 1027 2176 D
1035 2160 1143 2191 animae
1149 2170 1209 2191 suae
1217 2151 1362 2201 requiem,
1370 2166 1399 2192 et
1409 2161 1452 2192 sic
1461 2151 1565 2193 Can'tet
1575 2151 1860 2193 Doniz'uomuticam

167 2205 219 2247 qui
230 2204 444 2246 communicat,
455 2205 556 2236 anima
567 2209 595 2236 et
603 2213 729 2245 corpore
746 2204 790 2234 illi
806 2204 996 2244 conjungitur
1036 2214 1293 2246 uovum,carmcn
1305 2205 1366 2237 Deo
1377 2212 1484 2237 uos/ro
1493 2207 1535 2243 50,
1553 2216 1617 2247 quae
1632 2211 1676 2237 est
1691 2216 1726 2237 ex
1743 2216 1814 2246 puro
1831 2211 1860 2237 et

166 2259 202 2282 ac
218 2249 370 2287 miscetur,
387 2249 478 2291 inque
492 2249 622 2280 divinam
638 2254 773 2280 naturam
783 2253 993 2280 commutatur.
1036 2251 1162 2281 contrito
1174 2251 1265 2281 corde.
1275 2252 1436 2292 gratiarum
1450 2252 1537 2282 actio.
1550 2251 1859 2283 Corenimconlritum

167 2295 236 2327 Alia
249 2295 299 2326 via
314 2294 434 2326 ﬁdelem
450 2295 568 2332 salvari,
585 2299 615 2326 et
629 2294 838 2325 remissionem
856 2297 994 2333 peccato—
1037 2299 1065 2326 et
1081 2295 1280 2334 humiliatuiu,
1312 2301 1356 2327 est
1386 2306 1490 2336 purum
1520 2306 1572 2327 cor
1589 2308 1594 2326 :
1622 2297 1699 2337 quod
1730 2296 1756 2326 si
1771 2296 1859 2332 desit,

165 2349 234 2372 rum
248 2339 399 2380 accipere,
424 2339 605 2380 cmlesteque
629 2347 753 2378 regnum
784 2337 920 2368 obtinere
935 2337 995 2368 im-
1037 2341 1134 2371 omnis
1146 2342 1202 2371 a|.a
1214 2341 1377 2381 psalmodia
1390 2342 1464 2372 nihil
1478 2342 1564 2372 valet.
1581 2341 1653 2372 Nam
1667 2340 1717 2381 qui
1730 2341 1790 2372 Deo
1803 2341 1860 2371 hoc

168 2384 311 2426 possibile
322 2388 378 2423 est,
395 2383 453 2416 nisi
469 2394 536 2415 cum
552 2384 661 2415 timore
687 2387 716 2414 et
732 2387 863 2413 tremore
880 2387 994 2422 myste—
1037 2384 1125 2415 modo
1135 2394 1194 2415 non
1206 2386 1313 2425 psallit,
1327 2395 1386 2416 non
1412 2391 1506 2426 potest
1517 2387 1653 2426 psallere,
1667 2386 1721 2417 etsi
1735 2385 1859 2416 multum

168 2429 282 2461 riorum
304 2428 448 2469 corporis,
477 2433 506 2460 et
531 2428 683 2468 sanguinis
707 2427 816 2460 Christi
846 2427 994 2468 particeps
1036 2429 1172 2460 sudarit:
1203 2430 1256 2460 sed
1281 2430 1379 2470 lingua
1410 2431 1549 2471 loquitur,
1579 2431 1679 2462 animo
1695 2434 1793 2461 autem
1811 2430 1862 2460 illa

167 2474 230 2506 ﬁat.
248 2475 328 2506 Deus
339 2477 438 2505 autem
453 2473 601 2515 quomodo
630 2477 719 2514 queat
734 2481 802 2503 esse
816 2481 931 2512 servus,
947 2477 996 2503 aut
1036 2474 1155 2511 volutat,
1174 2484 1239 2514 quae
1255 2474 1348 2506 Deum
1375 2475 1503 2516 irritant,
1528 2477 1653 2516 ejusque
1669 2475 1741 2505 iram
1758 2479 1862 2505 contra

167 2518 316 2559 impurus,
328 2522 378 2549 aut
388 2527 457 2550 cum
468 2518 607 2549 facultate
617 2517 716 2559 aliqua
727 2516 872 2558 peccandi
882 2515 937 2548 ‘Iln
950 2516 995 2547 his
1036 2518 1134 2558 ipsum
1150 2519 1327 2551 accendunt.
1358 2515 1555 2560 Quapropter,
1586 2515 1734 2560 quomodo
1747 2518 1860 2558 quaevis

168 2563 251 2595 enim
266 2562 450 2603 relinquere,
470 2562 673 2594 sanctimoniae
688 2561 798 2592 amisso
815 2565 882 2592 est:
902 2561 993 2593 amis-
1039 2567 1174 2594 creatura
1188 2564 1376 2604 aspectabilis
1403 2574 1521 2605 semper
1550 2566 1644 2596 lucem
1672 2563 1809 2604 postulat,
1827 2567 1861 2594 ut

169 2608 214 2640 sio
227 2614 327 2640 autem
340 2617 376 2639 ex
386 2607 571 2648 arrogantia;
594 2607 762 2647 arrogantia
773 2615 807 2637 ex
818 2605 989 2645 oblivione;
1036 2607 1181 2646 videatur,
1195 2608 1235 2639 ita
1246 2609 1342 2640 omnis
1353 2619 1417 2649 quae
1438 2609 1602 2641 intellectui
1623 2613 1700 2649 patet
1713 2612 1861 2640 creatura,

170 2652 282 2685 oblivio
299 2661 336 2684 ex
351 2656 523 2693 contemptu
540 2661 550 2691 ;
566 2661 645 2690 cum,
655 2652 708 2693 qui
722 2651 815 2682 semel
828 2650 991 2683 sanctiﬁca—
1033 2661 1153 2692 semper
1163 2654 1258 2684 lucem
1269 2653 1323 2686 sub
1346 2662 1466 2685 sensum
1477 2664 1537 2685 non
1554 2655 1708 2686 cadentem
1725 2654 1862 2697 requirit,

210 2757 328 2790 “Psal.
340 2759 434 2798 L,19.
475 2757 574 2790 “Isa.
585 2764 669 2796 nn,
681 2755 711 2788 9.
755 2754 988 2796 45Psal.cxxxv,
1004 2756 1056 2790 23.
1097 2757 1216 2790 “Psal.
1229 2766 1331 2798 cxvui,
1343 2758 1394 2790 51.
1435 2758 1467 2784 4⁷
1479 2757 1543 2792 Jac.
1557 2758 1639 2797 1v,6.
1682 2757 1861 2794 48Eccli.x,

173 2797 222 2830 15.
265 2797 388 2833 ιοΠιὶᾶ.
404 2800 454 2833 lli.
496 2798 620 2831 50Psat.
636 2805 736 2836 χχχιχ,
760 2798 791 2830 4.
