1983 3072
99 144 163 179 373
209 144 211 146 ’

838 150 980 182 ORATIO
1000 149 1085 181 XIII.

1726 143 1801 178 ,3⁵14

99 215 136 242 ut
151 214 431 251 comprehendatur.
447 215 484 246 Et
498 215 575 247 sicut
596 216 662 256 quis
677 215 715 247 de
731 214 832 246 multis
847 223 924 254 praa-
935 224 956 242 Α
968 217 995 244 et
1011 213 1040 244 in
1059 218 1192 245 naturam
1210 217 1341 245 nostram
1356 213 1543 254 deprevatam
1558 213 1730 246 libertatem
1743 222 1783 244 na

99 256 193 287 claris
209 258 400 297 facinoribus,
425 265 454 291 et
473 260 637 291 actionibus
666 260 727 290 suis
754 260 854 290 dicere
868 268 927 289 non

102 306 216 339 potest,
235 308 334 341 noctu,
353 309 381 334 et
395 305 460 335 sine
476 305 588 336 lumine
603 305 676 335 feci:
710 305 752 335 sic
766 314 862 344 neque
877 305 927 341 qui

99 346 195 376 vitam
211 347 271 378 Deo
287 349 450 388 placentem
478 350 583 389 egerit,
616 349 717 380 dicere
742 349 846 389 quibit,
863 350 927 379 sine

100 390 232 427 lumine,
249 393 325 432 quod
339 393 366 423 in
379 393 600 432 intelligentiam
614 395 704 431 ca-lit,
720 394 786 425 feci.
798 395 828 425 Si
840 403 929 424 ausus

103 434 211 472 fuerit,
229 438 352 468 mendax
368 442 422 473 est,
439 442 468 468 et
482 438 560 469 ﬁlius
573 438 683 470 diaboli
701 449 708 468 :
726 448 780 469 nec
796 439 926 478 seipsum

102 479 267 519 aliquando
284 485 327 511 est
342 483 570 522 contemplatus,
590 493 645 513 nec
670 483 745 514 viam
760 483 812 513 Dei
828 483 929 513 ambu-

103 523 176 554 lavit
191 525 321 556 omnino.
341 526 424 558 Unde
440 527 581 567 scriptum
604 532 667 558 est:
695 527 752 564 Qui
765 527 926 568 gloriatur,

102 572 140 600 in
156 569 285 600 Domino
298 572 448 611 glorietur
462 572 501 603 5‘.

147 615 295 645 Caeterum
306 616 439 646 attendas
452 622 579 656 opOrtet,
593 616 782 647 oilluminate
792 626 807 647 a
817 616 932 647 Christo

104 658 248 699 desuper,
262 669 299 689 ne
310 660 385 691 forte
395 661 442 691 ide
454 661 575 691 veniens
591 665 619 691 te
640 661 725 691 taleat
742 661 930 700 illuminatio,

104 713 175 734 cum
191 704 229 734 sit
244 705 368 741 occulta,
388 705 501 745 tibique
517 715 580 736 eam
594 710 624 736 ut
638 705 799 745 propriam,
818 709 845 735 et
856 715 890 735 ex
904 709 931 736 te

104 753 202 778 ortam
219 748 365 780 ascribus:
385 749 553 790 ideoqueab
561 750 654 780 oculis
671 750 727 780 tuis
743 750 851 789 ablata,
862 759 931 780 rur-

104 802 174 824 sum
192 797 220 823 te
235 793 263 822 in
291 794 422 824 tenebris
450 794 578 825 deserat.
607 794 684 825 Deus
710 794 788 824 enim
811 795 862 834 qui
877 794 932 824 sub

969 262 1043 295 ctus,
1061 259 1226 289 secundum
1250 268 1336 299 quam
1359 258 1388 289 in
1418 268 1481 290 eam
1504 259 1574 299 agit,
1606 268 1672 290 cum
1688 258 1738 299 qui
1753 258 1790 289 ab

969 303 1033 342 ipso
1052 303 1117 333 sine
1133 303 1352 334 intermissione
1366 309 1585 344 oppugnantur,
1601 303 1716 334 smculis
1731 303 1789 334 sibi

969 348 1198 383 succedemibus
1215 353 1388 387 praetereant
1401 357 1434 379 ac
1447 348 1624 385 dilabantur,
1641 348 1706 387 ipse
1720 357 1790 378 vero

969 401 1062 422 annos
1076 393 1204 433 amplius
1218 392 1317 423 sexies
1334 393 1414 423 mille
1429 397 1583 423 sexcentos
1599 401 1718 433 semper
1733 393 1788 423 ho-

969 437 1022 468 stis
1038 437 1159 468 humani
1167 437 1297 477 generis,
1305 438 1460 478 etquidem
1467 437 1602 469 occultus
1614 442 1703 477 atque
1711 437 1777 468 clan

969 481 1105 512 destinus
1121 482 1329 522 permanserit,
1356 482 1551 522 hominesque
1581 491 1634 523 per
1648 482 1804 523 ipsosme:

970 532 1132 566 oppugnet,
1149 531 1177 557 et
1192 536 1242 558 eos
1256 527 1431 567 praesertim.
1457 527 1507 567 qui
1534 529 1619 558 modo
1636 531 1791 558 nascentes

973 571 1004 600 in
1020 572 1107 602 vitam
1124 572 1313 608 introierunt,
1325 572 1376 612 qui
1388 581 1446 602 non
1462 572 1556 602 solum
1568 572 1805 602 certaminishu-

970 615 1020 654 jus
1038 615 1125 655 periti
1145 626 1202 646 non
1220 622 1299 652 sunt,
1316 616 1367 646 sed
1384 615 1472 646 etiam
1488 616 1577 656 vires,
1593 617 1660 656 ejus
1675 616 1798 646 bellicas

973 659 1106 690 funditus
1122 659 1260 699 ignorant
1274 661 1328 699 (sic
1343 660 1422 690 enim
1433 660 1590 699 jaculatur,
1608 665 1639 690 ut
1653 660 1799 700 videatur,

973 712 1028 734 nec
1040 707 1137 734 tamen
1150 705 1205 745 ipsi
1219 705 1319 736 vident
1332 715 1339 734 :
1354 709 1384 734 ut
1395 704 1516 743 angelus
1532 705 1605 734 lucis
1619 709 1751 744 apparet,
1770 708 1799 735 et

973 753 1002 778 ut
1021 750 1152 779 tenebrae
1169 750 1282 780 bellum
1295 749 1390 788 gerit),
1404 749 1545 780 adversus
1557 758 1800 789 unumquemque

975 802 1032 822 non
1045 793 1227 824 mediocrem
1244 803 1341 831 usum,
1358 793 1633 834 experientiamque
1645 799 1688 824 est
1697 803 1802 824 conse-

104 843 259 879 aSpectum
272 848 330 868 non
343 839 432 874 venit,
447 840 558 869 lumine
570 839 696 879 quodam
714 839 789 868 haud
801 844 931 878 aspecta-
942 855 961 879 Β
973 842 1068 869 cutus.
1086 838 1166 868 Finis
1181 843 1278 869 autem
1296 843 1323 869 et
1348 848 1456 878 scopus
1480 839 1544 878 ejus
1569 838 1797 878 oppugnationis

106 884 160 915 bili
176 883 322 914 illuminat
338 893 345 913 :
373 888 401 913 et
417 893 450 913 ea
476 883 653 915 illuminatio
683 883 843 923 (quomodo
860 884 930 913 item

104 929 200 969 Deus)
219 927 448 967 inuspectabilis,
463 937 495 958 ex
508 928 621 958 eﬁ‘ectis
635 929 694 958 suis
703 928 891 968 perspicitur.
901 928 930 958 Si

107 978 137 1004 te
153 974 293 1004 humilem
312 976 340 1002 et
351 972 508 1002 contritum
519 972 683 1012 experiere,
697 982 784 1012 quam
797 971 928 1008 humilis,

105 1023 166 1048 tarn
183 1017 364 1047 illuminatus
376 1026 419 1047 es.
434 1017 554 1047 Proﬁcit
569 1017 648 1047 enim
665 1018 773 1053 anima,
791 1016 815 1046 si
829 1016 859 1046 in
876 1017 931 1046 hu-

106 1062 231 1092 militate
247 1061 363 1101 proﬁcit
379 1071 386 1099 ;
402 1061 587 1101 cognitioque
603 1061 779 1092 humilitatis
797 1067 826 1091 et
843 1070 928 1091 man-

104 1107 283 1138 suetudinis.
301 1106 346 1136 sui
362 1105 465 1145 ipsius,
483 1110 512 1136 et
543 1105 594 1137 Dei
621 1106 751 1142 cognitio
768 1110 822 1142 est,
840 1109 872 1135 ut
887 1105 929 1136 di-

105 1151 183 1181 vina:
197 1150 348 1190 sapientiae
363 1150 502 1180 antistite-
522 1150 716 1181 aflirmarunt.
735 1150 849 1181 Anima:
864 1159 928 1190 quae

104 1195 162 1226 Dei
177 1195 383 1230 visitationem,
401 1195 462 1224 sive
478 1195 604 1224 divinam
618 1195 878 1232 illuminationem,
896 1205 929 1226 ac

106 1240 297 1270 serenitatem
313 1240 611 1278 adeptaest,peccata
625 1244 679 1279 est,
695 1239 822 1270 etnullis
837 1240 930 1270 turbis

108 1285 247 1325 agitatur.
261 1283 435 1323 Hujusmodi
449 1284 677 1314 illustrationem
690 1285 878 1324 exstinguunt
888 1285 930 1315 in-

109 1330 278 1360 humanitas
313 1329 446 1368 judit-are
477 1329 610 1361 fratrem,
644 1334 729 1359 tenax
755 1329 928 1369 injuriarum

974 891 1032 912 non
1049 883 1295 919 contemnendus,
1317 887 1347 914 et
1361 883 1557 913 formidabilis
1572 887 1627 913 est.
1645 883 1717 913 Nam
1729 892 1796 913 cum

972 936 989 956 ει
1006 926 1150 966 principio
1165 937 1258 966 genus
1274 928 1426 958 hominum
1443 937 1460 957 a
1471 927 1532 958 Deo
1548 927 1798 966 exterminaverit,

973 971 1126 1001 contendit
1139 972 1344 1008 nihilominus,
1355 976 1385 1002 ut
1397 971 1433 1002 ab
1447 981 1482 1002 eo
1494 971 1722 1002 exterminatum
1733 980 1798 1001 ma-

975 1020 1041 1046 neat
1057 1020 1125 1046 :aut
1142 1020 1172 1046 ut
1187 1016 1223 1046 ab
1240 1016 1343 1046 exsilio
1359 1016 1395 1046 ad
1411 1015 1504 1046 Deum
1521 1015 1630 1047 Christi
1646 1024 1736 1055 opera
1750 1024 1800 1046 re-

971 1065 1103 1090 vocatum
1120 1061 1210 1099 (sicut
1240 1066 1286 1091 est
1314 1060 1433 1100 sapiens
1461 1060 1497 1091 ad
1529 1059 1798 1095 malefaciendum)

970 1113 1087 1134 rursum
1104 1104 1140 1134 ab
1157 1114 1191 1135 eo
1208 1110 1384 1144 segregetur
1409 1108 1438 1135 et
1465 1104 1589 1135 exsulet.
1618 1104 1694 1135 Hinc
1710 1103 1799 1143 igitur

970 1148 1064 1188 quivis
1080 1149 1214 1179 scientiis
1243 1149 1462 1180 scientissimus
1485 1149 1589 1185 evasit,
1606 1147 1796 1185 Hellenismi,

971 1193 1124 1229 Judaismi,
1145 1193 1376 1230 haeresum,vitae
1391 1193 1635 1231 orthodoxorum,
1654 1200 1682 1224 et
1696 1193 1803 1224 asceti-

971 1246 1072 1266 Corum
1084 1237 1294 1268 certaminum.
1306 1239 1349 1268 Ac
1365 1247 1418 1278 per
1432 1237 1649 1268 Hellenismum
1663 1237 1798 1277 quidem,

973 1292 1083 1322 perque
1101 1288 1265 1320 externam,
1281 1287 1312 1313 ut
1323 1287 1439 1321 vocant,
1455 1283 1643 1323 sapientiam,
1661 1282 1798 1313 homines

974 1327 1003 1356 in
1013 1327 1146 1357 fraudem
1159 1327 1285 1364 inducit,
1301 1337 1354 1368 per
1366 1328 1549 1359 Judaismum
1556 1337 1636 1365 vero,
1651 1332 1680 1357 et
1688 1327 1798 1358 cultum

111 1374 263 1404 memoria.
281 1373 335 1409 Qui
353 1373 430 1403 enim
444 1382 477 1403 ex
495 1373 700 1404 misericordia
712 1379 739 1404 et
751 1374 932 1405 humanitate
973 1372 1025 1402 Del
1042 1371 1078 1402 ab
1095 1372 1144 1402 illo
1163 1372 1380 1411 praescriptum,
1396 1372 1615 1412 judaizantibus
1629 1372 1798 1412 persuadet,

110 1418 164 1449 Dei
180 1423 311 1449 servatus
327 1422 381 1453 est,
399 1422 451 1457 per
469 1417 701 1448 misericordiam
718 1423 748 1449 et
763 1419 931 1449 humanita-
975 1425 1025 1446 eos
1042 1417 1119 1446 bono
1135 1417 1165 1447 in
1181 1421 1256 1447 statu
1272 1417 1394 1448 versari.
1425 1417 1517 1456 quue
1547 1417 1635 1448 etiam
1652 1415 1798 1457 Agarenis

109 1468 168 1493 tem
184 1463 310 1494 salutem
326 1462 381 1492 sibi
397 1462 554 1498 custodiet,
577 1463 741 1493 secnndun.
759 1463 887 1494 divinam
905 1468 932 1494 et
975 1461 1053 1492 fecit.
1072 1461 1127 1491 Per
1142 1462 1270 1492 haereses
1284 1462 1413 1492 cultores
1423 1461 1477 1492 Dei
1487 1461 1742 1501 circumscriptos,
1759 1460 1796 1490 ab

108 1508 223 1548 regiam
237 1517 336 1538 vocem
348 1507 388 1537 ita
399 1510 553 1536 sonantem
567 1517 573 1536 :
596 1507 634 1537 In
650 1516 707 1547 quo
716 1508 834 1547 judicio
844 1508 929 1548 judi-
942 1520 961 1544 ρ
974 1515 1032 1536 una
1047 1506 1076 1536 in
1092 1505 1184 1536 Deum
1203 1506 1260 1536 ﬁde
1276 1506 1398 1537 divellit.
1413 1506 1600 1538 Orthodoxos
1615 1514 1732 1545 quoque
1746 1513 1798 1545 per

111 1553 229 1587 cubitis,
238 1552 605 1590 vicissimjudicabimini:
617 1556 644 1582 et
656 1561 715 1591 qua
726 1561 933 1584 mensurame-
974 1550 1016 1587 id,
1033 1550 1112 1590 quod
1127 1550 1310 1590 orthodoxae,
1320 1559 1374 1582 seu
1389 1560 1424 1582 ex
1438 1560 1506 1581 vera
1518 1554 1547 1580 et
1561 1555 1643 1581 recta
1657 1549 1798 1590 opinione

110 1599 245 1634 tiemim‘,
257 1596 550 1627 i'errietieturvobisﬁ2
570 1596 683 1628 Idcirco
692 1598 930 1636 praecedatmise-

108 1642 248 1678 ricordia,
259 1646 434 1681 ctsequatur
441 1641 654 1671 misericordia.
673 1641 745 1672 Nam
760 1643 835 1682 quia
846 1643 930 1682 gravi

109 1693 137 1719 et
148 1687 305 1718 incurabili
318 1686 423 1716 animae
438 1685 541 1716 morbo
551 1695 602 1725 per
615 1687 707 1716 solam
720 1688 773 1718 Dei
784 1688 928 1718 visitatio-

109 1742 176 1763 nem
194 1731 344 1768 liberatus,
357 1735 385 1761 et
397 1731 529 1769 sospitati
545 1731 697 1761 restitutus
717 1736 761 1762 est
776 1732 927 1771 gaudebit,

110 1782 137 1808 et
152 1776 325 1812 exsultabit;
343 1780 371 1805 et
385 1775 434 1814 qui
451 1775 542 1814 ipsius
567 1775 715 1816 misertus,
733 1777 886 1807 sanitatem
904 1777 931 1806 ei

109 1822 240 1860 donaiit,
258 1822 318 1852 Deo
335 1819 486 1856 nimirum,
505 1823 562 1850 tota
586 1820 696 1856 anima,
713 1825 741 1850 et
758 1826 816 1851 tota
833 1826 931 1852 mente

109 1867 216 1906 gratias
230 1870 307 1904 eget,
324 1865 439 1904 eritque
456 1869 626 1895 mansuetus
637 1875 670 1895 ac
687 1865 773 1902 leuis,
791 1866 843 1896 Dei
858 1875 927 1906 erga

109 1921 140 1941 se
163 1909 409 1946 misericordiam,
432 1908 655 1948 benignitatem,
674 1910 811 1950 pietatem
831 1911 927 1941 admi-

109 1965 188 1986 rans:
203 1965 235 1985 ac
249 1954 367 1984 totusin
388 1953 610 1994 benignitatem,
633 1959 662 1984 et
679 1955 793 1986 viscera
813 1957 929 1996 pietatis

108 2000 229 2034 eﬂ‘usus,
247 1999 394 2029 similibus
410 1998 554 2029 obnoxios
570 1999 772 2036 miserabitur,
789 2001 930 2031 adversus

108 2044 256 2075 neminem
266 2044 371 2073 tollens
380 2043 538 2082 superciliu
545 2053 570 2072 m
577 2044 640 2079 ,sed
648 2044 784 2074 omnibus
791 2054 822 2075 5e
830 2045 933 2076 hil.iri~

108 2093 152 2119 ter
166 2088 326 2128 subjiciens
352 2087 402 2118 Sic
417 2097 489 2118 sane
507 2093 644 2128 peccator
673 2089 781 2126 omnis,
798 2099 864 2120 cum
882 2100 934 2130 per

973 1594 1112 1625 institutae
1123 1595 1189 1625 vitae
1203 1595 1383 1634 adversatur,
1401 1604 1453 1636 per
1478 1595 1656 1635 voluptatem
1672 1594 1797 1632 scilicet,

974 1650 1025 1680 per
1040 1640 1203 1677 avaritiam,
1222 1645 1250 1671 et
1266 1650 1369 1671 vanam
1396 1641 1530 1680 gloriam,
1557 1650 1574 1671 a
1589 1642 1649 1672 Deo
1664 1639 1796 1671 abducit.

973 1683 1029 1714 l’er
1044 1684 1201 1715 asceticam
1216 1684 1358 1724 denique,
1375 1689 1405 1716 et
1430 1685 1665 1725 philosophicam
1681 1684 1798 1715 vivendi

974 1738 1120 1768 normam,
1137 1729 1622 1769 multorumqueincommodorum
1632 1729 1798 1770 perpessio-

973 1782 1052 1808 nem,
1071 1783 1138 1803 cum
1155 1779 1268 1804 vectem
1280 1773 1577 1813 subjecerit,initium
1588 1773 1794 1814 improbitatis,

973 1827 1079 1857 nempe
1092 1818 1340 1849 existimationem
1351 1819 1409 1856 sui,
1420 1819 1481 1849 sive
1495 1818 1705 1858 arrogantiam,
1718 1817 1799 1848 desi-

971 1862 1149 1902 deriumque
1157 1863 1276 1894 honoris
1283 1863 1319 1894 ab
1326 1862 1796 1903 huminibusimpotentissimum,

971 1907 1027 1937 hoc
1042 1907 1175 1938 omnium
1193 1908 1330 1938 virtutum
1347 1908 1528 1945 adversario,
1554 1912 1583 1939 et
1597 1907 1718 1939 inimico
1732 1915 1796 1938 ma-

972 1951 1173 1991 chinamento,
1191 1953 1304 1983 animas
1319 1953 1349 1983 in
1366 1953 1522 1984 sanctitate
1530 1953 1685 1993 acjustitia
1693 1951 1798 1982 viven-

974 1996 1046 2026 tium
1064 1997 1224 2036 prosternit
1237 2001 1326 2037 atque
1348 1997 1502 2029 subvertit.
1528 1997 1709 2034 Quibusdam
1727 1998 1797 2026 item

974 2041 1035 2070 zelo
1049 2040 1101 2071 Dei
1115 2041 1236 2081 injecto,
1250 2041 1301 2072 sed
1318 2051 1377 2071 non
1393 2042 1557 2073 secundum
1573 2041 1728 2072 scientiam
1745 2040 1799 2071 mi~

975 2094 1057 2115 seros
1073 2085 1140 2116 illos
1154 2090 1292 2126 tyrannos
1315 2086 1424 2126 reddit,
1453 2087 1531 2126 quod
1548 2086 1679 2126 profecto
1697 2084 1798 2115 multis

111 2133 256 2164 Christum
274 2143 290 2162 ιι
304 2133 479 2163 turbulentis
509 2132 638 2163 mctibus
664 2134 816 2173 expeditus
832 2129 930 2172 fuerit,
944 2141 964 2165 D
975 2130 1144 2160 deﬂentium
1160 2134 1204 2161 est
1219 2130 1354 2170 lacrymis
1369 2139 1375 2162 :
1389 2131 1536 2171 siquidem
1550 2129 1746 2171 praesentibus
1755 2129 1799 2159 fu-

111 2178 249 2217 gaudebit
264 2183 291 2208 et
307 2177 465 2208 exsultabit
481 2177 511 2207 in
539 2178 663 2208 salu‘ari
691 2179 766 2218 ejus.
785 2178 813 2210 SI
831 2186 930 2210 autem

111 2228 175 2263 post
190 2223 343 2253 sanitatem
361 2223 510 2259 eﬁeratnr,
535 2232 627 2262 prope
653 2227 696 2253 est
712 2228 851 2263 tyrannus
864 2224 930 2254 dia-

111 2267 205 2305 bolus,
223 2272 251 2298 et
267 2267 342 2306 apud
360 2277 410 2297 eos
426 2267 622 2297 instrumenta
638 2268 801 2298 motionum
823 2269 931 2299 rationi

108 2322 166 2343 non
183 2312 397 2342 obedientium.
417 2312 517 2343 Gratia
544 2312 652 2343 Christi
678 2321 710 2343 se
726 2313 886 2350 subducet,
903 2318 930 2343 et

108 2358 221 2387 dmmon
239 2357 360 2397 propior
376 2358 479 2393 factus,
497 2364 598 2387 mente
615 2366 770 2395 concussa,
790 2367 843 2398 per
857 2367 926 2388 cor—

109 2411 161 2442 pus
175 2401 324 2433 deteriora
338 2402 489 2442 prioribus
505 2402 623 2439 efﬁciet,

399 2460 540 2492 ORATIO
557 2461 632 2492 Xlll.

411 2516 624 2539 ABGUMENTUM.

112 2562 234 2600 Quinqus
244 2569 350 2600 magna:
371 2561 570 2600 artesdiuboli.
588 2561 728 2600 Quir/quid
742 2563 806 2591 boni
816 2565 932 2600 propler

146 2597 229 2635 Deum
244 2598 396 2635 agitrhorﬂno
421 2597 451 2624 id
468 2605 553 2635 agr-ref
575 2599 615 2625 vel
638 2600 704 2633 quia
715 2600 792 2635 petit.
809 2597 850 2627 ῡρι
864 2597 930 2635 ἀθλία

144 2634 251 2669 gratius
267 2634 332 2668 agit.
351 2632 490 2670 Quomodo
509 2632 929 2670 voluntas’veri'cupientis-sat-

146 2668 218 2700 uari,
233 2669 350 2706 salutem
361 2668 427 2696 υιιισ
436 2669 544 2706 μαίνεαι.
561 2669 682 2702 Quarum
696 2678 748 2698 rea:
759 2668 931 2706 sihquorum

145 2712 201 2732 non
215 2705 261 2736 sit,
278 2705 302 2732 is
316 2705 362 2740 qui
378 2706 417 2732 est
431 2704 576 2736 Dominus,
591 2707 616 2733 et
631 2713 681 2733 rem
696 2704 829 2734 omnium.

148 2753 222 2789 Quia
236 2753 372 2785 diabolus
385 2757 430 2784 est
443 2753 563 2793 spiritus
578 2753 784 2794 intelligentiae
795 2765 928 2797 compos,

975 2175 1108 2220 turisque
1123 2175 1209 2220 bonis
1225 2176 1385 2215 privantur.
1416 2174 1492 2211 Quid
1516 2184 1595 2220 enim
1611 2179 1655 2205 est
1669 2174 1796 2220 aliorum

974 2219 1105 2249 omnium
1121 2219 1266 2257 interitus,
1285 2220 1308 2249 si
1325 2229 1390 2250 cum
1403 2219 1504 2250 talium
1517 2219 1671 2249 hominum
1682 2219 1799 2258 jactura

973 2268 1161 2303 comparetur
1171 2265 1185 2293 ‘2
1197 2263 1264 2294 Haec
1276 2273 1404 2304 namque
1414 2263 1571 2304 singularis
1581 2266 1625 2294 est
1641 2266 1670 2293 et
1685 2262 1798 2293 incom-

973 2308 1112 2348 parabilis
1126 2308 1316 2339 calalamitas.
1334 2310 1475 2348 Sequitur
1490 2317 1559 2347 ergo
1571 2312 1602 2338 ut
1613 2307 1796 2346 investigan-

972 2353 1042 2384 dum
1050 2353 1097 2389 sit,
1107 2363 1164 2393 quo
1174 2358 1256 2393 pacto
1265 2353 1459 2391 ejusinsidias
1475 2352 1651 2383 devitemus.
1668 2351 1699 2382 Id
1711 2351 1800 2382 aliter

970 2398 1164 2428 invenirinon
1179 2401 1283 2438 potest,
1297 2397 1353 2428 nisi
1367 2397 1403 2428 ad
1425 2401 1585 2428 extremam
1602 2396 1799 2427 humilitatem

970 2442 1072 2482 animi,
1090 2446 1119 2473 et
1133 2451 1278 2473 summam
1296 2442 1506 2472 contritionem
1531 2441 1639 2478 cordis,
1659 2445 1747 2482 atque
1761 2439 1799 2471 ad

972 2497 1062 2517 unum
1077 2489 1183 2524 Deum,
1201 2487 1400 2527 eamdemque
1414 2487 1581 2524 hominem,
1595 2490 1626 2517 et
1640 2484 1800 2516 Dominum

971 2532 1073 2563 Jesnm
1085 2531 1232 2563 Christum
1245 2531 1467 2571 confugiamus:
1492 2531 1553 2570 Qui
1569 2540 1624 2571 pro
1639 2531 1726 2562 nobis
1737 2539 1799 2570 pu-

973 2578 1089 2618 gnabit.
1103 2581 1132 2607 et
1143 2577 1426 2615 nostacebimusfﬁ;
1440 2577 1470 2607 in
1486 2587 1543 2617 quo
1559 2575 1621 2607 solo
1631 2575 1717 2606 datur
1725 2583 1800 2606 con-

975 2627 1018 2653 tra
1035 2623 1149 2653 hostem
1167 2622 1248 2652 hunc
1263 2621 1357 2652 aciem
1380 2622 1539 2659 instruere,
1557 2625 1586 2652 et
1602 2620 1755 2657 resistere,
1772 2622 1803 2650 et

973 2668 1091 2698 vincere
1104 2678 1111 2698 :
1138 2676 1193 2697 nec
1207 2670 1251 2696 est
1262 2666 1311 2697 hic
1325 2666 1383 2696 alia
1397 2667 1454 2707 via,
1470 2667 1606 2707 ratioque
1631 2664 1797 2705 sapientiae.

1013 2711 1199 2752 Quapropter
1223 2710 1248 2741 si
1275 2713 1305 2741 in
1333 2710 1441 2742 Christi
1471 2711 1594 2751 gratiam
1623 2711 1654 2741 in
1670 2712 1801 2750 egestate

972 2756 1121 2797 quispiam
1136 2755 1252 2793 vixerit,
1269 2755 1399 2787 inediam
1428 2755 1601 2797 vigiliasque
1616 2753 1800 2794 toleraverit,

148 2843 174 2868 ω
191 2842 204 2873 Ι
219 2842 287 2874 Cor.
305 2850 326 2881 I,
341 2842 391 2875 3t.
433 2843 463 2869 53
476 2844 579 2876 Matth.
595 2852 649 2885 vn,
663 2843 694 2876 2.
735 2844 768 2870 ὦ
781 2844 876 2877 Exod.
893 2853 953 2882 ω,
972 2846 1018 2878 l4.
