1983 3072
183 144 244 178 375
842 145 1030 179 SYMEONIS
1050 145 1217 180 JUNIORIS
1815 147 1880 181 3'76

184 218 215 246 et
231 223 286 255 per
295 212 506 246 continentiam
523 221 631 253 corpus
646 213 815 254 macerarit,
832 213 963 245 liberalis
978 212 1008 243 in
1019 219 1040 243 Α
1046 214 1154 253 justus,
1163 213 1242 252 juste
1250 214 1379 253 postulat
1390 222 1458 244 eum
1468 213 1498 244 in
1507 222 1565 254 quo
1576 217 1621 244 est
1645 212 1721 244 ratio
1736 217 1766 244 et
1779 213 1874 246 intel-

185 268 341 299 pauperes,
359 259 485 289 alienam
500 257 594 288 vicem
611 259 717 289 dolens
731 267 764 289 ac
780 258 925 298 benignus
943 259 1007 288 fue-
1050 259 1157 295 lectus,
1175 258 1215 288 ita
1230 267 1262 288 se
1278 268 1347 297 erga
1360 260 1451 290 Deum
1464 267 1583 297 genere,
1595 258 1742 298 quomodo
1753 268 1785 289 se
1801 269 1874 299 erga

185 304 235 343 rit,
254 303 330 334 bene
345 313 427 340 sane,
445 307 516 334 sunt
531 303 609 334 enim
627 303 785 334 bonahaec.
797 303 1008 334 Verumtamen

184 352 284 379 caveat
298 348 468 387 diligenter,
485 357 523 378 ne
539 347 656 378 labores
672 348 878 379 etmercedem
890 347 1003 387 perdat.

182 392 246 423 Etsi
263 392 343 422 enim
360 393 423 422 haec
444 400 534 431 opera
559 391 636 422 bona
652 395 730 425 sunt,
753 396 848 422 tamen
866 395 1007 432 praeterea

180 436 260 467 aliud
276 437 414 477 quiddam
430 437 539 466 bonum
556 440 613 476 est,
631 446 683 476 per
695 437 772 476 quod
785 437 944 476 salvantur,
956 435 1006 476 qui

182 490 234 522 per
248 481 306 512 ista
319 481 444 512 salutem
459 481 664 520 adipiscantur
677 491 683 510 :
717 481 864 520 siquidem
881 481 1005 510 duarum

182 534 356 564 magnarum
371 534 472 556 rerum
490 526 684 556 instrumenta
701 529 730 556 et
755 525 912 556 efﬁcientia
927 528 1004 561 sunt,

182 570 400 611 propitiationis
417 574 497 609 puta,
529 573 559 600 et
585 569 744 608 gratiarum
775 569 912 609 actionis,
931 573 959 599 et
973 578 1007 599 ea

181 619 352 656 comparate
365 615 429 645 fieri
442 623 566 645 necesse
577 619 632 644 est.
646 615 718 644 Nam
735 614 1008 644 dilectusilleloan—

182 669 237 690 nes
244 660 284 690 ait
297 670 304 690 :
320 659 428 690 Omnis
440 659 492 698 qui
502 662 616 698 peccat,
627 667 685 688 non
705 658 780 689 vidit
795 658 900 697 Deum,
913 666 1006 696 neque

182 705 266 735 novit
289 713 357 734 cum
377 703 420 734 54.
450 702 480 734 Si
497 703 585 742 igitur
600 703 667 742 quis
682 702 788 741 agnitis
802 702 930 742 peccatis
946 701 1007 731 suis

183 748 366 789 pmnitentize
379 748 479 778 lumen
496 747 656 787 acceperit,
675 750 704 777 et
719 746 861 786 poenitere
871 746 1003 785 coeperit,

1050 302 1183 332 homines
1194 302 1287 341 gerit:
1300 307 1328 333 et
1343 303 1447 333 timere
1464 302 1560 342 illum,
1573 310 1603 332 ut
1615 302 1750 333 homines
1763 303 1871 334 timere

1049 346 1189 376 solemus.
1205 345 1281 377 Sene
1304 347 1328 376 si
1347 356 1400 376 nos
1416 346 1587 385 dignitatem
1606 355 1640 376 ac
1657 347 1868 386 piaestantiam,

1048 399 1135 430 quam
1148 390 1221 420 ratio
1233 390 1318 420 nobis
1335 391 1430 427 affert,
1447 390 1657 420 label‘actamus
1672 395 1759 430 atque
1773 390 1875 420 immi-

1049 444 1178 475 nuimus,
1196 434 1259 474 ipse
1276 445 1339 465 eam
1359 435 1534 466 labefactare
1559 439 1588 465 et
1617 435 1794 465 imminuere
1810 445 1873 465 non

1049 482 1146 518 potest
1159 489 1165 507 :
1177 479 1229 509 sed
1241 479 1404 509 secundum
1415 483 1548 510 naturam
1570 488 1587 509 a
1604 489 1636 509 se
1652 479 1758 519 cuique
1773 479 1871 510 tribu-

1049 526 1119 559 tam,
1138 522 1225 553 ctiam
1242 523 1336 562 legem
1353 524 1447 554 teneri
1463 523 1524 554 vult
1536 523 1565 553 in
1581 523 1731 555 omnibtts.

1088 567 1159 603 Quis
1174 577 1244 607 ergo
1270 568 1376 598 salvari
1400 568 1592 608 concupisiit,
1622 570 1753 608 quamvis
1782 569 1814 599 id
1836 578 1871 600 se

1048 611 1261 651 concupiscere
1289 622 1392 642 omnes
1421 612 1594 644 fateantur?
1622 612 1732 643 Omnes
1747 615 1873 652 cupiunt

1049 655 1236 686 afﬂuentibus
1255 665 1352 686 rerum
1369 657 1462 696 copiis
1477 657 1576 697 ditari,
1597 667 1761 698 aurumque
1774 663 1802 688 et
1818 667 1870 688 ar-

1048 704 1179 737 gentum,
1197 700 1309 740 lapides
1327 701 1481 741 pretiosos,
1509 702 1681 741 margaritas
1695 703 1768 733 citra
1783 703 1869 733 labo-

1049 752 1110 773 rem
1127 744 1342 781 las~itudineni,
1360 754 1535 783 aerumnam,
1552 746 1784 777 sollicitudinem
1801 756 1868 788 pos-

184 788 254 825 ialia
269 802 361 832 opera
376 791 531 832 suscipiet,
548 795 580 821 ut
604 790 748 821 Dominus
771 790 835 830 ejus
850 789 1005 822 coutritio-
1048 788 1157 821 sidere.
1175 789 1251 828 quod
1276 790 1340 820 ﬁeri
1356 790 1432 820 haud
1449 794 1554 830 potest.
1584 791 1639 826 Qui
1654 791 1745 832 igitur
1758 792 1844 822 aiunt
1860 802 1868 822 :

183 846 264 875 nem,
282 837 492 873 humilitatem,
509 835 648 866 studium.
669 835 766 866 alacre
781 835 888 871 videat,
906 839 934 865 et
950 834 1006 864 mi-
1020 863 1036 886 Β
1049 832 1154 881 salvari
1169 833 1312 883 Volumus,
1331 838 1359 864 et
1375 843 1428 873 pro
1452 834 1545 865 salute
1561 835 1742 876 acquirenda
1758 836 1869 867 defati-

183 886 280 912 sertus
295 881 323 912 ei
339 880 559 912 reconcilietur.
572 880 752 919 Argumenta
760 883 857 910 autem
868 879 1006 909 reconci-
1020 876 1036 886 ”
1048 876 1196 915 gatiOnem
1209 877 1299 908 animi
1312 882 1340 909 et
1355 879 1488 918 corporis
1497 879 1606 910 nullam
1622 880 1773 920 suscipere
1784 881 1870 911 iusti-

183 925 400 965 liatiouissunt,
412 925 571 955 affectuum
581 924 766 954 turbidorum
775 923 1006 961 sedatio,odium
1050 926 1145 957 luunt,
1163 922 1211 961 qui
1230 923 1346 953 tandem
1363 923 1467 953 salvari
1483 925 1618 963 queunt?
1645 925 1763 964 quando
1779 925 1869 956 etiam

183 969 309 1010 peccati,
327 973 488 1010 perpetuus
514 969 568 999 Dei
595 968 707 1008 ubique
737 967 890 1007 przesentis
906 967 1004 1003 timor,
1048 965 1098 1005 qui
1111 966 1213 996 salutis
1224 976 1312 997 causa
1325 967 1565 998 adlaborandum
1579 970 1706 1009 prompti
1719 974 1798 1009 sunt,
1817 974 1867 1000 to-

183 1014 386 1054 compunctio,
403 1013 517 1052 religio,
535 1013 627 1043 animi
644 1013 674 1043 in
692 1012 782 1042 sacris
798 1011 942 1048 cantibus,
961 1011 1005 1041 le—
1049 1013 1136 1050 toquc
1152 1011 1360 1048 animo,verbo
1376 1016 1568 1052 etopereeam
1581 1018 1733 1054 expetunt,
1745 1015 1868 1054 uecipsi

182 1058 344 1095 ctionibus,
361 1057 564 1088 auditionibus
579 1066 595 1087 a
610 1057 671 1088 Deo
697 1056 906 1096 inspiratarum
923 1055 1006 1086 Scri-
1049 1054 1168 1094 quidem
1184 1055 1288 1086 salvari
1304 1061 1436 1096 possunt.
1454 1057 1490 1088 Ut
1517 1058 1609 1091 enim.
1641 1059 1691 1098 qui
1707 1069 1774 1089 οιιῐη
1791 1059 1867 1090 nihil

183 1106 336 1143 pturarum
351 1101 483 1133 attentio.
501 1101 629 1132 Omnino
644 1101 723 1131 enim
740 1109 827 1130 nemo
844 1100 1006 1140 quidquam
1049 1098 1194 1136 laborent,
1211 1104 1308 1130 tamen
1325 1101 1620 1139 salvaridesiderant,
1632 1103 1736 1133 salvari
1747 1104 1866 1141 nolunt,

182 1147 288 1178 horum
306 1150 372 1177 ante
386 1150 590 1186 recuperatam
603 1145 655 1176 Dei
669 1145 791 1184 gratiam
801 1143 1004 1188 consequitur.
1048 1151 1114 1172 cum
1130 1144 1209 1174 salus
1224 1144 1288 1175 sine
1302 1145 1405 1175 labore
1420 1155 1478 1176 non
1491 1151 1622 1177 constet:
1650 1148 1693 1178 sic
1706 1149 1755 1188 qui
1771 1148 1868 1179 facul-

182 1191 319 1223 Animam
334 1191 444 1231 quippe
468 1191 560 1228 gratia
588 1189 641 1220 Dei
670 1188 888 1229 quodammodo
905 1187 1005 1227 tangit,
1049 1190 1107 1233 tate
1122 1188 1336 1233 prudentiaque
1352 1191 1470 1230 propria
1491 1190 1526 1220 ad
1557 1191 1672 1222 labores
1701 1187 1753 1233 pro
1769 1193 1868 1224 salva-

180 1235 388 1276 inaspectabili
403 1235 528 1276 quadam
557 1234 672 1264 ratione
700 1234 727 1264 ei
753 1233 954 1266 reconciliata,
979 1236 1008 1262 et
1048 1231 1129 1261 tione
1144 1232 1304 1264 obtinenda
1320 1234 1541 1273 aggrediuntur,
1572 1235 1638 1266 ideo
1655 1246 1689 1267 ea
1702 1231 1792 1277 potiri
1809 1247 1868 1268 ne-

183 1290 249 1322 que
264 1290 299 1311 eo
315 1289 408 1320 usque
434 1278 580 1310 instabilis
607 1284 638 1308 et
663 1287 735 1317 vaga
763 1278 828 1314 fuit,
846 1277 957 1308 firmari
972 1286 1006 1307 ac
1047 1281 1170 1322 queunt,
1188 1277 1265 1322 quod
1283 1288 1339 1308 non
1355 1279 1385 1308 in
1402 1279 1510 1309 virtute
1521 1280 1793 1321 salvaricnpientis.
1810 1282 1866 1312 sed

184 1319 311 1357 stabiliri
325 1319 442 1364 incipit.
458 1324 502 1354 En
515 1332 602 1354 unam
618 1332 680 1353 rem
696 1332 829 1362 magnam
842 1321 1007 1352 etadmira-
1046 1319 1076 1349 in
1094 1320 1297 1353 misericordia
1311 1323 1362 1353 Dei
1376 1322 1535 1361 perJesum
1546 1319 1693 1355 Christum
1707 1327 1869 1356 constituta

183 1370 288 1407 bilem,
306 1378 360 1409 pro
376 1378 434 1409 qua
449 1369 549 1408 gratim
571 1367 716 1398 debentur
733 1369 806 1398 Deo.
824 1367 1006 1397 Consecutus
1047 1368 1103 1394 est.
1117 1364 1200 1396 Alius
1211 1365 1290 1396 enim
1315 1374 1358 1397 est
1381 1368 1431 1408 qui
1448 1368 1586 1405 salvatur,
1603 1374 1632 1399 et
1647 1370 1721 1400 alius
1737 1371 1785 1410 qui
1803 1371 1867 1401 sal-

184 1418 281 1445 autem
300 1413 547 1449 misericordiam,
560 1412 727 1447 sanitatem,
740 1410 966 1448 ﬁrmitudinem,
980 1410 1005 1440 si
1047 1413 1102 1439 vat.
1128 1409 1244 1449 Absque
1259 1419 1304 1442 me
1327 1420 1387 1442 non
1403 1416 1446 1442 es!
1460 1413 1593 1444 salvator
1611 1415 1652 1451 55’
1669 1415 1709 1445 ait
1727 1409 1813 1447 σερε,
1831 1415 1869 1446 Et

184 1459 250 1489 haec
264 1466 356 1497 opera
370 1457 448 1494 facit,
465 1460 498 1487 ut
514 1465 566 1496 pro
595 1455 710 1495 adeptis
738 1454 844 1494 gratias
860 1458 934 1493 agat,
952 1463 1004 1499 pro
1046 1454 1194 1499 apostolus
1209 1455 1332 1486 Paulus:
1350 1456 1428 1487 Velle
1443 1457 1552 1488 bonum
1563 1458 1682 1496 adiacet
1693 1460 1778 1498 mihi,
1796 1469 1865 1499 pcr-

184 1500 439 1541 reconciliatione,
457 1501 576 1541 inquam
593 1510 658 1530 cum
669 1499 728 1530 Deo
745 1499 831 1530 etiam
842 1498 885 1529 sic
899 1498 1034 1547 rationiC
1048 1498 1134 1529 ﬁcere
1143 1503 1310 1530 autemnon
1319 1502 1484 1532 iuveniori}.
1498 1502 1570 1538 Quid
1585 1504 1684 1542 igitur,
1700 1498 1868 1536 t'aule‘iDie

185 1546 397 1579 convenienter
410 1546 507 1582 faciet,
522 1550 554 1576 ut
582 1545 741 1586 perfectam
769 1544 1003 1583 redemptionem
1018 1544 1033 1547 ’
1046 1550 1109 1579 age,
1127 1551 1184 1587 quo
1196 1550 1280 1583 pacto
1293 1546 1397 1575 salvari
1408 1546 1500 1577 licet?
1511 1547 1624 1578 Gratias
1634 1557 1686 1587 ago
1699 1548 1759 1579 Deo
1785 1559 1864 1587 meo,

184 1597 393 1631 consequatur,
411 1595 442 1622 et
455 1590 601 1621 diviniore
622 1599 673 1620 co:
683 1589 808 1634 nitionei
820 1588 1003 1634 occultorum
1046 1586 1216 1634 respondet.
1231 1597 1282 1634 per
1295 1588 1396 1620 Jesum
1412 1591 1572 1631 Christum,
1587 1586 1662 1631 quid
1680 1593 1729 1624 lea:
1739 1594 1868 1634 spiritus

183 1636 239 1668 Dei
254 1636 399 1667 bonorum
415 1636 551 1675 (quorum
567 1634 756 1675 pulchritudo
783 1633 819 1664 ab
835 1633 928 1664 oculis
946 1642 1005 1663 non
1047 1631 1159 1676 vitari”
1171 1631 1304 1676 rC/Irt-SIO,
1323 1635 1462 1666 liberavit
1475 1645 1523 1666 me
1537 1645 1555 1666 (ι
1564 1631 1781 1676 Ιεῃερεοείιείὶνι
1789 1647 1869 1669 mor-

186 1681 372 1722 peccantium
388 1680 487 1716 modo,
504 1689 606 1710 verum
623 1678 711 1710 etiam
725 1678 929 1718 pmnitentium
942 1678 1007 1708 abs-
1048 1675 1086 1722 (is
1166 1675 1200 1706 Et
1213 1677 1307 1715 gratia
1322 1678 1359 1708 sit
1375 1679 1502 1719 benigno
1517 1681 1589 1717 Deo,
1606 1675 1655 1721 qui
1672 1691 1705 1712 ex
1721 1681 1868 1713 immensa

184 1719 304 1757 condita
320 1725 376 1765 est)
394 1724 499 1764 dignus
515 1724 628 1755 evadat.
654 1723 829 1763 Quicunque
845 1722 933 1761 igitur
948 1722 1006 1752 liu—
1047 1719 1190 1765 Charitate
1202 1730 1270 1760 erga
1282 1722 1418 1753 homines
1430 1724 1525 1763 ipsum
1534 1726 1608 1756 velle
1616 1719 1868 1758 cuminﬁrmitate

181 1769 316 1811 jusmodi
329 1769 461 1800 actiones
484 1772 638 1809 usurpant,
654 1767 831 1808 simpliciter
857 1771 887 1797 ut
902 1767 1006 1806 bonas,
1049 1764 1206 1812 copulavit,
1224 1771 1256 1812 ut
1273 1767 1360 1797 homo
1376 1768 1475 1799 volens
1490 1779 1547 1800 non
1564 1771 1656 1810 possit
1672 1771 1781 1801 bonum
1798 1782 1854 1812 ope

183 1808 241 1846 nec
255 1814 292 1844 ob
303 1814 356 1845 has
371 1823 486 1849 causas,
512 1808 599 1854 culpa
614 1823 672 1844 non
689 1817 802 1849 carent,
819 1811 1007 1851 viventesque
1050 1808 1128 1856 rari,_
1138 1810 1253 1856 tametsi
1267 1820 1333 1841 cum
1351 1812 1450 1844 labore
1468 1808 1582 1850 multo;
1596 1819 1624 1845 et
1638 1815 1667 1846 in
1679 1815 1775 1856 ipsum
1788 1808 1870 1847 arro-

183 1859 214 1890 in
238 1863 369 1898 egestate
393 1853 569 1896 voluntaria;
593 1859 775 1898 jejunames,
807 1857 1009 1902 eleeniqsyiias
1049 1853 1156 1902 gantize
1167 1855 1319 1902 vestigium
1335 1856 1474 1895 declinet,
1491 1853 1866 1902 quaeprimum'peccatnm,

183 1903 400 1943 impertientes,
419 1903 585 1934 ιῃοιιίιιηιυι-
600 1907 780 1943 peccatores,
805 1902 902 1942 Atque
916 1901 945 1931 id
962 1902 1007 1931 la-
1049 1902 1078 1928 et
1092 1898 1158 1929 fons
1174 1900 1343 1941 criminum,
1361 1906 1389 1932 et
1418 1907 1528 1934 natura:
1556 1898 1645 1944 lapsae
1659 1915 1692 1935 ac
1701 1898 1868 1937 debilitatae

184 1948 345 1979 mentabile
359 1951 416 1985 est,
435 1957 486 1978 eos
500 1947 577 1988 apud
593 1951 649 1988 tam
676 1946 849 1986 placabilem
867 1947 960 1977 Deum
975 1955 1007 1976 se
1049 1953 1136 1974 causa
1159 1944 1222 1975 fuit.
1253 1945 1321 1976 Solo
1351 1956 1476 1987 namque
1501 1948 1562 1979 Deo
1589 1949 1666 1979 vires
1687 1950 1865 1988 sufﬁciente,

183 1992 215 2023 in
230 1992 322 2032 gratia
337 2001 396 2022 non
410 1984 609 2032 reposuisse,’
624 1984 720 2031 neque
735 1990 897 2020 secundum
913 1991 1005 2020 ratio-
1049 1987 1135 2018 etiam
1151 1988 1215 2028 ipsa
1228 1990 1362 2021 voluntas
1378 1984 1476 2023 nostra
1499 1993 1540 2029 ad
1562 1994 1626 2033 ejus
1639 1994 1814 2026 voluntatem
1830 1984 1867 2026 ab

183 2036 518 2076 nemvidelicet,neque
526 2034 1005 2075 congruenterreconciliationem
1049 2033 1130 2062 omni
1144 2035 1317 2073 arrogantia:
1332 2037 1446 2067 macula
1462 2042 1610 2077 purgatur.

183 2085 332 2121 operatos.
350 2083 555 2121 Congruenter
569 2081 647 2118 dico,
665 2079 733 2120 quia
750 2079 774 2110 si
793 2079 855 2124 jam
871 2078 1006 2124 reconci-
1089 2077 1198 2108 Verum
1215 2079 1291 2110 dicat
1301 2081 1421 2112 fortasse
1431 2082 1548 2123 aliquis,
1562 2084 1630 2123 quid
1644 2094 1730 2124 porro
1741 2085 1866 2117 salutem

183 2125 375 2175 liatusadhuc
386 2125 492 2156 iisdem
506 2134 558 2165 pro
570 2124 812 2174 reconciliatione
823 2123 1008 2175 impetranda
1020 2150 1040 2175 υ
1050 2124 1241 2175 consequenti
1256 2126 1406 2165 proprium
1436 2127 1614 2166 relinquitur
1628 2123 1649 2158 ‘2'
1666 2128 1697 2160 Si
1713 2130 1791 2160 enim
1806 2131 1869 2170 ipsa

183 2169 301 2201 deditus
312 2170 361 2206 sit,
374 2171 468 2201 Deum
481 2179 498 2200 a
517 2179 549 2200 se
569 2168 694 2200 avertit:
712 2167 963 2213 quemadmodum
981 2167 1039 2197 et"
1051 2177 1168 2213 quoque
1183 2169 1314 2200 voluntas
1329 2171 1393 2210 ejus
1416 2171 1589 2203 sublimiore
1618 2174 1743 2213 quadarn
1761 2167 1867 2206 \irliite

183 2219 252 2246 ante
261 2214 549 2260 reconciliationem,
564 2213 589 2244 si
601 2211 1009 2260 progratiarumactioneista
1050 2212 1338 2260 indiget,_quoinodo
1355 2216 1455 2246 volens
1471 2217 1598 2247 salvatur
1610 2211 1700 2249 ‘l'Hoc
1731 2223 1773 2249 est
1789 2221 1867 2260 quod

184 2263 313 2299 prmstet.
327 2258 445 2290 Etenim
461 2259 561 2296 homo,
579 2263 610 2288 ut
630 2257 833 2297 intelligentiae
852 2266 890 2303 ac
901 2256 1010 2303 mentis
1050 2257 1145 2303 solum
1162 2258 1188 2287 ei
1205 2258 1393 2299 relinquitur,
1411 2265 1441 2291 ut
1458 2261 1557 2292 audiat
1570 2263 1606 2292 de
1616 2263 1721 2303 salute,
1739 2256 1867 2303 ejusde-

184 2303 335 2344 particeps
359 2303 468 2334 animal
496 2303 665 2334 facultatem
693 2300 892 2348 cognoscendi
908 2300 1007 2348 habet,
1051 2301 1161 2331 siderio
1177 2303 1290 2341 ﬂagret,
1308 2308 1336 2334 et
1352 2305 1429 2334 norit
1445 2314 1523 2341 eum,
1555 2307 1604 2346 qui
1622 2300 1734 2338 salvare
1750 2300 1842 2348 possit
1858 2318 1865 2340 :

184 2348 344 2388 omniaque
361 2357 428 2379 cum
447 2347 561 2379 ratione
577 2353 607 2378 et
635 2346 802 2386 cognitione
817 2345 859 2375 illi
873 2345 1010 2391 facienda
1051 2351 1156 2377 caetera
1171 2352 1201 2377 ut
1213 2347 1270 2378 sibi
1285 2348 1433 2380 donentur
1442 2350 1478 2380 ab
1497 2360 1532 2381 eo
1547 2345 1596 2391 qui
1612 2352 1734 2389 salvare,
1750 2345 1781 2383 et
1795 2362 1868 2384 con-

183 2396 253 2424 sunt
265 2402 272 2424 :
284 2392 315 2423 id
324 2393 403 2433 quod
415 2402 485 2432 erga
494 2392 632 2423 homines
643 2392 716 2422 alios
730 2391 828 2436 facere
843 2389 1004 2436 conSuevit.
1049 2400 1178 2428 servare,
1197 2396 1224 2422 et
1240 2393 1398 2425 restituere
1413 2404 1443 2424 in
1468 2389 1621 2434 pristinum
1639 2401 1745 2426 statum
1763 2402 1867 2436 potest,

183 2436 241 2474 Qui
256 2437 336 2482 enim
347 2446 447 2477 regem
461 2446 514 2477 pro
525 2437 636 2468 oll‘ensa
645 2436 701 2482 sibi
718 2434 1003 2482 prop:tiar_e_studet,
1047 2444 1081 2482 ex
1098 2437 1156 2482 imo
1175 2441 1304 2482 pectore,
1326 2439 1407 2468 omni
1437 2438 1619 2471 dubitatione
1648 2434 1868 2482 reinotaroget,

184 2491 245 2513 non
257 2481 338 2522 prius
349 2481 458 2520 gratias
467 2481 536 2521 agit,
549 2491 637 2522 quam
652 2481 682 2511 in
699 2481 763 2520 ejus
777 2479 938 2525 amicitiam
953 2489 1001 2525 re-
1050 2479 1138 2510 ducto
1148 2481 1233 2511 initio
1243 2481 1279 2511 ab
1289 2482 1462 2522 accipienda
1478 2484 1625 2514 voluntate
1639 2494 1695 2524 qua
1710 2485 1788 2522 velit,
1806 2479 1870 2525 τιυὼ

183 2526 304 2558 stitutus
318 2525 375 2557 sit:
393 2526 445 2557 sed
462 2525 603 2563 "conatur,
633 2532 665 2556 ut
695 2525 776 2566 prius
791 2524 937 2564 placatum
954 2524 1008 2554 ha-
1050 2525 1116 2562 Dei,
1135 2530 1163 2555 et
1178 2525 1280 2556 salutis
1295 2531 1374 2564 sunt,
1394 2536 1486 2567 usque
1511 2528 1581 2558 dum
1599 2538 1663 2559 eam
1679 2524 1868 2569 adipiscatur,

184 2571 264 2609 beat,
281 2579 316 2602 ac
332 2574 393 2602 tum
410 2571 531 2602 demum
548 2570 707 2610 gratiarum
736 2569 1006 2614 actioneifungitur.
1052 2573 1080 2600 et
1095 2569 1276 2600 desiderium
1307 2572 1508 2611 conquiescat.
1535 2573 1663 2603 Primum
1694 2574 1803 2614 quippe
1818 2573 1870 2605 Dei

182 2615 303 2656 Alioqui
318 2617 363 2644 τὸν
378 2615 486 2655 λογικὸν
500 2615 623 2654 (mentis
650 2614 829 2654 compotem)
847 2613 901 2644 Dei
916 2613 1010 2644 Patris
1050 2624 1157 2645 munus
1168 2619 1222 2651 est,
1237 2616 1364 2655 aliquem
1377 2617 1414 2647 de
1426 2617 1520 2647 salute
1530 2617 1618 2648 verba
1627 2613 1782 2649 facientem
1795 2627 1869 2658 pan-

183 2660 262 2700 λόγος
278 2661 385 2702 (mens)
403 2664 431 2691 et
445 2660 551 2698 Filius,
583 2664 612 2691 et
638 2659 719 2690 solus
748 2657 881 2690 Salvator
894 2658 1008 2689 salvare
1050 2659 1121 2690 cisci
1136 2671 1144 2694 ;
1160 2669 1311 2699 praecones
1326 2661 1404 2691 enim
1421 2661 1624 2700 ignorantibus
1649 2657 1825 2694 mittuntur:
1843 2666 1870 2693 et

184 2705 287 2746 ἀλόγως
302 2705 384 2746 (sine
400 2709 500 2736 mente
515 2714 569 2736 seu
594 2703 717 2745 temere)
740 2713 800 2734 non
816 2702 887 2733 vult.
903 2703 962 2734 Sed
978 2708 1009 2734 ut
1049 2705 1106 2735 hoc
1120 2703 1230 2734 donum
1247 2705 1334 2745 plane
1351 2705 1492 2737 mittentis
1515 2711 1572 2738 est.
1586 2707 1756 2738 Secundum
1771 2711 1868 2738 autem

224 2803 256 2829 δι
267 2801 354 2834 Joan.
371 2811 415 2842 ut,
430 2805 462 2836 6.
504 2803 537 2830 55
549 2801 608 2836 Isa.
624 2810 707 2841 mu,
723 2802 773 2834 11.
815 2802 847 2829 56
861 2803 950 2835 Rom.
967 2811 1003 2835 νυ

1057 2802 1086 2836 8.
1128 2803 1160 2829 57
1174 2802 1260 2836 Rom.
1276 2811 1337 2842 vm,
1355 2803 1386 2835 2.
