1983 3072
57 193 124 226 377

791 196 933 229 ORATIO
954 195 1038 230 XIII.

1699 198 1758 231 378

59 269 180 291 munus
204 261 281 301 quod
312 261 448 293 humana:
473 266 585 294 natura;
601 267 688 294 antea
703 263 822 294 insitum
839 267 895 300 est,
907 269 926 292 Λ
938 263 1012 294 Tum
1028 262 1079 294 ille
1102 262 1244 303 qmesivit,
1262 262 1331 303 quid
1347 267 1426 294 esset
1448 262 1567 294 veritas.
1594 262 1652 294 Sed
1670 263 1759 293 tacuit

60 314 159 335 aures
175 305 262 335 dictis
277 306 477 337 commodare.
497 307 564 337 ldeo
581 308 658 338 enitn
667 308 758 338 etillis
774 308 823 348 qui
839 318 897 338 non

58 349 206 386 audiunt,
227 350 275 380 his
305 350 404 381 verbis
431 351 539 382 Christi
567 351 741 391 gnavissime
758 352 896 383 tninatur.

59 394 101 424 Si
108 403 175 424 non
185 395 579 434 recept-rint,necaudt'eriu/
587 405 645 427 vos.
652 397 899 428 tolernliiliuserit

60 441 164 468 terra:
172 438 372 469 Sodomorum
381 444 407 470 (ιι
419 441 680 472 (ἱονηογνΙιαόιίηη
688 442 719 472 in
726 441 744 471 (Ι
749 442 775 472 ie
775 453 788 480 )
794 441 896 482 udicii,

62 492 166 522 quam
180 483 242 513 illis
314 483 443 514 Tertium
454 484 506 515 Dei
519 485 627 515 donum
640 485 739 516 lumen
751 485 897 525 quoddam

62 531 126 561 est,
146 527 226 567 quod
245 527 396 559 intellectu
411 529 599 568 [‘PPSpll‘llltt‘.
619 531 756 569 quodque
772 530 898 560 maxime

61 580 180 602 recens
195 581 249 612 per
274 571 450 611 baptismum
478 573 650 603 illutniuaiis
679 573 827 604 tribuitur.
844 574 899 609 ()ui

61 625 201 656 namque
213 616 250 646 de
262 617 355 647 salute
366 617 487 652 audivit,
514 627 605 657 seque
621 618 738 648 docenti
756 622 898 648 attentum

63 660 215 701 praebuit,
229 661 321 700 ipsam
336 661 455 700 qutdt‘m
470 661 899 701 desideravit,elegantiamau-

64 708 129 734 tem
149 710 179 736 et
197 706 446 745 pulchritudinem
474 706 538 743 eius
564 707 694 736 nondmu
725 706 852 746 aspexit,
871 711 899 736 et

65 749 174 780 divino
191 750 304 782 lumine
316 752 436 791 mystice
453 752 757 792 opusludwt,qi.odei
770 752 899 790 desuper

64 794 240 830 obumbret,
255 795 315 825 Iloc
329 795 436 825 anima,-
448 796 550 826 ot'ulos
564 796 746 837 illumiuaus,
759 796 817 825 duo
835 797 896 826 haec

64 840 212 875 o<lendit,
227 840 479 879 pulchritudinem
494 846 520 870 et
531 841 688 871 fmditaiem
705 851 711 872 :
729 840 895 880 pulchritu-

65 882 173 913 dinem
191 884 312 923 quidem
342 885 458 922 salutis,
490 885 650 916 t'trditatem
682 895 749 916 vero
767 885 831 925 ejus
846 885 896 924 qui

65 926 211 958 salvatnr.

110 970 188 1006 Quid
206 972 335 1012 amplius
350 973 364 1002 ‘3
390 977 543 1013 postquam
574 973 753 1004 desiderium
773 974 895 1013 primam

67 1015 180 1045 anima}
195 1017 355 1047 motionem
364 1026 529 1053 assumens,
541 1018 719 1047 voluntalem
733 1018 828 1047 adlmc
838 1017 896 1046 im-

67 1059 222 1099 becillem,
240 1065 269 1091 et
283 1061 497 1091 cunctatioretn
517 1066 545 1092 et
560 1062 753 1101 impotentem
770 1062 806 1091 ad
821 1061 896 1091 salu-

68 1108 130 1134 tem
149 1104 299 1141 habuerit,
316 1106 503 1145 senseritque
519 1106 617 1137 anima
629 1106 786 1137 voluntatis
804 1105 895 1136 mise-

67 1150 159 1185 riam,
173 1158 206 1178 ex
218 1150 276 1179 alto
287 1150 424 1181 virtutem
442 1151 564 1190 ﬂagitat,
591 1156 622 1181 ut
636 1151 768 1181 voluntas
785 1150 894 1180 contir-

68 1197 180 1229 metur,
198 1198 226 1223 et
242 1198 300 1224 tota
327 1195 451 1225 salutem
481 1196 591 1236 cupiat.
622 1198 692 1227 Post
709 1196 771 1226 haec
793 1195 897 1234 incipit

68 1237 178 1277 oratio,
194 1237 343 1269 laboriosa
357 1240 392 1269 ad
411 1242 661 1279 cognoscendum,
677 1245 731 1270 eta
742 1239 896 1279 spiritibus

68 1281 260 1316 adversariis,
274 1289 305 1314 ut
317 1285 430 1314 arundo
441 1285 559 1322 agitata.
572 1285 639 1315 lla‘c
650 1286 822 1315 contirinala
835 1285 895 1314 haec

68 1326 206 1356 voluntas
221 1327 376 1368 laborabit,
393 1333 422 1359 et
438 1330 556 1360 sudabit
571 1330 707 1365 multum,
727 1335 831 1368 petens
847 1329 894 1358 (Η-

68 1369 171 1400 vinum
188 1371 292 1401 orandi
307 1371 416 1402 donum
433 1373 548 1404 cozlitus
563 1374 709 1413 accipere,
735 1379 766 1404 ut
781 1374 809 1403 in
827 1372 895 1412 Spi—

71 1413 131 1444 ritu
150 1419 251 1445 sancto
261 1417 310 1446 tiat
321 1417 426 1453 oratio,
442 1418 539 1448 Jesum
553 1419 630 1448 enim
644 1428 702 1448 non
718 1422 813 1458 potest
827 1417 894 1447 ani-

938 307 1178 347 Dominus,quod
1193 307 1284 337 sciret
1299 307 1419 337 Pilatum
1436 307 1491 337 hoc
1507 307 1675 347 mysterium
1687 307 1758 337 abs-

939 352 1089 383 conditum
1106 361 1164 382 non
1195 361 1281 391 posse
1307 361 1424 392 capere.
1455 352 1527 382 Nam
1553 361 1619 382 eum
1635 361 1759 391 regnare

939 405 1030 436 super
1051 406 1168 426 onmem
1186 395 1337 426 hominem
1363 400 1490 436 oportet,
1520 396 1657 436 quoniam
1674 397 1760 427 aliter

940 441 1129 470 characteres
1140 440 1298 470 rationales
1311 440 1564 470 huinnnzeuaturaz
1571 440 1647 480 apud
1656 450 1759 470 unum-

940 494 1087 525 quemque
1098 484 1290 524 resplendere
1300 493 1482 524 nequaquam
1494 489 1633 524 possunt:
1649 489 1677 515 et
1688 484 1760 516 irra-

941 529 1279 568 tionabilitalemprtelcr
1295 532 1426 558 naturam
1442 538 1476 559 ex
1493 535 1612 568 peccato
1628 529 1657 559 in
1668 538 1761 568 genus

940 574 1101 604 humanum
1113 573 1288 610 ingressam,
1300 576 1386 612 atque
1395 573 1432 602 ita
1444 573 1599 607 ﬁrmatam,
1609 578 1637 603 ut
1650 583 1760 604 secun-

939 627 1008 648 dum
1020 622 1153 647 naturam
1166 616 1362 656 existimetur,
1372 616 1525 647 obscurari
1538 627 1571 647 ac
1582 617 1685 647 deleri.
1697 617 1760 648 Non

939 662 1018 691 enim
1033 671 1200 700 possumus,
1223 670 1281 690 non
1305 661 1434 700 inquam,
1457 661 1658 700 possumusab
1671 662 1762 700 θὶιιγέει

939 706 1071 740 liberari,
1090 705 1145 735 nisi
1162 706 1308 742 tlhrislus,
1327 705 1377 745 qui
1393 709 1437 736 est
1463 707 1508 743 κάχ’
1526 715 1762 745 :,supernosre-

939 751 1082 789 gnoverit.
1095 751 1190 789 Atque
1203 750 1263 780 luet,
1275 754 1318 779 est
1330 750 1378 780 illa
1391 750 1509 785 veritas,
1522 750 1568 780 (ui
1586 755 1615 780 nt
1632 750 1763 780 testimo-

940 795 1020 824 nium
1036 794 1217 834 perhiberet,
1245 794 1380 824 Christus
1405 793 1494 825 venit.
1527 794 1589 825 Nisi
1604 804 1681 825 ennu
1700 794 1762 834 ipse

938 848 988 868 rex
1006 844 1107 868 noster
1122 838 1222 875 fuerit,
1241 848 1391 878 nunquam
1409 839 1487 878 quod
1504 839 1641 878 placitum
1655 842 1697 869 est
1709 849 1762 869 co-

908 912 926 935 ”
939 892 999 913 ram
1015 893 1061 922 eo,
1079 887 1216 922 prir‘slare
1231 883 1413 922 poterimus:
1433 883 1483 912 sed
1501 882 1536 913 ab
1557 883 1718 923 impostere
1734 887 1763 914 et

938 927 1060 957 inimico
1077 927 1196 958 humani
1214 927 1331 965 generis
1348 936 1496 966 rogemur,
1512 937 1569 957 non
1586 928 1760 959 sentiemus.

937 971 995 1002 Ubi
1011 972 1088 1002 enim
1106 977 1209 1010 regnat
1231 971 1321 1008 Deus,
1347 981 1405 1001 non
1436 971 1476 1001 ibi
1494 971 1610 1002 diabolo
1624 974 1760 1010 servitur,

938 1016 988 1046 sed
1007 1016 1204 1046 ministerium
1221 1026 1310 1046 omne
1324 1016 1353 1046 in
1367 1015 1459 1046 Deum
1476 1017 1635 1048 confertur.

978 1060 1169 1100 Etenimquis
1184 1061 1297 1100 ignorat
1309 1060 1401 1090 Deum
1418 1070 1484 1091 esse
1493 1061 1676 1091 conditorem
1693 1062 1760 1092 (ξαιιὶ

937 1114 971 1135 ac
987 1110 1085 1141 terrae,
1104 1110 1131 1135 et
1146 1105 1242 1135 omnis
1258 1109 1411 1141 creaturzc,
1429 1109 1486 1135 tam
1503 1115 1568 1145 quae
1585 1106 1761 1144 cogitatione

940 1149 1109 1189 percipitur,
1131 1159 1217 1189 quium
1243 1158 1307 1189 qua:
1333 1149 1387 1179 sub
1406 1153 1555 1188 aspectum
1573 1150 1731 1189 subjicitur
1747 1150 1762 1180 ?

936 1193 1007 1223 Esse
1023 1194 1109 1224 etiam
1126 1203 1224 1233 regem
1241 1203 1357 1229 eorum,
1373 1204 1438 1234 quae
1455 1203 1488 1224 ex
1507 1194 1599 1224 nihilo
1613 1199 1645 1225 ut
1660 1200 1759 1226 exsta-

937 1243 1015 1277 rent,
1029 1239 1170 1278 producta
1183 1243 1260 1269 sunt.
1275 1238 1381 1269 crealis
1395 1238 1481 1268 simul
1494 1238 1530 1268 ab
1546 1248 1580 1268 eo
1597 1239 1734 1270 omnibus
1745 1239 1760 1270 ἱ)

938 1283 1015 1313 Deus
1031 1282 1109 1312 enim
1123 1284 1209 1313 Pater
1224 1282 1314 1313 Verbi
1328 1282 1372 1312 sui
1388 1292 1421 1313 ac
1438 1282 1514 1319 Filii,
1529 1283 1582 1313 Dei
1594 1293 1627 1313 ac
1645 1284 1762 1314 Domini

938 1327 1031 1356 nostri
1045 1326 1115 1356 Jesu
1131 1326 1250 1363 Christi,
1269 1337 1321 1365 per
1345 1336 1432 1366 quem
1461 1328 1530 1357 fecit.
1544 1327 1655 1361 omnia.
1673 1328 1762 1358 etiam

939 1371 968 1400 in
986 1370 1094 1410 Spiritu
1112 1376 1212 1400 sancto
1240 1380 1292 1400 suo
1323 1375 1425 1410 regnat
1455 1380 1544 1411 super
1567 1372 1676 1401 omnia.
1694 1371 1763 1403 Hzec

937 1415 1029 1454 igitur
1044 1425 1101 1445 una
1118 1415 1226 1450 Deitas,
1245 1416 1340 1452 Pater,
1372 1415 1474 1450 Filius.
1501 1420 1529 1446 et
1545 1415 1673 1456 Spiritus
1689 1427 1760 1447 san-

72 1468 120 1508 ma
135 1459 293 1490 Dominum
324 1470 422 1498 suum,
453 1463 507 1492 hoc
537 1467 592 1498 est,
623 1462 678 1492 sibi
696 1463 890 1502 imperantem
935 1459 1765 1508 ctus,qureintribussubsistentii<,comt.erna,principii

71 1502 107 1532 dii
121 1513 183 1543 ere,
194 1506 402 1545 autexplorate
414 1516 512 1543 nosse,
526 1507 582 1537 nisi
595 1506 623 1536 in
634 1506 894 1547 Spiritusanctoii9,
937 1514 1090 1544 coexpers,
1122 1504 1380 1535 consubstantialis
1409 1505 1484 1543 regit
1511 1505 1628 1542 coelum,
1646 1506 1753 1546 solem,

70 1553 103 1579 ut
113 1549 176 1589 ipse
188 1549 316 1589 Spiritus
329 1555 447 1580 sanctus
462 1561 528 1581 cum
542 1551 718 1587 habitaverit
741 1552 770 1581 in
785 1551 894 1584 anima,
907 1576 926 1599 Ο
939 1549 1050 1585 lunam,
1063 1549 1173 1587 stellas,
1187 1558 1298 1588 aerem,
1312 1553 1432 1588 terram,
1452 1559 1541 1583 mare.
1552 1556 1577 1579 et
1589 1550 1764 1590 omniaquae

71 1593 270 1633 Postulo/pro
280 1594 526 1631 nobisgcmitibus
543 1595 813 1632 ineunrrubilibus,
831 1596 896 1625 r/u-
908 1593 926 1599 υ
939 1594 968 1624 in
985 1593 1028 1623 eis
1045 1597 1125 1629 sunt,
1142 1600 1170 1623 et
1185 1593 1315 1631 angelos,
1335 1598 1363 1623 et
1379 1594 1516 1623 homines
1540 1594 1631 1624 velint
1656 1595 1762 1632 nolint,

71 1639 587 1679 mansAbbaPateNQquoilliusvox
596 1640 899 1679 gloriﬁcatormnpro-
939 1638 1008 1678 quia
1023 1637 1166 1668 Dominus
1188 1647 1262 1667 unus
1279 1637 1372 1668 (25163.
1400 1637 1544 1674 Quoniam
1561 1643 1658 1668 autem
1676 1640 1765 1678 regia)

74 1686 138 1726 pria
150 1686 208 1723 ﬁat,
227 1692 253 1716 et
268 1690 491 1725 perorationem
504 1686 676 1725 gra'iosam,
688 1691 897 1726 arreptamque

943 1682 1092 1722 potestatis
1110 1682 1274 1721 proprietas
1299 1686 1344 1711 est
1372 1682 1530 1722 providere
1559 1683 1708 1722 omnibus,
1734 1684 1763 1714 in

76 1731 175 1760 anima
187 1730 300 1760 fructus
311 1730 433 1769 spiritus
444 1731 604 1770 germinet,
617 1731 803 1770 charitatt-m,
823 1739 896 1769 gau—

75 1774 168 1812 dium,
183 1784 296 1814 pacem,
307 1774 571 1813 longanimitatem,
583 1776 806 1814 benignitatem,
818 1774 885 1803 boni

76 1824 175 1855 tatem,
204 1819 306 1855 (idem,
331 1820 601 1855 mansuetudinem,
631 1819 896 1849 continentiam“.

75 1864 129 1895 Hic
144 1864 216 1894 ordo
232 1873 334 1894 eorum
354 1867 408 1893 est.
425 1863 474 1904 qui
491 1864 651 1894 salvantur.
671 1864 721 1894 Sin
741 1864 849 1899 minus,
868 1863 897 1893 in

77 1908 236 1945 montibus,
250 1912 279 1938 et
297 1907 517 1942 Solitudinibus,
535 1913 564 1938 et
579 1910 652 1939 locis
669 1919 740 1948 quos
757 1908 899 1939 Dominus

78 1963 134 1984 non
150 1954 258 1992 visitat,
276 1953 438 1992 oberrabit,
457 1953 506 1982 hui
524 1954 602 1983 hunc
618 1954 755 1983 ordinem
776 1963 832 1982 non
849 1964 897 1983 se-

78 1998 184 2038 quitur.
202 1997 274 2027 Nam
292 1997 404 2027 nullutn
421 2006 540 2027 servare
566 1998 712 2030 ordinem.
731 1994 856 2027 licentiae
872 2001 900 2027 et

78 2042 269 2072 contumacia;
281 2041 422 2071 iudicium
436 2042 590 2080 est.Cujus
602 2047 699 2072 autem
718 2042 834 2072 initium
852 2041 897 2071 lu-

79 2086 204 2121 bricum,
217 2086 303 2116 etiam
318 2085 514 2125 ﬁnisinutilis,
531 2086 749 2126 laborandoque
760 2085 897 2124 fatigabi-

80 2135 136 2168 tur,
163 2135 191 2160 et
206 2130 304 2160 studio
334 2129 412 2160 inani
443 2130 592 2165 lassescet,
624 2130 674 2169 qui
703 2130 787 2160 saluti
805 2133 896 2160 vocat.

80 2176 183 2206 Ferme
198 2174 276 2204 enim
293 2174 372 2204 salus
388 2175 485 2204 omnis
501 2174 530 2204 in
558 2174 672 2205 Christo
687 2173 756 2204 Jesu
773 2174 898 2204 Domino

82 2224 177 2250 nostro
191 2223 283 2259 posnta
302 2224 356 2250 est.
374 2218 485 2249 Idcirco
502 2222 529 2249 et
552 2228 615 2255 rex,
636 2224 662 2249 et
688 2218 829 2248 Dominus
843 2229 896 2258 ap-

81 2264 213 2304 pellatur,
225 2263 362 2303 quoniam
376 2273 465 2302 super
474 2264 604 2302 singulos
613 2264 640 2293 in
653 2273 720 2294 eum
729 2263 896 2300 credentes,

82 2318 132 2349 ριιι·
141 2308 280 2347 Spiritum
297 2312 430 2338 sanctum
445 2313 555 2346 regnat.
575 2313 602 2338 et
618 2312 649 2338 ut
664 2318 726 2347 rex,
747 2317 779 2338 ac
798 2307 898 2339 Domi—

83 2363 135 2384 nus
150 2362 269 2383 suorum
291 2353 432 2387 fidelium,
451 2352 514 2389 ipse
531 2362 583 2392 per
598 2362 648 2383 eos
665 2353 741 2392 quod
761 2353 896 2392 placitum

83 2407 178 2428 coram
191 2406 222 2427 se
234 2402 288 2433 est,
302 2401 451 2434 operatur.
467 2396 509 2427 Fit
525 2397 603 2427 enim
618 2398 665 2433 iis,
679 2397 708 2427 in
725 2397 832 2437 quibus
848 2406 898 2426 re-

83 2446 158 2482 gnat,
176 2442 228 2472 vim
243 2442 312 2477 dux,
331 2441 521 2481 gubernator,
549 2442 700 2481 magister,
714 2450 898 2476 mconomus,

85 2496 198 2527 praeses,
216 2486 384 2526 opitulator,
402 2486 438 2516 ab
469 2485 551 2516 omni
581 2491 699 2525 peccato
715 2486 898 2522 redemptor.

84 2532 174 2572 Atque
189 2533 267 2562 enim
286 2531 310 2561 si
326 2531 445 2570 quidam
462 2530 536 2561 citra
561 2531 709 2561 Christum
725 2531 793 2561 boni
816 2529 900 2570 quis-

85 2577 157 2618 piam
172 2584 261 2614 agere
276 2575 443 2611 videantur,
461 2574 648 2605 mendacium
666 2579 742 2604 sunt.
758 2576 841 2605 Tunc
852 2582 901 2604 au-

86 2626 141 2652 tem
152 2620 257 2651 veritas
267 2619 349 2650 ﬁunt.
364 2629 429 2649 cum
447 2618 581 2649 Christus
593 2628 682 2660 super
698 2622 776 2659 ipsos
791 2627 898 2657 regna-

87 2666 164 2703 verit,
189 2665 236 2695 cui
265 2663 385 2694 dicebat
409 2663 538 2695 Pilatus:
569 2664 654 2701 Ergo
681 2673 736 2694 rem
751 2668 778 2694 et
795 2667 828 2694 tu
845 2663 858 2693 ?
873 2665 901 2692 et

87 2710 236 2751 respondit
248 2710 274 2740 ei
285 2717 292 2740 :
302 2709 369 2748 Ego
380 2709 411 2739 in
422 2708 475 2739 hoc
488 2712 578 2740 natus
585 2718 663 2749 sum,
675 2712 700 2740 et
709 2709 749 2739 ad
762 2710 816 2739 hoc
832 2708 902 2739 veni

87 2760 116 2787 in
125 2756 282 2792 mundum,
294 2757 326 2785 ut
337 2755 542 2784 testimonium
552 2753 724 2793 perhibemr:
735 2754 854 2785 veritati
860 2752 901 2783 62.

123 2859 360 2895 58Matth.x,15.
393 2857 629 2897 59100r.xn,3.
662 2857 857 2897 60Rom.vm,
870 2858 920 2889 26.

87 2901 117 2928 θ*
125 2900 222 2935 Matth.
237 2907 279 2941 v1,
294 2899 345 2933 33.

939 1736 1013 1766 quos
1024 1735 1147 1765 regnum
1165 1731 1219 1765 est,
1238 1726 1324 1756 etiam
1343 1726 1420 1756 Deus
1436 1727 1518 1757 hisce
1537 1727 1675 1757 omnibus
1691 1737 1762 1767 pro-

939 1771 1099 1801 videntiam
1113 1776 1140 1801 et
1154 1781 1252 1800 Iuiam
1266 1779 1348 1801 suam
1364 1770 1496 1800 declarat
1520 1771 1577 1801 Sed
1592 1771 1764 1811 quiaomnis

941 1816 1058 1846 condita
1075 1821 1188 1849 natura,
1208 1819 1312 1855 prteler
1337 1815 1450 1844 ratione
1480 1815 1627 1854 prmditas,
1645 1815 1763 1854 angelos

941 1860 1080 1890 nimirum
1097 1865 1183 1899 atque
1199 1860 1335 1890 homines
1359 1859 1557 1896 cognitionem
1582 1869 1615 1890 ac
1633 1860 1762 1890 notitiam

941 1915 1047 1944 capere
1065 1905 1176 1944 nequit,
1193 1905 1248 1934 hoe
1266 1904 1329 1942 ipso
1353 1904 1430 1944 quod
1456 1904 1571 1933 ratione
1588 1909 1679 1939 caret,
1696 1904 1764 1934 ideo

943 1950 1020 1983 Deus
1035 1959 1151 1989 quoque
1173 1953 1202 1978 ut
1219 1948 1377 1987 ignoranti,
1394 1948 1522 1987 simplici
1539 1948 1583 1978 via
1606 1948 1738 1987 providet
1756 1959 1762 1980 :

941 2004 1008 2024 cum
1023 1994 1192 2033 angelorum
1204 1993 1428 2031 hominumque,
1440 2002 1566 2031 quorum
1575 1998 1616 2022 est
1627 1992 1763 2031 cognitio,

941 2042 1041 2069 curam
1056 2043 1137 2077 gerat
1151 2037 1309 2067 assiduam.
1325 2036 1391 2066 Vult
1403 2041 1500 2066 autem
1514 2039 1579 2072 hos,
1598 2041 1630 2067 ut
1645 2041 1765 2067 naturas

941 2082 1134 2121 intelligentia
1150 2085 1267 2111 ornatas
1283 2090 1370 2110 nosse
1394 2080 1542 2119 opiﬁcem,
1561 2080 1760 2119 provisorem,

941 2135 966 2158 et
979 2127 1158 2158 Salxatorem
1169 2126 1272 2156 Deum.
1282 2125 1321 2155 Ea
1334 2124 1604 2164 proptersiquidem
1615 2124 1765 2164 procreati

941 2180 1020 2207 sunt,
1037 2177 1067 2202 ut
1085 2177 1221 2211 Linquatu
1240 2174 1350 2200 uaturm
1361 2168 1489 2205 consilii,
1508 2169 1674 2208 mentisque
1694 2178 1763 2207 par-

941 2217 1056 2254 ticipes,
1086 2220 1114 2246 et
1145 2216 1345 2253 ingeneratum
1377 2213 1574 2250 cognitionem
1611 2213 1764 2251 habentes,

940 2261 1122 2292 conditorem
1142 2264 1282 2300 perpetuo
1308 2257 1506 2293 celebrarent,
1533 2258 1619 2297 eique
1638 2261 1696 2287 tum
1713 2266 1766 2296 pro

940 2307 1058 2346 seipsis,
1077 2309 1135 2335 tum
1155 2314 1206 2345 pro
1223 2303 1369 2334 universis
1398 2302 1506 2341 gratias
1532 2305 1664 2341 agerent.
1683 2301 1767 2332 Unde

940 2359 1105 2390 quanquam
1119 2351 1195 2380 Deus
1207 2358 1256 2378 rex
1273 2352 1316 2378 est
1328 2347 1473 2385 omnium,
1496 2352 1592 2376 tamen
1610 2346 1764 2376 hominum

942 2396 1089 2428 duntaxat,
1107 2399 1135 2424 et
1151 2394 1321 2430 angelorum
1350 2391 1508 2421 volentium
1526 2400 1575 2420 rex
1594 2400 1660 2419 es~e
1675 2390 1735 2419 vult
1754 2399 1761 2421 :

942 2440 1105 2470 nolentiqu
1124 2447 1320 2478 nequaquam,
1348 2441 1380 2465 ut
1404 2445 1440 2465 ne
1463 2435 1578 2465 arbitrii
1596 2434 1762 2464 libertatem

942 2484 1000 2514 illis
1017 2484 1106 2514 tollat.
1126 2483 1179 2519 Qui
1196 2482 1274 2512 enim
1301 2480 1415 2511 ratione
1441 2484 1527 2509 utens
1555 2483 1658 2508 natura
1676 2479 1724 2518 sit,
1742 2479 1767 2508 si

942 2529 1091 2559 voluntate
1107 2526 1227 2558 careat?
1238 2525 1382 2561 Quocirca
1393 2523 1480 2554 etiam
1506 2523 1648 2554 Dominus
1666 2527 1768 2553 noster

942 2575 1027 2606 .lesus
1036 2573 1167 2604 Christus
1180 2575 1310 2602 nostrum
1323 2569 1428 2599 similis
1441 2569 1527 2599 homo
1549 2572 1646 2604 natus,
1662 2572 1689 2597 et
1702 2577 1766 2597 ma-

941 2618 1043 2657 gister,
1063 2617 1140 2657 quod
1158 2616 1275 2651 latebat,
1301 2619 1329 2645 et
1354 2613 1556 2653 ignorabatur,
1578 2611 1767 2657 consortibus

944 2655 1117 2702 generis—ac
1140 2660 1278 2691 fratribus
1294 2660 1408 2694 suadet,
1426 2658 1495 2687 dum
1512 2656 1552 2687 ita
1567 2656 1653 2686 docet
1668 2665 1703 2702 ac
1717 2655 1765 2685 di-

944 2700 1002 2738 cit:
1020 2707 1154 2745 Quwrite
1172 2714 1296 2746 regnum
1315 2704 1382 2740 Dei,
1399 2702 1593 2742 etjustt'tium
1603 2700 1717 2739 cfjttsm,
1734 2705 1767 2730 ut

944 2751 1110 2782 volentibus
1134 2750 1220 2781 nobis
1242 2749 1380 2789 imperet.
1412 2746 1505 2778 Simul
1535 2745 1614 2776 enim
1631 2749 1765 2776 naturam

957 2856 1087 2895 GtGalat.
1097 2864 1127 2894 v,
1137 2855 1188 2886 23.
1227 2853 1258 2879 62
1267 2852 1354 2885 Joan.
1363 2860 1446 2890 xvm,
1458 2850 1508 2884 3'7.
1541 2850 1668 2883 630cm.
1680 2858 1722 2887 vr,
1734 2849 1765 2884 4.
