1983 3072
211 139 270 173 379

869 139 1056 173 SYMEONIS
1073 141 1250 173 IUNIORIS

1840 140 1908 174 380

213 209 338 240 rationis
353 218 491 249 capacem
521 218 646 248 regnum
674 209 729 240 Dei
758 208 883 248 attingit,
902 213 931 239 et
946 209 1032 239 simul
1044 213 1065 237 Α
1075 210 1181 249 partim
1197 219 1278 250 vero,
1295 214 1327 241 ut
1342 219 1408 241 cum
1424 211 1616 243 libertatema
1631 211 1782 252 peccando
1797 212 1908 252 adepti

217 254 297 284 omni
312 263 375 283 eam
386 253 502 293 justitia
516 254 657 284 cumulat.
669 253 745 284 Hinc
754 258 783 284 et
793 253 925 292 quotidie
942 255 1034 284 Deum

213 298 251 328 ita
261 307 416 338 precamur
424 309 430 328 :
438 299 459 328 A
466 298 587 329 dveniat
594 307 721 338 regnum
731 301 825 333 tuum,
834 298 889 336 ﬁat
897 297 1035 329 voluntas

213 347 264 374 tua
275 342 315 373 θῦ.
333 342 395 373 Hoc
411 344 491 373 enim
508 343 577 382 vult,
595 347 624 374 et
635 343 672 373 ob
683 343 739 373 hoc
751 343 846 383 ipsum
857 352 966 382 corpus
978 343 1034 373 hu-

213 396 333 418 manum
350 387 457 424 induit,
485 391 514 417 et
542 387 618 417 istud
648 387 777 427 primum
806 387 928 424 editum,
947 387 1033 417 etiam

213 431 392 472 principium
403 432 553 471 Evangelii
567 432 632 462 fuit.
645 431 716 462 Nam
734 431 811 471 quod
825 431 933 462 dicitur
948 441 954 463 :
972 433 1034 471 Ap-

212 477 428 516 propinquavit
436 485 528 515 regnu
535 486 563 506 m
571 476 755 512 σωιονυηιθὸ,
767 477 822 506 hoc
829 476 949 507 est.Nisi
957 476 1035 507 enim

212 521 383 559 intelligens
400 521 498 552 anima
511 521 600 552 modo
615 521 794 559 intelligibili
813 530 932 552 sensum
955 521 1037 560 regni

214 566 267 597 Dei
283 566 443 606 acceperit,
461 567 540 605 quod
557 566 649 606 ipsam
681 566 785 606 tetigit,
802 575 870 606 spes
887 566 990 597 salutis
1007 566 1037 596 in

213 611 333 641 irritum
350 611 437 641 cadit.
455 611 593 642 Animam
607 621 695 651 porro
710 611 740 642 in
757 621 814 651 qua
829 611 906 641 Deus
922 615 1037 650 regnat,

213 655 365 694 regnantis
382 656 538 691 beneficia,
557 659 588 687 et.
615 655 789 687 efﬁcientias
806 665 894 686 nosse
910 660 1038 696 oportet.

216 701 275 732 Ubi
290 701 369 731 enim
384 710 436 731 rex
453 710 583 741 praesens
598 705 651 738 est,
676 701 717 731 ibi
734 701 802 731 item
819 701 906 740 regni
921 705 997 731 notze
1012 701 1041 731 et

215 745 327 776 indicia
343 746 428 786 plane
444 750 523 782 sunt,
541 747 674 786 aequitas,
692 746 902 785 mansuetudo,
918 745 1038 782 veritas,

216 789 378 826 humilitas,
397 799 460 830 qua;
490 789 570 820 illam
599 790 677 829 regis
703 790 902 821 humilitatem
918 790 1037 827 referat,

216 834 343 869 bonitas,
354 835 478 874 justitia,
494 839 522 865 et
533 835 612 865 omni
626 835 730 872 pietas.
753 834 877 874 Insuper
889 834 1038 874 patientia,

1079 254 1233 293 fuerimus,
1250 255 1356 294 gratias
1382 255 1534 286 liberatori
1563 257 1732 296 magniﬁcas
1761 266 1906 294 agamus,

1078 301 1213 339 tanquam
1232 309 1282 339 pro
1298 309 1330 330 re
1346 300 1468 340 ingenti,
1482 301 1612 331 etcuivis
1624 302 1743 331 omnino
1759 301 1907 340 impossi-

1077 342 1141 374 bili.
1160 344 1283 384 Propter
1297 345 1352 374 hoc
1377 345 1632 376 obsecrationibus
1663 350 1692 376 et
1717 345 1853 384 jejuniis,
1874 349 1909 376 et

1078 391 1258 427 erogatione,
1277 393 1306 420 et
1338 390 1526 426 contritione,
1554 394 1582 421 et
1609 390 1674 421 aliis
1689 390 1910 422 afflictionibus

1078 443 1152 472 opus
1170 437 1224 464 est.
1241 433 1304 464 Non
1322 434 1400 464 enim
1417 435 1490 465 citra
1507 435 1649 471 laborem,
1669 439 1697 466 et
1712 435 1815 465 otiosis
1830 443 1909 474 gra—

1079 478 1150 508 tuito
1165 478 1219 508 hoc
1232 483 1371 518 praestare
1386 479 1610 517 vultChristus;
1632 480 1683 510 sed
1702 483 1857 519 postquam
1874 478 1909 509 id

1078 522 1108 554 in
1127 522 1472 563 immersione‘baptismi
1501 523 1660 564 cujuslibet
1674 524 1756 563 fecit,
1774 524 1911 554 infantes

1078 576 1226 606 magnam,
1253 568 1533 608 pracellentetnque
1560 568 1693 607 gratiam.
1720 577 1778 598 non
1796 572 1911 608 potue-

1079 615 1149 642 runt
1164 621 1337 650 agnoscere,
1356 622 1478 643 necesse
1494 613 1549 642 fuit
1561 613 1615 642 hoc
1630 622 1747 643 rursum
1760 622 1812 652 per
1823 612 1911 642 labo-

1083 664 1145 687 rem
1161 656 1285 696 acquiri,
1298 656 1404 687 iterum
1417 662 1534 697 accepta
1543 658 1645 696 gratia,
1659 667 1723 697 qua;
1735 658 1790 687 hoc
1800 656 1908 695 habet,

1084 705 1115 731 ut
1129 701 1205 741 apud
1223 701 1371 732 neminem
1388 711 1421 732 se
1440 702 1622 740 ignorantem
1641 706 1808 741 perseveret
1824 711 1831 717 ·
1852 701 1912 731 sed

1081 745 1118 776 ob
1134 746 1329 785 ignorantiam
1347 747 1425 776 illam
1439 747 1545 778 avolet.
1574 746 1713 786 Quisquis
1728 756 1797 785 ergo
1813 746 1910 777 Chri-

1081 791 1193 821 stianus
1209 791 1339 820 nondum
1351 800 1384 822 ex
1398 791 1598 822 imbecillitate
1615 791 1650 821 ad
1668 792 1832 821 faciendam
1850 790 1910 821 Dei

1082 838 1260 866 voluntatem
1277 845 1329 874 per
1353 835 1479 866 divinam
1503 836 1611 866 Christi
1639 835 1775 865 virtutem
1792 836 1911 865 contir-

217 879 398 919 humanitas,
419 879 595 919 compassio,
612 879 730 910 dilectio
760 879 825 909 sine
840 879 1038 916 simulatione,
1051 895 1071 918 Β
1084 884 1177 910 matus
1193 884 1249 916 est,
1267 884 1325 915 eat,
1341 889 1375 910 ac
1385 889 1438 919 per
1451 880 1550 914 fidem,
1565 884 1592 910 et
1608 879 1825 919 impositionem
1845 889 1913 909 ma-

218 923 437 962 longanimitas,
455 923 623 960 tolerantia,
654 924 840 954 sustinentia.
870 923 906 955 Et
934 924 1040 954 horum

217 969 365 999 contraria
377 969 405 999 in
420 969 465 1006 iis,
481 968 510 998 in
525 969 631 1008 quibus
641 970 720 1000 Deus
731 978 789 1000 non
800 973 913 1008 regnat,
924 969 1039 1008 perspi-

217 1015 346 1054 ciuntur,
366 1018 394 1044 et
409 1013 479 1044 inde
495 1018 725 1053 cognoscuntur,
738 1013 774 1043 de
784 1014 892 1054 quibus
901 1013 1042 1053 praecepit

218 1058 362 1089 Dominus
374 1057 634 1088 exercitibussuis:
654 1057 971 1094 lilosiuimicosmeos,
989 1058 1042 1098 qui

217 1103 380 1134 noluerunt
391 1112 437 1133 me
446 1111 575 1141 regnare
583 1112 674 1143 super
684 1112 725 1140 se,
739 1103 852 1134 adduci
857 1103 954 1138 tehuc,
963 1108 988 1133 et
998 1104 1042 1133 in-

218 1148 345 1188 terﬁcite
354 1157 455 1178 eorum
463 1157 509 1178 me
520 1147 563 1179 6⁷.
577 1147 632 1183 Qui
643 1148 720 1178 enim
730 1148 916 1185 audiverunt,
925 1152 952 1178 et
961 1148 1041 1179 didi-

219 1198 321 1224 cerunt
340 1193 542 1230 multifariam,
561 1202 613 1233 per
628 1202 693 1233 quae
708 1202 797 1232 opera
821 1198 850 1223 et
867 1194 1001 1224 maudala
1024 1202 1042 1224 ει

219 1237 335 1270 Christo
352 1247 444 1276 regun
461 1238 602 1268 caelorum
625 1237 760 1277 adepturi
789 1238 858 1275 sint,
876 1242 906 1268 et
921 1248 954 1268 ea
969 1248 1043 1268 con—

220 1287 415 1322 tempserant,
433 1287 551 1313 terrena
567 1291 600 1312 ac
613 1283 775 1321 pereuntia.
788 1282 1044 1322 temporalemque

219 1328 344 1365 gloriam
358 1327 559 1367 praeferentes,
578 1336 699 1366 prorsus
714 1336 802 1367 quam
812 1327 948 1357 inlideles
960 1337 1042 1358 acer-

218 1372 286 1403 bius
302 1372 475 1412 punientur,
488 1372 627 1411 quoniam
641 1372 788 1403 Christum
800 1372 948 1411 cognitum
962 1372 1041 1402 reci-

221 1426 292 1457 pere
308 1417 478 1448 noluerunt.
505 1416 576 1447 Nam
607 1417 656 1456 qui
684 1416 831 1446 recusavit
859 1416 929 1446 illud
955 1425 1040 1456 opus,

221 1463 306 1502 cujus
323 1471 410 1492 causa
424 1461 558 1492 Christus
581 1470 614 1492 ex
644 1466 746 1491 sancta
775 1461 896 1500 Virgine
911 1465 997 1492 natus
1012 1462 1042 1492 in

221 1506 365 1537 mundum
383 1507 472 1543 venit,
490 1506 675 1536 manifestum
692 1510 736 1536 est
748 1505 850 1546 utique
865 1516 931 1536 eum
948 1516 1044 1546 neque

221 1552 370 1583 Christum
385 1552 529 1592 recipere,
545 1551 658 1582 etiamsi
666 1561 732 1581 eum
740 1551 1042 1591 recepissevideatur.

220 1596 276 1633 Qui
291 1601 389 1627 autem
406 1606 474 1627 vere
489 1597 517 1627 in
535 1596 682 1627 Christum
697 1595 899 1633 crediderunt,
918 1605 1044 1635 eumque

219 1646 410 1682 receperunt:
427 1641 520 1672 Dedit
531 1642 756 1680 eispotextatem
766 1641 846 1680 ﬁlios
860 1640 917 1671 Dei
927 1640 1041 1679 ﬁeri68.

220 1686 284 1716 Mox
297 1686 376 1716 enim
396 1691 427 1717 ut
439 1686 641 1722 crediderunt,
659 1685 797 1716 divinitas
812 1685 876 1724 ejus
888 1685 959 1724 ipsis
974 1695 1042 1716 cre—

220 1731 311 1771 ditur,
330 1735 361 1762 ut
376 1731 626 1771 quemadmodum
649 1730 699 1761 ille
725 1734 770 1761 est
798 1731 876 1761 Deus
892 1730 980 1760 homo
996 1731 1044 1761 hic

220 1775 272 1816 qui
287 1775 383 1807 credit
396 1776 434 1806 sit.
448 1776 536 1806 homo
552 1775 641 1806 Deus.

513 1828 651 1860 ORATIO
672 1828 748 1860 XIV.

527 1884 735 1907 ARGUMENTUM.

221 1923 320 1962 Quam
333 1927 509 1964 potestatem
524 1923 658 1954 Christus
673 1923 831 1962 acceperit.
850 1921 940 1952 Prius
954 1922 1041 1952 Chri-

259 1965 299 1995 sti
314 1963 446 2004 gratiam
460 1963 655 2004 participare,
673 1967 765 2002 alque
780 1964 826 2004 ito
837 1964 930 1993 vitam
941 1971 1044 1993 secun-

259 2003 329 2035 dum
349 2005 443 2036 Deum
458 2005 624 2035 consectari
640 2008 788 2042 oportere.
816 2003 856 2034 De
870 2006 998 2041 peccato,
1015 2005 1044 2032 et

251 2046 388 2083 justitia.
409 2045 452 2075 De
466 2045 597 2081 carnali,
611 2047 638 2075 et
651 2043 816 2083 spirituali.
837 2043 879 2073 De
897 2045 1044 2074 virtutum

261 2086 370 2125 capite,
388 2089 416 2116 et
429 2085 563 2124 pedibus.

260 2132 344 2172 Apud
354 2132 493 2163 Davidem
501 2132 639 2170 legimus:
650 2131 726 2168 Quis
737 2134 780 2161 est
793 2130 878 2160 homo
889 2130 944 2169 qui
954 2130 1043 2165 vicet,

1082 935 1173 956 nuum
1203 925 1441 964 dispensatorum
1470 926 1568 965 gratiae
1605 926 1795 955 confirmetur
1824 925 1912 964 prius

1083 973 1160 1010 (quae
1177 970 1268 1009 gratia
1283 980 1316 1000 ex
1333 970 1391 1000 fide
1408 970 1544 1009 donatur,
1577 979 1635 999 non
1653 979 1685 999 ex
1703 968 1856 1008 operibus)
1877 974 1911 999 ut

1082 1015 1188 1045 virtute
1204 1024 1240 1045 ex
1254 1016 1312 1045 alto
1336 1015 1417 1054 prius
1443 1014 1573 1049 indutus,
1605 1014 1644 1044 ita
1672 1013 1789 1043 demum
1815 1013 1910 1044 vitam

1083 1059 1249 1090 Chri~liano
1266 1060 1384 1098 dignam
1403 1059 1564 1097 transigere
1581 1058 1672 1098 possit
1689 1068 1696 1087 :
1725 1067 1761 1088 ne
1778 1059 1877 1087 nudus
1892 1067 1911 1088 a

1083 1103 1190 1135 Christi
1206 1106 1297 1144 gratia
1315 1105 1460 1140 inventus,
1479 1109 1560 1134 extra
1584 1103 1692 1134 Christi
1717 1107 1828 1142 partem
1847 1103 1910 1142 eji-

1084 1149 1189 1180 tiatur:
1218 1159 1272 1179 nec
1289 1149 1366 1178 enim
1382 1153 1494 1178 tantum
1512 1153 1632 1188 propter
1648 1152 1800 1187 peccatum
1818 1156 1838 1176 rt
1853 1156 1910 1177 ce—

1085 1195 1137 1229 dit,
1151 1194 1259 1233 quiilla
1272 1193 1378 1233 potitus
1393 1193 1455 1229 fuit,
1474 1197 1614 1233 quantum
1632 1195 1753 1231 propter
1768 1191 1911 1230 ignoran-

1085 1239 1166 1270 tiam.
1181 1238 1253 1268 Nam
1266 1239 1320 1268 hoc
1329 1242 1500 1268 estomnem
1514 1237 1664 1267 hominem
1682 1237 1757 1266 vello
1768 1236 1803 1266 ad
1819 1236 1909 1273 agni-

1085 1282 1195 1312 tionem
1213 1283 1343 1313 veritatis
1367 1282 1468 1312 venire
1481 1281 1540 1311 69“.
1573 1280 1711 1321 quoniam
1743 1289 1801 1310 non
1826 1280 1909 1310 aliud

1085 1328 1204 1368 quidem
1221 1327 1338 1363 veritas,
1355 1336 1441 1366 quam
1471 1325 1564 1365 gratia
1593 1325 1712 1359 Christi.
1735 1334 1769 1355 ac
1786 1330 1911 1365 propter

1085 1381 1148 1402 eam
1166 1371 1287 1410 gratiam
1304 1371 1393 1407 venit,
1410 1374 1440 1401 et
1464 1370 1579 1400 occisus
1608 1374 1654 1399 est
1679 1369 1813 1400 Christus
1831 1378 1837 1399 :
1856 1369 1910 1409 qui

1084 1426 1149 1447 cum
1167 1418 1258 1454 Deus,
1276 1416 1419 1446 Dominus
1435 1425 1467 1445 ac
1484 1415 1578 1445 hazres
1602 1415 1639 1445 sit
1653 1415 1751 1444 omnis
1765 1418 1911 1444 creatura:

1085 1471 1137 1501 per
1151 1461 1247 1501 ipsum
1273 1461 1409 1497 conditae,
1435 1464 1671 1500 potestatemque
1701 1459 1807 1489 habeat
1823 1458 1852 1488 in
1868 1468 1905 1488 ea

1084 1516 1148 1546 quae
1163 1506 1304 1541 condidit,
1323 1514 1381 1535 non
1398 1511 1495 1535 tamen
1523 1504 1610 1534 habet
1627 1508 1800 1543 potestatem
1817 1503 1909 1542 gratis

1086 1551 1175 1582 dandi
1191 1551 1266 1581 hanc
1282 1550 1403 1589 gratiam
1421 1548 1591 1579 hominibus
1607 1557 1613 1578 :
1647 1547 1795 1584 Quoniam
1811 1549 1908 1583 iustus

1089 1593 1586 1632 Dominus,etjustitiasdilexit'm,
1600 1592 1744 1631 Injustum
1760 1591 1909 1631 siquidem

1086 1644 1158 1675 erat,
1176 1640 1332 1674 volentem,
1352 1643 1382 1668 et
1393 1638 1470 1668 nulla
1482 1637 1667 1677 compulsum
1679 1640 1865 1672 necesstate,
1878 1639 1909 1665 et

1087 1694 1141 1723 per
1156 1684 1289 1714 dolosum
1308 1683 1492 1713 mendacium
1511 1686 1623 1712 tantum
1641 1691 1676 1711 ea
1691 1685 1795 1720 sponte
1810 1680 1907 1710 nuda-

1086 1734 1159 1769 tum,
1177 1734 1204 1760 et
1234 1729 1348 1758 scelere
1377 1727 1576 1767 inquinatum,
1607 1726 1671 1756 sine
1702 1735 1808 1764 magna
1835 1726 1860 1755 vi
1877 1726 1907 1756 in

1086 1774 1251 1804 resistendo
1280 1772 1423 1808 adhibita,
1453 1772 1556 1802 eadem
1585 1780 1688 1801 rursus
1716 1770 1906 1801 circumdari.

1085 1818 1199 1849 Idcirco
1216 1822 1245 1848 et
1259 1817 1366 1847 nobilis
1383 1817 1455 1846 facta
1474 1815 1740 1855 estcompensatio,
1755 1815 1831 1845 Deus
1844 1814 1909 1854 ipse

1085 1867 1170 1892 natus
1186 1863 1286 1900 homo,
1304 1861 1334 1891 in
1350 1860 1527 1891 sacriﬁcium
1546 1870 1597 1899 pro
1609 1869 1643 1890 ea
1656 1860 1741 1889 datus
1753 1863 1806 1889 est.
1827 1858 1909 1890 Unde

1085 1907 1253 1938 etChrt~tus
1266 1910 1330 1946 post
1346 1905 1595 1935 resurrectionem
1609 1905 1665 1934 ait:
1685 1903 1765 1934 Data
1777 1907 1817 1934 est
1833 1903 1910 1934 mihi

1085 1953 1319 1992 omnispotestas
1331 1952 1362 1980 in
1376 1951 1461 1987 rwlo,
1474 1953 1501 1980 et
1514 1950 1545 1979 in
1569 1954 1662 1979 terra.
1684 1948 1800 1978 Euntos
1811 1948 1909 1979 docete

1085 2006 1190 2028 omnes
1201 2000 1313 2035 grn/rs.
1328 1999 1357 2025 et
1371 1995 1574 2034 bvptizateeos
1589 1993 1746 2023 innomine
1757 1993 1910 2030 Pot/iaci

1086 2042 1159 2072 Filii
1164 2066 1170 2075 ,
1185 2045 1211 2071 et
1219 2041 1354 2080 Spiritus
1361 2039 1468 2078 sancti,
1481 2038 1612 2069 docentes
1621 2047 1670 2068 eos
1678 2046 1795 2068 servare
1810 2037 1909 2067 omnia

1087 2094 1271 2126 qurecunque
1282 2083 1516 2114 mruulouivobis
1527 2083 1565 2111 Ἡ.
1584 2083 1659 2113 Hinc
1675 2087 1704 2112 et
1719 2091 1826 2112 nomen
1841 2082 1906 2120 ejus

1088 2135 1132 2161 est
1142 2130 1217 2170 apud
1230 2129 1334 2160 Isaiam
1346 2129 1375 2152 79-
1398 2128 1579 2167 ὲξουσιαστὴς,
1596 2131 1769 2167 potestatem
1787 2126 1907 2161 habens,

220 2170 319 2209 etnon
331 2177 444 2208 videbit
458 2183 592 2210 mortem,
608 2180 637 2206 et
653 2180 739 2206 eruet
754 2176 894 2205 animant
910 2183 998 2205 suam
1009 2175 1039 2205 de

1089 2185 1146 2205 non
1177 2179 1208 2205 ut
1223 2174 1289 2213 Dei,
1304 2174 1356 2204 sed
1389 2178 1420 2203 ut
1447 2173 1620 2212 0E1v°pdmou,
1653 2171 1704 2202 Dei
1722 2175 1751 2201 et
1767 2170 1906 2201 hominis.

220 2232 313 2253 mtmu
325 2223 420 2261 inferi
430 2222 471 2252 69.
485 2222 515 2253 Si
527 2221 616 2261 igitur
627 2221 702 2251 istud
716 2220 808 2250 cuivis
823 2223 852 2250 et
863 2219 972 2258 ubique
988 2219 1045 2249 im-
1058 2215 1077 2223 ν
1089 2220 1203 2250 Etenim
1221 2224 1251 2249 ut
1265 2219 1352 2249 Deus.
1370 2217 1518 2258 quomodo
1535 2226 1650 2250 eorum,
1669 2226 1734 2256 qua:
1749 2215 1909 2246 fabricatus

222 2267 374 2307 possibile,
386 2267 441 2298 soli
453 2260 549 2297 autem
561 2266 675 2297 Christo
690 2264 830 2305 possibile
842 2269 896 2302 est,
914 2264 952 2294 ob
967 2264 1045 2304 quod
1088 2269 1144 2301 est,
1170 2274 1229 2294 non
1247 2263 1371 2294 huhebal
1390 2261 1587 2307 potestatem?
1602 2261 1659 2307 sed
1677 2265 1709 2290 ut.
1724 2260 1908 2307 ho_mo,_cum

221 2304 310 2344 etiam
327 2315 356 2343 in
373 2316 468 2342 terras
492 2311 582 2348 venit,
610 2311 637 2341 id
668 2304 723 2350 est,
754 2310 832 2339 Deus
849 2309 937 2339 homo
953 2308 1046 2339 factus
1089 2309 1226 2340 sevolens
1235 2317 1284 2348 pro
1297 2306 1501 2345 redemptione
1514 2305 1542 2335 in
1555 2305 1733 2336 sacrificium
1742 2304 1908 2341 obtulisset,

222 2361 278 2395 est,
297 2367 384 2388 nemo
400 2363 521 2397 propter
549 2356 627 2386 aliud
658 2355 821 2395 quippiam,
854 2353 910 2384 nisi
926 2358 1047 2393 propter
1089 2353 1124 2384 ab
1139 2353 1202 2393 ipsa
1220 2357 1322 2397 natura
1336 2350 1435 2397 operis
1452 2350 1529 2397 quod
1547 2350 1716 2397 peragebat,
1735 2353 1908 2397 potestatem

221 2392 277 2433 hoc
293 2403 388 2433 solum
401 2392 463 2432 'vim'
478 2401 594 2437 inferat,
614 2400 641 2430 id
659 2392 718 2432 est:
732 2392 765 2430 ut
779 2392 1045 2429 volenteuiomnes
1088 2392 1211 2437 accepit.
1229 2396 1260 2427 Si
1275 2396 1354 2426 enim
1381 2396 1457 2426 Deus
1482 2395 1511 2425 in
1539 2394 1667 2434 pretium
1697 2392 1910 2432 redemp'ionis

221 2447 359 2482 liberare,
393 2451 476 2485 cogat
504 2450 533 2476 et
573 2452 727 2484 cogentem
759 2443 896 2474 liberare.
927 2441 1046 2481 Cogitur
1089 2442 1242 2482 impensus
1258 2446 1312 2476 est,
1331 2444 1409 2480 patet
1427 2449 1489 2485 non,
1513 2439 1604 2469 fuisse
1621 2437 1910 2485 ullum_dpnu_m_is__to

221 2492 330 2533 quippe
346 2500 396 2522 rex
412 2481 509 2529 Jesus,
527 2481 628 2521 volens
643 2490 699 2520 hoc
714 2498 773 2519 non
784 2492 905 2533 propter
921 2495 952 2518 se
970 2487 1046 2533 :_se_d
1089 2481 1288 2533 przestantius,
1305 2484 1435 2533 quodgad
1464 2483 1698 2533 oblitterandum
1714 2482 1818 2533 adam'i
1834 2481 1910 2511 deli-

221 2526 364 2577 quia'res
390 2535 482 2566 ardua
501 2526 568 2571 ἐει,
609 2543 663 2564 nos
692 2526 917 2572 magnitutinem
946 2530 1048 2561 salutis
1089 2535 1167 2560 ctum
1183 2529 1332 2577 D‘-viuit_ati
1351 2529 1519 2577 otl‘errelur.
1545 2527 1661 2577 "Lapsus
1677 2526 1755 2557 enim
1772 2526 1909 2563 Adamus,

220 2571 403 2622 ignoramus,
420 2580 511 2610 vulta
527 2579 614 2610 nobis
629 2578 706 2618 cogi,
737 2571 766 2608 et
781 2576 838 2607 vim
855 2585 930 2616 pene
947 2582 1046 2616 tyran-
1089 2574 1266 2613 intelligibili
1282 2573 1333 2622 Dei
1351 2573 1442 2622 gratia
1458 2582 1514 2622 qua
1542 2571 1841 2622 fruebptus,_lexutus
1855 2574 1909 2605 est,

221 2615 318 2658 dicam
335 2615 496 2662 sustinere,
508 2628 539 2655 ut
556 2615 799 2663 partim'quidem
816 2615 903 2652 exiis
919 2615 983 2661 qua:
1000 2630 1046 2660 pa-
1089 2629 1176 2659 quam
1194 2628 1273 2649 nunc
1284 2617 1405 2648 salutari
1425 2617 1563 2657 perfusus
1580 2616 1659 2647 unda
1673 2615 1796 2663 quilibet
1812 2624 1910 2645 rursus

221 2672 322 2707 timur.
335 2680 351 2701 a
365 2660 1047 2711 peccatogravitercircumseSsi;inlclligamus
1089 2664 1194 2694 induit.
1206 2664 1277 2693 Nam
1297 2663 1470 2711 quicunque
1485 2665 1517 2692 in
1534 2661 1653 2693 Christo
1670 2660 1817 2700 boptizati
1830 2663 1910 2696 sunt,

219 2716 250 2748 iu
267 2707 384 2757 qualem
401 2707 611 2746 necessitatem
640 2722 700 2744 non
729 2716 835 2752 sponte
851 2711 1020 2742 venerimus
1038 2720 1044 2738 :
1089 2709 1242 2740 Christum
1259 2708 1425 2738 induerunt
1438 2707 1479 2736 75.

259 2812 291 2836 65
302 2811 404 2842 Matth.
416 2818 457 2850 v1,
470 2810 518 2847 10,
560 2808 593 2833 ϐϐ
603 2807 707 2850 Matth.
717 2815 751 2850 χ,
763 2807 790 2837 7.
831 2806 863 2831 87
873 2805 944 2850 huc.
957 2813 1018 2850 xix,
1028 2804 1079 2850 21.
1089 2844 1100 2850 -
1121 2803 1152 2828 68
1164 2803 1249 2850 toan.
1264 2811 1283 2839 ι,
1296 2801 1367 2850 ρ.η
1512 2807 1574 2850 pix
1583 2798 1728 2839 “111,49.
1764 2797 1806 2823 69'
1818 2796 1910 2828 ITim.

221 2859 254 2890 η,
270 2853 299 2884 4.
334 2840 464 2881 ντονΡεέΙῖ
530 2850 560 2881 8.
601 2849 628 2873 Ἦ
646 2840 750 2880 Matth:
763 2855 865 2884 xxvm,
884 2846 932 2884 18,
953 2840 1016 2877 49.-

1089 2844 1147 2876 Isa.
1163 2851 1205 2880 ιι,
1223 2843 1251 2872 6.
1299 2842 1329 2867 73
1346 2841 1440 2873 Galat.
1457 2849 1500 2879 ut,
1516 2840 1568 2871 2'7.
