1983 3072
48 172 114 206 381

788 164 929 208 animo
948 175 1029 210 XIV.

1693 181 1752 214 382

94 242 208 284 Itaque
224 243 352 275 humana
365 251 430 284 quae
458 242 636 288 sentiuntur,
652 245 883 283 cernunturque,
896 253 916 273 Α
927 243 1057 275 breviter
1080 244 1188 282 dicam,
1212 246 1318 278 frustra
1346 248 1507 279 Christiani
1536 257 1645 280 nomen
1661 248 1750 288 gerit,

48 288 263 319 humanorum
287 299 352 329 quae
376 293 486 319 tantum
517 287 731 326 intelliguntur,
763 297 817 318 nec
833 288 885 318 sub

47 334 165 364 oculos
180 335 311 374 veniunt,
327 334 428 364 formae
444 337 472 362 et
498 332 640 370 imagines
656 332 787 371 quaedam
805 336 884 363 sunt.

47 377 200 415 Exempli
217 387 316 412 causa,
333 379 420 409 homo
433 376 563 408 nascitur
573 376 770 416 nudus,'puer
780 377 885 416 infans,

47 422 105 462 qui
136 424 222 454 nulla
247 433 279 454 re
304 427 399 454 semet
420 422 525 462 juvare
540 424 647 461 potest,
666 421 795 460 quandiu
812 421 887 451 lacte

46 471 197 498 materno
206 468 304 508 alitur,
317 474 352 498 at)
366 477 400 498 ea
408 467 469 497 sola
481 471 601 496 curatur
614 474 620 496 :
641 469 685 495 ast
706 465 756 495 ubi
772 466 886 496 ratione

42 509 113 550 jam
143 512 200 549 uti,
219 516 246 542 et
262 511 386 550 institui,
403 520 436 542 ac
453 511 596 551 proﬁcere
612 508 746 549 caaperit,
763 513 794 539 ut
810 509 885 540 sibi-

47 560 117 586 met
133 566 225 596 opem
243 557 321 588 ferre
337 561 438 596 queat,
456 560 517 586 tum
544 553 684 584 nimirttm
709 563 841 594 quaerere
857 558 886 584 et

45 609 165 639 rogare
178 606 286 641 potest.
298 601 362 631 Pari
375 600 463 631 modo
481 599 579 630 anima
591 598 672 629 omni
690 598 793 628 virtute
808 598 886 629 nuda

47 649 179 675 creatur
197 656 203 676 :
221 655 347 686 cumque
363 646 397 676 ad
429 644 684 683 regenerationem
714 644 884 679 accesserit,

48 689 211 720 Christum
223 691 329 725 induit,
341 700 357 720 a
369 689 484 721 Christo
501 689 641 724 nutritur,
655 687 884 727 erutlitur,quae—

48 743 124 764 rere
142 740 171 765 et
188 744 292 774 rogare
307 735 405 765 discit.
438 733 552 764 Exinde
584 733 639 762 nisi
655 736 748 770 roget.
767 732 840 762 nihil
856 727 884 762 ei

48 777 193 809 Christus
209 780 341 819 largitur.
361 779 487 818 Rogabit
501 787 569 808 vero
587 776 797 807 conducibilia.
815 776 882 806 Pri-

48 832 136 852 mum
156 824 275 861 quidem
306 825 417 859 lumen,
450 827 480 853 ut
508 822 615 852 videat.
647 821 765 852 Videbit
780 825 880 851 autem

47 877 177 898 omnem
191 869 220 899 in
234 869 332 907 seipsa
342 868 502 905 miseriam,
515 867 652 906 illicoque
664 865 878 914 humiliabilur,
893 891 910 914 Β

928 289 977 328 qui
993 289 1021 319 in
1035 289 1186 328 agnitione
1199 291 1269 321 Jesu
1298 293 1537 324 communionem
1554 303 1621 324 cum
1639 303 1673 324 eo
1690 303 1749 324 non

928 333 1025 364 habet.
1044 334 1124 365 Talis
1139 345 1228 375 porro
1245 345 1278 366 ex
1296 337 1475 368 conﬁdentia
1490 342 1518 368 et
1545 337 1668 369 audacia
1692 337 1748 368 ad-

927 387 1029 408 versus
1044 378 1142 410 divina
1157 384 1187 410 et
1201 389 1298 417 sacra,
1315 390 1349 411 ex
1378 381 1521 413 iracundo
1537 387 1565 413 et
1581 382 1746 423 praefracto,

927 423 1135 463 arrogantique
1163 425 1263 454 animo
1281 434 1289 463 ',
1306 426 1453 464 quomodo
1479 427 1555 458 alius
1583 432 1685 457 contra
1712 436 1747 457 ex

927 468 1092 498 reverentia
1108 472 1135 498 et
1151 469 1258 508 pietate
1282 479 1351 508 erga
1379 480 1428 501 res
1453 471 1567 502 divinas
1592 475 1621 501 et
1635 480 1746 508 sacras,

926 511 996 541 item
1013 521 1046 543 ex
1064 521 1180 543 summa
1194 523 1310 544 morum
1340 515 1493 553 suavitate,
1521 520 1551 546 et
1565 516 1655 546 animi
1671 515 1744 546 sub-

926 557 1068 588 missione
1082 559 1279 598 cognoscitur.
1297 559 1368 590 Nam
1389 567 1420 591 ut
1441 560 1491 591 ille
1507 561 1612 600 nescit,
1630 560 1673 591 sic
1689 561 1746 590 iste

926 601 1015 646 novit,
1034 602 1106 632 nihil
1129 612 1162 633 se
1186 603 1292 646 fecisse
1320 605 1480 641 laudabile,
1498 605 1597 636 nisiin
1614 613 1746 634 commu-

927 645 1017 676 nione
1032 646 1102 677 boni
1117 648 1197 685 .lesu,
1215 648 1266 688 qui
1293 658 1386 688 usque
1402 659 1436 680 eo
1453 658 1483 679 se
1500 649 1584 679 nobis
1599 653 1744 688 attempe-

925 690 1009 726 ravit,
1027 695 1058 721 ut
1079 691 1204 722 formam
1219 697 1306 733 atque
1335 694 1530 724 substantiam
1547 693 1639 724 nostri
1658 693 1743 724 simi-

926 734 985 765 lem
998 735 1026 765 in
1038 745 1070 767 se
1085 742 1265 777 capesseret,
1280 742 1310 768 ut
1324 747 1375 778 per
1391 739 1596 778 cognationem
1613 748 1744 769 commu-

923 779 1103 821 nionemque
1119 791 1185 812 cutn
1196 792 1242 821 eo,
1253 783 1318 814 vitae
1330 784 1474 815 rationem
1487 783 1600 815 homini
1616 792 1743 823 respon-

923 823 1043 855 dentem
1061 826 1257 862 inveniamus,

962 868 1034 900 Sunt
1051 880 1119 901 vero
1130 871 1218 911 quiin
1231 872 1316 903 terris
1326 873 1413 904 etiam
1426 878 1455 904 et
1475 873 1505 903 in
1529 881 1636 913 copore
1649 880 1741 911 ange-

48 917 80 943 et
92 913 252 943 humiliala
268 917 465 952 mansuescet,
484 912 680 958 mansuefacta
692 911 752 958 vias
763 910 878 940 Domini
893 910 910 914 ”
922 912 994 944 licos
1010 925 1107 946 mores
1121 910 1307 954 aemulantur,
1335 927 1400 948 cum
1432 918 1548 958 penitus
1564 910 1622 948 tota
1637 910 1743 947 animae

48 966 66 987 a
77 957 210 987 Domino
223 959 342 997 mystice
354 957 520 987 docebitur:
549 956 611 993 Qui
621 957 706 986 mites
717 955 800 985 docet
814 963 880 985 vias

48 1010 125 1032 suas
134 1002 178 1032 74.
192 1001 269 1033 Sane
280 1002 328 1042 qui
342 1002 421 1041 prius
441 1000 562 1040 gratiam
575 1000 684 1030 Christi
697 1009 753 1029 non
770 999 878 1035 induit,

49 1051 144 1086 atque
162 1047 201 1077 ita
230 1047 266 1077 ad
296 1047 398 1086 vitam,
431 1055 588 1086 moresque
618 1044 798 1076 Christianos
814 1053 879 1074 sese

49 1091 114 1129 dat,
133 1101 256 1131 operam
274 1091 382 1130 perdit.
394 1090 583 1129 Qumcunque
593 1089 671 1120 enitn
689 1089 763 1119 tnala
775 1092 877 1128 pertu-

50 1136 135 1172 lerit,
154 1140 204 1166 aut
218 1135 295 1165 bona
311 1135 415 1174 egerit,
447 1134 576 1164 nondum
595 1133 702 1164 Christi
718 1133 810 1172 gratia
825 1141 877 1162 ve-

49 1180 150 1216 stitus,
163 1180 350 1210 nullaminde
364 1180 519 1210 utilitatem
532 1177 838 1218 reportabit,perinde
847 1181 878 1207 ut

48 1224 149 1256 Judaei
173 1228 201 1255 et
224 1223 333 1255 ethnici
350 1224 428 1254 Deus
451 1223 615 1254 nescientes
632 1232 638 1254 :
657 1222 801 1262 siquidem
818 1231 876 1252 non

51 1274 97 1300 est
114 1269 144 1298 in
164 1270 237 1299 orbe
254 1274 399 1299 terrarum
428 1269 583 1308 quisquam
599 1267 673 1298 adeo
689 1267 810 1306 impius,
827 1267 877 1307 qui

50 1323 206 1353 nunquam
221 1313 331 1353 aliquid
345 1323 411 1343 cum
436 1313 541 1343 virtute
560 1313 750 1352 conjunctum
768 1315 880 1342 natura:

50 1359 170 1388 hortatu
179 1358 322 1388 elfecerit.
337 1358 422 1388 Prius
434 1358 522 1396 igitur
533 1357 782 1388 contendendum,
798 1356 878 1394 quod

51 1400 142 1443 supra
158 1403 327 1437 docuimus,
344 1407 376 1432 ut
392 1412 444 1442 per
470 1402 569 1438 ﬁdem,
594 1411 647 1442 per
662 1401 875 1442 paenitentiam,

922 963 950 988 et
965 961 1098 999 corporis
1116 965 1218 991 natura
1231 961 1319 992 Jesus
1347 962 1576 993 communicanti
1603 962 1659 992 sibi
1673 970 1742 1001 per-

922 1003 1026 1034 mistus
1042 1004 1139 1042 fuerit,
1157 1011 1265 1036 etcum
1279 1016 1313 1037 eo
1331 1017 1420 1037 unum
1438 1008 1574 1043 evaserit,
1588 1011 1618 1036 ut
1633 1006 1740 1045 hujus-

921 1048 1000 1078 modi
1012 1049 1099 1080 homo
1116 1051 1206 1090 possit
1219 1061 1363 1091 usurpare
1375 1052 1464 1082 illud:
1484 1051 1553 1083 Vivo
1568 1055 1666 1082 autem
1675 1051 1741 1089 jam

920 1101 980 1122 non
992 1102 1056 1133 ego,
1069 1096 1142 1125 civit
1156 1105 1225 1126 vero
1238 1097 1267 1126 in
1284 1105 1333 1127 me
1348 1096 1487 1127 Christus
1498 1096 1539 1125 76.
1554 1098 1614 1125 Duo
1633 1095 1744 1135 quippe

919 1142 987 1168 sunt
999 1138 1070 1168 citra
1082 1140 1285 1170 confusionem
1299 1141 1381 1171 unita
1395 1149 1400 1171 :
1423 1141 1633 1180 disjunguntur
1645 1143 1742 1170 autem

918 1181 1086 1225 aliquando,
1104 1184 1193 1224 idque
1208 1186 1238 1215 in
1254 1186 1339 1216 nobis
1355 1185 1437 1225 ipsis,
1455 1190 1483 1216 et
1511 1195 1545 1216 ea
1563 1185 1692 1225 carnalia
1708 1192 1741 1214 ac

919 1223 1081 1261 spiritualia
1096 1223 1236 1256 dicuntur
1249 1234 1256 1256 :
1270 1223 1471 1266 quand‘oidem
1487 1226 1575 1256 homo
1589 1224 1740 1255 interdum

918 1267 1058 1303 carnalia,
1089 1269 1238 1300 interdum
1283 1270 1447 1310 spiritualia
1489 1270 1573 1310 sapit.
1603 1269 1658 1305 Qui
1689 1268 1742 1308 igi~

923 1315 969 1341 tur
985 1312 1148 1352 spiritualia
1162 1314 1249 1354 sapit,
1280 1319 1308 1344 et
1327 1315 1395 1354 agit,
1414 1314 1510 1345 ﬁdelis
1525 1319 1581 1350 est,
1599 1317 1628 1344 et
1642 1313 1742 1343 nomi-

922 1361 1022 1388 natur:
1034 1357 1174 1388 nisienim
1182 1359 1210 1389 in
1218 1359 1316 1399 seipso
1326 1360 1449 1399 gratiam
1465 1357 1643 1390 sanctissimi
1651 1357 1742 1397 Spiri-

920 1405 966 1430 tus
975 1402 1109 1439 haberet,
1123 1403 1179 1434 sibi
1189 1403 1554 1443 creditam,spiritualibus
1566 1412 1622 1433 non
1635 1403 1740 1441 funge-

52 1457 105 1488 per
122 1447 342 1488 impositionem
361 1457 479 1478 manum
497 1446 658 1487 presbyteri
673 1446 794 1485 gratiam
811 1446 874 1475 adi-
917 1450 1009 1476 retur.
1023 1446 1076 1482 Qui
1087 1452 1182 1478 autem
1197 1458 1261 1488 qute
1273 1449 1353 1478 carni
1371 1449 1470 1478 afﬁnia
1482 1453 1549 1479 sunt
1565 1455 1594 1479 et
1611 1446 1697 1486 sapit,
1711 1450 1740 1476 et

52 1492 184 1531 spiscare
202 1501 208 1523 :
226 1492 290 1522 sine
306 1491 414 1532 quibus
429 1492 464 1522 ad
482 1501 546 1527 eos,
563 1491 613 1530 qui
629 1490 724 1530 ipsam
742 1494 806 1529 post
819 1490 874 1520 ba-
916 1489 984 1527 agit,
998 1491 1137 1529 inﬁdelis,
1152 1496 1181 1523 et
1192 1493 1301 1524 nullius
1315 1492 1401 1533 pretii
1413 1498 1468 1524 est.
1481 1493 1564 1529 Quod
1580 1492 1635 1523 nisi
1647 1493 1685 1522 ita
1697 1499 1742 1521 es-

52 1536 194 1576 ptismum
221 1536 395 1573 amiserunt,
413 1546 471 1566 non
489 1536 630 1566 reveniat.
649 1535 731 1571 Quod
748 1535 772 1565 si
786 1536 872 1565 etiam
884 1554 902 1578 C
916 1538 971 1571 Set,
983 1545 1130 1576 nunquam
1141 1536 1740 1580 vacuusgr-itiaChristietdiabolipatiens

52 1580 127 1612 citra
142 1590 281 1611 manuum
294 1581 512 1621 impositionem
524 1581 552 1611 in
565 1581 678 1620 aliquos
689 1579 872 1616 ver.it,certe
915 1579 1062 1617 incursus,
1094 1582 1222 1612 carnalia
1252 1587 1446 1622 operaretur:
1479 1582 1548 1622 quia
1575 1581 1672 1612 omnis
1688 1579 1741 1620 qui

52 1634 154 1656 eorum
171 1625 293 1664 exiguus
306 1629 349 1655 est
362 1634 513 1661 numerus,
526 1625 583 1655 duo
604 1629 650 1655 aut
665 1628 723 1654 tres
740 1624 868 1659 fortisan,

52 1674 80 1700 et
95 1670 199 1700 raritas
218 1670 311 1709 legem
329 1670 468 1700 Ecclesiae
484 1679 542 1700 non
573 1669 695 1709 praeﬁgit
725 1669 785 1699 Nec
801 1678 871 1708 pec-

52 1716 250 1755 casseitaque,
263 1724 317 1745 nec
325 1724 449 1754 peccare
457 1719 608 1753 peccatum
617 1718 671 1744 est:
682 1714 876 1754 quemadmo-

53 1760 121 1790 dum
134 1769 188 1789 nec
198 1768 276 1789 caeco
287 1759 504 1789 autolfendisse
514 1758 813 1799 pedemanibulando,
825 1761 873 1787 aut

53 1804 203 1834 offendere
211 1803 327 1834 caecitas
334 1808 447 1836 est,uec
454 1808 561 1842 tegroto
570 1802 753 1833 morbuscibi
761 1807 872 1832 stoma-

52 1848 106 1878 cbo
115 1848 248 1878 nocentis
258 1848 399 1887 appetitio
408 1847 460 1877 sed
479 1857 534 1877 non
556 1847 732 1887 participare
744 1847 871 1876 divinam

55 1897 187 1922 naturam
203 1892 278 1931 ejus,
292 1892 340 1931 qui
351 1901 404 1931 pro
416 1891 501 1922 nobis
510 1892 538 1921 in
550 1901 637 1922 cruce
645 1891 784 1931 pependit
798 1892 875 1922 Deus

54 1936 138 1967 Jesus
149 1936 293 1972 Christus,
303 1937 356 1966 hoc
366 1941 585 1976 peccatumest.
598 1936 649 1966 Est
662 1937 740 1966 enim
752 1936 875 1966 nimium

56 1985 193 2021 quantum
208 1980 341 2017 diflicile,
358 1985 446 2020 atque
461 1980 534 2011 adeo
551 1980 749 2020 impossibile,
769 1985 801 2009 ut
817 1989 875 2010 non

57 2030 166 2065 peccet,
183 2025 232 2065 qui
248 2035 314 2055 cum
331 2026 400 2056 Jcsu
432 2025 672 2055 communionem
702 2035 761 2055 non
777 2026 873 2057 habet.

56 2071 122 2102 Haec
134 2070 219 2101 etiam
230 2069 345 2107 iustitia
357 2075 412 2105 est,
426 2070 603 2110 participare
615 2074 643 2100 et
655 2071 875 2102 communicare

57 2125 120 2146 Cum
130 2115 208 2146 Jesu.
223 2114 294 2145 Cum
306 2115 360 2146 hoc
369 2115 418 2150 qui
432 2125 489 2145 non
502 2115 711 2150 communicat,
724 2125 872 2156 nunquam

57 2169 73 2190 a
87 2164 199 2199 pecctto
215 2159 415 2190 mundabitur.
428 2159 665 2190 Communicanti
691 2164 788 2190 autem
806 2170 872 2191 cum

912 1623 981 1654 facit
997 1625 1118 1666 malum,
1136 1636 1169 1657 ex
1186 1627 1312 1666 maligno
1329 1631 1375 1658 est
1389 1628 1432 1657 77.
1461 1627 1574 1657 Idcirco
1590 1625 1640 1666 qui
1657 1625 1734 1656 male

914 1673 1014 1707 agunt,
1032 1679 1083 1700 eos
1099 1675 1212 1701 certum
1230 1676 1274 1701 est
1301 1681 1316 1701 a
1332 1671 1517 1702 daemonibus
1533 1671 1661 1710 impelli,
1683 1670 1737 1700 ha-

918 1712 1021 1744 bentes
1038 1715 1176 1754 nequitia:
1192 1716 1369 1756 principum,
1396 1717 1446 1757 qui
1470 1716 1499 1747 in
1516 1715 1588 1756 ipsis
1605 1715 1739 1746 habitare

918 1759 1115 1796 cognoscitur.
1131 1760 1247 1790 Etenim
1260 1761 1380 1800 spiritus
1390 1770 1515 1801 nequam
1529 1770 1556 1790 et
1570 1760 1739 1798 intelligen-

918 1802 965 1832 tiae
982 1810 1070 1834 notus
1100 1809 1154 1844 est,
1186 1805 1235 1845 qui
1264 1805 1412 1842 inﬁdeles,
1443 1814 1472 1836 et
1499 1805 1630 1835 adivina
1648 1805 1739 1844 gratia

917 1846 1049 1878 desertos
1064 1849 1255 1888 spiritualiter
1269 1850 1358 1882 afﬁat.
1378 1849 1522 1885 Quocirca
1537 1850 1650 1880 ratione
1663 1858 1738 1888 ιιι-ωε

918 1891 982 1927 diti,
1002 1898 1030 1923 et
1047 1893 1139 1924 libera
1162 1895 1309 1924 voluntate
1333 1894 1529 1929 cohonestali,
1548 1895 1626 1924 velut
1640 1893 1737 1924 alieno

918 1937 1042 1968 arbitrio
1057 1939 1182 1978 subjecti
1206 1944 1369 1970 cernuntur
1392 1940 1466 1979 regi,
1498 1939 1618 1970 sibimet
1634 1938 1736 1978 ignoti,

917 1985 945 2011 et
962 1983 1116 2021 opinantes
1131 1994 1164 2014 cx
1182 1984 1232 2015 illa
1248 1994 1301 2015 sua
1317 1985 1451 2015 libertate
1481 1984 1589 2014 malum
1605 1993 1637 2014 se
1652 1992 1735 2014 com—

918 2031 1046 2058 mittere.
1065 2030 1156 2064 Quam
1173 2029 1342 2063 opinionem
1374 2039 1512 2068 magnum
1528 2028 1619 2059 robur
1633 2027 1733 2058 archi—

917 2071 986 2101 tecti
999 2072 1196 2112 improbitatis
1205 2083 1269 2104 esse
1293 2073 1444 2104 novimus:
1463 2074 1547 2112 cujus
1569 2081 1657 2102 ornne
1673 2077 1737 2102 stu-

916 2115 996 2145 dium
1015 2116 1085 2146 inid
1104 2118 1296 2157 impenditur,
1314 2125 1345 2149 ut
1361 2127 1396 2148 eo
1412 2118 1573 2153 annitentc,
1592 2117 1620 2146 in
1637 2117 1673 2146 iis
1687 2115 1737 2156 qui

917 2162 1023 2190 malum
1032 2168 1203 2202 operantur,
1212 2162 1439 2202 Opi-rantesseid
1449 2161 1547 2192 facere
1554 2161 1734 2191 existiment.

57 2213 90 2234 eo
105 2208 253 2244 peccatum
271 2213 328 2234 non
358 2204 562 2234 dominabitur
604 2204 635 2234 In
653 2204 716 2243 ipso
733 2206 810 2235 enim
827 2205 870 2236 vi-
883 2216 904 2240 Ι)
955 2205 1028 2241 Quid
1043 2207 1243 2246 igitur?dicet
1255 2208 1413 2248 quispiam,
1427 2205 1636 2247 periitarbitrii
1648 2205 1737 2236 liber-

56 2253 134 2286 vunt,
151 2252 303 2278 moventur
333 2253 360 2278 et
386 2253 455 2279 sunt
483 2248 641 2279 Christiani
664 2250 705 2280 75.
736 2249 830 2290 Atque
847 2255 878 2282 ut

95 2344 124 2369 τι
141 2344 216 2376 Psal.
233 2351 315 2381 xxxv,
332 2345 361 2374 9.
405 2343 437 2368 75
452 2344 518 2373 Act.
534 2351 604 2374 xvn.
623 2343 673 2375 98.

94 2433 132 2468 (5)
159 2432 251 2460 Locus
280 2431 408 2460 lubricus
437 2439 613 2467 censuraque
635 2433 749 2468 dignus,
766 2435 876 2463 videtur

59 2468 260 2505 enimSimeon
272 2468 441 2505 existimare,
473 2473 584 2503 pet-cata
615 2469 651 2496 ab
680 2471 794 2497 homine
811 2478 874 2505 per-

59 2504 171 2532 liberum
189 2503 338 2532 arbitrium
355 2511 411 2532 non
427 2505 576 2535 committi,
594 2505 642 2532 sed
671 2506 763 2540 potius
779 2514 793 2534 a
811 2503 872 2534 ’ἀω-

59 2547 137 2568 mone
150 2541 177 2567 in
195 2540 310 2567 honine
338 2544 364 2567 et
393 2547 441 2574 per
471 2540 625 2571 hominem.
657 2545 791 2576 tanquam
821 2549 872 2576 per

60 2576 271 2604 instrumentum
289 2580 423 2609 operante
440 2585 445 2607 ',
479 2577 553 2610 quoi
570 2575 639 2603 adeo
657 2576 757 2604 falsum
773 2575 827 2609 est,
842 2582 872 2606 ut

59 2611 156 2646 peccati
171 2612 241 2639 ratio
257 2611 336 2638 nulla
364 2612 475 2639 ratione
503 2611 659 2639 subsistere
689 2613 776 2645 possit
792 2622 798 2644 ς
816 2613 871 2640 nisi

60 2655 72 2674 a
88 2647 166 2675 libero
181 2647 299 2675 arbitrio
314 2647 447 2681 procedat
463 2656 470 2679 ;
487 2654 578 2681 neque
594 2650 636 2675 est
656 2647 713 2675 ulla
729 2654 775 2676 res
796 2656 869 2682 prae-

60 2683 198 2717 teripsum
219 2683 362 2710 hominem
387 2683 435 2718 qui
462 2687 580 2715 peccat;
611 2689 674 2717 qua
698 2683 869 2713 voluntatem

60 2719 154 2747 directe
176 2718 211 2746 ad
244 2723 390 2754 peccatum
421 2725 530 2754 movere
559 2723 586 2746 et
612 2718 750 2747 inclinare
774 2723 869 2754 queat,

60 2753 132 2783 dooet
144 2757 258 2782 sanctUS
273 2753 409 2786 Thomas,
424 2753 482 2784 1-2,
499 2758 596 2788 quasi.
614 2754 657 2783 8t).
675 2759 726 2782 art.
749 2753 871 2783 2.]ndié

60 2794 128 2819 recte
142 2794 232 2818 tamen
250 2793 342 2824 potest
371 2795 398 2818 et
427 2790 499 2817 solet
525 2790 655 2818 diabolus
686 2789 821 2819 inducere
835 2791 870 2819 ad

59 2826 90 2854 ad
104 2830 242 2861 peccatum
259 2835 266 2862 ξ
284 2825 330 2862 vei
352 2825 552 2862 proponendo,
558 2831 589 2862 et
598 2825 766 2862 robjiciendo
782 2831 870 2855 mate-

59 2860 133 2895 riam.
147 2868 200 2899 qua
216 2860 283 2898 quis
297 2861 334 2891 ad
354 2860 504 2898 peccatum
527 2860 664 2897 allicitur,
694 2861 737 2891 vel
765 2869 871 2898 sugge~

718 2343 748 2368 76
762 2343 855 2375 Galat.
874 2350 905 2383 ιι,
923 2346 972 2378 20.

920 2253 962 2280 tas
973 2251 1013 2290 (5)
1026 2252 1037 2281 '.’
1048 2251 1134 2289 Sane,
1150 2257 1177 2282 at
1192 2262 1250 2283 non
1263 2257 1332 2283 tote.
1347 2252 1498 2284 liemansit
1510 2251 1589 2282 enim
1601 2251 1629 2281 iu
1648 2250 1736 2281 nobis

1015 2345 1045 2370 77
1061 2346 1069 2375 l
1085 2344 1170 2376 Joan.
1188 2354 1231 2384 tu,
1245 2347 1274 2379 8.

916 2436 1005 2464 rendo
1021 2439 1048 2463 et
1064 2435 1260 2469 persuadendo
1275 2435 1414 2471 obiectum
1438 2436 1613 2472 propositum
1631 2435 1736 2463 habere

916 2478 1050 2500 rationem
1068 2472 1143 2502 boni,
1161 2474 1225 2507 quia
1242 2477 1269 2500 et
1284 2479 1449 2507 suggerens,
1477 2478 1505 2500 et
1532 2471 1667 2503 suadr'ns,
1685 2478 1734 2499 seu

915 2508 1090 2542 persuadens
1106 2508 1264 2543 aliqualiter
1281 2508 1421 2541 proponit.
1442 2508 1587 2543 proprium
1601 2507 1735 2543 objectum

911 2543 1059 2574 voluntati,
1075 2543 1145 2579 quod
1159 2547 1197 2572 est
1224 2544 1344 2571 rationis
1373 2543 1476 2579 bonum;
1487 2551 1583 2571 verum
1597 2544 1638 2571 ert
1653 2550 1724 2578 appa

911 2586 985 2611 reus,
1004 2585 1031 2606 ul
1049 2578 1140 2610 iniiuit
1156 2584 1271 2607 sanctus
1286 2580 1406 2607 “thomus
1423 2587 1429 2607 :
1459 2578 1512 2607 Sed
1525 2580 1603 2607 nullo
1618 2579 1736 2606 istorum

911 2615 1056 2643 modorum
1078 2619 1163 2650 potest
1192 2615 1299 2651 aliquid
1325 2622 1379 2643 esse
1406 2614 1511 2643 directa
1526 2623 1610 2643 causa
1621 2615 1734 2649 peccati.

911 2651 975 2685 quia
989 2651 1116 2678 voluntas
1131 2657 1186 2678 non
1200 2650 1243 2679 rce
1258 2651 1414 2679 necessitate
1442 2654 1569 2679 movetur
1592 2651 1627 2678 ab
1642 2650 1735 2685 aliqua

909 2686 1020 2722 objecto,
1037 2686 1093 2713 nisi
1112 2686 1146 2714 ub
1160 2686 1257 2714 ultimo
1270 2687 1334 2722 ﬁne.
1369 2686 1443 2714 Unde
1470 2694 1527 2714 non
1551 2686 1735 2722 rstsufﬁctens

910 2729 996 2758 causa
1008 2722 1122 2757 peccati,
1138 2730 1224 2758 neque
1245 2721 1288 2750 res
1315 2723 1436 2750 exterius
1460 2722 1563 2751 oblata.
1578 2721 1664 2757 mque
1677 2721 1732 2753 ille,

911 2757 960 2793 qui
972 2765 1032 2785 eam
1045 2758 1181 2793 proponit,
1209 2765 1293 2793 neque
1317 2758 1373 2790 itte,
1403 2758 1451 2793 qui
1478 2758 1637 2793 persuadet.
1661 2757 1734 2786 Unde

909 2794 1044 2829 sequitur,
1060 2793 1133 2828 quod
1147 2793 1272 2822 diabolus
1284 2801 1341 2821 non
1354 2794 1390 2822 sit
1417 2801 1503 2821 causa
1514 2794 1619 2829 peccati
1633 2793 1735 2822 directe

910 2801 1044 2857 sequitur,
1060 2801 1133 2828 quoa
1147 2801 1272 2822 aruooms
1284 2801 1341 2821 non
1354 2801 1390 2822 su
1417 2801 1503 2821 causa
1514 2801 1618 2829 peccati
1633 2801 1734 2822 directe

910 2836 951 2870 ve_
963 2829 1139 2870 sufﬁcienter,
1153 2829 1200 2857 sed
1226 2829 1316 2870 solum
1336 2836 1389 2870 pg
1417 2829 1529 2858 modum
1540 2829 1734 2870 pcrgadentis

909 2865 952 2894 ret
971 2865 1151 2901 proponenti;
1177 2864 1346 2901 appetibitef
1359 2864 1425 2894 Haec
1454 2864 1569 2895 sanctus
1598 2865 1732 2895 Thomas.
