1983 3072
30 150 100 185 385
783 148 867 182 ORA’

914 151 924 182 l
944 148 1010 182 XV.
1679 151 1740 185 386

32 217 142 251 litate.
165 221 303 258 tanquam
317 226 350 247 ea
360 217 485 257 pedibus
511 220 682 248 sustentata.
699 218 873 257 Paupertas,
887 222 907 245 Α
921 216 1118 247 maturitatem
1135 227 1192 248 non
1216 217 1366 258 pertingit,
1393 216 1446 248 sed
1470 218 1583 249 inutilis
1600 219 1738 258 efﬁcitur,

29 262 211 302 jejunium,
243 262 436 296 contlnenlia.
465 261 526 300 im,
551 262 675 301 languae,
707 261 876 301 cupiditatis
918 262 1084 299 inelius‘pie
1099 266 1173 300 erat,
1187 263 1212 292 si
1230 272 1313 292 neca
1343 262 1488 302 principio
1515 263 1735 301 germinasset:

33 307 146 337 omnis
166 307 222 336 sub
234 308 304 346 jugo
334 311 401 337 sunt
427 307 559 346 justitiaa,
591 316 656 346 qum
684 306 777 336 virum
796 306 875 345 pium
918 306 960 336 sic
975 306 1025 346 qui
1041 307 1130 336 calori
1143 307 1314 341 solisilius,
1329 316 1416 347 queui
1432 308 1625 347 intelligentia
1637 309 1736 348 perci-

35 360 71 381 ac
90 352 274 389 religiosum
288 353 384 387 decet,
399 355 430 381 ut
447 361 481 381 ne
493 351 531 381 sit
549 352 684 391 injustus,
703 360 756 380 nec
771 350 872 387 alimn,
919 350 1026 389 pimus,
1045 360 1111 381 sese
1128 361 1180 390 per
1195 351 1338 381 orationis
1365 352 1560 391 praestantiam
1590 361 1649 383 non
1664 353 1737 383 sub-

37 395 95 425 sed
116 402 191 426 ante
207 396 281 426 alios
310 400 404 425 semet
433 396 547 425 multet.
579 395 664 425 l’lura
692 395 770 425 enim
788 404 874 434 quam
915 395 1001 433 jecit,
1019 405 1168 435 nunquam
1186 398 1310 426 t‘rurtum
1339 401 1484 426 maturum
1511 406 1561 436 per
1577 397 1737 428 leclionem

37 440 216 470 necessitas
234 440 357 480 requirit
375 440 540 479 possidere,
559 444 609 470 aut
626 439 792 470 necessaria
807 440 875 478 qui-
919 440 1008 469 edere
1025 444 1091 479 pote
1111 441 1133 470 it
1151 452 1155 468 :
1174 441 1320 480 stquidem
1346 445 1374 470 et
1389 441 1504 471 discere
1519 441 1611 481 prius,
1629 453 1737 482 quem-

36 483 128 522 dem,
150 485 371 524 sumptuosiora
387 488 496 514 tamen.
516 484 658 524 injustitia
673 488 716 513 est
734 495 739 514 :
771 493 876 523 qurm-
917 484 1075 514 admodum
1093 485 1187 514 oratio
1203 485 1382 515 instituenda
1400 485 1448 522 sit,
1474 490 1503 515 ut
1519 486 1568 516 ubi
1584 486 1735 528 didiceris,

35 528 214 558 admodum
230 538 257 559 et
276 529 369 559 ventri
399 529 521 560 deﬁnito
550 529 691 558 alimento
712 528 776 563 plus
792 528 875 566 dare,

35 571 197 611 injusl'tia
214 577 268 604 est.
286 573 339 603 Irze.
353 578 451 603 autem
483 574 582 603 frenos
599 574 710 608 ltuare,
728 572 849 602 stultilia
868 581 874 608 ;

37 617 289 657 proterveloqui,
305 617 419 647 l'atuitas
432 627 440 654 ;
454 617 665 657 cupiditatibus
688 615 876 646 saecularibus

37 660 221 700 indulgere.
237 662 376 693 ann-ntia.
396 663 459 692 Non
476 661 553 692 enim
581 661 671 691 virtus
695 664 749 697 est,
768 670 783 690 a
801 659 875 689 man

37 704 249 736 abstinuisse:
270 706 323 736 elsi
340 706 388 746 qui
409 706 518 736 malum
537 715 594 735 non
611 705 690 741 fecit,
708 714 765 734 non
783 714 873 743 vapu-

37 748 129 785 labit,
150 749 227 780 sicut
242 750 292 780 ille
310 751 423 781 scilicet
440 760 491 790 qni
520 750 597 780 fecit.
616 749 646 780 Si
661 754 758 779 autem
775 749 871 787 faciet,

37 793 171 823 omnino
189 794 276 824 etiam
295 794 451 834 vapulabit.
484 797 519 824 At
551 794 601 833 qui
633 795 740 824 bonum
757 793 871 828 l'ecerit,

38 836 84 867 illi
103 838 185 868 bene
201 839 274 868 liet:
308 849 364 869 non
387 838 506 879 quidem
537 839 700 868 secundum
729 837 871 867 rationem

34 881 181 919 justitize,
198 883 250 912 sed
269 892 301 913 ex
328 883 509 913 humanitate
535 888 563 913 et
579 882 707 913 bonitate
732 883 794 912 Dei.
811 881 874 912 Una

39 926 127 956 enim
145 927 281 966 quwdnm
296 928 403 959 Christi
418 928 566 958 sententia
594 932 647 962 est,
667 937 722 966 qua
740 927 848 957 dicitur
866 937 872 956 :

44 969 255 1009 Quu‘oguovit
267 972 449 1003 volun/nterii
461 972 585 1002 Domini
602 975 661 1007 sui,
681 975 707 1002 ct
720 981 777 1002 non
791 972 873 1010 fecit,

40 1015 208 1054 vapulabit
218 1015 369 1048 multum.
382 1017 446 1047 Alia
457 1026 463 1047 :
481 1018 554 1047 Cum
563 1017 692 1055 fer-eritis
701 1016 801 1045 omnia
810 1024 876 1055 quw

41 1063 199 1100 praecepta
211 1065 280 1091 sunt
292 1062 382 1098 rubis,
394 1062 495 1098 dicite,
507 1063 587 1092 servi
610 1060 732 1090 inn/Hos
746 1069 850 1090 sumus
867 1071 873 1093 :

42 1105 121 1142 quia
137 1105 218 1143 quod
230 1106 329 1144 facere
339 1106 510 1145 debuimus,
525 1106 649 1144 fecimus
664 1105 704 1135 85.

352 1151 491 1183 ORATIO
507 1151 567 1183 XV.

352 1207 567 1230 ARGUMENTUM.

46 1242 180 1285 Tenere.
193 1254 244 1276 seu
266 1244 422 1277 observ/ire
442 1255 508 1285 (Iure
529 1247 558 1276 in
577 1245 689 1275 divinis
704 1244 872 1283 Srripturis

87 1284 247 1323 leguntur,
262 1290 355 1316 tolum
369 1288 421 1316 Dei
432 1284 623 1316 uiiiuuwsst'.
640 1286 872 1318 I)eorutionc,c't

86 1325 225 1361 lect/one,
239 1331 265 1355 el
277 1327 422 1364 quomodo
434 1324 809 1365 (j/irisliunopxullmrlnm
821 1325 870 1359 sit,

85 1370 141 1406 Qui
158 1371 292 1408 docetur,
310 1373 364 1402 nisi
382 1383 447 1412 qutu
461 1373 565 1403 doctus
595 1378 636 1402 est
654 1373 683 1402 in
706 1371 804 1401 animo
820 1379 870 1400 re—

46 1414 133 1451 tinet,
148 1417 222 1446 nihil
245 1417 377 1456 profecit.
395 1417 448 1452 Qui
466 1417 577 1447 litteras
592 1416 701 1451 sciens,
716 1416 797 1454 legit,
815 1413 870 1444 nisi

45 1458 191 1498 intelligat
205 1470 270 1500 quae
286 1461 367 1500 lt‘gll,
395 1462 611 1501 quodammodo
628 1460 797 1490 illitteratus
813 1462 867 1489 est.

918 527 1005 557 etiam
1024 537 1108 558 orare
1124 538 1227 568 queas,
1250 529 1372 559 mulzum
1390 534 1516 568 tempus,
1535 530 1735 572 laboremque,

919 577 946 602 et
961 573 1050 602 animi
1070 573 1160 611 magis
1176 583 1264 612 quam
1290 574 1423 612 Corporis
1451 574 1608 605 desiderat.
1627 575 1737 612 Quam-

918 616 1020 646 obrem
1037 622 1065 646 et
1094 618 1252 656 Apostolus
1280 618 1412 648 hortatur
1439 619 1558 649 assidue
1573 625 1692 651 cantare
1709 626 1738 651 et

918 661 977 699 psal
992 670 1041 690 ere
1051 661 1112 691 Deo
1125 662 1152 691 in
1165 662 1254 692 corde
1267 662 1365 692 nonin
1379 662 1463 692 labiis
1527 663 1582 694 Sed
1597 666 1735 704 quoniam

915 714 953 734 ar
965 706 1153 736 abundantia
1169 706 1301 745 loqui/ur
1311 707 1354 746 ⁸6,
1366 717 1488 737 necesse
1496 709 1634 738 estetiam
1645 719 1697 749 per
1706 720 1738 741 os

916 759 948 778 ex
965 750 1147 780 abundantia
1159 750 1239 781 iliius
1251 752 1416 782 orationem
1429 754 1534 791 promi,
1556 762 1622 782 cum
1639 753 1736 792 ipsum

916 803 968 823 cor
997 795 1077 833 prius
1107 797 1250 825 mundum
1291 801 1432 831 creatum,
1473 796 1582 826 deinde
1620 798 1737 829 divinus

915 839 1100 883 rectitudinis
1142 840 1269 880 Spiritus
1311 840 1464 870 innovatus
1506 841 1626 872 fuerit:
1673 847 1738 883 post

887 868 904 890 B
917 882 1044 912 laetitiam
1057 868 1194 914 salutaris
1207 885 1258 914 Dei
1280 885 1450 924 gustaverit,
1462 895 1527 925 quae
1540 895 1573 915 ex
1589 868 1737 918 consorrtio

916 931 945 956 et
960 928 1168 958 communione
1198 929 1304 959 Christi
1334 929 1472 958 exsistit:
1503 929 1614 960 deinde
1644 933 1738 967 gratia

917 969 1043 1010 Spiritus
1074 972 1246 1012 principalis
1277 974 1444 1004 ﬁrmitatem
1475 974 1674 1013 acquisiverit,
1706 981 1738 1006 ut

917 1015 1081 1054 Spiritualia
1100 1017 1250 1057 nequitize,
1275 1028 1339 1058 quae
1369 1018 1543 1057 cogitationv-
1560 1025 1735 1057 cernuntur,

919 1059 997 1089 nulla
1009 1069 1042 1090 ex
1058 1066 1138 1100 parte
1152 1062 1215 1101 ejus
1227 1063 1382 1095 motiones.
1396 1062 1520 1099 Cogitata
1535 1069 1694 1094 concutere
1708 1069 1737 1095 et

912 1112 1050 1148 quassare.
1062 1106 1122 1135 suis
1134 1106 1249 1136 ﬂatibus
1273 1107 1387 1146 possint
1400 1107 1441 1136 87.
1465 1107 1505 1137 Ac
1523 1112 1581 1137 tum
1598 1108 1736 1148 precibus

913 1147 1019 1177 divinis
1033 1158 1148 1185 vacans,
1169 1159 1221 1189 per
1235 1151 1333 1181 radios
1353 1150 1490 1190 mysticus
1506 1161 1558 1190 per
1573 1152 1735 1183 orationem

912 1200 1003 1231 super
1017 1198 1150 1224 orantem
1167 1199 1283 1225 exortus
1300 1195 1416 1234 cognita
1443 1200 1470 1225 et
1494 1196 1603 1233 agnita,
1622 1197 1657 1226 ad
1672 1197 1735 1227 fru-

913 1245 978 1273 gem
996 1242 1137 1267 maturam
1152 1239 1316 1278 perducere
1331 1244 1443 1279 potest:
1466 1239 1575 1280 alioqui
1592 1241 1736 1281 insipiens

914 1289 946 1310 ac
962 1282 1096 1320 stupidus
1111 1287 1167 1314 est.

957 1326 1085 1357 Psillere
1101 1327 1190 1365 igitur
1206 1328 1266 1358 Deo
1284 1327 1393 1358 bonum
1426 1333 1483 1365 est,
1502 1329 1569 1369 quia
1586 1329 1614 1359 in
1633 1330 1735 1369 primis

915 1367 1108 1400 fructuosum.
1125 1370 1155 1402 Si
1170 1372 1247 1402 enim
1275 1372 1413 1412 quiddam
1431 1367 1579 1412 singulare
1599 1367 1652 1409 est,
1668 1385 1733 1405 cum

914 1421 983 1451 rege
995 1419 1111 1445 terreno
1125 1416 1264 1455 colloqui,
1277 1421 1385 1456 quanto
1396 1417 1573 1455 singularius
1585 1428 1651 1448 cum
1665 1427 1735 1458 rege

912 1458 1024 1488 caelesti
1035 1458 1046 1489 ?
1057 1459 1128 1494 Quis
1140 1460 1284 1490 accedere
1297 1461 1427 1501 propius,
1441 1466 1468 1491 et
1479 1462 1652 1502 cujusquam
1667 1473 1734 1493 cum

47 1503 383 1544 Quilt-giletinlelligit,
399 1506 454 1536 nisi
476 1505 626 1536 intellecta
637 1514 753 1535 scrvare
766 1507 902 1548 potest,c
916 1509 984 1548 rege
1000 1513 1167 1534 sermonem
1194 1505 1392 1536 interlurbare
1420 1506 1508 1536 audet
1525 1507 1536 1536 Υ
1565 1506 1613 1537 Sic
1639 1517 1735 1548 neque

47 1548 121 1578 nihil
139 1549 165 1578 ei
196 1550 310 1589 podest.
342 1549 460 1580 Divinas
491 1549 659 1589 Scripturas
688 1549 799 1587 legere,
817 1544 874 1578 nisi

47 1592 208 1623 arbitratus
224 1602 269 1624 est
298 1594 465 1634 intelligere
495 1595 571 1625 lecta
600 1595 629 1627 in
658 1593 743 1624 nobis
774 1597 828 1629 est,
846 1596 874 1622 et

48 1647 107 1667 non
123 1644 179 1669 est.
197 1638 229 1668 In
246 1639 344 1676 nobi~,
372 1640 501 1670 studium
520 1648 526 1670 :
557 1639 723 1677 intelligere
747 1647 763 1667 a
781 1637 874 1675 gratia

49 1683 101 1712 Dei
113 1683 231 1723 pendet.
247 1684 354 1714 \‘erum
370 1689 483 1723 tenere,
495 1693 546 1714 seu
560 1688 696 1723 priestare
708 1683 867 1721 intellecta,

49 1727 77 1756 id
96 1732 184 1758 totum
202 1737 349 1767 supremae
364 1729 464 1768 gratiae
479 1733 630 1768 acceptum
650 1727 754 1758 referri
769 1726 869 1757 debet.

49 1771 191 1806 Quocirca
207 1773 290 1812 pauci
320 1778 389 1803 sunt
415 1773 465 1813 qui
493 1782 528 1803 ea
555 1773 764 1812 praestanti“;
795 1773 871 1802 sicut

49 1817 132 1856 pauci
145 1821 211 1847 sunt
224 1819 271 1857 qui
284 1818 445 1848 salvantur.
462 1817 537 1848 Sunt
557 1827 626 1856 ergo
647 1817 717 1855 duo,
733 1817 826 1846 oratio
843 1825 871 1851 ei

50 1861 145 1898 lectio,
159 1871 281 1901 quorum
295 1862 355 1892 haec
371 1871 428 1901 qua
440 1862 485 1892 via
494 1863 528 1892 ad
544 1862 636 1892 Deum
646 1860 868 1900 perveniamus;

51 1905 146 1942 docet,
174 1905 300 1944 facitque
330 1906 480 1936 hominem
512 1906 669 1936 divinum:
701 1904 749 1934 illa
775 1903 868 1933 Deum

51 1949 153 1986 ﬂectit,
172 1955 201 1979 ut
218 1954 346 1979 mentem
365 1950 490 1988 legentis
507 1950 665 1985 illuminet,
684 1959 741 1986 quo
754 1948 829 1978 lecta
841 1952 869 1978 et

51 1993 203 2032 intelligat,
221 1998 249 2024 et
263 1994 401 2024 observet
429 1995 494 2025 Alia
510 1994 619 2025 etenim
635 1993 746 2033 scripta
767 1992 867 2033 perci-

53 2047 120 2077 pere
130 2043 158 2068 et
169 2047 348 2077 cognoscere
360 2044 480 2078 possunt
492 2039 541 2079 qui
553 2039 654 2078 legunt
667 2048 673 2067 :
687 2046 872 2077 qutecunque

53 2089 147 2114 autem
179 2084 277 2114 divina
307 2089 336 2114 et
364 2085 502 2115 salutaria
532 2089 612 2121 sunt,
643 2084 715 2114 citra
744 2082 872 2122 Spiritus

54 2130 140 2158 sancti
153 2128 398 2159 illuminationem
411 2129 624 2169 comprehendi
636 2128 806 2167 servarique
820 2137 871 2157 nc-
881 2153 903 2176 Β

54 2177 167 2212 queunt.
180 2173 344 2212 thuidem
357 2173 405 2213 qui
418 2177 502 2204 orare
513 2179 542 2203 ut
555 2174 653 2210 debet,
672 2173 795 2203 edoctus
813 2175 867 2208 est,

53 2221 199 2256 tantopere
215 2217 350 2247 lectionis
375 2227 434 2248 non
462 2218 616 2257 indigebit,
648 2217 754 2247 divinze
769 2216 869 2255 gratim

53 2261 146 2292 divino
162 2261 272 2292 lumine
288 2262 423 2302 replente
439 2263 505 2302 ejus
521 2266 661 2299 animam,
679 2267 708 2292 et
722 2271 749 2292 in
761 2266 867 2291 statum

53 2308 202 2346 quemdam
219 2305 393 2337 diviniorem
410 2307 596 2337 immutante.
615 2305 668 2342 Qri
685 2310 782 2336 autem
793 2315 866 2336 con—

54 2350 329 2381 tinuatlllrclionem
364 2351 456 2391 plurs
485 2352 565 2391 facit,
596 2356 751 2390 antequam
770 2359 867 2390 orare,

54 2401 83 2426 ut
97 2399 217 2435 oportet,
234 2395 383 2432 didicerit,
402 2401 490 2434 errat,
517 2405 609 2436 seque
625 2395 721 2435 ipsum
738 2404 754 2425 a
770 2395 867 2425 divina

55 2440 140 2470 salute
154 2439 271 2470 abducit
289 2450 294 2468 :
321 2440 381 2470 imo
409 2450 478 2471 vero
506 2449 611 2470 sensus
627 2439 745 2470 omnino
763 2448 867 2479 expers

55 2492 106 2522 est,
123 2484 233 2514 tametsi
250 2486 278 2513 in
310 2488 368 2514 tota
394 2484 547 2525 Sciiptura
575 2494 657 2515 sacra
674 2484 866 2514 exercitatum

55 2539 95 2569 se,
112 2535 138 2559 et
164 2538 227 2559 eam
257 2529 382 2559 recitare
413 2530 586 2559 memoriter
615 2538 700 2569 posse
730 2530 864 2558 fateatur.

55 2573 88 2604 Ut
107 2573 178 2603 enim
209 2573 281 2602 citra
311 2573 439 2603 calorem
470 2574 552 2613 solis,
582 2573 693 2603 fructus
710 2573 865 2612 provenire

57 2628 109 2649 non
125 2621 229 2658 potest,
243 2619 292 2648 sed
314 2618 413 2649 hieme
424 2618 543 2658 quidem
562 2618 702 2655 nascitur,
717 2627 783 2648 vere
801 2627 863 2648 ma—

57 2668 196 2695 turescere
213 2663 328 2704 incipit,
344 2664 450 2704 frigore
461 2669 556 2694 autem
571 2663 713 2700 nascitur,
726 2673 793 2693 vere
806 2673 864 2694 ma-

56 2713 195 2740 turescere
209 2708 323 2749 iuciplt,
342 2708 450 2748 frigore
479 2713 576 2740 autem
603 2712 812 2748 perseverante
827 2708 863 2739 ad

915 1547 1066 1578 dic-mones
1104 1549 1139 1579 ad
1182 1549 1266 1579 illum
1308 1550 1546 1590 appropinquare
1574 1547 1732 1590 sustinent,

915 1593 963 1631 qui
981 1602 1046 1622 cum
1064 1592 1124 1623 Deo
1148 1593 1285 1633 loquitur.
1319 1595 1383 1625 Non
1400 1595 1526 1634 psallere
1544 1596 1613 1632 Deo,
1633 1605 1736 1635 magna

915 1636 1106 1675 estjactura:
1139 1638 1237 1668 aniira
1259 1639 1367 1678 quippe
1393 1649 1450 1669 non
1469 1639 1621 1679 psallentis
1637 1640 1735 1671 divino

913 1680 1036 1717 lumine,
1052 1682 1149 1712 divina
1165 1683 1269 1714 virtute
1290 1688 1317 1713 et
1332 1684 1431 1723 quiete
1447 1683 1605 1714 insultibus
1621 1685 1734 1715 daemo-

912 1734 981 1754 num
997 1725 1137 1765 privatur,
1152 1731 1180 1757 et
1193 1728 1288 1757 omnis
1303 1728 1470 1767 petulantia,
1490 1728 1586 1758 omnis
1602 1728 1733 1759 immun-

913 1769 993 1801 ditia.
1010 1771 1292 1811 omnisimprobitas
1302 1776 1330 1802 et
1345 1771 1499 1811 injustilia,
1513 1773 1612 1802 omnis
1628 1773 1731 1814 fastus,

914 1815 1081 1850 ostentatio,
1100 1816 1267 1855 arrogantia
1281 1816 1317 1846 ab
1335 1816 1439 1846 iisdem
1455 1816 1484 1846 in
1501 1817 1635 1847 eamdem
1653 1817 1734 1848 inve~

913 1857 1002 1889 hitur.
1019 1858 1102 1890 Sicut
1131 1861 1209 1891 enim
1239 1860 1305 1891 cceli
1334 1860 1512 1900 aspiratione
1541 1871 1675 1901 corpora,
1693 1862 1735 1894 ita

913 1903 1034 1941 perenni
1048 1904 1100 1934 Dei
1111 1906 1356 1935 memoriaomnis
1366 1915 1463 1935 anima
1473 1915 1593 1944 prorsus
1605 1906 1730 1946 indiget.

911 1946 1021 1992 Yet‘uni
1038 1949 1187 1982 enimvero
1204 1950 1328 1990 psallere
1354 1949 1413 1980 Deo
1425 1950 1600 1990 simpliciter
1611 1960 1644 1981 ac
1661 1961 1730 1992 per-

910 1990 1068 2030 functorie,
1085 1998 1114 2024 et
1129 1994 1196 2024 sine
1212 1994 1328 2031 timore,
1346 1994 1396 2033 qui
1412 1995 1472 2024 Deo
1500 1995 1607 2025 astanti
1623 1990 1668 2025 est
1682 2005 1734 2027 ne-

914 2037 1071 2075 cessarius,
1083 2048 1169 2077 quem
1188 2039 1348 2070 Cliernbim
1361 2043 1501 2076 tremunt,
1515 2044 1624 2069 tantum
1637 2039 1732 2081 abest,

915 2086 945 2111 ut
961 2081 1070 2121 aliquid
1085 2083 1245 2119 commodi,
1261 2088 1291 2113 ut
1307 2083 1404 2123 potius
1428 2083 1661 2123 incompaiabile
1676 2084 1731 2115 (le-

915 2125 1084 2156 trimentum
1101 2127 1228 2164 atterat;
1259 2128 1328 2167 quia
1357 2129 1448 2158 Dcum
1479 2132 1643 2167 exasperat,
1673 2132 1734 2159 eta

913 2170 998 2200 nobis
1015 2171 1129 2208 avertit,
1148 2181 1259 2212 nosque
1275 2171 1310 2202 ab
1327 2171 1376 2202 illo
1394 2178 1531 2211 tanquam
1549 2172 1578 2201 in
1595 2172 1731 2203 exsilium

911 2215 1002 2254 ejicit.
1019 2215 1165 2247 Nimirum
1197 2217 1447 2257 quemadmodum
1477 2226 1544 2246 cum
1560 2222 1732 2258 contemptu

910 2261 972 2300 regi
985 2266 1128 2292 astantem
1147 2263 1288 2292 satellites
1302 2262 1381 2301 regis
1406 2261 1566 2302 abripiunt,
1583 2266 1611 2292 et
1626 2271 1642 2292 a
1657 2271 1730 2293 con-

910 2309 1012 2345 spectu
1024 2306 1088 2345 ejus
1099 2307 1268 2344 exturbant,
1282 2307 1370 2346 idque
1377 2315 1428 2336 rex
1440 2306 1560 2336 minime
1569 2307 1730 2346 reprehen-

910 2349 977 2380 dit:
1009 2350 1052 2381 sic
1080 2351 1176 2390 angeli
1206 2351 1271 2390 Dei,
1303 2355 1432 2382 mentem
1461 2352 1652 2390 contemptim
1668 2351 1729 2382 Deo

910 2394 1121 2425 astantisaDei
1134 2395 1298 2426 visitatione
1315 2396 1450 2435 ejiciunt,
1467 2404 1556 2434 quam
1574 2395 1729 2426 confestim

908 2438 1057 2469 daemones
1065 2445 1226 2480 arreptum,
1237 2439 1527 2480 majoreauctoritate
1535 2439 1730 2480 litierlateque

907 2482 990 2522 (quia
1005 2483 1081 2514 Vt‘lllt
1094 2483 1464 2524 alupanariuutcaupona)
1483 2484 1643 2524 imperiose
1655 2494 1730 2522 quo-

907 2527 992 2565 iibet,
1010 2527 1072 2558 sive
1088 2532 1123 2558 ad
1141 2529 1236 2568 turpia
1253 2534 1282 2560 et
1297 2529 1432 2566 nefanda,
1451 2529 1512 2558 sive
1532 2528 1567 2558 ad
1582 2528 1728 2568 improba,

908 2580 968 2602 Sive
978 2572 1012 2602 ad
1025 2581 1098 2602 vana
1109 2578 1137 2602 et
1152 2573 1252 2604 inania
1266 2574 1428 2604 ductitant:
1450 2577 1478 2602 et
1493 2581 1590 2612 neque
1606 2572 1656 2612 qui
1673 2582 1727 2612 pa—

908 2616 979 2646 titur
993 2616 1214 2655 animadvertit.
1232 2628 1328 2658 neque
1355 2617 1433 2648 Deus
1458 2616 1574 2657 liberat,
1590 2617 1729 2656 quoniam

906 2660 1034 2700 ipsemet
1049 2666 1166 2702 spretus
1182 2667 1270 2702 atque
1285 2666 1472 2701 contemptus
1488 2665 1541 2692 est.
1561 2662 1637 2700 Lege
1649 2661 1728 2691 enim

907 2707 945 2737 ita
961 2707 1057 2737 sanxit
1070 2717 1075 2738 :
1087 2709 1208 2740 Servite
1220 2709 1352 2740 Domino
1365 2709 1522 2745 intimare,
1539 2711 1569 2738 et
1580 2708 1730 2738 exsultate

91 2806 196 2850 8ft_.uc.
211 2804 332 2850 λίπῃ-47.
374 2805 492 2838 83Luc.
508 2813 580 2845 xvu,
596 2805 646 2836 to.
689 2805 721 2831 84
740 2805 842 2838 Matth.
864 2813 917 2844 vn,
941 2805 991 2837 14.
1033 2805 1065 2831 85
1090 2806 1201 2847 Ephes.
1228 2817 1260 2850 γ,
1284 2808 1312 2846 t,
1337 2816 1422 2848 seqq.
1464 2805 1496 2832 86
1519 2806 1591 2838 Luc.
1617 2813 1660 2845 vr,
1675 2805 1726 2838 45.

55 2846 82 2873 8⁷
93 2847 197 2888 Ephes.
214 2854 254 2887 v1,
265 2847 315 2878 12.
