1983 3072
47 167 105 201 389

772 165 912 202 ORATIO
932 166 1011 200 XVI.

1674 163 1734 197 390

87 233 361 265 Christianismum
379 235 503 276 fugere:
524 235 582 266 Dei
601 236 680 266 enim
692 238 941 266 sententinmAet
957 233 1135 264 inevitabilia
1158 232 1275 264 vinrula
1299 233 1470 272 indigentia:
1494 232 1594 272 fugere
1617 234 1732 271 volens,

87 277 232 305 natm-um
247 277 332 305 nobis
347 278 484 312 /aclnm;
499 279 528 307 et
545 276 757 306 tribu/uttones
771 284 872 306 omnes

85 315 259 354 gratiarum
273 316 423 346 actionem
448 316 564 347 docere.
595 317 691 355 Cujus
716 317 761 346 rei
778 324 870 346 causa

85 358 257 394 peccatum,
274 356 384 392 morbi,
401 359 431 386 et
445 365 526 386 mors
540 357 724 387 exstiterint.

90 414 169 444 Deus
181 415 333 445 hominem
345 420 410 455 post
420 416 531 456 lapsum
545 416 700 446 timoribus
716 416 825 446 multis.
843 419 872 446 et

51 459 354 499 omnigenisrasibus,
367 461 447 500 quasi
461 470 543 490 muro
554 461 680 495 vallavit,
698 466 726 490 et
742 459 872 499 undique

51 503 121 533 fecit
139 504 234 534 turbis
257 514 291 534 ac
322 505 483 535 terroribus
511 505 613 545 impeti
642 510 728 545 atque
752 504 871 544 jactari,

50 547 245 587 ipsumquein
257 558 289 579 se
305 558 320 578 a
335 549 497 589 semetipso
516 550 690 589 oppugnari.
708 551 801 580 Causa
817 549 872 578 hu-

48 592 98 631 jus
114 593 170 630 rei,
182 593 377 630 admirabilis,
392 594 532 634 otnnique
543 594 685 624 charilatc
698 604 732 624 ac
744 593 873 623 bonitate

49 637 159 667 referta
176 642 231 668 est.
259 637 341 668 Sicut
368 639 447 668 enim
474 643 554 678 pater
569 639 727 678 quispiam,
745 638 825 668 dives
840 647 873 667 ac

49 682 213 711 fortunatus
231 682 316 712 bonis
330 683 478 720 omnibus,
505 683 528 713 si
555 683 649 712 filium
679 683 801 713 haberet
816 681 873 711 sibi

51 726 143 756 multo
153 726 372 764 charissimnm,
389 737 421 757 ac
434 733 552 767 propter
563 728 777 758 vehementiam
789 735 874 756 amo-

52 769 92 800 ris
105 780 174 809 erga
192 771 269 801 hunc
285 780 457 810 germanum
474 781 507 802 ac
521 772 660 802 dilectum
677 772 768 801 lilium
789 780 874 800 suum

53 824 109 844 nec
125 815 237 855 cibum,
255 825 308 846 nec
325 821 436 855 potmn,
457 826 511 846 nec
526 822 648 852 vestem,
677 825 731 846 nec
748 816 873 850 calceos,

56 868 110 889 nec
123 860 201 889 aliud
210 861 408 899 commodum,
419 862 682 900 recreationemvo,
695 861 751 890 nisi
765 864 875 890 tantum

54 903 90 933 ab
107 913 139 933 se
152 905 288 940 genitore
302 905 390 935 vellet
418 906 500 935 illum
527 906 673 945 accipere,
691 910 719 935 ut
735 905 844 935 idcirco
859 913 875 934 a

55 947 146 987 patris
163 949 252 979 latere
282 959 430 989 nunquam
456 950 634 985 discederet,
663 955 691 980 et
707 959 796 990 Super
811 950 876 988 ejus

54 1002 150 1030 genua
165 995 381 1033 requiesceret;
398 995 552 1034 siquando
564 999 662 1024 autem
676 1004 692 1024 a
703 1000 784 1034 patre
800 994 875 1024 alie-

56 1037 120 1067 nari
131 1046 198 1067 eum
210 1039 406 1077 contingeret,
424 1044 449 1069 et
462 1039 498 1069 ab
509 1039 584 1075 aliis,
602 1049 660 1069 non
677 1048 693 1069 a
706 1043 825 1078 parente
840 1038 876 1068 ad

55 1090 141 1111 usum
158 1091 241 1112 suum
254 1082 420 1112 neCessaria
431 1083 487 1112 sibi
502 1083 624 1122 praeberi
641 1083 739 1122 vellet,
753 1086 803 1112 aut
819 1090 876 1111 non

55 1125 214 1163 inveniret,
232 1131 283 1157 ent
297 1126 430 1157 invenire
445 1128 578 1167 quidem,
605 1128 657 1158 sed
676 1128 704 1157 in
721 1129 828 1157 sudore
844 1135 878 1156 ac

58 1169 160 1200 labore
176 1175 204 1200 et
215 1171 374 1202 afﬂictione
385 1172 544 1211 acciperet,
555 1172 634 1212 quod
650 1172 787 1202 omnibus
804 1171 878 1211 patri

57 1214 256 1245 servientibus
272 1216 354 1246 valde
371 1217 450 1246 serio
465 1217 641 1257 itnperatum
672 1222 761 1253 esset,
789 1215 878 1246 talem

59 1258 152 1288 ﬂlium
166 1259 289 1290 missum
299 1262 406 1297 lacere,
419 1262 576 1301 repellere,
591 1267 619 1292 et
632 1262 726 1292 modis
741 1261 880 1291 omnibus

59 1304 203 1334 molestiis
216 1305 344 1341 allicere,
358 1309 475 1345 quando
491 1312 572 1337 extra
585 1307 673 1347 patris
687 1309 879 1345 conspectum

58 1356 225 1378 versantem
237 1349 381 1384 viderent,
391 1355 420 1380 ut
429 1350 497 1380 alibi
507 1351 726 1381 noninveniens
735 1350 880 1389 requiem,

57 1392 190 1428 adactus,
204 1393 393 1433 necessitate,
408 1395 554 1425 etinvitus
563 1396 596 1425 ad
616 1401 741 1436 patrem,
754 1395 803 1433 qui
815 1403 882 1424 eum

59 1436 288 1478 incredibiliter,
307 1443 335 1469 et
347 1439 410 1478 plus
426 1440 564 1470 onmibus
580 1441 743 1476 dilexisset,
757 1443 884 1470 reverte-

59 1486 152 1518 retur,
168 1491 195 1512 ιη
211 1490 305 1522 eoque
317 1484 543 1524 conquiesceret
561 1495 568 1514 :
586 1485 690 1515 eodem
708 1484 794 1514 modo
806 1483 885 1513 Deus

60 1525 120 1563 egit
135 1535 201 1555 cum
217 1526 349 1563 homine,
367 1533 399 1558 ut
423 1529 532 1558 nullam
550 1529 579 1558 in
596 1529 650 1558 hac
665 1528 721 1558 vita
735 1527 885 1566 rebUSque

913 288 1092 318 magnopere
1109 278 1271 315 contendit,
1289 278 1366 309 utin
1393 278 1449 308 vita
1479 278 1558 308 nulla
1580 287 1613 308 re
1639 282 1734 317 egeat.

912 323 987 354 Hinc
1004 327 1053 354 aut
1068 323 1210 360 occultus,
1242 328 1292 353 aut
1321 323 1493 353 manifestus
1521 327 1550 353 et
1579 323 1737 362 impudens

912 367 1077 398 alienorum
1107 367 1234 403 invasor,
1264 376 1379 404 avarus,
1404 367 1541 407 injustus,
1568 377 1655 407 rapax
1682 367 1730 405 sit,

912 412 976 442 ztllo
989 413 1123 451 agitetur,
1139 412 1261 448 invidet,
1279 411 1399 449 riValur,
1430 416 1582 452 mentitur,
1607 412 1730 452 psjerat,

914 456 1079 492 insidiatur,
1095 456 1302 491 calumniatur,
1320 456 1414 486 maled
1429 457 1478 491 cit,
1497 462 1615 497 pugnat,
1627 457 1733 487 ira~ci-

915 501 1079 539 tur,bellnt,
1091 510 1122 530 se
1130 501 1231 531 ulcisci
1249 511 1294 537 ur,
1308 501 1426 538 occidit,
1436 502 1523 531 etiam
1536 502 1631 541 ipsum
1644 501 1736 532 Deum

914 550 1109 577 contemnens
1121 545 1350 585 quodammodo,
1364 545 1412 586 qui
1426 546 1503 576 velut
1513 551 1736 585 temporaneum

914 591 1091 630 supplicium
1116 590 1145 619 in
1170 590 1222 620 hac
1247 590 1305 620 vita
1334 590 1526 630 indigentiam
1553 600 1618 621 esse
1635 592 1737 628 voluit,

915 644 1003 673 quam
1023 635 1188 665 mortalium
1214 635 1316 674 generi
1345 636 1518 675 protopzasti
1543 637 1738 675 transgressio

916 679 1040 715 induxit,
1060 684 1087 708 et
1104 679 1163 709 Deo
1187 679 1356 710 iuimicilias
1382 680 1496 715 indicit,
1524 690 1557 711 ac
1582 685 1741 721 propterea

916 733 1015 754 rerum
1029 724 1128 763 copias
1136 723 1191 754 sibi
1203 733 1319 763 parans.
1332 724 1402 754 inde
1412 725 1570 761 gloriosus,
1580 726 1738 766 superbus,

912 768 1110 807 jactabundus
1126 768 1270 799 redditur.
1289 769 1363 805 Quid
1375 769 1508 800 deinde?
1523 770 1671 801 Dominus
1685 781 1739 801 su-

915 813 1016 852 perbis
1029 814 1140 844 resistit
1152 813 1200 851 93,
1220 818 1249 843 et
1266 814 1382 844 tandem
1397 819 1528 845 extrema
1539 815 1602 854 ejus
1618 815 1646 845 in
1661 825 1742 846 eam-

918 859 984 887 dem
1014 858 1235 889 damnationem
1267 869 1333 889 cum
1363 859 1515 890 desertore
1544 859 1596 890 Dei
1622 860 1740 891 diabolo

888 932 906 956 Β
918 902 1036 956 ca'dnnt.
1054 903 1326 956 Scipeigitnrlicet,
1346 904 1660 956 indigentiamjustum
1676 914 1742 935 esse

917 956 933 976 a
949 945 1008 976 Deo
1024 947 1213 987 supplicium,
1241 953 1383 988 gratoque
1407 950 1558 980 ferendam
1581 949 1693 985 animo,
1712 954 1742 980 ut

917 990 957 1020 ita
973 992 1262 1023 commiserationem
1281 1001 1309 1023 et
1333 993 1580 1030 misericordiam,
1597 997 1626 1024 et
1641 995 1738 1033 provi-

918 1035 1046 1064 dentiam
1061 1035 1112 1066 Dei
1123 1035 1151 1066 in
1161 1046 1214 1066 nos
1226 1037 1399 1068 excitemus.
1414 1038 1527 1068 Idcirco
1535 1038 1741 1080 Quemdiligil

920 1079 1067 1110 Dominus
1081 1082 1219 1120 castigat,
1240 1082 1326 1120 longe
1341 1092 1408 1112 eum
1430 1091 1446 1112 a
1469 1083 1609 1123 superbia
1625 1079 1745 1124 propter

919 1124 1113 1164 indigentiam
1131 1135 1286 1156 removens
1303 1135 1309 1157 :
1329 1127 1477 1166 I-‘lagellat
1500 1133 1600 1159 autem
1625 1138 1744 1160 omnem

920 1168 1029 1208 ﬁlium,
1045 1178 1127 1208 quem
1142 1170 1306 1211 reci/r1196,
1322 1180 1376 1212 per
1392 1172 1510 1202 morbos
1526 1173 1632 1210 varios,
1650 1178 1679 1204 et
1693 1173 1742 1203 in-

921 1213 1105 1244 valetudines
1115 1223 1181 1244 eum
1197 1215 1252 1245 sibi
1265 1216 1418 1255 copulans,
1435 1217 1543 1256 gratias
1555 1221 1702 1257 agentem,
1714 1221 1744 1248 et

923 1257 1093 1296 patientem,
1107 1263 1135 1288 et
1148 1268 1199 1298 pro
1212 1259 1418 1299 hujuscemodi
1430 1263 1623 1292 certaminum
1636 1272 1745 1293 corona

923 1302 1109 1347 adoptionem
1122 1309 1337 1343 reportantem.
1353 1306 1469 1338 Etenim
1483 1307 1745 1347 protoplastusnou

924 1346 960 1376 ob
974 1346 1051 1377 aliud
1067 1347 1182 1378 violavit
1194 1350 1378 1388 mandatum,
1393 1350 1449 1380 nisi
1461 1351 1537 1390 qutid
1561 1346 1638 1382 nulla
1657 1362 1745 1392 pvor-

925 1399 974 1420 sus
986 1400 1018 1421 re
1028 1397 1137 1430 egeret,
1153 1397 1290 1433 essetque
1305 1394 1370 1425 sine
1381 1394 1481 1426 labore
1495 1395 1576 1427 dives
1599 1397 1744 1428 bonorum

926 1444 1071 1466 omnium.

966 1523 1062 1559 Quare
1073 1526 1122 1565 qui
1135 1526 1326 1565 indigentiam
1340 1528 1422 1568 fugit,
1434 1538 1521 1568 quam
1532 1530 1661 1569 nll'ugere
1673 1540 1750 1561 nun-

62 1570 166 1600 mundi
183 1572 316 1610 requiem
340 1572 492 1603 inveniens
524 1573 672 1613 (quoniam
700 1574 761 1603 lucc
786 1571 1015 1607 omniaCQUrun
1033 1570 1151 1615 poterit,
1179 1571 1239 1602 Deo
1256 1573 1372 1603 videtur
1391 1573 1551 1611 adwrsari,
1579 1580 1608 1604 et
1632 1574 1668 1605 ab
1685 1577 1748 1615 ipso

61 1615 192 1653 vanitas)
205 1617 242 1646 ad
260 1617 369 1647 bonum
387 1617 490 1654 Deum,
508 1617 676 1655 Dominum,
696 1619 819 1653 Herum,
835 1616 886 1646 Pa.

64 1662 150 1695 tram,
169 1659 319 1698 Tutorem,
337 1661 532 1702 Provisorem,
550 1663 790 1703 Redemptorem,
820 1661 885 1692 Sal-

61 1708 194 1735 vatorem
207 1710 416 1747 reverteretur,
434 1711 462 1737 et
477 1717 543 1737 cum
559 1717 593 1737 eo
611 1707 799 1738 continenter
813 1715 882 1736 ver-

62 1753 190 1786 saretur,
208 1754 236 1779 et
249 1749 467 1791 inveniretipse
493 1752 612 1792 quidem
633 1755 777 1792 requlem,
796 1752 883 1782 Pater

61 1798 161 1823 autem
168 1793 280 1824 etDeus
287 1804 321 1826 eo
327 1796 529 1835 perfrueretur
537 1823 539 1829 .
548 1806 582 1827 ac
589 1807 620 1826 su
626 1807 679 1836 per
685 1807 718 1827 eo
726 1797 881 1827 lzelaretur.

62 1837 132 1868 Erat
150 1839 239 1873 enim,
260 1849 324 1869 cum
342 1841 430 1871 homo
445 1842 664 1872 circmnﬂueret
680 1843 819 1872 omnibus
832 1851 884 1872 co-

64 1883 133 1922 piis,
152 1889 180 1913 et
195 1889 314 1924 propter
344 1895 407 1915 eam
437 1887 646 1917 abundantiam
677 1887 706 1917 in
736 1888 835 1927 quiete
852 1896 886 1917 ac

63 1927 214 1967 voluptate
228 1933 317 1966 esset,
343 1935 516 1970 vacaretque
539 1932 699 1962 afﬂictione
722 1937 750 1961 et
765 1932 885 1970 a‘gritu-

65 1971 148 2008 dine,
163 1973 293 2011 gaudens
310 1978 338 2004 et
368 1975 526 2012 exsultans,
553 1977 741 2016 nesciretque
767 1985 887 2016 prorsus

65 2016 136 2055 quid
153 2017 297 2055 aegritudo
311 2024 399 2049 esset.
417 2019 456 2049 Ex
474 2020 652 2059 negligentia
666 2020 754 2059 igitur
769 2024 888 2060 propter

64 2061 246 2091 afﬂuentiam
260 2063 441 2094 desiderium
455 2065 715 2104 parturiviteorum
728 2074 887 2105 quaesupra

65 2105 162 2144 ipsum
179 2112 272 2143 erant,
291 2112 320 2138 et
335 2118 399 2148 quze
422 2110 538 2149 assequi
565 2120 622 2140 non
638 2114 761 2150 poterat.
779 2114 808 2140 et
823 2119 888 2149 qum

66 2159 134 2180 cum
152 2151 306 2190 tetigisset,
324 2159 355 2183 ut
368 2154 412 2184 llll
428 2155 581 2186 videbatur
609 2155 645 2185 de
661 2155 724 2194 ipsa
739 2155 789 2185 illa
803 2154 888 2194 copia

66 2198 95 2224 et
110 2195 291 2227 abundantia
306 2198 451 2237 dejectus,
477 2200 512 2230 ad
538 2200 708 2239 multorum,
735 2200 794 2230 imo
816 2208 888 2229 sane

928 1613 1144 1651 pronuntiatam
1158 1616 1345 1652 sententiam,
1371 1622 1540 1657 naturaeque
1555 1618 1619 1648 loco
1634 1613 1749 1649 consti-

928 1659 1030 1702 tutam,
1044 1659 1126 1697 quasi
1139 1665 1273 1690 evertere
1288 1661 1400 1697 conari,
1419 1671 1526 1702 nempe
1538 1663 1701 1702 quajubet,
1718 1667 1750 1694 ut

927 1701 958 1730 in
965 1702 1073 1732 sudore
1080 1703 1178 1734 cultus
1186 1708 1396 1744 noslrl’pancm
1404 1701 1538 1738 nostrum
1544 1701 1748 1746 comedamus,

924 1745 1211 1792 demererer-Iunior
1219 1751 1248 1780 in
1256 1752 1417 1782 terrmndr
1423 1760 1481 1791 qua
1488 1753 1600 1792 sumpti
1606 1754 1749 1786 sumus97.

928 1789 1070 1825 Quoniam
1089 1792 1177 1831 igitur
1192 1794 1354 1834 indigentia
1367 1789 1491 1836 quilibet
1513 1789 1624 1828 boinini
1648 1799 1677 1828 in
1694 1799 1750 1830 hoc

928 1836 1046 1884 saeculo,
1065 1847 1156 1877 parvo
1185 1843 1213 1869 et
1237 1849 1341 1879 magno
1366 1842 1506 1872 naturalis
1525 1851 1611 1882 pinna
1626 1847 1680 1880 est,
1699 1844 1750 1884 qui

928 1880 1003 1910 hanc
1019 1882 1275 1923 quaeritell’ugere,
1300 1884 1329 1915 in
1354 1894 1456 1924 poenas
1480 1880 1676 1926 sempiternas
1701 1880 1748 1919 i'n-

929 1930 1039 1974 curret.
1056 1927 1152 1958 Aliter
1166 1930 1245 1959 enim
1262 1939 1348 1969 quam
1375 1940 1428 1970 per
1450 1933 1611 1969 avaritiam,
1630 1934 1748 1974 injusti-

928 1970 1009 2008 tiam,
1022 1972 1168 2011 rapinam,
1179 1978 1355 2013 praesentem
1363 1975 1555 2015 indigentiam
1565 1970 1684 2018 explere
1691 1988 1750 2009 non

928 2015 1024 2046 datur.
1043 2016 1124 2047 Solet
1138 2023 1236 2048 autetn
1261 2018 1405 2049 bonorum
1429 2021 1514 2060 copia
1538 2015 1682 2060 generare
1697 2033 1750 2054 su-

929 2060 1074 2101 perbiam,
1096 2063 1174 2093 unde
1189 2064 1318 2102 peccatis
1339 2065 1532 2106 principium,
1551 2071 1579 2096 et
1594 2072 1690 2107 caput.
1709 2067 1751 2098 Ea

930 2110 1087 2143 prostrata,
1105 2108 1266 2146 superbum
1283 2111 1312 2138 et
1336 2113 1522 2148 arrogantem
1548 2111 1642 2150 turpia
1666 2112 1748 2143 desi-

928 2150 1037 2188 gnandi
1052 2151 1185 2182 voluntas
1201 2152 1320 2186 invadit,
1338 2163 1404 2193 qua;
1419 2163 1452 2184 ex
1477 2155 1618 2193 amentia,
1647 2160 1676 2186 et
1690 2156 1750 2187 dis-

929 2203 1014 2224 cessu
1029 2205 1044 2225 a
1062 2200 1141 2226 recta
1164 2196 1277 2227 ratione
1306 2197 1501 2238 progignitur.
1526 2198 1629 2230 Omnis
1652 2201 1750 2241 itaque

67 2240 200 2270 omnium
217 2236 370 2280 penuriain
388 2244 523 2275 redactus
547 2249 601 2281 est,
617 2244 646 2274 in
663 2236 742 2275 [arua
757 2248 888 2283 egestate
898 2236 920 2260 D
930 2238 1114 2270 Christianus
1188 2236 1381 2280 indigentiam
1392 2236 1509 2282 lugere
1521 2243 1648 2285 laborat,
1661 2236 1749 2276 θῑίξλῐη

66 2285 255 2323 constitutus,
273 2291 302 2317 ut
329 2297 451 2319 summa;
475 2289 664 2320 abundantiae
678 2299 793 2319 sutnma
808 2289 887 2319 indi—

67 2338 123 2368 gen
141 2329 169 2360 ia
183 2339 199 2360 e
217 2331 348 2370 regione,
365 2338 392 2364 et
404 2344 438 2364 ex
453 2334 596 2364 diametro
606 2339 806 2374 opponeretur
821 2344 829 2371 ;
844 2343 890 2364 ar-

66 2375 230 2413 rogantiam
247 2377 310 2408 scil.
331 2378 497 2415 vindicans,
511 2379 589 2409 unde
596 2380 688 2408 audax
696 2379 766 2409 illud
778 2379 892 2410 facinus

66 2421 239 2458 exstitisset,
257 2432 314 2462 quo
344 2423 374 2453 in
399 2424 537 2454 donatam
561 2424 617 2454 sibi
635 2424 815 2454 afﬂuentiam
832 2434 891 2464 prae

64 2466 203 2496 satietate
219 2467 451 2498 contumeliosus
472 2468 635 2499 exstiterat.
661 2468 701 2498 Ex
718 2478 775 2508 quo
792 2474 889 2499 autem

63 2510 93 2540 in
111 2514 271 2549 egestatem
288 2511 416 2545 devenit.
445 2513 544 2543 multis
574 2512 611 2543 ob
641 2522 705 2543 eam
735 2514 886 2551 aerumnis,

65 2555 229 2594 laboribus,
247 2556 505 2596 defatigationibus
516 2557 693 2598 cumulatur,
705 2567 758 2588 nec
774 2559 890 2598 expleta

66 2600 202 2641 penuria,
213 2601 354 2639 tristatur,
365 2602 514 2642 afﬂigitur,
523 2603 672 2642 desperat:
686 2603 889 2643 naturaliaque

110 2694 142 2719 95
157 2694 220 2726 Jac.
237 2702 277 2732 tv,
295 2694 324 2725 6.
367 2695 399 2720 96
412 2694 504 2728 Hebr.
522 2703 574 2732 xu,
591 2693 622 2725 6.
665 2694 696 2720 97
712 2696 787 2727 Gen.
807 2703 849 2736 tu,
865 2697 914 2729 19.

111 2780 153 2817 (6)
170 2779 224 2811 Illa
238 2779 328 2811 verba
343 2781 461 2813 Domini
484 2781 520 2812 ad
545 2781 690 2813 Adamum
715 2785 783 2821 post.
807 2781 899 2812 divini

68 2821 212 2862 pracepti
229 2823 493 2861 transgressionem
516 2822 590 2854 Gen.
608 2830 652 2862 tu,
673 2822 719 2852 19.
740 2821 774 2852 In
790 2824 899 2853 sudore

67 2862 173 2893 vultus
183 2862 230 2910 tui
239 2865 364 2895 vesceris
370 2869 524 2910 pgne‘tuo,
547 2862 899 2910 non‘magis'signiﬁc‘aqt

31 2920 37 2953 ρ
68 2906 263 2944 praeceptum,
276 2902 426 2945 quamilla
438 2905 572 2947 ejusdem
587 2903 624 2937 ad
639 2902 777 2936 eumdem
796 2913 803 2936 :
821 2903 896 2934 Pul-

930 2293 1102 2322 germanum
1119 2285 1378 2317 Christianismum
1394 2287 1476 2327 fugit.
1493 2288 1563 2320 Esse
1576 2291 1654 2320 enim
1669 2291 1752 2322 Chri-

931 2328 1069 2365 stianum,
1083 2334 1111 2359 et
1122 2330 1232 2360 nullius
1243 2340 1341 2370 egere,
1367 2331 1550 2371 impossibile
1561 2339 1613 2365 est.
1634 2335 1750 2366 Etenim

933 2372 1011 2403 Deus
1028 2374 1120 2404 nostri
1135 2375 1240 2405 similis
1254 2375 1333 2407 inter
1348 2384 1404 2406 nos
1420 2377 1524 2415 factus,
1541 2383 1571 2409 ut
1593 2380 1751 2412 humanam

934 2422 1067 2448 naturam
1080 2427 1171 2458 usque
1183 2420 1352 2460 aprincipio
1364 2421 1750 2463 instauraret,decretasua,

932 2472 997 2503 quae
1012 2463 1047 2493 ad
1062 2463 1282 2495 damnationem
1304 2467 1529 2505 transgressoris
1545 2469 1671 2500 mandati
1695 2471 1751 2508 sui,

932 2509 1031 2548 primi,
1045 2509 1176 2548 inquam.
1192 2510 1323 2548 parentis
1335 2511 1428 2541 nostri
1439 2511 1520 2549 fecit,
1534 2514 1752 2555 corruptionem

931 2553 1065 2584 videlicet
1075 2557 1103 2583 et
1116 2559 1253 2590 mortem,
1273 2563 1339 2584 cum
1356 2555 1429 2585 dixit
1444 2566 1451 2586 ;
1468 2556 1506 2587 1n
1529 2553 1641 2590 sudore
1656 2559 1755 2590 vultus

931 2600 977 2628 lui
988 2598 1122 2629 comedes
1133 2607 1245 2638 partem
1260 2602 1345 2630 tuum
1358 2600 1399 2640 (6)
1415 2609 1421 2632 :
1436 2600 1471 2632 Et
1488 2612 1494 2631 :
1514 2601 1607 2634 Terra
1621 2612 1663 2642 es,
1680 2608 1707 2635 et
1723 2604 1756 2635 in

940 2783 986 2824 eis
996 2788 1076 2820 es,'et
1084 2785 1115 2814 in
1127 2783 1279 2824 pulverem
1292 2791 1464 2820 reverteris.
1479 2787 1532 2820 Del
1547 2789 1597 2820 illa
1607 2788 1642 2820 ad
1654 2787 1758 2820 Evam:

940 2823 977 2871 in
988 2823 1090 2870 dolore
1097 2823 1198 2863 paries
1209 2826 1304 2865 ﬁlios;
1321 2829 1373 2859 sed
1385 2828 1556 2869 srgniﬂcans
1566 2839 1694 2871 plenam,
1706 2838 1763 2870 qua

939 2862 1312 2912 liens‘primospareutes,
1331 2862 1494 2912 eorumque
1511 2862 1646 2912 posieros
1660 2862 1764 2912 multa-

939 2903 991 2935 vit.
1009 2903 1097 2945 Ei‘go,
1113 2903 1276 2945 qui'modis
1290 2903 1380 2942 licitis
1401 2903 1522 2950 operarii
1547 2910 1606 2952 dat,
1630 2910 1760 2944 uttSuav
