1983 3072
208 125 264 162 391

210 196 328 225 terram
336 193 496 224 reverteris
505 193 547 228 98,
560 202 618 223 non
635 192 675 224 ita
689 192 793 224 leviter
810 193 936 225 sustulit.
954 194 1030 225 Ecce
1040 204 1060 223 Α

211 238 289 269 enim
306 242 333 268 et
349 239 439 268 sudor
454 237 488 267 ad
507 246 611 277 panem
623 238 834 277 acquirendum
853 244 1005 277 permanet
1021 248 1028 276 ;

211 287 240 313 et
254 283 284 312 in
299 286 406 312 terram
422 281 460 312 de
475 291 532 321 qua
560 282 669 321 sumpti
694 292 808 321 sumus,
838 283 1026 313 revertimur.

211 327 268 358 Sed
287 326 404 356 virtutis
420 335 482 356 suae
498 330 525 356 ut
543 327 649 356 divinae
675 327 800 362 virtutis,
825 331 853 356 et
878 327 1030 366 sapientia;

210 381 269 401 suae
280 371 428 401 utdiviuze
448 371 600 410 sapienlite
625 371 782 410 participes
798 371 918 410 faciens,
935 371 983 410 qui
1001 372 1028 401 in

208 416 272 456 ejus
279 415 508 446 incarnationem
516 415 713 445 crediderunt.
721 420 802 445 eatt-n
809 415 941 454 uslegem
949 424 1031 445 suam

208 460 352 496 inﬁrmat;
364 459 428 499 ipse
442 460 566 499 prituuut
582 459 665 489 nobis
677 459 828 499 exemplar
840 459 941 494 lat-tus,
956 459 1031 490 mul-

211 505 247 535 tis
263 503 414 534 doloribus
439 508 467 534 et
496 503 704 533 afﬂictionibus
728 513 820 543 usque
843 504 878 533 atl
906 507 1028 533 mortem

210 549 306 580 crucis
318 547 542 587 ignominiosam
557 548 750 587 perferendis.
760 547 1030 586 Similiterapostoli

211 598 239 624 et
254 593 357 623 tideles
371 602 475 622 omnes
495 601 512 622 a
525 592 641 622 Christo
660 592 734 622 bene
752 592 944 624 corroborati,
962 601 1027 621 cum

210 638 318 678 gaudio
331 640 456 667 sudores
468 642 497 667 et
510 642 564 666 teny
573 637 685 667 ationes
694 637 851 676 sustinent,
863 641 892 666 et
902 637 929 666 iu
940 637 1030 666 multa

210 682 350 722 patientia
362 681 485 712 fructum
498 681 606 711 ferunt.
625 682 749 720 Propter
765 682 819 711 hoc
834 681 903 711 itetu
922 686 1030 720 marty-

210 737 259 757 res
275 731 303 756 et
318 731 435 766 ascetze,
453 725 495 756 illi
512 726 629 766 quidem
651 726 744 765 ptenis
761 731 789 756 et
805 725 957 765 suppliciis
972 734 1029 754 non

211 770 311 807 eximi,
325 771 355 801 hi
374 780 441 801 vero
458 770 574 800 labores
589 770 731 800 asceticos
748 780 804 800 non
821 769 961 809 abjicere,
977 769 1029 799 sed

212 816 358 855 egregiam
383 815 441 845 sibi
463 815 647 845 tolerantiam
675 815 855 854 suppeditari
879 814 1028 853 rogabant.

214 860 399 900 propositum
416 865 566 890 certamen
579 869 631 899 per
647 859 817 899 patientium
830 863 986 898 certantes,
1002 863 1032 889 ut

213 915 265 946 pro
282 905 381 936 labore
392 914 443 934 suo
457 905 624 934 mercedem
642 904 670 934 in
687 905 780 934 futuro
792 904 899 934 saeculo
915 904 1030 943 recipe-

213 954 288 980 rent.
307 949 390 980 Unde
406 948 483 978 Deus
499 948 646 988 pntientia'
662 954 691 978 et
707 948 941 987 longanitui'atis
952 948 1031 978 Deus

210 994 380 1025 nominatur
389 994 421 1018 99
433 1017 438 1022 .
451 994 542 1033 Igitur
550 1003 600 1033 pro
613 994 734 1024 cuilibet
744 994 886 1032 angustia,
896 998 923 1024 et
935 994 1032 1024 omnis

211 1038 328 1070 tristitia
342 1038 510 1069 necessaria
525 1043 579 1071 est.
597 1043 753 1078 propterea
768 1039 844 1078 quod
863 1044 930 1068 ante
943 1048 1031 1068 omne

210 1088 421 1114 tenlamentum
435 1093 522 1113 nemo
535 1083 726 1113 tentationutn
745 1083 876 1113 notitiam
888 1083 1029 1123 adipisci-

211 1131 268 1158 tur.
282 1127 336 1158 Ubi
345 1132 442 1158 autem
454 1137 470 1157 a
482 1127 694 1157 teutatiouibus
706 1127 887 1157 irruentibus
900 1128 1028 1158 vindica-

211 1177 256 1202 tus
271 1172 372 1212 fucrit,
390 1171 497 1201 viudici
524 1171 584 1201 sive
611 1173 682 1208 Deo,
706 1171 767 1202 sive
790 1171 901 1201 homini
924 1173 1031 1211 gratias

210 1217 278 1257 agit.
296 1218 368 1247 Cum
385 1217 482 1256 itaque
499 1217 587 1246 homo
616 1225 631 1246 a
658 1216 866 1246 tentalionihus
888 1216 1030 1247 immunis

210 1262 383 1297 costoditur,
398 1262 431 1291 ad
445 1262 552 1300 gtalitts
576 1260 613 1290 ob
631 1261 658 1290 id
674 1260 735 1291 Deo
747 1262 873 1299 agendas
887 1262 985 1300 segnis
996 1271 1031 1292 ac

210 1307 292 1347 piger
301 1311 355 1337 est.
372 1308 478 1346 Lapsus
494 1310 590 1336 autem
604 1306 632 1335 in
653 1305 840 1344 lentationes,
855 1311 882 1336 et
896 1311 1027 1346 ereptus,

209 1352 342 1391 impense
354 1350 380 1380 ei
392 1352 500 1389 gratias
511 1350 578 1389 agit.
596 1349 670 1384 Quin
683 1350 707 1379 si
728 1350 794 1389 quis
813 1351 899 1380 etiam
912 1360 1030 1390 semper

207 1396 269 1426 Deo
285 1395 393 1434 gratias
408 1399 482 1433 agat,
501 1404 557 1424 non
574 1393 625 1429 ita,
654 1403 709 1424 nec
735 1398 888 1434 tantopere
912 1400 1030 1435 tamque

209 1440 347 1470 alacriter
358 1438 427 1478 agit,
445 1448 531 1478 quam
559 1438 768 1468 tentalionibus
781 1443 811 1468 et
827 1439 1029 1469 tribulationi-

208 1483 264 1514 bus
280 1483 422 1513 liberatus
437 1491 526 1520 agere
542 1482 709 1527 Consuevit,
732 1481 768 1512 Ut
783 1492 852 1520 ergo
869 1492 901 1512 ex
919 1483 1026 1519 animo,
1040 1504 1058 1527 (ι

209 1532 238 1558 et
252 1536 286 1558 ex
301 1531 360 1557 tota
376 1534 485 1566 mente,
503 1531 532 1556 et
558 1535 592 1556 ex
620 1525 757 1556 omnbus
787 1527 895 1557 viribus
924 1528 1030 1566 gratius

208 1579 274 1611 agat
290 1573 318 1602 in
336 1571 512 1602 tentatioues
527 1575 555 1601 et
576 1570 761 1607 afﬂictiones,
781 1576 808 1601 et
823 1572 982 1610 augu;~tias,
1001 1576 1030 1602 et

209 1615 485 1647 tristitiasincidere
497 1619 623 1655 oportet,
649 1620 678 1645 ut
695 1615 831 1646 virtutem
851 1616 900 1646 ttei
917 1626 1028 1656 cogno-

208 1669 281 1692 scat.
299 1661 414 1701 Alioqui
424 1660 571 1693 remissio,
586 1665 615 1690 et
636 1660 717 1690 fet-ite
729 1661 785 1691 duo
799 1670 856 1691 non
870 1661 1029 1692 mediocria

208 1707 284 1738 mala
299 1706 426 1746 pariunt,
445 1705 600 1742 nimirum,
617 1709 646 1735 ut
672 1715 727 1735 non
743 1710 800 1736 tota
815 1706 912 1736 anima
929 1706 1030 1744 gratite

208 1755 331 1791 agantur
343 1751 423 1787 Deo;
440 1755 468 1780 et
478 1755 506 1780 ul
523 1759 605 1780 mens
617 1750 695 1780 curis
706 1750 843 1780 inanibus
854 1756 1025 1789 occupatum

207 1795 377 1826 Adamusin
392 1794 441 1824 illa
467 1803 518 1824 sua
537 1794 646 1834 quiete,
667 1795 927 1834 tranquilitaleque
943 1796 1028 1825 inex-

208 1840 350 1880 plicabili,
368 1839 393 1869 si
409 1840 469 1870 Deo
480 1839 587 1877 gratius
600 1839 718 1878 egisset,
730 1840 874 1879 deceptus
886 1849 944 1869 non
961 1840 1029 1869 l'uis-

208 1890 272 1923 set;
289 1893 384 1924 neque
401 1883 508 1913 malum
526 1883 597 1913 illud
614 1883 770 1913 consilium
787 1893 915 1924 unquam
932 1884 1029 1914 admi-

207 1929 305 1969 sisset,
319 1937 413 1968 ncque
423 1929 500 1959 Deus
512 1927 807 1967 tiericoncupivisset.
821 1928 916 1964 Quare
928 1938 1028 1968 quem-

208 1974 367 2004 admodum
383 1972 563 2012 aspiratione
579 1973 668 2008 aeris,
687 1972 728 2002 sic
744 1973 900 2010 gratiarum
915 1974 1030 2004 actione

208 2027 278 2058 erga
294 2018 384 2048 Deum
402 2027 476 2057 opus
495 2017 648 2054 habemUs,
665 2017 690 2047 si
706 2017 734 2047 in
753 2020 940 2055 teutaliones,
957 2019 1029 2048 at'tli—

208 2064 332 2098 ctiones,
349 2061 512 2102 angustias,
527 2071 679 2100 mmrores,
692 2063 770 2102 quod
782 2063 856 2093 velle
869 2063 1028 2101 debemus,

208 2108 412 2140 inciderimus.

246 2201 280 2226 98
295 2200 369 2232 Gen.
391 2209 432 2238 tu,
454 2200 500 2231 19.
544 2200 576 2224 99
590 2200 678 2232 Rom.
696 2208 716 2230 11
731 2204 760 2230 et
774 2207 824 2230 xv.

208 2291 262 2313 seu
277 2280 484 2320 indigentiam,
506 2279 598 2320 partis
625 2280 884 2321 09111118,1Ξ[1“11ί,τζ1111⁴
913 2281 938 2312 is
969 2292 1027 2316 n0n

210 2322 414 2364 magispeccat
435 2321 464 2350 in
482 2323 661 2364 praeceptum
678 2320 832 2361 Deiquam
850 2321 875 2351 si
891 2321 927 2352 de
953 2333 1026 2364 ope-

209 2372 272 2393 ram
289 2361 319 2392 ut
334 2361 454 2392 morbos
463 2361 601 2399 effugiat;
618 2361 769 2401 ipsamque
784 2365 918 2398 mortem,
937 2363 961 2393 si
974 2361 1031 2394 non

209 2411 330 2442 semper
345 2402 425 2439 vitet,
438 2406 518 2431 certe
530 2401 655 2431 ditl'erat.
670 2400 771 2441 Itaque
783 2401 900 2441 quando
912 2402 1031 2434 Simeon

210 2442 282 2473 dicit
295 2454 301 2471 ε
315 2442 408 2482 Eum,
421 2442 472 2481 qui
484 2442 683 2480 indigentiam
690 2442 923 2480 fugerem'lilur,
932 2445 1032 2482 fugere

209 2484 306 2514 etiam
318 2491 498 2522 germanum
513 2482 791 2518 Christianismum,
803 2486 831 2511 et
840 2482 865 2511 si
876 2483 944 2522 quid
953 2484 1031 2515 aliud

209 2523 298 2563 hujus
313 2522 433 2563 generis
450 2523 477 2563 in
489 2522 549 2563 hac
565 2522 698 2563 oratione
728 2526 863 2563 occurret
876 2562 880 2563 ν
893 2522 921 2553 id
948 2525 1030 2554 acci—

210 2561 351 2604 piendum
360 2567 403 2592 est
414 2562 450 2592 de
463 2562 513 2592 illo
525 2561 575 2601 qui
592 2566 793 2604 paupertatem
811 2562 1030 2604 intolerandum

210 2601 476 2643 gravissimumque
488 2603 596 2632 malum
610 2601 1030 2643 reputat,immissamquesibi

210 2642 300 2674 invito
317 2647 346 2673 et
361 2642 462 2682 iniquo
478 2643 576 2672 animo
602 2644 704 2672 tolerat
719 2653 725 2672 :
743 2642 853 2672 oblitus
875 2642 1031 2674 Sal’vatoris

211 2684 268 2721 sui,
286 2684 336 2724 qui
352 2681 427 2714 hanc
440 2683 588 2724 omnibus
601 2681 711 2713 divitiis
725 2682 1029 2724 anteposuit,pimme-

211 2721 335 2764 morque
346 2732 440 2764 poenas
452 2723 534 2764 illius
545 2721 701 2764 primaevae,
713 2721 803 2762 quam
820 2722 897 2764 Deus
908 2722 938 2754 in
948 2733 1029 2754 mor-

211 2762 413 2802 tales—statuit,
430 2767 462 2793 ut
488 2762 601 2794 scilicet
619 2762 650 2793 in
674 2764 782 2793 sudore
807 2763 902 2793 vultus
917 2764 963 2794 sui
978 2773 1030 2795 ve-

210 2808 366 2836 scerentur
380 2813 456 2845 pane
470 2813 536 2842 suo,
551 2803 701 2844 vitamque
717 2802 798 2835 inter
812 2803 905 2835 varias
918 2813 1030 2837 atrum—

192 2927 205 2956 t‘

857 127 1048 162 SYMEONIS
1067 125 1243 162 JUNIORIS

868 2200 878 2221 ί
895 2200 1006 2233 Babae.
1023 2211 1065 2242 lll,

1837 129 1906 164 39!

1356 195 1495 227 ORATIO
1517 195 1606 228 XVII.

1382 245 1591 268 ARGUMENTUM.

1073 281 1114 312 De
1128 292 1200 324 uero
1211 283 1366 320 monacho,
1380 288 1406 314 et
1415 285 1558 323 pecuniae,
1572 287 1627 314 11111
1641 285 1818 324 voluptatis,
1836 287 1895 314 aut

1109 323 1371 364 gloritecupitlum,
1384 333 1443 354 111111
1453 333 1513 354 esse
1520 324 1700 354 monachum
1710 323 1719 354 5
1733 326 1787 364 qui
1796 324 1898 354 morbi

1110 367 1143 392 ut
1159 372 1175 393 a
1193 363 1250 393 Βρο
1262 368 1419 400 sanentur,
1438 365 1546 394 ίιειιείὶδ
1561 365 1638 394 dum
1664 364 1892 403 perpertiemla.

1115 404 1175 432 6111-
1190 412 1277 433 omne
1291 413 1364 442 opus
1381 405 1491 435 bonum
1518 404 1596 434 hunc
1610 404 1715 434 habeat
1730 405 1830 443 ﬁnem,
1859 406 1896 433 ut

1111 444 1380 481 sancti/irationem
1394 444 1511 474 Christi
1522 445 1662 481 recipiat.
1676 444 1752 474 (Sum
1765 443 1899 474 1111811111·-

1112 486 1142 512 tu
1158 483 1294 521 psallere.
1310 485 1404 514 solius
1430 485 1483 513 Dei
1507 484 1644 521 beneﬂcio
1671 484 1892 514 uscribendum.

1114 522 1176 558 Quo
1190 528 1276 562 pacto
1293 524 1372 554 inter
1387 524 1493 564 Deum,
1507 529 1534 554 el
1563 524 1698 554 homines
1723 524 1896 554 t'nmu’citice

1112 563 1310 594 intercedant.

1111 608 1267 640 Monaches
1282 615 1337 645 est,
1354 611 1402 650 qui
1421 610 1570 649 professus
1586 619 1682 640 coram
1711 609 1771 640 Deo
1787 613 1816 640 et
1838 618 1894 639 an-

1071 653 1154 693 gelis,
1171 663 1202 684 se
1220 654 1340 691 mundo,
1357 659 1385 685 et
1400 655 1436 684 iis
1450 665 1513 694 qua:
1530 655 1557 684 in
1580 655 1690 685 muutlo
1716 659 1794 689 sunt,
1812 663 1896 684 nun—

1072 698 1140 727 tiam
1157 699 1318 735 remisisse,
1347 704 1374 729 et
1400 699 1434 729 ad
1467 699 1616 730 Christum
1646 709 1678 730 se
1704 708 1896 738 aggregasse,

1071 742 1276 782 divinagralia,
1296 754 1360 783 quae.
1374 744 1472 773 animo
1489 744 1664 784 concipitur,
1697 743 1818 782 mystice
1844 743 1896 772 tli-

1072 795 1177 825 gnatus
1186 792 1240 822 est,
1254 793 1282 817 et
1298 788 1362 827 ejus
1378 788 1477 827 gratim
1492 798 1610 818 sensum
1623 788 1779 828 quemdam
1802 787 1893 816 intel-

1073 831 1215 870 ligibilem
1228 833 1333 862 hausit.
1343 832 1404 862 Prae
1418 832 1479 871 ipsa
1487 833 1565 862 enim
1575 842 1688 867 omnes,
1702 842 1744 862 cat
1754 832 1798 861 nis
1810 841 1899 861 mun-

1046 884 1061 907 B
1074 875 1162 915 dique
1173 876 1328 906 illecebras
1345 877 1515 914 detestatus,
1530 887 1581 917 per
1596 879 1728 907 eamdem
1748 881 1895 910 mortuus,

1074 923 1100 949 et
1116 921 1152 950 ad
1169 921 1347 951 omnesitlas
1361 921 1511 960 inhabilis,
1529 926 1557 951 et
1573 921 1690 960 ineptus
1701 921 1757 950 ellit
1768 921 1835 950 itur.
1851 920 1895 949 At:

1074 969 1142 995 tunc
1157 974 1223 995 cum
1240 974 1355 994 summo
1365 965 1482 1004 gaudio,
1499 965 1683 1005 ferventique.
1693 965 1842 994 desiderio
1856 965 1893 994 ad

1073 1009 1169 1039 divina
1185 1009 1293 1040 Christi
1311 1010 1448 1040 mandata
1469 1011 1500 1040 111
1520 1015 1670 1043 strenuos,
1698 1014 1726 1039 et
1752 1009 1787 1039 ab
1812 1009 1895 1038 omni

1073 1053 1230 1094 Voluptate,
1270 1054 1531 1094 pecuniarumque,
1563 1059 1589 1084 et
1618 1055 1761 1085 honorum
1792 1053 1896 1084 studio

1072 1099 1187 1129 alienus
1205 1099 1293 1139 (velut
1309 1098 1359 1140 qui
1374 1104 1455 1129 extra
1467 1108 1599 1135 carnem,
1617 1103 1644 1129 et
1661 1098 1802 1129 mundum
1817 1099 1898 1128 vive-

1071 1144 1128 1183 ret)
1145 1145 1344 1185 cognoscitur,
1356 1148 1384 1174 et
1399 1144 1454 1174 soli
1470 1143 1592 1184 Spiritui
1615 1147 1716 1175 sancto
1728 1143 1895 1174 arctissime

1071 1188 1257 1227 conjunctus,
1275 1198 1394 1228 semper
1409 1188 1491 1218 huius
1507 1191 1535 1218 et
1551 1187 1701 1227 psallens:
1725 1187 1894 1227 Egonutem

1072 1235 1103 1262 in
1118 1233 1245 1263 Domino
1254 1234 1401 1273 gaudebo,
1415 1236 1441 1263 et
1454 1232 1609 1262 orsu/tabo
1619 1233 1649 1262 in
1676 1231 1737 1262 Deo
1763 1232 1896 1263 salutari

1071 1278 1152 1307 meo‘
1169 1302 1175 1308 .
1193 1277 1288 1308 Aliter
1301 1277 1445 1317 quispiam
1458 1276 1560 1306 rel'erri
1580 1277 1608 1306 in
1621 1276 1721 1306 album
1736 1278 1895 1307 monacho-

1071 1330 1135 1350 rum
1150 1321 1318 1361 neutiquam
1338 1325 1442 1360 potest.
1472 1320 1538 1350 Tria
1556 1330 1635 1351 enuu
1652 1326 1730 1358 sunt,
1748 1321 1892 1359 voluptas,

1072 1365 1206 1404 pecunia,
1223 1366 1325 1404 gloria.
1341 1365 1503 1397 Monachus
1518 1365 1566 1405 qui
1583 1366 1679 1396 adhuc
1694 1365 1894 1405 voluptatibus

1071 1418 1103 1439 se
1118 1409 1274 1449 submittit,
1291 1410 1419 1440 nondum
1447 1410 1622 1444 monachus.
1648 1410 1700 1440 sed
1730 1410 1892 1440 etiamnum

1072 1462 1107 1492 pe
1120 1453 1194 1489 'cati,
1212 1459 1241 1484 et
1256 1453 1371 1485 Saluum
1388 1454 1567 1494 mancipium
1585 1458 1638 1484 est.
1666 1455 1828 1485 Monachus
1845 1455 1893 1484 cui

1072 1508 1154 1528 amor
1166 1499 1298 1538 pecuni-tu
1307 1499 1405 1530 adhuc
1422 1500 1556 1539 imperat,
1572 1499 1700 1529 nondum
1718 1499 1891 1536 monachus,

1071 1542 1122 1572 sed
1140 1543 1293 1573 idololatra
1320 1549 1373 1574 est.
1398 1543 1558 1574 Monachus
1583 1543 1680 1573 adhuc
1705 1543 1892 1583 ambitiosus,

1072 1587 1201 1616 nondum
1231 1588 1402 1625 monachus,
1429 1588 1481 1618 sed
1513 1587 1655 1627 principis
1686 1587 1894 1625 hujus-mundi

1071 1631 1295 1670 probatissimos
1312 1633 1397 1662 miles
1413 1636 1466 1662 est.
1485 1631 1541 1667 Qui
1558 1632 1646 1669 igitur
1660 1632 1829 1670 possidetur
1843 1635 1894 1661 aut

1070 1675 1106 1705 ab
1123 1675 1168 1705 his
1185 1676 1277 1707 tribus
1293 1686 1326 1706 ex
1345 1681 1436 1716 parte,
1455 1681 1505 1706 aut
1520 1676 1555 1706 ab
1586 1686 1642 1706 uno
1671 1676 1775 1706 huruui
1803 1675 1892 1705 trium

1071 1720 1220 1757 universe,
1238 1730 1288 1750 seu
1301 1721 1429 1760 jejunet,
1451 1730 1502 1751 seu
1535 1720 1642 1759 vigilet,
1669 1729 1722 1750 seu
1747 1724 1821 1756 oret,
1839 1729 1893 1750 seu

1072 1765 1183 1804 psallat,
1197 1774 1249 1794 seu
1263 1765 1343 1794 11111111
1356 1765 1455 1801 cubet,
1467 1769 1496 1794 et
1505 1765 1615 1804 qutevis
1624 1764 1680 1794 alia
1693 1763 1890 1801 incommoda,

1071 1808 1245 1848 laboresque
1261 1819 1294 1839 ac
1309 1809 1457 1839 molestias
1469 1810 1584 1842 subeat.
1605 1817 1784 1848 omnemque
1797 1807 1895 1838 scien-

1071 1853 1139 1883 tiam
1158 1853 1244 1890 norit,
1263 1863 1328 1883 cum
1346 1853 1443 1893 Patre,
1458 1853 1542 1893 Filio,
1560 1858 1588 1883 et
1604 1853 1714 1892 Spiritu
1724 1857 1824 1883 sancto
1839 1862 1891 1882 so-

1070 1896 1206 1928 cietatem
1224 1908 1280 1928 non
1297 1898 1394 1930 habet.
1418 1898 1544 1928 Necesse
1559 1902 1602 1928 est
1617 1898 1696 1927 enim
1717 1898 1794 1927 hunc
1811 1896 1893 1936 prius

1072 1941 1249 1979 libertatem,
1263 1952 1327 1982 qua:
1339 1947 1436 1973 incute
1447 1943 1561 1972 videtur
1576 1951 1592 1972 a
1604 1942 1656 1972 Dei
1669 1941 1743 1971 Filio
1754 1941 1891 1980 adipisci,

1071 1986 1120 2026 qui
1128 1986 1178 2022 ait,
1188 1988 1292 2017 Omnis
1300 1991 1353 2026 qui
1358 1988 1429 2026 facit
1437 1990 1698 2027 prccalumservtts
1706 1989 1747 2016 est
1752 1986 1869 2024 peccati
1882 1995 1892 2015 .-

1071 2040 1174 2061 sfrrus
1180 2035 1277 2062 autem
1283 2035 1382 2071 procul
1387 2035 1397 2060 t‘
1404 2041 1459 2062 non
1470 2035 1568 2061 manet
1576 2031 1607 2061 in
1615 2030 1700 2061 domo
1707 2030 1762 2061 Dei
1768 2032 1798 2060 in
1807 2034 1893 2060 ceter-

1071 2075 1168 2106 11111112
1180 2099 1187 2106 .
1205 2075 1254 2105 Est
1264 2081 1362 2106 autem
1375 2076 1480 2106 domus
1493 2075 1677 2114 Deircgnum
1692 2074 1766 2113 ejus.
1780 2073 1891 2111 Audin,

1070 2119 1284 2150 formidandam
1300 2120 1475 2150 sententiam
1488 2124 1500 2151 ’ξ
1512 2120 1550 2151 Si
1560 2120 1654 2159 igitur
1662 2118 1741 2150 ﬁlius
1750 2127 1800 2149 vos
1814 2117 1892 2149 libe-

1087 2204 1132 2235 18.
1176 2203 1276 2236 9101111
1305 2213 1366 2242 vui,
1385 2204 1433 2242 34,
1451 2203 1500 2234 35.

1071 2293 1124 2316 nas
1132 2288 1161 2315 et
1172 2285 1354 2325 paupertatis
1362 2284 1548 2315 incommoda
1558 2283 1721 2325 exigerent,
1735 2291 1821 2322 quam
1832 2291 1893 2322 pte-

1070 2334 1148 2356 nam.
1161 2322 1260 2355 c'utn'a
1277 2324 1335 2355 Deo
1351 2324 1505 2363 inﬂigitur,
1534 2322 1628 2364 quivis
1652 2322 1796 2364 patienter
1819 2331 1892 2362 per»-

1073 2366 1186 2396 solvere
1202 2365 1308 2402 debet;
1325 2365 1438 2394 tametsi
1451 2363 1575 2404 ipsemet
1591 2374 1625 2395 ea
1639 2372 1671 2393 se
1686 2363 1818 2404 abicere,
1836 2371 1892 2393 nec

1073 2410 1201 2445 tenetur,
1214 2405 1406 2445 necjobetur.
1424 2403 1498 2435 Et’si
1515 2405 1579 2444 quis
1595 2408 1645 2434 aut
1663 2403 1826 2445 exsisteret,
1841 2406 1892 2432 aut

1073 2443 1201 2484 unquam
1209 2443 1376 2481 exstitisset,
1388 2454 1474 2484 quem
1482 2443 1573 2475 sudor
1580 2445 1633 2475 iste
1640 2443 1734 2473 vultus
1742 2451 1890 2482 nunquam

1074 2483 1230 2524 tetigisset,
1257 2483 1411 2525 omnisque
1431 2485 1601 2524 indigentia":
1625 2488 1776 2525 expertem
1801 2483 1890 2525 vitam

1074 2523 1261 2563 traduxisset,
1274 2523 1392 2565 paratus
1407 2525 1486 2555 ferre
1496 2523 1518 2555 si
1531 2524 1599 2565 quid
1615 2533 1631 2555 a
1647 2523 1707 2554 Deo
1722 2523 1778 2553 sibi
1795 2523 1892 2565 mitte:

1071 2566 1207 2608 retur:_is
1224 2561 1297 2596 nihil
1314 2570 1469 2605 propterea
1490 2566 1517 2595 in
1535 2561 1625 2608 ullum
1643 2568 1821 2608 praeceptum
1838 2561 1891 2607 Dei

1072 2606 1279 2643 commisisset,
1309 2604 1476 2645 quanquam
1507 2604 1572 2645 quis
1600 2613 1729 2645 unquam
1759 2604 1823 2640 fuit,
1840 2604 1892 2640 qui

1072 2645 1266 2685 indigentiam
1285 2644 1401 2686 penitus
1411 2654 1428 2675 a
1441 2655 1493 2675 suo
1507 2644 1608 2675 limine
1620 2644 1777 2686 excludere
1791 2646 1892 2682 potue-

1072 2686 1121 2732 rit,
1139 2683 1167 2717 111
1183 2687 1238 2732 hoc
1253 2683 1360 2732 sudore
1382 2694 1536 2730 aspersus.
1549 2694 1608 2715 non
1634 2684 1744 2732 fuerit?
1759 2683 1818 2713 imo
1833 2691 1890 2732 quo

1072 2723 1138 2767 quis
1153 2728 1266 2757 avarior
1292 2729 1351 2762 est;
1379 2723 1426 2755 eo‘
1440 2724 1574 2766 egentior
1601 2729 1656 2755 est.
1687 2723 1764 2756 Vere
1779 2726 1889 2763 poeta;

1071 2769 1199 2808 Semper
1212 2774 1328 2799 avarus
1342 2768 1417 2806 eget.
