1983 3072
46 196 107 232 393
778 195 918 229 ORATIO
938 193 1032 230 XVII.
1691 192 1750 228 394

41 265 172 302 raverit,
184 265 372 305 inquit,vere
380 263 471 296 liberi
486 264 600 295 eritis3.
610 263 683 295 Cum
699 271 768 303 ergo
783 261 849 308 quis
859 266 908 293 aA
918 261 1006 294 sibile
1017 267 1077 308 est.
1107 262 1239 308 Affectus
1264 262 1344 295 enim
1373 263 1477 295 morbo
1507 263 1667 305 quispiam,
1695 266 1747 308 qui

42 309 142 340 tribus
158 309 243 340 hisce
259 309 401 340 liberatus
417 309 514 347 fuerit,
531 312 592 339 tum
620 308 753 344 demum,
772 307 874 347 utjam
916 308 1000 348 prius
1016 307 1092 338 bene
1108 307 1236 346 valebat,
1262 308 1300 339 de
1321 312 1398 340 statu
1426 318 1479 340 suo
1508 309 1540 340 in
1568 319 1626 350 quo
1655 307 1746 342 sanius

42 354 245 393 Christianus,
264 359 291 385 et
307 354 415 386 Christi
437 363 539 385 servus
555 354 688 389 effectus.
706 352 833 393 psallere
848 359 877 385 et
917 356 991 393 erat,
1008 352 1126 392 cogitat.
1144 351 1256 384 Verum
1273 352 1309 384 ab
1324 353 1389 394 ipsa
1409 354 1615 395 conceptione,
1633 355 1744 388 nedum

42 408 132 430 orare
146 399 245 430 debet.
264 399 351 431 Certe
367 399 447 429 enim
465 398 515 439 qui
530 402 580 429 aut
603 397 639 428 ab
655 397 702 427 his
717 396 812 427 tribus
829 399 876 435 ty-
918 395 955 427 ab
969 400 1034 440 ortu
1052 400 1081 427 et
1096 398 1173 428 exitu
1189 396 1220 427 in
1237 397 1345 435 lucem,
1368 402 1472 429 natura
1490 407 1578 438 aeger,
1595 400 1743 440 quomodo

42 444 181 474 rannicis
199 443 418 481 affectionibus,
431 447 482 474 aut
492 442 528 474 ab
544 443 648 473 harum
665 441 764 482 aliqua
778 440 878 480 subju-

42 495 130 527 gatus
146 493 201 524 cst.
221 489 309 519 etiam
328 488 427 519 volens
442 488 472 518 in
493 487 662 518 libertatem
679 495 711 517 se
725 485 876 516 vindicare

45 533 167 573 nequit.
184 534 246 564 Soli
263 533 342 564 enim
357 533 411 565 Dei
427 532 512 570 Filio,
526 536 612 573 atque
623 531 696 570 Regi
712 532 780 562 Jesu
797 529 878 560 Chri-

44 584 106 615 sto,
124 579 287 609 secundum
307 581 480 618 potestatem
497 587 583 618 quam
600 587 616 607 a
641 576 728 608 Patre
757 579 878 616 propter

44 631 154 653 necem
170 632 339 663 perpessam
352 621 478 662 accepit,
492 621 576 652 istam
589 621 701 652 donare
711 621 876 651 libertatem

44 676 224 698 concessum
237 672 291 704 est,
301 667 350 707 qui
363 666 686 707 postresurrectionem
697 675 779 697 suam
793 663 875 696 dicit:

43 711 131 743 Data
147 717 191 743 est
206 712 284 743 πιίΙῖί
298 713 395 743 omnis
405 715 539 752 potestas
550 713 581 742 in
592 711 664 742 cwlo
676 716 704 742 et
716 714 749 741 in
760 709 875 742 terrai

44 756 89 785 Ad
108 756 298 787 liberatorem
315 757 407 796 igitur
422 755 662 795 confugiendum,
680 765 766 796 quem
784 765 875 796 penes

42 801 144 831 solum
162 805 207 832 est
221 802 276 832 ista
292 801 459 832 auctoritas.
477 800 512 831 Et
533 810 570 831 ne
592 800 661 840 quid
687 800 870 842 omittamus,

45 854 106 884 quo
124 845 160 876 ab
177 855 211 876 eo
228 855 244 876 a
259 846 352 876 tribus
369 845 450 876 hisce
462 844 592 885 tyrannis
604 845 633 875 in
647 844 812 875 libertatem
823 855 872 876 as-

919 439 990 480 quid
1005 441 1042 471 sit
1057 441 1167 472 sanitas
1182 450 1270 472 nosse
1286 441 1402 482 possit?
1417 441 1472 479 Qui
1497 443 1584 474 etiam
1603 439 1645 476 de
1660 445 1742 476 sani-

920 488 979 516 tate
995 485 1131 531 audiens,
1148 495 1207 517 non
1224 486 1310 517 modo
1326 487 1493 518 doctrinam
1517 497 1576 519 non
1592 490 1741 531 complec-

919 533 1007 568 tetur,
1024 530 1076 562 sed
1093 534 1121 576 et
1136 540 1189 571 pro
1206 531 1293 572 nugis
1308 531 1407 570 ducet,
1425 541 1491 573 quze
1505 530 1741 576 dicuntur,7pro-

919 578 985 620 pter
997 584 1079 606 suam
1096 575 1336 606 incredulitatem
1352 578 1461 613 omnia,
1480 577 1596 616 jejunia
1613 575 1740 620 scilicet,

919 618 1041 666 eiusque
1057 620 1181 666 comites
1196 629 1248 666 pro
1264 621 1493 666 incredibilibus
1505 622 1630 665 habens,
1643 629 1673 656 et
1687 618 1740 666 pro

920 662 1046 709 vinculis
1072 664 1178 696 ferreis
1206 665 1244 696 de
1270 665 1397 706 peccatis
1423 670 1484 697 tum
1514 662 1652 709 propriis,
1678 662 1739 703 tum

918 706 1041 738 fratrum
1058 709 1170 749 dolere,
1187 713 1216 740 et
1229 710 1301 740 ﬁere
1317 719 1383 742 cum
1412 706 1576 753 ﬂentibus,
1593 720 1625 744 ut
1643 706 1738 748 etiam

917 753 1129 802 gauderecum
1144 753 1351 802 gaudentibus.
1373 754 1431 802 Sed
1449 756 1511 802 haec
1536 759 1636 790 omnia
1649 761 1739 802 bona,

915 797 1114 846 admirabilia,
1131 802 1159 829 et
1175 798 1261 837 laude
1276 799 1365 839 digna
1379 799 1410 830 in
1419 801 1558 840 Inihilum
1584 797 1732 846 recidunt,

915 842 940 892 si
956 842 993 880 is,
1010 843 1060 883 qui
1074 851 1114 892 ea
1124 847 1321 892 consectatur,
1338 844 1392 875 Dei
1407 845 1651 882 sanctiﬁcationis
1666 842 1737 892 par;

42 898 196 930 seramur,
214 899 265 930 pro
281 900 316 921 ea
331 899 385 920 nos
400 889 500 920 inedia
519 898 719 945 Jmaceremus,
746 893 775 920 et
786 890 871 945 Ieiee-
883 921 903 945 Β
915 887 1082 945 ticeps‘non
1097 888 1146 945 ﬁat
1161 898 1168 919 :
1185 888 1242 945 huc
1257 889 1337 945 enim
1353 899 1412 920 una
1428 891 1568 945 ltendunt
1589 887 1737 939 universa,

42 943 108 945 _s,,
132 944 180 945 7,,
209 934 228 945 ι·
250 935 295 945 ..'l
335 944 338 945 .
439 938 467 945 η.
485 933 509 945 ..³
540 938 766 945 Ακιημν.ηκμᾼΑ
797 934 859 945 '.,,
915 932 988 945 -24“:
1031 937 1110 945 ___A-
1127 942 1159 945 ..-
1177 933 1214 945 ΑΗΔ
1279 943 1287 945 ξ
1307 934 1340 945 ἷῐξ
1362 944 1373 945 γ
1447 933 1477 945 n’
1604 940 1622 945 ι.

42 943 185 974 mosynas
200 934 424 972 distribuamus,
438 938 468 965 ut
485 933 581 964 videat
595 943 649 964 nos
660 943 770 974 cupere
785 934 873 965 liber-
884 932 903 945 ”
914 932 990 963 sicut
1003 932 1161 973 Apostolus
1175 933 1215 964 ait
1225 933 1239 958 7
1253 933 1290 964 de
1306 934 1342 964 iis
1357 935 1436 974 quod
1445 933 1524 968 Deus
1539 940 1659 973 erudire
1675 932 1737 974 tan:

42 983 150 1018 tatem,
177 979 226 1019 qui
257 979 316 1010 vult
339 978 586 1027 misericordiam.
614 977 759 1027 Craterum
783 982 873 1018 parta;
914 986 1002 1027 quam
1019 977 1259 1027 ﬁlios-dignatur,
1276 978 1416 1027 quoniam
1439 981 1539 1027 erudit
1563 984 1598 1015 ad
1615 985 1645 1016 id
1660 987 1740 1027 quod

41 1023 192 1054 libertatis
205 1024 347 1055 indicium
361 1028 417 1060 est,
432 1024 595 1064 perfectum
613 1023 713 1054 odium
729 1023 870 1060 illorum;

42 1072 77 1098 ut
93 1077 110 1098 a
126 1078 252 1108 quorum
268 1069 433 1099 cervicibus
448 1069 501 1099 hoc
514 1069 618 1107 jugum
643 1067 749 1098 servile
764 1068 871 1108 depul-

40 1122 110 1143 sum
129 1118 183 1154 cst,
201 1115 264 1144 haec
290 1118 427 1154 tanquam
455 1117 585 1144 monstra
606 1112 777 1151 foedissima,
804 1123 869 1153 quae

40 1157 211 1189 secundum
228 1157 394 1189 Salomonis
411 1158 643 1189 exsecrationem
655 1167 803 1198 nunquam
816 1157 870 1188 im-

41 1202 122 1242 pleri
141 1204 297 1242 queant5,
314 1203 498 1234 detestentur
513 1202 613 1233 etiam.
634 1201 734 1241 Itaque
760 1202 870 1234 bonum

39 1250 87 1276 est
101 1247 227 1286 psallere
238 1247 311 1285 Deo,
325 1247 580 1287 orare,jejunare,
595 1246 726 1285 vigilare,
750 1246 870 1278 miseri-

38 1290 174 1322 cordiam
192 1301 343 1329 exercere,
361 1297 389 1323 et
404 1296 525 1332 propter
536 1291 686 1322 Christum
701 1300 799 1330 egere.
816 1292 871 1323 Bo-

39 1345 114 1365 num
131 1345 163 1366 se
180 1336 336 1367 humiliare
354 1345 360 1368 :
379 1336 429 1367 sed
446 1336 580 1367 vid-smus
607 1336 635 1366 in
664 1336 722 1374 his,
750 1336 866 1378 fratres,

44 1380 157 1411 multos
173 1380 202 1411 in
218 1391 340 1412 vacuum
357 1384 406 1411 aut
421 1380 599 1418 cucurrisse,
625 1384 675 1411 aut
690 1390 822 1416 currere,
840 1385 869 1412 et

38 1423 180 1455 laborare
197 1425 351 1457 inutiliter.
367 1424 458 1456 Causa
470 1429 573 1465 aperta
582 1428 625 1455 est
651 1424 765 1455 Etenim
778 1425 867 1465 quid-

39 1468 113 1508 quid
131 1469 237 1508 agitur,
250 1476 371 1510 propter
381 1469 492 1509 aliquid
508 1469 611 1508 agitur.
636 1469 707 1505 Quia
725 1479 793 1500 vero
811 1473 869 1500 tota

40 1516 149 1543 natura
164 1514 318 1544 hominum
335 1519 399 1555 post
423 1514 694 1554 praevaricationem
720 1514 866 1554 corrupti-

915 1021 996 1071 utile
1015 1025 1071 1071 est,
1090 1021 1131 1071 _in
1161 1021 1335 1071 recipiendo
1363 1025 1630 1071 sanctiﬁcationem
1659 1021 1736 1071 ejus.

914 1064 997 1101 Quod
1014 1065 1072 1096 nisi
1086 1065 1146 1103 ﬁat,
1164 1066 1260 1097 inanis
1277 1066 1371 1105 labor,
1387 1067 1485 1100 inanis
1500 1070 1585 1103 ﬁdes.
1603 1064 1735 1107 Primum

912 1110 1001 1150 igitur
1017 1119 1113 1151 neque
1128 1111 1193 1159 sine
1210 1111 1406 1151 virtuteJesu,
1421 1117 1450 1144 et
1460 1115 1511 1146 Dei
1525 1116 1590 1157 ipsa
1600 1118 1736 1159 legitime

912 1164 1052 1205 exercere
1069 1155 1189 1206 pos-sisz:
1207 1159 1237 1187 et
1251 1165 1309 1206 non
1325 1164 1497 1206 coronatur,
1519 1155 1646 1202 quignon
1659 1165 1737 1206 legi-

911 1199 983 1231 time
999 1204 1102 1232 certat.
1119 1200 1176 1232 Lex
1193 1210 1283 1241 porro
1299 1201 1329 1232 in
1352 1202 1398 1233 his
1412 1202 1495 1245 tuna,
1513 1199 1739 1245 mimum};

912 1245 1084 1297 cautissime
1097 1246 1179 1286 ﬁant,
1196 1255 1295 1277 coram
1311 1247 1404 1297 oculis
1433 1249 1525 1281 solius
1549 1252 1614 1291 Dei,
1642 1264 1737 1297 usque

912 1289 986 1320 adeo
1001 1289 1169 1338 diligenter,
1186 1294 1217 1321 ut
1226 1291 1466 1338 neque‘sinistra
1495 1299 1595 1327 nostra
1606 1289 1610 1291 ’
1621 1289 1732 1338 cogno-

909 1337 982 1372 scat,
995 1334 1071 1382 quid
1086 1334 1207 1382 dextera
1222 1335 1320 1367 faciat.
1337 1335 1408 1372 Quze
1433 1342 1531 1382 autem
1555 1334 1688 1382 sinistra,
1704 1350 1734 1377 et

910 1388 974 1418 quae
986 1378 1106 1410 dextera
1118 1379 1134 1409 ?
1149 1379 1273 1411 Dextera
1284 1384 1340 1417 est,
1353 1390 1417 1421 quae
1427 1381 1575 1415 Christum
1584 1378 1731 1421 dicentem

909 1423 1012 1469 audit»:
1032 1423 1109 1454 Cum
1136 1425 1238 1455 omnia
1263 1425 1405 1463 feceritis,
1433 1427 1532 1468 dicite,
1557 1431 1630 1469 quia
1651 1435 1734 1466 servi

909 1466 1032 1517 inutiles
1045 1477 1162 1517 suvius,
1180 1472 1327 1517 quoniam
1345 1471 1426 1517 quod
1447 1466 1732 1517 facere—debemus,

908 1512 1036 1563 fecimus
1044 1514 1081 1563 8_.
1096 1513 1257 1563 sednenim,
1267 1514 1339 1563 quis
1348 1514 1398 1546 ille
1405 1515 1455 1556 qui
1467 1517 1566 1550 omnia
1573 1516 1654 1559 fecit,
1668 1512 1733 1563 quae

38 1556 112 1587 bilis
129 1562 157 1588 et
173 1559 306 1589 mortalis
321 1568 387 1589 esse
402 1559 502 1598 cccpit,
519 1562 608 1599 atque
632 1558 743 1589 idcirco
768 1558 896 1602 imbe-n
908 1557 1005 1588 facere
1020 1557 1133 1589 debet?
1148 1557 1230 1594 Quod
1248 1558 1275 1589 si
1290 1558 1357 1599 quis
1384 1565 1433 1590 aut.
1454 1562 1564 1602 omnia,
1590 1556 1731 1598 aut'non-

40 1601 113 1651 cilla
129 1606 157 1633 et
172 1612 348 1640 aerumnosa,
366 1590 712 1643 omniumquelvitiorum
724 1607 752 1634 et
767 1603 865 1652 stulti-
876 1590 896 1615 ο
909 1602 992 1652 nulla
1006 1590 1171 1652 aliquando
1183 1603 1274 1652 fecit,
1299 1590 1367 1644 quis
1396 1590 1640 1648 hocipo-t-liitftit'

37 1645 89 1694 tite
105 1656 207 1687 capax,
225 1658 352 1688 quonam
379 1652 464 1688 pacto
493 1648 556 1688 ipsa
581 1657 648 1694 sese
670 1658 686 1679 a
709 1648 868 1689 semetipsa
909 1647 1060 1694 mysticam
1082 1647 1191 1694 Chriin
1215 1652 1354 1694 virtutem
1379 1659 1438 1681 non
1463 1645 1630 1694 susceperit
1641 1645 1659 1687 Υ.
1676 1657 1730 1689 Sin

40 1690 240 1722 liberaverit?
251 1692 403 1728 Quomodo
414 1702 483 1732 ergo
495 1691 691 1723 liberabitur?
704 1692 865 1733 Sijejunia,

39 1735 170 1774 vigilias,
189 1737 372 1777 precationes
387 1737 593 1777 frequentarit,
618 1741 646 1767 et
669 1737 822 1775 laborarit,
840 1739 870 1768 et

38 1780 201 1812 facultates
217 1791 285 1812 suas
300 1782 478 1822 pauperibus
499 1781 694 1822 distribuerit,
711 1785 743 1812 ut
765 1791 782 1813 a
797 1792 865 1814 cor-

34 1829 128 1865 rupta
144 1825 292 1857 voluntate
307 1826 450 1858 diviniore
466 1826 572 1857 virtute
596 1826 753 1864 liberetur,
778 1827 814 1858 ab
831 1837 865 1858 eo

37 1869 93 1909 qui
109 1869 189 1900 solus
199 1870 314 1907 liberat,
326 1875 355 1902 et
365 1871 414 1912 qui
426 1871 505 1902 venit
515 1871 621 1902 tollere
633 1875 753 1911 peccata
763 1873 866 1903 mundi

34 1915 127 1946 Jesus
142 1915 276 1946 Christus
291 1920 321 1947 et
334 1916 423 1947 Deus.
441 1916 497 1952 Qui
513 1916 550 1947 ob
576 1916 652 1947 hanc
674 1926 793 1947 causam
814 1918 864 1957 je-

31 1959 134 1998 junat,
152 1959 262 1999 vigilat,
279 1960 395 2002 aliaque
411 1961 490 1998 facit,
504 1965 533 1992 et
543 1961 668 1997 laborat,
686 1961 793 2001 optatis
809 1971 863 2002 po-

36 2004 140 2039 tietur,
154 2008 182 2035 et
194 2013 363 2044 cognoscet,
376 2007 520 2045 etgratias
531 2009 608 2045 aget,
619 2005 864 2037 ethumiliabi‘lur

33 2048 93 2079 sub
105 2052 223 2088 palen/1'
233 2058 326 2081 manu
342 2050 420 2082 Dei6
433 2075 440 2082 .
456 2050 512 2087 Qui
527 2055 624 2082 autem
640 2050 670 2080 in
683 2050 739 2080 vita
749 2051 863 2090 agenda

34 2094 118 2123 hunc
129 2103 251 2134 scopum
261 2095 318 2126 sibi
330 2095 511 2136 propositum
534 2105 592 2126 non
605 2096 703 2135 habet,
714 2094 863 2126 incassum

35 2136 194 2175 laborabit,
207 2139 368 2180 infelixque
378 2144 407 2170 et
419 2140 510 2171 miser
524 2139 710 2172 Christianus
725 2139 763 2170 ad
779 2139 861 2171 futu-

35 2190 106 2212 rum
123 2183 262 2214 saeculum
280 2185 506 2216 transmittetur.

909 1695 1006 1741 autem
1022 1692 1086 1723 sine
1102 1692 1218 1724 Christo
1234 1692 1312 1741 fecit,
1323 1703 1376 1741 Avae
1395 1694 1463 1741 ipsi,
1494 1701 1523 1727 et
1551 1692 1634 1739 operi
1650 1702 1729 1741 ejus.

909 1735 1034 1781 Sinistra
1049 1741 1103 1775 est,
1121 1747 1189 1768 cum
1214 1738 1280 1778 quis
1301 1737 1397 1770 ofﬁcio
1426 1740 1554 1781 functus,
1571 1735 1730 1779 honorem

909 1780 1073 1812 sibiaDeo
1094 1781 1197 1828 deberi
1221 1782 1380 1828 existimat.
1412 1784 1491 1817 Talis
1520 1780 1586 1828 post
1614 1793 1726 1824 tantum

907 1829 1069 1875 certamen,
1087 1829 1116 1856 et
1130 1826 1260 1875 laborem
1276 1835 1310 1875 ac
1321 1826 1560 1875 defatigationem
1577 1843 1729 1875 nunquam

907 1869 1016 1919 Christi
1043 1870 1275 1919 sanctiﬁcatione
1303 1871 1499 1919 impertietur.
1529 1876 1567 1908 Et
1591 1887 1634 1909 vae
1647 1869 1727 1919 lilii,

907 1917 1065 1961 postquam,
1078 1924 1112 1945 ex
1128 1915 1265 1961 hacluce
1281 1916 1460 1955 migraverit.
1477 1919 1513 1950 Et
1529 1930 1594 1961 quae
1609 1915 1728 1956 tandem

905 1960 1084 2005 receptionis
1101 1960 1198 1992 natm?
1214 1962 1303 2001 quae?
1315 1961 1379 1993 Non
1389 1963 1488 2005 irasci,
1503 1960 1646 1999 mundum
1658 1979 1728 2002 esse

906 2004 1085 2051 asordibus,
1102 2014 1173 2051 quas
1193 2015 1277 2037 amor
1300 2006 1423 2047 impurae
1449 2004 1605 2051 voluptatis
1633 2019 1724 2046 creat.

905 2047 977 2080 Item
990 2050 1196 2090 mansuetudo,
1210 2055 1239 2081 et
1247 2051 1416 2083 ﬁrmissima
1428 2047 1619 2088 horumbasis
1630 2058 1728 2091 humi-

904 2092 981 2131 litas,
1011 2094 1154 2140 malorum
1185 2095 1339 2126 tolerantia
1374 2101 1403 2128 et
1431 2101 1638 2140 compassione
1666 2113 1726 2136 non

904 2147 991 2169 secus
1004 2148 1090 2178 quam
1102 2139 1206 2170 ferreis
1228 2140 1300 2171 fulta
1309 2141 1482 2174 tibicinibus
1493 2139 1592 2177 ferens
1603 2147 1725 2180 dextera

904 2183 1022 2232 globum
1039 2193 1173 2232 aureum,
1191 2184 1340 2232 lucentem
1363 2191 1391 2217 et
1415 2197 1580 2232 coruscam,
1606 2192 1726 2232 simpli-

82 2226 858 2279 lntelligendumestautem,omnemoperamdiaboli,
871 2230 893 2254 D
903 2236 979 2265 cem,
993 2229 1211 2260 immaculatam
1222 2230 1291 2279 (per
1298 2231 1486 2279 bonamputa
1494 2226 1722 2279 conscientiam)

37 2269 271 2313 daemonumque
285 2273 426 2305 adversus
445 2274 626 2305 Christianos
650 2274 680 2304 in
696 2273 752 2305 hoc
767 2273 861 2304 collo-

36 2315 113 2355 cari,
128 2320 161 2346 ut
185 2316 260 2348 hanc
283 2318 480 2358 ignorantiam
510 2327 562 2359 per
590 2317 722 2349 omnium
748 2323 863 2349 utentes

35 2359 217 2393 diﬁ‘undant.
234 2363 329 2403 Atque
345 2363 382 2394 ob
399 2373 463 2395 eam
479 2373 542 2394 rem
567 2363 717 2393 daemones
730 2363 766 2393 ad
779 2363 844 2403 jeju

904 2282 1028 2313 quaeque
1043 2283 1192 2314 nunquam
1210 2274 1328 2313 excidit,
1345 2277 1503 2317 benignam
1528 2279 1699 2313 charitatem
1711 2274 1726 2315 ἐ

903 2317 1023 2349 sinistra
1038 2321 1135 2348 autem
1145 2319 1246 2357 ﬁdem,
1256 2323 1285 2350 ut
1296 2322 1574 2357 armasolidissima.
1588 2325 1727 2360 Credidit

903 2363 983 2393 enim
995 2363 1055 2394 Deo
1065 2363 1130 2394 sine
1147 2363 1341 2401 dubitatione,
1357 2369 1570 2407 etjreputatum
1584 2373 1628 2402 est
1642 2372 1672 2402 ei
1687 2372 1729 2403 ad

34 2405 99 2442 nia,
109 2405 238 2456 vigilias,
251 2407 332 2438 humi
348 2409 533 2456 cubationes.
545 2412 572 2439 et
581 2412 697 2456 caetera,
709 2417 774 2448 quae
783 2408 863 2456 dicta
899 2407 1080 2456 justitiqm9
1095 2416 1102 2438 :
1131 2408 1239 2456 alioqui
1254 2410 1362 2456 {omnia
1375 2405 1464 2456 faciet
1479 2413 1580 2445 volens
1597 2415 1704 2447 nolens
1715 2441 1725 2456 ,

34 2454 119 2486 sunt,
148 2450 276 2482 ascetica
301 2452 490 2484 administros
508 2462 541 2484 se
557 2452 700 2493 praebent,
719 2456 750 2483 ut
764 2453 815 2493 qui
830 2463 862 2484 se

34 2493 184 2533 afﬂigunt,
197 2505 308 2536 cum_se
328 2502 409 2529 recte
424 2498 529 2529 fecisse
544 2498 722 2538 putaverint,
740 2498 862 2529 minime

36 2547 69 2568 se
86 2537 187 2570 aJesu
213 2545 331 2572 curatos
359 2543 521 2574 inveniant.
544 2537 609 2573 Lex
639 2542 717 2572 enim
747 2543 862 2574 Christo

39 2582 135 2623 posita
150 2588 195 2614 est
209 2585 402 2628 inviolabilis,
421 2597 459 2618 ne
474 2596 652 2628 quemquam
670 2587 865 2627 perturbatio-

39 2635 105 2664 nes,
120 2631 149 2672 et
160 2628 280 2660 morbos
291 2639 372 2669 suos,
386 2641 550 2672 eorumque
557 2631 717 2670 medicum,
730 2635 759 2662 et
773 2632 867 2672 ipsam

39 2671 226 2718 sanationem
242 2674 428 2713 ignorantem
444 2671 548 2707 curare
564 2675 656 2716 possit
670 2685 677 2707 :
695 2671 867 2718 quamiqui-

38 2713 109 2745 dem
126 2717 255 2756 primum
272 2720 409 2761 apostoli,
423 2724 488 2761 post
498 2713 602 2752 eorum
613 2713 752 2761 discipuli
762 2713 870 2753 docue-

38 2761 123 2792 runt.
140 2761 229 2803 Atqui
241 2773 301 2794 non
313 2764 427 2804 doceri,
442 2769 471 2797 et
482 2774 571 2797 nosse
585 2765 740 2796 sanitatem
752 2765 868 2807 impos-

78 2825 186 2879 flbi‘d.
207 2827 277 2879 3?."
301 2830 318 2855 4
330 2831 437 2879 Matth:
453 2840 556 2870 xxvur,
574 2830 624 2863 18.
665 2831 682 2857 5
696 2831 782 2863 Prov.
798 2839 888 2872 nvu,
904 2830 955 2864 20.
998 2831 1015 2857 ὕ
1030 2831 1107 2864 Petr.
1124 2841 1156 2866 ν.
1171 2835 1201 2865 6.
1245 2834 1260 2860 7
1274 2834 1301 2867 II
1314 2836 1392 2870 Tim.
1408 2845 1442 2879 II,

32 2874 106 2905 xvn,
124 2867 173 2900 l0.
225 2869 241 2894 9
256 2870 332 2904 Gen.
348 2880 398 2912 xv,
414 2871 446 2905 6.

199 2936 335 2971 ΡΑΤιιοι..
352 2940 409 2974 Gn.
425 2940 517 2977 CXX,

903 2456 936 2482 ut
950 2451 1134 2491 gloriﬁcetur
1147 2452 1184 2483 ab
1200 2453 1381 2487 hominibus.
1398 2454 1462 2487 Non
1479 2457 1559 2488 enim
1575 2459 1625 2490 ubi
1640 2451 1724 2492 Chri;

903 2500 980 2543 stus,
993 2496 1054 2543 illic
1069 2497 1241 2543 daemones;
1264 2498 1314 2529 ubi
1338 2503 1436 2531 autem
1465 2501 1627 2543 daemones,
1652 2505 1694 2536 ibi
1709 2515 1726 2537 a

903 2541 1052 2572 curriculo
1067 2546 1157 2573 rectae
1170 2542 1293 2574 rationis
1307 2544 1484 2578 deﬂectitur.
1515 2546 1589 2579 Nam
1613 2541 1646 2581 ut
1659 2559 1728 2582 ves-

910 2586 1082 2633 pertiliones
1098 2591 1186 2618 noctu
1202 2587 1424 2629 circumvolant,
1441 2595 1470 2622 et
1495 2597 1654 2633 pascuntur
1667 2604 1674 2628 :
1689 2595 1730 2627 ita

911 2631 997 2662 etiam
1013 2631 1165 2663 daemones
1180 2641 1247 2663 cum
1264 2633 1397 2676 principe
1410 2644 1475 2674 suo,
1493 2631 1606 2669 naturae
1619 2639 1729 2671 intelli-

910 2679 1025 2715 gentes,
1055 2676 1216 2717 solutaeque
1244 2687 1278 2709 ac
1305 2678 1406 2710 liberae
1433 2680 1464 2711 in
1491 2681 1551 2713 vita
1574 2683 1729 2716 hominum

911 2720 1019 2769 misera
1032 2729 1066 2752 ac
1083 2721 1213 2769 perdita,
1224 2723 1304 2754 velut
1318 2728 1409 2756 noctu
1423 2729 1517 2758 terras
1532 2731 1619 2769 atque
1634 2729 1729 2762 aerias

909 2764 1047 2804 regiones
1061 2766 1280 2806 perambulant.

1461 2838 1472 2871 1
1492 2847 1578 2882 seqq.
1619 2840 1636 2866 8
1655 2840 1731 2873 Luc.

1532 2946 1572 2980 13
