1983 3072
175 171 180 175 ”
227 165 288 200 395

875 166 1066 201 SYMEONIS
1085 168 1262 202 JUNIORIS
1859 167 1922 201 396

265 235 497 267 Similitudinem
512 235 659 277 quispiam
668 243 705 267 ex
719 238 822 266 nostra
834 238 934 266 mente
949 235 1047 267 ducat.
1058 239 1081 265 Α
1091 234 1614 277 rebuscontendimus,etjurgamur,
1623 235 1767 267 adhibere
1774 235 1922 266 solemus.

224 279 295 317 Quae
310 280 390 312 enim
417 281 480 312 haec
505 280 664 322 aliquando
691 280 837 320 cognovit,
866 280 1053 321 quantumvis
1094 279 1169 312 Hinc
1179 281 1367 321 perspicitur,
1380 290 1438 321 quo
1462 285 1549 321 pacto
1564 280 1700 312 diabolus
1716 284 1847 312 mentem
1862 279 1921 309 hoc

224 326 314 366 longe
330 326 436 367 posita,
452 330 603 357 momento
619 334 652 356 ac
663 329 773 366 puncto
791 325 934 364 temporis
951 334 1053 366 perva-
1093 329 1152 357 tam
1169 325 1248 365 gravi
1273 325 1350 356 malo
1378 325 1501 356 involuti
1526 325 1740 357 circumducat.
1762 326 1801 357 Et
1822 323 1922 355 omnis

224 370 278 408 dit,
294 370 385 411 idque
399 370 497 401 adhuc
511 369 645 411 corporis
658 369 704 400 sui
727 369 888 401 constricta
913 369 1050 400 vinculis.
1094 370 1244 401 medicina
1258 369 1431 410 spiritualis,
1443 370 1615 411 curatioque
1627 369 1807 410 experienda
1818 371 1873 405 est,
1887 370 1921 396 ut

223 414 300 447 Hinc
315 425 374 446 non
391 419 436 446 est
450 419 619 456 promptum
632 423 702 445 vero
717 413 887 445 Christiano
917 413 1049 444 animum
1091 415 1227 446 medicus
1240 416 1419 456 animorum,
1437 419 1464 446 et
1476 424 1633 455 corporum
1648 415 1732 446 .Iesus
1748 414 1827 444 hunc
1843 420 1925 442 mor-

222 469 340 492 sursum
354 459 392 491 ad
413 461 519 497 Deum,
550 459 780 499 divinorumque
804 457 1048 499 perspicientiam

221 505 349 545 erigere,
364 508 453 545 atque
467 504 635 542 sustollere,
648 507 677 534 et
691 513 758 534 cum
774 503 825 534 illo
838 512 955 533 summo
971 502 1048 533 bono

223 549 366 590 colloqui,
383 553 413 579 et
428 558 482 589 per
492 548 696 579 sanctissimas
706 547 842 579 notiones
853 547 913 578 illic
924 547 1050 578 circum-

221 594 282 626 fusi
298 593 419 625 lnminis
435 593 609 635 participem
624 593 702 630 ﬁeri,
718 593 776 623 nisi
804 596 872 623 ante
896 602 913 623 a
939 591 1051 632 Spiritu

220 643 323 671 sancto
337 638 418 670 velut
433 637 532 677 sigillo
558 637 718 678 insignitus
733 636 781 668 sit.
799 638 872 669 Cum
888 637 967 668 enim
984 636 1051 667 dia-

220 683 309 716 bolus
324 692 389 715 eam
405 682 504 714 divina
517 682 612 723 gratia
641 681 822 719 destitutam,
847 690 947 713 aerem
964 681 1051 712 modo

1092 459 1162 490 bum
1179 464 1276 491 sanet.
1292 460 1344 491 Sin
1360 460 1469 498 minus,
1485 459 1649 500 psalmodia
1657 464 1729 497 tota,
1740 458 1920 497 habitusque

1090 504 1128 535 ad
1143 503 1237 536 Deum
1254 514 1351 536 sermo
1367 505 1464 536 inanis
1492 509 1547 543 est,
1578 509 1607 536 et
1635 504 1794 536 evanescit.
1822 501 1921 538 Quare

1091 548 1298 589 ingemiscere,
1316 553 1345 580 et
1359 549 1476 590 plorare
1492 549 1679 590 insipienter,
1698 558 1732 580 ac
1747 548 1813 581 sine
1828 545 1919 577 intel—

1092 592 1170 625 lectu
1186 594 1362 634 psallentem
1377 598 1505 633 oportet,
1530 601 1585 624 nec
1601 598 1714 634 putare,
1740 602 1773 623 se
1789 591 1921 632 psalmos

1093 638 1249 670 cecinisse.
1265 638 1348 675 Quod
1362 639 1388 670 si
1398 639 1510 670 idcirco
1521 648 1580 669 non
1596 638 1687 676 dolet,
1705 637 1776 678 quid
1793 636 1919 667 salutem

1093 686 1217 723 sperat?
1230 683 1305 714 Illud
1321 683 1400 714 enim
1414 692 1421 715 :
1438 683 1507 714 Non
1522 686 1565 714 est
1580 686 1712 723 speciosa
1735 682 1802 713 laus
1821 682 1922 711 inore

222 729 352 770 quodam
367 727 514 769 spirituali
529 727 707 759 concitatam
729 730 896 767 penetrare,
913 730 942 757 et
959 727 1051 758 Deum
1092 729 1261 768 peccatoris
1276 728 1304 754 12
1316 752 1324 767 ,
1342 738 1400 759 non
1416 728 1455 759 de
1478 728 1576 766 atheo,
1594 732 1623 758 et
1645 726 1759 758 inﬁdeli
1779 724 1921 766 quopiam

221 774 395 815 concipere,
408 782 589 814 suorumque
599 777 763 804 erratorum
771 772 922 804 recordari
933 772 1052 812 viderit,
1096 773 1238 813 scriptum
1256 778 1302 804 est
1311 773 1425 813 (nullus
1441 773 1551 813 quippe
1566 773 1672 803 horum
1698 771 1795 802 laudat
1809 770 1919 804 Deum,

221 819 364 850 audacter
392 818 468 850 viam
495 817 678 855 custodiens,
693 817 911 858 quodammodo
932 817 1050 848 clamat.
1096 826 1183 858 quem
1200 817 1325 858 ignorat)
1343 818 1395 849 sed
1407 817 1445 848 de
1455 827 1490 849 eo
1502 817 1552 858 qui
1567 817 1661 848 Deum
1677 823 1873 856 cognoscens,
1891 816 1922 843 et

221 863 286 900 Quo
301 862 404 908 infelix
416 871 470 903 per
481 871 582 908 meum
592 861 890 908 imperiumpergis?
904 862 966 901 Ego
975 861 1054 908 prin-
1065 884 1084 908 Β
1096 861 1127 891 in
1142 870 1210 892 eum
1226 862 1435 908 credens,rper
1451 871 1541 903 opera
1566 862 1643 908 mala
1657 861 1790 908 impius,
1814 863 1844 889 et
1866 866 1922 908 per

220 917 291 949 ceps
306 907 513 939 tenebrarum.
525 907 586 948 Ego
599 916 703 938 eorum
715 906 767 947 qui
778 906 920 937 mundum
934 906 1054 947 sapiunt
1067 903 1083 908 ”
1095 912 1251 947 peccatum
1267 906 1475 946 Dei-,‘inimicus
1490 911 1578 947 atque
1589 906 1681 937 hostis
1696 911 1752 936 est.
1770 903 1922 941 Quemad-

223 953 366 994 princeps
380 951 548 993 appellatus
560 961 638 983 sum.
652 951 712 991 Ego
723 951 856 992 corrupti
867 951 944 982 aeris
955 951 1055 982 Domi-
1095 951 1216 981 modum
1230 961 1359 992 namque
1370 952 1536 991 speciosum
1544 951 1655 992 aliquid
1669 950 1825 990 pulchrum
1834 952 1883 979 est
1893 950 1923 977 et

221 993 277 1029 nus
293 1000 323 1028 et
339 996 452 1028 arbiter
467 995 604 1028 Satanas.
620 996 758 1027 Nondum
775 1006 791 1028 e
813 1001 961 1037 potestate
988 1005 1054 1026 mea
1095 995 1226 1036 elegans,
1238 996 1530 1037 utpulchritudinem
1540 1002 1570 1028 et
1582 995 1755 1035 elegantiam
1763 993 1924 1025 continens

221 1042 362 1073 translata
376 1050 408 1074 es
422 1041 468 1082 (ut
497 1041 596 1083 inquit
624 1041 785 1083 Apostolus
798 1042 826 1067 ‘0
850 1041 886 1072 de
902 1041 959 1076 his.
975 1050 1052 1081 quos
1094 1041 1655 1083 aspectuquejucuudissimum,etideo
1664 1041 1752 1072 etiam
1763 1039 1919 1071 oculorum

220 1087 366 1133 Christus
377 1086 528 1133 transtulit
541 1086 580 1133 de
595 1090 739 1133 potestate
752 1085 867 1118 Satanae
879 1087 916 1117 ad
927 1087 1049 1133 Deum.)
1094 1085 1275 1133 obtutumad
1289 1096 1320 1117 se
1331 1087 1449 1118 allectat
1465 1097 1472 1117 :
1489 1086 1623 1133 deforme
1649 1091 1752 1133 contra
1772 1089 1816 1133 est
1830 1083 1921 1133 odio-

219 1131 327 1164 Adhuc
338 1130 527 1162 ditionimeze
536 1130 683 1171 subjecta,
696 1140 833 1172 quaemea
843 1129 1049 1170 suntrespice',
1094 1139 1171 1169 sum,
1188 1135 1218 1162 et
1231 1131 1410 1163 intuentium
1435 1132 1536 1162 oculos
1560 1141 1577 1162 a
1591 1140 1623 1162 se
1638 1131 1746 1162 avertit
1763 1140 1770 1162 :
1786 1129 1830 1160 sic
1854 1129 1921 1160 laus

223 1176 291 1208 Mea
307 1179 352 1207 est
368 1174 449 1206 enim
462 1175 609 1213 salacitas,
633 1174 803 1213 insolentia,
819 1174 975 1215 injustitia,
992 1174 1050 1205 im-
1095 1176 1258 1215 peccatoris
1271 1176 1386 1207 divinos
1401 1176 1502 1208 oculos
1521 1186 1539 1207 a
1553 1186 1585 1208 se
1599 1176 1729 1216 repellit.
1747 1175 1823 1207 Solis
1837 1174 1920 1205 enim

221 1220 367 1262 probitas,
385 1228 451 1261 quae
464 1223 494 1251 te
519 1224 617 1258 antea,
633 1224 665 1251 ut
680 1220 841 1251 admodum
858 1220 935 1250 bona
950 1219 1049 1251 dorui.
1094 1219 1180 1251 labiis
1196 1229 1260 1251 eam
1278 1220 1461 1261 pronuntiat,
1475 1220 1566 1251 corde
1576 1224 1674 1252 autem
1691 1229 1758 1251 cum
1775 1219 1918 1260 peccatis,

220 1265 340 1304 Vidisti,
356 1265 490 1305 gustasti,
508 1264 655 1296 delectata
670 1274 713 1303 es,
745 1274 832 1296 mane
861 1264 949 1295 infra.
980 1263 1049 1294 Ideo
1093 1273 1158 1304 quae
1172 1265 1202 1295 id
1219 1269 1473 1306 praeoccuparunt,
1490 1265 1642 1306 loquitur:
1656 1274 1672 1295 a
1687 1264 1794 1305 quibus
1810 1268 1842 1294 ut
1859 1267 1920 1294 tuta

222 1310 366 1351 scriptum
381 1313 427 1342 est
443 1319 451 1340 :
467 1309 510 1340 Et
528 1318 615 1341 nemo
638 1312 737 1349 potest
760 1309 874 1347 dicere,
899 1308 1048 1340 Dominus
1091 1318 1127 1339 ac
1143 1313 1226 1340 certa
1241 1311 1391 1350 possessio
1406 1310 1565 1342 retinetur.
1581 1309 1675 1341 Nemo
1691 1309 1840 1350 siquidem
1856 1308 1918 1340 Deo

222 1355 320 1393 Jews,
337 1354 399 1386 nisi
409 1354 444 1385 in
458 1353 581 1394 Spiritu
593 1357 697 1385 sancto
712 1354 737 1376 Η
749 1375 758 1385 .
1089 1357 1219 1392 cantare,
1232 1358 1262 1385 et
1272 1354 1390 1386 interim
1402 1365 1462 1386 non
1474 1356 1504 1386 in
1515 1359 1636 1396 pectore
1651 1355 1771 1385 infanda
1785 1354 1919 1385 volutare

262 1398 329 1430 Non
344 1407 414 1439 ergo
430 1397 524 1429 ullum
552 1397 750 1430 Christianum
772 1397 810 1429 ad
838 1397 1045 1438 psalmodiam,
1090 1402 1196 1438 potest,
1214 1398 1243 1428 ni
1258 1399 1341 1439 prius
1356 1409 1410 1440 per
1421 1400 1635 1440 paenitentiam,
1653 1404 1682 1431 et
1696 1399 1916 1430 confessionem

221 1443 400 1484 divinosque
414 1442 544 1482 hymnos
567 1442 770 1474 concinendos
794 1447 892 1473 astare
919 1446 1045 1483 oportet,
1089 1442 1173 1472 illum
1188 1443 1245 1474 sibi
1270 1444 1527 1482 reconciliaverit;
1558 1453 1623 1485 quae
1650 1444 1843 1475 reconciliato
1874 1446 1919 1474 est

218 1489 270 1530 qui
284 1489 366 1530 prius
380 1497 397 1519 a
411 1491 514 1519 sancto
530 1487 639 1519 Sriritu
650 1491 782 1519 mentem
791 1487 972 1527 {insignitam
989 1496 1048 1518 non
1091 1486 1237 1526 quaedam,
1255 1497 1319 1528 quae
1333 1488 1487 1520 intellectu
1503 1489 1678 1529 percipitur,
1704 1490 1768 1528 ejus
1782 1488 1821 1519 ad
1848 1488 1917 1519 ani-

220 1533 378 1572 habuerit;
396 1542 434 1564 ne
446 1541 546 1563 coram
558 1532 619 1564 Deo
630 1537 741 1570 astans,
755 1541 821 1573 quae
835 1532 950 1563 Saluum
965 1534 1044 1563 sunt.
1059 1543 1078 1568 ε
1091 1539 1169 1561 mam
1184 1530 1388 1564 obumbratio.
1405 1532 1495 1573 Cujus
1510 1532 1747 1564 obumbrationis
1761 1541 1918 1572 argumen-

221 1582 254 1610 ut
268 1578 406 1610 minister
421 1578 498 1618 ejus,
515 1577 632 1618 operari
655 1577 837 1617 intelligatur
853 1586 860 1608 :
887 1581 917 1609 et
941 1585 978 1608 ex
995 1577 1051 1608 hac

223 1632 313 1655 causa
325 1622 464 1654 sordibus
486 1621 680 1662 inquinatior,
697 1621 840 1662 malisque
855 1621 918 1659 irae,
936 1626 966 1653 et
982 1630 1049 1653 car—

224 1668 302 1700 nalis
315 1666 486 1708 cupiditatis
500 1666 607 1703 dirius,
629 1670 659 1697 et
683 1667 802 1698 suavius
827 1667 960 1706 repletus
976 1666 1050 1697 sub-

220 1717 365 1745 vertatur.
382 1711 438 1749 Qui
455 1720 583 1752 namque
599 1711 630 1742 in
643 1711 791 1743 ofﬁcinam
815 1711 1050 1743 medicamenta-

219 1758 295 1789 riam
324 1758 489 1797 ingressus,
520 1756 643 1787 vulnera
671 1756 802 1787 vibicum
835 1755 979 1787 immitius
994 1755 1052 1791 sibi

220 1801 402 1838 refricuerit,
420 1800 576 1840 praestabat
591 1801 671 1831 hunc
697 1810 732 1831 eo
755 1809 906 1841 nunquam
931 1800 1050 1841 ingres-

220 1855 298 1878 sum.
317 1845 411 1877 Multo
427 1845 516 1885 igitur
542 1845 653 1883 studio,
676 1845 925 1885 accurationeque
951 1846 1052 1885 cujus-

221 1899 279 1931 que
293 1889 454 1922 Christiani
471 1898 556 1920 mens
575 1889 752 1929 corrigenda
767 1893 811 1920 est
826 1891 920 1929 prius,
938 1899 976 1921 ne
991 1890 1049 1921 hoc

219 1934 285 1975 ipso
301 1934 351 1965 ﬁat
368 1933 514 1972 deterior,
526 1933 604 1974 quod
619 1937 688 1965 ante
703 1933 920 1965 correctionem
935 1934 1046 1976 psallit,

219 1980 404 2020 hymnosque
418 1987 453 2010 ac
468 1987 572 2019 preces
590 1978 739 2019 persolvit.
757 1978 822 2009 Non
839 1979 919 2010 enim
950 1983 1047 2020 potest

219 2023 357 2065 impurus
369 2022 488 2054 animus
502 2026 599 2054 astare
627 2022 701 2061 Deo,
728 2023 916 2063 quantumvis
937 2033 1046 2065 corpus

220 2071 319 2100 astet:
350 2067 420 2109 quia
447 2077 507 2099 non
545 2066 610 2108 ipse
638 2069 855 2108 unusquisque,
891 2067 944 2099 sed
980 2078 1047 2109 quae

219 2121 467 2154 unumquemque
482 2111 641 2143 obumbrat
663 2112 777 2144 Christi
800 2112 904 2153 gratia,
931 2122 967 2144 ea
991 2118 1046 2152 est,

219 2167 285 2198 quae
300 2158 396 2190 Deum
412 2156 575 2194 benedicit,
592 2160 622 2188 et
638 2157 669 2188 in
690 2157 754 2198 ipso
770 2157 880 2196 laudat,
893 2161 921 2189 et
936 2162 1047 2198 myste-

1091 1578 1165 1613 tum,
1183 1575 1214 1606 in
1229 1576 1368 1608 laudibus
1384 1577 1493 1609 divinis
1510 1578 1616 1609 timore
1631 1577 1759 1618 quodam
1786 1581 1816 1608 et
1829 1586 1918 1608 reve-

1090 1620 1187 1651 rentia
1201 1621 1338 1661 perfusus
1353 1622 1482 1660 animus,
1507 1622 1605 1653 bonus
1628 1622 1713 1659 ordo,
1742 1625 1771 1653 et
1795 1622 1918 1653 attentio

1091 1663 1128 1694 ad
1142 1673 1178 1695 ea
1189 1674 1257 1706 quae
1267 1671 1413 1698 canuntur
1428 1677 1438 1698 :
1455 1666 1537 1705 Quia
1548 1675 1636 1698 nemo
1645 1670 1741 1708 potest
1748 1667 1845 1698 dicere
1864 1665 1921 1697 Do-

1092 1708 1210 1740 minum
1223 1709 1338 1749 Jesum,
1354 1711 1415 1743 nisi
1426 1711 1459 1742 in
1468 1711 1590 1752 Spiritu
1603 1715 1719 1743 sancto.
1732 1711 1789 1748 Qui
1802 1710 1847 1742 sic
1858 1719 1919 1741 non

1092 1753 1223 1793 laudant,
1240 1755 1303 1787 sive
1317 1756 1488 1787 sacerdotes
1510 1756 1581 1797 sint,
1607 1756 1668 1787 sive
1692 1755 1836 1787 celsiores
1857 1755 1919 1792 his,

1092 1798 1218 1830 aliorum
1233 1800 1311 1841 apud
1326 1801 1421 1833 Deum
1445 1801 1624 1841 interpretes
1643 1810 1678 1832 ac
1692 1801 1918 1841 deprecatores,

1092 1843 1188 1874 adhuc
1202 1853 1219 1875 a
1234 1845 1333 1876 divino
1348 1850 1510 1887 conspectu
1524 1845 1632 1877 remoti
1651 1850 1731 1878 sunt.
1747 1844 1831 1881 Quod
1846 1845 1875 1876 si
1888 1844 1920 1875 hi

1091 1887 1206 1919 inimici
1217 1893 1286 1920 sunt
1297 1890 1361 1930 ejus
1371 1891 1448 1931 apud
1460 1899 1548 1930 quem
1560 1891 1618 1921 hoc
1633 1889 1729 1922 ofﬁcio
1741 1890 1917 1930 funguntur,

1089 1932 1160 1972 quid
1172 1933 1289 1972 facient,
1300 1934 1352 1975 qui
1371 1934 1544 1975 hujusmodi
1559 1934 1751 1975 interpretes,
1776 1938 1806 1965 et
1819 1943 1919 1965 causae

1089 1985 1148 2007 suae
1162 1981 1278 2009 actores
1293 1979 1513 2019 quaesiverunt?
1528 1979 1566 2010 At
1581 1979 1661 2010 enim
1677 1979 1703 2010 si
1730 1978 1775 2010 sol
1802 1978 1919 2009 calidus

1088 2030 1155 2052 cum
1170 2022 1220 2060 sit,
1237 2023 1403 2063 apricantes
1416 2023 1510 2055 radiis
1524 2023 1585 2054 suis
1607 2023 1769 2054 calefacere
1785 2032 1918 2054 consue-

1087 2066 1127 2096 vit
1143 2075 1150 2097 :
1167 2067 1315 2107 quomodo
1329 2067 1419 2106 Deus,
1436 2077 1504 2099 cum
1518 2067 1556 2099 sit
1578 2072 1710 2106 sanctus,
1735 2077 1840 2098 omnes
1863 2076 1919 2108 per

1089 2111 1253 2142 orationem
1264 2117 1492 2152 secumagentes
1499 2123 1556 2144 non
1568 2112 1757 2144 sanctiﬁcat?
1769 2112 1915 2148 Quoniam

1088 2155 1131 2186 ibi
1146 2156 1191 2186 sol
1206 2156 1243 2187 iis
1270 2156 1321 2197 qui
1350 2158 1489 2188 caleﬁunt
1516 2167 1636 2188 sensum
1662 2158 1757 2195 aﬁ'ert,
1782 2157 1917 2187 sentiunt

222 2203 301 2234 rium
331 2201 405 2234 illud
432 2201 608 2233 admirabile
636 2202 777 2233 admittit.
808 2201 920 2233 Omnes
947 2199 1200 2243 itaququuippe
1214 2210 1247 2231 se
1262 2201 1403 2238 caleﬁeri,
1429 2206 1457 2232 et
1472 2201 1510 2232 ob
1540 2202 1596 2232 hoc
1624 2202 1722 2242 ipsnm
1752 2201 1791 2232 ad
1819 2202 1916 2233 solem

219 2246 356 2278 homines
372 2246 611 2287 congredientes,
624 2250 738 2277 norunt
750 2246 820 2287 quid
836 2247 1004 2287 loquantur,
1021 2251 1051 2278 et

219 2300 355 2332 quaenam
371 2291 444 2332 sint,
460 2299 527 2332 quas
543 2294 645 2321 mutuo
663 2290 825 2332 disserunt,
852 2296 1046 2330 cognoscunt.

219 2334 275 2372 Qui
290 2345 358 2366 vero
372 2335 509 2373 audiunt,
526 2343 593 2376 quae
606 2335 681 2376 ipsis
710 2335 847 2366 dicantur
875 2345 935 2367 non
959 2336 1046 2376 igno-

217 2383 304 2419 rant;
321 2383 413 2412 etest
428 2379 584 2411 manifesta
612 2379 748 2421 stultitia,
772 2379 975 2421 colloquentes
1000 2381 1047 2411 vi-

218 2424 324 2455 cissim
338 2433 427 2456 aures
442 2433 502 2455 non
518 2424 600 2455 dare.
618 2423 764 2460 Quoniam
784 2434 867 2462 vero,
892 2434 959 2456 cum
985 2425 1046 2457 Deo

219 2473 350 2500 astantes
365 2478 434 2501 eum
449 2468 640 2509 alloquimur,
656 2472 690 2499 ut
705 2469 911 2510 imprudentes
926 2479 960 2501 ac
975 2469 1047 2501 fatui

217 2512 351 2544 animum
381 2513 409 2545 ei
436 2522 496 2544 non
510 2512 704 2551 attendimus,
734 2513 814 2545 unde
842 2513 967 2545 salutem
991 2524 1047 2545 nos

218 2558 379 2599 adepturos
394 2558 573 2589 conﬁdimus
583 2557 598 2588 Ῥ
613 2558 779 2598 praesertim
791 2559 816 2589 si
831 2558 861 2589 id
877 2559 927 2590 diu
941 2559 1046 2591 feceri-

218 2613 296 2642 mus,
312 2608 415 2635 noctes
444 2603 560 2635 scilicet
587 2609 622 2634 ac
648 2603 712 2635 dies
740 2603 782 2635 ita
800 2603 865 2635 sine
893 2604 1046 2636 intellectu

216 2648 390 2690 psallentes,
402 2652 432 2679 et
439 2657 495 2679 nos
503 2647 564 2680 Deo
574 2647 736 2689 placituros
745 2648 957 2680 existimantes.
964 2648 1046 2690 Opus

215 2697 261 2724 est
275 2693 355 2725 enim
372 2702 439 2725 cum
455 2692 517 2724 Deo
533 2692 690 2733 loquentes
706 2697 816 2725 tantam
832 2693 936 2724 saltem
951 2697 1048 2725 atten-

217 2737 329 2769 tionem
343 2737 500 2776 adhibere,
517 2741 658 2779 quantam
687 2737 758 2769 dum
789 2747 842 2779 pro
864 2738 953 2778 hujus
979 2739 1047 2771 vitae

1089 2244 1195 2275 sedere
1206 2254 1237 2276 se
1252 2245 1372 2284 sciunt;
1389 2245 1420 2276 hi
1434 2251 1534 2277 autem
1556 2245 1606 2286 qui
1632 2246 1692 2277 Deo
1717 2255 1822 2286 preces
1843 2246 1916 2278 fun-

1089 2288 1174 2330 dunt,
1192 2289 1263 2330 quid
1279 2294 1379 2330 petant
1392 2290 1531 2322 nesciunt
1548 2302 1555 2322 :
1571 2291 1650 2331 quod
1671 2292 1756 2321 matri
1784 2291 1917 2322 ﬁliorum

1088 2333 1234 2373 Zebedaei,
1251 2334 1383 2375 ipsisque
1398 2335 1467 2366 ﬁliis
1488 2336 1552 2376 ejus
1577 2335 1712 2367 Christus
1734 2335 1854 2367 dicebat
1870 2337 1916 2368 i5.

1088 2378 1218 2416 Talibus,
1231 2384 1263 2409 ut
1273 2379 1318 2410 vel
1329 2383 1449 2409 centum
1459 2389 1554 2411 annos
1563 2380 1710 2420 precando
1724 2384 1914 2411 consumant.

1089 2423 1167 2454 Deus
1183 2423 1257 2454 nihil
1273 2423 1332 2455 dat.
1349 2423 1425 2460 Quia
1438 2424 1532 2464 igitur
1555 2424 1664 2455 frustra
1688 2423 1837 2462 laborant,
1865 2424 1918 2465 qui

1088 2467 1217 2507 psallunt
1231 2472 1261 2498 et
1275 2472 1440 2509 orant,_nec
1465 2468 1701 2506 sanetiﬁcantur,
1725 2468 1884 2508 magistros
1899 2478 1916 2499 a

1087 2512 1149 2543 Deo
1161 2512 1278 2544 afﬂatos
1293 2514 1375 2553 prius
1386 2513 1502 2550 adeant,
1517 2517 1546 2544 et
1557 2513 1730 2550 doceantur,
1743 2512 1815 2553 quid
1826 2522 1915 2544 orare

1088 2556 1225 2588 debeant.
1242 2557 1281 2588 Ni
1297 2557 1400 2596 faxint,
1413 2567 1466 2589 seu
1482 2558 1643 2598 sapientes,
1659 2566 1712 2589 seu
1737 2557 1916 2598 insipientes

1088 2601 1157 2640 sint,
1174 2602 1289 2643 profani
1302 2602 1514 2643 atqueimpuri
1539 2603 1717 2634 morientur.
1741 2603 1816 2634 Nam
1841 2603 1914 2642 quid

1088 2651 1190 2686 petant
1204 2647 1384 2686 nescientes,
1401 2646 1480 2680 Deus
1497 2648 1637 2679 exaudire
1656 2648 1761 2678 nescit.

258 2828 284 2850 ¹⁰
297 2828 413 2861 Coloss.
429 2838 451 2868 ι,
468 2829 518 2861 t3.
564 2828 589 2851 ιι
603 2829 617 2861 Ι
633 2829 702 2862 Cor.
718 2838 771 2870 xit,
787 2829 818 2861 3.
860 2829 888 2850 ‘9
902 2829 999 2862 Eccli.
1017 2838 1041 2862 ιη

653 2831 702 2861 tor.
718 2838 771 2870 xit,
787 2829 818 2861 3.
860 2829 888 2850 ‘9
902 2829 999 2862 Eccli.
1017 2838 1067 2870 xv,
1083 2831 1114 2863 9.
1158 2829 1184 2852 ³⁸
1198 2829 1302 2862 Matth.
1318 2837 1369 2868 xx,
1386 2831 1436 2861 22.
