1983 3072
23 174 84 208 397
747 175 888 210 ORATIO
908 174 1021 210 XVIII.
1669 178 1730 212 398

314 246 454 279 ORATIO
475 245 579 278 XVII],
869 246 890 271 A
901 242 1028 288 tingunt,
1042 245 1072 288 et
1083 243 1107 274 si
1119 251 1210 284 parvo
1224 244 1342 284 negotio
1352 243 1509 276 videantur
1518 254 1607 286 posse
1620 246 1716 288 dijudi

345 293 562 324 Anouusuruu.
902 287 974 331 cari,
991 287 1138 328 facileque
1151 287 1299 326 cognosci,
1326 292 1425 320 tamen
1440 289 1527 322 aliter
1553 292 1616 331 res‘,
1627 291 1727 324 habet.

33 333 861 377 Deimmutationeanimw,etcarparisexiisquamobis
902 330 935 377 In
963 332 1020 377 hoc
1049 333 1128 363 enim
1159 332 1345 373 potissimum
1369 333 1461 365 multa
1487 334 1730 376 frequentissime

73 384 142 411 tum
154 381 193 412 ab
204 391 285 421 aere,
298 374 645 422 cwterisvjueeleinentis,
657 374 720 411 turn
729 388 747 410 a
757 378 861 410 ciboac
903 374 1008 422 incidit
1022 377 1154 422 mutatio.
1172 377 1282 422 Anima
1292 387 1421 419 namque
1436 374 1585 412 naturaet
1600 382 1732 414 essentia

70 428 208 464 potione,
226 418 319 468 alq'ue
329 418 453 458 etiam‘a
466 426 653 457 daemonibus
667 424 817 456 accidunt.
833 467 837 468 γ
904 418 1098 451 immutabilis
1109 424 1157 468 est
1170 429 1177 452 :
1194 421 1334 468 similiter
1342 418 1470 454 et’mens
1481 424 1527 455 illi
1540 434 1557 456 a
1568 424 1732 459 Conditore

72 468 141 500 Non
157 471 251 501 solum
266 464 490 508 conversiones,
506 474 536 501 et
545 470 734 507 mutationes,
752 477 817 509 qua),
831 467 861 498 in
903 469 1079 513 concreatae.
1092 510 1097 513 _
1110 464 1186 496 Solae
1216 467 1340 513 consil-io
1363 472 1518 508 reguntur,
1551 471 1731 513 Propriaque

28 514 136 545 animo
152 518 308 554 exsistunt,
321 525 422 547 verum
438 516 524 546 etiam
541 524 643 546 eorum
660 522 774 554 causas,
787 522 862 553 qua-
902 509 1050 555 voluntate
1069 510 1208 541 virtutem
1224 515 1273 542 aut
1288 511 1358 542 vitia
1373 509 1575 553 capessentes,
1593 509 1728 555 luminis,

29 558 75 588 les
95 559 217 591 tandem
233 561 302 598 sint,
317 565 345 591 et
357 560 436 591 unde
457 560 513 590 sibi
533 560 680 596 eveniant,
698 557 860 588 monachus
902 557 952 584 aut
969 554 1162 586 tenebrarum
1191 556 1280 587 socia:
1308 560 1337 587 et
1364 557 1502 589 hmredes
1529 559 1560 590 in
1588 554 1731 593 aeternam

29 603 124 643 scire,
141 608 230 645 a'que
257 605 425 646 intelligere
449 605 548 636 debet.
575 604 726 636 Interdum
751 602 860 643 quippe
902 599 1142 646 constituuntur;
1167 600 1277 638 anima,
1308 601 1441 642 inquam,
1469 605 1501 635 et
1531 613 1616 636 mens
1645 606 1732 638 alteri

28 649 225 688 repentinum
242 644 380 689 gaudium
396 650 525 680 animam
548 649 692 680 incessit:
710 647 859 678 interdum
902 644 1006 689 horum
1032 644 1165 681 consilio,
1184 649 1217 676 ut
1230 646 1342 676 dictum
1365 651 1420 685 est,
1439 651 1467 679 et
1482 649 1632 681 voluntate
1651 652 1729 684 ultro

30 692 198 732 improvisa
210 688 327 725 tristitia
356 694 490 725 eamdem
514 698 648 734 occupat,
678 697 707 724 et
722 697 859 732 tanquam
901 688 1098 727 adhaerentem
1116 698 1168 720 seu
1180 689 1269 728 bono,
1286 691 1364 722 bona
1378 692 1463 730 ﬁunt,
1479 702 1532 724 seu
1550 695 1640 734 malo,
1654 697 1731 729 mala

30 747 112 767 onus
142 738 288 778 quoddam
320 739 438 780 premit.
471 740 506 770 Et
535 747 613 769 nunc
637 737 756 778 quidem
775 736 860 767 facile
901 737 1052 780 vocantur.
1072 738 1109 764 At
1126 743 1205 780 vero
1230 743 1338 776 corpus
1367 737 1456 768 etiam
1489 744 1594 771 natura
1618 751 1671 772 sua
1687 746 1732 774 est

29 783 270 829 cpmpungimr;
287 778 365 814 nu'nc
389 785 429 815 ita
450 784 486 814 ad
515 783 647 814 dolorem
667 782 704 813 de
730 781 860 822 peccatis
901 778 1054 816 mutabile,
1083 778 1152 819 quia
1170 781 1381 829 compositum,
1407 787 1436 813 et
1453 784 1582 815 essentia
1599 786 1729 829 ﬂuxum;

30 827 226 866 obﬁrmatur,
244 833 272 859 et
287 828 468 866 obdurescit,
485 833 515 859 ut
536 832 594 859 tota
609 836 696 858 saxea
710 827 859 858 videatur.
901 831 1009 863 nempe
1024 832 1059 854 ex
1072 824 1197 855 materia
1211 824 1345 857 ίηῑθτίίυί
1358 826 1497 867 οδηοκῖδ,
1512 833 1540 860 οι
1555 830 1678 867 caduca.
1695 824 1731 864 ei

28 872 204 912 Aliquando
231 873 309 904 milia
338 873 380 910 ﬁt.
411 878 440 904 ει
468 873 588 905 humilis
604 881 611 903 ;
637 872 722 913 paulo
747 875 811 911 post
826 881 889 914 se],
900 867 1058 914 contrariis
1072 867 1187 914 scilicet
1203 870 1391 914 commistum
1403 871 1464 903 sive
1476 880 1728 914 coagmentatum.

28 910 135 957 erigit,
153 917 364 958 iracundiaque
378 922 407 949 et
432 917 514 948 rabie
535 910 692 954 concitata,
719 910 859 947 adversus
870 910 887 914 _
901 910 942 941 EX
957 911 1054 961 9³¹ίᾷο
1069 913 1149 943 enim
1161 917 1190 944 εἴ
1204 913 1311 954 ῖτίείάο
1329 915 1372 955 (υί
1383 916 1493 948 docent
1508 910 1690 961 PﬁuosoPhl:
1702 925 1732 953 εί

30 956 144 992 omnes
159 962 264 993 fratres
278 956 360 1000 furit,
387 966 416 994 et
442 963 561 993 insanit.
592 962 642 993 Est
670 962 788 1002 quando
809 971 860 992 re-
902 956 1252 1007 νθΐίιεξίοθῐηξθξίδιυξ)
1285 968 1320 990 εἰ
1349 960 1433 992 arido
1452 956 1730 1007 VcH-tumidolhuj'us

27 1007 138 1043 missa,
155 1010 184 1037 et
199 1007 279 1038 iners
293 1008 329 1038 ad
346 1017 435 1038 omne
461 1017 535 1048 opus
560 1007 671 1038 bonum
687 1011 801 1047 torpet;
820 1010 866 1037 est
905 1002 1035 1050 essent}?
1049 1002 1205 1050 qonﬂatur-
1222 1002 1434 1050 Ῡετυῐηιοιηθη
1449 1006 1546 1047 ipsum
1562 1002 1728 1042 εθουηάἶιῐη

28 1051 155 1091 quando
167 1052 308 1082 excitatur
321 1057 349 1082 et
359 1052 469 1093 vigilat,
481 1044 522 1083 ἐι
534 1052 569 1083 ad
581 1060 701 1082 omnem
717 1044 864 1082 obodien-
906 1053 938 1094 Sf
965 1044 1100 1094 δτιξίίτίοι
1131 1051 1161 1078 ει
1188 1047 1336 1080 νοῘυηιδίθ
1365 1044 1470 1092 cam:-
1481 1056 1569 1093 δίψιθ
1585 1055 1686 1093 etiam.
1705 1057 1731 1088 εί

30 1089 92 1126 tam
109 1097 208 1136 gestit,
226 1101 261 1127 ut‘
272 1102 300 1128 et
315 1097 345 1127 in
366 1089 468 1128 socios
492 1107 526 1128 ac
553 1097 714 1127 familiares
732 1097 862 1136 jocetur,
907 1089 1066 1120 dicendum
1082 1095 1136 1131 θδίι
1166 1098 1248 1124 ιηοῑυ
1265 1104 1272 1123 ε
1291 1094 1347 1125 ιιίεί
1374 1089 1495 1127 omnino
1514 1089 1604 1138 ᾖα]ῠὸ
1620 1089 1728 1132 ﬂuxio-

29 1150 147 1181 eosque
159 1141 195 1171 ad
212 1142 425 1181 capessendam
435 1142 571 1172 virtutem
584 1141 767 1186 ex~timulet.
788 1139 868 1186 Non-
908 1142 976 1183 "tam
991 1144 1241 1186 progressumque
1254 1138 1291 1169 ad
1300 1138 1464 1179 interitum,
1478 1143 1639 1175 motionem
1652 1146 1733 1186 quis—

29 1180 188 1225 nunquam
220 1180 326 1216 timore
361 1186 556 1221 contrahitur,
580 1189 626 1231 ’et
662 1185 868 1231 circumspicit
908 1180 988 1231 Ρξξὶξξι
1005 1180 1068 1231 eius
1096 1181 1292 1231 ξιγροειῆδθοε
1309 1185 1482 1231 “naturalem
1511 1187 1600 1227 dicat,
1626 1180 1733 1231 in'qua

29 1223 158 1269 omnia;
195 1241 406 1272 nonnunquam
441 1241 473 1262 se
505 1227 697 1271 ίωριίάεηιει-
723 1223 865 1261 επυιίάίι,
909 1223 983 1254 nihil
997 1225 1120 1272 rationis
1141 1227 1286 1272 cernitur.
1303 1227 1387 1264 Quod
1403 1239 1470 1261 cum
1486 1231 1525 1262 ita
1539 1223 1597 1270 sit;
1614 1223 1730 1266 certum

30 1269 857 1314 lllodonugatorumfetridiculorumlibentermeminit,
908 1273 953 1299 εει
967 1269 1065 1316 {iu-am.
1083 1280 1141 1316 μορ
1163 1271 1262 1303 inesse
1283 1277 1448 1316 peccatum,
1474 1285 1529 1307 nec
1551 1287 1615 1308 eam
1631 1288 1649 1310 a
1665 1279 1728 1310 Deo

30 1329 148 1360 eosque
161 1321 196 1350 ad
213 1330 245 1351 se
259 1321 404 1356 accersit;
421 1320 508 1351 modo
520 1329 575 1350 nec
591 1320 668 1356 illos,
685 1326 742 1350 nec
756 1322 859 1350 contu—
901 1313 1103 1360 θοράθῐῐιηᾷΐί-
1120 1315 1288 1356 Ειὶῐηθῒίιο-
1309 1319 1392 1355 Ωιιοά
1416 1313 1497 1352 είιίη]
1522 1329 1658 1354 naturam
1674 1333 1728 1355 co-

30 1364 176 1396 bernales
189 1365 296 1396 intueri
311 1365 446 1396 sustinet.
476 1365 657 1405 Quandoque
683 1364 713 1394 in
737 1373 769 1394 se
795 1363 858 1403 ipsa

28 1410 73 1440 ita
91 1414 251 1448 pressatur,
278 1414 308 1440 et
333 1414 473 1445 arctatur,
505 1413 536 1439 ut
560 1409 648 1439 etiam
672 1409 759 1448 hujus
783 1409 857 1438 lucis

29 1454 195 1494 pertaedeat
204 1465 211 1493 ;
221 1456 395 1495 quandoque
407 1455 449 1484 sic
461 1454 607 1491 dilatatur,
616 1454 697 1484 etsic
708 1453 857 1493 ampliﬁce

27 1499 169 1537 exsultat,
201 1504 233 1530 ut
261 1501 393 1540 quamvis
424 1508 528 1538 magno
558 1502 666 1529 conatu
691 1497 856 1538 reprimere

901 1358 1033 1396 mitatur,
1045 1359 1117 1390 illud
1127 1370 1245 1401 quoque
1257 1361 1477 1395 damnationem
1492 1366 1570 1398 haud
1583 1371 1727 1401 meretur.

900 1402 1047 1454 Ardorem.
1073 1408 1194 1442 autem,
1234 1408 1506 1450 appetitionemque
1542 1413 1728 1454 nuptiarum,

898 1453 1141 1498 coniunctionem
1156 1460 1314 1498 corporum
1340 1463 1509 1494 veneream,
1531 1453 1728 1498 voluptatem,

898 1491 1304 1542 belluationem,_ingluviem,
1312 1491 1553 1540 somnolentiam,
1565 1491 1730 1542 pigritiam

26 1548 122 1584 atque
137 1539 279 1575 cohibere
294 1553 326 1574 se
342 1548 479 1584 nequeat.
503 1544 537 1573 Et
561 1543 617 1574 ista
641 1542 761 1583 quidem
777 1541 1035 1588 circacM‘ftatum
1062 1539 1199 1577 vestium.
1229 1541 1344 1588 aliaque
1378 1545 1490 1583 omnia,
1527 1539 1609 1587 quae‘
1621 1547 1727 1588 vulgus

27 1589 186 1620 naturales
195 1589 286 1619 animi
299 1589 445 1620 motiones
462 1588 527 1619 ﬁeri
543 1591 772 1625 consueverunt,
789 1595 857 1617 cum

27 1634 66 1665 ad
84 1638 237 1666 certamen
252 1634 282 1665 in
298 1634 464 1665 exercenda
478 1633 595 1671 virtute,
622 1637 652 1664 et
667 1632 703 1664 ad
719 1632 859 1663 mandata

27 1679 219 1710 observanda
233 1679 405 1719 accingitur.
436 1678 494 1709 Sed
523 1677 773 1718 quemadmodum
794 1676 858 1707 ani-

29 1734 112 1762 mus,
128 1724 170 1754 ita
185 1730 214 1755 et
230 1733 314 1755 mens
343 1727 441 1754 nostra
468 1723 641 1754 immutatur
658 1723 854 1762 variaturque.

28 1770 115 1800 Alias
129 1769 238 1800 etenim
256 1769 291 1799 ad
308 1768 534 1808 intelligendum
551 1768 688 1808 expedita
703 1771 758 1805 est,
777 1771 806 1798 et
819 1766 856 1797 ad

25 1823 65 1845 ea
82 1823 151 1854 quae
165 1813 313 1852 intelligit,
330 1822 383 1844 seu
408 1812 552 1853 perspicit
576 1812 715 1843 celeriter
730 1819 856 1850 percur-

26 1860 128 1890 renda
144 1868 177 1890 ac
204 1858 401 1889 discernenda
426 1857 590 1898 expeditior
606 1867 613 1888 ε
630 1857 703 1888 alias
717 1856 811 1896 pigra,
829 1859 858 1886 et

28 1904 118 1934 tarda
134 1903 170 1933 ad
186 1907 355 1943 utrnmqne.
378 1901 528 1933 Interdum
553 1902 657 1932 eadem
674 1910 758 1931 mens
773 1899 858 1941 quasi

29 1957 152 1984 amens,
179 1951 258 1978 muta
282 1952 313 1979 et
341 1947 432 1978 surda
457 1947 512 1978 ﬁt:
540 1945 692 1977 interdum
715 1946 802 1985 viget,
830 1947 859 1975 et

31 1993 163 2024 facunda
191 1996 245 2034 est,
275 1997 305 2023 et
333 1992 435 2022 audire
460 1995 565 2032 potest,
589 1995 677 2030 atque
692 1990 856 2031 percipere.

30 2038 204 2078 Aliquando
216 2046 304 2078 caeca,
321 2036 481 2077 aliquando
498 2036 624 2072 oculata,
634 2035 662 2065 in
678 2034 860 2076 profunditav

33 2088 96 2114 tem
114 2088 143 2112 et
158 2081 341 2113 altitudinem
365 2080 624 2121 contemplationis
639 2089 728 2120 supra
742 2083 858 2119 captum

32 2128 175 2157 humanae
204 2131 315 2157 natura;
339 2126 454 2166 ingredi
482 2125 624 2162 enititur;
649 2124 808 2164 aliquando
823 2123 860 2154 ad

32 2181 159 2203 omnem
175 2171 459 2212 contemplationem
484 2171 595 2211 inepta,
620 2178 714 2210 eaque
741 2178 859 2209 vacans,

899 1583 1048 1633 existimat
1076 1593 1184 1625 corpus
1212 1583 1376 1633 requirere,
1408 1598 1468 1620 non
1497 1583 1605 1631 corpus
1635 1583 1725 1632 (haud

900 1632 1005 1679 magis,
1020 1638 1107 1679 quam
1124 1639 1196 1679 cum_
1207 1632 1342 1679 examine
1368 1634 1456 1673 jacet)
1483 1635 1536 1666 sed
1552 1636 1651 1668 anima
1670 1645 1726 1677 per

900 1672 963 1722 hoc
984 1674 1119 1722 requirit,
1149 1675 1266 1722 anima,
1288 1672 1420 1718 inquam,
1447 1680 1541 1710 semel
1571 1680 1640 1712 huic
1664 1672 1724 1712 l-uto

900 1718 1005 1758 indita,
1021 1719 1164 1759 gaudens,
1181 1724 1210 1752 et
1225 1721 1302 1752 velut
1313 1731 1362 1752 sus
1377 1723 1407 1753 in
1423 1733 1508 1755 caeno
1520 1724 1550 1756 in
1568 1726 1614 1756 his
1632 1727 1721 1758 volu-

898 1762 953 1792 tari
967 1763 1195 1802 concupiscens,
1208 1766 1366 1807 carnisque
1378 1767 1435 1798 sibi
1444 1769 1621 1801 consociatus
1638 1774 1725 1802 Volu-

899 1811 992 1847 ptates
1007 1807 1270 1854 affectansouare
1283 1820 1370 1842 nemo
1379 1821 1396 1842 a
1407 1822 1531 1854 corpore
1547 1823 1600 1845 suo
1612 1815 1650 1846 ad
1662 1816 1726 1847 haec

898 1851 1048 1898 compelli,
1065 1856 1093 1882 et
1107 1853 1171 1893 cogi
1188 1863 1222 1885 ee
1237 1855 1415 1894 arbitretur,
1444 1851 1523 1898 quod
1540 1859 1645 1890 falsum
1663 1864 1721 1892 est.

899 1895 958 1942 Sed
974 1897 1054 1942 audi,
1071 1898 1240 1939 etintelIige
1249 1901 1410 1940 quomodo.
1419 1901 1442 1933 E
1450 1895 1536 1942 gleba
1546 1907 1634 1935 terrze
1645 1904 1729 1936 Deus

900 1941 1052 1989 hominem
1068 1942 1162 1989 ﬁnrit.
1187 1943 1230 1989 En
1258 1945 1374 1977 ostendi
1395 1941 1461 1986 jam
1476 1947 1528 1978 tibi
1543 1957 1662 1989 corpus.
1681 1949 1728 1980 Tu

900 1986 1042 2024 vicissim,
1061 1987 1163 2028 quales
1187 1988 1217 2018 in
1245 1998 1279 2019 eo
1307 1990 1531 2029 concitationes,
1556 1986 1729 2025 ac-turbidi

901 2035 999 2078 motus
1015 2031 1085 2069 sint,
1102 2033 1237 2078 ostende,
1262 2034 1341 2074 quod
1366 2036 1485 2075 penitus
1513 2046 1573 2067 non
1602 2038 1730 2078 poteris.

902 2075 977 2122 Quid
989 2080 1091 2122 postea
1099 2076 1115 2107 ?
1127 2077 1166 2108 Et
1178 2078 1340 2117 inspiravit
1353 2080 1432 2111 Deus
1445 2081 1478 2112 in
1489 2075 1689 2122 faciem-eius,
1703 2085 1733 2114 et

901 2120 999 2159 factus
1007 2125 1049 2151 est
1058 2121 1147 2152 homo
1156 2125 1189 2152 in
1199 2123 1333 2154 animam
1347 2124 1496 2156 viventem
1506 2125 1545 2157 ίιι.
1554 2126 1630 2157 Etab
1638 2120 1731 2158 humo

902 2164 1061 2203 excitatus,
1076 2166 1180 2206 spiritu
1195 2167 1244 2207 qui
1260 2167 1291 2197 in
1306 2167 1369 2208 ipso
1385 2173 1448 2200 erat
1462 2170 1564 2210 (herili
1579 2171 1727 2209 videlicet)

30 2217 176 2248 universe
191 2211 378 2256 peccatorum
390 2215 610 2256 prateritorum
624 2214 770 2250 meminit,
787 2213 860 2244 nihil
873 2220 1010 2262 Deorpus
1020 2215 1163 2262 .movente
1178 2211 1346 2243 ambulabat
1360 2223 1368 2251 ;
1392 2214 1492 2252 ardor,
1518 2220 1567 2246 aut
1592 2216 1730 2248 incitatio

30 2255 199 2302 quidquam
207 2261 304 2292 simile
316 2255 485 2300 excogitans
497 2269 617 2301 prorsus
630 2270 638 2297 ;
649 2268 862 2299 nonnunquam
873 2255 894 2262 “’
910 2255 1054 2294 libidinis,
1071 2260 1122 2287 aut
1136 2256 1222 2302 bruta
1238 2257 1348 2288 ventris
1362 2257 1536 2297 insania,’et
1550 2260 1734 2292 immodera-

30 2306 132 2342 varie,
150 2305 229 2336 velut
243 2315 302 2336 non
317 2305 393 2336 facta
412 2305 556 2345 cogitans,
573 2308 602 2335 et
619 2303 868 2344 comminiscens,

34 2354 66 2382 et
82 2350 220 2390 nequiter
234 2359 336 2390 agens,
364 2353 392 2380 et
418 2353 555 2390 tanquam
573 2350 692 2379 ﬂamma
723 2348 753 2377 in
781 2347 870 2386 lignis

37 2395 172 2426 humidis
186 2394 266 2425 fumo
282 2395 434 2432 suffocata,
461 2395 493 2425 ﬁt
510 2395 650 2434 maligna,
667 2401 727 2425 non
744 2392 774 2423 in
791 2401 868 2433 prte-

39 2444 143 2471 senles
171 2443 295 2476 tantum,
325 2439 377 2470 sed
409 2443 438 2470 et
451 2440 488 2470 de
517 2438 690 2469 absentibus
717 2437 868 2468 nonnullis

40 2493 121 2525 saepe
137 2484 247 2525 inania,
265 2488 293 2515 et
308 2484 381 2515 falsa
408 2484 438 2515 in
465 2483 625 2524 semetipsa
653 2482 801 2513 fabricans
831 2482 870 2516 Et

40 2539 109 2560 cum
124 2538 178 2560 cor
191 2529 315 2559 multum
332 2528 533 2566 contristetur,
557 2537 613 2558 nec
639 2536 706 2557 cum
723 2530 822 2557 mente
837 2526 868 2557 in

41 2574 150 2605 talibus
166 2574 285 2611 sentiat,
302 2573 375 2604 nihil
392 2573 510 2614 penitus
526 2577 623 2603 tamen
639 2572 797 2612 proﬁcere,
813 2581 868 2602 nec

40 2622 178 2650 avertere
206 2619 299 2659 ipsam
325 2628 342 2649 a
363 2618 446 2649 vanis
469 2617 693 2657 cogitationibus
709 2619 815 2656 potest.
833 2616 869 2646 Et

41 2664 185 2694 hactenus
200 2663 238 2694 de
256 2662 470 2694 mutationibus
487 2661 604 2702 mentis,
620 2661 786 2702 animasque
810 2671 866 2692 no-

41 2712 110 2739 strae
125 2707 330 2748 intelligentis,
348 2717 381 2739 ac
397 2707 504 2738 divina:
518 2707 628 2738 dictum
645 2710 721 2738 esto.

68 2752 152 2795 ’Quw
171 2762 260 2794 porro
276 2753 356 2784 circa
380 2761 487 2794 corpus
515 2751 672 2783 varietates
688 2750 774 2782 nobis
790 2759 866 2781 con-

81 2849 110 2874 ¹4
124 2850 254 2889 Gen._tt,
270 2848 301 2881 7.
344 2848 375 2874 15
387 2848 462 2880 Gen.
478 2856 511 2887 ll,
528 2847 558 2880 9.
601 2845 631 2871 ίϐ
646 2845 724 2878 lbid.
741 2844 791 2876 25.

910 2305 957 2333 tus
986 2301 1044 2332 cibi
1074 2301 1220 2342 appetitus
1248 2311 1392 2343 nusquam
1413 2304 1510 2336 adhuc
1535 2305 1731 2346 apparebant,

911 2346 1028 2388 vitaque
1044 2346 1211 2387 tranquille,
1229 2351 1259 2377 et
1274 2347 1348 2379 citra
1368 2349 1536 2381 molestiam
1554 2350 1734 2382 traduceba-

911 2395 968 2422 tur.
987 2391 1146 2423 Videamus
1161 2391 1260 2431 igitur,
1279 2401 1317 2423 ne
1332 2392 1417 2431 forte,
1434 2395 1502 2434 quia
1526 2404 1586 2425 non
1601 2395 1735 2426 exstabat

912 2436 1032 2475 femina,
1049 2440 1100 2467 aut
1113 2436 1182 2476 quia
1198 2446 1257 2467 non
1277 2437 1505 2478 suppeditabant
1516 2448 1601 2477 escas,
1616 2440 1735 2480 cupidi-

911 2485 1001 2512 tatem
1018 2481 1177 2521 irritantes,
1194 2480 1306 2512 idcirco
1329 2481 1417 2513 homo
1434 2492 1490 2514 nec
1504 2485 1540 2515 ad
1557 2484 1738 2516 concubitus

910 2525 1102 2562 desiderium,
1131 2534 1187 2556 nec
1209 2525 1245 2556 ad
1274 2525 1434 2564 ingluviem
1464 2531 1644 2560 moveretur.
1659 2528 1736 2565 Quid

910 2579 980 2610 ergo
995 2569 1058 2600 ait?
1073 2569 1286 2610 Produxitque
1307 2572 1454 2603 Dominus
1480 2572 1558 2604 Deus
1583 2574 1620 2605 de
1646 2573 1738 2605 Immo

909 2624 996 2646 omne
1005 2615 1122 2655 lignum
1131 2614 1290 2654 pulchrum
1307 2615 1410 2647 risum
1420 2638 1428 2646 .
1445 2616 1488 2648 Et
1497 2621 1585 2650 erant
1600 2618 1701 2649 Adam
1711 2621 1738 2650 et

907 2660 976 2691 Eva
986 2660 1019 2690 in
1026 2659 1171 2699 paradiso
1182 2659 1267 2700 nudi,
1280 2663 1309 2690 et
1321 2669 1382 2691 non
1392 2660 1607 2693 erubescebant
1612 2661 1641 2687 ¹6
1651 2687 1658 2694 .
1670 2661 1739 2693 Cer-

907 2704 965 2742 nis,
984 2713 1081 2744 neque
1106 2702 1177 2743 quia
1205 2703 1316 2735 femina
1339 2709 1422 2736 esset
1449 2706 1521 2746 Eva,
1553 2715 1650 2747 neque
1672 2705 1741 2747 quia

910 2754 1012 2782 essent
1025 2749 1113 2781 ambo
1129 2748 1213 2790 nudi,
1231 2749 1299 2782 ideo
1328 2750 1452 2782 alterius
1480 2760 1516 2783 ex
1544 2752 1621 2793 ipsis
1636 2752 1740 2784 laesam
