1983 3072
235 167 294 201 399

896 161 1084 197 SYMEONIS
1103 163 1280 196 JUNIORIS

1872 167 1938 200 400

235 245 304 268 esse
319 232 518 276 pudicitiam?
534 231 593 265 Sed
621 235 650 263 et
675 231 747 262 nudi
777 235 870 269 erant,
901 235 929 262 et
954 241 986 262 se
1002 236 1094 262 nonA
1105 231 1215 264 fundit.
1233 229 1386 264 Postremo
1397 233 1455 264 alia
1466 238 1566 275 restat,
1578 245 1644 275 quae
1661 237 1837 268 connivente
1853 237 1939 269 bono

235 279 465 320 cognoscebant,
496 288 552 310 nec
583 277 811 314 erubescebant,
836 286 892 308 nec
921 281 1020 307 tamen
1045 285 1061 306 a

235 329 340 357 natura
355 323 488 364 corporis
502 322 538 354 ad
554 332 618 354 rem
630 322 799 353 habendam
813 321 1058 352 sollicitabantur.

236 369 294 401 Sed
311 372 375 409 post
391 371 555 409 peccatum,
574 372 604 398 et
627 367 905 407 transgressionem,
933 371 962 396 et
977 370 1059 406 post—

234 423 322 455 quam
339 413 476 454 paradiso
493 413 581 453 pulsi,
598 421 632 443 as
662 413 722 443 Deo
753 410 854 442 nudati
885 411 1013 448 fuerunt,
1032 414 1062 440 et

233 459 333 491 divina
357 459 421 498 ejus
438 457 531 498 gloria
562 457 748 494 exciderunt,
772 460 852 493 tunc,
870 459 903 486 ut
917 455 1060 495 scriptum

232 508 278 536 est
296 513 302 536 :
322 503 573 543 CognovitAdam
585 511 714 533 umorem
723 510 822 537 suam,
836 503 1061 540 concepitquect

229 550 350 590 peperit
362 548 389 572 i7
404 573 410 579 .
428 547 570 587 Proinde,
587 547 709 584 dilecte,
727 546 752 576 si
773 550 802 576 tu
828 555 944 586 quoque
967 545 1058 575 Deum

233 593 351 625 sincere
364 592 520 632 amaveris,
539 596 567 622 et
581 591 611 622 in
635 591 699 631 ejus
726 590 886 621 dilectione
902 590 1058 626 manseris,

233 648 385 679 nunquam
400 637 478 668 ullus
493 637 585 668 animi
609 641 707 667 motus
722 645 738 666 a
753 635 870 666 ratione
889 635 1003 665 alienus
1020 634 1060 664 tui

233 683 436 715 dominabitur
451 691 458 714 :
477 691 575 722 neque
590 680 723 721 corporis
739 679 918 710 necessitate
934 680 1059 720 quatiant

235 727 390 769 tyrannide
406 726 564 767 opprimet.
583 725 666 757 Sicut
678 724 757 756 cnim
767 733 876 764 corpus
888 724 951 754 sine
963 724 1061 769 anima

1103 277 1175 314 Deo,
1193 287 1228 308 ac
1243 278 1369 309 Domino
1385 282 1499 319 nostro,
1526 281 1691 312 secundum
1715 283 1939 314 oeconomicam

1102 321 1319 353 institutionem
1336 323 1372 353 ad
1387 323 1584 355 humilitatem
1601 325 1688 356 nobis
1711 335 1727 358 a
1743 327 1940 358 daemonibus

1104 366 1366 398 inferturtentatio.
1379 367 1518 403 Quaenam
1529 368 1631 400 isthmc
1644 370 1657 400 ἲν
1670 371 1766 410 ipsum
1780 372 1834 402 hoc
1843 381 1937 407 onus,

1103 414 1132 441 et
1147 411 1410 453 pondusgcorporis
1423 413 1525 450 nostri,
1543 414 1621 453 quod
1637 416 1769 455 quamvis
1780 417 1863 447 nulla
1876 417 1939 447 alia

1101 455 1139 485 de
1156 465 1253 496 causa,
1274 461 1393 497 propter
1416 466 1519 488 vanam
1536 458 1658 497 gloriam
1674 461 1783 496 solum,
1800 466 1850 491 aut
1867 462 1935 492 ela-

1102 500 1212 530 tionem
1228 501 1319 531 animi
1343 506 1392 532 aut
1417 512 1470 542 per
1493 503 1713 535 damnationem
1743 506 1878 543 alterius,
1900 512 1935 537 ut

1102 545 1287 586 negligentis,
1306 551 1355 577 aut
1369 551 1490 587 propter
1504 548 1575 578 alias
1603 549 1690 579 etiam
1708 559 1814 581 causas
1830 551 1935 591 pluri-

1103 599 1175 627 mas,
1195 590 1322 621 daemoni
1339 591 1462 622 traditur
1477 592 1506 622 in
1519 593 1668 623 interitum
1687 595 1795 632 carnis,
1813 590 1842 626 et
1860 605 1936 626 con-

1103 634 1251 665 tritionem
1260 635 1366 666 animae
1379 646 1385 676 ;
1399 636 1604 676 probationem
1618 645 1698 676 vero,
1708 640 1937 671 etexercitatio—

1103 688 1170 709 nem
1182 680 1355 719 ampliorem
1369 681 1513 719 ejusdem,
1529 686 1557 712 et
1566 683 1790 714 utcumviscera
1799 685 1902 724 pietati
1911 696 1934 719 -·.

1103 727 1131 753 ct
1142 724 1362 755 miserationem
1375 725 1512 756 Deicirca
1524 737 1577 757 nos
1589 728 1823 766 cognoverimus,
1835 733 1933 760 totum

234 768 271 804 ad
287 772 362 804 nihil
379 771 491 802 moveri
507 774 603 812 potest
620 779 626 801 :
652 770 695 801 sic
711 779 806 809 neque
821 769 881 799 Deo
899 777 952 814 per
966 768 1061 814 chari-
1102 768 1215 814 amoris
1230 769 1366 800 allectum
1389 770 1424 800 ad
1441 781 1507 801 eum
1521 772 1742 813 transferamus,
1760 777 1883 814 totoque
1901 775 1935 804 in

234 821 324 848 tatem
342 816 501 856 conjuncta
515 815 614 845 anima
642 814 678 844 ad
706 814 817 844 ventris
847 817 876 844 et
902 812 1059 843 libidinum
1102 813 1185 843 illum
1202 813 1350 844 desiderio
1365 815 1505 847 feramur.
1524 816 1619 852 Quare
1634 821 1662 847 et
1677 812 1739 848 haec
1752 828 1811 848 non
1824 812 1935 849 omnes

232 862 397 902 voluptates
406 859 593 901 pessumdari
606 868 612 890 :
626 867 682 889 nec
693 858 728 889 ad
741 857 963 898 aliaquuasdam
981 857 1061 904 cupi-
1071 881 1091 904 Β
1103 857 1202 888 omnia
1213 863 1324 904 norunt
1340 869 1347 889 :
1365 859 1416 890 sed
1427 860 1534 891 animae
1548 861 1666 901 quidem
1684 862 1887 900 alterationes,
1902 868 1935 894 et

233 901 340 937 ditates
355 915 455 937 rerum
472 903 712 945 aspectabilium,
730 906 780 934 aut
808 912 867 933 non
891 906 992 942 aspect
1004 901 1058 932 Illi-
1072 901 1090 904 ⁷
1103 902 1236 942 cm‘poris
1251 903 1440 941 mutationes,
1458 906 1506 944 qui
1530 905 1722 937 mediocriter
1735 906 1771 937 ad
1787 907 1933 939 virtutem

232 950 317 988 lium,
333 950 363 980 iu
375 949 483 989 quibus
495 949 592 979 locum
607 947 697 978 habet
709 946 891 988 perturbatio
906 957 911 977 :
930 946 1060 986 quantlo-
1102 947 1199 977 allecti
1214 951 1294 985 sunt,
1312 957 1414 979 eorum
1427 950 1551 989 quisque
1562 960 1596 981 ex
1610 955 1691 990 parte
1708 952 1798 990 novit,
1813 953 1836 982 si
1850 953 1934 984 forte

235 994 354 1036 quidem
367 993 514 1034 appetitus
529 993 628 1024 cordis
655 992 731 1032 ejus,
762 995 811 1022 aut
840 991 936 1031 potius
965 990 1060 1036 ominis
1103 992 1306 1033 contigeritzin
1334 993 1398 1034 ipso
1428 995 1578 1035 quippiam
1607 996 1813 1035 hujuscemodi
1831 1008 1837 1028 ε
1856 1008 1932 1028 nam

233 1035 386 1071 inclinatio
402 1038 561 1069 voluntatis
587 1037 663 1077 ejus,
690 1046 756 1068 cum
786 1036 867 1067 dulci
892 1045 993 1066 amore
1009 1035 1060 1065 Dei
1104 1037 1189 1076 plane
1205 1039 1338 1069 tenebris
1352 1039 1462 1069 ofl‘usos
1479 1050 1537 1070 non
1552 1049 1701 1071 curamus.

233 1085 369 1116 devincta
385 1087 440 1114 est.
456 1083 524 1123 Ipsa
534 1082 626 1122 igitur
639 1081 792 1114 Conditori
806 1091 858 1126 suo
870 1081 1016 1126 colligata.
1032 1083 1064 1110 ut
1143 1083 1182 1113 At
1197 1092 1269 1122 quas
1284 1093 1368 1114 mens
1384 1084 1493 1122 patitur
1508 1086 1727 1126 conversiones,
1745 1091 1773 1117 et
1790 1087 1934 1118 mutatio-

233 1129 373 1170 diximus,
391 1128 478 1164 cedo,
495 1127 644 1168 quomodo
659 1135 675 1158 a
691 1135 816 1166 corpore
845 1124 986 1170 incendi,
1014 1129 1063 1155 aut
1103 1136 1167 1163 nes,
1184 1127 1220 1157 de
1234 1127 1340 1168 quibus
1364 1128 1504 1166 diximus,
1534 1129 1588 1160 soli
1618 1124 1743 1161 turbidis
1772 1131 1933 1162 affectibus

232 1174 358 1212 moveri,
375 1177 425 1205 aut
440 1182 494 1213 per
521 1173 619 1213 ipsum
649 1171 856 1211 suasomnino
887 1169 1065 1210 cupiditates
1104 1176 1250 1208 carentes,
1269 1176 1297 1203 et
1312 1173 1447 1213 perfecti,
1464 1174 1530 1213 puri
1547 1178 1575 1204 et
1603 1174 1690 1205 liberi
1716 1176 1815 1206 anima
1838 1181 1932 1216 atque

233 1219 355 1260 explere
369 1217 490 1259 potest?
864 1259 868 1260 γ
1103 1221 1201 1247 mente
1230 1226 1426 1256 cognoscunt.
1457 1217 1534 1253 Quin
1563 1228 1600 1249 ne
1626 1218 1682 1258 ipsi
1707 1220 1840 1259 quidem.
1858 1222 1928 1251 Non

272 1259 417 1296 Naturam
428 1266 527 1293 autem
540 1264 769 1301 consequentes,
782 1259 850 1290 etin
862 1259 925 1300 ipso
935 1268 1058 1299 corpore
1102 1261 1180 1290 enim
1197 1261 1242 1292 sui
1264 1261 1408 1301 ipsorum,
1428 1262 1480 1292 sed
1492 1263 1617 1294 alterius
1628 1268 1706 1301 sunt,
1719 1273 1736 1294 a
1752 1274 1809 1304 quo
1825 1265 1862 1295 de
1878 1265 1929 1296 his

231 1308 409 1339 exsistentes
423 1308 603 1337 mutationes
619 1305 784 1335 manifesta:
813 1308 902 1342 sunt;
921 1303 1059 1334 omnibus
1102 1306 1188 1335 etiam
1205 1306 1389 1336 erudiuntur.
1408 1307 1557 1337 Interdum
1570 1308 1679 1348 quippe
1693 1318 1728 1339 ex
1744 1303 1807 1339 istis
1822 1309 1926 1340 diver—

231 1353 323 1394 enim,
337 1353 426 1384 etiam
435 1351 556 1391 sanctis,
569 1349 931 1394 contingunt.Aliquando
939 1348 1056 1379 etenim
1100 1350 1234 1381 situlibus
1250 1351 1342 1381 menti
1358 1351 1571 1388 accidentibus,
1589 1353 1808 1392 constringitur,
1821 1354 1925 1384 trista-

232 1393 339 1429 sanum
358 1405 424 1428 esse
434 1396 552 1432 dicitur,
567 1404 633 1426 cum
646 1393 697 1424 illa
707 1403 740 1424 ex
753 1393 862 1433 quibus
876 1397 1057 1438 concretum,
1102 1399 1208 1434 turque
1223 1395 1332 1431 anima,
1351 1405 1417 1426 cum
1447 1396 1484 1426 de
1510 1397 1647 1436 praesenti
1675 1398 1782 1437 gaudio
1813 1399 1928 1438 aliquid

233 1447 263 1473 et
277 1441 474 1482 compositum
489 1444 543 1471 est.
560 1448 620 1470 non
636 1438 790 1469 dissident.
809 1437 975 1478 Aliquando
985 1447 1062 1467 mor-
1103 1439 1245 1469 amiserit.
1257 1440 1467 1470 Verumtamen
1475 1440 1598 1471 viriliter
1606 1446 1736 1472 tuentem
1752 1437 1927 1474 exsuscitat.

234 1486 306 1517 bum
322 1486 434 1517 sentire
445 1485 572 1523 cogitur,
586 1483 702 1524 quando
713 1492 805 1525 unum
817 1491 852 1513 ex
863 1485 988 1522 quatuor
999 1482 1061 1512 ele-
1104 1483 1256 1514 Interdum
1272 1494 1340 1515 vero
1365 1493 1449 1515 mens
1474 1484 1505 1514 in
1530 1485 1575 1515 his
1603 1495 1668 1526 quae
1699 1486 1809 1525 patitur
1828 1487 1932 1518 anima

238 1531 348 1562 mentis
364 1529 461 1570 seipso
474 1529 520 1560 vel
538 1528 666 1568 acutius,
678 1527 724 1558 vel
737 1527 879 1557 tninutius
892 1531 993 1557 contra
1007 1526 1063 1557 alia
1073 1542 1092 1566 ε
1106 1530 1281 1568 compatitur
1293 1529 1403 1569 etipsa,
1417 1533 1446 1560 et
1459 1529 1489 1559 in
1510 1535 1596 1560 nocte
1615 1531 1726 1561 versari
1741 1536 1863 1571 urgetur
1877 1532 1932 1562 illa

235 1574 447 1611 insurrexerit,
465 1574 522 1604 imo
539 1573 574 1604 ab
590 1572 649 1603 illis
665 1571 811 1602 devictum
829 1580 1063 1611 oppressumque

235 1619 338 1651 fuerit.
354 1619 430 1650 Hinc
454 1617 677 1655 distillationes,
705 1620 903 1647 extremarum
928 1616 1062 1655 corporis

235 1664 360 1705 partium
380 1663 590 1700 mutilationes,
608 1666 636 1693 et
661 1670 873 1701 nonnunquam
891 1661 980 1691 totius
995 1660 1061 1691 ani-

236 1709 344 1740 mantis
357 1707 506 1750 pernicies
518 1711 549 1738 et
560 1706 710 1743 interitus,
720 1706 793 1750 citra
804 1705 944 1736 damnum
956 1705 1062 1750 animae

234 1758 354 1791 nostrae,
372 1762 438 1784 cum
453 1753 561 1783 horum
577 1750 705 1791 plurima
732 1759 766 1780 ex
781 1749 1008 1790 intemperantia
1024 1749 1063 1779 vi-

233 1802 300 1829 ctus
315 1800 511 1836 generentur.
527 1794 730 1832 Quorumdam
745 1802 814 1824 vero
827 1802 983 1834 corporum
1000 1804 1049 1824 mu

233 1842 304 1874 latio
321 1841 418 1873 ventis
434 1845 463 1871 et
477 1840 540 1871 aeri
556 1838 735 1870 ascribenda
751 1843 805 1869 est.
822 1838 882 1868 Aer
896 1838 975 1869 enim
993 1838 1060 1879 quia

232 1886 369 1926 frigidus,
396 1884 528 1925 corporis
551 1883 686 1923 frigidam
699 1883 801 1912 sortita
817 1887 951 1913 naturam
965 1883 1059 1913 offen—

233 1931 288 1969 dit,
304 1941 338 1962 ac
353 1930 501 1967 debilitat,
519 1933 550 1959 ut
566 1927 691 1958 nimium
708 1927 1058 1966 {refrigeratarvideliceL

232 1976 309 2016 Alia,
327 1975 469 2016 quoniam
484 1973 694 2005 constitutione
719 1971 860 2003 calidiora
877 1976 956 2009 sunt,
984 1972 1057 2003 coelo

233 2021 386 2060 frigidiore
403 2018 582 2060 temporaria
595 2019 691 2058 potius
703 2027 736 2048 ac
752 2017 915 2048 valentiora
929 2017 1059 2048 reddun-

232 2069 289 2097 tur.
307 2066 426 2102 Contra,
445 2073 512 2095 cum
528 2072 579 2094 aer
608 2061 776 2100 incaluerit,
803 2062 907 2101 frigida
922 2063 1058 2093 foventur

232 2108 461 2150 quodammodo,
476 2113 505 2139 et
515 2107 694 2138 reviviscunt
708 2117 715 2145 ;
731 2110 762 2137 ut
773 2116 891 2143 muscas,
903 2111 931 2138 et
943 2107 1058 2148 reliqua

231 2154 346 2186 insecta
360 2164 377 2185 a
391 2153 486 2184 radiis
496 2152 643 2184 solaribus
654 2152 810 2192 tepefacta,
824 2155 854 2182 et
864 2151 1015 2189 validiora,
1028 2157 1058 2184 et

1104 1573 1237 1612 quidem,
1253 1573 1305 1604 sed
1315 1583 1373 1604 non
1393 1574 1491 1604 cedit:
1509 1578 1631 1605 Conatur
1646 1580 1744 1605 autem
1766 1585 1885 1607 manere
1895 1576 1931 1606 in
1962 1583 1963 1586 ‘

1105 1616 1229 1656 lumine,
1247 1621 1275 1648 et
1287 1618 1408 1648 forsitan
1426 1619 1513 1649 etiam
1530 1619 1658 1650 animam
1688 1620 1826 1651 illustrat.
1843 1620 1932 1652 Alias

1104 1671 1222 1692 rursum
1237 1662 1273 1693 ab
1290 1663 1469 1694 inconstanti
1487 1664 1663 1704 etinaaquali
1678 1665 1811 1705 corporis
1827 1665 1931 1697 habitu

1104 1708 1417 1748 utraqudpremuntur
1426 1709 1628 1740 vehementer.
1639 1709 1804 1750 Aliquando
1812 1710 1929 1740 extrin-

1103 1761 1188 1782 secus
1203 1756 1369 1791 gravantur,
1389 1756 1417 1783 et
1440 1762 1514 1783 onus
1540 1753 1690 1792 sentiunt;
1718 1758 1748 1785 et
1774 1759 1871 1786 tamen
1894 1754 1929 1785 in

1104 1805 1176 1836 pace
1204 1800 1283 1828 sunt.
1312 1797 1461 1828 Interdum
1491 1798 1672 1829 intrinsecus
1698 1799 1865 1837 turbantur,
1897 1803 1930 1829 et

1103 1844 1336 1879 commoventur,
1351 1841 1681 1882 perturbationibusque
1687 1843 1849 1882 generatim
1857 1842 1930 1873 sub-

1102 1884 1222 1922 duntur,
1240 1889 1272 1915 ut
1287 1885 1335 1925 qui
1352 1886 1471 1926 patitur,
1490 1887 1619 1926 priorem
1632 1887 1851 1927 tranquillitatis
1866 1896 1929 1918 sua}

1102 1930 1303 1961 conditionem
1319 1940 1439 1970 sperare
1448 1941 1507 1961 non
1520 1932 1625 1970 possit.
1641 1932 1691 1962 Sic
1702 1932 1802 1972 itaque
1813 1931 1926 1969 anima,

1101 1978 1129 2004 et
1145 1983 1229 2005 mens
1245 1984 1261 2005 a
1275 1984 1411 2015 corpore,
1427 1985 1510 2006 mens
1525 1976 1561 2006 ab
1577 1977 1676 2007 anima
1690 1977 1764 2017 ipsa,
1785 1981 1814 2007 et
1828 1977 1931 2008 anima

1099 2017 1228 2059 denique
1239 2024 1372 2057 amente,
1388 2024 1416 2050 et
1428 2029 1552 2060 cerpore
1564 2021 1661 2059 habet,
1672 2021 1750 2062 quod
1762 2021 1927 2061 delinquit.

1098 2062 1200 2106 Neque
1214 2064 1276 2106 lucc
1291 2065 1360 2102 duo,
1371 2064 1468 2106 anima
1477 2068 1600 2106 etintens
1611 2075 1730 2106 semper
1743 2066 1900 2097 turbantur
1917 2075 1924 2097 :

1098 2103 1150 2134 sed
1164 2112 1200 2133 ex
1218 2104 1254 2134 iis
1270 2108 1313 2134 est
1329 2105 1446 2144 quando
1462 2105 1560 2135 anima
1581 2103 1692 2145 patitur
1707 2106 1780 2143 sola,
1797 2115 1926 2146 percun-

1099 2151 1253 2188 ctaturque
1265 2158 1360 2186 mens,
1375 2152 1414 2187 et,
1425 2149 1506 2190 quid,
1520 2150 1626 2191 inquit,
1640 2155 1684 2181 est
1694 2151 1747 2182 tibi
1760 2151 1772 2182 ξ’
1783 2151 1926 2191 illamque

230 2199 354 2240 agiliora
369 2199 507 2230 evadunt.
523 2199 561 2228 At
575 2197 683 2238 quibus
704 2196 875 2228 constitutio
892 2197 988 2227 calida
1003 2201 1056 2234 est,
1070 2194 1281 2240 Dconsolatur.
1298 2193 1450 2224 Interdum
1474 2203 1562 2240 mens
1573 2200 1749 2234 excmcatur,
1768 2201 1797 2226 et
1812 2196 1922 2234 obtegi-

228 2244 491 2276 vehementissime
507 2242 715 2278 exardescunt,
732 2245 760 2272 et
775 2243 811 2271 ad
828 2251 945 2272 omnem
961 2242 1055 2272 actio-

229 2298 299 2320 nem
314 2294 401 2330 atque
417 2292 529 2319 motum
542 2286 681 2317 similiter
691 2285 841 2325 languida,
856 2290 884 2316 et
906 2286 1055 2316 imbecilla

229 2332 305 2363 ﬁunt
321 2342 328 2364 :
347 2332 502 2363 etomnino
511 2330 745 2371 unumquodque
757 2338 809 2370 pro
823 2333 1056 2370 temperamento

229 2386 284 2408 suo
296 2377 327 2408 in
338 2377 415 2408 aeris
426 2380 639 2416 ventorumque
654 2375 818 2406 mutatione
832 2375 928 2414 ipsum
940 2385 1057 2416 quoque

230 2431 283 2463 pro
299 2426 364 2454 rata
379 2421 516 2462 portione
525 2419 720 2451 mutationem
734 2419 874 2450 admittit.
885 2419 961 2455 Quin
972 2420 1060 2450 etiam

229 2467 295 2497 sine
307 2467 353 2498 his
366 2466 525 2508 separatim
548 2475 583 2497 ex
599 2465 678 2503 cibo,
696 2468 827 2504 potaque
843 2464 1016 2499 immodico,
1033 2469 1062 2496 et

227 2520 264 2543 ex
277 2511 508 2552 intemperantia
518 2509 687 2541 immutatio
704 2509 848 2549 sequitur.
865 2508 1011 2540 Przcterea
1026 2519 1061 2540 ex

227 2556 319 2586 multo
349 2565 466 2595 somno,
496 2564 530 2586 ac
561 2553 676 2591 labore,
702 2557 752 2584 aut
776 2553 894 2593 pigritia
910 2554 1054 2593 corporis.

227 2599 356 2632 Rursum
372 2600 428 2631 alia
442 2603 497 2638 est,
515 2598 592 2639 quod
611 2607 645 2628 ex
661 2597 724 2638 ipsa
740 2597 932 2628 concretione
946 2607 1055 2638 corpo—

225 2644 277 2683 ris,
297 2649 326 2676 et
341 2645 440 2675 calore
456 2643 582 2674 naturali
600 2641 773 2682 producitur
789 2641 937 2673 fumosum
954 2642 1068 2686 incen-_

225 2690 318 2729 dium,
335 2689 417 2722 velut
431 2689 467 2720 ab
483 2697 559 2729 aqua
572 2687 729 2719 exstinctis
759 2686 949 2725 carbonibus,
976 2689 1054 2728 quod

225 2734 297 2766 alias
312 2738 401 2776 caput
415 2734 510 2766 solum
526 2732 609 2773 petit,
639 2731 712 2763 alias
729 2735 790 2762 toto
807 2740 840 2762 se
855 2740 979 2771 corpore
994 2731 1053 2762 dif-

273 2829 301 2854 ¹⁷
319 2828 394 2863 Gen.
410 2838 450 2869 iv,
468 2830 498 2863 1.

1101 2239 1160 2275 tur,
1190 2238 1348 2278 animaque
1377 2248 1442 2269 cum
1470 2239 1507 2269 sit
1533 2239 1637 2277 libera,
1665 2241 1771 2271 virtute
1787 2240 1863 2279 ignis
1879 2241 1925 2271 sui

1097 2283 1285 2323 persequitur
1301 2282 1468 2322 caliginem,
1497 2288 1525 2314 et
1540 2283 1654 2315 sublato
1676 2286 1821 2316 velamine
1838 2295 1924 2316 men-

1097 2333 1157 2358 teni
1174 2328 1244 2357 facit
1260 2328 1404 2367 aspicere.
1424 2327 1634 2367 Quamobrem,
1660 2334 1758 2369 patres
1774 2334 1803 2360 et
1822 2330 1927 2361 fratres

1102 2372 1171 2402 mei.
1192 2382 1250 2402 non
1266 2373 1361 2406 solum
1374 2373 1562 2412 mutationes,
1577 2375 1787 2405 conversiones
1803 2384 1927 2415 quaeque

1102 2416 1189 2447 nobis
1205 2417 1344 2447 eveniunt
1372 2417 1574 2456 alteiationes,
1605 2427 1705 2450 verum
1730 2419 1816 2450 otiati]
1848 2419 1926 2450 unde

1103 2462 1251 2499 eveniant,
1269 2466 1298 2492 et
1315 2463 1475 2502 quomodo,
1493 2467 1522 2493 et
1536 2473 1552 2493 a
1577 2463 1694 2504 quibus,
1723 2464 1832 2504 quique
1848 2465 1927 2494 venti

1102 2507 1312 2546 cogitationum
1328 2507 1451 2546 spirent,
1469 2511 1498 2537 et
1512 2517 1545 2538 ex
1562 2508 1668 2548 quibus
1683 2518 1837 2548 pravarum
1851 2509 1925 2539 affe-

1102 2552 1244 2588 ctionum,
1263 2552 1516 2592 tentationumque
1532 2553 1653 2583 flumina
1666 2553 1857 2591 descendant,
1874 2559 1928 2584 aut

1098 2596 1321 2637 superveniant,
1334 2596 1501 2636 intelligere
1513 2597 1670 2637 debemus,
1684 2603 1714 2629 ut
1726 2599 1847 2629 domum
1859 2599 1923 2629 ani-

1098 2651 1154 2672 mze
1170 2645 1231 2671 tuto
1247 2641 1413 2680 firmemus,
1430 2646 1459 2671 et
1475 2643 1583 2681 navigii
1599 2644 1713 2674 clavum
1725 2644 1802 2674 bene
1818 2643 1924 2674 mode-

1096 2695 1200 2718 remur
1211 2695 1248 2717 ne
1259 2686 1332 2717 artis
1344 2686 1486 2726 imperiti,
1499 2692 1660 2728 naturaque
1670 2688 1923 2728 inhabilesipsum

1097 2740 1249 2763 versemus
1266 2739 1273 2761 :
1291 2740 1419 2771 quorum
1435 2731 1634 2771 cognitionem
1651 2734 1709 2764 vita
1727 2733 1859 2765 studiose
1874 2743 1923 2764 se-
