1983 3072
37 201 91 234 401

751 206 904 238 ,ΟΒΑΤΙΟ
926 207 1007 237 ΧΙΧ.

1671 196 1730 229 402

36 269 166 300 cundum
182 272 313 311 regulam
340 278 482 314 perpetuo
510 277 574 304 acta
598 273 777 314 suppeditat.
797 271 890 302 SibiA
902 271 984 311 pias;
1002 269 1191 300 SGdarcu'am
1203 267 1325 314 (lumen)
1339 267 1728 314 οὺείεηδιετηιξρδεηοίιιξξε,

36 314 114 344 enim
132 315 184 356 ipsi
203 317 363 348 terminum
379 327 412 348 ac
438 323 536 358 typum
553 328 664 358 ponere
680 318 859 349 monachum

34 363 162 398 oportet,
182 366 210 391 et
227 361 305 392 scire
319 372 377 403 quo
396 367 481 401 pacto
496 363 605 403 singuli
619 363 684 393 dies
700 361 861 403 peragendi

34 403 105 439 sint,
124 409 154 435 ut
163 406 345 437 cttrriculum
357 407 472 438 virtutis
483 407 618 447 expedite
629 412 717 448 queat
727 415 859 442 currere,

34 451 63 477 ct
81 458 118 478 ne
134 459 186 489 per
201 451 346 482 inscitiam
371 461 476 482 cursus
501 452 565 491 ejus
594 452 785 492 impediatur.
813 451 862 481 Sic

34 492 122 523 etiam
140 494 197 525 sibi
211 495 288 526 viam
305 496 420 527 virtutis
432 505 570 535 asiiernm
584 496 671 526 simul
689 500 717 527 et
732 495 860 526 laborio-

32 545 96 567 sam
112 539 314 580 contplanabit
327 551 332 572 :
345 551 411 571 cum
426 541 567 571 nimirum
581 541 725 578 habitum,
740 549 866 571 consue-

32 583 228 624 tudinemque
236 590 315 616 recte
325 585 452 616 faciendi
465 586 646 625 acquisierit,
654 589 682 616 et
692 585 861 625 proficiens.

30 628 284 670 ascensionesque
313 630 343 661 in
368 630 457 661 corde
494 640 547 660 suo
572 630 745 670 disponens,
773 634 802 660 et
828 639 861 659 ex

33 672 133 710 parvis
149 673 184 703 ad
200 675 313 714 majora
329 675 564 715 perfectioraque
593 684 625 706 se
649 675 787 706 attollens
801 673 862 704 Deo

33 716 177 754 placebit,
196 718 401 760 dictorumque
433 729 449 749 a
472 719 558 750 nobis
580 720 712 750 omniutn
729 719 861 749 notitiam

33 760 158 791 habebit
170 762 198 786 t8
212 786 219 800 ,
237 767 265 793 et
282 763 440 794 multorum
452 764 577 794 a'liorum
594 764 734 803 magister
747 763 858 800 audiet,

32 814 188 843 sermone,
206 811 234 836 et
250 817 364 838 tuorum
382 808 552 839 innocentia
573 817 623 838 eos
639 807 689 848 qui
704 817 771 838 cum
796 807 860 847 ipso

30 849 233 881 versabuntur
247 851 434 890 illuminans,
452 856 482 882 ut
492 853 541 893 qui
553 853 640 883 etiarn
653 853 716 892 ipse
731 852 861 892 desuper

30 894 218 926 illuntinatus
233 895 290 934 sit;
308 900 336 927 et
348 897 492 936 profunda
503 897 639 928 revelans
652 897 709 936 his,
725 896 776 937 qui
792 906 857 926 cum

31 938 187 970 desiderio
203 945 339 980 quierunt
347 941 464 972 discere
477 942 622 981 profunda
636 941 757 980 spiritus
766 941 794 966 49
807 965 814 977 ,
828 941 858 971 in

30 983 152 1014 Christo
166 984 246 1019 Jesu,
265 985 390 1016 Domino
407 990 519 1024 nostro,
537 986 584 1017 cui
599 986 702 1026 gloria,
719 990 747 1016 et
761 986 859 1026 impe-

30 1028 111 1057 rium
128 1038 194 1059 cum
207 1029 301 1067 Patre,
314 1034 342 1060 et
353 1035 454 1061 sancto
467 1030 576 1071 Spiritu
590 1040 668 1062 nunc
679 1030 744 1061 etin
754 1030 861 1062 saecula

30 1073 224 1104 saeculorum.
243 1074 349 1106 Amen.

327 1125 462 1158 ORATiO
491 1126 566 1158 XIX.

344 1171 560 1202 ARGUMENTL'M.

33 1218 84 1261 De
93 1219 263 1256 cognitione
273 1220 428 1259 spirituali
440 1229 448 1250 :
463 1224 490 1251 et
502 1221 673 1252 thesaurum
684 1221 812 1261 spiritus
826 1221 859 1251 in

72 1257 177 1289 littera
187 1257 361 1290 sanctarum
380 1261 613 1300 Scriptururum
634 1257 855 1298 absconditum,

72 1307 137 1329 non
149 1300 299 1341 omnibus,
321 1309 495 1340 quanquam
506 1301 695 1341 cupientibus
709 1301 857 1341 manifes-

74 1343 139 1369 tum
151 1348 214 1370 esse
227 1351 234 1370 :
248 1349 279 1381 se
291 1340 682 1381 (possidentibusduntaxat
696 1342 794 1379 illum,
805 1343 858 1381 qui

71 1387 195 1410 sensum
210 1381 248 1411 ad
260 1380 436 1421 Scripturas
448 1381 663 1422 intelligendas
679 1383 788 1421 aperit.

71 1432 240 1472 Spiritualis
256 1434 394 1474 cognitio,
413 1434 530 1471 fratres,
558 1434 686 1474 cuipiam
710 1435 811 1466 domui
828 1435 857 1465 in

34 1477 137 1506 medio
155 1479 320 1516 mundanae,
340 1483 368 1509 et
383 1479 503 1517 gentilis
516 1479 692 1518 cognitionis
706 1480 859 1510 testiﬁcata:

33 1521 145 1551 similis
157 1527 202 1552 est
216 1533 222 1552 :
238 1523 330 1563 inqua
339 1523 437 1561 domo,
446 1524 524 1554 velut
533 1523 704 1554 scriniolum
717 1524 856 1561 solidum,

29 1569 57 1595 el
75 1567 292 1597 communitum
317 1572 346 1598 et
374 1568 500 1607 cognitio
527 1578 544 1598 a
565 1568 625 1598 Dee
652 1568 860 1607 inspiratarum

32 1610 268 1650 Scripturarum.
289 1617 316 1642 et
332 1612 512 1649 divitiarum,
532 1623 597 1652 qua;
609 1612 640 1642 in
652 1622 685 1642 eo
697 1613 859 1652 inexplica-

32 1654 128 1689 biles,
142 1655 234 1686 instar
245 1657 485 1697 lhesaurijacent
496 1657 656 1688 reconditae
668 1665 675 1688 2
689 1666 789 1697 quem,
812 1659 862 1698 qui

30 1699 160 1730 domum
177 1700 394 1742 ingrediuntur,
407 1702 508 1732 videre
520 1705 682 1742 nequeunt,
694 1702 750 1731 nisi
762 1703 863 1734 arcula

28 1744 94 1774 illis
109 1745 228 1784 penitus
240 1750 401 1783 reseretur;
411 1756 497 1786 quam
506 1747 739 1777 tatnunltumana
746 1747 862 1787 sapien-

33 1788 74 1817 tia
91 1797 230 1818 reserare
256 1799 406 1830 nunquam
431 1789 547 1820 valebit.
573 1790 718 1827 Quocirca
741 1791 862 1830 spiritus

32 1842 111 1872 opes
130 1833 159 1862 in
178 1842 211 1863 ea
224 1834 370 1874 repositae,
399 1834 570 1865 mortalibus
595 1835 740 1866 universis
755 1835 862 1874 igno'ce

32 1882 172 1908 manent.
190 1877 223 1908 Et
237 1879 498 1918 quemadmodum,
523 1879 591 1910 licet
615 1881 709 1919 ipsam
731 1880 862 1910 arculam

30 1927 129 1952 totam
147 1923 278 1954 humeris
289 1925 349 1954 suis
373 1925 541 1966 impositam
555 1925 621 1966 quis
639 1925 861 1963 ferat,locatum

32 1967 63 1996 in
77 1975 116 1998 ea
129 1968 299 1998 thesaurum
314 1969 445 2008 ignorat:
462 1970 515 2007 sic,
526 1970 768 2010 etsiquisomnes
780 1969 862 2000 Scri-

32 2016 143 2051 pturas
159 2012 274 2050 legerit,
292 2018 320 2044 et
334 2014 363 2044 in
378 2019 497 2054 pectore
512 2015 725 2052 recondiderit,
739 2019 768 2045 et
778 2014 862 2054 quasi

29 2067 129 2086 unutn
150 2059 296 2097 psalmum
311 2068 360 2089 eas
374 2061 501 2090 recitare
527 2069 561 2091 ex
590 2059 734 2090 memoria
760 2058 861 2099 possit,

28 2104 243 2135 absconditum
260 2105 452 2137 nihilominus
465 2106 494 2137 in
506 2107 606 2138 arcula
621 2106 715 2137 sancti
736 2105 864 2146 Spiritus

28 2150 150 2180 donum
173 2150 277 2181 nescit.
287 2150 386 2191 Neque
398 2151 477 2182 enim
486 2161 538 2191 per
551 2152 682 2182 arculam
690 2151 864 2192 quteinsunt

28 2196 56 2224 in
76 2194 192 2231 arcula,
211 2205 306 2235 neque
319 2205 374 2236 per
388 2196 572 2236 Scripturam
590 2205 654 2237 quae
665 2200 734 2227 sunt
746 2195 776 2226 in
788 2195 865 2226 Scri—

28 2244 133 2279 plura,
154 2243 320 2270 notescunt.
345 2240 422 2271 Audi
452 2250 577 2280 quanatn
604 2240 730 2271 ratione.
759 2239 862 2271 Cernis

28 2294 131 2314 arcam
145 2284 304 2324 parvulam,
320 2284 396 2316 bene
405 2285 536 2315 clausam
549 2285 690 2325 undique,
701 2289 861 2325 quantum-

28 2338 86 2368 ,jue
102 2338 138 2358 ex
152 2329 217 2368 ejus
229 2329 371 2369 pondere,
385 2333 415 2360 et
427 2330 574 2361 exteriore
592 2330 738 2368 elegantia
748 2329 863 2368 colligis

28 2378 93 2413 :aut
109 2373 245 2404 forsitnm
257 2374 345 2404 etiam
367 2374 403 2405 ab
420 2375 487 2405 aliis
504 2374 651 2414 audivisti)
678 2374 778 2406 credis
795 2375 860 2404 tlte-

28 2427 157 2448 saurum
182 2417 260 2448 intus
272 2418 364 2449 latere
381 2429 387 2448 :
406 2428 463 2459 qua
474 2420 563 2449 etiam
577 2419 701 2459 sublata,
721 2419 863 2450 festinan-

28 2467 77 2492 ter
95 2462 242 2493 ambulas.
260 2462 352 2493 Narra
373 2463 462 2503 igitur
478 2464 561 2504 mihi,
579 2465 648 2504 quid
675 2464 820 2504 proderit,
839 2460 862 2493 si

28 2506 230 2545 obsignatam,
245 2506 415 2537 etclausam
429 2508 523 2547 ipsam
544 2509 637 2538 solam
662 2508 691 2538 in
710 2507 792 2538 omni
807 2507 864 2537 vita

28 2551 238 2587 circumferas,
257 2560 313 2581 nec
335 2552 464 2591 aperias,
492 2561 546 2582 nec
575 2552 734 2592 aliquando
749 2551 861 2581 ibidem

28 2595 198 2635 repositum
216 2595 387 2626 thesaurum
409 2595 576 2636 inspicias?
600 2597 623 2626 si
646 2595 812 2635 lapillorum
830 2595 859 2625 in

28 2650 63 2670 ea
80 2639 240 2678 fulgorem,
260 2640 486 2678 margaritarum
499 2640 673 2676 claritatem,
689 2639 752 2670 auri
769 2648 858 2670 eoru-

28 2694 115 2714 scum
135 2684 323 2724 splendorem
342 2694 399 2714 non
416 2684 541 2716 videas?
557 2684 626 2720 Quis
638 2685 760 2725 fructus,
773 2684 856 2715 sidi-

28 2738 110 2768 gnus
122 2738 181 2759 non
205 2728 256 2766 sis,
279 2729 328 2769 qui
345 2738 380 2759 ex
395 2729 430 2759 iis
448 2730 492 2760 vel
511 2729 670 2769 pauxillum
685 2729 812 2766 auferas,
830 2732 859 2759 et

28 2775 104 2805 inde
121 2773 161 2804 ad
177 2773 286 2804 victum
296 2772 470 2805 vestitumve
480 2773 592 2814 aliquid
604 2773 753 2805 commodi
766 2774 858 2814 perci-

903 307 932 345 et
949 315 1090 354 opulento
1115 307 1253 344 thesauro
1275 313 1428 349 refertam,
1455 309 1586 350 quandiu
1612 309 1643 339 in
1669 307 1728 339 vita

904 358 1110 399 commoraris,
1126 357 1331 395 circumferas,
1349 361 1378 386 ut
1408 355 1548 392 diximus,
1575 358 1606 385 tu
1625 357 1730 399 autem

903 404 967 444 ipse
982 397 1198 440 intereafame,
1215 402 1276 439 siti,
1294 401 1427 432 nuditate
1437 399 1578 431 cruciaris
1591 399 1606 429 ‘2
1625 397 1730 444 Nullus

904 449 992 488 plane
1007 448 1122 488 opinor.
1138 447 1195 478 Ista
1211 447 1295 487 mihi,
1308 446 1400 477 frater
1410 445 1462 486 mi,
1479 445 1567 476 etiam
1584 444 1621 474 de
1636 443 1731 484 spiri—

907 493 1035 523 tualiuus
1050 493 1156 532 cogita,
1173 497 1202 523 et
1217 492 1325 522 arculm
1337 490 1457 522 nomine
1469 489 1577 522 Christi
1588 489 1729 528 Evange-

906 537 990 574 lium,
1007 541 1188 578 czeterasque
1204 536 1369 577 Scripturas
1380 535 1522 575 intellige,
1537 533 1682 565 habentes
1698 533 1730 563 in

905 591 938 613 se
953 582 1134 619 conclusam,
1147 586 1176 612 et
1196 581 1339 620 signatam
1357 580 1446 611 vitam
1459 584 1610 617 mternam,
1622 581 1729 609 etcum

905 627 1008 658 eadem
1026 637 1090 668 qua)
1104 627 1134 657 in
1146 627 1282 664 illasunt,
1296 625 1385 656 nullis
1405 623 1599 665 exprimenda
1616 623 1726 661 verbis,

904 682 1027 713 qumque
1043 672 1137 702 oculis
1150 671 1302 712 corporeis
1315 680 1373 701 non
1384 673 1547 701 cernuntur
1555 668 1634 699 bona
1645 672 1730 699 aster-

903 727 950 754 na,
965 717 1129 747 secundum
1142 716 1261 747 Domini
1272 724 1385 746 vocem:
1394 714 1584 745 Scrutamini
1591 713 1731 753 Scriptu-

902 771 963 798 ras,
976 762 1121 801 quoniam
1132 762 1163 792 in
1177 761 1252 802 ipsis
1263 761 1379 792 estvita
1390 763 1507 792 aeterna
1517 758 1557 790 2ο.
1570 758 1728 789 Hominem

903 818 1002 849 porro,
1017 808 1068 848 qui
1078 808 1246 839 arculamin
1258 808 1400 838 humeros
1415 806 1545 844 sustulit,
1557 814 1634 846 pone
1645 804 1730 835 illum

902 862 979 889 esse,
990 853 1040 893 qui
1053 852 1222 893 Scripturas
1238 861 1341 883 omnes
1356 851 1482 882 reddere
1507 853 1595 892 queat
1611 859 1645 881 ex
1662 859 1729 880 me-

902 897 1006 938 moria,
1023 901 1053 928 et
1068 898 1096 928 in
1114 906 1165 928 ore
1182 906 1231 928 eas
1246 906 1365 937 semper
1377 896 1494 927 habeat.
1512 896 1569 927 Eas
1584 895 1685 936 itaque
1698 894 1730 925 in

871 927 889 951 Β
902 927 1176 972 διουιιίηιειῐιοῑίειιί
1188 927 1458 978 animam-mandata
1473 941 1526 972 Dei
1540 944 1570 971 ut
1583 927 1731 980 pre-tiosos

902 985 1046 1026 quosdam
1074 985 1186 1026 lapides
1215 986 1399 1022 continente,
1430 985 1460 1016 in
1490 986 1598 1026 quibus
1614 983 1731 1015 estvita

901 1034 1013 1061 aeterna
1025 1029 1125 1069 (verba
1136 1030 1216 1061 enim
1229 1030 1337 1062 Christi
1352 1030 1402 1061 lux
1415 1034 1444 1061 et
1454 1030 1511 1061 vita
1523 1033 1631 1061 suntut
1647 1027 1727 1058 idem

902 1075 966 1115 ipse
982 1075 1053 1105 ait“
1070 1099 1077 1112 ,
1096 1079 1124 1105 et
1138 1075 1187 1115 qui
1205 1084 1264 1105 non
1287 1075 1383 1106 credit
1406 1074 1437 1105 in
1452 1074 1561 1106 Filium
1587 1074 1654 1112 Dei,
1670 1083 1730 1106 non

901 1120 1012 1151 videbit
1026 1120 1127 1160 vitam)
1143 1123 1289 1160 apportat.
1307 1120 1379 1152 Cum
1393 1119 1542 1151 mandatis
1558 1123 1658 1150 autem
1674 1120 1731 1151 vir-

901 1169 986 1204 tutes,
1006 1168 1037 1195 ut
1051 1165 1222 1204 margaritas
1245 1165 1398 1205 quasdam,
1431 1173 1447 1196 a
1472 1164 1620 1195 mandatis
1648 1164 1728 1195 enim

900 1209 1032 1247 virtutes,
1042 1209 1073 1239 in
1080 1209 1404 1250 quibusmysteriorum
1417 1211 1446 1240 in
1455 1209 1728 1251 litteralatentium,

901 1257 930 1283 et
947 1253 1149 1284 obvelatorum
1167 1253 1320 1285 revelatio.
1348 1253 1530 1285 Factitandis
1546 1254 1625 1285 enim
1642 1263 1730 1285 man-

900 1298 976 1328 datis
990 1299 1112 1330 virtutes
1136 1303 1338 1331 exercentur:
1369 1299 1527 1330 virtutibus
1551 1300 1732 1331 exercendis

900 1343 1038 1373 mandata
1053 1343 1227 1384 implentur.
1241 1344 1338 1384 Atque
1351 1345 1391 1375 ita
1403 1354 1455 1385 per
1467 1345 1528 1375 hac
1537 1344 1625 1375 nobis
1638 1345 1735 1385 janua

901 1387 1078 1427 cognitionis
1093 1388 1248 1426 aperitur;
1268 1389 1328 1419 imo
1355 1398 1423 1419 vero
1440 1398 1499 1419 non
1515 1398 1569 1430 per
1583 1389 1658 1428 haec,
1676 1389 1730 1422 sed

902 1442 954 1473 per
970 1441 1039 1463 eum
1055 1433 1105 1473 qui
1121 1433 1195 1464 dixit
1210 1443 1216 1463 :
1239 1434 1299 1471 Qui
1313 1442 1360 1464 me
1371 1433 1484 1473 diligit,
1503 1435 1649 1466 mandata
1664 1443 1732 1465 mea

901 1477 1043 1518 servabit,
1062 1481 1091 1509 et
1107 1479 1199 1509 Pater
1214 1487 1298 1510 meus
1313 1478 1419 1518 diliget
1429 1488 1508 1517 eum,
1523 1483 1552 1511 et
1566 1488 1618 1520 ego
1626 1479 1730 1510 mani-

902 1522 1015 1560 festabo
1032 1523 1060 1553 ei
1073 1523 1257 1563 meipsum22
1275 1548 1281 1554 .

942 1566 972 1597 Si
988 1575 1057 1606 ergo
1079 1567 1265 1606 habitaverit,
1293 1571 1322 1599 et
1349 1567 1544 1599 ambulaverit
1570 1569 1648 1600 inter
1672 1578 1727 1600 nos

906 1613 993 1649 Deus,
1012 1616 1040 1642 et
1050 1612 1114 1652 ipse
1129 1613 1263 1652 seipsum
1286 1613 1372 1644 nobis
1388 1613 1467 1644 clare
1484 1614 1728 1652 manifestaverit,

905 1661 973 1686 tunc
988 1666 1052 1696 quae
1068 1657 1098 1687 in
1113 1657 1223 1695 arcula,
1252 1658 1282 1688 id
1309 1661 1363 1695 est,
1397 1659 1426 1688 in
1442 1658 1550 1689 divinis
1565 1659 1731 1698 Scripturis

904 1700 1076 1731 abscondita
1083 1705 1151 1732 sunt
1159 1703 1306 1742 mysteria,
1316 1703 1524 1742 cognoscendo
1533 1703 1726 1736 intuebimur:

904 1745 992 1776 aliter
1000 1745 1041 1776 fas
1052 1755 1111 1776 non
1125 1750 1178 1777 est.
1195 1747 1288 1778 Nemo
1301 1752 1390 1786 erret,
1405 1748 1488 1788 quasi
1511 1748 1539 1779 ei
1558 1749 1660 1780 arcula
1674 1758 1727 1780 co-

903 1790 1044 1828 gnitionis
1059 1795 1159 1832 aperta
1174 1791 1221 1830 sit,
1239 1796 1268 1823 et
1291 1792 1379 1823 bonis
1399 1802 1464 1834 quae
1479 1793 1509 1824 in
1526 1802 1560 1824 ea
1575 1797 1642 1825 sunt
1659 1803 1730 1834 per-

904 1834 1036 1879 fruatur;
1052 1840 1102 1866 aut
1117 1845 1219 1866 eorum
1235 1837 1272 1867 sit
1297 1837 1456 1878 particeps,
1481 1847 1575 1879 eaque
1590 1838 1728 1878 aspiciat.

904 1878 1039 1924 Q‘ialium
1055 1889 1136 1917 vero,
1154 1890 1340 1922 quorumque
1355 1882 1474 1921 hornm,
1490 1878 1614 1914 obsecro
1626 1883 1642 1913 ‘?
1660 1893 1730 1924 per-

903 1923 988 1955 fectae
999 1925 1148 1956 charitatis
1159 1935 1228 1965 erga
1238 1926 1345 1965 Deum,
1359 1931 1387 1958 et
1404 1929 1583 1968 proximum.
1593 1923 1733 1960 Contem-

905 1973 971 2007 ptus
983 1979 1086 2000 eorum
1096 1980 1160 2010 quae
1171 1971 1308 2002 videntur
1320 1972 1472 2010 omnium;
1492 1973 1730 2005 mortificationis

905 2014 1013 2050 carnis,
1032 2018 1060 2044 et
1075 2014 1276 2046 membrorum
1292 2017 1366 2056 ejus,
1389 2026 1455 2057 quae
1479 2021 1547 2047 sunt
1562 2026 1652 2058 super
1667 2022 1731 2049 ter-

907 2067 980 2095 ram,
994 2067 1086 2098 usque
1097 2059 1132 2089 ad
1146 2060 1251 2090 malam
1262 2061 1455 2101 cupiditatem
1465 2062 1494 2086 95
1509 2073 1515 2091 :
1532 2065 1564 2092 ut
1578 2063 1727 2102 quomodo

908 2106 1040 2133 tnortuus
1055 2103 1172 2144 penitus
1189 2114 1244 2135 nec
1267 2106 1384 2146 cogitat,
1411 2116 1467 2137 nec
1492 2106 1584 2137 sentit
1609 2107 1733 2146 aliquid,

906 2147 945 2177 ita
960 2151 989 2177 et
1001 2147 1121 2188 nosipsi
1137 2149 1246 2180 nullam
1263 2149 1471 2188 cogitationem
1487 2150 1631 2190 improbae
1644 2151 1732 2191 cupi-

906 2191 1016 2228 ditatis,
1033 2197 1083 2223 aut
1104 2203 1208 2224 sensus
1236 2204 1302 2225 cum
1334 2195 1556 2234 perturbatione
1581 2196 1735 2236 conjuncti

876 2229 1028 2267 Domnino
1042 2247 1171 2278 unquam
1193 2229 1412 2279 concipiamus;
1434 2244 1483 2270 aut
1499 2229 1658 2281 tyrannicae
1674 2244 1734 2271 tur-

905 2281 1030 2312 bationis
1038 2283 1147 2313 malum
1156 2283 1393 2323 experiamur,et
1401 2288 1513 2315 tantum
1524 2284 1732 2316 mandatorum

906 2325 1064 2370 Salvatoris
1076 2337 1223 2358 memores
1235 2330 1340 2359 simus.
1353 2328 1479 2370 Insuper
1489 2329 1731 2370 immortalitatis,

904 2369 1146 2411 incorruptionis,
1165 2376 1283 2403 aeternae
1307 2373 1418 2414 glorize,
1447 2373 1513 2404 vitae
1529 2369 1730 2413 sempiternae,

906 2416 989 2454 regni
1013 2416 1167 2455 caelorum,
1198 2417 1364 2458 adoptionis
1393 2427 1445 2458 per
1473 2418 1731 2458 regenerationem

905 2460 999 2490 sancti
1016 2460 1154 2501 Spiritus,
1173 2466 1201 2492 et
1216 2466 1247 2492 ut
1274 2471 1327 2503 per
1341 2462 1545 2502 adoptionem,
1564 2466 1593 2493 et
1607 2463 1731 2502 gratiam

906 2504 945 2534 dii
962 2505 1078 2542 ﬁamus,
1093 2515 1291 2547 vocemurque
1312 2507 1446 2538 haeredes
1472 2507 1536 2547 Dei,
1561 2507 1733 2539 cohaeredes

905 2553 1003 2580 autem
1022 2549 1132 2582 Christi
1144 2551 1176 2576 24
1187 2576 1194 2590 ,
1221 2555 1250 2582 et
1266 2561 1324 2582 una
1339 2561 1406 2583 cum
1422 2552 1470 2583 his
1487 2552 1596 2584 Christi
1611 2561 1733 2584 sensum

905 2595 1124 2635 possideamus,
1142 2607 1194 2638 per
1207 2607 1295 2638 quem
1309 2597 1417 2635 Deum,
1431 2601 1460 2629 et
1474 2598 1622 2630 Christum
1635 2599 1737 2639 ipsum

907 2640 1071 2671 secundum
1089 2641 1271 2673 divinitatem
1295 2641 1373 2673 inter
1404 2652 1458 2673 nos
1486 2643 1682 2680 habitantem,
1706 2647 1737 2674 et

905 2684 1106 2716 ambulantem
1123 2686 1284 2724 videamus,
1298 2690 1327 2718 et
1337 2696 1563 2726 cognoscamus.
1581 2687 1633 2718 His
1643 2687 1735 2727 igitur

903 2729 1054 2768 omnibus,
1072 2735 1100 2761 et
1116 2731 1161 2762 his
1178 2731 1353 2772 majoribus,
1371 2738 1455 2773 {quae
1477 2732 1575 2763 verbis
1598 2741 1738 2772 compre—

901 2774 994 2805 hendi
1009 2779 1038 2806 et
1052 2776 1194 2816 explicari
1207 2781 1371 2818 nequeunt,
1390 2777 1527 2808 mandata
1537 2776 1593 2809 Dei
1604 2776 1732 2808 audien-

74 2840 101 2862 18
116 2840 343 2886 Psal._t.xx3_ttt_t,
361 2842 390 2872 6.
436 2841 462 2863 19
475 2841 488 2872 Ι
503 2841 570 2886 Cor.
588 2850 621 2879 ιι,
636 2841 686 2874 10.
729 2840 760 2866 ΞΟ
773 2839 856 2874 Ιοτιιιη

925 2842 975 2874 39.
1020 2842 1046 2867 Ξί
1062 2841 1149 2876 Joan.
1166 2853 1208 2886 vt,
1226 2844 1276 2877 64.
1322 2845 1353 2871 22
1365 2844 1450 2878 Joan.
1465 2853 1524 2884 xtv,
1540 2844 1591 2876 3t.
1634 2843 1662 2866 ³³
1677 2844 1736 2877 Co-

28 2882 109 2914 loss.
129 2889 172 2912 ιιι.
192 2880 221 2911 5.
265 2881 296 2907 24
310 2883 398 2915 Rom.
415 2890 482 2920 VIII,
508 2883 555 2914 17.
