1983 3072
255 190 315 225 403

905 189 1096 225 SYMEONIS
1116 189 1292 224 JUNIORIS

1892 190 1960 222 404

254 263 311 297 tes,
328 268 423 300 eaque
438 258 642 291 custodientes
657 268 692 291 ac
707 259 863 298 facientes,
881 269 935 301 per
948 263 1082 301 apertam
1092 268 1113 288 Α
1123 268 1182 300 que
1196 259 1228 290 in
1243 259 1317 300 ipsis
1329 262 1375 291 est
1398 260 1522 300 gloriam
1543 259 1666 300 mystice
1690 259 1959 290 demonstrantem

253 313 366 342 arcam,
379 304 416 336 de
429 314 487 345 qua
503 304 594 335 locuti
612 313 727 342 sumus,
746 304 776 336 id
792 309 848 346 est,
865 314 918 345 per
928 305 1082 336 revelatio-

253 359 324 382 nem
339 349 571 389 intelligibilium
600 349 766 389 oculorum,
790 349 897 381 intuitu
925 349 956 381 in
982 349 1082 380 divina

254 394 409 436 Scriptura
420 393 572 425 latentium
586 393 667 434 digni
689 393 849 431 habentur,
864 398 893 425 et
908 394 944 425 iis
958 394 1081 434 largiter

252 439 402 471 fruuntur.
418 438 523 470 Cteteri
533 439 634 479 omnia
649 448 714 480 quae
735 439 845 480 scripta
860 443 930 470 sunt
943 439 1080 480 imperite

253 484 436 522 nescientes,
444 493 546 515 eorum
553 483 741 515 dulcedinem
750 484 836 515 vitam
849 488 989 515 aeternam
996 494 1079 515 com-

254 529 433 571 plectentem
459 538 518 560 non
547 533 747 569 gustaverunt,
774 529 830 560 soli
860 528 1079 569 Scripturarum

253 574 398 606 doctrinae
407 573 580 615 innitentes,
588 583 662 615 quos
673 574 737 615 ipsa
747 573 777 605 in
789 573 880 614 exitu,
895 575 1078 615 magisquam

255 629 306 651 eos
318 619 369 660 qui
381 619 503 650 omnino
514 628 573 649 non
586 619 756 656 audierunt,
771 619 951 659 judicatura,
965 623 994 650 et
1005 628 1078 650 con-

254 664 432 696 demnatura
446 667 501 695 est.
518 663 560 695 Ex
575 663 622 695 his
635 665 714 695 enim
724 663 845 704 quidam
857 668 1000 701 errantes,
1019 673 1080 694 om-

255 719 310 741 nes
325 709 439 740 divinas
468 708 636 749 Scripturas
651 712 832 749 pervertunt,
850 717 900 739 eas
915 709 1080 739 secundum

256 763 360 795 pravas
374 753 506 794 ipsorum
531 753 708 794 cupiditates
730 753 975 793 interpretantes,
997 763 1081 784 com-

257 798 401 830 mendare
415 798 547 829 volentes
563 798 699 839 seipsos;
727 798 812 838 quasi
835 798 976 828 nimirum
992 798 1080 828 etiam

256 844 322 875 sine
345 848 482 875 accurata
507 842 712 874 mendatorum
729 842 853 881 LChristi
876 842 1082 873 observatione

1121 303 1270 336 habuerit.
1288 306 1393 345 Neque
1404 305 1460 336 hoc
1471 305 1580 345 solum,
1593 305 1644 336 sed
1658 304 1745 336 etiam
1757 304 1786 334 in
1797 303 1842 335 his
1855 303 1960 334 laten~

1121 349 1172 387 tia,
1191 353 1219 380 et
1232 352 1346 382 aeterna
1362 350 1415 382 Dei
1430 350 1517 385 bona,
1536 359 1602 381 cum
1618 349 1683 390 ipsa
1697 350 1759 380 hac
1775 347 1958 379 eﬂ‘undente

1121 394 1235 425 Deitate
1244 395 1438 426 revelantem:
1452 404 1517 435 quae
1527 394 1666 425 omnibus
1678 393 1956 434 contemptoribus,

1122 443 1151 470 et
1166 440 1432 480 negligentioribus
1456 445 1558 480 operta
1573 444 1604 471 et
1619 440 1744 471 obscura
1761 442 1830 470 sunt
1845 438 1955 469 omni-

1123 484 1230 515 modis.
1246 484 1306 516 Nec
1323 485 1443 524 injuria.
1460 485 1534 522 Quia
1549 485 1628 516 enim
1638 494 1745 516 sensus
1758 493 1829 515 suos
1842 492 1957 514 omnes

1121 529 1225 560 mundi
1252 529 1429 560 vanitatibus
1456 530 1628 567 afﬁxerunt,
1659 533 1687 560 et
1711 528 1956 569 jucunditatibus

1120 573 1197 614 vitae,
1208 573 1956 615 corporumquepulchritudineafﬁciuntur,animae

1121 618 1240 649 videndi
1252 620 1421 650 facultatem
1433 619 1893 660 caliginosamcircumferentes,
1908 618 1955 648 in-

1122 663 1332 695 enarrabilium
1344 664 1490 695 bonorum
1504 664 1675 705 elegantias,
1688 664 1724 695 ad
1745 673 1819 704 quas
1830 663 1955 694 intelli—

1122 709 1221 748 gentia
1237 712 1424 749 penetratur,
1440 709 1550 740 intueri
1565 713 1727 750 nequeunt.
1744 709 1781 740 Et
1795 707 1954 749 quomodo

1122 753 1170 784 cui
1185 753 1290 784 obtusa
1305 757 1351 784 est
1365 754 1445 784 acies
1469 754 1634 793 oculorum,
1662 763 1718 785 nec
1735 753 1838 785 leviter
1854 757 1955 793 potest

1124 797 1271 838 puriorem
1298 798 1368 829 solis
1392 798 1509 829 radium
1535 799 1680 839 aspicere,
1704 798 1757 829 sed
1773 798 1798 829 si
1813 799 1843 828 in
1862 797 1953 828 illum

1123 842 1223 873 oculos
1247 842 1393 879 intendat,
1423 844 1520 874 statim
1545 853 1632 884 quem
1662 843 1764 875 habuit
1792 846 1953 884 aspectum

256 889 383 920 salutem
397 888 532 929 adepturi
548 888 618 926 sint,
633 887 770 933 virtutem
786 891 955 933 sanctarum
971 887 1111 933 littera—13
1124 887 1210 927 plane
1223 887 1332 918 amittit
1347 898 1355 918 :
1372 887 1414 918 sic
1431 898 1537 929 nempe
1553 889 1602 929 qui
1623 889 1739 920 vitiatos
1762 887 1854 933 animi
1870 897 1951 933 ocu-

255 943 322 966 rum
339 933 470 964 funditus
493 933 686 973 abnegantes.
711 932 748 963 Et
775 932 893 964 merito.
922 931 1082 972 Obsignata

257 978 350 1016 enim,
369 982 399 1009 et
412 977 522 1019 clausa,
534 987 598 1018 qua;
610 977 684 1008 nulli
694 976 862 1008 mortalium
879 986 935 1007 nec
949 977 1011 1008 visa
1026 987 1082 1008 nec

257 1023 375 1063 cognita
385 1028 466 1061 sunt,
477 1032 495 1054 a
505 1023 568 1053 solo
586 1026 684 1054 autem
701 1025 801 1052 sancto
814 1021 925 1062 Spiritu
939 1026 1079 1060 reserata,

257 1072 287 1101 et
300 1067 341 1099 ita
355 1067 442 1099 nobis
469 1067 610 1103 revelata,
640 1066 774 1107 factaque
789 1065 985 1106 [spectabilia,
1002 1071 1032 1097 et
1046 1066 1082 1097 ad

257 1113 497 1154 cognoscendum
514 1111 658 1153 exposita,
675 1111 827 1151 quomodo
858 1112 975 1142 tandem
992 1111 1081 1152 scire,

257 1162 307 1190 aut
317 1166 509 1198 cognoscere,
520 1160 569 1188 aut
580 1157 684 1188 saltem
700 1156 879 1197 aliquantem
894 1156 993 1187 animo
1012 1165 1082 1196 per-

257 1206 385 1235 tractare
403 1206 554 1243 poterunt,
570 1202 621 1242 qui
644 1201 803 1233 adventum
830 1201 923 1232 sancti
942 1200 1082 1241 Spiritus,

258 1248 520 1288 illuminationem,
535 1246 776 1286 illustrationem,
792 1245 1038 1277 inhabitationem
1055 1246 1085 1276 in

259 1292 429 1334 semetipsis
452 1301 602 1333 nunquam
629 1300 661 1322 se
686 1290 859 1331 cognovisse
879 1290 1006 1322 dicunt?
1022 1290 1084 1327 Quo

260 1342 344 1379 pacto
359 1338 429 1369 talia
453 1336 592 1378 mysteria
616 1340 822 1376 assequantur,
854 1335 904 1375 qui
934 1345 1085 1375 nunquam

260 1393 383 1425 prorsus
398 1393 464 1415 sese
479 1383 515 1414 ab
536 1382 642 1414 eodem
668 1381 773 1422 Spiritu
797 1381 905 1413 iterum
930 1382 1083 1419 conﬂatos,

260 1432 430 1466 renovatos,
446 1428 630 1466 immutatos,
646 1430 838 1466 regeneratos
866 1425 1085 1457 animadverte-

259 1474 354 1505 runt?
370 1473 454 1510 Quod
470 1473 494 1503 si
508 1472 641 1504 nondum
655 1471 686 1502 in
703 1470 814 1512 Spiritu
830 1475 932 1502 sancto
948 1471 1085 1512 baptizati

262 1522 342 1559 sunt,
357 1517 594 1549 immutationem
610 1516 641 1547 in
660 1525 694 1547 eo
710 1515 921 1556 baptizatorum
936 1515 1084 1556 quomodo

1122 935 1179 972 los,
1196 936 1225 962 et
1239 941 1344 963 sensus
1364 932 1445 973 ipsos
1460 933 1641 965 motionibus
1655 932 1834 964 turbulentis
1850 931 1953 962 obno-

1122 977 1186 1007 xios
1201 976 1301 1013 habet,
1318 977 1384 1008 sine
1408 978 1620 1017 commotione,
1644 979 1777 1018 citraque
1805 977 1953 1008 damnum

1122 1024 1306 1051 venustatem
1316 1021 1550 1062 elegantiamque
1566 1032 1721 1063 corporum
1739 1021 1879 1053 contueri
1895 1030 1952 1051 ne-

1124 1065 1209 1106 quit?
1224 1065 1275 1096 sed
1291 1069 1321 1096 et
1335 1075 1422 1106 quam
1438 1071 1506 1097 ante
1531 1067 1561 1098 id
1591 1070 1712 1108 tempus
1733 1066 1952 1105 cogitationum

1124 1119 1239 1150 pacem,
1267 1114 1295 1141 et
1316 1120 1333 1141 a
1350 1111 1446 1152 pravis
1470 1112 1680 1152 cupiditatibus
1703 1111 1951 1152 tranquillitatem

1124 1154 1287 1192 obtinebat,
1304 1155 1380 1186 hanc
1395 1156 1488 1196 ipsam
1504 1157 1535 1187 in
1559 1157 1749 1188 meditatione
1764 1157 1890 1187 affectus
1905 1155 1951 1185 sui

1125 1208 1313 1230 commorans
1328 1200 1446 1232 amittit.
1477 1201 1606 1232 Proinde
1635 1211 1689 1233 nec
1712 1201 1951 1232 imbecillitatem

1125 1253 1208 1274 suam
1224 1244 1290 1275 talis
1303 1244 1363 1276 ullo
1379 1246 1467 1277 modo
1490 1256 1668 1287 pernoscere
1694 1250 1799 1287 potest.
1818 1245 1849 1277 Si
1867 1246 1951 1276 enim

1127 1298 1158 1319 se
1170 1293 1262 1319 totum
1274 1295 1415 1329 aegrotare
1428 1291 1485 1322 sibi
1502 1292 1707 1332 persuasisset,
1721 1291 1795 1322 alios
1806 1291 1952 1332 quosdam

1127 1333 1204 1364 bene
1219 1334 1316 1365 valere
1331 1335 1517 1374 credidisset,
1543 1341 1573 1367 et
1597 1337 1718 1367 forsitan
1742 1335 1903 1376 aliquando
1920 1344 1953 1365 se

1126 1377 1405 1418 ipsumincusasset,
1418 1381 1634 1420 sequesibimet
1644 1390 1763 1412 causam
1776 1379 1871 1410 morbi
1885 1389 1953 1411 esse

1127 1422 1262 1460 dixisset,
1280 1428 1310 1454 et
1324 1433 1388 1464 qua;
1403 1425 1440 1455 ad
1461 1425 1617 1456 sanitatem
1631 1425 1865 1465 recuperandam
1882 1425 1966 1454 atti-r

1127 1470 1242 1504 nerent,
1253 1467 1352 1498 animo
1360 1472 1537 1509 reputasset.
1548 1469 1632 1501 Nunc
1643 1469 1851 1510 hujuscemodi
1861 1469 1952 1499 homo

1127 1520 1230 1542 omnes
1245 1511 1391 1544 arbitrans
1403 1514 1589 1553 passionibus
1603 1514 1732 1551 deditos,
1750 1524 1782 1545 se
1799 1513 1855 1544 illis
1871 1522 1952 1543 exae-

262 1557 341 1595 scire
350 1565 496 1604 possunt?
509 1561 565 1598 Qui
576 1561 673 1592 denuo
690 1560 751 1591 nati
762 1570 821 1592 non
837 1564 906 1591 sunt
917 1560 1015 1593 denuo
1029 1570 1085 1592 na-
1096 1561 1115 1586 C
1128 1560 1210 1604 quat,
1227 1560 1256 1587 et
1264 1561 1301 1604 ut
1315 1557 1378 1604 ipse
1393 1559 1474 1604 solus
1489 1559 1526 1590 sit
1547 1559 1684 1596 invictus,
1701 1563 1728 1589 et
1744 1558 1882 1604 omnibus
1897 1567 1951 1588 su-

262 1612 363 1640 torum
381 1607 425 1648 (ut
438 1608 477 1638 ait
490 1606 650 1646 Dominus)
672 1615 708 1637 ex
723 1607 796 1644 Deo,
814 1605 945 1646 inquam,
963 1610 992 1637 et
1014 1607 1090 1637 inter

264 1653 342 1685 ﬁlios
357 1652 410 1685 Dei
427 1651 626 1692 ascriptorum
641 1650 766 1692 gloriam
781 1650 931 1691 quomodo
947 1650 1088 1683 videant?

262 1699 318 1736 Qui
333 1699 390 1730 hoc
403 1697 460 1729 sibi
474 1697 648 1736 contingere
676 1696 849 1732 noluerunt,
865 1695 917 1726 sed
932 1696 1008 1727 hanc
1022 1696 1088 1736 glo-

262 1744 338 1776 riam
354 1743 525 1783 neglectum
536 1742 663 1779 iverunt,
673 1740 801 1778 (etenim
814 1744 991 1781 potestatem
1006 1750 1091 1773 acce-

261 1792 379 1830 perant,
395 1792 426 1819 ut
439 1787 513 1819 tales
526 1786 643 1826 tierent)
660 1786 709 1817 dic
725 1785 809 1823 mihi,
826 1785 907 1825 quali
923 1787 1093 1826 cognitione

262 1833 446 1874 perspicere,
462 1835 514 1863 aut
528 1830 643 1869 (saltem
667 1839 786 1871 quoquo
808 1830 897 1860 modo
912 1831 1092 1870 cogitatione

261 1878 422 1909 informare
437 1880 587 1918 poterunt,
603 1875 705 1916 quales
719 1874 762 1905 illi
777 1874 916 1915 appellati
929 1876 1024 1907 sunt?

303 1923 431 1964 Spiritus
446 1927 491 1954 est
504 1921 594 1960 Deus,
612 1922 662 1962 qui
677 1920 732 1952 sub
755 1924 908 1961 aspectum
923 1930 983 1952 non
997 1921 1091 1958 venit,

263 1967 452 2006 immortalis,
470 1967 651 2004 iuaccessus,
669 1964 938 2005 incomprehensus
951 1977 959 2002 ;
974 1970 1003 1997 et
1020 1966 1093 1998 tales

264 2014 364 2051 elﬁcit,
380 2022 417 2045 ex
430 2022 463 2044 se
478 2016 573 2049 natos,
590 2011 704 2043 similes
720 2011 795 2052 patri
811 2021 877 2049 suo,
892 2021 910 2042 a
925 2021 983 2052 quo
999 2010 1092 2052 geniti

263 2062 344 2097 sunt,
353 2067 480 2099 corpore
490 2057 554 2089 Solo
567 2055 865 2096 comprehensibiles,
877 2061 906 2087 et
917 2057 1085 2098 aspectabi-

263 2104 320 2143 les,
332 2106 438 2135 caetera
452 2102 508 2134 soli
517 2102 578 2133 Deo
600 2102 745 2141 cognitos,
766 2104 796 2131 et
810 2102 906 2132 solum
923 2101 1017 2133 Deum
1034 2112 1087 2134 co-

263 2151 452 2188 gnoscentes,
465 2147 510 2178 vel
523 2146 621 2187 potius
631 2145 716 2177 asolo
723 2146 785 2177 Deo
791 2146 931 2185 cognosci
941 2147 1086 2186 volentes,

1131 1601 1242 1641 perior,
1259 1601 1501 1644 ﬁerineutiquam
1519 1614 1604 1644 posse
1619 1608 1760 1635 autumat.
1777 1603 1852 1640 Quid
1869 1603 1951 1634 hoc?

1131 1650 1162 1676 ut
1178 1655 1235 1678 una
1248 1657 1315 1678 cum
1331 1647 1466 1688 improbo
1493 1650 1598 1680 affectu
1624 1659 1676 1680 suo
1693 1647 1952 1683 moriaturmiser,

1130 1691 1166 1721 ab
1183 1691 1239 1722 hoc
1254 1692 1331 1723 malo
1347 1692 1468 1724 liberari
1490 1694 1652 1734 refugiens.
1669 1693 1701 1725 Si
1715 1694 1794 1724 enim
1810 1693 1952 1723 voluisset

1134 1736 1265 1774 liberari,
1282 1737 1436 1777 potuisset,
1453 1742 1553 1779 utpote
1575 1739 1625 1780 qui
1650 1749 1667 1770 a
1690 1740 1751 1769 Deo
1778 1741 1954 1778 potestatem

1133 1786 1298 1822 acceperat.
1315 1781 1489 1824 Quicunque
1505 1784 1585 1816 enim
1602 1784 1633 1814 in
1648 1784 1769 1814 nomine
1783 1783 1848 1822 ejus
1864 1782 1956 1822 bapti~

1132 1835 1198 1857 smo
1211 1826 1305 1858 abluti
1320 1836 1433 1865 sumus,
1464 1829 1640 1869 praeteritam
1656 1828 1870 1868 ignobilitatem
1885 1836 1954 1857 cor-

1131 1871 1289 1911 ruptionis,
1306 1876 1336 1903 ut
1352 1873 1558 1904 vestimentum
1574 1878 1656 1904 vetus
1668 1873 1806 1909 exuendi,
1824 1877 1853 1903 et
1866 1872 1952 1902 Chri-

1134 1920 1212 1946 stum
1227 1917 1471 1956 superinduendi,
1490 1927 1524 1948 ac
1540 1918 1615 1949 lilios
1640 1918 1693 1950 Dei
1717 1927 1770 1948 nos
1785 1917 1954 1958 appellandi

1134 1963 1338 1993 auctoritatem
1353 1962 1388 1992 ab
1406 1972 1440 1993 eo
1456 1963 1606 1994 consecuti
1618 1973 1730 1994 sumus.
1744 1962 1852 1992 Verum
1864 1962 1953 1999 absit,

1133 2005 1251 2044 fratres,
1262 2011 1294 2037 ut
1307 2007 1347 2038 ita
1362 2008 1484 2046 affectis,
1500 2013 1528 2039 et
1544 2009 1612 2039 talia
1626 2007 1811 2049 sapientibus
1819 2007 1954 2047 captivis,

1135 2059 1168 2081 ac
1187 2051 1313 2082 terrenis
1337 2052 1451 2084 similes
1478 2053 1649 2085 evadamus.
1673 2054 1829 2092 Contingat
1854 2057 1954 2083 autem

1128 2096 1212 2135 sequi
1225 2096 1386 2134 Christum,
1402 2098 1452 2138 qui
1473 2103 1574 2129 nostra
1589 2108 1676 2129 causa
1701 2102 1834 2128 mortuus
1850 2101 1908 2131 est.
1927 2102 1956 2128 et

1128 2141 1302 2178 resurrexit,
1315 2145 1344 2172 et
1358 2151 1413 2172 nos
1425 2152 1525 2174 secum
1542 2143 1571 2173 in
1587 2143 1694 2174 coelum
1712 2143 1857 2179 exaltavit,
1871 2143 1954 2182 ejus-

264 2185 302 2226 ad
318 2202 407 2234 quem
422 2196 452 2223 et
466 2185 586 2232 semper
594 2191 757 2231 respicere,
775 2194 804 2221 et
815 2190 852 2221 ab
867 2199 902 2223 eo
917 2192 1026 2232 respici
1036 2185 1088 2224 de-
1099 2205 1121 2230 ι)
1131 2195 1189 2226 que
1200 2185 1335 2234 Ῡθδῑίεξίξ
1348 2196 1467 2227 semper
1478 2187 1627 2234 insistere,
1647 2187 1784 2234 purgatis,
1796 2197 1847 2234 per
1856 2187 1955 2234 poeni-

264 2238 408 2270 siderant.
425 2237 572 2269 Praeterea
585 2235 672 2267 sicuti
688 2239 824 2275 expertes
839 2235 1016 2274 litterarum,
1033 2247 1088 2278 pe-

264 2283 353 2315 rinde
367 2286 399 2314 ut
412 2291 513 2314 earum
530 2281 615 2320 gnari
635 2280 727 2311 libros
742 2279 842 2319 legere
856 2286 1009 2321 nequeunt
1025 2291 1032 2314 :
1048 2283 1092 2314 sic

265 2337 364 2369 neque
392 2327 444 2369 qui
469 2327 554 2358 factis
582 2335 636 2367 per
661 2324 769 2357 Christi
783 2325 920 2356 mandata
941 2326 1093 2359 ambulare

268 2373 440 2410 noluerunt,
457 2381 552 2413 aeque,
570 2377 604 2402 ut
619 2371 668 2411 qui
693 2369 766 2410 ipsis
782 2369 984 2409 invigilarunt,
1001 2381 1096 2414 eaque

265 2415 476 2460 impleverunt,
493 2421 522 2449 et
535 2426 588 2458 pro
611 2415 648 2446 iis
666 2415 840 2454 sanguinem
856 2425 941 2447 suum
958 2419 1097 2458 profude-

268 2470 351 2503 runt,
366 2462 596 2503 sanctiSpiritus
604 2460 795 2502 revelatione,
805 2461 929 2492 sicutilli
939 2462 1097 2503 aliquando

267 2510 481 2552 dignabuntur.
494 2507 568 2539 Nam
581 2510 614 2538 ut
624 2506 713 2552 homo
725 2509 847 2546 accepto
859 2506 937 2537 libro
949 2507 1098 2545 clauso,et

269 2550 397 2597 signato,
414 2554 445 2585 in
460 2563 495 2585 eo
523 2552 634 2593 scripta
663 2550 765 2582 videre
787 2552 963 2597 aut_qualia
987 2555 1097 2595 scripta

268 2594 339 2638 sint,
351 2598 482 2639 cogitare
491 2597 562 2637 non}
579 2599 685 2637 potest,
703 2595 833 2636 quandiu
847 2594 924 2627 liber
938 2594 1057 2629 clausus
1070 2600 1100 2630 et

269 2644 468 2686 signatusjest,
481 2640 670 2683 quantumvis
680 2640 849 2686 universam
866 2642 969 2673 mundi
981 2643 1100 2684 sapien-

269 2685 342 2723 tiam
355 2687 515 2721 didicerit:
532 2686 576 2718 sic
601 2694 699 2726 neque
713 2685 764 2726 qui
785 2694 898 2717 sacram
914 2687 1098 2728 Scripturam

269 2740 362 2768 totam
374 2734 407 2765 in
421 2742 474 2765 ore
496 2732 597 2769 habet,
619 2734 652 2762 ut
676 2729 859 2769 dicebamus,
886 2732 1050 2772 mysticam,
1068 2737 1096 2764 et

270 2780 402 2813 divinam
417 2777 555 2818 gloriam,
572 2776 774 2816 virtutemque
797 2775 828 2806 in
843 2775 917 2815 ipsis
933 2780 1101 2808 contectam

271 2831 371 2865 nosee,
387 2827 416 2855 et
429 2821 601 2864 perspicere
613 2820 772 2862 aliquando
794 2820 913 2862 poterit,
929 2820 987 2852 nisi
1003 2822 1102 2854 omnia

270 2870 328 2905 Dei
342 2869 491 2908 mandata,
508 2877 545 2900 ea
565 2866 710 2898 servando
732 2866 818 2907 quasi
842 2867 1055 2909 peragraverit,
1072 2871 1102 2901 et

272 2914 457 2950 Paracletum
472 2921 562 2946 sensa
569 2911 625 2952 illi,
634 2914 667 2945 ut
676 2910 787 2944 librum
800 2911 998 2953 aperientem,
1013 2921 1098 2954 quae-

1131 2232 1253 2262 tentz'am
1267 2240 1283 2262 a
1299 2231 1365 2262 labe
1382 2233 1506 2272 peccati,
1537 2242 1571 2264 ac
1600 2233 1803 2272 superindutis
1826 2232 1956 2264 lucidam

1133 2275 1263 2306 tunicam
1278 2275 1511 2317 incorruptionis
1533 2277 1664 2317 spiritus,
1696 2277 1725 2307 in
1754 2277 1818 2317 ipso
1840 2276 1956 2308 Christo

1134 2319 1196 2350 Deo
1211 2324 1323 2358 nostro,
1341 2320 1387 2352 cui
1403 2321 1508 2360 gloria,
1522 2326 1551 2352 et
1562 2322 1719 2362 imperium
1735 2332 1802 2353 cum
1816 2321 1919 2358 Patre,
1932 2327 1959 2352 et

1135 2369 1236 2396 sancto
1248 2364 1359 2406 Spiritu
1375 2376 1453 2397 uunc
1474 2370 1503 2397 et
1514 2376 1642 2407 semper,
1658 2373 1687 2397 et
1701 2367 1847 2407 inLomnes
1862 2376 1958 2398 saecu-

1140 2409 1237 2441 lorum
1246 2414 1355 2442 mtates.
1367 2411 1474 2443 Amen.

1440 2458 1580 2492 ORATIO
1597 2459 1658 2492 XX.

1436 2499 1652 2532 ARGUMENTUM.

1138 2539 1225 2570 Deea
1232 2548 1299 2579 qua:
1305 2540 1490 2571 certantibus
1495 2540 1778 2580 ﬁdelibuseSpiritu
1788 2540 1961 2570 inestetiam

1180 2584 1251 2611 ante
1263 2584 1386 2611 mortem
1400 2581 1518 2621 viviﬁca
1531 2590 1623 2617 mors,
1636 2584 1699 2612 sive
1708 2580 1901 2621 mortiﬁcatio
1916 2584 1961 2610 ιρι

1200 2620 1233 2651 m'
1250 2622 1283 2652 in
1296 2621 1400 2661 gratia
1416 2620 1509 2660 supra
1520 2623 1615 2660 legem
1630 2623 1694 2660 iam
1708 2625 1790 2656 sunt,
1800 2628 1850 2650 eos
1865 2620 1962 2661 divini

1191 2660 1305 2702 ominis
1318 2662 1453 2700 gratiam
1469 2662 1501 2692 in
1516 2663 1620 2702 seipsis
1639 2662 1787 2701 accipere.
1809 2660 1896 2702 Quod
1911 2661 1964 2702 qui

1178 2700 1273 2732 initae
1283 2704 1345 2732 vita
1353 2702 1458 2741 adepti
1465 2700 1598 2733 nondum
1606 2704 1689 2741 sunt,
1700 2700 1798 2741 neque
1806 2700 1836 2730 id
1848 2700 1963 2740 liquido

1182 2745 1318 2778 cernunt,
1329 2751 1378 2773 eos
1392 2742 1492 2773 adhuc
1511 2741 1565 2773 sub
1585 2741 1693 2773 umbra
1708 2741 1783 2780 legis
1798 2749 1870 2777 esse,
1887 2741 1963 2771 etab

1182 2790 1218 2813 ea
1228 2782 1402 2822 judicatum
1413 2783 1464 2813 iri.
1484 2782 1739 2820 Quemadmodum
1751 2781 1855 2822 ﬁdeles
1866 2780 1965 2820 Spiri-

1183 2821 1245 2854 tum
1256 2826 1406 2860 sanctum,
1415 2824 1661 2855 sanctimoniam.
1681 2821 1962 2862 perturbationum-

1182 2871 1239 2903 que
1250 2865 1436 2894 vacuitatem
1450 2864 1682 2895 nanciseantur.

1181 2909 1376 2942 Scrutamt'm‘
1386 2909 1573 2952 Scripturas,
1585 2908 1682 2952 inquit
1689 2909 1833 2941 Dominus
1839 2917 1874 2940 ac
1885 2910 1963 2941 Deus
