1983 3072
51 176 122 209 405
798 177 834 208 Ol

798 174 939 208 ORATIO
960 175 1014 206 XX

1692 174 1752 208 406

43 247 160 276 noster
174 244 262 276 Jesus
276 245 451 276 Christus”
463 269 471 282 ,
488 249 520 276 ut
548 248 616 276 ante
640 244 740 275 omnia
767 243 1056 275 scilicetAmentum
1068 241 1173 273 vivetis
1190 250 1197 273 :
1218 241 1274 274 Ubi
1301 242 1383 273 enim
1406 241 1538 282 spiritus
1552 240 1680 272 Domini
1695 245 1751 280 est,

41 289 128 320 viam
148 289 252 319 salutis
267 288 437 321 doceamur.
454 289 568 320 Deinde
584 289 672 320 etiam
688 288 719 320 in
734 288 882 320 mandatis
921 285 1028 327 inquit,
1041 286 1085 317 ibi
1096 285 1266 317 libertas'w
1276 310 1284 326 ,
1307 285 1430 317 libertas
1444 294 1480 316 ex
1495 284 1683 325 subjectione
1696 284 1751 317 sub

43 334 115 374 ejus
134 334 211 365 citra
237 333 463 365 conversionem
490 338 607 375 peracta
633 333 691 374 via,
722 333 759 365 ad
787 333 881 374 ipsam
923 330 1019 370 legem
1035 339 1088 371 per
1103 329 1213 375 omnia.
1226 331 1290 375 Lex
1301 330 1411 375 quippe
1425 328 1555 375 duxvite,
1567 333 1601 375 et
1617 329 1752 375 padago-

43 373 222 409 animarum
242 383 409 410 nostrarum
431 373 554 410 salutem
577 373 883 419 perveniamuszuae
923 384 987 415 gUS,
1007 374 1263 419 etmanuductrix,
1278 378 1308 406 et
1324 374 1464 419 magistra
1478 373 1602 414 justitie
1612 378 1669 415 est,
1682 373 1752 406 dum

45 426 98 454 est
114 423 207 462 igitur
218 423 297 454 salus
307 423 439 468 nostra?
453 424 538 454 Jesus
547 418 693 462 Christus,
715 423 745 454 id
759 423 839 464 quod
855 427 884 454 et
924 419 1076 468 diCit,hoc
1090 423 1124 468 et_
1146 419 1203 450 hoc
1226 418 1328 468 facies.
1345 418 1447 468 Gratia
1470 422 1569 468 autem
1590 423 1626 468 et
1642 419 1751 468 veritas

46 468 180 507 angelus
192 467 360 508 pastoribus
371 472 469 499 astans
485 468 682 509 praedicabat:
700 462 779 500 Εεεέ
788 477 882 499 evan-
925 472 984 509 lion
999 463 1056 493 ita:
1073 462 1125 509 sed
1137 463 1314 509 quomodo}
1324 466 1359 509 _et
1368 462 1460 509 facies
1475 463 1630 509 omnia,_et
1644 463 1751 505 loque-

43 506 155 552 geiizo
166 506 251 544 vobis
258 513 404 553 gaudium
416 506 568 553 mugitum,
582 513 726 553 quoderit
736 513 820 544 omni
833 521 885 553 ρο-
924 507 966 553 ris
978 507 1141 553 secundum
1158 508 1257 553 datam
1279 506 1390 553 libb}!
1404 506 1576 548 loquentem
1592 507 1622 538 in
1635 511 1665 539 te
1679 517 1748 549 gra-

42 551 136 596 imlo,
151 557 225 597 quia
236 551 331 588 natus
343 560 397 595 est,
412 551 497 588 vobis
511 551 598 588 hodie
608 557 760 595 Salvator,
773 558 825 597 qui

969 562 1006 589 m,
1022 551 1253 593 sicutscriptum
1264 555 1326 584 est:
1343 552 1384 584 Et
1394 556 1485 584 erunt
1499 561 1601 584 omnes
1610 553 1752 586 docibiles

44 596 884 642 Christusoominus,incivitatenavidw.Festinamus
924 597 1014 642 Dei-’31
1030 607 1038 635 ;
1055 607 1114 628 non
1130 605 1185 642 per
1213 596 1381 642 litterarum
1407 597 1659 642 notassetsisna
1671 598 1752 640 quod

45 645 146 685 igitur
160 641 376 687 unusquisque,
407 646 527 687 dilecti;
555 656 708 678 curramus
731 650 881 684 contente,
924 641 1035 687 bonum
1064 645 1109 673 est
1133 641 1298 687 discentes,
1314 641 1381 687 sed
1407 641 1439 687 in
1465 641 1578 687 Spiritu
1605 647 1707 687 sancto
1720 642 1752 674 id

44 690 125 720 nihil
141 686 255 728 oneris,
267 686 324 721 aut
333 691 368 722 ad
382 691 471 722 vitam
483 686 560 722 hanc
568 691 732 731 pertinens,
747 694 797 721 aut
812 699 884 730 por-
924 686 1022 718 edocti
1039 698 1045 717 :
1063 695 1119 718 nec
1130 686 1160 717 in
1176 686 1265 718 verbo
1277 686 1352 731 solo,
1366 686 1420 731 sed
1432 686 1463 717 in
1478 686 1593 718 lumine
1607 686 1698 719 Verbi
1709 687 1751 719 lu-

47 738 115 765 tatu
130 744 219 774 grave
235 734 390 766 nobiscum
414 730 582 775 gestantes;
599 745 637 766 ne
652 735 689 766 ob
705 736 762 766 hoc
775 734 885 766 lentius
924 731 1153 772 minis,mystice
1169 730 1277 762 divinis
1306 730 1429 762 initiati.
1455 732 1542 762 Tunc
1566 731 1647 762 enim
1669 731 1753 763 vobis

49 779 153 810 coacti
170 779 322 818 incedere,
343 780 488 811 civitatem
508 779 598 812 David
614 780 772 820 attingere,
793 783 884 820 atque
924 776 1007 816 ipsis,
1021 776 1127 817 inquit,
1142 780 1172 807 et
1187 775 1329 816 proximis
1350 775 1487 807 doctores
1499 775 1594 814 eritis,
1609 785 1707 817 neque
1721 776 1752 808 id

45 823 175 862 ingredi
192 833 250 856 non
267 825 425 864 possimus.
442 823 572 856 Obsecro
597 834 661 862 vos,
686 833 740 864 per
755 833 884 864 operan-
924 822 1032 860 solum,
1050 821 1103 852 sed
1120 825 1149 852 et
1174 821 1223 852 lux
1249 820 1394 852 mundiﬁa
1406 845 1415 859 ,
1440 824 1469 852 et
1484 820 1533 856 sal
1542 822 1690 853 ῑθιτωῧδ.
1705 820 1754 854 ΙΙΙὶ

44 872 124 913 tem,
137 868 168 899 in
184 868 272 899 nobis
281 871 417 908 gratiam,
434 877 472 900 ne
489 869 614 900 salutem
630 873 760 900 nostram
776 868 806 898 in
823 868 878 898 mi-
893 887 913 913 Β
924 875 994 913 ergo
1023 871 1091 898 ante
1120 867 1243 913 gratiam
1267 867 1348 913 ve_l_ut
1377 866 1431 898 sub
1455 867 1523 907 lege
1539 871 1637 907 erant,
1653 870 1683 899 et
1697 867 1752 899 sub

46 912 144 944 nimis
173 913 316 944 ducamus
346 924 352 942 :
384 913 436 944 sed
465 913 544 944 velut
569 922 586 943 a
607 922 711 944 somno
737 911 909 953 perversaf
924 912 1029 943 umbra
1044 913 1109 953 ejus
1124 912 1278 944 sedebant.
1295 911 1354 943 Nos
1369 915 1468 943 autem
1492 915 1559 954 post
1583 912 1706 953 gratiam
1721 916 1754 943 ut

45 957 244 998 arrogantiae,
258 958 460 998 socordiaeque
477 957 686 998 expergefacti,
703 966 740 988 ne
756 961 879 995 stemus,
921 957 952 987 in
969 957 1093 994 lumine,
1110 961 1139 988 et
1154 957 1203 988 die
1220 956 1383 995 constituti,
1405 957 1441 988 ab
1455 957 1562 988 umbra
1576 966 1631 988 seu
1655 957 1752 989 servi-

45 1010 108 1032 nec
124 1002 296 1039 sedeamus,
321 1002 417 1034 donec
442 1010 523 1034 extra
550 1003 630 1033 hunc
659 1002 803 1033 mundum
820 1005 880 1032 toto
921 1002 1076 1042 tuteglegis
1092 1001 1209 1032 liberati
1224 1011 1338 1040 sumus,
1369 1001 1539 1043 superiores
1562 1001 1679 1034 scilicet
1701 1001 1754 1034 illa

45 1046 152 1076 animo
165 1046 518 1087 simus,Salvatoremque
529 1056 562 1077 ac
574 1046 734 1077 Dominum
746 1050 879 1077 nostrum

45 1091 218 1128 inventum,
234 1096 264 1123 et
279 1096 470 1133 conspectum
490 1092 552 1123 illic
565 1092 753 1132 procidentes
768 1091 876 1122 adore-

48 1144 132 1168 mus.
148 1136 183 1166 Et
198 1146 295 1177 neque
312 1143 374 1167 tum
391 1142 515 1177 stemus,
534 1137 586 1168 sed
607 1137 703 1168 donec
727 1137 776 1167 ille
791 1136 880 1167 nobis

47 1179 132 1211 dicat
146 1191 153 1210 :
171 1180 227 1212 Vos
238 1190 301 1212 non
322 1183 393 1213 estis
409 1183 444 1213 de
463 1183 518 1213 hoc
532 1183 657 1222 mundo,
673 1182 723 1213 sed
739 1190 791 1221 ego
805 1181 882 1222 elegi

46 1234 104 1256 vos
116 1226 154 1257 de
164 1227 277 1257 mundo
286 1226 337 1257 97-.
355 1226 480 1263 Quinam
495 1231 593 1258 autem
604 1226 711 1267 aliquis
724 1236 758 1257 eo
773 1235 880 1267 perve-

48 1271 126 1308 niat,
139 1275 244 1302 utnon
260 1271 298 1302 sit
313 1272 350 1302 de
366 1273 420 1303 hoc
436 1271 570 1303 mundo?
585 1273 610 1303 si
624 1272 754 1312 seipsum
771 1271 881 1302 mundo

49 1316 238 1346 crucifixerit
252 1321 281 1347 et
298 1317 440 1348 mundum
467 1317 497 1348 in
513 1317 625 1358 seipso,
649 1320 681 1347 ut
697 1316 802 1347 Paulus
816 1316 857 1346 ait
872 1321 879 1341 ε

49 1361 129 1391 Mihi
143 1361 276 1392 mundus
289 1362 457 1402 cruciﬁxus
478 1366 531 1398 est,
548 1366 576 1393 el
591 1371 644 1402 ego
659 1361 811 1393 mundo”?
823 1386 830 1393 .
846 1361 883 1392 Et

49 1406 202 1445 quomodo
219 1407 282 1437 haec
297 1406 389 1437 verba
405 1417 471 1438 cum
487 1407 545 1438 illis
553 1405 766 1437 consentiunt?
782 1406 882 1437 Verba

920 1046 1000 1084 facti,
1017 1046 1100 1087 quasi
1116 1055 1169 1087 per
1182 1046 1290 1086 gradus
1306 1046 1450 1087 quosdam
1480 1047 1547 1078 vitae
1570 1046 1751 1087 evangelicae

920 1087 953 1122 in
969 1091 1157 1122 altitudinem
1172 1091 1292 1129 sublati,
1309 1095 1339 1122 et
1362 1101 1429 1122 cum
1454 1091 1625 1130 legislatore
1649 1091 1750 1123 viven-

924 1139 979 1172 tes,
996 1135 1041 1167 vel
1056 1136 1154 1177 potius
1170 1135 1333 1177 etiamlipsi
1356 1136 1553 1177 legislatores,
1574 1141 1627 1169 aut
1651 1136 1750 1178 legum

923 1180 1074 1212 custodes.

964 1226 1040 1257 Num
1055 1225 1144 1266 igitur
1155 1229 1212 1264 est,
1243 1226 1294 1268 qui
1315 1225 1405 1258 habet
1433 1234 1521 1257 aures
1547 1225 1704 1264 audiendi,
1720 1229 1752 1257 ut

922 1280 1025 1302 eorum
1041 1280 1106 1312 quae
1121 1280 1138 1301 a
1151 1271 1264 1312 Spiritu
1281 1271 1423 1302 dicuntur
1434 1270 1492 1302 vim
1501 1269 1654 1302 auditione
1662 1274 1752 1312 queat

923 1315 1079 1356 percipere
1086 1315 1101 1346 εἰ
1116 1315 1190 1346 Num
1208 1315 1296 1346 etiam
1305 1319 1361 1350 est,
1374 1315 1424 1356 qui
1435 1324 1557 1347 sensum
1566 1315 1677 1347 Christi
1692 1315 1749 1347 ha-

923 1360 1002 1398 beat,
1019 1366 1050 1392 ut
1065 1360 1157 1401 probe
1173 1364 1201 1392 et
1214 1361 1275 1392 Deo
1291 1360 1505 1392 convenienter
1520 1359 1668 1400 intelligat
1682 1369 1748 1401 quae

922 1405 959 1436 ab
968 1415 1002 1435 eo
1013 1405 1124 1446 scripta
1136 1408 1218 1436 sunt?
1224 1404 1300 1436 Num
1311 1405 1401 1436 etiam
1411 1403 1580 1435 invenietur
1587 1404 1747 1446 quispiam,

48 1450 187 1490 quidem,
209 1451 317 1492 inquit,
334 1452 390 1483 alia
406 1456 485 1489 sunt,
514 1452 557 1482 vis
573 1451 728 1483 amborum
753 1460 812 1482 una
828 1460 881 1482 ea-
923 1450 1073 1481 Christum
1090 1450 1165 1481 inse
1179 1449 1244 1491 ipso
1269 1450 1441 1491 loquentem
1463 1448 1588 1488 habens,
1615 1452 1647 1480 ut
1670 1449 1749 1482 bene

49 1495 193 1535 demque.
209 1495 466 1532 Quemadmodum
494 1497 573 1527 enim
596 1496 646 1536 qui
663 1499 745 1526 extra
759 1496 879 1526 domum
890 1511 911 1537 α
924 1495 1016 1537 possit
1030 1495 1140 1536 eloqui,
1156 1505 1221 1536 quze
1235 1495 1333 1526 verbis
1361 1495 1499 1535 leguntur
1513 1494 1677 1536 mysteria?
1691 1494 1748 1527 Sa~

49 1544 108 1574 est,
127 1540 208 1571 intus
223 1541 379 1572 conclusos
396 1551 454 1571 non
471 1541 568 1578 videt;
596 1540 639 1571 sic
655 1540 765 1570 mundo
781 1540 880 1571 cruci-
920 1542 1068 1581 pientiam
1082 1541 1163 1572 enim
1178 1540 1343 1580 loquimur,
1365 1539 1473 1581 inquit,
1489 1548 1552 1571 non
1565 1539 1670 1571 seaculi
1685 1539 1746 1571 hu-

50 1584 140 1623 ﬁxus,
160 1589 209 1615 aut
224 1586 430 1623 mortificatus,
449 1595 549 1617 rerum
577 1585 792 1616 mundanarum
808 1594 880 1616 seu-

51 1637 119 1659 sum
132 1630 244 1661 nullum
258 1630 358 1662 habet.
370 1630 496 1661 Rursum
512 1630 598 1661 sicuti
614 1639 721 1670 corpus
733 1633 880 1660 mortuum

51 1682 109 1704 nec
124 1673 197 1715 viva,
210 1685 265 1706 nec
275 1685 375 1706 secum
389 1676 519 1716 jacentia
531 1684 655 1715 corpora
665 1678 780 1705 mortua
791 1674 881 1706 sentit

52 1727 172 1758 quoquo
189 1719 276 1750 modo
294 1731 301 1750 :
320 1720 362 1751 sic
379 1730 433 1751 nec
450 1720 499 1761 qui
515 1724 597 1750 extra
613 1718 755 1750 mundum
770 1719 799 1749 in
817 1721 880 1760 spi-

50 1762 110 1793 ritu
125 1763 179 1794 Dei
193 1768 248 1800 est,
265 1769 295 1796 et
311 1775 377 1796 cum
409 1765 469 1796 Deo
492 1769 547 1801 est,
574 1764 697 1801 mundo,
727 1767 778 1794 aut
791 1763 882 1800 rebus

51 1808 211 1839 mundanis
225 1809 302 1840 afﬁci
318 1813 425 1849 potest.
456 1809 552 1850 Atque
567 1809 618 1849 ita,
635 1808 754 1846 fratres,
772 1812 800 1839 et
814 1813 882 1840 ante

50 1856 178 1882 mortem
194 1863 286 1894 mors,
303 1858 333 1885 et
350 1858 418 1885 ante
441 1862 601 1894 corporum
625 1852 880 1884 resurrectionem

51 1896 217 1928 animarum
232 1899 414 1929 resurrectio
426 1900 457 1930 lit
473 1907 574 1939 opere,
590 1897 707 1934 virtute,
726 1898 882 1938 experien-

54 1941 106 1978 tia,
118 1942 251 1974 veritate.
263 1943 380 1975 Mortali
393 1944 474 1974 enim
486 1943 663 1982 cogitatione
671 1941 707 1973 ab
720 1942 879 1974 immortali

54 1994 143 2016 sensu
158 1986 255 2018 deleta
276 1997 310 2018 ac
333 1988 498 2028 profligata,
525 1991 554 2018 et
583 1987 762 2018 mortalitate
783 1996 801 2018 a
820 1987 881 2019 vita

54 2030 189 2070 eifugata,
215 2032 314 2063 anima
334 2038 394 2063 tum
410 2033 489 2063 velut
502 2042 518 2062 a
534 2031 659 2062 mortuis
675 2031 812 2069 excitata,
830 2041 881 2063 se-

56 2079 115 2105 met
130 2077 340 2108 convenienter
355 2077 434 2108 videt
446 2076 553 2117 (utqui
571 2077 608 2108 de
625 2085 730 2106 somno
739 2085 879 2107 surrexe-

916 1585 1748 1625 jus,quaeevacuatur,sedsapientiaminmyslerio,qum

922 1629 1098 1661 abscondita
1112 1629 1195 1660 est“
1209 1629 1320 1668 multis,
1337 1629 1424 1660 nobis
1437 1632 1536 1660 autem
1552 1628 1645 1670 probe
1659 1638 1748 1662 reve-

923 1674 992 1714 lata,
1012 1678 1042 1706 et
1056 1673 1183 1713 cognita,
1201 1674 1251 1715 qui
1267 1673 1298 1705 in
1320 1673 1426 1706 timore
1453 1673 1507 1705 Dei
1526 1673 1607 1705 velut
1633 1674 1670 1706 ab
1682 1674 1747 1707 ele-

923 1719 1031 1750 mentis
1042 1719 1166 1750 instituti
1186 1728 1300 1756 sumus,
1321 1723 1350 1750 et
1364 1718 1401 1749 ad
1418 1718 1502 1750 illum
1517 1727 1639 1760 semper
1653 1719 1746 1760 respi-

923 1764 1030 1796 cimus.
1046 1763 1111 1795 Non
1136 1763 1215 1795 enim
1241 1763 1321 1805 quod
1344 1763 1494 1796 nescimus
1509 1763 1678 1804 loquimur;
1695 1764 1748 1796 sed

923 1809 1001 1850 quod
1015 1808 1125 1840 scimus
1141 1808 1346 1848 testiﬁcamur,
1359 1809 1499 1850 quoniam
1510 1808 1559 1840 lux
1570 1808 1602 1840 in
1616 1808 1749 1841 tenebris

919 1854 981 1893 jam
997 1854 1116 1885 lucet55
1127 1877 1135 1892 ,
1150 1857 1179 1884 et
1192 1854 1222 1885 in
1238 1858 1337 1892 nocte,
1350 1858 1379 1885 et
1393 1853 1424 1885 in
1434 1853 1495 1891 die,
1507 1857 1536 1884 et
1546 1853 1637 1892 intus,
1655 1857 1685 1885 et
1701 1863 1750 1886 sx-

922 1904 977 1931 tra.
995 1899 1076 1930 Intus
1091 1898 1212 1939 quidem
1233 1899 1265 1929 in
1289 1899 1429 1930 cordibus
1445 1898 1576 1938 nostris;
1594 1903 1676 1930 extra
1690 1908 1746 1931 au-

922 1948 979 1975 tem
996 1944 1030 1975 in'
1052 1944 1152 1975 animo
1182 1943 1426 1976 circumlustrans
1456 1952 1509 1974 nos
1524 1943 1589 1975 sine
1610 1953 1745 1986 vespera,

920 1988 986 2020 sine
994 1989 1164 2027 mutatione,
1174 1988 1239 2020 sine
1247 1989 1398 2027 varietate,
1408 1988 1474 2019 sine
1488 1988 1594 2028 ﬁgura,
1608 1988 1732 2031 loquens
1739 2013 1747 2027 ,

921 2042 1058 2074 operans,
1073 2033 1184 2070 vivens,
1202 2037 1230 2064 et
1245 2033 1408 2071 vivificaris,
1433 2036 1463 2064 et
1483 2033 1673 2064 collustratos
1698 2033 1747 2065 lu-

921 2078 1001 2108 mine
1016 2077 1157 2109 reddens.
1169 2077 1230 2109 Nos
1241 2078 1435 2109 testificamur
1449 2077 1589 2118 quoniam
1601 2077 1680 2108 Deus
1695 2078 1746 2110 lux

55 2124 134 2158 runt,
150 2122 327 2163 semetipsos
337 2122 534 2162 conspiciunt)
544 2125 572 2152 el
587 2121 680 2152 Deum
696 2130 713 2151 a
728 2131 786 2161 quo
802 2123 880 2152 exci-
921 2126 976 2161 est,
994 2126 1023 2153 et
1038 2121 1089 2162 qui
1104 2121 1186 2161 digni
1210 2125 1278 2152 sunt
1307 2121 1409 2160 habiti,
1440 2125 1473 2152 ut
1497 2131 1566 2153 eum
1594 2121 1743 2161 viderent,

57 2167 117 2195 tata
132 2170 175 2196 est
189 2167 341 2206 agnoscit:
358 2176 445 2207 quem
472 2166 653 2205 intelligens,
679 2166 786 2205 gratias
807 2167 876 2206 agit,
889 2175 1024 2207 nomnes
1038 2170 1070 2197 ut
1083 2166 1180 2197 lucem
1196 2166 1345 2204 viderunt,
1360 2170 1389 2197 et
1402 2167 1453 2206 qui
1466 2175 1535 2197 eum
1551 2171 1743 2207 acceperunt.

56 2209 169 2251 adorat,
185 2215 215 2241 et
229 2211 402 2242 immensam
419 2212 483 2251 ejus
504 2211 668 2242 bonitatem
684 2210 826 2242 dilaudat.
843 2209 953 2246 At'ut
982 2213 1077 2242 lucem
1107 2216 1299 2251 acceperunt.
1327 2211 1472 2248 Quoniam
1510 2211 1652 2252 praecedit
1674 2215 1745 2244 ante

56 2263 126 2285 vero
151 2264 257 2296 corpus
285 2255 321 2286 ad
345 2256 479 2296 proprias
500 2254 677 2295 cupiditates
701 2255 810 2286 nullam
834 2256 878 2287 vel
920 2257 1002 2287 illum
1018 2256 1230 2296 lumeugloriee
1244 2256 1335 2295 illius,
1347 2259 1377 2288 et
1392 2256 1457 2287 sine
1472 2255 1585 2287 lumine
1600 2265 1745 2297 apparere

55 2300 288 2341 qualemcunque
303 2300 538 2341 inspirationem,
566 2304 617 2331 aut
637 2299 812 2338 motionem,
830 2305 880 2332 aut
921 2312 979 2332 non
995 2305 1110 2342 potest:
1129 2301 1238 2343 quique
1253 2302 1318 2342 ejus
1332 2303 1431 2333 lumen
1448 2311 1508 2332 non
1521 2301 1670 2340 viderunt,
1687 2311 1744 2334 nec

55 2343 259 2383 cogitationem
275 2345 363 2376 habet
379 2356 385 2375 :
404 2345 455 2376 sed
481 2349 526 2376 est
554 2344 585 2375 in
614 2344 661 2376 his
684 2349 778 2376 totum
795 2355 878 2376 mor-
919 2347 1002 2377 illum
1016 2346 1167 2386 viderunt,
1184 2347 1325 2388 quoniam
1341 2347 1405 2387 ipse
1427 2346 1476 2378 lux
1491 2350 1546 2377 est.
1561 2345 1598 2377 Et
1621 2346 1673 2387 qui
1694 2346 1743 2378 lu-

55 2391 135 2421 tuum
151 2394 180 2420 et
194 2390 341 2421 exanime.
357 2391 588 2431 Nonnunquam,
606 2389 665 2420 imo
678 2398 767 2429 saepe,
787 2390 878 2421 etiam
920 2401 989 2422 men
1002 2400 1060 2422 non
1071 2395 1262 2432 acceperunt,
1275 2391 1406 2422 nondum
1418 2391 1540 2432 gratiam
1551 2395 1742 2431 acceperunt.

56 2443 154 2464 eorum
171 2435 408 2475 quaesecundum
425 2439 560 2466 naturam
576 2438 654 2475 sunt,
667 2437 789 2474 propter
802 2435 879 2465 assi-
920 2436 976 2472 Qui
991 2445 1119 2477 namque
1134 2436 1254 2476 gratiam
1280 2440 1471 2477 acceperunt,
1500 2435 1601 2467 lumen
1628 2435 1683 2467 Dei
1713 2440 1743 2468 et

56 2479 139 2510 duam
153 2480 305 2511 animaein
334 2480 425 2512 rebus
454 2490 520 2521 qum
546 2489 635 2520 supra
664 2483 797 2510 naturam
812 2484 880 2512 sunt
919 2481 1013 2513 Deum
1028 2485 1218 2522 acceperunt,
1248 2481 1324 2513 sicut
1347 2481 1413 2522 ipsa
1439 2481 1488 2512 lux
1517 2479 1652 2512 Christus
1674 2480 1740 2514 ait:

59 2525 211 2555 mentalem
227 2526 451 2566 occupationem
472 2534 506 2556 ac
532 2524 662 2555 studium
680 2524 873 2557 obliviscitur.
916 2526 1144 2565 Inhabitabo,el
1155 2526 1351 2558 inambulabo
1362 2527 1445 2558 meis
1456 2525 1484 2548 ⁸⁸
1496 2550 1503 2557 .
1520 2524 1632 2562 Quibus
1643 2529 1742 2558 autem

56 2568 88 2599 Et
97 2573 184 2610 recte,
197 2569 398 2609 inquitenim:
414 2569 531 2609 Spiritu
544 2568 706 2605 ambulate,
720 2572 750 2599 et
760 2569 874 2602 deside-
915 2571 972 2602 hoc
990 2571 1122 2602 nondum
1133 2571 1268 2612 contigit,
1283 2581 1340 2603 nec
1354 2571 1436 2611 digni
1452 2574 1520 2602 sunt
1531 2570 1636 2609 habiti,
1648 2570 1699 2612 qui
1709 2570 1740 2602 id

58 2613 489 2654 riacarnisnonperﬂcietis”.
508 2615 581 2645 Caro
599 2612 697 2653 igitur,
715 2617 747 2644 ut
763 2613 873 2645 dictum
916 2619 1158 2656 assequerentur,
1174 2625 1278 2647 omnes
1306 2615 1337 2647 hi
1363 2615 1417 2646 sub
1443 2615 1509 2656 lege
1534 2618 1601 2646 ante
1616 2614 1740 2656 gratiam

59 2663 110 2696 est,
127 2668 177 2699 per
190 2659 348 2690 adventum
372 2658 499 2699 Spiritus
524 2659 599 2689 facta
616 2663 743 2695 mortua,
758 2658 873 2699 imper-
915 2664 1086 2698 censentur,
1111 2660 1201 2699 servi,
1224 2669 1438 2701 servorumque
1465 2659 1616 2700 discipuli.
1632 2658 1668 2690 Et
1683 2669 1740 2691 au-

61 2704 184 2735 turbatos
198 2704 235 2735 de
249 2708 356 2735 caetero
371 2712 422 2735 vos
436 2703 596 2744 relinquet,
610 2705 640 2734 et
655 2702 729 2733 citra
742 2702 873 2744 impedi-
914 2704 1026 2736 ditores
1039 2705 1125 2747 legis,
1151 2705 1264 2737 circum
1290 2705 1428 2737 umbram
1458 2708 1488 2736 et
1511 2707 1613 2745 typum
1641 2703 1739 2737 adhuc

96 2797 267 2840 25.loan.7v,
283 2797 347 2840 3:9._
375 2796 407 2823 28
421 2798 492 2830 Luc.
509 2805 544 2840 rt,
561 2797 680 2840 10,_ll_._
719 2795 751 2840 ?7
764 2795 852 2840 Joan,
867 2806 918 2840 xv,
932 2799 986 2840 )9.
1004 2839 1009 2840 ν
1027 2799 1059 2840 βε
1086 2799 1182 2834 Galat.
1205 2808 1248 2840 vr,
1265 2800 1315 2832 14.
1356 2799 1388 2826 ⁸9
1407 2798 1502 2840 Galat,

61 2840 123 2880 Co_r.
139 2847 181 2880 tu,
199 2839 245 2869 l7.
288 2838 316 2880 ἴξί
331 2837 482 2880 ,Ιοξξιηνμ
507 2837 632 2880 45.νῄ52
652 2836 756 2870 Matth.
780 2846 810 2875 v,
839 2837 889 2871 14.
908 2836 913 2838 ’
931 2839 965 2865 53
989 2839 1066 2873 Ibid.
1092 2841 1143 2872 l3.
1185 2836 1245 2873 δοῖ
1263 2840 1331 2874 Cor.
1356 2848 1389 2880 ιι,
1421 2841 1453 2872 l5.
1494 2838 1522 2862 ³⁵

57 2879 82 2902 ³8
95 2878 182 2911 Levit.
197 2887 278 2917 xxvt,
294 2878 353 2917 12;
370 2878 398 2911 ΙΙ
419 2879 487 2912 Cor.
503 2887 545 2917 v1,
563 2878 611 2911 16.

1526 2798 1623 2832 v.16.
1664 2798 1697 2825 ω
1712 2796 1739 2830 II

1543 2823 1636 2872 Ῐοὶῖιῖ.»
1658 2823 1694 2881 ιζ’
1707 2823 1736 2873 ἑῖ
