1983 3072
209 127 271 162 ιο7

861 123 1052 158 SYMEONIS
1071 122 1248 158 IUNIORIS

1839 114 1907 147 408

211 193 399 235 aberrantes,
417 193 471 225 ﬁlii
485 193 614 231 ancillae,
635 195 665 224 et
679 191 733 224 lilii
748 191 938 224 tenebrarum
953 194 1032 230 sunt,
1045 203 1066 221 Α
1077 187 1528 235 omniqueignominiaundique
1536 183 1815 235 replebnntur.Nec
1823 183 1907 214 istuc

212 239 275 271 sive
290 239 497 280 imperatores,
515 238 577 270 sive
599 237 785 278 patriarchae,
802 237 863 268 sive
887 236 1033 278 episcOpi,

211 283 273 315 sive
288 283 468 322 sacerdotes,
487 282 549 314 sive
573 282 735 324 principes,
752 282 814 313 sive
828 281 966 322 subjecti,
983 291 1034 312 seu

213 329 339 370 profani,
356 338 408 359 seu
424 328 573 366 monachi,
590 337 641 359 seu
657 333 774 366 ascetze,
796 336 848 358 seu
874 326 1033 367 prmpositi,

211 382 264 405 seu
279 382 439 414 pauperes,
457 382 509 404 seu
525 372 643 410 divites,
668 381 720 403 seu
749 371 861 412 wgroti,
893 380 945 402 seu
972 370 1036 401 sani

211 417 282 449 sint.
299 417 411 450 Omnes
426 417 518 456 enim,
535 417 585 458 qui
600 417 631 448 in
646 416 778 448 tenebris
793 415 908 454 sedent,
927 419 956 446 et
971 424 1036 456 poe-

212 463 310 494 nitere
324 462 439 501 nolunt,
450 462 504 493 ﬁlii
514 461 706 493 tenebrarum
723 464 928 492 numerantur.
942 459 1038 492 Poeni-

213 507 309 539 tentia
322 507 470 548 siquidem
485 510 530 538 est
540 507 643 548 janua,
660 515 723 547 quae
745 515 762 537 e
777 505 906 537 tenebris
926 504 1036 541 educit.

212 556 243 584 et
258 552 296 584 ad
310 552 412 584 lumen
428 551 561 584 deducit.
579 551 634 588 Qui
649 550 739 591 igitur
752 550 788 581 ad
804 550 905 581 lumen
920 550 1037 589 ingres-

212 607 263 629 sus
278 606 337 628 non
353 601 409 636 est,
428 597 549 638 januam
576 595 760 637 poenitentiae
788 605 847 626 non
877 596 953 627 bene
967 603 1037 635 per-

212 641 340 674 transiit.
357 641 432 674 Nam
449 642 474 672 si
492 641 712 682 pertransisset,
728 640 764 672 ad
780 640 881 671 lumen
897 639 1036 670 venisset.

213 686 270 723 Qui
285 691 382 718 autem
399 696 458 718 non
482 686 617 727 paenitet,
643 689 756 726 peccat,
787 688 946 726 propterea
970 683 1039 724 quia

213 741 274 763 non
289 732 412 772 poenitet
428 740 435 763 :
453 731 571 763 Scienti
585 733 667 761 entm
682 730 803 768 bonum,
817 729 923 770 inquit,
937 732 1039 760 etnon

213 777 351 817 facienti,
356 779 512 817 peccatum
521 779 563 807 est
569 775 646 808 illi”
653 801 659 807 .
666 776 679 806 .l
684 784 729 806 am
737 775 1038 816 quifact'tpeccatum,

1076 229 1202 276 tantum,
1217 229 1270 266 sed
1297 239 1326 266 et
1349 233 1445 265 omnis
1470 231 1630 272 cujuslibet
1645 229 1721 276 actio
1739 238 1792 260 seu
1807 229 1906 269 bona,

1077 290 1130 311 seu
1142 274 1228 320 mala,
1242 279 1339 310 omnis
1354 287 1465 319 sermo,
1482 276 1579 308 omnis
1593 274 1731 314 cogitatio
1747 283 1908 320 comment

1078 325 1207 366 tatioque
1222 318 1257 355 ab
1273 324 1337 364 ipso
1353 323 1498 363 cujusque
1513 325 1580 353 ortu
1595 320 1743 357 videlicet,
1756 318 1906 366 usquead

1078 364 1214 401 ultimum
1230 368 1354 400 halitum
1370 368 1431 398 illic
1447 367 1594 399 collectim
1612 366 1642 396 in
1652 374 1832 405 unoquoque
1849 364 1908 394 ho-

1080 415 1193 446 minum
1210 413 1374 455 apparebit.
1393 414 1427 444 Et
1441 422 1544 453 quam,
1561 420 1672 452 quaeso,
1686 411 1801 445 fratres,
1816 409 1908 455 igno-

1079 459 1202 490 miniam
1218 468 1285 490 cum
1300 459 1366 494 hac,
1381 467 1446 498 quae
1469 466 1538 488 vere
1563 456 1625 487 sola
1652 462 1697 486 est
1722 454 1904 495 ignominia,

1080 508 1149 535 tunc
1173 502 1437 544 comparabimus?
1458 506 1509 533 aut
1524 511 1589 542 quae
1605 510 1693 540 poena
1718 500 1826 544 timore
1849 499 1906 530 illo

1080 543 1255 588 pudoreque
1272 547 1374 588 major,
1387 555 1466 583 cum,
1484 549 1515 576 ut
1529 545 1643 576 dictum
1660 548 1715 581 est,
1733 543 1806 574 adeo
1817 548 1906 588 tene-

1078 587 1172 633 brosi,
1190 597 1219 623 et
1233 593 1298 623 sine
1313 591 1498 622 illuminante
1510 590 1616 631 spiritu
1632 589 1743 620 inventi
1763 587 1906 619 fuerint?

1080 636 1203 674 Qualem
1213 646 1300 677 porro
1307 636 1500 676 vitam,quale
1509 635 1759 666 oblectamentum
1775 633 1908 664 habebit

1079 682 1184 723 homo,
1200 682 1249 722 qui
1265 682 1295 713 in
1311 680 1443 712 tenebris
1455 680 1550 718 sedet,
1567 689 1602 711 ac
1611 679 1727 716 metuit,
1742 688 1779 710 ne
1790 687 1906 718 repen—

1082 727 1144 758 tina
1167 727 1241 758 lucis
1263 725 1478 758 illuminatione
1495 724 1691 765 cogitationis,
1709 727 1758 755 aut
1772 723 1907 755 actionis

1082 771 1207 812 alicujus
1221 771 1324 802 sordes
1340 771 1369 802 in
1385 770 1449 811 ipso
1464 769 1673 810 reperiantur?

214 814 610 861 servusestpeccati,etodét
626 814 1068 860 lucem,Vetnonvenitadtu-B
1119 816 1215 852 Quare
1237 816 1420 852 studeamus,
1447 815 1553 845 fratres
1578 814 1649 861 mei,
1672 814 1743 861 hinc
1768 814 1908 861 jam_per

215 875 290 903 cem,
298 875 337 897 ne
343 869 614 906 arguantur-opera
622 867 686 905 ejus
692 865 729 895 ³8.
743 864 827 896 Nunc
837 865 916 895 enim
933 868 1038 904 sponte

216 915 246 942 et
259 914 359 942 nostro
376 911 508 951 ipsorum
524 910 666 942 arbitratu
682 910 719 941 ad
745 910 846 940 lumen
872 917 925 950 per
939 909 1037 949 poeni-

216 955 340 988 tentiam
356 955 484 996 ingressi
497 955 716 996 redarguimur,
733 959 761 985 et
772 954 944 994 judicamur
961 964 967 984 :
986 953 1038 985 sed

217 1000 341 1040 mystice
353 999 499 1039 judicium
509 1000 596 1038 istnc,
609 1003 638 1031 et
647 999 834 1036 abscondite,
851 998 881 1028 in
896 998 1040 1029 interiore

217 1045 384 1076 animarum
400 1048 567 1076 nostrarum
583 1044 733 1082 cubiculo,
760 1044 795 1075 ad
822 1043 1039 1084 purgationem,

218 1093 247 1120 et
259 1089 468 1121 remissionem
484 1093 673 1130 peccatorum
690 1092 859 1120 nostrorum
875 1087 1044 1119 misericor-

219 1134 279 1172 dia,
298 1137 327 1165 et
340 1133 523 1174 benignitate
530 1134 583 1165 Dei
594 1133 741 1174 subimus,
754 1134 817 1165 solo
828 1132 970 1163 nimirum
981 1133 1043 1164 Deo

220 1187 269 1210 res
281 1182 396 1209 nostras
410 1178 524 1210 sciente
553 1186 587 1210 ac
611 1179 757 1209 intuente.
781 1176 844 1208 Hoc
866 1176 955 1216 igitur
984 1180 1041 1207 tam

218 1222 361 1264 praeclaro
385 1223 501 1263 judicio
530 1223 665 1264 quisquis
691 1221 739 1252 hic
764 1221 915 1262 judicatus
938 1221 1040 1263 fuerit,

217 1267 297 1299 aliud
313 1267 492 1308 supplicium
523 1272 574 1299 aut
601 1276 725 1299 examen
753 1275 813 1297 non
842 1265 968 1304 timebit,
986 1276 1041 1298 nec

217 1311 396 1343 tentationes
422 1311 481 1343 sibi
507 1316 736 1352 superventuras
758 1310 939 1342 formidabit.
965 1310 1039 1342 Tum

217 1365 298 1394 vero,
316 1356 373 1387 hoc
389 1362 446 1395 est,
471 1356 502 1387 in
531 1357 657 1388 adventu
673 1355 801 1396 Domini,
833 1355 869 1385 iis
897 1355 947 1396 qui
962 1364 1040 1386 nunc

218 1400 255 1432 ad
271 1401 371 1431 lumen
386 1401 498 1439 venire,
515 1405 545 1432 et
558 1400 594 1432 ab
610 1401 673 1442 ipso
697 1400 837 1440 judicari,
863 1399 1041 1440 purgarique

219 1445 334 1483 nolunt,
351 1445 405 1476 sed
419 1445 449 1476 id
465 1445 602 1484 oderunt,
629 1445 708 1486 quod
731 1444 818 1475 modo
834 1443 1040 1475 absconditum

1079 861 1281 902 paenitentiam
1296 865 1409 901 portam
1425 864 1577 899 augustam
1589 859 1701 890 intrare
1711 859 1752 897 40,
1762 858 1907 899 quodque

1079 906 1159 937 intus
1175 910 1219 938 est
1235 906 1336 937 lumen
1351 909 1499 946 spectare.
1515 904 1620 942 Etiam,
1632 914 1715 944 rogo,
1729 914 1765 934 ne
1776 904 1906 935 deﬁcia—

1080 960 1148 982 mus
1173 950 1330 991 pulsando,
1354 950 1526 991 quaerendo,
1544 954 1573 981 et
1589 949 1716 990 petendo
1742 953 1907 989 antequam

1082 995 1287 1032 exaudiamur,
1301 995 1498 1035 etaperiatur,
1510 999 1538 1025 et
1549 995 1636 1025 detur
1651 994 1737 1024 nobis
1755 1005 1760 1024 :
1779 994 1909 1034 insuper

1083 1040 1180 1071 donec
1195 1039 1320 1080 ingressi
1336 1039 1438 1070 lumen
1453 1039 1644 1079 accipiamus,
1655 1043 1685 1070 et
1701 1038 1774 1069 illud
1787 1039 1907 1069 exstin-

1083 1089 1162 1116 ctum
1179 1085 1209 1116 in
1225 1084 1363 1116 cordibus
1380 1085 1489 1115 nostris
1508 1083 1680 1114 habeamus.
1703 1083 1798 1114 Nolite
1814 1082 1908 1122 igitur

1085 1139 1196 1168 errare,
1212 1131 1330 1161 fratres.
1342 1129 1398 1166 Qui
1409 1129 1439 1159 in
1455 1128 1588 1159 tenebris
1602 1128 1681 1165 vivit,
1699 1132 1780 1158 extra
1794 1128 1906 1158 ostinm

1084 1181 1139 1208 est.
1165 1177 1219 1213 Qui
1244 1181 1342 1208 antem
1364 1185 1397 1206 se
1415 1175 1581 1214 ingressum
1610 1175 1768 1211 existimat,
1793 1177 1822 1205 et
1851 1182 1908 1213 per

1084 1222 1192 1252 ostium
1208 1222 1361 1262 ingressus
1378 1230 1437 1251 non
1453 1225 1507 1257 est,
1525 1220 1614 1250 etiam
1630 1220 1694 1260 ipse
1719 1223 1802 1250 extra
1826 1218 1906 1248 ovile

1083 1270 1139 1298 est.
1156 1266 1188 1297 Si
1203 1267 1282 1297 enim
1297 1266 1345 1296 lux
1359 1264 1472 1302 mundi,
1490 1268 1519 1295 et
1547 1264 1654 1295 ostium
1684 1268 1729 1295 est
1757 1262 1903 1300 Christus,

1083 1311 1205 1342 omnino
1227 1310 1359 1342 lucidum
1375 1310 1481 1341 ostium
1498 1313 1553 1346 est,
1566 1319 1624 1340 non
1641 1309 1747 1339 ostium
1763 1308 1902 1348 simplex.

1081 1357 1118 1388 Et
1132 1357 1182 1398 qui
1197 1357 1227 1388 in
1243 1367 1278 1388 eo
1294 1361 1351 1398 est,
1366 1357 1396 1387 in
1419 1357 1486 1387 luce
1511 1355 1613 1386 mundi
1640 1359 1696 1387 est.
1718 1357 1779 1387 Lux
1803 1359 1904 1386 autem

1082 1402 1186 1433 mundi
1202 1406 1256 1439 est,
1274 1411 1333 1433 non
1349 1411 1435 1443 quam
1453 1401 1606 1432 oculorum
1622 1410 1728 1431 sensus
1743 1400 1903 1441 percipiat,

1082 1447 1135 1478 sed
1160 1457 1248 1488 quam
1273 1447 1390 1478 animus
1413 1446 1524 1484 videat,
1554 1451 1641 1486 atque
1670 1446 1902 1486 contempletur.

216 1494 263 1521 est
278 1489 380 1521 lumen
394 1490 583 1529 revelabitur,
607 1484 784 1531 occultaque
809 1490 915 1520 horum
941 1484 1069 1520 omniaC
1081 1493 1156 1524 Nam
1169 1484 1215 1523 sol
1231 1492 1290 1530 hic,
1307 1501 1395 1533 quem
1416 1500 1521 1523 sensus
1544 1484 1672 1532 attingit,
1697 1484 1903 1522 tantummodo

218 1535 496 1568 manifestabuntur.
511 1535 548 1567 Et
561 1535 664 1577 quales
679 1544 759 1566 nunc
769 1543 872 1566 sumus
880 1534 1040 1575 unusquis-

218 1588 276 1620 que
291 1583 436 1619 nostrum,
450 1589 505 1612 nos
525 1579 606 1621 ipsos
622 1579 814 1620 occultantes,
831 1583 860 1610 et
875 1588 929 1620 per
942 1579 1039 1619 poeni-

217 1624 340 1656 tentiam
358 1629 459 1656 nostra
481 1625 672 1656 manifestare
692 1624 838 1662 nolentes,
857 1628 926 1655 tunc
940 1633 956 1654 a
972 1624 1039 1656 luce

218 1670 379 1708 manifesti,
397 1674 426 1702 et
439 1670 534 1712 aperti
549 1670 609 1702 Deo
621 1674 650 1702 et
659 1669 797 1701 omnibus
811 1679 924 1708 sumus,
942 1673 971 1700 et
985 1670 1041 1700 eri-

215 1724 283 1747 mus
296 1726 304 1754 ;
316 1718 345 1746 et
359 1715 530 1755 magnitudo
545 1715 667 1757 pudoris
677 1724 712 1747 ac
721 1714 877 1746 dedecoris
891 1714 952 1746 illic
967 1725 1038 1756 pro-

214 1760 385 1801 spectaculo
399 1760 466 1791 erit.

255 1804 372 1836 Etenim
388 1804 464 1836 sicut
482 1804 513 1836 in
537 1805 625 1836 domo
652 1805 756 1844 januas
781 1804 862 1835 intus
888 1803 1040 1836 obseratas

215 1849 356 1889 habente,
372 1849 398 1881 si
413 1849 480 1890 quis
498 1849 620 1887 enobis,
638 1850 722 1891 quasi
739 1849 810 1880 foris
826 1857 842 1881 a
858 1849 978 1881 nemine
994 1850 1038 1881 vi-

216 1904 266 1926 sus
282 1895 374 1926 etl‘use
388 1899 501 1935 peccet,
517 1895 666 1927 adulteria
681 1895 806 1931 scilicet,
825 1899 875 1926 aut
890 1896 1039 1927 masculo—

215 1950 282 1973 rum
298 1939 484 1978 concubitus,
506 1944 556 1972 aut
571 1941 628 1972 alia
642 1940 827 1972 exsecranda
852 1949 1038 1981 perpetrans,

217 1985 327 2017 deinde
339 1985 438 2016 subito
452 1985 482 2016 in
498 1985 561 2026 ipso
577 1985 688 2025 ﬂagitio
703 1985 956 2027 deprehendatur,
973 1996 1039 2017 ma-

216 2039 305 2070 gnam
320 2030 447 2061 incurrit
462 2030 614 2061 infamiam
628 2039 636 2068 ;
650 2033 700 2061 aut
716 2031 762 2070 (ut
776 2030 854 2061 aliud
871 2031 1039 2071 exemplum

216 2075 349 2116 demus),
366 2075 391 2106 si
406 2075 472 2116 quis
482 2075 623 2106 adversus
636 2084 736 2115 regem
746 2075 870 2106 insidias
880 2075 1040 2108 meditetur

1081 1537 1216 1577 corporis
1238 1537 1339 1568 oculos
1361 1535 1509 1566 illuminat
1533 1536 1702 1572 hominum,
1725 1535 1901 1574 bestiarum,

1079 1582 1232 1612 volucrum
1251 1592 1257 1612 :
1276 1585 1305 1613 at
1319 1582 1362 1613 sol
1373 1581 1424 1622 qui
1438 1581 1492 1612 sub
1504 1581 1728 1621 intelligentiam
1744 1580 1832 1617 cadit,
1850 1581 1902 1621 qui

1085 1627 1194 1658 mundo
1210 1627 1316 1664 illuxit,
1334 1628 1446 1658 animas
1462 1627 1601 1657 duntaxat
1617 1626 1732 1656 ratione
1748 1626 1899 1666 praeditas,

1082 1681 1179 1712 neque
1198 1673 1250 1703 llas
1274 1673 1349 1704 citra
1376 1671 1537 1703 discrimen
1563 1680 1679 1708 omnes,
1702 1675 1731 1701 et
1760 1671 1897 1710 indtgnas

1079 1717 1168 1748 etiam
1183 1717 1352 1748 illuminare
1365 1716 1456 1748 novit.
1474 1716 1557 1748 Haud
1567 1716 1648 1747 enim
1664 1716 1898 1757 inanimus,seu,

1078 1765 1111 1792 ut
1133 1762 1239 1793 melius
1253 1762 1360 1799 dicam,
1374 1771 1432 1792 non
1448 1761 1557 1792 animal
1575 1764 1631 1799 est,
1648 1771 1702 1792 nec
1717 1770 1831 1799 servus,
1849 1764 1900 1792 aut

1081 1810 1216 1838 creatura
1243 1807 1278 1838 ad
1304 1807 1370 1838 aliis
1384 1806 1613 1838 ministrandum
1635 1806 1807 1842 constituta,
1824 1806 1901 1836 sicut

1081 1861 1188 1892 nempe
1204 1852 1260 1884 iste
1274 1852 1318 1883 sol
1333 1861 1422 1893 quem
1440 1851 1602 1888 cernimus,
1620 1851 1729 1892 quique
1744 1850 1838 1881 oritur
1852 1860 1902 1880 su-

1084 1898 1238 1937 perjustos
1249 1901 1278 1928 et
1287 1897 1424 1938 injustos,
1439 1896 1548 1937 probos
1558 1896 1648 1927 simul
1660 1904 1686 1927 et
1699 1896 1850 1936 improbos
1858 1897 1898 1926 U.

1083 1941 1140 1973 Sed
1156 1951 1321 1983 quanquam
1352 1942 1412 1980 lux,
1444 1946 1473 1972 et
1495 1941 1539 1971 sol
1560 1941 1739 1980 nominatur,
1758 1945 1854 1971 tamen
1870 1946 1900 1973 et

1081 1995 1171 2027 supra
1185 1987 1294 2025 lucem,
1311 1990 1340 2017 et
1354 1995 1444 2026 supra
1468 1985 1574 2021 solem,
1592 1989 1620 2015 et
1635 1989 1666 2015 ut
1688 1985 1763 2016 lucis
1777 1994 1812 2016 ac
1828 1985 1899 2016 solis

1080 2031 1219 2063 conditor
1232 2040 1266 2062 ac
1282 2030 1425 2062 Dominus
1440 2038 1495 2067 est,
1521 2029 1589 2067 vita,
1615 2029 1759 2067 vivificus,
1778 2030 1896 2068 veritas,

1076 2076 1200 2117 justitia,
1214 2079 1243 2107 et
1257 2075 1449 2106 sanctiﬁcatio
1461 2075 1502 2111 ﬂ,
1519 2075 1656 2114 simplex,
1672 2075 1708 2105 ab
1724 2075 1804 2106 omni
1820 2084 1899 2106 com~

216 2129 326 2161 easque
342 2120 386 2152 illi
406 2120 515 2160 scripto
531 2124 670 2161 exponat,
685 2124 735 2151 aut
749 2120 774 2151 si
789 2120 879 2154 dicat.
896 2123 1072 2153 statuaturD
1083 2121 1228 2161 positione
1243 2120 1329 2158 liber,
1356 2124 1384 2150 et
1409 2128 1497 2152 omne
1512 2119 1634 2158 bonum,
1654 2124 1680 2151 et
1695 2120 1802 2150 melior
1818 2121 1898 2151 omni

216 2165 300 2197 nefas
313 2165 443 2206 aliquod,
460 2165 582 2197 omnino
599 2166 678 2196 intra
700 2165 791 2204 aedes,
808 2169 840 2196 ut
853 2165 964 2196 dictum
981 2170 1036 2206 est,

214 2209 345 2248 latitans,
363 2213 429 2251 post
442 2219 495 2241 rex
510 2220 575 2241 cum
602 2213 661 2242 toto
676 2214 781 2241 senatu
794 2219 859 2248 suo,
877 2214 1038 2242 consueto-

212 2264 272 2295 que
286 2254 425 2286 satellitio
440 2255 588 2292 adveniat,
604 2259 634 2286 et
649 2255 769 2286 domum
795 2255 905 2295 cingat,
919 2256 1037 2286 statim-

212 2308 271 2341 que
285 2308 321 2331 ea
334 2303 398 2331 tota
412 2308 516 2332 eversa
534 2300 610 2342 ipse,
640 2303 670 2331 et
693 2299 795 2330 omnia
821 2299 886 2340 ejus
915 2300 1038 2331 consilia

211 2348 382 2386 appareant,
398 2353 515 2386 poenam
528 2354 663 2385 magnam
677 2344 957 2385 damnationemque
968 2354 1037 2377 sus-

211 2389 303 2426 tinet;
320 2390 355 2422 ad
372 2389 510 2421 eumdem
537 2390 658 2421 modum
682 2392 753 2421 tunc
778 2388 917 2420 omnibus
939 2390 990 2430 qui
1005 2391 1036 2422 in

210 2434 321 2466 mundo
335 2439 407 2466 sunt
421 2435 482 2466 ﬁet.
499 2433 542 2466 Et
551 2443 612 2466 non;
621 2434 742 2475 quidem
753 2435 903 2466 sicutdies
918 2434 1035 2467 illumi-

208 2480 336 2511 nabitur
345 2479 383 2517 39,
399 2479 505 2511 domus
519 2483 619 2511 autem
641 2479 749 2520 omnis,
767 2483 796 2510 et
823 2479 977 2520 spelunca,
1005 2485 1036 2513 et

207 2525 316 2556 cmlum
331 2525 429 2565 ipsum
457 2533 492 2556 ac
516 2528 596 2556 terra
621 2525 773 2561 tollentur,
801 2533 967 2565 omnesque
983 2525 1033 2566 qui

205 2570 358 2602 Christum
373 2579 432 2600 non
446 2569 616 2607 induerunt,
629 2579 681 2601 seu
693 2569 745 2611 qui
758 2569 860 2600 lumen
870 2578 929 2600 non
945 2578 1033 2602 acce-

203 2618 322 2656 perunt,
338 2619 373 2646 ut
387 2623 478 2656 supra
491 2614 684 2652 docebamus,
702 2618 732 2646 et
750 2614 781 2645 in
795 2615 860 2654 ipso
877 2614 959 2655 prius
974 2624 1033 2646 non

202 2659 334 2700 fuerunt,
351 2664 381 2692 et
396 2660 496 2692 lumen
511 2669 572 2692 non
586 2659 719 2698 fuerunt,
747 2660 819 2692 nudi
833 2659 1031 2701 apparebunt,

239 2764 343 2796 8"Jac.
368 2772 409 2804 iv,
437 2764 487 2798 17.
529 2764 658 2798 38Joau.
684 2772 728 2803 In,
752 2765 802 2798 21.

198 2803 255 2837 ﬁt
273 2804 342 2838 Cor.
357 2813 380 2845 ι,
397 2803 448 2839 30.

845 2765 968 2800 39Psal.
993 2774 1124 2806 cxxxvn,
1154 2765 1204 2798 12.
1247 2764 1278 2791 ιο
1301 2764 1403 2797 Matth.
1431 2773 1482 2805 vn,
1509 2765 1559 2798 13.

1081 2166 1170 2197 bono.
1186 2165 1223 2197 Ut
1238 2165 1326 2204 igitur
1342 2164 1450 2196 veritas
1479 2171 1522 2195 est
1550 2174 1584 2196 ac
1605 2164 1726 2205 dicitur,
1739 2174 1807 2195 vere
1823 2174 1897 2194 can-

1080 2209 1260 2241 vertentibus
1288 2219 1320 2240 se
1346 2209 1453 2241 veritas
1481 2209 1620 2241 efficitur.
1647 2209 1684 2241 Ut
1702 2209 1818 2249 justitia
1840 2213 1894 2247 est,

1080 2265 1199 2287 omnem
1214 2254 1391 2295 injuslitiam
1406 2255 1519 2287 exorsis
1531 2254 1645 2294 justitia
1660 2259 1715 2286 est.
1733 2254 1769 2286 Ut
1783 2255 1896 2286 sancti—

1079 2301 1189 2338 ﬁcatio,
1207 2299 1291 2331 elatis
1302 2308 1336 2330 ac
1348 2309 1400 2340 per
1411 2300 1554 2340 lacrymas
1565 2299 1703 2339 purgatis.
1712 2299 1749 2331 Ut
1758 2299 1895 2340 simplex,

1079 2346 1137 2377 illis
1148 2345 1198 2386 qui
1214 2345 1325 2376 nullam
1336 2345 1628 2385 perversitatem,aut
1644 2344 1805 2384 nequitiam
1818 2344 1897 2377 intus

1078 2394 1193 2431 gestant
1208 2390 1238 2421 in
1255 2389 1425 2431 praecordiis
1454 2390 1493 2421 Ut
1511 2399 1568 2420 non
1582 2391 1774 2431 compositus,
1785 2391 1894 2423 nullam

1077 2435 1293 2477 duplicitatem,
1321 2439 1372 2466 aut
1399 2435 1634 2474 ambiguitatem,
1663 2439 1712 2465 aut
1732 2434 1894 2468 increduli-

1077 2485 1137 2512 tem
1154 2480 1244 2512 animi
1260 2480 1446 2511 habentibus.
1464 2479 1500 2511 Ut
1515 2479 1622 2520 bonus,
1639 2479 1675 2510 iis
1691 2480 1739 2520 qui
1756 2481 1895 2520 spiritua-

1074 2526 1153 2557 libus
1167 2525 1338 2566 penitentize
1353 2525 1506 2566 operibus,
1531 2524 1567 2556 ad
1588 2534 1706 2565 corpus,
1735 2530 1784 2556 aut
1809 2526 1892 2558 vitam

1074 2571 1159 2601 istam
1176 2571 1360 2611 pertinentes
1375 2579 1461 2601 curas
1484 2579 1518 2600 ac
1539 2569 1756 2601 sollicitudines
1771 2581 1830 2602 non
1845 2572 1892 2603 in-

1074 2615 1196 2653 ducunt,
1225 2615 1333 2656 quibus
1359 2624 1394 2646 ea
1419 2614 1562 2646 misceant
1589 2619 1677 2656 atque
1693 2615 1891 2654 confundant;

1073 2660 1127 2692 sed
1143 2660 1223 2692 nuda
1236 2660 1396 2698 voluntate,
1410 2664 1439 2691 ct
1449 2659 1648 2700 applicatlone
1658 2660 1750 2692 animi
1763 2661 1793 2692 in
1805 2662 1893 2693 malo-

1603 2767 1630 2792 ιι
1657 2767 1761 2799 Matth.
1789 2775 1820 2808 ν,
1843 2767 1890 2800 45.
