1983 3072
110 156 178 189 409

852 158 993 190 ORATIO
1015 159 1081 191 XX.

1746 156 1805 190 410

105 232 182 254 rum
201 223 342 264 patientia
355 223 393 255 ad
407 233 476 256 eum
491 225 718 263 accedentibus;
730 234 856 265 quorum
874 225 938 255 sin-
949 235 969 253 Α
984 224 1140 255 sanctusin
1147 224 1298 255 hominem
1309 233 1368 255 non
1380 223 1507 262 venerit,
1522 232 1576 254 nec
1589 224 1660 254 ineo
1672 222 1807 254 habitare

105 268 271 299 ceritatem
288 269 468 310 approbans,
482 270 564 300 omni
574 270 653 302 bono
669 270 751 301 brevi
767 279 819 301 eos
834 279 941 301 cumu-

103 312 166 350 lat,
186 317 216 344 et
232 313 378 345 bonorum
394 314 591 354 intellectum,
603 315 871 356 cogitationemque
881 315 943 346 vin-

102 357 264 396 centibus,
282 359 352 389 dum
370 359 428 390 illis
445 360 604 397 revelatur,
622 365 814 401 apparetqua,
841 360 940 391 statim

105 403 278 444 participes
291 404 400 436 reddit.
417 405 449 436 Si
466 404 545 435 enim
569 404 657 442 bona,
676 414 742 444 quae
762 406 865 436 oculus
879 414 941 436 non

105 447 202 484 vidit,
213 457 267 479 nec
277 449 363 480 auris
370 449 501 487 audivit,
509 459 562 480 nec
573 450 604 480 in
613 458 664 480 cor
672 450 803 481 hominis
809 450 941 481 ascende-

105 496 198 528 runt,
213 501 279 532 qua:
293 495 476 533 praeparavit
491 494 575 525 Deus
591 494 786 534 diligentibus
798 504 829 526 se
836 495 938 532 43,hu-

106 537 195 568 mani
211 537 321 578 ingenii
337 542 455 579 captum
467 539 622 576 excedunt,
641 543 669 570 et
682 540 780 571 omnia
792 549 857 580 qua:
869 549 937 571 cer-

105 582 308 614 nunturbona
318 589 508 624 exsuperant,
519 588 627 624 quanto
639 584 731 623 magis
740 584 804 624 ipse
813 585 863 624 qui
874 585 937 616 hinc

106 628 291 666 praeparavit
313 628 392 659 Deus
410 637 416 658 :
435 638 489 659 nec
506 629 600 659 solum
616 629 690 669 ipse,
712 629 764 660 sed
783 629 870 660 etiam
887 629 937 670 qui

105 680 180 701 cum
198 671 311 710 videre,
324 675 351 704 ei
367 673 519 711 assistere,
534 677 635 704 etcum
647 683 682 704 eo
694 674 803 704 versari
817 683 936 704 merue-

105 719 183 746 runt
198 720 226 746 et
241 717 308 757 ejus
327 716 501 755 divinitatis,
527 718 699 758 gloriaeque
716 723 878 757 consortes,
904 729 938 750 ac

109 760 276 801 participes
288 762 398 799 effecti,
410 762 579 802 superiores
592 763 713 793 omnino
727 763 824 804 bonis,
840 763 913 803 ipsis
922 773 938 794 a

108 805 179 836 Deo
195 806 316 846 paratis,
333 810 434 846 utpote
446 806 605 838 Dominum
621 807 786 848 ipsum,qui
802 808 878 838 bona
890 808 938 840 illa

984 269 1119 307 cognitus
1126 268 1225 307 fuerit,
1234 269 1260 299 al
1275 278 1363 299 enum
1373 268 1557 309 estquemvis
1564 267 1747 308 spiritualem
1757 277 1806 308 ap-

984 313 1100 354 pellavi.
1109 313 1165 350 Qui
1176 319 1276 344 autem
1286 313 1453 353 spiritualis
1466 313 1595 344 nondum
1608 312 1806 353 estquomodo

982 362 1102 389 sanctus
1121 357 1202 389 erit?
1223 358 1273 398 qui
1293 362 1413 388 sanctus
1425 357 1558 388 nondum
1572 361 1617 388 est
1627 357 1734 393 iactus,
1753 365 1806 396 per

981 412 1115 443 quasnam
1131 403 1188 433 alia
1205 411 1307 443 opera,
1331 402 1524 442 actionesque
1552 401 1655 433 beatus
1677 400 1806 432 evadet?

979 447 1137 478 lleatitudo
1150 447 1230 478 Deus
1243 447 1391 487 est,cujus
1406 447 1457 488 qui
1471 456 1529 478 non
1541 451 1583 478 est
1594 447 1750 487 particeps,
1759 446 1804 476 vel

980 492 1078 532 potius
1091 501 1179 533 quem
1198 491 1248 533 qui
1265 496 1357 522 totum
1378 492 1409 523 in
1430 501 1462 523 se
1480 502 1539 523 non
1551 491 1650 527 habet,
1667 501 1724 532 quo
1736 495 1803 521 lan-

979 536 1048 567 dem
1068 537 1155 568 modo
1172 537 1297 568 beatus?
1313 537 1404 575 nullo,
1416 541 1448 568 ut
1460 537 1664 577 mihiquidem
1676 536 1801 567 videtur.

979 581 1029 613 Sol
1045 582 1109 612 sine
1125 582 1201 620 luce,
1217 591 1286 612 num
1304 582 1420 612 dicetur
1434 581 1478 612 sol
1490 585 1503 612 ?
1519 585 1549 612 et
1573 581 1661 612 homo
1677 580 1802 620 Spiritus

979 626 1073 657 sancti
1088 636 1205 667 expers,
1223 636 1293 657 num
1317 630 1436 657 sanctus
1451 626 1590 657 dicatur?
1605 625 1712 656 Estole
1725 633 1801 656 san-

979 673 1032 708 cti,
1046 670 1085 701 ait
1096 670 1405 712 Dominus,quoniam
1415 680 1467 710 ego
1482 675 1603 702 sanctus
1613 679 1678 702 sum
1685 669 1802 706 50.Qui-

979 714 1033 746 bus
1051 715 1149 746 verbis
1165 716 1386 756 nosjexplorate
1409 716 1542 755 cognitos
1566 719 1738 755 peccatores
1763 713 1800 744 ad

978 759 1173 791 imitationem
1190 770 1242 801 per
1259 769 1349 801 opera
1366 760 1536 792 misericors
1552 759 1603 790 ille
1614 760 1799 796 cohortatur;

978 814 1013 836 ac
1028 805 1053 836 si
1069 805 1181 836 diceret
1199 815 1206 836 :
1223 805 1363 837 Desistite
1387 815 1404 836 a
1428 804 1517 835 rebus
1544 803 1700 844 improbis,
1718 808 1747 833 et
1762 803 1799 833 ad

108 850 289 889 praeparavit
305 860 357 891 pro
373 851 544 882 haereditate
561 847 752 891 possidentes
764 854 935 884 evaserunt?
947 855 964 878 Β
976 859 1095 880 omnem
1108 850 1283 890 probitatem
1294 849 1467 888 incumbite,
1480 859 1569 880 omne
1577 858 1671 889 genus
1684 847 1800 880 virtutis

108 893 201 924 Tales
216 899 314 926 autem
329 905 379 926 eos
396 897 536 934 evasisse,
553 900 580 927 et
594 906 688 937 usque
704 907 782 928 nunc
797 898 932 936 evadere,

110 947 176 969 non
192 939 258 970 dico
271 944 335 979 post
352 946 477 972 mortem
488 941 596 979 solum,
608 941 660 972 sed
675 942 771 973 adhuc
787 944 933 983 supersti-

109 987 171 1021 tes,
182 988 240 1014 tota
247 984 387 1016 divinitus
398 985 540 1026 inspirata
550 986 702 1026 Scriptura
712 987 809 1025 docet,
818 998 935 1019 omnes-

111 1037 174 1068 que
186 1029 332 1068 pervitam
342 1035 371 1061 et
385 1039 482 1061 mores
491 1039 560 1062 suos
574 1031 758 1062 sanctitatem
770 1033 931 1071 consecuti,

113 1073 318 1105 testimonium
334 1075 443 1106 ferunt.
453 1076 544 1106 Porro
560 1080 729 1106 sanctorum
745 1077 808 1108 laus
824 1078 932 1116 omnis,

107 1123 138 1147 et
154 1116 307 1149 beatitudo
323 1119 370 1150 his
385 1119 499 1150 duobus
512 1124 636 1157 constat,
654 1121 816 1152 orthodoxa
827 1122 934 1160 ﬁde,et

107 1161 253 1193 laudabili
264 1163 332 1195 vita.
344 1163 416 1195 Item
433 1164 511 1194 dono
527 1165 621 1195 sancti
637 1165 932 1205 Spiritus,etcharis-

109 1210 224 1238 matum
240 1209 317 1248 ejus,
335 1208 450 1239 duobus
463 1209 542 1240 enim
560 1209 605 1240 his
615 1210 671 1240 hoc
682 1211 800 1241 tertium
814 1212 936 1252 copula—

110 1255 172 1281 tur.
189 1252 264 1283 Nam
279 1263 346 1284 cum
362 1253 428 1293 quis
440 1253 528 1284 vitam
546 1253 632 1292 bene,
650 1259 679 1285 et
693 1265 759 1286 cum
776 1256 936 1288 amoreDei

111 1295 256 1334 traduxit,
274 1306 340 1328 cum
355 1306 445 1328 sensu
462 1297 640 1337 orthodoxo,
651 1303 680 1329 et
694 1300 786 1339 gratia
797 1300 933 1342 donatus,

111 1344 202 1380 atque
213 1350 229 1372 a
241 1342 302 1372 Deo
317 1351 369 1382 per
381 1342 476 1372 sancti
486 1342 612 1383 Spiritus
628 1343 740 1375 donum
756 1345 935 1384 gloriﬁcatus

112 1388 170 1422 est,
187 1384 343 1416 comitatur
358 1386 441 1417 illum
456 1387 530 1425 laus,
548 1394 577 1418 et
591 1387 628 1418 ab
643 1388 724 1418 omni
738 1389 870 1420 ﬁdelium
880 1391 934 1421 Eo-

110 1428 212 1475 clesia,
229 1430 269 1475 ab
283 1431 479 1472 omnibusque
494 1432 643 1470 magistris
658 1433 723 1473 ejus
739 1433 842 1465 beatus
858 1444 931 1475 prae-

111 1473 240 1519 dicatur.
255 1474 329 1506 Fide
339 1480 449 1514 autem,
459 1480 488 1507 et
499 1476 640 1517 operibus
655 1477 784 1518 perfecte
797 1473 934 1519 non-sup-

977 903 1029 934 pro
1041 894 1152 925 viribus
1163 895 1270 926 vestris
1282 894 1506 935 consectemini,
1520 899 1546 925 et
1556 900 1698 934 quantum
1712 896 1798 933 pote—

974 938 1038 976 stis,
1047 939 1141 970 sancti
1152 939 1277 979 evadite,
1286 939 1311 970 si
1322 940 1408 970 modo
1422 939 1663 970 communionem
1681 947 1797 968 mecum

975 983 1087 1015 habere
1109 984 1296 1016 desideratis.
1313 986 1373 1024 Ego
1401 987 1479 1016 enim
1505 989 1623 1016 sanctus
1646 993 1722 1020 sum,
1741 983 1798 1013 hoc

976 1032 1031 1065 est,
1049 1038 1150 1069 purus,
1168 1029 1429 1066 incontaminatus,
1446 1029 1533 1070 idque
1547 1028 1725 1060 natura.Vos
1741 1037 1796 1058 au-

976 1077 1032 1103 tem
1044 1073 1073 1104 in
1083 1074 1231 1105 mandatis
1243 1074 1318 1105 meis
1330 1074 1529 1115 exsequendis
1542 1074 1578 1104 ab
1590 1073 1797 1112 inquinamen-

975 1117 1013 1148 tis
1025 1122 1213 1158 peccatorum
1223 1118 1419 1159 abslinentes,
1433 1119 1549 1159 meique
1562 1119 1721 1159 participes
1735 1126 1799 1157 gra-

975 1162 1015 1193 tia
1038 1163 1166 1203 Spiritus
1188 1164 1246 1194 mei
1270 1164 1348 1204 facti,
1373 1164 1468 1194 sancti
1488 1173 1605 1204 quoque
1622 1163 1716 1193 eritis.
1734 1162 1797 1192 Hoc

979 1207 1058 1238 enim
1070 1208 1126 1239 sibi
1142 1208 1214 1246 vult,
1228 1208 1337 1240 Estote.
1352 1210 1426 1247 Ergo
1437 1208 1513 1239 mala
1526 1208 1666 1248 fugiendo
1680 1211 1708 1237 et
1720 1206 1798 1237 bona

978 1252 1128 1292 operando
1144 1253 1176 1283 lit
1191 1257 1310 1283 sanctus
1325 1253 1413 1284 homo
1429 1263 1435 1284 :
1454 1262 1512 1283 non
1529 1252 1612 1293 quasi
1624 1251 1744 1283 omnino
1762 1259 1798 1281 ex

977 1297 1118 1337 operibus
1128 1298 1331 1329 sanctiﬁcatur
1340 1298 1423 1338 (Non
1442 1300 1522 1329 enim
1524 1296 1744 1337 justiﬁcabitur
1758 1304 1797 1326 ea;

977 1342 1117 1382 operibus
1131 1342 1204 1382 legis
1226 1344 1323 1374 omnis
1342 1345 1446 1373 anima
1459 1344 1513 1379 5t),
1531 1342 1581 1373 sed
1603 1344 1671 1382 quia
1694 1344 1796 1371 sancto

975 1386 1038 1417 Deo
1053 1397 1105 1427 per
1120 1387 1290 1427 hujusmodi
1312 1387 1460 1417 actionum
1478 1386 1745 1427 frequentationem
1762 1394 1794 1415 se

975 1432 1121 1472 adjungit,
1139 1441 1267 1471 eumque
1281 1431 1336 1462 sibi
1352 1432 1502 1463 conciliat.
1518 1431 1579 1462 Hoc
1595 1440 1682 1472 porro
1703 1429 1793 1460 etiam

974 1477 1009 1508 ad
1026 1486 1088 1514 eos,
1105 1476 1155 1517 qui
1167 1477 1230 1516 jam
1246 1475 1383 1516 :Spiritus
1406 1476 1527 1515 gratiam
1553 1478 1745 1516 acceperunt,
1764 1477 1793 1504 et

108 1518 226 1558 positis,
236 1520 419 1551 adorandum
434 1531 468 1551 ac
480 1521 761 1563 divinumscriptum
778 1518 928 1565 advenire,
940 1537 959 1561 ς
974 1522 1074 1562 πιδείδὲ
1086 1522 1205 1562 quidem
1221 1521 1379 1552 Dominum
1396 1521 1497 1552 dicere
1512 1521 1628 1562 opinor.
1647 1519 1702 1557 Qui
1715 1528 1793 1560 prae-

107 1567 138 1593 et
173 1564 283 1595 donum
309 1565 373 1605 ejus
401 1567 535 1606 accipere
564 1576 740 1607 quemquam
771 1568 926 1601 horninum

105 1607 291 1648 impossibile
307 1614 365 1650 est;
384 1611 458 1641 sicut
474 1611 560 1641 etiam
577 1616 694 1642 sanctus
709 1612 837 1643 Jncobus
858 1614 900 1646 ait
917 1625 924 1645 :

109 1653 190 1697 Quid
203 1655 340 1694 proderit
351 1655 460 1694 fratres
477 1657 547 1695 mei,
572 1657 600 1687 si
615 1657 778 1696 quis'_(lirat
792 1658 880 1697 ﬁdem
894 1668 926 1690 se

105 1696 225 1736 habere,
234 1707 324 1739 opera
340 1704 442 1731 autem
456 1700 527 1739 ﬁdei
542 1709 604 1731 non
618 1700 749 1732 habeat?
764 1711 837 1733 nam
848 1703 925 1742 ﬁdes

107 1750 176 1773 eum
192 1743 310 1775 sal-vare
320 1747 414 1784 potest
428 1746 440 1775 ?
453 1744 609 1782 Quomodo
633 1746 711 1776 enim
736 1755 846 1786 corpus
860 1749 926 1779 sine

106 1787 214 1826 spiritu
225 1792 377 1820 mortuum
389 1792 442 1826 cst,
451 1792 494 1820 sic
502 1790 576 1829 ﬁdes
582 1791 648 1821 sine
657 1791 926 1831 operibusmortua

107 1832 187 1862 est“
204 1832 244 1878 rEt
255 1833 362 1864 iterum
379 1842 385 1865 :
404 1833 440 1865 Si
450 1835 548 1874 frater
563 1839 616 1866 aut
631 1836 724 1866 Soror
739 1838 815 1867 nudi
826 1840 928 1878 sint,ct
944 1850 952 1856 η

107 1877 372 1916 quotidianovictu
383 1882 504 1918 egeant,
521 1879 601 1910 dicat
617 1884 718 1910 autem
734 1880 845 1921 aliquis
859 1891 927 1914 oes-

106 1923 186 1952 trum
196 1921 267 1962 illis,
276 1921 320 1953 Ite
331 1923 454 1962 inpare,
466 1924 681 1962 calefacimini,
689 1929 716 1955 et
728 1928 925 1964 saturamii'i,

103 1974 162 1996 non
171 1966 288 1997 dederit
299 1971 399 1998 autem
407 1968 448 1998 eis
463 1977 529 2008 qua:
538 1970 710 2000 necessaria
718 1974 787 2000 sunt
795 1973 924 2012 corpori,

103 2011 175 2050 quid
180 2011 382 2050 proderil?sic
391 2015 416 2043 et
423 2013 506 2051 ﬁdes,
515 2014 575 2044 nisi
581 2022 669 2053 opera
677 2014 794 2051 habeat,
803 2020 925 2047 mortua

103 2058 145 2086 est
155 2058 186 2086 in
196 2057 408 2097 semetipsa“.
418 2057 487 2088 Haec
500 2062 528 2088 et
539 2058 670 2090 Joannes
681 2060 846 2098 apostolus:
864 2060 924 2092 Fi-

104 2099 178 2136 lioli,
187 2109 247 2131 non
258 2101 427 2140 diligamus
437 2102 538 2139 verbo,
548 2112 643 2143 neque
652 2104 770 2143 lingua,
778 2105 830 2135 sed
837 2114 924 2144 opere

968 1570 1068 1610 cipere
1083 1568 1209 1605 videtur,
1236 1577 1295 1598 non
1321 1568 1472 1599 ﬁdendum
1485 1567 1576 1605 dono,
1590 1571 1619 1598 et
1630 1577 1682 1608 per
1706 1566 1794 1598 desi-

968 1616 1047 1646 diam
1064 1613 1100 1644 ad
1110 1613 1211 1643 vitiaet
1221 1617 1340 1654 peccata
1351 1613 1548 1653 redeundum,
1559 1619 1588 1643 et
1600 1612 1794 1653 quodammo-

967 1659 1004 1690 do
1012 1658 1057 1689 his
1066 1658 1105 1688 uti
1115 1657 1222 1688 verbis.
1231 1658 1311 1688 Heus
1318 1661 1346 1687 tu
1356 1657 1572 1697 spiritualis,ne
1582 1661 1609 1688 te
1617 1657 1676 1687 otio
1686 1655 1790 1692 dedas,

967 1703 1016 1744 qui
1030 1703 1152 1742 gratiam
1169 1701 1419 1742 sancti,Spiritus,
1432 1706 1460 1732 et
1479 1702 1623 1742 perillom
1638 1710 1685 1732 me
1701 1709 1789 1731 acce-

969 1748 1047 1789 pisti.
1075 1746 1171 1779 Otium
1197 1747 1276 1778 enim
1306 1751 1427 1787 generat
1454 1747 1626 1788 nequitiam,
1658 1745 1790 1786 nequitia

969 1802 1057 1824 omne
1086 1801 1179 1831 genus
1204 1792 1340 1822 vitiorum
1369 1797 1516 1832 procreat.
1534 1791 1680 1823 Mandatis
1703 1791 1792 1830 igitur

969 1836 1102 1877 quotidie
1127 1836 1281 1867 servandis
1301 1840 1421 1867 sanctus
1436 1840 1509 1872 esto,
1527 1836 1676 1876 siquidem
1694 1845 1740 1866 me
1758 1835 1788 1865 in

969 1886 1009 1918 te,
1029 1885 1059 1911 et
1076 1886 1185 1918 tecum,
1204 1882 1277 1919 etltc
1293 1881 1323 1911 in
1340 1891 1396 1918 tne,
1412 1885 1441 1912 et
1458 1891 1573 1912 mecum
1590 1890 1656 1911 esse
1671 1879 1789 1911 vis.Ni—

968 1926 1008 1956 hil
1025 1928 1104 1957 enim
1119 1928 1193 1956 adeo
1210 1935 1244 1956 ex
1259 1925 1398 1956 omnibus
1414 1925 1586 1957 inconstans
1602 1929 1630 1956 et
1647 1924 1790 1955 mutabile

968 1974 1022 2008 est,
1040 1974 1071 2000 ut
1095 1979 1178 2000 mens
1202 1971 1343 2008 humana,
1371 1974 1432 2001 tum
1457 1971 1585 2011 denique
1609 1969 1788 2007 consistens,

967 2025 1033 2046 cum
1050 2014 1136 2045 ﬂuxis
1152 2018 1182 2044 et
1196 2015 1315 2054 creatis,
1333 2021 1362 2046 et
1378 2024 1444 2055 qum
1459 2019 1623 2046 cernuntur
1647 2014 1790 2045 omnibus

965 2060 1096 2100 rejectis,
1115 2059 1252 2090 tenebras
1265 2060 1372 2100 quibus
1388 2060 1634 2091 circumfunditur
1651 2063 1788 2099 pertran-

966 2103 1050 2135 sierit

103 2147 132 2175 et
141 2145 313 2176 veritate“.
321 2146 360 2177 Et
372 2154 381 2176 :
393 2146 430 2176 In
441 2146 494 2178 hoc
506 2142 717 2186 cognoscimus,
728 2142 873 2188 quoniam
884 2158 921 2180 ea:
932 2142 954 2167 Β
1003 2148 1147 2185 Quoniam
1161 2157 1228 2178 vero
1242 2148 1303 2179 haec
1316 2148 1356 2179 ita
1371 2158 1402 2180 se
1414 2149 1536 2186 habent,
1551 2153 1578 2179 et
1594 2157 1677 2178 mens
1687 2157 1735 2178 res
1744 2151 1790 2178 est

104 2189 228 2220 veritate
242 2195 394 2231 sumus,et
415 2191 448 2221 in
468 2196 626 2232 conspectu
646 2193 710 2232 ejus
729 2194 922 2225 suadebimus

103 2233 193 2264 corda
201 2238 313 2270 nostra,
320 2237 463 2275 quoniam
475 2237 730 2276 sireprchenderil
739 2247 793 2268 nos
801 2247 852 2269 cur
858 2248 921 2270 nos-

103 2281 194 2315 trum,
207 2280 306 2318 major
316 2283 359 2311 est
370 2280 445 2311 licus
454 2281 541 2312 corde
550 2286 665 2318 naxtro,
676 2283 794 2314 etnovit
806 2285 919 2316 omnia.

101 2321 135 2353 Si
149 2325 227 2368 enim
234 2332 289 2368 cor
300 2328 439 2355 nostrum
452 2334 513 2356 non
530 2326 758 2365 reprehenderit
767 2336 832 2363 nos,
839 2329 921 2368 ﬁdu-

101 2367 175 2398 ciam
189 2367 334 2399 habemus
349 2370 388 2400 ad
406 2370 512 2409 Deum,
529 2374 556 2401 et
571 2371 721 2409 quidquid
737 2367 921 2412 petierimus,

101 2412 289 2451 accipiemus,
301 2414 445 2454 quoniam
456 2415 607 2446 mandata
624 2417 689 2453 eius
702 2418 886 2449 custodimus
898 2423 923 2450 et

102 2465 171 2487 eaea
178 2465 243 2496 qute
254 2462 324 2488 sunt
334 2459 561 2498 placilacoram
570 2469 605 2490 eo
614 2460 744 2498 facimus
755 2462 923 2494 47.1-2tzlloc

101 2503 142 2530 est
156 2502 335 2532 mandatum
347 2503 464 2542 cjus,ul
480 2503 642 2534 credamus
658 2505 690 2535 in
709 2507 836 2538 nomine
852 2507 924 2538 Filii

102 2545 162 2590 ejus
171 2545 242 2576 Jesu
255 2545 382 2579 Christi.
392 2551 419 2578 et
432 2557 582 2578 servemus
590 2549 733 2580 mandata
747 2551 903 2590 (111348.121
913 2576 918 2582 .

103 2589 156 2627 Qui
166 2594 264 2622 servat
274 2593 501 2632 mamlatacjus,
518 2593 549 2624 in
564 2593 624 2624 ι)ιύ
636 2599 747 2633 manet,
758 2589 785 2626 et
799 2597 876 2628 Deus
890 2601 922 2628 in

101 2633 178 2665 ean
186 2634 241 2666 hoc
251 2639 354 2667 autem
365 2638 576 2676 cognoscimus
591 2638 713 2678 quodin
724 2640 811 2671 nobis
824 2650 851 2672 ιιι
857 2647 926 2673 anet

99 2678 264 2719 emSpirita
283 2688 367 2719 quem
389 2681 472 2713 dedit
490 2681 576 2713 nobis
585 2682 626 2714 49.
637 2681 710 2713 Nam
733 2684 757 2714 si
780 2683 920 2725 Spiritus,

131 2787 155 2829 ᾗ
181 2787 194 2819 Ι
220 2789 289 2824 Cor.
318 2797 350 2829 ll,
379 2791 411 2821 9.

95 2829 123 2854 48
134 2828 206 2860 Ibid.
223 2829 273 2862 23.
317 2830 348 2856 49
363 2829 439 2863 Ibid.
455 2831 505 2863 24.
547 2831 579 2858 50
593 2828 686 2865 Levit;
700 2842 741 2871 xt,
758 2834 808 2866 44.

454 2790 480 2812 ⁴⁴
505 2790 567 2823 Jac.
598 2801 689 2830 xxxtt,
716 2793 823 2826 14—26.
867 2794 894 2815 ⁴⁵
921 2795 999 2828 Ibid.
1019 2797 1128 2829 15-17.

455 2831 505 2863 24.
547 2831 579 2858 50
593 2832 686 2865 Levit.
700 2842 741 2870 ιι,
758 2834 808 2866 44.
851 2835 879 2860 δί
896 2835 992 2870 Galat.
1009 2845 1041 2870 ιι.
1063 2838 1110 2870 16.

963 2202 1082 2233 semper
1099 2193 1230 2228 mobilis,
1246 2203 1396 2234 nunquam
1414 2194 1490 2234 potis
1501 2194 1703 2234 requiescere,
1721 2201 1786 2222 eam

963 2237 1133 2278 sallicitam,
1152 2238 1377 2278 divinarumque
1401 2239 1498 2278 legum
1528 2237 1690 2269 studiosam
1722 2246 1787 2267 esse

963 2288 1092 2321 oportet,
1110 2292 1176 2313 cum
1193 2282 1303 2323 alioqui
1317 2283 1374 2314 vita
1388 2283 1486 2314 omnis
1501 2283 1630 2314 humana
1645 2281 1787 2312 sollicitu-

963 2326 1065 2358 dinum
1084 2332 1259 2358 etcurarum
1278 2328 1365 2367 plena
1379 2328 1428 2365 sit,
1447 2333 1475 2358 et
1490 2338 1523 2359 ex
1541 2337 1573 2358 re
1595 2327 1676 2357 nulla
1691 2327 1787 2366 possit

964 2371 1094 2411 quietem
1121 2381 1238 2412 capere,
1266 2382 1433 2413 quanquam
1452 2373 1480 2402 id
1505 2372 1590 2402 multi
1606 2380 1695 2412 supra
1710 2370 1788 2401 vires

964 2425 1031 2446 suas
1051 2417 1280 2457 facultatemque
1305 2417 1525 2448 contenderunt
1554 2417 1630 2453 Quin
1645 2415 1681 2446 ab
1700 2415 1787 2446 initio

965 2470 999 2491 ea
1011 2462 1183 2492 conditione
1200 2462 1337 2493 conditus
1349 2469 1393 2493 est
1405 2462 1505 2493 homo.
1523 2461 1650 2501 Operari
1663 2461 1742 2492 enim
1755 2465 1784 2491 et

964 2506 1114 2537 custodire
1131 2507 1300 2547 paradisum
1313 2506 1413 2547 jussus
1429 2511 1472 2538 est
1494 2507 1636 2546 Adamus,
1662 2510 1690 2536 et
1712 2505 1782 2536 dnm

963 2552 999 2582 ad
1015 2553 1202 2585 honestatem
1226 2562 1391 2590 movemur,
1417 2558 1521 2584 natura
1545 2561 1714 2593 operamur.
1729 2551 1785 2588 Qui

963 2596 1075 2637 itaque,
1085 2598 1144 2628 otio
1154 2601 1182 2628 et
1194 2597 1311 2628 inertia;
1321 2598 1436 2639 seipsos
1447 2598 1642 2638 tradiderunt,
1656 2599 1784 2638 quicun-

964 2651 1021 2681 que
1035 2642 1154 2676 fuerint.
1172 2642 1283 2682 aiioqui
1299 2643 1394 2673 sancti
1409 2647 1438 2674 et
1452 2642 1633 2683 spirituales,
1645 2642 1674 2672 in
1692 2643 1782 2673 allec—

965 2688 1059 2718 tioncs
1074 2691 1184 2717 natura:
1195 2695 1298 2727 parum
1310 2692 1527 2718 consentaneas
1538 2697 1569 2718 se
1586 2687 1781 2728 praecipitant.

1171 2797 1230 2830 ιοι
1258 2799 1342 2831 Joan.
1372 2805 1417 2837 ιιι,
1435 2798 1484 2831 is.
1528 2797 1558 2822 ιτ
1577 2796 1651 2829 Ibid.
1672 2796 1782 2830 ιιι-22.
