1983 3072
223 124 284 159 4οη

875 124 1065 159 SYMEONIS
1084 125 1262 159 IUNIORIS

1858 119 1931 152 408

224 190 412 233 aberrantes,
430 191 484 223 ﬁlii
498 191 627 230 ancillas,
648 194 678 223 et
692 191 746 223 lilii
761 191 951 224 tenebrarum
966 196 1044 231 sunt,

1090 191 1540 233 omniqueignominiavundique
1549 189 1755 231 replebantur.
1764 188 1828 220 Nec
1838 188 1930 219 istuc

225 236 288 268 sive
302 236 510 278 imperatores,
528 236 590 268 sive
611 236 798 277 patriarchae,
815 237 876 268 sive
900 237 1045 278 episcopi,

224 281 286 312 sive
301 281 481 320 sacerdotes,
500 281 561 312 sive
585 281 748 323 principes,
765 281 826 313 sive
840 281 978 322 subjecti,
996 292 1047 313 seu

225 326 352 367 profani,
368 335 421 357 seu
436 326 585 365 monachi,
602 336 653 358 seu
669 332 786 366 ascetae,
809 336 861 358 seu
886 327 1045 368 praepositi,

223 379 276 402 seu
291 380 451 411 pauperes,
469 380 521 402 seu
537 371 655 409 divites,
680 380 732 402 seu
761 371 874 411 aegroti,
905 380 957 403 seu
985 371 1048 402 sani

223 415 294 446 sint.
311 414 423 447 Omnes
438 416 530 454 enim,
547 416 597 457 qui
612 415 643 446 in
658 416 789 447 tenebris
805 416 920 454 sedent,
939 420 968 446 et
983 425 1048 456 poe-

224 460 322 492 nitere
335 460 450 499 nolunt,
462 460 515 491 ﬁlii
526 460 718 492 tenebrarum
735 465 939 492 numerantur.
954 460 1050 492 Paeni-

224 505 320 536 tentia
334 505 481 546 siquidem
497 509 542 536 est
551 506 655 548 janua,
671 515 735 546 qua
757 515 773 537 e
788 505 918 536 tenebris
938 505 1047 542 educit.

224 553 254 581 et
269 549 307 581 ad
321 549 424 581 lumen
439 550 573 582 deducit.
590 550 645 586 Qui
661 550 750 590 igitur
763 550 800 581 ad
815 550 916 581 lumen
932 550 1048 590 ingres-

223 604 274 626 sus
289 604 348 626 non
364 599 420 633 est,
439 595 560 635 januam
588 595 771 636 pmnitentiae
799 605 858 626 non
888 596 964 627 bene
979 604 1048 636 per-

223 639 350 671 transiit.
367 639 443 672 Nam
459 640 484 671 si
502 640 722 681 pertransisset,
739 640 775 671 ad
790 640 892 671 lumen
908 639 1047 671 venisset.

224 683 280 721 Qui
295 688 393 716 autem
410 694 468 715 non
492 685 627 725 poenitet,
653 689 766 725 peccat,
797 689 956 725 propterea
980 684 1049 725 quia

224 738 284 760 non
300 729 422 769 ptenitet
439 738 445 761 :
463 729 582 761 Scienti
596 732 677 761 entm
692 729 813 768 bonum,
828 730 933 770 inquit,
948 733 1050 761 etnon

223 774 361 813 facienti,
366 777 522 814 peccatum
530 777 573 806 est
579 774 656 807 illi-37
663 800 669 806 .
676 775 689 805 J
694 784 739 805 am
747 775 799 815 qui
805 775 878 814 facit
881 777 1048 815 peccatum,

1089 241 1214 278 tantum,
1230 237 1283 268 sed
1310 241 1339 268 et
1361 236 1458 268 omnis
1483 235 1643 276 cujuslibet
1658 233 1733 265 actio
1752 243 1804 265 seu
1820 234 1926 274 bona,

1089 291 1142 313 seu
1154 282 1241 322 mala,
1254 281 1351 313 omnis
1367 290 1477 322 sermo,
1494 280 1592 311 omnis
1606 279 1743 318 cogitatio
1760 288 1927 310 commen-

1091 327 1219 367 tatioque
1234 326 1269 358 ab
1285 326 1349 367 ipso
1365 326 1510 366 cujusque
1526 329 1592 356 ortu
1607 324 1756 362 videlicet,
1768 334 1869 365 usque
1881 324 1924 355 ad

1090 371 1226 402 ultimum
1242 371 1365 402 halitum
1382 371 1443 401 illic
1459 370 1606 402 collectim
1623 370 1654 400 in
1664 379 1847 410 unoquoque
1865 369 1925 400 ho-

1092 416 1205 447 minum
1221 416 1385 457 apparebit.
1405 417 1439 447 Et
1452 425 1555 456 quam,
1573 425 1684 456 quaeso,
1698 415 1813 449 fratres,
1829 415 1924 454 igno-

1091 461 1213 492 miniam
1230 471 1297 492 cum
1312 461 1377 497 hac,
1393 470 1458 501 quae
1481 470 1550 491 vere
1575 460 1637 491 sola
1663 466 1708 491 est
1733 459 1918 500 ignominia.

1091 509 1159 536 tunc
1185 505 1448 547 comparabimus?
1469 509 1521 537 aut
1535 515 1600 546 quae
1616 514 1704 544 poena
1729 505 1838 535 timore
1863 504 1920 535 illo

1091 549 1266 590 pudoreque
1283 549 1386 590 major,
1399 559 1478 586 cum,
1494 553 1526 579 ut
1541 549 1654 580 dictum
1671 552 1726 586 est,
1744 548 1818 579 adeo
1829 553 1919 579 tene-

1089 593 1183 635 brosi,
1201 599 1229 625 et
1244 595 1308 625 sine
1324 594 1509 625 illuminante
1522 594 1627 634 spiritu
1642 593 1754 624 inventi
1774 593 1919 624 fuerint?

1090 638 1214 675 Qualem
1223 648 1311 679 porro
1318 639 1417 676 vitam,
1424 639 1510 679 quale
1520 638 1770 670 oblectamentum
1786 638 1918 669 habebit

1090 683 1193 725 homo,
1210 684 1260 724 qui
1275 685 1305 715 in
1322 683 1453 715 tenebris
1466 684 1561 721 sedet,
1577 693 1612 714 ac
1621 684 1738 720 metuit,
1752 693 1790 715 ne
1801 692 1916 724 repen-

1092 729 1154 759 tina
1177 729 1251 760 lucis
1273 729 1488 760 illuminatione
1505 729 1702 769 cogitationis,
1719 732 1768 759 aut
1782 728 1915 760 actionis

1092 773 1217 814 alicujus
1231 774 1334 804 sordes
1350 774 1379 804 in
1394 773 1459 814 ipso
1474 773 1683 814 reperiantur?

224 819 620 859 servusestpaccati,etodit
636 820 742 860 lucem,
759 819 1077 851 etnonvenitadlu-B
1129 818 1225 854 Quare
1247 818 1429 856 studeamus,
1456 818 1563 849 fratres
1588 818 1658 855 mei,
1682 818 1752 849 hinc
1778 819 1841 859 jam
1858 827 1915 859 per

225 872 300 900 cem,
308 867 623 905 nearguanturopera
631 866 695 904 ejus
702 864 738 894 33.
753 864 837 895 Nunc
847 865 926 895 enim
942 870 1047 905 sponte

225 912 255 939 et
269 912 368 939 nostro
385 909 517 949 ipsorum
533 909 676 941 arbitratu
691 910 728 941 ad
754 909 855 940 lumen
881 918 934 950 per
948 910 1046 950 paeni-

225 952 349 985 tentiam
366 953 493 993 ingressi
506 954 725 995 redarguimur,
742 958 770 985 et
781 954 953 994 judicamur
970 964 977 984 :
995 955 1047 986 sed

226 997 349 1037 mystice
361 997 604 1037 judiciumistuc,
618 1002 647 1030 et
656 999 842 1036 abscondite,
860 998 890 1029 in
904 998 1049 1030 interiore

225 1042 393 1073 animarum
409 1047 575 1074 nostrarum
591 1043 741 1081 cubiculo,
769 1043 804 1074 ad
831 1043 1047 1084 purgationem,

226 1090 256 1118 et
267 1086 476 1119 remissionem
493 1092 681 1128 peccatorum
698 1092 868 1120 nostrorum
883 1088 1052 1119 misericor-

226 1131 287 1169 dia,
306 1135 335 1162 et
348 1131 531 1172 benignitate
538 1133 591 1164 Dei
603 1133 749 1174 subimus,
763 1133 825 1165 solo
836 1132 978 1163 nimirum
989 1134 1051 1165 Deo

227 1185 276 1207 res
289 1179 404 1207 nostras
418 1176 532 1208 sciente
560 1185 594 1209 ac
619 1177 765 1209 intuente.
789 1176 852 1208 Hoc
874 1176 963 1217 igitur
991 1181 1049 1208 tam

226 1219 369 1261 praeclaro
393 1220 509 1260 judicio
538 1221 673 1262 quisquis
699 1221 746 1252 hic
772 1221 923 1261 judicatus
946 1221 1047 1264 fuerit,

224 1264 304 1295 aliud
320 1264 499 1306 supplicium
530 1271 581 1297 aut
609 1275 732 1297 examen
761 1275 820 1297 non
849 1266 975 1305 timebit,
993 1277 1048 1299 nec

223 1309 403 1340 tentationes
430 1309 488 1341 sibi
514 1315 743 1351 superventuras
765 1310 946 1342 formidabit.
973 1311 1046 1342 Tum

224 1362 305 1391 vero,
323 1353 380 1385 hoc
396 1359 452 1393 est,
478 1355 509 1386 in
537 1355 664 1386 adventu
680 1355 808 1396 Domini,
839 1355 876 1386 iis
903 1355 954 1396 qui
969 1365 1047 1387 nunc

225 1398 262 1429 ad
277 1397 378 1429 lumen
392 1399 505 1437 venire,
521 1403 551 1430 et
564 1399 601 1431 ab
616 1400 680 1441 ipso
704 1400 844 1440 judicari,
870 1400 1048 1441 purgarique

225 1442 341 1481 nolunt,
358 1442 412 1474 sed
425 1443 455 1474 id
472 1444 609 1483 oderunt,
635 1445 715 1485 quod
737 1444 825 1475 modo
840 1444 1046 1476 absconditum

1088 863 1291 904 paenitentiam
1306 867 1418 904 portam
1434 868 1587 902 augustam
1599 864 1710 894 intrare
1721 864 1761 902 40,
1772 863 1913 904 quodque

1088 908 1168 939 intus
1184 912 1228 939 est
1245 909 1345 940 lumen
1361 912 1508 949 spectare.
1525 908 1630 946 Etiam,
1642 918 1724 949 rogo,
1738 919 1774 939 nt-
1786 909 1912 940 delicia-

1089 961 1157 984 mus
1182 953 1338 993 pulsando,
1363 954 1535 994 quaerendo,
1553 958 1582 985 et
1598 954 1726 994 petendo
1751 958 1913 995 antequam

1091 997 1295 1034 exaudiamur,
1309 998 1507 1038 etaperiatur,
1519 1003 1547 1029 et
1558 999 1645 1029 detur
1660 998 1745 1029 nobis
1763 1010 1769 1028 :
1788 998 1914 1039 insuper

1092 1041 1187 1073 donec
1203 1042 1328 1082 ingressi
1345 1042 1446 1073 lumen
1462 1042 1652 1083 accipiamus,
1664 1048 1694 1074 et
1710 1043 1783 1074 illud
1796 1044 1913 1074 exstin—

1092 1091 1171 1117 ctum
1187 1087 1217 1117 in
1233 1087 1371 1118 cordibus
1388 1088 1497 1118 nostris
1516 1087 1688 1118 habeamus.
1711 1087 1807 1118 Nolite
1823 1087 1913 1127 igitur

1093 1141 1204 1170 errare,
1221 1133 1339 1164 fratres.
1350 1131 1405 1168 Qui
1418 1132 1447 1162 in
1464 1132 1595 1163 tenebris
1610 1133 1689 1170 vivit,
1707 1137 1788 1163 extra
1802 1133 1911 1163 ostinm

1092 1183 1146 1210 est.
1173 1178 1227 1215 Qui
1251 1184 1349 1210 antem
1372 1188 1405 1209 se
1422 1178 1589 1218 ingressum
1618 1179 1776 1216 existimat,
1801 1183 1830 1210 et
1858 1188 1912 1219 per

1092 1223 1199 1254 ostium
1216 1224 1369 1264 ingressus
1385 1233 1444 1254 non
1461 1228 1515 1260 est,
1532 1224 1621 1254 etiam
1638 1224 1702 1264 ipse
1727 1228 1810 1255 extra
1833 1223 1910 1254 ovile

1091 1272 1147 1299 est.
1163 1268 1195 1298 Si
1210 1268 1289 1299 enim
1305 1269 1353 1299 lux
1366 1267 1480 1305 mundi,
1498 1272 1526 1298 et
1554 1268 1661 1299 ostium
1691 1273 1736 1299 est
1765 1267 1907 1306 Christus,

1090 1313 1212 1344 omnino
1234 1313 1365 1344 lucidum
1382 1313 1488 1344 ostium
1505 1316 1559 1350 est,
1573 1323 1631 1343 non
1648 1313 1755 1344 ostium
1771 1313 1906 1353 simplex.

1088 1359 1124 1389 Et
1139 1360 1189 1400 qui
1204 1359 1234 1390 in
1250 1369 1285 1390 eo
1301 1364 1357 1400 est,
1373 1360 1404 1390 in
1426 1360 1493 1390 luce
1518 1359 1620 1390 mundi
1647 1364 1703 1391 est.
1725 1361 1786 1391 Lux
1810 1364 1907 1391 autem

1089 1404 1193 1434 mundi
1209 1408 1263 1442 est,
1281 1414 1340 1435 non
1355 1414 1442 1445 quam
1459 1405 1613 1435 oculorum
1628 1414 1734 1436 sensus
1750 1406 1906 1446 percipiat,

1089 1448 1141 1479 sed
1167 1459 1254 1489 quam
1279 1450 1397 1480 animus
1420 1449 1530 1488 videat,
1560 1455 1647 1490 atque
1677 1451 1906 1491 contempletur.

222 1490 270 1518 est
284 1487 388 1536 lumen
400 1488 589 1536 revelabitur,
613 1490 790 1536 occultaque
815 1490 922 1521 horum
947 1485 1162 1536 omniacNam
1175 1485 1222 1525 sol
1238 1494 1297 1532 hic,
1314 1504 1401 1536 quem
1423 1485 1527 1526 sensus
1550 1485 1678 1536 attingit,
1703 1485 1906 1527 tantummodo

224 1532 502 1566 manifestabuntur.
517 1534 553 1565 Et
567 1534 670 1576 quales
685 1544 765 1566 nunc
775 1544 878 1566 sumus
886 1535 1046 1575 unusquis-

224 1585 282 1617 que
296 1581 442 1617 nostrum,
456 1588 511 1610 nos
530 1578 611 1619 ipsos
628 1579 820 1620 occultantes,
837 1583 866 1611 et
881 1588 934 1620 per
948 1580 1045 1619 pceni-

222 1622 345 1653 tentiam
363 1627 464 1654 nostra
488 1623 678 1656 manifestare
698 1624 844 1663 nolentes,
862 1628 931 1655 tunc
945 1634 961 1655 a
978 1625 1045 1656 luce

224 1667 385 1706 manifesti,
402 1672 431 1699 et
445 1669 539 1710 aperti
554 1669 615 1701 Deo
626 1673 655 1701 et
665 1669 801 1700 omnibus
816 1679 930 1708 sumus,
948 1674 976 1701 et
991 1671 1047 1702 eri-

220 1721 288 1744 mus
301 1724 309 1752 ;
321 1716 350 1744 et
364 1714 535 1753 magnitudo
550 1714 672 1755 pudoris
682 1724 716 1746 ac
727 1714 882 1747 dedecoris
896 1714 957 1747 illic
972 1725 1043 1757 pro-

218 1758 390 1798 spectaculo
404 1758 470 1789 erit.

259 1801 377 1833 Etenim
392 1802 468 1834 sicut
486 1803 518 1834 in
541 1803 629 1835 domo
656 1805 760 1843 januas
785 1804 867 1835 intus
893 1804 1045 1837 obseratas

220 1846 360 1886 habente,
376 1847 402 1879 si
417 1848 485 1888 quis
502 1848 624 1887 enobis,
642 1849 726 1890 quasi
743 1849 815 1880 foris
830 1858 846 1881 a
862 1849 983 1881 nemine
998 1851 1042 1882 vi-

220 1901 271 1923 sus
286 1892 378 1924 etl‘use
391 1897 505 1933 peccet,
522 1894 670 1926 adulteria
685 1894 811 1931 scilicet,
829 1899 879 1926 aut
894 1896 1043 1928 masculo-

219 1947 287 1970 rum
302 1938 487 1977 concubitus,
510 1942 560 1970 aut
574 1939 632 1970 alia
646 1940 831 1971 exsecranda
856 1949 1042 1982 perpetrans,

221 1983 331 2015 deinde
343 1983 441 2014 subito
456 1983 486 2014 in
501 1984 565 2025 ipso
581 1985 691 2024 ﬂagitio
707 1985 960 2026 deprehendatur,
977 1996 1042 2018 ma-

219 2036 308 2068 gnam
323 2027 450 2059 incurrit
464 2028 618 2060 infamiam
631 2038 639 2067 ;
653 2033 703 2061 aut
719 2031 766 2069 (ut
779 2029 857 2061 aliud
874 2031 1041 2072 exemplum

219 2072 352 2113 demus),
369 2073 395 2103 si
409 2073 475 2114 quis
486 2073 626 2105 adversus
639 2084 739 2114 regem
750 2074 873 2106 insidias
884 2075 1043 2108 meditetur

1087 1538 1222 1579 corporis
1244 1539 1345 1570 oculos
1367 1539 1514 1570 illuminat
1539 1539 1708 1577 hominum,
1731 1540 1903 1579 bestiarum,

1085 1583 1238 1614 volucrum
1256 1595 1263 1614 :
1281 1588 1311 1615 at
1324 1585 1367 1615 sol
1379 1585 1430 1625 qui
1444 1584 1498 1615 sub
1510 1585 1734 1625 intelligentiam
1749 1586 1837 1622 cadit,
1854 1587 1905 1626 qui

1090 1629 1200 1659 mundo
1215 1629 1322 1666 illuxit,
1339 1631 1452 1660 animas
1468 1630 1606 1660 duntaxat
1623 1630 1738 1661 ratione
1754 1631 1901 1671 prmditas,

1087 1682 1184 1714 neque
1203 1675 1256 1705 has
1280 1675 1355 1706 citra
1381 1674 1543 1706 discrimen
1568 1685 1684 1712 omnes,
1707 1680 1736 1706 et
1766 1676 1899 1715 intltgnas

1084 1718 1173 1749 etiam
1189 1719 1357 1750 illuminare
1370 1720 1461 1751 novit.
1478 1720 1562 1751 Haud
1572 1719 1653 1751 enim
1669 1721 1900 1762 inanimus,seu,

1083 1766 1116 1794 ut
1138 1764 1244 1795 melius
1258 1765 1365 1803 dicam,
1379 1774 1437 1795 non
1453 1765 1561 1796 animal
1579 1768 1635 1803 est,
1652 1775 1707 1796 nec
1722 1775 1835 1805 servus,
1852 1770 1902 1797 aut

1086 1812 1221 1839 creatura
1247 1809 1283 1840 ad
1309 1809 1374 1840 aliis
1389 1809 1617 1840 ministrandum
1640 1811 1811 1847 constituta,
1828 1811 1903 1842 sicut

1086 1863 1192 1894 nempe
1208 1854 1264 1886 iste
1278 1854 1323 1886 sol
1338 1864 1426 1895 quem
1445 1854 1606 1892 cernimus,
1624 1856 1733 1896 quique
1749 1856 1841 1886 oritur
1855 1865 1904 1886 su-

1088 1899 1242 1939 perjustos
1254 1899 1428 1940 etinjustos,
1443 1900 1551 1940 probos
1563 1900 1651 1931 simul
1664 1908 1690 1931 et
1704 1901 1853 1941 improbos
1860 1903 1901 1932 41.

1087 1942 1144 1974 Sed
1159 1954 1325 1985 quanquam
1356 1944 1416 1983 lux,
1448 1949 1477 1975 et
1499 1944 1543 1974 sol
1563 1945 1743 1985 nominatur,
1762 1950 1856 1977 tamen
1872 1952 1902 1979 et

1085 1997 1174 2028 supra
1188 1988 1298 2027 lucem,
1315 1992 1343 2019 et
1358 1998 1448 2029 supra
1472 1989 1578 2025 solem,
1596 1993 1624 2019 et
1639 1994 1670 2020 ut
1692 1989 1767 2020 lucis
1781 1999 1814 2020 ac
1831 1990 1900 2021 solis

1084 2033 1222 2064 conditor
1235 2043 1269 2064 ac
1285 2033 1428 2064 Dominus
1443 2041 1498 2070 εει,
1525 2033 1593 2071 vita,
1618 2033 1763 2072 viviticus,
1781 2036 1897 2073 veritas,

1080 2077 1203 2118 justitia,
1217 2082 1246 2109 et
1260 2078 1452 2108 sanctificatio
1464 2078 1505 2114 42,
1522 2078 1658 2119 simplex,
1675 2079 1712 2110 ab
1728 2080 1807 2110 omni
1823 2090 1900 2111 com-

219 2125 329 2163 easque
345 2118 389 2149 illi
409 2118 519 2159 scripto
534 2123 673 2160 exponat,
689 2123 738 2151 aut
753 2119 777 2150 si
792 2120 883 2155 dicat,
899 2124 1075 2154 statuaturD
1086 2122 1231 2163 positione
1246 2123 1332 2160 liber,
1359 2127 1387 2153 et
1412 2131 1500 2155 omne
1515 2123 1638 2161 bonum,
1657 2128 1682 2155 et
1699 2125 1804 2155 melior
1820 2127 1899 2157 omni

219 2162 302 2207 nefas
315 2162 446 2204 aliquod,
463 2164 585 2195 omnino
602 2164 681 2195 intra
703 2165 794 2204 aedes,
811 2169 843 2196 ut
855 2165 967 2197 dictum
984 2171 1039 2207 est,

216 2206 347 2245 latitans,
365 2212 432 2248 post
445 2217 497 2239 rex
512 2218 578 2240 cum
604 2212 664 2240 toto
679 2213 783 2241 senatu
796 2219 862 2249 suo,
879 2215 1040 2243 consueto-

215 2261 273 2292 que
288 2252 427 2284 satellitio
442 2253 590 2291 adveniat,
606 2258 636 2285 et
651 2254 771 2285 domum
798 2255 907 2295 cingat,
921 2256 1039 2288 statim-

214 2305 273 2338 que
287 2306 323 2328 ea
336 2300 399 2329 tota
414 2306 518 2330 eversa
536 2298 612 2340 ipse,
642 2302 672 2330 et
695 2299 797 2330 omnia
823 2300 888 2339 ejus
917 2301 1040 2332 consilia

213 2346 384 2382 appareant,
400 2351 517 2383 ptenam
529 2353 666 2384 magnam
678 2344 959 2386 damnationemque
970 2355 1038 2378 sus-

213 2386 305 2423 tinet;
321 2387 357 2419 ad
373 2387 512 2419 eumdem
539 2388 660 2420 modum
685 2392 755 2420 tunc
779 2389 918 2420 omnibus
941 2391 991 2431 qui
1007 2392 1037 2423 in

211 2431 322 2463 mundo
337 2436 408 2464 sunt
422 2433 483 2465 ﬁet.
500 2432 544 2464 Et
553 2442 614 2465 nox
623 2433 742 2474 quidem
754 2434 833 2465 sicut
840 2434 904 2466 dies
919 2434 1036 2468 illumi-

209 2477 337 2508 nabitur
346 2477 384 2514 3°,
400 2477 506 2509 domus
521 2482 619 2510 autem
641 2479 750 2519 omnis,
768 2482 797 2510 et
824 2479 978 2521 spelunca,
1006 2486 1037 2514 et

208 2522 317 2553 caelum
332 2522 431 2563 ipsum
457 2531 492 2554 ac
517 2527 597 2554 terra
622 2524 774 2561 tollentur,
802 2534 968 2565 omnesque
984 2526 1034 2567 qui

206 2566 359 2599 Christum
374 2576 433 2598 non
446 2567 616 2606 induerunt,
629 2578 682 2600 seu
694 2568 745 2610 qui
758 2569 860 2600 lumen
871 2579 930 2600 non
946 2566 1033 2602 accre-

204 2616 323 2653 perunt,
340 2616 373 2644 ut
387 2621 478 2654 supra
491 2612 685 2652 docebamus,
703 2618 732 2645 et
750 2614 781 2645 in
795 2615 860 2654 ipso
877 2614 959 2655 prius
974 2625 1033 2647 non

202 2656 334 2697 fuerunt,
352 2661 381 2690 et
396 2658 496 2690 lumen
511 2667 571 2690 non
586 2658 719 2698 fuerunt,
747 2660 820 2692 nudi
834 2660 1031 2701 apparebunt,

240 2761 343 2803 ‘37-!“-
367 2770 409 2802 ῐν,
437 2762 487 2796 17.
529 2763 657 2797 3310M.
683 2772 728 2803 m,
752 2764 801 2797 2t.

198 2800 255 2834 al
272 2801 341 2836 Cor.
357 2811 379 2843 ι,
396 2800 448 2837 30.

1083 2167 1172 2198 bono.
1188 2167 1226 2199 Ut
1241 2167 1329 2207 igitur
1345 2167 1453 2199 veritas
1482 2174 1525 2198 est
1552 2178 1586 2199 ac
1608 2168 1728 2209 dicitur,
1742 2179 1809 2200 vere
1824 2179 1897 2200 con-

1082 2211 1263 2243 vertentibus
1291 2221 1323 2242 se
1349 2212 1456 2243 veritas
1483 2213 1623 2245 efﬁcitur.
1650 2213 1687 2245 Ut
1704 2214 1819 2254 justitia
1841 2219 1894 2253 est,

1083 2267 1200 2288 omnem
1218 2257 1392 2297 injuslitiam
1409 2259 1521 2289 exorsis
1533 2258 1646 2298 justilia
1663 2264 1717 2290 est.
1736 2259 1771 2290 Ut
1785 2261 1896 2292 sancti-

1082 2303 1190 2339 ﬁcatio,
1209 2302 1292 2333 elatis
1304 2312 1337 2332 ac
1351 2312 1402 2342 per
1413 2304 1556 2342 lacrymas
1567 2304 1704 2343 purgatis.
1716 2304 1751 2335 Ut
1760 2304 1894 2345 simplex,

1082 2348 1138 2378 illis
1150 2348 1198 2387 qui
1216 2348 1326 2378 nullam
1339 2349 1629 2387 perversitatem,aut
1647 2349 1806 2389 nequitiam
1818 2349 1896 2382 intus

1080 2397 1193 2432 gestant
1210 2393 1238 2422 in
1257 2393 1426 2432 prmcordiis
1458 2394 1494 2424 Et
1512 2403 1569 2423 non
1583 2396 1775 2436 compositus,
1786 2396 1893 2428 nullum

1079 2438 1294 2478 duplicitatem,
1323 2442 1372 2468 aut
1401 2438 1634 2477 ambiguitatem,
1664 2443 1714 2470 aut
1733 2439 1894 2476 inereduli~

1079 2486 1137 2513 tein
1155 2483 1244 2513 animi
1262 2483 1447 2514 habentibus.
1466 2483 1501 2514 Ut
1516 2483 1623 2524 bonus,
1640 2483 1677 2515 iis
1691 2485 1741 2525 qui
1757 2485 1909 2526 sm,

1076 2528 1153 2558 libus
1169 2528 1339 2568 penitentizn
1354 2529 1507 2569 operibus,
1532 2528 1568 2560 ad
1589 2538 1709 2570 corpus,
1735 2527 1906 2570 suam

1075 2573 1160 2602 istam
1177 2573 1360 2612 pertinentes
1376 2583 1461 2604 curas
1485 2583 1518 2604 ac
1539 2570 1907 2614 sollicitudines“

1075 2617 1196 2654 ducunt,
1226 2618 1333 2658 quibus
1360 2628 1394 2649 ea
1420 2618 1563 2649 misceant
1589 2617 1809 2662 alth

1074 2662 1127 2693 sed
1144 2662 1222 2693 nuda
1237 2663 1396 2700 voluntate,
1410 2667 1439 2694 ct
1449 2662 1789 2706 applicatione“

1635 2641 1639 2660 ι
1709 2656 1714 2669 η
1738 2659 1743 2662 .

1924 2815 1931 2833 I

845 2765 967 2800 $9Psal.
993 2775 1123 2807 cxxxvn,
1154 2767 1203 2799 12.
1247 2767 1277 2793 40
1301 2767 1402 2800 Matth.
1431 2777 1482 2809 vll,
1508 2768 1559 2803 t3.
1602 2746 1753 2814 “ﬂ
