1983 3072
90 163 180 196 409

860 166 1002 198 ORATIO
1023 167 1089 199 XX.

1753 165 1813 199 410

82 239 183 262 rum
204 229 349 271 patientia
362 230 400 262 ad
415 240 484 263 eum
498 232 726 270 accedentibus;
738 241 864 273 quorum
882 233 947 264 sin-
956 242 977 261 Α
992 232 1148 263 sanctusin
1155 232 1306 264 hominem
1317 241 1377 263 non
1388 232 1515 270 venerit,
1529 241 1584 263 nec
1597 232 1668 263 ineo
1680 231 1815 262 habitare

80 275 279 306 ceritatem
295 276 475 317 approbans,
489 277 660 309 omnibono
676 277 759 309 brevi
775 286 826 309 eos
841 287 949 309 cumu—

76 320 157 357 lat,
185 323 222 350 et
239 320 385 352 bonorum
401 321 599 361 intellectum,
611 322 879 363 cogitationemque
889 323 951 353 vin-

73 364 271 402 centibus,
289 365 359 396 dum
377 366 436 397 illis
451 367 611 404 revelatur,
629 373 821 409 apparetque,
849 368 947 399 statim

74 409 285 452 participes
298 410 407 443 reddit.
425 411 456 443 Si
473 411 552 442 enim
576 411 664 449 bona,
684 421 750 452 quae
769 413 873 443 oculus
886 422 948 444 non

74 455 203 492 vidit,
215 463 274 486 nec
284 456 370 487 auris
377 456 508 494 audivit,
516 465 570 488 nec
581 457 612 487 in
620 465 672 487 cor
680 457 811 489 hominis
816 458 949 489 ascende-

74 503 197 535 runt,
216 508 286 539 quia
300 502 483 540 prcepasavit
499 501 582 532 Deus
598 501 793 542 diligentibus
805 511 836 533 se
843 502 945 540 ﬂgitu-

76 544 193 575 mani
213 544 328 585 ingenii
344 549 461 586 captum
474 545 629 583 excedunt,
648 550 677 577 ct
689 547 788 578 omnia
799 557 864 587 qua:
876 557 944 579 cer-

76 599 134 620 nu
141 589 315 621 nturbona
324 596 515 631 exsuperant,
526 595 634 631 quanto
646 591 739 631 magis
747 592 810 631 ipse
820 592 870 632 qui
881 593 944 623 haec

79 634 298 675 praeparavit
320 634 399 666 Deus
417 644 423 665 :
442 645 496 666 nec
513 635 607 666 solum
623 636 697 676 ipse,
719 636 771 667 sed
790 636 877 667 etiam
894 636 944 677 qui

79 688 174 710 cum
197 678 318 717 videre,
331 681 358 711 ei
373 679 526 718 assistere,
541 684 642 712 etcum
655 689 689 711 eo
700 681 810 712 versari
823 690 944 712 merue-

79 727 177 754 runt
196 727 233 753 et
247 723 315 764 ejus
334 723 508 762 divinitatis,
534 725 706 765 gloriaeque
723 730 886 764 consortes,
911 736 945 757 ac

86 767 282 808 participes
295 769 404 806 etl'ecti,
417 769 586 809 superiores
599 770 720 801 omnino
734 770 831 811 bonis,
848 770 920 810 ipsis
929 780 945 802 a

87 813 173 844 Deo
193 812 323 853 paratis,
340 817 441 854 utpote
453 813 612 846 Dominum
627 814 793 855 ipsum,qui
808 815 885 846 bona
896 816 945 847 illa

991 277 1127 316 cognitus
1133 276 1233 315 fuerit,
1242 277 1268 307 al
1282 286 1371 308 enum
1381 276 1565 317 estquemvis
1571 276 1755 317 spiritualem
1764 285 1814 316 ap-

992 321 1108 362 pellavi.
1117 321 1172 358 Qui
1183 327 1283 352 autem
1294 321 1461 362 spiritualis
1473 321 1603 352 nondum
1615 321 1813 361 estquomodo

989 370 1109 397 sanctus
1129 365 1210 397 erit?
1231 366 1281 406 qui
1301 370 1421 397 sanctus
1432 366 1565 397 nondum
1579 369 1625 397 est
1634 366 1742 402 factus,
1760 374 1814 405 per

988 420 1123 451 quamam
1139 411 1196 441 alia
1212 419 1314 451 opera,
1339 410 1532 451 actionesque
1559 410 1662 442 beatus
1684 409 1814 441 evadet?

986 454 1144 486 Beatitudo
1157 455 1238 486 Deus
1250 455 1399 496 est,cujus
1414 455 1464 496 qui
1478 465 1536 486 non
1548 460 1591 487 est
1601 454 1810 496 particeps,vel

987 500 1085 540 potius
1098 509 1187 541 quem
1205 500 1256 541 qui
1273 504 1364 531 totum
1385 500 1416 531 in
1437 509 1469 531 se
1487 510 1546 531 non
1559 500 1657 535 habet,
1674 509 1731 540 quo
1743 503 1811 530 tan-

986 544 1055 575 dem
1075 545 1162 576 modo
1179 545 1304 576 beatus?
1320 545 1411 584 nullo,
1423 550 1455 576 ut
1468 545 1538 576 mihi
1549 545 1670 586 quidem
1683 545 1808 576 videtur.

986 589 1036 620 Sol
1052 589 1117 620 sine
1132 590 1209 628 luce,
1224 599 1294 620 num
1311 590 1426 621 dicetur
1441 590 1485 621 sol
1497 593 1511 621 ?
1526 594 1556 620 et
1580 590 1668 620 homo
1684 588 1809 629 Spiritus

986 634 1081 664 sancti
1095 643 1212 674 expers,
1231 644 1300 667 num
1324 638 1443 665 sanctus
1458 634 1597 665 dicatur?
1613 634 1719 665 Eslote
1733 642 1809 664 san—

986 681 1039 716 cli,
1053 678 1093 709 ait
1103 678 1412 720 Dominus,quoniam
1422 688 1474 718 ego
1488 683 1610 710 sanctus
1619 677 1809 714 sum50.Qui-

986 722 1040 753 bus
1058 722 1157 755 verbis
1171 724 1393 764 nosjexplorate
1416 724 1550 764 cognitos
1572 727 1745 763 peccatores
1771 722 1808 753 ad

985 767 1180 799 imitationem
1197 778 1250 809 per
1266 778 1357 808 opera
1372 768 1543 801 misericors
1559 768 1610 799 ille
1621 768 1806 805 cohortatur;

985 822 1020 843 ac
1035 813 1060 843 si
1076 812 1188 844 diceret
1206 823 1214 844 :
1230 813 1370 844 Desistite
1394 822 1411 844 a
1435 812 1524 843 rebus
1550 812 1707 853 improbis,
1725 816 1754 842 et
1769 811 1806 842 ad

88 857 296 897 praeparavit
311 867 364 898 pro
380 858 551 889 luereditate
567 859 756 899 possidentes
770 861 942 891 evaserunt?
954 862 971 886 Β
982 866 1102 888 omnem
1114 858 1290 898 probitatem
1301 857 1474 895 incumbite,
1486 867 1575 888 omne
1584 866 1678 897 genus
1690 856 1807 889 virtutis

89 901 201 932 Tales
220 907 321 933 autem
335 912 386 933 eos
403 904 542 941 evasisse,
559 907 587 934 et
601 913 694 944 usque
710 914 789 936 nunc
803 906 939 944 evadere,

94 955 170 977 non
190 946 264 977 dico
277 952 341 986 post
357 953 483 979 mortem
495 948 602 986 solum,
615 949 666 979 sed
682 949 778 981 adhuc
793 952 939 990 supersti-

93 995 166 1028 tes,
177 995 245 1021 tota
253 991 394 1023 divinitus
404 993 547 1033 inspirata
556 994 709 1034 Scriptura
719 995 815 1033 docet,
825 1005 871 1026 om
877 1006 942 1027 nes~

98 1045 170 1076 que
183 1036 338 1076 pervitam
348 1043 378 1068 et
391 1046 489 1068 mores
498 1047 567 1069 suos
580 1038 764 1070 sanctitatem
776 1041 937 1079 consecuti,

101 1080 325 1112 testimonium
340 1082 449 1113 ferunt.
460 1083 551 1113 Porro
566 1087 735 1114 sanctorum
752 1084 814 1115 laus
830 1085 937 1123 omnis,

96 1130 131 1154 et
148 1124 314 1156 beatitudo
329 1126 376 1157 his
391 1126 506 1157 duobus
518 1131 642 1164 constat,
660 1129 822 1159 orthodoxa
833 1130 903 1167 ﬁde,
911 1135 940 1161 et

97 1168 258 1200 laudabili
270 1170 338 1202 vita.
351 1170 423 1202 ltem
439 1171 517 1202 dono
533 1172 627 1203 sancti
643 1172 937 1213 Spiritus,etcharis-

101 1217 228 1245 matum
245 1216 323 1256 ejus,
340 1215 456 1246 duobus
469 1216 548 1247 enim
565 1216 612 1247 his
621 1217 677 1248 hoc
688 1218 806 1248 tertium
820 1219 942 1259 copula-

104 1262 170 1288 tur.
189 1259 270 1290 Nam
285 1269 352 1290 cum
368 1260 434 1301 quis
446 1260 534 1291 vitam
552 1261 639 1300 bene,
656 1265 685 1292 et
699 1271 766 1293 cum
782 1263 942 1295 amoreDei

106 1302 262 1340 traduxit,
280 1313 347 1335 cum
361 1313 451 1335 sensu
467 1304 646 1344 orthodoxo,
657 1310 686 1337 et
700 1307 792 1345 gratia
803 1307 938 1349 donatus,

109 1350 205 1387 atque
216 1357 234 1378 a
246 1348 308 1379 Deo
323 1358 375 1389 per
387 1349 482 1379 sancti
492 1349 618 1390 Spiritus
634 1350 746 1382 donum
762 1348 941 1391 gloriﬁcatus

111 1395 171 1429 est,
190 1392 349 1423 comitatur
364 1393 447 1424 illum
462 1393 536 1432 laus,
554 1402 583 1425 et
597 1394 634 1425 ab
649 1395 731 1426 omni
743 1395 875 1427 ﬁdelium
886 1398 941 1429 Ec-

109 1435 216 1482 clesia,
234 1437 279 1482 ab
288 1437 485 1479 omnibusque
500 1439 649 1478 magistris
664 1440 729 1480 ejus
744 1440 848 1472 beatus
863 1451 937 1482 prai-

112 1480 245 1526 dicatur.
261 1481 334 1513 Fide
345 1487 455 1521 autem,
465 1487 494 1514 et
505 1483 646 1524 operibus
661 1483 790 1525 perfecte
803 1480 939 1526 non—sup-

984 911 1036 942 pro
1047 901 1159 933 viribus
1170 903 1277 934 vestris
1289 902 1513 943 consectemini,
1526 907 1553 934 et
1563 908 1705 942 quantum
1719 905 1805 941 pote-

981 946 1045 984 stis,
1054 946 1148 977 sancti
1158 947 1284 987 evadite,
1293 947 1318 977 si
1329 947 1415 978 modo
1429 948 1669 978 communionem
1687 955 1803 977 mecum

982 991 1094 1022 habere
1116 992 1303 1024 desideratis.
1320 993 1380 1032 Ego
1407 994 1486 1024 enim
1512 998 1630 1024 sanctus
1653 1002 1729 1029 sum,
1748 992 1804 1022 hoc

982 1040 1037 1073 est,
1055 1046 1156 1077 purus,
1174 1037 1436 1074 incontaminatus,
1452 1037 1540 1078 idque
1553 1037 1731 1068 natura.Vos
1747 1046 1802 1067 au-

981 1084 1039 1111 tem
1050 1081 1080 1112 in
1090 1082 1238 1113 mandatis
1250 1082 1324 1112 meis
1337 1081 1536 1122 exsequendis
1549 1081 1584 1112 ab
1596 1081 1803 1121 inquinamen-

981 1125 1019 1156 tis
1031 1130 1219 1166 peccatorum
1230 1126 1426 1166 abstinentes,
1439 1127 1555 1167 meique
1568 1127 1727 1167 participes
1742 1134 1805 1165 gra-

981 1170 1021 1201 tia
1044 1171 1172 1211 Spiritus
1194 1171 1252 1202 mei
1276 1171 1355 1211 facti,
1380 1172 1474 1202 sancti
1494 1181 1611 1212 quoque
1628 1171 1722 1202 eritis.
1740 1170 1803 1201 Hoc

985 1215 1064 1246 enim
1076 1215 1132 1246 sibi
1148 1216 1220 1253 vult,
1234 1216 1343 1248 Eslote.
1359 1217 1433 1255 Ergo
1444 1216 1520 1247 mala
1532 1216 1673 1256 fugiendo
1687 1220 1714 1246 et
1726 1214 1804 1245 bona

984 1260 1134 1299 operando
1149 1260 1182 1291 ﬁt
1197 1265 1316 1291 sanctus
1331 1261 1420 1291 homo
1435 1271 1441 1291 :
1460 1270 1519 1291 non
1535 1260 1618 1301 quasi
1630 1259 1751 1291 omnino
1768 1268 1804 1290 ex

983 1304 1124 1344 operibus
1134 1305 1337 1337 sanctiﬁcatur
1346 1305 1429 1346 (Non
1449 1308 1528 1337 enim
1530 1304 1749 1346 justiﬁcabitur
1764 1312 1804 1335 ea;

983 1349 1123 1389 operibus
1137 1349 1210 1389 legis
1232 1351 1330 1381 omnis
1348 1353 1453 1381 anima
1466 1352 1520 1388 51),
1537 1350 1588 1381 sed
1609 1352 1678 1390 quia
1699 1352 1802 1380 sancto

981 1393 1043 1424 Deo
1059 1404 1111 1434 per
1126 1394 1296 1434 hujusmodi
1318 1395 1467 1425 actionum
1484 1394 1751 1435 frequentationem
1768 1402 1800 1424 se

980 1439 1127 1479 adjungit,
1145 1448 1272 1479 eumque
1287 1439 1342 1470 sibi
1358 1439 1509 1471 conciliat.
1524 1439 1585 1471 Hoc
1602 1448 1688 1480 porro
1709 1438 1799 1468 etiam

979 1485 1015 1514 ad
1031 1493 1094 1521 eos,
1111 1483 1161 1524 qui
1173 1485 1236 1524 jam
1252 1483 1389 1524 :Spiritus
1412 1484 1534 1523 gratiam
1559 1486 1751 1524 acceperunt,
1770 1486 1799 1513 et

110 1524 425 1565 positis,adorandum
439 1537 474 1558 ac
485 1528 616 1559 divinum
624 1524 768 1570 scriptum
784 1524 933 1572 advenire,
946 1543 965 1568 ρ
980 1529 1080 1569 magis,
1092 1529 1211 1569 quidem
1227 1528 1385 1560 Dominum
1402 1529 1503 1560 dicere
1518 1528 1635 1569 Opinor.
1653 1527 1708 1565 Qui
1721 1536 1799 1568 pra)-

108 1573 141 1614 et
177 1571 289 1601 donum
315 1572 378 1612 ejus
406 1574 541 1613 accipere
569 1583 746 1614 quemquam
776 1571 932 1608 hominum

107 1613 296 1655 impossibile
312 1620 371 1657 est;
388 1618 464 1648 sicut
479 1618 566 1649 etiam
583 1613 700 1649 sanctus
714 1619 843 1651 Jacobus
864 1621 905 1653 ait
923 1632 929 1652 :

112 1659 195 1704 Quid
207 1661 345 1700 proderit
356 1662 466 1701 fratres
482 1664 553 1703 mei,
578 1664 606 1694 si
620 1664 784 1703 quisidii-al
798 1665 886 1704 [idem
899 1675 932 1697 se

108 1703 330 1746 habere,opera
346 1711 447 1737 autem
462 1707 532 1746 fidei
547 1716 609 1738 non
623 1707 754 1739 habeat?
769 1718 842 1740 num
854 1710 931 1749 ﬁdes

111 1756 182 1779 eum
198 1750 316 1781 salvure
325 1754 419 1791 potest
433 1753 446 1782 ?
458 1751 614 1789 Quomodo
638 1753 717 1783 enim
741 1762 851 1793 corpus
865 1756 931 1786 sine

109 1793 221 1832 spiritu
231 1798 383 1826 mortuum
395 1799 447 1833 esi,
456 1799 499 1827 sic
507 1797 581 1836 fides
587 1798 653 1828 sine
662 1798 932 1838 operibus,mortua

111 1838 197 1885 est‘i
210 1838 250 1885 _Et
260 1839 367 1871 iterum
384 1849 390 1871 :
408 1840 445 1872 Si
455 1842 554 1880 frater
568 1846 620 1874 aut
636 1843 730 1873 Soror
744 1845 820 1875 nudi
831 1847 933 1885 sint,ct
949 1857 958 1864 -

111 1883 290 1928 quotidiana
298 1885 377 1915 victu
388 1889 510 1924 egeant,
526 1886 607 1917 dicat
622 1891 724 1917 autem
739 1887 850 1928 aliquis
864 1883 932 1921 ves-

111 1930 194 1958 trum
202 1927 272 1968 illis,
281 1928 325 1960 Ite
336 1929 369 1959 in
376 1938 459 1969 pace,
471 1931 686 1969 calefacimini,
694 1935 721 1962 et
734 1927 931 1971 saturamii'i,

108 1980 171 2003 non
179 1973 293 2004 dederit
304 1977 404 2005 autem
412 1975 453 2005 eis
468 1984 534 2015 quw
543 1977 714 2007 necessaria
723 1981 793 2007 sunl
801 1980 929 2019 corpori,

109 2017 183 2057 quid
189 2018 338 2056 proderit?
344 2019 388 2050 sie
396 2022 421 2050 et
428 2019 511 2058 ﬁdes,
520 2020 580 2051 nisi
586 2029 674 2060 opera
681 2021 800 2058 habeat,
808 2017 931 2054 mortua

110 2065 196 2093 estin
205 2064 363 2103 semetipsa
371 2064 413 2092 45.
423 2064 492 2095 Hazc
505 2069 533 2095 et
544 2065 675 2096 Joannes
687 2067 851 2105 apostolus:
870 2067 929 2099 Fi-

112 2105 188 2143 lioli,
196 2116 253 2138 non
263 2107 432 2146 diligamus
442 2109 543 2146 verbo,
553 2119 648 2150 neque
658 2111 776 2151 lingua,
783 2112 836 2142 sed
843 2121 930 2152 apere

974 1578 1074 1617 cipere
1089 1576 1215 1613 videtur,
1241 1585 1301 1606 non
1326 1576 1479 1607 ﬁdendum
1491 1575 1582 1613 dono,
1596 1579 1626 1607 et
1636 1585 1689 1616 per
1712 1574 1800 1606 desi-

973 1623 1053 1654 diam
1070 1620 1106 1652 ad
1115 1621 1183 1651 vitia
1190 1624 1217 1651 et
1226 1624 1346 1661 peccata
1356 1620 1554 1661 redeundum,
1565 1627 1595 1651 et
1606 1620 1799 1661 quodammo-

973 1667 1010 1697 do
1018 1665 1063 1697 his
1072 1665 1111 1695 uti
1120 1664 1227 1695 verbis.
1237 1666 1352 1696 Heustu
1361 1664 1535 1705 spiritualis,
1542 1674 1578 1696 ne
1588 1669 1615 1696 te
1624 1664 1682 1695 otio
1692 1663 1796 1700 dedas,

972 1710 1022 1751 qui
1036 1710 1158 1750 gratiam
1174 1709 1425 1750 sanctiSpiritus,
1438 1714 1466 1741 et
1485 1719 1538 1750 per
1548 1710 1630 1740 illam
1644 1718 1691 1740 me
1707 1717 1795 1739 acce-

974 1755 1053 1797 pisti.
1080 1753 1178 1786 Otium
1202 1755 1282 1785 enim
1311 1759 1433 1795 generat
1459 1755 1633 1796 nequitiam,
1664 1752 1796 1794 nequitia

974 1810 1063 1831 omne
1092 1808 1185 1839 genus
1210 1800 1345 1830 vitiorum
1374 1805 1522 1841 procreat.
1540 1799 1686 1831 Mandatis
1709 1798 1798 1838 igitur

975 1844 1108 1885 quotidie
1133 1844 1287 1875 servandis
1307 1848 1427 1875 sanctus
1442 1849 1515 1880 esto,
1533 1844 1682 1884 siquidem
1700 1852 1747 1873 mc
1764 1842 1795 1872 in

975 1893 1015 1926 te,
1035 1893 1064 1919 et
1081 1893 1191 1925 tecum,
1209 1890 1283 1927 etjle
1298 1889 1329 1919 in
1345 1899 1402 1926 me,
1418 1893 1447 1920 et
1463 1898 1579 1920 mecum
1596 1898 1662 1919 esse
1677 1886 1796 1918 vis.Ni-

973 1933 1013 1964 liil
1030 1935 1110 1964 enim
1124 1936 1199 1964 adeo
1215 1943 1249 1964 ex
1265 1933 1403 1964 omnibus
1419 1933 1592 1964 inconstans
1608 1936 1637 1963 et
1654 1930 1798 1962 mutabile

973 1982 1028 2015 est,
1046 1982 1077 2008 ut
1100 1987 1184 2008 mens
1208 1979 1348 2016 humana,
1377 1982 1438 2009 tum
1463 1978 1592 2018 denique
1616 1976 1797 2012 consistens,

972 2031 1038 2053 cum
1055 2022 1142 2053 ﬂuxis
1157 2026 1187 2052 et
1202 2023 1321 2062 creatis,
1339 2029 1368 2054 et
1383 2032 1449 2063 quae
1465 2026 1630 2053 cernuntur
1655 2020 1800 2051 omnibus

971 2067 1102 2107 rejectis,
1120 2067 1258 2098 tenebras
1270 2068 1378 2108 quibus
1393 2066 1642 2098 circumfunditur
1659 2069 1800 2105 pertran-

972 2111 1056 2143 sierit

113 2154 144 2181 et
153 2152 365 2184 veritale45.Et
377 2161 386 2183 .'
397 2153 435 2184 In
446 2153 500 2185 hoc
511 2149 722 2193 cognoscimus,
733 2149 878 2195 quoniam
889 2165 927 2188 ea;
938 2149 960 2174 D
1008 2155 1153 2192 Quoniam
1166 2165 1234 2186 vero
1247 2156 1308 2187 haec
1321 2155 1361 2186 ita
1376 2165 1408 2187 se
1420 2155 1546 2193 habent,
1560 2158 1587 2186 et
1602 2163 1687 2184 mens
1696 2162 1746 2184 res
1753 2154 1805 2181 est

115 2195 236 2226 veritate
250 2201 399 2237 sumus,el
420 2198 453 2229 in
473 2203 631 2238 conspectu
651 2200 715 2239 ejus
734 2201 927 2233 suadebimus

116 2240 205 2270 corda
212 2245 318 2277 nostra,
325 2243 468 2282 quoniam
479 2244 506 2274 si
511 2244 613 2283 rrprch
618 2254 651 2274 θη
656 2245 735 2275 deri!
745 2254 798 2275 nos
806 2254 857 2276 ear
865 2256 926 2277 nos-

117 2287 208 2321 trum,
219 2287 311 2324 major
321 2290 363 2318 est
375 2287 449 2318 heus
459 2288 546 2318 corde
555 2293 670 2324 nostro,
682 2291 799 2320 e/nat'il
811 2294 923 2323 omnia.

117 2326 152 2375 Si
165 2330 295 2375 cnimpor
306 2334 443 2363 nostrum
456 2341 517 2363 non
535 2334 763 2372 reprehenderit
773 2345 837 2371 nos,
845 2337 925 2375 fidu—

120 2372 194 2419 ciam
206 2372 339 2419 liabemus
354 2377 392 2407 ad
411 2377 516 2417 Deum,
533 2381 560 2408 cl
575 2378 725 2417 quidquid
742 2372 926 2419 petierimus,

122 2417 296 2456 accipiemus.
307 2421 449 2460 quoniam
460 2423 611 2453 mandata
628 2425 693 2462 eius
707 2417 890 2456 (iisIbi/imus
903 2417 927 2458 cl

169 2465 566 2511 mmplacitacoram
574 2475 610 2498 eo
618 2468 749 2507 facimus
760 2470 800 2498 47.
809 2472 839 2500 lit
850 2482 855 2502 :
865 2471 928 2501 ΙΙιπσ

310 2510 645 2549 minus
660 2515 694 2548 in
713 2515 841 2546 nomine
858 2515 928 2545 Filii

349 2465 749 2507 lacitacorameafacimus
760 2470 928 2502 47.Ιῖι;ΙῘιπσ

310 2514 312 2516 ’
370 2515 373 2517 “
409 2515 412 2517 ⁷
430 2510 434 2512 ’
452 2517 472 2533 “-
513 2519 645 2549 τηεν
660 2515 694 2548 in
713 2515 841 2546 nomine
858 2515 928 2545 Filii

86 2587 94 2590 _
563 2555 566 2557 ’
588 2560 678 2602 ’χες
759 2559 923 2594 ἰιεάε.1ἰῑ.

818 2608 822 2612 ”
837 2613 882 2634 us
896 2608 927 2635 in

883 2664 930 2680 πει
970 2664 1000 2700 lit

73 2729 74 2732 η
902 2703 927 2732 s,
972 2698 1000 2724 tu

604 2814 638 2851 μ
926 2804 1000 2839 ΙΙ)ίὰ

355 2868 447 2901 Α
644 2791 794 2996 ὃ
917 2847 996 2882 .t.

968 2209 1088 2241 semper
1105 2201 1236 2236 mobilis,
1251 2210 1403 2241 nunquam
1421 2201 1501 2240 potis
1511 2199 1712 2240 requiescere,
1729 2203 1802 2226 eam

969 2245 1138 2285 sallicitam,
1158 2246 1383 2285 divinarumque
1409 2246 1509 2285 legum
1540 2243 1807 2288 studiosauiuﬁe

969 2296 1096 2328 oportet,
1116 2301 1181 2320 cum
1199 2290 1309 2329 alioqui
1324 2290 1381 2320 vita
1396 2291 1499 2321 omnis
1514 2291 1639 2321 human
1654 2286 1810 2315 s-Illit‘itu-

969 2335 1070 2365 diuum
1089 2340 1115 2365 et
1128 2345 1264 2365 curarum
1284 2335 1373 2374 plena
1389 2335 1439 2371 sit,
1460 2341 1488 2366 et
1505 2345 1538 2366 ex
1553 2343 1584 2364 re
1605 2331 1685 2361 nullJ
1701 2333 1812 2359 :»:»:\~':'.

970 2380 1098 2419 quietem
1127 2389 1243 2419 capere.
1273 2389 1447 2419 quanquam
1467 2381 1496 2410 id
1521 2378 1600 2410 inulti
1616 2383 1701 2411 5W“
1720 2381 1786 2419 ‘7‘?

969 2434 1036 2454 suas
1057 2425 1287 2464 fucultatwtque
1314 2425 1539 2456 contenderunt
1567 2423 1637 2457 Qum
1656 2428 1687 2447 λι)
1712 2428 1754 2445 11'-
1779 2426 1811 2444 ἓν

970 2479 1004 2499 ea
1016 2469 1189 2499 con'lillonc
1207 2470 1348 2499 COIltlllllS
1361 2478 1407 2499 est
1420 2470 1520 2500 homo.
1538 2471 1568 2499 0t
1584 2474 1658 2494 em“-
1675 2472 1755 2491 ἐπιίῐι
1776 2470 1816 2489 ‘9‘-

970 2514 1119 2544 custodire
1138 2514 1310 2553 paradisum
1324 2514 1429 2553 jussus
1445 2521 1490 2544 est
1512 2514 1647 2545 A'lumtts.
1682 2518 1696 2527 --
1734 2515 1815 2535 min

969 2560 1003 2589 ad
1021 2561 1209 2591 honestatem
1235 2570 1406 2593 movemur.
1434 2567 1537 2591 natum
1571 2563 1719 2586 ιι·ι’·”ιλιλ·ιῐ“
1764 2555 1820 2587 LL:

970 2604 1080 2644 itaque,
1092 2605 1150 2635 otio
1161 2609 1189 2635 et
1202 2604 1320 2634 inertia:
1332 2605 1456 2642 seipsos
1465 2611 1661 2636 ηηιιιιλεςηιῖκ-
1684 2609 1734 2628 ι’ῖλκ
1746 2611 1750 2614 ‘
1804 2614 1826 2619 ε

970 2658 1027 2687 que
1042 2649 1160 2681 fuerint.
1178 2648 1290 2686 aiiuqui
1310 2650 1409 2678 sancti
1427 2657 1455 2678 et
1473 2655 1657 2687 gat-iuncus.
1683 2654 1699 2670 τι
1726 2647 1795 2672 ;_‘:-.
1809 2660 1823 2663 —

972 2695 1065 2724 tiones
1079 2698 1188 2723 natura!
1199 2701 1307 2731 pzu‘um
1320 2702 1510 2725 consent,“
1526 2709 1550 2726 ί)
1563 2711 1587 2721 χ
1699 2699 1720 2715 ν.
1748 2699 1806 2717 4:;

1751 2380 1815 2400 ῗδέἓ

1716 2713 1720 2715 .
1748 2710 1797 2717 η...
