1983 3072
173 158 228 192 411

824 163 1015 198 SYMEONIS
1033 161 1209 199 JUNIORIS

1802 169 1863 203 412

171 223 209 278 με
220 225 300 256 enim
311 225 378 257 fons
393 236 558 267 perennem
571 238 678 269 aquam
691 231 870 268 scaturiens,
883 232 909 262 si
921 241 996 273 pau-
1006 241 1030 260 Α
1041 230 1206 274 denterque
1231 244 1363 277 oremus,
1381 237 1424 267 uti
1449 247 1571 278 prorsus
1581 246 1598 270 a
1614 237 1700 269 nobis
1719 247 1756 269 ne
1768 247 1860 278 sepa-

172 268 234 316 l-um
262 271 438 310 constiterit,
470 268 647 315 exsiccatos,
673 284 729 306 nec
754 275 817 316 jam
839 268 996 315 fons,.sed

173 313 256 345 fovea
280 315 376 354 potius
401 319 447 347 est
473 325 480 348 ε
506 317 548 348 ita
571 318 622 358 qui
640 313 801 351 mandatis
829 313 997 352 {actitandis

171 367 291 405 semper
308 369 341 390 se
357 366 473 401 purgat,
491 367 521 393 et
538 372 572 393 ex
588 362 649 394 Deo
676 369 819 405 purgatus
835 375 869 397 ac
884 366 996 398 sancti-

170 403 273 434 ﬁcatus
289 409 344 442 est,
370 405 396 437 si
423 406 459 438 ab
486 403 813 449 exsecutionepaulum
829 411 994 448 deﬂexerit,

171 457 223 488 pro
241 449 380 489 portione
396 452 484 482 etiam
500 462 516 483 a
534 453 690 485 sanctitate
703 454 846 486 deﬂectit.
860 455 915 492 Qui
926 465 995 487 vero

170 501 237 523 cum
251 504 309 525 uno
325 496 452 535 quodam
467 502 587 537 peccato
604 499 702 530 sciens
719 499 806 530 simul
823 500 993 539 abducitur,

170 540 250 586 totus
263 548 279 569 e
292 540 419 579 puritate
434 542 545 573 excidit
560 553 567 580 ;
584 542 661 575 sicut
673 547 701 575 et
712 553 760 575 vas
776 554 861 585 aqua:
873 546 992 586 plenum

171 582 288 614 modico
304 593 389 616 emno
405 589 498 616 totum
513 586 700 627 inquinatur.
727 590 789 620 Nec
805 582 908 620 solum
922 600 992 630 pec-

169 630 375 675 catum_,_quod
392 640 445 670 per
460 640 568 671 corpus
583 632 760 669 admittitur.
777 634 830 665 sed
847 635 904 665 alia
915 645 992 675 quo-

170 679 229 718 que
243 672 324 711 vitia,
342 684 406 713 quae
418 674 497 706 intra
512 685 566 706 nos
580 685 632 716 per
645 687 699 708 nos
715 672 993 718 perpetrantur,nec

170 714 320 761 videntur,
347 719 493 760 intelligo,
521 714 624 752 vam-im
654 714 792 761 gloriam,
823 714 993 755 hominibus

171 759 310 809 placendi
333 759 691 809 studium,rsuperbiam,
722 767 848 809 fastum,
875 769 994 809 jactan-

171 803 256 846 tiam,
284 803 473 847 hypocrisin,
499 803 633 841 amorem
664 803 848 849 dominandi,
875 803 992 850 dolum,

172 850 396 897 malignitatem,
421 853 535 892 odium,
565 855 733 895 perﬁdiam,
758 857 913 897 invidiam,
932 859 1023 896 ela-B

173 893 295 934 tionem,
309 897 418 935 zelum,
440 898 485 929 sui
501 893 759 940 com—placentium,
787 893 918 933 amorem
935 903 991 940 sui,

171 940 414 987 contentionem,
440 943 655 983 insipientiam,
683 950 712 976 et
734 946 865 987 reliquas
890 957 994 979 omnes

172 984 326 1032 passiones
350 986 532 1026 ignominiae,
559 999 624 1029 quae
647 989 678 1020 in
704 984 990 1032 anima—operantur,

170 1036 187 1074 ἓ
209 1028 316 1068 quibus
331 1035 360 1061 et
376 1032 518 1072 propheta
544 1028 633 1064 David
658 1034 779 1066 liberari
804 1028 991 1074 desiderans,

168 1071 261 1103 Deum
278 1075 400 1114 rogabat
420 1071 451 1106 in
465 1077 545 1108 hunc
563 1078 683 1109 modum
698 1089 704 1110 :
721 1080 768 1111 Ab
783 1081 906 1112 occultis
919 1071 993 1113 meis

169 1119 286 1149 munda
301 1129 360 1157 me,
374 1124 401 1152 et
413 1121 451 1152 ab
466 1123 577 1154 alienis
591 1131 686 1163 parce
704 1133 790 1156 servo
813 1128 872 1156 tuo.
890 1126 924 1158 Si
934 1127 994 1157 mei

170 1170 232 1193 non
260 1163 509 1204 dominabuntur,
536 1171 605 1198 tunc
635 1169 851 1201 immucutatus
875 1179 936 1206 ero,
963 1174 994 1201 et

169 1207 364 1240 mundabora
372 1210 476 1241 dilecto
491 1212 628 1243 maximo
638 1213 678 1244 59.
690 1213 726 1243 Et
739 1223 746 1243 :
759 1214 823 1245 Fiat
835 1223 886 1245 cor
896 1223 991 1246 meum

170 1253 401 1285 immaculatum
409 1258 441 1285 in
450 1256 721 1296 iustiﬁcationibus
731 1259 800 1296 tuis,
814 1262 843 1290 et
857 1268 993 1290 noncon-

168 1297 289 1342 f_undar
306 1300 348 1330 53.
371 1299 405 1330 Et
427 1309 543 1331 rursum
559 1309 565 1332 :
583 1302 642 1332 Cor
652 1303 799 1334 mundum
810 1312 879 1334 crea
890 1304 989 1342 inme,

167 1340 291 1379 Deus,et
299 1345 441 1384 spiritum
452 1349 570 1376 rectum
582 1347 695 1377 innova
706 1348 738 1377 in
749 1340 993 1380 visceribusmeis

166 1386 257 1418 54.Ει;
272 1389 391 1428 Spiritu
400 1389 563 1429 principali
573 1391 721 1430 conﬁrma
733 1401 779 1422 me
788 1392 904 1428 55.Quaa
912 1393 991 1423 enim

168 1431 291 1471 utilitas,
303 1434 419 1472 fratres,
430 1434 564 1465 laborum
576 1436 820 1477 corporalium,si
832 1438 992 1478 opusinte-

1038 280 1132 324 retur,
1148 287 1222 309 neve
1239 280 1316 312 sinat
1331 291 1385 312 nos
1399 281 1480 313 abire
1495 291 1512 313 a
1527 282 1585 323 via,
1597 283 1648 324 qui
1663 285 1708 314 est
1718 282 1861 323 ipsemet,

1038 321 1089 361 qui
1104 322 1194 354 dixit:
1207 324 1273 364 Ego
1284 334 1351 357 sum
1362 321 1647 365 via,resurrectiovet
1656 321 1862 358 vitaBOJIunc

1038 374 1108 412 ergo
1129 369 1330 411 exquiramus,
1348 371 1427 402 hunc
1444 373 1607 411 praevenire
1627 371 1810 412 Studeamus,
1828 377 1862 402 ut

1038 410 1127 441 etiam
1144 412 1226 444 illum
1244 418 1407 446 teneamus.
1431 410 1514 452 Quod
1538 416 1563 447 si
1582 418 1688 448 factum
1711 410 1811 457 fuerit,
1829 421 1862 448 et

1037 455 1073 485 ad
1089 457 1154 496 ejus
1178 459 1346 499 exemplum
1368 461 1454 491 vitam
1479 464 1610 492 nostram
1628 455 1859 501 instituerimus,

1038 509 1097 530 non
1121 501 1216 533 solum
1241 513 1310 535 cum
1333 505 1402 536 hinc
1429 505 1682 545 emigraverimus,
1700 505 1753 536 sed
1776 515 1857 536 nunc

1036 545 1124 576 etiam
1151 546 1182 577 in
1207 548 1314 579 malum
1339 559 1405 581 cum
1433 550 1497 590 ipso
1521 549 1729 590 ascendemus,
1746 554 1776 580 et
1795 559 1859 581 una

1034 598 1223 623 assumantur
1240 602 1246 625 :
1265 594 1325 626 imo
1337 595 1435 635 potius
1450 595 1514 635 ipse
1525 605 1578 625 nos
1589 604 1689 626 secum
1706 594 1857 632 sustollet,

1035 638 1064 664 et
1086 635 1278 680 gloriﬁcabit,
1311 643 1341 670 et
1366 639 1488 671 donabit
1511 639 1649 670 felicitate
1677 639 1861 680 sempiterna

1035 679 1157 724 perfrui.

1327 730 1466 762 ORATIO
1498 730 1574 762 XXI.

1346 786 1555 809 ARGEMENTUM.

1042 819 1219 864 Videndum,
1236 824 1342 863 ecquid
1363 825 1548 862 beatudines,
1571 825 1609 855 de
1623 823 1730 864 quibus
1745 823 1860 855 locutus

1074 865 1118 892 est
1129 862 1281 901 Crhistus;
1293 865 1325 895 in
1336 866 1423 896 nobis
1435 865 1598 896 habeamus
1611 862 1687 900 {eas
1702 865 1785 895 enim
1794 873 1860 895 esse

1075 901 1221 945 indicium
1237 905 1399 944 signaculi,
1415 910 1442 936 et
1460 905 1662 945 proprietates
1676 904 1860 935 characteris

1075 942 1150 984 ejus.
1180 943 1238 980 Qui
1254 942 1340 984 signa
1362 942 1478 977 Christi
1498 942 1638 983 signatus
1656 953 1716 975 non
1736 948 1792 981 est,
1805 953 1859 975 nec

1073 982 1291 1025 characterem
1301 985 1386 1016 illius
1407 989 1440 1016 in
1460 994 1492 1016 se
1511 982 1580 1024 fert,
1596 985 1676 1016 hunc
1689 986 1722 1015 in
1732 993 1859 1025 regnum

1075 1022 1217 1054 calorum
1235 1025 1367 1056 introire
1383 1022 1559 1066 neutiquam
1572 1033 1668 1065 posse.

1076 1074 1250 1117 Quicunque
1271 1078 1354 1118 signo
1379 1079 1498 1110 Domini
1521 1088 1555 1109 ac
1571 1077 1636 1115 Dei,
1655 1081 1683 1109 et
1695 1077 1857 1109 Salvatoris

1034 1119 1128 1149 nostri
1142 1120 1211 1151 Jesu
1226 1121 1345 1160 Christi,
1363 1123 1470 1163 signati
1485 1132 1544 1154 non
1561 1132 1674 1159 sumus,
1700 1131 1857 1153 curramus

1035 1168 1066 1194 ut
1080 1164 1242 1203 signemur.
1260 1166 1435 1208 Quicunque
1446 1167 1578 1207 insigniti
1591 1176 1650 1197 non
1661 1176 1775 1205 sumus,
1786 1170 1858 1197 nota

1034 1208 1154 1248 spiritus
1175 1210 1311 1249 insigniri
1327 1221 1532 1252 properemus.
1552 1213 1629 1242 Mors
1645 1211 1724 1242 enim
1741 1211 1771 1241 in
1787 1211 1856 1242 ani-

1035 1262 1097 1282 mas
1114 1255 1330 1293 primitivoruin
1356 1257 1383 1282 61
1411 1267 1464 1297 per
1486 1256 1659 1296 sanguinem
1686 1255 1808 1296 Christi,
1827 1261 1858 1286 et

1033 1297 1157 1335 gratiam
1174 1300 1351 1331 sanctissimi
1368 1302 1496 1341 Spiritus
1512 1311 1570 1332 non
1587 1300 1758 1331 dominatur
1774 1309 1781 1332 :
1800 1309 1857 1330 nec

1034 1341 1121 1380 lupus
1151 1343 1200 1382 qui
1226 1349 1324 1376 mente
1351 1346 1525 1386 percipitur.
1557 1345 1686 1384 sigillum
1714 1345 1858 1385 principis

1034 1391 1183 1425 pastorem
1199 1388 1320 1426 Christi,
1338 1400 1396 1430 quo
1418 1400 1487 1421 oves
1511 1395 1579 1421 suas
1594 1390 1711 1429 signare
1726 1398 1858 1420 consue-

1034 1430 1084 1466 vit,
1102 1437 1204 1462 contra
1227 1434 1335 1465 intueri
1361 1435 1460 1466 audet.
1488 1435 1600 1475 Itaque,
1614 1435 1720 1465 fratres
1736 1433 1853 1472 ﬁdeles,

170 1476 235 1506 rius
248 1483 441 1518 postponatur
451 1479 466 1509 ‘?
481 1482 526 1510 An
539 1489 598 1510 non
609 1473 747 1512 audimus
758 1473 879 1512 Paulum
892 1482 991 1513 dicen-

1042 1473 1259 1517 livinarumque
1281 1488 1380 1510 rerum
1397 1480 1509 1520 cupidi,
1527 1473 1715 1516 festinemus,
1733 1482 1856 1518 agemes

169 1524 228 1553 tem
238 1531 245 1553 ε
256 1523 430 1562 Corporalis
438 1525 613 1556 exercitatio
620 1526 659 1556 (ill
668 1526 820 1557 modicum
829 1527 942 1572 utilitis
949 1531 992 1558 est
1002 1537 1021 1562 c
1034 1523 1062 1569 9⁸
1078 1520 1234 1552 monentes
1247 1525 1348 1572 9mm?
1363 1534 1427 1572 (ωδε
1444 1525 1561 1572 Christ?
1573 1527 1640 1554 sunt
1651 1523 1768 1572 Ριελοξῑδν
1777 1527 1809 1554 Ut
1818 1522 1855 1553 ab

166 1566 263 1605 pietas
282 1572 384 1599 autem
404 1569 444 1600 ad
454 1569 557 1600 omnia
568 1569 648 1600 56.Et
660 1579 795 1602 rursum:
812 1571 991 1603 Mundemus

1047 1574 1098 1603 p50
1109 1575 1226 1605 quoque
1238 1568 1355 1607 signati,
1369 1570 1406 1600 de
1415 1574 1520 1600 caetero
1533 1568 1599 1600 sine
1612 1572 1692 1598 metu
1702 1567 1832 1598 vivamus
1847 1577 1854 1598 :

166 1616 283 1642 nosmet
292 1613 370 1652 ipsos
379 1614 416 1644 ab
427 1615 512 1644 omni
521 1614 753 1653 inquinamento
760 1616 897 1646 carniset
905 1616 993 1655 spiri-

170 1658 218 1686 tus
224 1656 380 1687 57.Eadem
388 1661 416 1688 et
427 1662 546 1688 sanctus
553 1658 657 1688 Petrus
668 1658 774 1689 clamat
784 1659 811 1690 in
820 1659 883 1690 haec
891 1659 989 1690 verba:

169 1699 321 1733 Sac-cincti
342 1703 456 1734 tumbas
479 1706 587 1735 mentis
604 1707 718 1740 vestrm,
740 1704 836 1735 sobrii
849 1705 991 1744 perfecte,

168 1749 289 1784 sperate
296 1747 327 1777 in
336 1756 416 1784 eam,
428 1757 495 1787 quae
505 1748 636 1787 offertur
647 1749 728 1779 vobis
738 1750 885 1788 gratiam,
899 1750 929 1779 in
940 1757 990 1780 re-

169 1789 347 1822 uelationem
355 1793 427 1823 Jesu
437 1792 562 1830 Christi,
571 1796 658 1832 quasi
668 1793 727 1832 ﬁlii
736 1793 922 1830 obedientite,
933 1802 992 1825 non

169 1835 351 1875 conﬁgurati
359 1837 701 1877 prioribusiguorantite
710 1842 818 1869 ves/rte
824 1838 988 1871 desideriis.

169 1879 224 1910 sed
242 1881 406 1912 secundum
420 1890 499 1921 eum,
512 1882 565 1921 qui
585 1882 701 1912 vocavit
723 1891 784 1918 vos,
798 1886 947 1922 sanctum,
964 1885 994 1914 et

169 1923 228 1962 ipsi
234 1924 268 1954 in
279 1928 363 1956 omni
371 1929 597 1957 conversatione
606 1926 787 1964 sanctisitis,
797 1929 823 1956 et
832 1927 993 1958 Dominum

169 1967 271 1999 Jesum
280 1970 466 2010 sanctiﬁcata
477 1971 509 2001 in
521 1970 661 2001 cordibus
673 1970 911 2002 vestristcirco
918 1972 990 2002 scri-

167 2015 255 2052 ptum
267 2018 309 2044 est
321 2025 330 2044 :
343 2014 454 2046 Sancti
460 2018 552 2046 estote
562 2018 772 2055 quoniamjego
782 2020 990 2046 sanctusmm.

169 2057 221 2090 Et.
235 2061 263 2089 si
270 2063 388 2098 patrem
409 2060 558 2091 invocatis
575 2068 654 2096 eum,
671 2061 725 2100 qui
735 2060 804 2091 sine
820 2061 993 2100 acceptione

166 2110 372 2142 personarum
400 2105 524 2144 judicat
556 2105 723 2136 secundum
758 2105 993 2145 uniuscujusque

1034 1608 1104 1649 quin
1122 1610 1221 1648 etiam,
1239 1618 1270 1643 ut
1286 1613 1323 1643 de
1340 1624 1428 1644 manu
1445 1615 1510 1654 ejus
1525 1612 1761 1643 misericordiam
1772 1611 1855 1642 acci-

1033 1653 1159 1693 piamus,
1173 1660 1202 1686 et
1213 1656 1294 1696 digni
1309 1653 1482 1696 habeamur,
1495 1658 1546 1699 qui
1561 1656 1733 1697 mysterium
1746 1655 1856 1688 Christi

1033 1708 1256 1738 cognoscamus.
1278 1702 1483 1742 Cognitionem
1508 1706 1606 1733 autem
1630 1701 1775 1739 intelligo,
1794 1710 1855 1731 non

1033 1753 1098 1783 quae
1121 1745 1210 1776 verbo
1235 1746 1375 1778 duntaxat
1403 1753 1432 1779 et
1458 1748 1608 1778 auditione
1632 1745 1780 1776 traditur:
1799 1745 1856 1775 sed

1033 1797 1099 1828 qua:
1113 1788 1143 1819 in
1157 1789 1220 1829 ipso
1236 1800 1326 1831 opere
1353 1797 1382 1823 et
1403 1794 1523 1824 actione
1546 1792 1654 1823 elucet.
1672 1789 1749 1820 Audi
1764 1789 1856 1828 igitur

1033 1834 1282 1874 quemadmodum
1316 1838 1443 1877 cognitio
1481 1836 1689 1877 mysteriorum
1717 1833 1771 1864 Dei
1802 1843 1858 1874 per

1034 1887 1119 1919 opus,
1137 1883 1164 1909 et
1180 1879 1325 1911 actionem
1341 1882 1371 1912 in
1389 1882 1473 1912 nobis
1489 1880 1693 1922 perspiciatur.
1720 1878 1856 1910 Christus

1035 1924 1114 1955 Deus
1130 1929 1230 1955 noster
1240 1927 1482 1965 perevangelium
1499 1935 1583 1957 suum
1599 1923 1732 1965 quotidie
1746 1927 1854 1962 aperte

1034 1969 1154 2001 clamat:
1170 1969 1257 2001 Beati
1265 1980 1416 2010 pauperes
1424 1973 1546 2011 spiritu,
1560 1971 1706 2011 quoniam
1717 1969 1854 2008 ipsorum

1034 2018 1077 2044 est
1089 2023 1216 2054 regnum
1228 2015 1373 2046 caelorum
1380 2016 1418 2048 ϐε,
1433 2016 1494 2047 Hoc
1504 2015 1620 2056 quoties
1630 2013 1769 2045 audimus
1779 2021 1851 2042 con-

1034 2058 1177 2096 siderare,
1193 2063 1221 2089 et
1237 2069 1289 2090 nos
1301 2059 1380 2099 ipsos
1396 2061 1553 2099 diligenter
1574 2062 1732 2090 executere
1755 2056 1851 2087 debe-

1035 2112 1112 2143 mus,
1130 2113 1199 2133 num
1219 2113 1323 2134 revera
1348 2114 1492 2145 pauperes
1513 2103 1682 2135 istiusmodi
1698 2101 1802 2138 simus,
1823 2104 1858 2131 ut

168 2149 294 2188 opus,in
309 2150 418 2180 timore
429 2150 577 2181 iaculatus
587 2150 680 2180 vestri
693 2155 824 2190 tempore
835 2158 993 2197 convcrsa-~
1003 2190 1023 2197 “
1034 2147 1123 2197 etiam
1141 2153 1280 2197 nostrum
1291 2148 1328 2178 sit
1342 2159 1465 2197 regnum
1481 2149 1622 2197 caelorum
1638 2159 1645 2186 ς
1662 2146 1735 2197 adeo
1753 2149 1783 2176 ut
1798 2154 1855 2195 nos

169 2193 248 2223 mini
263 2203 273 2223 :
288 2195 416 2225 scientes
431 2194 511 2234 quod
524 2203 583 2225 non
594 2194 846 2234 corruptibitibus
857 2190 1064 2231 auro,relDid
1097 2193 1336 2240 ιυιομρφξείδθτθ
1358 2194 1460 2240 ‘fmim",
1482 2193 1646 2240 ξίῗηιίῗωωδ
1670 2192 1772 2240 itaque.
1790 2190 1856 2230 ejus

170 2241 299 2276 argento
318 2239 470 2279 redempti
479 2242 551 2270 estis
565 2239 604 2270 de
620 2248 699 2270 vana
714 2243 816 2270 vestra
828 2247 992 2270 conuersa-
1036 2244 1139 2267 tenere
1154 2237 1281 2286 divitias,
1300 2238 1659 2286 utcitrauduhitationem
1684 2237 1797 2286 [ωε-ιιι
1819 2244 1855 2284 eo
1881 2277 1889 2285 '

167 2282 249 2313 tione
268 2286 406 2322 paterna:
427 2284 615 2320 traditionis,
628 2284 680 2314 sed
700 2284 831 2323 pretioso
842 2285 993 2322 sanguine
1035 2289 1100 2311 eSSe
1126 2283 1324 2321 experiamur,
1356 2287 1384 2313 et
1409 2283 1489 2313 illius
1518 2281 1603 2313 bonis
1627 2285 1714 2321 atque
1740 2279 1856 2309 deliciis

168 2329 338 2368 quasiagni
349 2328 537 2360 irnmaculati
549 2328 661 2360 Christi
672 2328 956 2368 58.0ptemusigitur
963 2332 992 2360 et

169 2381 224 2402 nos
234 2376 294 2402 toto
305 2373 415 2411 animo,
425 2377 453 2404 et
465 2373 522 2404 ﬁxa
535 2373 572 2404 sit
583 2373 743 2414 sententia,
757 2382 814 2403 non
828 2373 993 2413 decipi,aut

169 2415 207 2446 ab
223 2416 322 2456 aliqua
333 2418 476 2458 corporis,
486 2418 628 2449 animaave
645 2417 992 2458 perturbationeinesca.

169 2460 206 2499 ri,
219 2465 248 2492 et
260 2461 384 2502 alligari,
401 2472 439 2493 ne
459 2472 513 2503 per
531 2472 619 2493 unam
635 2472 687 2493 seu
710 2472 839 2502 parvam,
860 2471 911 2493 seu
927 2471 991 2493 ma-

169 2515 256 2545 gnam
264 2507 395 2539 mandati
408 2507 673 2547 transgressionem
685 2507 765 2538 viain
775 2507 883 2538 coelum
894 2507 992 2537 feren-

169 2555 198 2581 te
214 2551 395 2584 excidamus.
411 2551 467 2583 Sed
483 2562 550 2582 cum
570 2552 831 2587 ambulaverunus.
845 2561 900 2582 nec
912 2555 990 2582 retro

167 2595 399 2636 respexerimus,
410 2597 546 2628 festinem
552 2606 586 2627 us
594 2597 819 2628 antecedentem
828 2606 881 2626 nos
888 2596 990 2628 Jesum

171 2641 346 2682 pravenire,
366 2642 493 2682 factique
505 2643 568 2682 ejus
579 2646 741 2682 compotes,
753 2646 821 2672 ante
837 2650 905 2672 eum
919 2649 990 2681 pro-

170 2685 316 2728 cidamus,
336 2691 364 2718 et
379 2696 480 2718 coram
499 2685 925 2727 ejusibonitateploremus59,
941 2695 990 2716 ar-

204 2793 234 2820 59
260 2793 339 2826 Psal.
368 2802 451 2830 xvm,
484 2793 534 2829 13.
565 2793 609 2826 14.
651 2794 684 2820 55
711 2792 789 2824 Psal.
818 2801 923 2828 cxvut,
951 2792 1001 2824 80.

165 2834 197 2863 57
225 2833 252 2865 ΙΙ
281 2835 348 2866 Cor.
379 2835 410 2866 7.
442 2836 470 2864 1.

165 2859 199 2906 82
211 2859 362 2917 tiiuiif'i,
379 2859 410 2907 si
445 2859 484 2900 ὅτι
499 2859 572 2908 Luc:
586 2859 664 2913 ίνῖιῖ
673 2859 726 2906 '21'.

515 2833 572 2865 581
600 2834 681 2865 Petr.
712 2842 733 2874 ι,
764 2833 872 2864 13-19.
915 2832 947 2858 59
974 2831 1053 2864 Psal.
1082 2838 1159 2868 xcw,
1189 2830 1219 2861 6.

1034 2325 1228 2357 oblectamur.
1242 2326 1322 2357 Intra
1335 2336 1389 2359 nos
1400 2328 1480 2358 enim
1496 2326 1567 2358 illud
1583 2334 1661 2362 esse,
1674 2325 1738 2365 ipse
1757 2323 1856 2353 Domi-

1034 2379 1090 2399 nus
1112 2370 1311 2410 pronuntiavit
1325 2371 1367 2401 63.
1381 2372 1563 2411 Argumenta
1584 2379 1682 2410 porro,
1700 2367 1809 2408 quibus
1824 2367 1854 2398 id

1033 2414 1111 2445 intra
1137 2424 1192 2446 nos
1216 2424 1281 2446 esse
1305 2416 1539 2453 demonstretur,
1563 2415 1625 2446 haec
1650 2420 1719 2444 sunt
1745 2423 1752 2442 :
1774 2411 1854 2442 Nihil

1034 2468 1139 2490 eorum
1154 2469 1219 2499 qua:
1234 2460 1326 2491 oculis
1342 2461 1540 2501 subjiciuntur
1550 2463 1580 2490 et
1595 2461 1733 2506 pereunt,
1745 2465 1853 2506 concu-

1034 2504 1168 2544 piscere;
1184 2513 1243 2541 res,
1262 2504 1383 2545 inquam
1400 2509 1429 2536 et
1444 2505 1663 2536 oblectamenta
1676 2502 1763 2542 hujus
1774 2502 1851 2536 vitai,

1034 2558 1091 2579 non
1109 2557 1192 2588 opes,
1210 2558 1267 2579 non
1283 2549 1418 2589 gloriam,
1437 2559 1496 2580 non
1516 2548 1652 2584 delicias,
1678 2556 1736 2577 non
1760 2545 1851 2576 ullam

1033 2593 1162 2633 denique
1177 2593 1265 2624 aliam
1283 2595 1347 2625 vitae
1360 2594 1524 2634 praesentis,
1542 2597 1592 2624 aut
1606 2591 1738 2632 corporis
1749 2590 1854 2630 volup-

1035 2642 1123 2669 tatem
1143 2647 1149 2669 :
1168 2638 1220 2669 sed
1236 2638 1276 2669 ita
1302 2649 1334 2670 se
1361 2639 1408 2670 his
1433 2639 1572 2669 omnibus
1589 2638 1750 2675 abstinere,
1769 2639 1798 2666 et
1811 2635 1855 2666 sic

1030 2683 1155 2725 judicio,
1173 2693 1208 2714 ac
1223 2683 1370 2715 voluntate
1384 2684 1422 2715 ab
1438 2684 1497 2714 illis
1513 2683 1686 2720 abhorrere,
1704 2686 1736 2712 ut
1751 2684 1852 2721 potes-

1578 2787 1611 2813 56
1634 2786 1647 2818 Ι
1673 2785 1750 2818 Tim.
1769 2793 1807 2822 tv,
1820 2784 1852 2817 8.

1044 2789 1169 2823 mrsu.
1195 2797 1224 2827 L,
1244 2788 1292 2820 42.
1334 2791 1366 2816 55
1394 2789 1455 2820 Ibid
1487 2789 1536 2819 ιιι.

1565 2828 1593 2854 ot
1617 2827 1710 2860 Hebr.
1731 2834 1783 2857 xu.
1800 2826 1851 2858 23.

1261 2829 1294 2855 ϐο
1322 2831 1407 2862 Joan.
1423 2838 1456 2869 ιι,
1472 2829 1523 2861 95.
