1983 3072
144 131 181 163 44
190 130 210 162 3
895 131 968 164 ORA

1015 131 1038 162 Ο
1059 131 1141 162 ΧΧῙ.
1780 129 1837 162 414

141 201 207 228 tate
220 200 249 228 et
264 197 382 228 honore
394 198 475 238 regio
491 197 703 238 prrecellentes
717 198 753 229 ab
770 198 814 228 his
823 197 876 238 qui
891 197 972 237 lupa-
982 200 1003 225 Α
1013 196 1176 236 spiritualis
1187 197 1480 238 notitia,ibiquoque
1492 197 1590 228 luctus
1603 195 1712 236 gaudio
1722 196 1839 227 mistus.

145 242 234 273 naria
251 242 375 279 obeunt,
392 242 576 274 abhorrent:
595 247 624 274 et
638 247 780 284 quantum
798 242 847 283 qui
864 251 936 283 pura
947 247 977 272 et
1017 240 1060 272 Ibi
1076 242 1146 273 item
1159 242 1271 282 jugiter
1284 246 1439 274 manantes
1458 242 1607 283 lacrymaz,
1624 250 1688 282 quae
1710 241 1839 272 animam

147 285 262 316 munda
276 286 450 317 vestimenta
463 287 567 324 induti,
583 291 612 318 et
641 287 882 318 suaveolentibus
918 295 976 316 un-

147 330 274 370 guentis
289 331 389 370 perliti
405 335 483 369 sunt,
495 332 724 370 graveolentiam
740 341 774 362 ac
790 332 884 362 lutum
896 339 976 362 aver-

146 379 264 405 santur.
283 375 339 412 Qui
356 376 434 406 enim
451 376 487 407 ad
505 386 595 407 unum
618 376 737 415 aliquod
755 376 974 407 nominatorum

146 429 218 451 sese
235 421 392 458 convertit,
404 430 529 460 regnum
544 421 615 452 illud
628 422 769 452 caelorum
783 430 880 461 neque
892 421 973 459 vidit,

146 473 249 505 neque
264 464 377 501 Olfecit,
394 475 490 503 neque
502 465 723 505 jucunditatem
741 470 769 496 et
783 465 974 496 dulcedinem

145 509 216 549 ejus
230 509 406 549 degustavit.
423 510 538 541 Deinde
555 520 562 540 :
586 521 596 538 α
612 511 698 541 Beati
710 512 763 550 qui
777 511 891 550 lugent,
903 519 975 550 quo-

146 555 237 585 niam
255 555 315 594 ipsi
330 554 616 586 consolabuntur“.
632 567 645 583 ι)
659 555 820 586 Videamus
835 554 976 585 nuncite-

146 607 230 636 rum,
250 603 279 629 et
294 598 324 629 in
341 603 458 629 nosmet
472 599 672 640 inquiramus,
689 609 758 630 num
774 600 890 630 huncce
910 599 975 629 luc-

148 646 213 673 tum
231 643 261 674 in
278 643 366 675 nobis
381 644 556 681 habeamus,
572 649 602 676 et
616 655 750 685 quamam
764 644 801 675 sit
811 645 866 675 ista
874 653 977 675 conso-

146 687 236 726 latio,
254 699 319 729 quze
341 689 438 720 luctus
464 690 553 729 hujus
576 699 677 720 comes
699 690 818 721 dicitur.
845 689 976 720 Primum

149 732 275 772 quidem
292 743 441 773 pauperes
456 734 561 774 spiritu
578 734 679 765 beatos
694 734 860 770 afﬁrmavit,
877 735 978 773 utpote

146 785 276 817 quorum
287 778 324 808 sit
340 787 463 817 regnum
483 778 639 809 caelorum.
657 778 803 818 Pauperes
818 782 928 813 autem,
946 782 978 809 ut

1018 286 1094 317 hanc
1116 291 1264 318 amantem
1281 291 1416 328 purgent,
1432 296 1465 317 ac
1481 295 1602 327 prorsus
1625 286 1838 317 lucidissimam

1018 331 1155 363 reddant.
1170 333 1226 364 Per
1239 333 1300 363 haec
1316 332 1404 371 igitur
1414 332 1513 362 anima
1527 340 1645 362 sursum
1659 330 1837 371 respiciens,

1019 381 1048 407 et
1069 376 1226 408 Dominum
1252 386 1338 407 suum
1365 385 1551 417 cognoscens
1571 375 1701 416 reliquas
1715 375 1840 406 virtutes

1018 421 1152 452 studiose
1168 421 1342 462 progignere
1357 421 1425 455 sibi.
1445 426 1473 452 et
1490 421 1606 452 Christo
1630 419 1756 451 orditur.
1777 421 1840 451 Nec

1018 466 1179 496 immerito.
1208 466 1328 505 lrrigata
1351 465 1430 497 enim
1453 467 1651 502 continenter,
1667 469 1696 496 et
1711 464 1837 504 pingue-

1017 519 1104 541 scens
1119 510 1268 551 lacrymis,
1286 515 1315 541 et
1327 510 1442 541 iramin
1453 519 1486 541 se
1503 510 1620 550 penitus
1635 509 1837 547 exstinguens,

1018 555 1098 586 mitis
1115 559 1234 596 totaque
1248 555 1283 586 ad
1300 555 1489 586 irascendum
1513 554 1676 585 immobilis
1698 553 1836 584 eIIicitur.

1017 600 1208 641 Concupiscit
1222 605 1321 632 autem
1341 604 1370 630 et
1394 600 1516 640 appetit,
1534 599 1669 630 esuriens
1691 597 1792 635 simul,
1809 600 1840 627 et

1017 645 1123 675 sitiens
1147 645 1263 676 discere
1285 644 1512 684 justiﬁcationes
1527 643 1591 674 Dei.
1615 642 1647 674 In
1664 642 1708 673 his
1725 651 1793 673 vero
1809 645 1839 672 et

1018 689 1203 727 misericors,
1217 693 1246 720 et
1261 689 1367 720 alienis
1382 688 1580 719 incommodis
1596 687 1701 718 dolens
1714 687 1746 717 ﬁt
1759 696 1766 716 :
1781 695 1839 726 quo

1019 743 1054 764 ex
1071 734 1116 764 his
1131 734 1270 765 omnibus
1285 734 1383 764 cordis
1400 734 1466 774 ejus
1482 733 1592 773 puritas
1615 731 1797 772 perﬁciatur,
1810 734 1839 760 et

1018 778 1082 819 ipsa
1097 779 1190 810 Deum
1200 779 1308 815 videat,
1322 779 1447 818 ejusque
1458 777 1580 817 gloriam
1597 775 1761 807 secundum
1774 784 1839 815 pro-

145 821 316 859 docuimus,
338 822 420 853 hisce
433 823 628 862 praesentibus
641 823 727 863 plane
739 832 796 855 non
807 823 974 863 capiuntur,
987 843 1006 868 Β
1019 824 1192 856 missionem
1219 824 1297 855 clare
1321 823 1481 854 intueatur.
1498 822 1565 868 Qui
1575 820 1700 868 huncin
1716 821 1837 868 modum

149 875 250 906 neque
267 867 398 897 animum
409 868 450 897 ita
460 876 526 897 cum
543 867 579 898 iis
593 868 741 908 copulant,
755 872 841 908 atque
853 868 976 907 conjun'
987 864 1005 868 ”
1016 870 1130 900 animas
1145 879 1213 900 suas
1221 872 1440 909 compararunt,
1454 866 1568 908 paciﬁci
1581 869 1649 897 sunt
1660 865 1689 896 in
1702 864 1835 909 veritate,

149 915 235 950 gunt,
259 915 290 942 ut
309 911 354 942 vel
378 912 495 942 modica
510 911 709 943 delectatione
724 912 893 943 deliniatur.
910 911 968 948 Quc

1016 919 1045 945 et
1058 914 1112 945 ﬁlii
1125 914 1269 945 Altissimi
1287 908 1489 949 nominantur,
1507 911 1557 952 qui
1579 915 1609 942 et
1630 919 1703 951 pure
1717 908 1835 939 Patrem

145 955 240 995 igitur
250 959 344 996 pacto,
360 962 386 987 et
400 966 486 997 quam
499 956 536 987 ob
549 966 669 987 causam
685 957 808 997 lugebit,
821 957 870 997 qui
881 961 972 987 totum

150 1001 295 1032 mundum
313 1001 475 1032 detestatus
490 1006 545 1038 est,
564 1005 593 1032 et
609 1003 697 1033 corde
713 1006 770 1032 tam
789 1001 874 1041 longe
890 1001 926 1032 ab
938 1011 972 1031 eo

147 1044 244 1082 abest,
262 1055 350 1086 quam
367 1056 492 1086 corpore
507 1046 552 1076 illi
568 1046 810 1087 appropinquat?
825 1047 875 1087 qui
891 1046 972 1077 nullo

147 1099 249 1120 rerum
280 1091 507 1131 aspectabilium
533 1101 635 1122 amore
665 1095 794 1129 tenetur,
823 1091 971 1131 quid,est,

146 1134 287 1172 obsecro,
306 1145 360 1166 cur
372 1145 405 1167 se
420 1135 558 1176 tristitim,
575 1136 716 1167 laetitireve
731 1136 845 1167 dedat?
859 1135 894 1166 Et
902 1145 972 1176 quo-

147 1180 237 1210 modo
254 1180 376 1220 lugebit,
393 1180 566 1220 solatiisque
582 1181 771 1216 mulcebitur,
784 1180 833 1220 qui
845 1189 968 1219 regnum

148 1225 293 1256 cmlorum
309 1225 409 1265 habet,
427 1224 496 1256 etin
512 1234 547 1256 eo
563 1225 677 1256 laetatur
693 1225 836 1256 assidue?

188 1269 343 1301 Attendite
360 1274 485 1307 mentes,
503 1279 586 1310 rogo,
603 1270 639 1300 iis
655 1279 720 1310 qum
735 1269 843 1307 dicam,
854 1272 882 1300 et
892 1278 970 1309 quae-

149 1315 197 1346 siti
211 1315 355 1346 rationem
373 1325 440 1346 cum
456 1316 520 1355 ejus
536 1316 683 1347 solutione
694 1315 857 1356 accipietis.
874 1314 968 1346 Homo

148 1360 257 1397 ﬁdelis,
285 1360 336 1400 qui
362 1361 399 1391 ad
423 1360 559 1391 mandata
574 1360 627 1391 Dei
642 1360 844 1390 exhaurienda
865 1359 968 1390 sedulo

148 1414 270 1445 semper
284 1404 442 1445 incumbit,
457 1414 523 1435 cum
541 1405 641 1436 omnia
651 1405 823 1441 servarit,et
835 1404 870 1435 ad
884 1403 968 1434 fasti-

147 1450 226 1488 gium
243 1449 361 1487 horum,
380 1449 409 1481 id
426 1453 480 1487 est,
499 1449 534 1480 ad
548 1449 727 1490 inculpatum
742 1449 878 1490 vitam,et
890 1448 969 1489 puri-

1015 958 1235 998 Dorninumque
1256 967 1342 988 suum
1367 961 1540 997 agnoscunt,
1562 959 1590 986 et
1605 964 1639 985 ex
1657 957 1717 984 tota
1737 952 1837 984 anima

1015 1003 1098 1033 illum
1124 1003 1272 1042 diligunt;
1297 1002 1431 1043 quamvis
1455 1001 1587 1032 laborem
1610 998 1838 1043 videlicet»:_et

1014 1048 1148 1088 quamvis
1162 1041 1352 1078 al‘ﬁictionem
1370 1047 1433 1087 ejus
1448 1054 1537 1076 causa
1553 1041 1836 1088 sustinentes,inju-

1013 1085 1066 1122 riis
1080 1091 1186 1130 vexati,
1203 1085 1392 1122 contumeliis
1406 1089 1538 1131 appetiti,
1557 1085 1714 1127 augustiati
1726 1085 1836 1131 objus-

1014 1141 1075 1167 tum
1088 1137 1154 1177 ejus
1171 1136 1354 1173 mandatum,
1381 1129 1461 1176 quod
1486 1139 1514 1165 et
1540 1133 1626 1164 nobis
1651 1129 1834 1162 servandum

1011 1181 1164 1222 praecepit,
1176 1181 1430 1221 exprobrationes,
1441 1180 1675 1220 persecutiones,
1699 1179 1727 1206 et
1747 1182 1835 1205 omne

1011 1226 1132 1257 verbum
1160 1226 1268 1256 malum
1292 1226 1364 1256 falso
1391 1229 1493 1256 contra
1518 1233 1548 1254 Se
1572 1223 1697 1258 dictum,
1714 1223 1835 1260 propter

1011 1281 1122 1302 nomen
1148 1272 1211 1312 ejus
1235 1271 1396 1302 toleranter
1419 1270 1606 1306 sufferentes,
1637 1265 1833 1303 exsultantes,

1011 1316 1150 1356 quoniam
1166 1311 1257 1355 digni
1279 1320 1347 1346 sunt
1370 1315 1473 1352 habiti,
1497 1314 1548 1355 qui
1576 1322 1628 1354 pro
1649 1311 1714 1351 ejus
1729 1316 1834 1356 amore

1010 1352 1174 1400 ignominia
1188 1352 1224 1391 ab
1238 1360 1411 1392 hominibus
1426 1352 1617 1390 afﬁcerentur
1630 1357 1673 1388 67.
1686 1352 1832 1400 Animad-

1010 1397 1149 1441 vertistis,
1165 1405 1282 1439 fratres.
1300 1404 1443 1444 signaculi
1458 1403 1568 1435 Christi
1581 1408 1754 1442 expressam
1766 1397 1831 1446 efﬁ-

1009 1451 1086 1490 giem
1097 1451 1112 1481 ?
1130 1449 1296 1490 Agnovistis
1306 1450 1422 1486 ﬁdeles,
1436 1449 1631 1490 proprietates
1645 1446 1830 1490 characteris

147 1486 236 1525 tatem
264 1495 415 1533 ingressus
439 1494 538 1532 fuerit,
557 1486 640 1525 tunc'
651 1493 769 1525 modulo
785 1486 840 1525 suo
854 1486 967 1524 se'me-
978 1509 998 1534 ο
1010 1486 1104 1535 Ejus?
1120 1486 1217 1527 Uiium
1233 1495 1364 1535 profecto
1378 1486 1560 1534 signaculum
1577 1489 1752 1535 illuminatio
1764 1486 1832 1527 Spi-

147 1539 235 1577 tiens,
260 1539 443 1570 imbecillum
469 1539 610 1576 inveniet,
628 1539 738 1580 quique
753 1539 789 1569 ad
805 1539 968 1570 celsitatem
1012 1534 1086 1571 ritus
1109 1544 1165 1580 est,
1189 1534 1266 1571 etsi
1292 1539 1391 1570 multae
1415 1543 1483 1570 sunt
1507 1540 1608 1569 forma)
1623 1534 1831 1583 operatio-Ill.m

149 1584 230 1614 illam
247 1584 452 1615 mandatorun.
470 1576 645 1624 pertingere
654 1576 712 1614 no-n
732 1583 825 1624 possit
843 1594 850 1614 :
874 1584 924 1614 sed
944 1588 973 1614 et
1012 1576 1239 1616 illuminationis
1254 1585 1352 1624 hujus,
1367 1585 1516 1624 multaque
1528 1576 1665 1614 virtutum
1678 1576 1831 1621 ejusindi-

149 1637 310 1669 pauperem
327 1623 485 1668 imprimis,
503 1623 782 1668 siveindlgnum’ad
801 1628 969 1668 suscipien-
1014 1630 1070 1670 cia,
1096 1639 1220 1670 quornm
1247 1623 1384 1670 primum,
1402 1634 1431 1659 et
1446 1623 1540 1670 magis
1567 1623 1834 1671 necessarium,_fi

148 1666 218 1704 dum
227 1666 377 1709 Deum,ad
389 1673 497 1712 gratias
512 1677 542 1704 et
554 1666 656 1704 laudes
669 1673 765 1703 eidem
780 1666 966 1710 tribueudas,
1014 1666 1154 1713 tanquam
1172 1666 1348 1714 principium
1364 1666 1398 1704 ac
1413 1666 1636 1704 fundamentum
1652 1674 1696 1701 est
1711 1666 1832 1714 humili-

147 1718 244 1758 utqui
260 1711 411 1757 nunquam
429 1717 594 1758 proprium,
611 1726 646 1748 ac
660 1726 747 1748 suum
771 1716 892 1756 aliquod
914 1717 968 1748 bo-
1010 1711 1831 1759 tam-Adquiemenimrespiciam,inquit,nisisuperlttt:

151 1754 222 1793 num
248 1754 512 1803 possederitiHaéc
532 1754 592 1802 qui
607 1766 727 1802 propter
742 1771 774 1792 se
789 1754 854 1792 cum
878 1761 969 1792 animi
1010 1763 1113 1795 mitem
1125 1754 1525 1803 etquietum,ettiementem
1533 1754 1684 1794 sermones
1693 1754 1833 1803 meost”?

148 1816 239 1838 sensu
249 1801 383 1847 reputat,
400 1807 521 1837 omnino
537 1801 651 1847 lugebit
673 1806 753 1837 luctu
776 1815 844 1837 vere
861 1806 972 1838 beatis-
1052 1808 1135 1840 Alter
1150 1801 1245 1839 luctus
1269 1813 1312 1839 est
1337 1809 1531 1850 lacrymarum
1553 1808 1629 1842 fons,
1656 1805 1693 1836 de
1723 1801 1831 1844 quibus

150 1851 237 1890 simo,
265 1851 315 1892 qui
341 1858 369 1883 et
395 1851 599 1882 consolatione
618 1852 764 1890 promissa
790 1851 913 1888 levatur,
945 1856 974 1882 et
1015 1861 1082 1885 cum
1103 1854 1224 1893 copiose
1238 1853 1327 1885 velim
1344 1854 1493 1885 disserere
1503 1852 1602 1884 verbis
1621 1851 1657 1882 ad
1674 1857 1762 1880 sensa
1777 1856 1830 1876 ex-

148 1895 277 1927 animam
294 1896 395 1927 mitem
413 1896 504 1927 efﬁcit
524 1905 530 1928 :
545 1900 590 1926 est
606 1896 752 1936 siquidem
770 1896 876 1936 pignus
888 1895 972 1935 regni

149 1941 292 1972 ccelorum
310 1950 347 1972 ex
362 1941 442 1972 luctu
456 1945 687 1981 progeneratum
704 1941 871 1972 solatiunm
881 1941 971 1971 Fides

148 1995 287 2026 namque,
303 1986 469 2018 secundum
480 1986 667 2026 Apostolum,
675 1990 718 2017 est
730 1994 837 2016 rerum
848 1994 972 2025 speran-

1015 1899 1152 1939 plicanda
1167 1899 1321 1930 destituor.
1340 1901 1398 1931 Res
1410 1900 1495 1936 mira,
1513 1902 1541 1930 et
1555 1907 1642 1938 quam
1656 1896 1756 1934 lingua
1771 1901 1834 1923 non

1014 1949 1110 1985 potest
1132 1944 1225 1975 etfari.
1247 1946 1302 1975 Per
1319 1945 1421 1976 oculos
1443 1945 1536 1975 ﬂuere
1554 1942 1735 1978 sentiuntur,
1752 1942 1782 1969 et
1798 1946 1833 1967 ex

1013 1989 1112 2020 anima
1121 1999 1239 2020 cmnum
1250 1995 1438 2030 peccatorum
1447 1990 1547 2020 eluere
1559 1987 1765 2026 intelliguntur
1783 1993 1790 2011 ι
1804 1985 1834 2012 et

147 2040 215 2061 rum
225 2030 398 2062 substantia
408 2030 450 2061 65.
469 2030 636 2062 Consolatio
652 2040 752 2071 porro,
767 2040 854 2070 quam
869 2030 897 2060 in
909 2030 968 2061 ani.
1009 2034 1040 2065 in
1057 2040 1164 2065 terram
1181 2035 1334 2071 cadentes,
1351 2035 1501 2066 daemones
1525 2037 1624 2070 urunt,
1647 2041 1681 2062 ac
1697 2032 1831 2071 proster-

150 2076 206 2107 mis
221 2076 389 2115 lugentibus
405 2076 558 2107 illustratio
571 2070 691 2116 spiritus
700 2076 848 2112 conciliat,
859 2076 998 2119 adven-n
1010 2083 1095 2116 nunt,
1111 2079 1300 2119 animamque
1316 2070 1332 2110 e
1348 2080 1471 2110 vinculis
1484 2078 1596 2119 peccati
1612 2070 1834 2119 inaspectabili-

149 2124 195 2151 tus
211 2112 266 2152 Dei
278 2125 333 2158 est,
351 2121 504 2161 praemium
521 2112 693 2152 certaminis
709 2121 906 2152 humilitatem
924 2121 967 2151 eis
978 2112 999 2136 Β
1010 2123 1065 2154 bus
1081 2112 1226 2154 eximunt.
1281 2124 1415 2164 lacrymae
1439 2133 1473 2154 ex
1484 2112 1593 2154 Idiviua
1607 2112 1830 2164 illiuninatione

150 2165 273 2206 donans,
287 2175 352 2205 quae
364 2170 393 2196 et
408 2175 522 2203 semen,
540 2170 568 2196 et
583 2166 722 2197 talentum
742 2166 968 2197 vocatur.Aucta

90 2231 98 2240 .
149 2209 268 2250 quippe,
281 2213 310 2240 et
325 2210 515 2250 multiplicata
534 2210 562 2240 in
578 2210 651 2250 ipsis
665 2210 841 2241 certantium
857 2210 967 2241 anima-

150 2255 213 2290 bus,
240 2254 346 2295 partim
376 2255 573 2290 tricesimum,
604 2255 710 2295 partim
739 2255 968 2293 sexagesimum,

149 2299 251 2340 partim
272 2299 467 2336 centesimum
483 2299 545 2330 Deo
562 2300 687 2331 fructum
708 2300 762 2331 t'ert
779 2300 822 2339 66,
840 2301 968 2331 fructum

148 2348 279 2374 sanctum
296 2344 519 2380 charismatum,
537 2354 572 2375 ac
586 2344 732 2375 donorum
754 2345 891 2385 Spiritus:
909 2345 967 2377 Ubi

149 2389 226 2420 enim
239 2398 298 2419 non
312 2389 408 2419 fucate
418 2389 469 2419 sed
488 2399 554 2420 vere
567 2389 686 2420 humilis
698 2399 731 2420 ac
740 2389 887 2421 demissus
898 2391 966 2422 ani-

150 2443 222 2470 mus,
239 2433 280 2464 ibi
297 2433 384 2464 etiam
402 2433 574 2465 humilitatis
591 2434 726 2465 fundum.
749 2434 849 2473 Etjubi
866 2435 966 2466 humi—

149 2477 223 2513 litas,
241 2477 281 2508 ibi
303 2477 481 2508 illuminatio
498 2477 628 2518 spiritus.
644 2478 700 2510 Ubi
716 2479 836 2519 spiritus
852 2479 965 2511 illumi-

148 2522 237 2558 natio,
262 2521 303 2552 ibi
327 2522 563 2553 divini'luminis
591 2523 686 2562 coiiia,
711 2529 741 2554 et
764 2523 844 2554 Deus
867 2525 896 2555 in
916 2535 966 2556 sa-

150 2566 258 2607 pientia
283 2571 312 2597 et
327 2567 499 2606 cognitione
511 2568 717 2608 mysteriorum
735 2569 808 2608 ejus.
825 2569 880 2601 Ubi
897 2565 967 2601 vero

151 2611 235 2648 haec,
250 2611 292 2641 ibi
313 2621 437 2651 regnum
463 2614 618 2651 caelorum,
643 2618 672 2644 et
686 2613 769 2652 regni
785 2615 924 2654 cognitio,
942 2621 971 2646 et

149 2655 312 2687 absconditi
326 2656 455 2687 thesauri
472 2657 605 2688 scientia;
618 2658 682 2696 Dei,
708 2658 736 2689 in
759 2659 866 2699 quibus
882 2660 969 2691 etiam

151 2705 310 2741 paupertas
323 2702 448 2742 spiritus
460 2703 595 2742 patescit.
609 2703 664 2734 Ubi
676 2708 774 2734 autem
790 2706 971 2745 paupertatis

183 2798 216 2825 64
229 2799 334 2831 Matth.
354 2810 383 2838 v,
472 2799 505 2826 65
518 2801 615 2835 Hebr.
631 2809 673 2840 x1,
692 2801 720 2833 1.

763 2801 795 2827 ὃὸ
810 2802 909 2836 Matth.
927 2812 989 2842 xm,
1007 2803 1025 2836 8
1041 2812 1112 2846 seqq

1008 2168 1215 2205 scaturientes,
1234 2160 1352 2199 uelumv
1369 2167 1465 2208 ipsum
1483 2170 1662 2211 reserantes,
1685 2168 1714 2194 et
1729 2160 1833 2211 divina

1010 2213 1083 2244 mihi
1110 2213 1213 2243 solatia
1229 2213 1377 2253 parientes
1393 2223 1399 2243 :
1417 2212 1524 2242 iterum
1546 2210 1656 2251 quippe
1674 2213 1704 2253 et
1719 2210 1830 2253 saepius

1010 2258 1114 2288 eadem
1131 2267 1192 2296 pra:
1203 2251 1359 2294 suavitate,
1374 2261 1403 2287 et
1415 2255 1564 2287 desiderio
1580 2254 1657 2300 dico.
1670 2252 1726 2284 Ubi
1739 2251 1833 2300 lacryf

1012 2295 1244 2343 marumrcopia,
1263 2303 1378 2339 fratres,
1406 2311 1472 2334 cum
1501 2299 1669 2340 cognitione
1690 2306 1772 2343 vera,
1788 2295 1831 2343 ibi

1009 2346 1095 2378 etiam
1114 2341 1205 2377 divini
1221 2346 1342 2377 luminis
1358 2346 1519 2386 splendor;
1537 2343 1587 2375 ubi
1606 2342 1726 2373 luminis
1742 2341 1831 2380 hujus

1009 2391 1164 2431 splendor,
1188 2391 1227 2422 ibi
1248 2391 1324 2422 bona
1339 2391 1529 2431 suppeditant
1552 2388 1666 2424 omnia,
1684 2391 1712 2417 et
1729 2386 1830 2425 signa-

1009 2436 1107 2467 culum
1125 2440 1218 2467 sancti
1234 2435 1360 2476 Spiritus
1376 2436 1521 2476 plantatur
1536 2434 1566 2464 in
1582 2433 1685 2469 corde,
1705 2431 1786 2462 unde
1802 2433 1832 2460 et

1010 2490 1114 2511 omnes
1128 2481 1193 2512 vitm
1207 2481 1320 2512 fructus
1333 2481 1515 2512 exoriuntur.
1530 2480 1605 2510 Hinc
1620 2477 1737 2509 Christo
1754 2485 1832 2506 man-

1009 2525 1134 2556 suetudo
1148 2526 1328 2566 producitur,
1348 2535 1412 2565 pax,
1430 2525 1627 2563 t-leemosyna,
1651 2520 1832 2561 compassio,

1010 2571 1185 2610 benignitas,
1200 2570 1328 2610 bonitas,
1343 2566 1724 2607 ﬁdes,’continentia.Hinc
1734 2571 1833 2595 manat

1011 2615 1148 2646 inimicos
1171 2615 1308 2655 diligere,
1334 2619 1362 2646 et
1379 2624 1429 2655 pro
1450 2613 1508 2644 illis
1523 2622 1619 2649 crare,
1638 2611 1767 2650 gaudere
1783 2610 1831 2640 in-

1011 2660 1234 2696 tentationibus,
1262 2659 1382 2699 gloriari
1399 2660 1427 2689 in
1444 2656 1696 2693 tribulationibus,
1716 2655 1831 2685 alienos

1011 2706 1112 2746 lapsus
1128 2706 1238 2736 ducere
1258 2715 1338 2743 suos,
1354 2709 1383 2736 et
1397 2704 1507 2735 deﬂere
1525 2707 1662 2742 tanquam
1679 2700 1826 2742 proprios,

1167 2804 1198 2829 67
1220 2804 1286 2836 Act.
1303 2813 1331 2843 ν,
1349 2804 1398 2837 41.
1442 2801 1544 2833 6815a.
1561 2808 1644 2839 m1,
1661 2800 1690 2835 2.
