1983 3072
213 150 268 186 391

216 263 294 294 enim
311 267 338 292 et
354 263 444 292 sudor
458 261 492 291 ad
511 270 616 301 panem
628 261 840 301 acquirendum
858 267 1033 301 permanet;

216 307 288 338 etin
304 311 410 337 terram
427 306 464 337 de
480 316 537 345 qua
565 306 674 345 sumpti
699 315 813 345 sumus,
844 307 1031 336 revertimur.

216 352 273 383 Sed
292 351 409 381 virtutis
425 360 487 381 sum
502 355 531 380 ut
548 350 653 380 divinae
681 350 805 385 virtutis,
830 354 858 379 et
883 349 1035 389 sapientia:

215 406 274 427 sua:
286 396 433 426 utdivintc
454 395 605 434 sapientia;
630 395 788 434 participes
803 394 923 433 faciens,
941 394 989 433 qui
1006 395 1033 424 in

214 440 514 480 ejusincarnalionem
522 439 719 469 crediderunt.
727 443 846 469 eali-nus
853 439 946 477 legem
954 447 1036 468 suam

214 485 358 521 inﬁrmat;
370 484 434 523 ipse
448 484 572 523 primum
588 483 671 513 nobis
683 482 833 522 exemplar
846 483 947 517 factus,
962 482 1036 512 mul-

216 530 253 560 tis
269 528 420 559 doloribus
445 533 473 558 et
502 527 711 558 afﬂictionibus
734 536 825 566 usque
849 527 884 556 ad
911 530 1034 556 mortem

216 574 312 605 crucis
324 572 548 612 ignominiosam
563 570 1035 611 perferendis.Similiterapostoli

217 623 245 649 et
260 618 363 648 ﬁdeles
378 626 482 647 omnes
501 626 517 646 a
531 616 648 647 Christo
666 616 741 645 bene
758 615 950 647 corroborati.
968 624 1033 644 cum

216 663 324 703 gaudio
337 665 462 692 sudores
475 667 503 692 et
516 661 691 691 tentationes
700 661 856 699 sustinent,
869 664 898 689 et
908 660 935 689 in
946 660 1036 689 multa

217 707 357 747 patientia
368 706 492 736 fructum
504 706 612 736 ferunt.
631 706 755 744 Propter
771 706 825 735 hoc
840 704 909 734 item
929 709 1036 743 marty-

216 761 265 782 res
281 756 309 782 et
325 755 442 791 ascetae,
459 750 501 780 illi
518 750 635 790 quidem
657 750 751 790 pinnis
767 754 795 779 et
811 748 964 788 suppliciis
978 757 1035 778 non

218 796 318 833 eximi,
332 796 361 826 hi
381 805 447 825 vero
464 795 580 824 labores
595 794 737 824 asceticos
754 804 810 824 non
827 793 967 832 abjicere,
983 791 1035 822 sed

218 841 364 880 egregiam
390 840 446 870 sibi
469 839 653 869 tolerantiam
680 839 861 879 suppeditari
885 837 1034 877 rogabant.

221 885 405 926 propositum
422 889 572 914 certamen
585 893 637 924 per
653 883 823 923 patientiam
836 886 993 921 certantes,
1008 892 1025 912 u

220 940 272 971 pro
289 930 388 960 labore
399 938 449 959 suo
463 929 630 958 mercedem
648 928 676 958 in
693 929 786 958 t'uturo
799 927 906 957 saeculo
921 927 1036 966 recipe-

219 978 295 1005 rent.
313 974 398 1004 Unde.
413 973 490 1003 Deus
506 973 653 1012 patientiae.
669 977 697 1002 et
714 971 948 1011 longaniini'atis
959 971 1038 1002 Deus

217 1019 387 1050 nominatur
396 1019 444 1046 99.
457 1018 548 1057 Igitur
557 1028 607 1058 pro
620 1018 740 1048 cuilibet
751 1018 893 1056 angustia.
903 1022 930 1047 et
942 1017 1038 1047 omnis

218 1063 335 1095 tristitia
349 1063 517 1093 necessaria
532 1067 586 1095 est.
604 1067 760 1102 propterea
774 1062 851 1102 quod
870 1067 937 1092 ante
950 1071 1038 1092 omne

217 1112 429 1139 tentanicnlum
442 1117 529 1137 nemo
542 1107 733 1137 tentationum
751 1106 883 1136 notitiam
895 1106 1036 1146 adipisci-

218 1157 275 1184 tur.
289 1152 343 1183 Ubi
352 1156 449 1182 autem
461 1161 477 1181 ιι
490 1151 701 1181 tentatinnibus
713 1151 895 1181 irruentibus
907 1151 1036 1181 vindica-

219 1201 264 1228 tus
278 1197 380 1237 l'nerit,
397 1196 505 1226 vindici
532 1195 592 1226 sive
618 1197 689 1232 Deo,
714 1195 775 1225 sive
797 1195 909 1225 homini
931 1196 1038 1234 gratias

218 1242 285 1282 agit.
304 1242 375 1272 Cum
393 1241 490 1281 itaque
506 1241 594 1271 homo
623 1249 639 1269 a
665 1239 873 1270 tentationibus
895 1239 1037 1270 immunis

217 1287 391 1321 custoditur,
405 1286 439 1315 ad
453 1286 559 1324 guatias
584 1284 620 1315 ob
640 1285 666 1314 id
683 1284 742 1315 Deo
754 1285 881 1323 agendas
895 1285 1038 1324 segviisac

218 1332 300 1372 piger
309 1336 363 1362 est.
380 1333 486 1370 Lapsus
502 1334 598 1360 autem
612 1330 640 1358 in
661 1329 847 1368 tentationes,
863 1334 890 1359 et
904 1335 1035 1369 ereptus,

217 1378 350 1416 impense
362 1375 388 1405 ei
401 1376 508 1414 gratias
519 1374 586 1413 agit.
603 1373 678 1409 Quin
691 1374 714 1403 si
736 1374 802 1413 quis
821 1375 906 1403 etiam
919 1383 1038 1413 semper

215 1421 277 1452 Deo
292 1420 401 1460 gratias
416 1423 490 1458 agat,
509 1428 565 1448 non
582 1418 633 1453 ita,
662 1427 717 1448 nec
743 1422 896 1457 tantopere
920 1422 1037 1458 tamque

216 1465 355 1495 alacriter
367 1463 435 1503 agit,
453 1472 539 1503 quam
567 1461 776 1492 tentationibus
790 1466 818 1492 et
835 1462 1037 1492 tribulationi-

862 151 1053 184 SYMEONIS
1072 148 1247 185 JUNIORIS

215 217 501 250 terramreverteris
510 217 551 253 98,
565 226 623 247 non
640 216 680 248 ita
695 216 797 247 leviter
815 216 941 248 sustulit.
959 217 1066 247 EcceA

1843 149 1916 185 393

1361 217 1500 250 ORATIO
1521 217 1611 249 XVII.

1387 267 1595 290 AHGLTMENTL'M.

1078 304 1119 334 De
1133 314 1205 335 vero
1217 305 1372 341 monacho,
1385 310 1411 336 et
1420 307 1563 345 pccuniw,
1577 309 1631 335 aut
1646 306 1824 345 uoluptatis,
1843 307 1910 335 aut

1114 345 1376 383 gloriwcupiilum,
1389 344 1449 376 non
1458 355 1518 376 esse
1526 344 1724 376 monachum}
1738 347 1792 384 qui
1801 344 1912 375 morbi

1116 389 1148 415 ut
1164 394 1181 415 (ι
1198 386 1256 416 Dm
1267 390 1425 422 S(Ill(’nltli‘,
1443 386 1551 416 asc-clis
1566 386 1644 416 dura
1669 385 1906 425 perprrtienda.

1120 426 1180 455 Cur
1195 435 1282 456 omne
1296 435 1370 465 opus
1386 427 1495 456 bonum
1523 426 1602 456 hunc
1615 425 1720 456 Itale
1736 426 1837 464 ﬁnem,
1851 464 1856 465 γ
1869 427 1910 454 ut

1117 464 1385 504 sancti/irationem
1399 466 1516 496 Christi
1527 466 1667 502 recipiat.
1681 465 1757 495 Cum
1770 464 1913 495 inteller—

1118 509 1148 535 tu
1163 505 1299 544 psallere.
1316 507 1410 536 solius
1436 507 1488 535 Dei
1512 505 1650 543 beneflcio
1676 505 1905 536 uscribendnm.

1120 545 1182 581 Quo
1195 550 1282 584 pacto
1298 547 1378 576 inter
1392 547 1498 585 Deum,
1513 551 1540 576 et
1568 545 1704 575 homines
1729 545 1909 575 inimicitia:

1117 586 1316 616 intercedant.

1117 631 1273 662 Monaches
1288 637 1343 667 est,
1360 633 1408 672 qui
1426 632 1576 671 professus
1592 641 1688 662 coram
1717 631 1777 661 Deo
1793 635 1822 660 et
1846 639 1906 660 an-

1077 676 1160 715 gelis,
1177 686 1208 706 se
1226 677 1346 713 mundo,
1363 681 1391 707 et
1406 677 1442 706 iis
1456 686 1520 716 quae
1536 677 1563 706 in
1586 676 1696 706 mundo
1722 680 1800 710 sunt,
1819 684 1907 704 nun—

1078 721 1146 750 tiam
1164 721 1324 757 remisisse,
1353 725 1380 751 et
1405 721 1440 751 ad
1473 721 1622 752 Christum
1652 730 1684 751 se
1710 729 1906 760 nggregasse,

1077 765 1283 804 divinagratia,
1302 775 1366 805 qua!
1380 766 1478 795 animo
1495 766 1670 805 concipitur,
1703 764 1825 803 mystice
1851 763 1906 792 tli-

1079 814 1247 848 gna'usest,
1260 815 1288 840 et
1304 811 1368 849 ejus
1384 811 1483 848 gratia,-
1498 819 1616 840 sensum
1630 809 1786 849 quemdam
1808 807 1903 837 intel-

1080 853 1221 892 ligibilem
1235 855 1339 885 hausit.
1350 854 1410 884 Prae
1424 854 1485 893 ipsa
1494 854 1571 885 enim
1581 864 1694 889 omnes,
1708 863 1750 883 cat
1760 853 1804 882 nis
1817 862 1908 882 mun-

1030 886 1068 930 ιΒ
1081 898 1168 938 dique
1180 898 1335 928 illecebras
1351 886 1522 935 detesiatus,
1536 908 1588 938 per
1603 900 1735 928 eamdem
1755 901 1904 931 mortuus,

1080 946 1107 972 et
1123 943 1158 972 ad
1176 953 1280 973 omnes
1292 943 1354 972 illas
1368 943 1518 981 inhabilis,
1536 948 1564 973 et
1580 943 1696 982 ineptus
1708 942 1764 971 ellit
1775 942 1842 971 itur.
1858 941 1904 970 Ac

1081 992 1148 1017 tunc
1165 997 1230 1017 cum
1247 997 1362 1017 summo
1372 988 1489 1027 gaudio,
1506 985 1850 1026 fert’cnliqttcdesiderio
1865 986 1902 1015 ad

1079 1031 1176 1062 divina
1192 1031 1299 1062 Christi
1318 1032 1455 1062 mandata
1476 1032 1507 1062 ﬁt
1527 1036 1677 1064 strenuus,
1705 1035 1733 1060 et
1759 1030 1794 1060 ab
1819 1030 1904 1059 omni

1080 1077 1237 1116 voluptate,
1277 1076 1538 1116 pecuniarumque,
1570 1080 1596 1106 et
1625 1077 1768 1106 homrum
1799 1074 1905 1105 studio

1079 1121 1194 1152 alienus
1212 1122 1301 1161 (velut
1316 1121 1366 1162 qui
1382 1125 1462 1151 extra
1475 1130 1606 1156 carnem,
1624 1125 1651 1150 et
1668 1119 1809 1150 mundum
1825 1120 1906 1149 vive-

1078 1166 1135 1206 ret)
1153 1168 1352 1207 cognoscitur,
1363 1171 1391 1196 et
1407 1166 1461 1196 Soli
1477 1165 1599 1205 Spiritui
1622 1169 1723 1196 sancto
1735 1164 1903 1195 arctissime

1079 1211 1264 1249 conjunclus,
1282 1220 1401 1250 semper
1416 1211 1498 1240 huius
1514 1214 1543 1239 et
1559 1209 1708 1249 psallens:
1732 1209 1790 1248 Ego
1799 1213 1902 1240 autem

1079 1258 1111 1285 in
1125 1255 1252 1286 Domino
1262 1255 1409 1295 gaudebo,
1422 1258 1449 1285 et
1461 1253 1616 1285 exsul/(ibo
1627 1254 1657 1284 in
1684 1253 1744 1284 Deo
1771 1253 1904 1284 salutari

1079 1300 1161 1330 meo1
1177 1324 1183 1331 .
1200 1300 1296 1330 Aliter
1309 1299 1452 1340 quispiam
1466 1298 1569 1328 ret'erri
1587 1298 1615 1327 in
1628 1297 1729 1328 album
1744 1299 1902 1328 monacho-

1079 1353 1143 1373 rum
1158 1344 1326 1383 neuliquam
1346 1347 1449 1383 potest.
1480 1342 1546 1372 Tria
1564 1352 1643 1372 enim
1660 1347 1738 1379 sunt,
1756 1342 1900 1380 voluptas,

1080 1388 1214 1428 pecunia.
1230 1388 1333 1426 gloria.
1350 1387 1511 1419 Monachus
1526 1387 1575 1426 qui
1591 1387 1687 1417 adhuc
1702 1387 1901 1426 voluptatibus

1079 1441 1111 1462 se
1126 1432 1282 1471 submittit,
1300 1433 1427 1462 nondum
1454 1431 1630 1465 monachus,
1656 1431 1708 1461 sed
1738 1431 1899 1460 etiamnum

1080 1476 1202 1515 pet-cali,
1220 1481 1249 1506 et
1264 1476 1379 1507 Satanze
1396 1476 1575 1516 mancipium
1593 1480 1647 1506 est.
1675 1475 1836 1506 Monachus
1853 1476 1900 1505 cui

216 1508 271 1561 hys
288 1509 430 1561 “Firmus
446 1515 537 1561 1P6“?
550 1511 724 1561 οἷ’ξῖειέξγξι-,ν
740 1505 776 1561 Ψ
792 1515 860 1561 ibi?
877 1516 909 1561 θῖί
927 1516 1034 1561 nmmo“
1048 1527 1067 1551 C
1080 1505 1162 1551 amor
1174 1521 1307 1561 pecuniae
1316 1521 1413 1552 adhuc
1430 1505 1564 1561 imperat,
1580 1520 1708 1550 nondum
1727 1519 1898 1557 monachus,

218 1557 246 1583 et
261 1562 295 1582 ex
310 1557 368 1582 tota
385 1559 494 1590 mente,
512 1556 540 1581 et
567 1559 600 1580 ex
629 1550 765 1580 omnbus
795 1550 904 1580 viribus
932 1551 1038 1589 gratias

217 1604 282 1636 agat
298 1597 327 1627 in
345 1595 520 1626 tentationes
535 1599 564 1625 et
584 1594 769 1631 afﬂictiones,
789 1599 816 1625 et
832 1595 991 1634 augustius,
1010 1599 1038 1626 et

218 1640 494 1673 tristitiasincidere
506 1643 632 1679 oportet,
658 1644 687 1669 ut
703 1639 839 1669 virtutem
859 1639 909 1670 lJei
926 1649 1037 1679 cogno-

217 1694 290 1718 scat.
308 1685 580 1726 Alioquiremissio.
595 1689 624 1714 et
645 1684 726 1714 feri.e
737 1685 794 1715 duo
808 1694 865 1714 non
879 1684 1038 1715 mediocria

217 1733 293 1763 mala
308 1731 435 1772 pariunt,
455 1730 609 1766 nimirum,
626 1733 655 1759 ut
681 1739 736 1759 non
752 1734 809 1759 tota
825 1729 921 1759 anima
938 1729 1038 1767 grati-ie

216 1780 340 1816 agantur
352 1776 410 1806 Deo
425 1785 432 1811 ς
449 1779 516 1804 etut
532 1783 615 1804 mens
626 1774 704 1804 curis
715 1774 852 1804 inanibus
863 1779 1034 1813 o:-cupelut‘_

216 1820 386 1852 Adamusin
400 1819 450 1849 illa
476 1827 527 1848 sua
546 1818 655 1858 quiete,
675 1819 936 1858 tranquilitateque
952 1819 1037 1848 iuet;-

217 1865 359 1905 plicabili,
377 1863 402 1894 si
419 1864 478 1894 Deo
490 1863 596 1901 gratias
609 1863 727 1902 egisset,
739 1863 883 1902 deceptus
895 1873 954 1893 non
970 1863 1038 1892 luis-

217 1915 281 1947 set;
298 1918 394 1949 neque
410 1907 517 1937 malum
535 1907 606 1937 illud
623 1907 780 1937 consilium
797 1917 924 1947 unquam
941 1907 1038 1937 admi-

217 1954 315 1994 sisset,
329 1962 423 1993 neque
432 1954 510 1983 Deus
521 1951 816 1991 fiericoncupivisset.
830 1952 926 1987 Quare
938 1961 1037 1991 quem-

217 1999 376 2029 admodum
393 1996 573 2037 aspiratione
588 1997 678 2032 acris,
697 1996 738 2026 sic
753 1996 909 2034 gratiarum
925 1997 1040 2027 actione

218 2052 288 2083 erga
302 2043 394 2073 Deum
412 2051 485 2081 opus
505 2041 659 2078 habeohis,
675 2041 700 2070 si
716 2041 744 2070 in
763 2043 949 2079 tentationes,
967 2042 1039 2072 al'tli—

217 2088 342 2124 ctiones,
359 2086 521 2126 angustias,
537 2094 689 2124 mmrores,
703 2086 780 2126 quod
792 2085 866 2116 velle
880 2086 1038 2124 debemus,

218 2133 422 2165 inciderimus.

256 2226 290 2251 98
304 2225 380 2257 Gen.
401 2233 443 2263 ιιι,
464 2224 510 2256 19.
554 2224 586 2248 99
599 2223 688 2256 Rom.
706 2232 726 2254 ιι
742 2227 770 2254 et
784 2231 834 2254 xv.

219 2316 272 2338 seu
287 2304 494 2345 indigentiam,
516 2303 608 2344 partis
635 2303 751 2345 opibus,
768 2304 894 2344 effugiat,
912 2305 948 2345 iis
979 2315 1038 2338 non

221 2347 424 2387 magispeccat
446 2345 475 2374 iu
493 2347 671 2387 praeceptum
688 2344 843 2384 Deiquam
861 2345 885 2374 si
901 2344 938 2375 de
963 2356 1037 2387 ope-

220 2385 283 2418 ram
300 2385 330 2418 ui
345 2386 464 2416 morbos
473 2385 591 2423 etfugiat
605 2394 612 2421 ;
628 2385 780 2424 ipsamque
795 2389 929 2422 mortem,
948 2386 972 2416 si
985 2385 1041 2417 non

220 2427 436 2468 sempergvitet,
448 2431 529 2468 certe
541 2425 666 2468 differat.
681 2424 781 2468 Itaque
793 2425 910 2468 quando
922 2425 1042 2457 Simeon

220 2466 312 2498 dicit:
327 2466 419 2507 Eum,
432 2466 483 2505 qui
495 2466 694 2505 indigentiam
701 2466 934 2507 fugerenititur,
943 2468 1043 2505 fugere

221 2509 317 2539 etiam
329 2505 509 2546 germanum
524 2506 802 2542 Christianismum,
814 2509 842 2535 et
852 2505 876 2535 si
887 2506 955 2545 quid
963 2507 1043 2538 aliud

220 2548 309 2587 hujus
324 2547 444 2587 generis
460 2547 488 2576 in
500 2546 560 2587 hac
576 2546 709 2587 oratione
739 2550 874 2587 occurret
887 2585 892 2587 _
903 2546 933 2576 id
959 2547 1041 2578 acci—

222 2585 362 2628 piendum
371 2591 415 2617 est
425 2586 462 2616 de
475 2586 524 2616 illo
537 2585 586 2626 qui
603 2590 804 2628 paupertatem
822 2585 1041 2628 intolerandum

222 2625 487 2668 gravissimumque
500 2625 608 2668 malum
622 2625 1042 2668 reputat,imtiiissamquesibi

222 2665 312 2698 invito
329 2671 358 2698 et
373 2665 474 2707 iniquo
490 2667 587 2696 animo
613 2668 737 2707 tolerat:
755 2665 865 2696 oblitus
886 2665 1042 2707 VSaI’vatoris

223 2709 280 2746 sui,
298 2708 348 2748 qui
363 2705 439 2738 hanc
452 2707 600 2748 omnibus,
613 2705 723 2737 divitiis
737 2706 1040 2748 anteposuit,_imme-

223 2745 347 2788 morque
357 2757 452 2788 poenae
464 2747 545 2788 illius
557 2745 713 2788 primaevae,
725 2755 811 2786 quam
831 2745 909 2788 Deus
920 2746 950 2777 in
960 2756 1041 2778 mor-

223 2785 425 2826 tales-statuit,
442 2791 475 2818 ut
500 2785 613 2818 scilicet
631 2785 662 2817 in
687 2785 794 2816 sudore
819 2786 914 2817 vultus
929 2787 975 2818 sui
989 2796 1042 2818 ve-

223 2832 378 2860 scerentur
392 2825 467 2869 pane
482 2837 548 2866 suo,
563 2827 714 2868 vitamque
730 2825 810 2859 inter
824 2826 918 2858 varias
931 2836 1042 2860 sarum-

204 2952 218 2981 ς’

879 2223 888 2244 ¹
905 2223 1016 2256 Habac.
1033 2234 1076 2264 ιιι,
1097 2227 1142 2258 18.

1079 1564 1131 1595 sed
1148 1565 1301 1596 idololatra
1329 1571 1382 1597 est.
1406 1566 1567 1596 Monachus
1592 1565 1688 1594 adhuc
1714 1564 1899 1604 ambitiosus,

1080 1610 1210 1639 nondum
1240 1610 1410 1647 monachus,
1438 1610 1489 1640 sed
1521 1608 1664 1648 principis
1694 1607 1900 1646 hujus-mundi

1080 1653 1304 1693 probatissimos
1320 1655 1405 1684 miles
1421 1658 1475 1684 est.
1494 1653 1550 1689 Qui
1567 1653 1654 1691 igitur
1669 1653 1837 1691 pOSSltlelul‘
1851 1655 1900 1682 aut

1079 1698 1115 1728 ab
1131 1698 1177 1728 bis
1194 1698 1286 1729 tribus
1301 1709 1334 1729 ex
1353 1703 1445 1738 parte,
1463 1702 1514 1728 aut
1528 1698 1564 1728 ab
1594 1707 1651 1727 uno
1680 1697 1783 1727 horum
1812 1695 1898 1726 trium

1080 1742 1230 1779 universe,
1247 1753 1297 1773 seu
1310 1743 1438 1782 jejuuet,
1460 1752 1511 1772 seu
1543 1742 1651 1781 vigilet,
1677 1750 1731 1771 seu
1756 1745 1830 1777 oret,
1847 1749 1899 1770 seu

1081 1787 1193 1826 psallat,
1207 1797 1259 1817 seu
1272 1787 1352 1817 huini
1365 1787 1463 1823 cubet,
1477 1791 1505 1816 et
1515 1786 1624 1826 quaevis
1633 1785 1690 1816 alia
1702 1784 1897 1822 ineiimmoda,

1080 1831 1255 1871 laboresque
1270 1841 1303 1861 ac
1319 1831 1466 1861 molestias
1478 1832 1594 1863 subeat.
1614 1839 1793 1869 omnemque
1806 1828 1900 1859 scien-

1081 1875 1148 1905 tiam
1167 1876 1254 1912 norit,
1273 1886 1337 1906 cum
1355 1875 1452 1915 Patre,
1467 1875 1551 1914 Filio,
1569 1879 1598 1905 et
1613 1874 1723 1913 Spiritu
1734 1878 1833 1904 sancto
1848 1882 1897 1902 so-

1080 1919 1214 1950 cietatem
1233 1930 1290 1950 non
1306 1920 1403 1952 habet.
1428 1920 1553 1950 Necesse
1568 1924 1611 1949 est
1626 1919 1705 1949 enim
1727 1919 1804 1948 hunc
1821 1917 1899 1957 prius

1082 1964 1258 2002 libct‘lalem,
1272 1975 1336 2004 qua:
1348 1969 1445 1995 tuente
1456 1964 1571 1994 videtur
1585 1973 1601 1993 a
1613 1963 1665 1994 Dei
1677 1962 1752 1992 Filio
1764 1961 1897 2001 adipisci,

1081 2008 1130 2049 qui
1137 2009 1187 2046 ait,
1198 2010 1302 2039 Omnis
1310 2013 1362 2049 qui
1368 2010 1439 2048 facit
1447 2012 1707 2048 paccutumscrvus
1715 2007 1875 2045 cstpcccali
1889 2015 1898 2036 :

1080 2062 1183 2084 servus
1190 2057 1407 2093 autempecwli
1414 2062 1469 2084 non
1480 2057 1577 2083 manet
1586 2053 1617 2082 in
1625 2051 1710 2082 domo
1717 2051 1772 2082 Dei
1778 2052 1807 2080 in
1817 2054 1899 2081 aeter-

1080 2107 1151 2128 num
1163 2097 1196 2128 2.
1215 2097 1263 2127 Est
1274 2103 1372 2128 autem
1385 2098 1490 2128 domus
1503 2097 1554 2127 Dei
1563 2105 1687 2135 regnum
1701 2095 1775 2134 ejus.
1790 2094 1897 2131 Audin,

1079 2142 1293 2173 formidandam
1310 2142 1485 2172 sententiam
1497 2146 1511 2173 ἐ
1523 2141 1559 2172 Si
1570 2139 1751 2181 igiturﬁlius
1760 2148 1810 2170 vos
1823 2138 1897 2169 libe-

1186 2227 1199 2247 2
1212 2225 1286 2258 Joan
1315 2235 1376 2264 vm,
1395 2226 1444 2264 34,
1461 2225 1510 2256 35.

1081 2316 1134 2338 nas
1143 2311 1171 2337 et
1182 2307 1364 2347 paupertatis
1373 2306 1559 2347 incommoda
1569 2305 1732 2347 exigerent,
1745 2311 1831 2343 quam
1841 2311 1899 2342 po:-

1081 2357 1158 2378 nam.
1172 2343 1271 2377 cuin'a
1287 2347 1345 2377 Deo
1362 2346 1516 2384 inﬂigitur,
1545 2343 1639 2385 quivis
1662 2343 1807 2385 patienter
1829 2351 1897 2383 ρει-μ

1084 2388 1197 2418 solvere
1213 2387 1319 2424 debet;
1336 2387 1449 2416 tametsi
1462 2384 1586 2426 ipsemet
1601 2395 1636 2415 ea
1649 2393 1681 2414 se
1697 2384 1828 2426 allicere,
1845 2391 1897 2413 nec

1084 2432 1212 2468 tenetur,
1224 2426 1417 2468 nccjubetur.
1435 2424 1508 2457 Et'si
1525 2426 1595 2468 quis
1606 2429 1655 2456 aut
1673 2424 1836 2468 exsisteret,
1850 2427 1897 2452 aut

1084 2464 1388 2507 unquamexstitisset,
1399 2464 1643 2507 quemsudoriste
1651 2464 1744 2494 vultus
1753 2471 1896 2507 nunquam

1085 2504 1241 2547 tetigisset,
1267 2504 1422 2547 omnisque
1442 2506 1612 2547 indigentiae
1637 2509 1787 2547 egpertem
1812 2504 1895 2547 vitam

1085 2543 1272 2585 traduxisset,
1285 2543 1403 2588 paratus
1418 2543 1529 2588 ferres:
1541 2546 1610 2588 quid
1626 2554 1643 2576 a
1658 2543 1717 2574 Deo
1733 2543 1789 2574 sibi
1807 2543 1897 2588 mitte:

1083 2593 1178 2619 retur:
1194 2588 1218 2618 is
1235 2582 1308 2618 nihil
1325 2591 1480 2627 propterea
1501 2587 1529 2616 in
1546 2582 1636 2628 ullum
1654 2588 1831 2628 prteceptum
1847 2582 1897 2627 Dei

1083 2628 1290 2665 commisisset,
1321 2624 1487 2667 quanquam
1518 2626 1584 2667 quis
1612 2634 1740 2667 unquam
1770 2624 1833 2659 fuit,
1849 2624 1898 2661 qui

1083 2668 1277 2708 indigentiam
1296 2665 1440 2708 pe'nitusa
1452 2677 1504 2697 suo
1518 2665 1620 2696 limine
1631 2665 1788 2708 eacludere
1802 2667 1897 2703 potue-

1083 2709 1133 2754 rit,
1149 2703 1179 2740 Et
1194 2709 1249 2754 hoc
1265 2703 1372 2754 sudore
1393 2716 1547 2754 aspersus_
1560 2715 1619 2736 non
1645 2705 1755 2754 fuerit?
1770 2703 1828 2733 imo
1842 2711 1896 2754 quo

1083 2744 1150 2790 quis
1164 2750 1278 2779 avarior
1303 2751 1363 2784 est;
1391 2744 1437 2777 eo’
1452 2746 1586 2788 egentior
1613 2750 1667 2776 est.
1697 2744 1775 2776 Vere
1791 2747 1895 2784 poeta;

1083 2792 1211 2830 Semper
1224 2796 1340 2820 avarus
1354 2791 1429 2828 eget.
