1983 3072
47 196 109 233 393
782 197 849 230 ORA

916 198 922 227 ι
943 194 1037 230 XVII.
1695 193 1754 228 394

43 266 176 302 raverit,
188 265 296 306 inquit,
304 273 376 296 vere
384 264 476 297 liberi
490 264 605 295 emisit.
615 263 688 308 Cum
703 271 773 303 ergo
787 262 854 303 quis
864 266 912 293 aA
923 261 1010 294 sibile
1022 267 1082 308 est.
1111 262 1243 308 Affectus
1268 263 1349 295 enim
1378 262 1482 295 morbo
1511 263 1671 305 quispiam,
1699 267 1752 308 qui

44 309 145 340 tribus
163 310 248 341 hisce
264 310 405 341 liberatus
421 309 519 347 fuerit,
535 312 596 340 tum
624 307 758 344 demum,
776 311 808 338 ut
817 307 879 347 jam
922 308 1005 347 prius
1021 307 1097 339 bene
1113 307 1240 345 valebat,
1266 308 1305 339 de
1326 312 1402 340 statu
1430 318 1484 340 suo
1513 309 1544 340 in
1573 319 1631 350 quo
1660 307 1751 342 sanius

44 354 250 393 Christianus,
268 359 295 386 et
311 355 419 387 Chriin
441 363 544 385 servus
559 354 693 390 eﬁ‘ectus,
711 352 838 393 psallere
853 358 882 385 et

45 409 135 431 orare
149 400 250 431 debet.
268 400 356 431 Certe
372 399 451 430 enim
470 398 519 439 qui
535 402 584 429 aut
608 397 644 428 ab
660 397 706 427 his
722 396 817 427 tribus
834 399 881 436 ty-

45 444 185 475 rannicis
203 443 422 482 affectionibus,
436 448 486 474 aut
497 443 533 474 ab
549 443 653 474 harum
670 442 768 482 aliqua
782 440 883 480 subju-

44 495 133 528 gatus
150 494 206 524 cst.
225 490 313 520 etiam
332 489 432 519 volens
447 489 476 519 in
498 488 666 518 libertatem
684 495 716 517 se
730 485 880 516 vindicare

47 534 171 574 nequit.
189 534 251 565 Soli
268 534 347 565 enim
361 533 415 565 Dei
432 533 517 570 Filio,
531 537 617 573 alque
628 531 701 570 Regi
716 532 785 562 Jesu
801 530 883 560 Chri-

47 585 109 615 sto,
127 579 292 610 secundum
311 582 484 619 potestatem
501 587 587 618 quam
604 587 620 607 a
646 577 733 608 Patre
761 579 882 616 propter

47 632 158 653 necem
173 632 344 664 perpessam
357 622 483 663 accepit,
497 622 581 652 istam
593 621 705 652 donare
715 620 880 651 libertatem

47 663 229 698 concessum
241 672 295 705 est,
305 667 354 708 qui
367 666 691 707 postresurrectionem
702 675 784 697 suam
797 663 879 696 dicit:

47 712 135 744 Data
151 717 195 743 cst
210 713 288 744 mihi
303 713 399 743 omnis
410 715 543 752 potestas
555 713 583 742 in
597 711 668 742 oculo
681 717 709 742 et
720 714 754 742 in
765 715 846 742 terra
854 709 880 735 4·

47 757 92 786 Ad
111 757 302 788 liberatorem
320 757 412 796 igitur
426 755 666 795 confugiendum,
684 765 770 796 quem
789 765 880 796 penes

47 801 148 832 solum
166 805 212 833 est
226 802 281 832 ista
297 801 464 832 auctoritas.
482 800 517 831 Et
538 810 575 831 ne
596 800 666 840 quid
692 800 875 843 omittamus,

48 855 109 885 quo
127 846 165 879 ab
181 856 216 877 eo
232 856 248 877 a
264 846 356 877 tribus
373 846 454 876 hisce
467 844 596 885 tyrannis
608 845 638 875 in
651 844 818 876 libertatem
828 854 877 876 as—

923 356 996 393 erat,
1013 352 1131 392 cogitat.
1148 352 1261 384 Verum
1278 352 1313 384 ab
1329 353 1394 394 ipsa
1414 354 1620 394 conceptione,
1638 355 1748 388 nedum

923 395 960 426 ab
974 400 1039 440 ortu
1057 400 1085 427 et
1101 398 1178 428 exitu
1194 396 1225 427 in
1241 397 1349 435 lucem,
1373 401 1476 429 natura
1495 407 1583 438 aeger,
1600 400 1748 440 quomodo

923 439 995 480 quid
1010 440 1046 471 sit
1061 440 1172 472 sanitas
1186 450 1275 472 nosse
1290 441 1406 482 possit?
1421 441 1477 478 Qui
1501 443 1589 474 etiam
1609 439 1650 475 de
1664 445 1747 476 sani-

925 488 983 516 tate
999 485 1136 526 audiens,
1153 495 1212 517 non
1229 486 1315 517 modo
1331 486 1497 518 doctrinam
1521 497 1581 519 non
1596 490 1746 531 complec-

924 532 1011 567 tetur,
1028 530 1081 561 sed
1097 534 1125 562 et
1141 531 1298 576 pronugis
1313 531 1412 570 ducet,
1430 541 1495 572 quae
1510 530 1746 576 dicuntur,7pro-

924 577 989 620 pter
1002 584 1084 606 suam
1101 575 1341 606 incredulitatem
1357 578 1466 613 omnia,
1485 578 1601 616 jejunia
1618 575 1745 620 scilicet,

923 618 1046 666 ejusque
1061 620 1185 666 comites
1201 629 1253 666 pro
1269 620 1498 666 incredibilibus
1510 622 1635 664 habens,
1648 628 1677 656 et
1692 618 1745 666 pro

925 662 1051 708 vinculis
1077 664 1182 696 ferreis
1211 664 1248 696 de
1275 665 1402 706 peccatis
1429 670 1489 696 tum
1518 662 1656 708 propriis,
1683 662 1743 702 tum

923 706 1045 739 fratrum
1063 708 1175 749 dolere,
1192 712 1220 740 et
1234 710 1305 740 ﬁere
1321 718 1388 742 cum
1418 706 1580 752 ﬂentibus,-
1598 720 1630 744 ut.
1648 706 1743 748 etiam

921 753 1134 802 gauderecum
1149 753 1356 802 gaudentibus.
1378 754 1436 802 Sed
1453 755 1516 802 haec
1541 758 1641 790 omnia
1654 760 1744 802 bona,

920 797 1119 846 admirabilia,
1136 801 1164 829 et
1179 798 1266 837 laude
1281 799 1370 846 dign_a
1384 799 1415 846 in
1423 800 1563 840 Inihilum
1588 797 1737 846 recidunt,

920 842 945 892 sli
961 842 998 880 is,
1015 842 1064 883 qui
1079 851 1118 892 ea
1129 847 1327 892 consectatur,
1344 843 1397 875 Dei
1412 846 1656 881 sanctiﬁcationis
1671 842 1741 892 par;

45 899 201 931 seramur,
218 900 269 930 pro
286 900 321 922 ea
335 899 390 921 nos
405 889 504 920 inedia
529 898 723 927 maceremus,
751 893 779 920 et
794 889 876 945 elee-
888 921 908 945 Β
920 887 1086 945 ticeps‘non
1103 887 1150 945 ﬁgit
1166 898 1172 919 :
1261 888 1342 945 enim
1358 891 1573 945 unajtendunt
1594 887 1742 938 universa,

46 944 189 975 mosynas
205 935 429 972 distribuamus,
443 939 473 965 ut
490 934 586 965 videat
600 943 653 965 nos
665 943 775 974 cupere
790 934 878 965 liber—
889 932 908 945 °
919 932 995 963 sicut
1008 932 1165 973 Apostolus
1180 933 1220 963 ait
1230 933 1244 957 7
1257 933 1295 964 de
1311 934 1347 964 iis
1361 934 1441 974 quod
1450 934 1528 967 Deus
1544 939 1663 972 erudire
1680 932 1742 973 tan:

46 983 154 1019 tatem,
181 979 231 1019 qui
260 980 321 1010 vult
343 978 591 1010 misericordiam.
618 978 764 1027 Caeterum
788 983 878 1019 partae
919 986 1007 1027 quam
1024 977 1263 1027 ﬁlios-dignatur,
1281 977 1421 1027 quoniam
1444 980 1543 1027 erudit
1567 984 1604 1014 ad
1619 984 1649 1016 id
1665 987 1744 1027 quod

45 1023 197 1055 libertatis
209 1025 352 1055 indicium
366 1028 422 1061 est,
437 1024 600 1064 perfectum
617 1023 718 1054 odium
734 1024 875 1060 illorum;

45 1073 80 1098 ut
96 1078 113 1099 a
129 1079 256 1108 quorum
272 1069 438 1100 cervicibus
453 1070 506 1100 hoc
519 1069 623 1108 jugum
647 1068 754 1099 servile
769 1068 876 1109 depul-

44 1123 113 1144 sum
132 1119 188 1154 cst,
206 1115 268 1145 haec
294 1119 431 1155 tanquam
459 1117 590 1144 monstra
611 1112 782 1151 foedissima,
809 1123 874 1154 quae

44 1158 216 1189 secundum
233 1158 399 1190 Salomonis
415 1158 647 1190 exsecrationem
659 1167 808 1198 nunquam
821 1157 875 1189 im-

45 1202 125 1242 pleri
145 1204 282 1242 queants
296 1229 302 1240 ,
318 1204 503 1234 detestentur
518 1202 617 1234 etiam.
638 1201 739 1242 Itaque
765 1202 875 1234 bonum

43 1250 90 1276 est
103 1247 231 1286 psallere
243 1247 315 1285 Deo,
329 1248 585 1288 orare,jejunare,
600 1247 731 1285 vigilare,
755 1247 875 1278 miseri—

42 1291 179 1323 cordiam
197 1301 347 1330 exercere,
365 1297 394 1323 et
409 1296 530 1332 propter
541 1292 691 1323 Christum
706 1300 804 1331 egere.
821 1292 875 1323 Bo-

43 1345 118 1366 num
135 1346 168 1367 se
184 1337 341 1368 humiliare
359 1346 364 1368 :
384 1337 434 1367 sed
451 1336 586 1368 videmus
612 1336 641 1366 in
669 1337 726 1374 his,
755 1336 870 1377 fratres,

47 1380 162 1411 multos
178 1381 207 1412 in
223 1391 344 1412 vacuum
361 1385 410 1412 aut
425 1381 604 1418 cucurrisse,
630 1385 679 1412 aut
695 1390 827 1417 currere.
845 1385 874 1412 et

42 1424 185 1455 laborare
202 1425 355 1457 inutiliter.
371 1425 463 1457 Causa
475 1429 577 1465 aperta
587 1429 630 1455 est
655 1424 770 1455 Etenim
783 1425 872 1466 quid—

43 1469 117 1509 quid
135 1469 242 1509 agitur,
254 1477 375 1510 propter
385 1470 496 1510 aliquid
513 1470 616 1509 agitur.
641 1469 712 1505 Quia
730 1479 798 1500 vero
815 1473 874 1500 tota

44 1517 153 1544 natura
170 1515 322 1545 hominum
339 1520 404 1555 post
427 1514 699 1555 praevaricationem
725 1515 871 1555 corrupti-

919 1021 1000 1071 ΗΜΘ.
1020 1025 1076 1071 ρδξι2
1094 1021 1136 1071 Ain
1166 1022 1340 1071 recipiendo
1368 1024 1636 1071 sanctificationem
1664 1021 1741 1071 ejus.

919 1065 1002 1101 Quod
1020 1065 1076 1096 nisi
1091 1065 1151 1103 ﬁat,
1169 1066 1265 1097 inanis
1282 1066 1376 1105 labor,
1391 1067 1489 1100 inanis
1505 1069 1590 1102 ﬁdes.
1607 1065 1740 1107 Prinium

917 1110 1006 1150 igitur
1021 1119 1118 1151 neque
1133 1111 1198 1159 sine
1215 1111 1411 1151 virtuteJesu,
1426 1116 1455 1144 et
1465 1115 1516 1145 Dei
1529 1115 1594 1156 ipsa
1605 1117 1741 1159 legitime

916 1164 1057 1205 exercere
1073 1155 1193 1205 possis)
1212 1159 1241 1187 et
1255 1165 1314 1205 non
1329 1163 1501 1205 coronatur,
1523 1155 1650 1201 quiLnon
1665 1164 1742 1205 legi-

916 1200 988 1231 time
1003 1204 1107 1232 certat.
1123 1201 1180 1232 Lex
1198 1211 1288 1242 porro
1304 1201 1333 1232 in
1356 1202 1403 1233 his
1416 1202 1499 1244 {'una,
1517 1200 1744 1245 utioccultevet

917 1245 1089 1297 cautissime
1102 1245 1184 1287 ﬁant,
1201 1255 1299 1277 coram
1316 1246 1409 1297 oculis
1437 1248 1530 1281 solius
1553 1252 1619 1291 Dei,
1647 1264 1742 1297 usque

917 1289 991 1320 adeo
1005 1289 1174 1339 diligenter,
1191 1294 1222 1321 ut
1230 1290 1471 1339 nequeéinistra
1500 1299 1600 1327 nostra
1611 1289 1615 1291 i
1626 1289 1738 1339 cogno-

914 1337 986 1372 scat,
999 1334 1076 1382 quid
1091 1334 1212 1382 dextera
1226 1335 1324 1367 faciat.
1341 1335 1412 1372 Quae
1438 1342 1535 1382 autem
1559 1334 1693 1382 sinistra,
1710 1350 1739 1377 et

914 1388 979 1418 quae
991 1378 1111 1410 dextera
1123 1379 1138 1410 ?
1153 1379 1277 1411 Dextera
1288 1384 1344 1418 est,
1357 1391 1422 1422 qua;
1432 1381 1580 1416 Christum
1588 1378 1737 1421 dicentem

913 1423 1017 1470 audit:
1036 1423 1114 1454 Cum
1141 1425 1243 1455 omnia
1267 1425 1410 1464 feceritis,
1438 1427 1538 1469 dic-ile,
1562 1432 1634 1470 quia
1656 1435 1739 1466 servi

914 1467 1037 1517 inutile:
1049 1477 1167 1517 sanius,
1185 1472 1332 1517 quoniam
1350 1471 1432 1517 quod
1453 1467 1737 1517 facere-debemus,

913 1512 1041 1563 [coimus
1049 1514 1070 1563 8¹
1079 1538 1086 1545 ,
1100 1512 1262 1563 δςᾱλθηίξη,
1272 1514 1343 1563 quis
1354 1514 1460 1556 illequi
1472 1517 1571 1563 omnia
1578 1517 1658 1559 fecit,
1673 1512 1739 1563 quae

42 1557 116 1588 bilis
133 1562 162 1589 et
178 1559 311 1589 mortalis
325 1569 392 1590 esse
407 1559 507 1599 coepit,
524 1563 612 1599 atque
637 1559 749 1589 idcirco
774 1558 900 1602 imbe-n
914 1557 1010 1588 facere
1024 1557 1137 1589 debet?
1153 1557 1235 1594 Quod
1253 1558 1280 1589 si
1295 1558 1361 1599 quis
1388 1565 1438 1591 aut
1459 1562 1569 1602 omnia,
1595 1557 1736 1598 aut-non-

43 1602 117 1651 cilla
133 1607 162 1633 et
177 1612 353 1641 aerumnosa,
371 1590 717 1644 omniunique‘vitiorum
729 1607 757 1634 et
772 1590 870 1652 stulti-
881 1590 900 1615 C
914 1602 997 1652 nulla
1010 1590 1176 1652 aliquando
1188 1603 1278 1652 fecit,
1304 1590 1371 1644 quis
1401 1590 1644 1648 hocﬂpo't-uit,“u-t'

42 1646 91 1693 tite
109 1656 212 1688 capax,
229 1658 357 1688 quonam
384 1653 468 1689 pacto
498 1649 561 1689 ipsa
586 1658 653 1680 sese
674 1658 691 1679 a
713 1648 873 1693 semetipsa
914 1647 1065 1693 mysticam
1087 1647 1195 1679 Chrisvi
1221 1652 1358 1693 virtutem
1384 1659 1443 1681 non
1468 1646 1636 1693 susceperit
1646 1646 1664 1687 ἵ
1682 1657 1735 1689 Sin

43 1690 219 1722 liberaverit
229 1692 244 1722 ‘?
256 1692 407 1729 Quomodo
419 1702 488 1732 ergo
500 1692 696 1723 liberabitur?
709 1692 870 1732 Sijejunia,

43 1735 176 1775 vigilias,
194 1738 377 1777 precationes
392 1737 598 1778 frequentarit,
623 1741 650 1767 et
675 1737 827 1775 laborarit,
845 1739 874 1768 et

42 1780 205 1812 facultates
222 1791 290 1813 suas
305 1782 482 1822 pauperibus
504 1781 699 1822 distribuerit,
716 1786 748 1813 ut
770 1792 787 1813 a
801 1792 870 1814 cor-

39 1829 133 1865 rupta
149 1826 297 1858 voluntate
312 1827 455 1858 diviniore
471 1826 578 1857 virtute
602 1826 757 1864 liberetur,
783 1827 819 1858 ab
836 1837 870 1859 eo

41 1870 97 1909 qui
114 1869 194 1901 solus
203 1870 318 1907 liberat,
331 1875 360 1902 et
370 1871 419 1912 qui
431 1871 510 1902 venit
520 1871 626 1902 tollere
638 1875 758 1911 peccata
768 1873 871 1904 mundi

39 1915 132 1946 Jesus
148 1915 280 1946 Christus
296 1920 326 1947 et
339 1916 428 1947 Deus.
446 1916 501 1952 Qui
517 1916 554 1947 ob
581 1917 656 1947 hanc
680 1926 798 1948 causam
819 1918 868 1957 je-

36 1960 139 1999 junat,
158 1959 267 2000 vigilat,
284 1961 400 2002 aliaque
416 1961 495 1998 facit,
509 1966 538 1992 et
548 1961 673 1997 laborat,
691 1961 798 2001 optatis
813 1971 868 2002 po-

41 2004 145 2037 tietur,
160 2009 187 2035 et
199 2013 368 2045 cognoscet,
381 2007 525 2046 etgratias
535 2010 613 2045 aget,
624 2006 869 2037 ethumiliabitur

38 2048 98 2079 sub
111 2052 229 2088 potenti
238 2059 332 2081 manu
347 2050 424 2082 Deiﬂ
438 2076 445 2082 .
461 2050 516 2087 Qui
531 2055 629 2082 autem
645 2050 675 2080 in
688 2050 744 2081 vita
754 2051 868 2090 agenda

39 2094 124 2124 hunc
135 2102 256 2134 scopum
267 2095 323 2126 sibi
335 2095 516 2136 propositum
539 2105 597 2126 non
610 2096 708 2136 habet,
719 2095 867 2126 incassum

40 2136 199 2175 laborabit,
213 2138 373 2180 infelixque
383 2144 412 2171 et
424 2141 515 2171 miser
529 2140 715 2172 Christianus
730 2139 768 2170 ad
784 2140 867 2171 futu-

39 2191 112 2212 rum
129 2183 268 2214 saeculum
286 2185 511 2217 transmittetur.

913 1695 1010 1741 autem
1027 1692 1091 1723 sine
1107 1693 1223 1724 Christo
1238 1692 1381 1741 fecithvze
1400 1694 1468 1741 ipsi,
1499 1701 1528 1727 et
1556 1692 1639 1739 operi
1655 1701 1734 1741 ejus.

914 1735 1039 1781 Sinistra
1054 1741 1108 1774 est,
1127 1747 1194 1768 cum
1218 1738 1285 1778 quis
1305 1738 1402 1770 ofﬁcio
1431 1739 1559 1781 functus,
1576 1735 1735 1778 honorem

914 1780 970 1811 sibi
986 1781 1077 1812 aDeo
1099 1781 1202 1827 deberi
1226 1782 1385 1814 existimat.
1417 1784 1496 1817 Talis
1526 1792 1591 1827 post
1619 1793 1732 1823 tantum

912 1828 1075 1876 certamen,
1092 1825 1265 1876 etlaborem
1282 1835 1316 1876 ac
1325 1825 1565 1876 defatigationem
1582 1842 1734 1876 nunquam

912 1869 1021 1901 Christi
1048 1870 1280 1919 sanctiﬁcatione
1309 1871 1504 1919 impertietur.
1534 1876 1572 1908 Et
1597 1887 1640 1909 vae
1652 1869 1732 1919 .ilii,

912 1917 1071 1962 postquam
1083 1924 1117 1945 ex
1134 1915 1270 1962 hacAluce
1287 1916 1465 1962 migraverit.
1482 1919 1517 1950 Et
1534 1931 1599 1962 qua:
1615 1915 1733 1956 tandem

910 1960 1089 2000 receptionis
1106 1960 1203 1991 natae?
1219 1970 1285 2001 quia
1294 1961 1309 1992 ?
1321 1961 1384 1993 Non
1394 1963 1493 2005 irasci,
1508 1960 1651 1999 mundum
1663 1979 1733 2002 esse

910 2005 1089 2051 asordibus,
1106 2014 1178 2051 quas
1198 2015 1283 2036 amor
1305 2006 1429 2047 impune
1454 2010 1610 2051 voluptatis
1639 2019 1729 2046 creat.

909 2048 982 2081 Item
995 2050 1201 2091 mansuetudo,
1215 2055 1244 2081 et
1252 2051 1422 2084 ﬁrmissima
1433 2048 1625 2088 horumhasis
1635 2058 1734 2091 humi-

909 2093 986 2131 litas,
1015 2094 1159 2125 malorum
1189 2095 1345 2126 tolerantia
1379 2101 1408 2128 et
1437 2101 1643 2140 compassione
1671 2113 1732 2135 non

909 2147 996 2170 secus
1008 2149 1094 2179 quam
1107 2140 1210 2171 ferreis
1233 2140 1305 2171 fulta
1315 2141 1487 2174 tibicinibus
1497 2145 1597 2177 ferens
1608 2147 1730 2180 dextera

909 2183 1028 2233 globum
1044 2193 1178 2233 aureum,
1196 2185 1345 2233 lucentem
1368 2191 1396 2218 et
1420 2197 1585 2232 coruscam,
1611 2192 1731 2233 simpli-

86 2227 482 2279 lntelligendumestautem,
490 2238 606 2279 omnem
613 2238 734 2279 operam
741 2228 864 2279 diaboli,
876 2230 898 2255 D
908 2237 984 2266 cem,
998 2229 1216 2260 immaculatam
1227 2230 1296 2279 (per
1303 2232 1491 2279 bonamputa
1499 2227 1728 2279 conscientiam)

41 2270 276 2313 daemonumque
290 2273 431 2306 adversus
450 2274 631 2305 Christianos
655 2274 685 2304 in
701 2274 758 2305 hoc
773 2274 866 2305 collo-

41 2316 119 2355 cari,
134 2320 167 2346 ut
190 2317 265 2348 hanc
289 2317 485 2358 ignorantiam
514 2328 567 2359 per
595 2317 728 2349 omnium
753 2323 868 2349 utentes

39 2360 223 2393 diffundant.
239 2363 335 2403 Atque
351 2363 388 2394 ob
404 2373 469 2395 eam
484 2373 547 2395 rem
572 2363 722 2394 daemones
735 2363 771 2393 ad
784 2363 849 2403 jeju

909 2282 1033 2313 quaeque
1048 2283 1197 2314 nunquam
1215 2274 1333 2313 excidit,
1351 2277 1508 2317 benignam
1534 2274 1732 2315 charitatem':

908 2317 1027 2349 sinistra
1043 2322 1140 2349 autem
1150 2319 1251 2357 ﬁdem,
1261 2323 1290 2350 ut
1301 2322 1579 2357 armasolidissima.
1593 2324 1732 2359 Credidit

908 2362 988 2393 enim
1000 2363 1060 2394 Deo
1070 2363 1134 2408 sine
1152 2363 1346 2400 dubitatione,
1362 2368 1575 2408 etjreputatum
1589 2373 1634 2402 est
1647 2372 1678 2402 ei
1692 2373 1734 2403 ad

39 2406 105 2442 nia,
115 2405 243 2456 vigilias,
256 2408 337 2439 humi
353 2410 538 2443 cnbationes.
549 2412 702 2456 etcmtera,
714 2417 779 2449 quae
788 2409 868 2440 dicta
903 2407 1084 2456 βυειξιίιξπῃθ
1099 2416 1107 2439 :
1136 2407 1244 2456 alioqui
1259 2410 1368 2456 {omnia
1381 2405 1470 2456 faciet
1484 2413 1586 2445 volens
1602 2415 1710 2447 nolens
1720 2441 1730 2456 ,

40 2454 126 2487 sunt,
154 2451 282 2482 ascetica
306 2453 496 2484 administros
513 2463 546 2484 se
561 2452 705 2493 przebent,
724 2453 820 2494 utqui
835 2463 867 2485 se

40 2494 189 2539 afﬂigunt,
202 2505 313 2537 cumse
333 2502 414 2530 recte
429 2498 534 2530 fecisse
549 2498 726 2539 putaverint,
745 2498 867 2529 minime

42 2548 75 2570 se
91 2537 193 2570 aJesu
219 2545 336 2573 curatos
365 2543 526 2574 inveniant.
549 2537 614 2574 VLex
643 2542 722 2573 enim
751 2543 866 2574 Christo

44 2583 141 2624 posita
156 2588 201 2615 est
214 2585 408 2628 inviolabilis,
426 2597 464 2619 ne
478 2596 657 2629 quemquam
675 2587 870 2628 perturbatio-

46 2636 112 2664 nes,
126 2631 155 2673 et
166 2629 286 2660 morbos
296 2639 377 2670 suos,
391 2641 555 2672 eorumque
562 2631 722 2670 medicum,
735 2636 764 2663 et
778 2632 872 2673 ipsam

47 2671 231 2718 sanationem
248 2675 433 2713 ignorantem
449 2671 553 2708 curare
569 2676 661 2717 possit
675 2685 682 2707 :
700 2671 872 2718 quamﬁqui-

46 2715 116 2746 dem
132 2717 261 2757 primum
277 2721 414 2762 apostoli,
428 2725 493 2762 post
503 2715 607 2753 eorum
618 2715 757 2761 discipuli
766 2715 874 2753 docue—

46 2762 129 2792 runt.
145 2761 234 2803 Atqui
247 2773 306 2795 non
318 2761 436 2804 doceri,
447 2770 476 2797 et
486 2775 576 2798 nosse
589 2765 744 2797 sanitatem
757 2765 873 2807 impos-

86 2825 191 2880 flbi‘d.
212 2827 282 2880 3g.“
295 2830 323 2880 74
336 2831 442 2880 Matth:
457 2841 561 2870 xxvnl,
579 2831 628 2863 18.
670 2831 687 2857 5
700 2831 787 2864 Prov.
803 2840 893 2872 xxvu,
909 2831 960 2864 20.
1003 2831 1021 2858 6
1035 2831 1113 2864 Petr.
1129 2842 1160 2866 v.
1176 2836 1206 2866 6.
1250 2834 1265 2862 7
1279 2835 1306 2868 Η
1319 2837 1397 2871 Tim.
1413 2846 1447 2880 ιι,

40 2875 114 2906 xvu,
130 2867 179 2900 lO.
230 2869 247 2894 9
261 2870 337 2904 Gen.
353 2880 404 2912 xv,
419 2872 451 2905 6.

204 2936 340 2972 PATROL-
357 2940 414 2974 Gn.
430 2940 522 2977 CXX,

908 2457 942 2482 ut
956 2451 1138 2490 gloriﬁcatur
1152 2452 1188 2483 ab
1205 2453 1386 2487 hominibus.
1403 2454 1468 2487 Non
1485 2458 1564 2488 enim
1580 2459 1631 2490 ubi
1646 2451 1729 2492 Chri:

908 2500 985 2543 stus,
998 2496 1059 2543 illic
1074 2497 1246 2543 daemones;
1268 2498 1319 2529 ubi
1343 2504 1442 2531 autem
1470 2501 1633 2543 daemones,
1658 2504 1700 2536 ibi
1715 2515 1732 2537 a

908 2541 1057 2572 curriculo
1072 2546 1161 2573 rectae
1174 2542 1298 2574 rationis
1312 2544 1490 2578 deﬂectitur.
1521 2546 1594 2579 Nam
1619 2541 1652 2581 ut
1665 2559 1734 2582 ves-

914 2586 1087 2633 pertilioues
1102 2591 1191 2618 noctu
1207 2588 1430 2629 circumvolant,
1447 2596 1475 2622 et
1500 2597 1679 2633 pascuntur:
1695 2595 1736 2627 ita

915 2631 1002 2662 etiam
1019 2632 1170 2663 daemones
1184 2642 1251 2664 cum
1268 2634 1403 2676 principe
1416 2644 1481 2674 suo,
1499 2631 1612 2670 naturae
1625 2639 1734 2672 intelli-

914 2679 1030 2715 gentes,
1060 2676 1221 2718 solutaeque
1248 2688 1282 2710 ac
1309 2679 1412 2710 liberae
1438 2680 1470 2712 in
1497 2681 1556 2713 vita
1579 2683 1735 2716 hominum

916 2720 1024 2770 misera
1037 2730 1071 2752 ac
1088 2722 1218 2770 perdita,
1229 2724 1309 2755 velut
1323 2729 1414 2756 noctu
1428 2729 1523 2758 terras
1537 2731 1625 2770 atque
1639 2729 1734 2762 aerias

914 2765 1052 2805 regiones
1066 2767 1286 2806 perambulant.

1467 2839 1478 2872 1
1497 2849 1583 2883 seqq.
1624 2841 1641 2866 8
1660 2841 1736 2873 Luc.

1538 2945 1577 2979 13
