1983 3072
35 174 91 208 397
751 175 893 210 ORATIO
912 174 1026 210 XVIII.
1673 179 1735 213 398

318 245 458 278 ORATIO
479 245 583 278 xvm,
873 246 894 270 A
905 241 1032 288 tingunt,
1046 245 1076 274 et
1086 243 1111 274 si
1123 251 1214 284 parvo
1228 244 1346 284 negotio
1356 244 1513 276 videantur
1523 255 1612 287 posse
1624 246 1721 288 dijudi

348 292 566 323 Ancumsuruu.

908 287 978 331 cari,
995 287 1141 328 facileque
1155 288 1303 327 cognosci,
1330 292 1430 320 tamen
1445 289 1531 323 aliter
1557 293 1620 331 res)
1631 287 1731 325 habet.

43 333 865 385 Deimmututioneam‘mw,etcorporisexiisqumnobis
906 330 940 381 in
960 331 1023 385 hoc
1052 334 1132 385 enim
1163 332 1349 385 pptissimum
1374 334 1465 366 multa
1482 330 1734 385 frequentissime

80 383 147 410 tum
159 380 197 412 ab
207 390 290 420 aere,
301 376 649 422 cwterisqueelehtenlis,
662 385 751 411 tuma
761 378 865 410 ciboac
907 376 1012 422 incidit
1026 377 1158 422 mutatio.
1175 377 1282 422 Anima
1296 387 1425 419 namque
1440 383 1546 412 natura
1560 385 1589 412 et
1605 383 1736 414 essentia

77 427 212 473 potione,
230 431 323 466 atque
333 427 424 457 etiam
438 434 457 456 α
470 425 657 473 daemonibus
671 424 822 456 accidunt.
836 467 842 473 Ι

79 467 145 499 Non
161 469 256 500 solum
272 472 494 507 conversiones,
511 473 539 501 et
549 469 738 506 mutationes,
756 476 821 508 quae
835 467 866 498 in

39 513 139 544 animo
156 516 312 553 exsistunt,
325 525 426 546 verum
442 515 528 545 etiam
545 523 647 546 eorum
664 522 777 553 causas,
792 522 865 553 qua-

40 557 82 587 les
99 559 220 590 tandem
237 560 306 597 sint,
321 564 349 590 et
360 559 440 590 unde
461 559 517 590 sibi
537 559 684 607 eveniant,
702 557 865 607 monachus

40 602 127 642 scire,
144 607 233 644 a'que
261 605 428 645 intelligere
453 604 551 635 debet.
579 603 730 635 Interdum
754 602 864 642 quippe

40 648 229 687 repentinum
245 649 384 688 gaudium
399 649 528 680 animam
552 649 674 679 incessit
689 658 696 678 :
714 647 863 678 interdum

41 692 201 732 improvisa
213 693 330 724 tristitia
359 693 494 724 eamdem
518 697 652 733 occupat,
682 695 711 723 et
726 696 863 732 tanquam

908 418 1101 451 immutabilis
1113 425 1158 452 est
1174 430 1181 453 :
1198 421 1338 453 similiter
1346 418 1474 455 et’mens
1485 424 1531 455 illi
1544 434 1561 456 a
1572 425 1736 460 Conditore

907 469 1083 496 concreatae.
1114 464 1190 497 Solae
1219 467 1344 498 consilio
1367 472 1522 508 reguntur,
1555 471 1736 513 propriaque

906 509 1054 540 voluntate
1073 510 1212 541 virtutem
1227 515 1277 542 aut
1291 511 1361 543 vitia
1378 509 1579 553 capessentes,
1597 509 1731 556 luminis,

906 558 956 584 aut
973 554 1166 586 tenebrarum
1195 556 1284 587 sociae
1312 560 1341 587 et
1368 558 1506 590 hieredes
1533 560 1564 590 in
1592 554 1735 594 aeternam

905 599 1146 638 constituuntur;
1172 600 1281 638 anima,
1312 601 1445 642 inquam,
1473 606 1504 635 et
1535 614 1620 636 mens
1649 607 1735 639 alteri

905 644 1010 674 horum
1035 644 1169 681 consilio,
1188 649 1220 676 ut
1234 646 1345 677 dictum
1370 652 1424 685 est,
1442 652 1470 680 et
1485 649 1636 682 voluntate
1654 653 1733 685 ultro

905 689 1102 727 adhaerentes,
1120 699 1172 720 seu
1184 689 1272 728 bono,
1290 691 1368 722 bona
1381 692 1466 731 fiunt,
1483 703 1535 725 seu
1554 696 1644 735 malo,
1657 698 1735 730 mala

41 746 114 767 οηυε
144 737 292 778 quoddam
323 738 441 778 premit.
475 739 510 770 Et
539 747 617 769 nunc
641 737 760 785 quidem
779 735 864 785 facile
905 738 1055 785 vocantur.
1077 738 1113 765 At
1129 744 1209 785 .vero
1234 744 1342 785 corpus
1371 738 1459 769 etiam
1492 745 1598 771 natura
1622 752 1675 773 sua
1691 747 1735 775 est

41 783 273 821 compungitur;
290 793 368 814 nunc
393 784 432 814 ita
453 783 489 814 ad
519 783 651 814 dolorem
670 781 708 813 de
733 781 864 832 peccatis
905 778 1057 816 mutabile,
1086 779 1156 832 quia
1174 781 1387 832 compositum,
1411 787 1440 814 et
1457 785 1585 832 essentia
1602 787 1733 832 fluxum;

41 826 229 865 obﬁrmatur,
247 832 276 858 et
291 828 471 866 obdurescit,
488 832 519 858 ut
540 831 598 858 tota
613 836 700 858 saxea
714 826 862 857 videatur.
904 831 1013 863 nempe
1027 832 1063 873 ex
1075 826 1201 878 materia
1214 826 1349 876 interitui
1361 826 1500 878 obnoxia,
1515 834 1544 861 et
1558 831 1681 868 caduca.
1698 826 1735 865 ex

39 871 206 911 Aliquando
234 872 313 903 mitis
342 873 384 910 fit,
415 877 444 904 et
471 873 614 904 humilis:
641 872 726 912 paulo
750 875 815 920 post
830 868 1061 920 senf‘onlret‘ijs
1076 868 1191 920 scilicet
1206 871 1467 920 commistumsive
1479 880 1731 920 coagmentatum.

40 910 137 956 erigit,
155 916 368 958 iracundiaque
382 921 410 948 et
436 917 518 948 rabie
539 910 695 962 concitata,
722 910 863 962 adversus
874 910 891 913 ’
905 910 946 941 Ex
960 911 1058 962 calido
1073 913 1153 944 enim
1165 917 1194 944 et
1208 913 1315 954 frigido
1333 915 1376 956 (ut
1386 917 1496 962 docent
1512 910 1694 962 philosophi,
1705 926 1735 954 et

41 970 146 991 omnes
161 961 268 992 fratres
282 962 363 1000 furit,
390 966 420 993 et
445 962 565 993 insanit.
596 961 646 992 Est
674 961 792 1002 quando
813 970 864 992 re-

38 1006 140 1042 missa,
157 1010 187 1036 et
201 1007 282 1037 iners
297 1007 333 1037 ad
349 1017 438 1038 omne
464 1017 539 1048 opus
563 1006 674 1037 bonum
691 1011 804 1047 torpet;
823 1009 869 1037 est

40 1050 157 1090 quando
170 1051 312 1082 excitatur
324 1056 352 1082 et
362 1052 473 1092 vigilat,
497 1056 526 1083 et
537 1052 573 1082 ad
585 1060 704 1082 omnem
721 1050 868 1082 obedien-

42 1100 96 1125 lain
112 1096 211 1135 gestit,
229 1101 264 1126 ut‘
275 1101 303 1127 et
318 1096 348 1127 in
370 1097 467 1128 socios
495 1106 530 1128 ac
557 1096 718 1127 familiares
735 1097 866 1136 jocetur,

41 1148 148 1180 eosque
162 1140 198 1170 ad
215 1141 428 1181 capessendam
439 1141 575 1172 virtutem
588 1140 771 1190 ex~timulet.
791 1139 871 1190 Non-

41 1193 191 1224 nunquam
223 1186 329 1216 timore
364 1186 560 1221 contrabitur,
583 1189 629 1230 ἐι
665 1185 872 1225 circumspicit

40 1230 160 1268 omnia;
197 1240 409 1272 nonnunquam
444 1240 476 1261 se
508 1230 701 1271 impudenter
726 1230 868 1260 eﬂ'undit.

41 1274 124 1305 illodo
136 1279 322 1313 nugatorum,
337 1280 365 1306 et
375 1275 566 1306 ridiculorum
579 1274 707 1306 libenter
717 1274 861 1312 meminit,

42 1328 149 1359 eosque
163 1320 199 1350 ad
216 1329 248 1350 se
263 1320 407 1356 accersit;
424 1320 511 1350 modo
523 1329 578 1350 nec
594 1319 671 1357 illos,
686 1326 745 1368 nec
759 1322 862 1368 contu-

42 1362 178 1395 bernales
192 1365 299 1396 intueri
315 1365 448 1396 sustinet.
478 1364 660 1404 Quandoque
685 1364 716 1394 in
740 1373 773 1394 se
798 1363 861 1403 ipsa

40 1408 80 1438 ita
95 1413 254 1447 pressatur,
281 1413 311 1440 et
336 1414 476 1445 arctatur,
507 1413 538 1439 ut
563 1409 651 1439 etiam
675 1409 762 1448 hujus
786 1409 860 1438 lucis

40 1453 214 1492 pertmdeat;
224 1455 398 1494 quandoque
410 1454 452 1484 sic
463 1453 610 1491 dilatatur,
619 1458 648 1484 et
657 1453 700 1484 sic
711 1453 860 1493 amplifice

40 1498 171 1536 exsultat,
203 1504 235 1529 ut
264 1500 396 1539 quamvis
427 1507 531 1538 magno
561 1502 669 1529 conatu
694 1497 860 1538 reprimere

905 955 1106 1005 veritas-ioem
1114 961 1256 1008 testatur)
1288 969 1324 990 ex
1338 955 1436 993 larido
1454 967 1493 1008 Aet
1509 955 1734 1008 humido-hujus

908 1000 1039 1048 essentia
1052 1002 1208 1048 conflatur.
1224 1002 1438 1037 Verumtamen
1452 1006 1550 1048 ipsum
1566 1000 1732 1043 secundum

910 1053 942 1094 se
969 1044 1103 1094 arbitrio,
1135 1051 1164 1077 et
1192 1048 1340 1080 voluntate
1368 1044 1572 1094 caretiatque
1588 1055 1689 1094 etiam,
1708 1058 1734 1089 si

911 1088 1070 1120 dicendum
1085 1095 1140 1132 est,
1169 1099 1252 1124 motu
1269 1104 1276 1122 :
1294 1094 1350 1125 nisi
1377 1088 1498 1127 omnino
1518 1088 1608 1139 hujus
1623 1088 1732 1132 fluido-7

912 1143 979 1183 nem
994 1143 1244 1186 progressumque
1258 1138 1293 1169 ad
1303 1138 1467 1180 interitum,
1482 1143 1642 1175 motionem
1655 1146 1737 1186 quis-

912 1178 991 1232 piam
1008 1180 1072 1230 ejus
1099 1181 1295 1232 hypostaseos
1311 1178 1485 1232 Anaturalem
1514 1187 1603 1228 dicat,
1630 1178 1736 1232 iniqua

912 1223 985 1254 nihil
1000 1225 1123 1256 rationis
1144 1227 1288 1258 cernitur.
1307 1227 1389 1264 Quod
1406 1239 1473 1261 cum
1488 1232 1528 1262 ita
1542 1223 1601 1270 sit,’
1617 1223 1733 1266 certum

912 1273 956 1299 est
970 1269 1068 1317 etiam,
1087 1280 1144 1301 uon
1165 1271 1265 1303 inesse
1286 1277 1452 1317 peccatum,
1477 1286 1532 1308 nec
1554 1269 1618 1309 eam
1635 1289 1652 1311 a
1668 1279 1732 1312 Deo

904 1313 1106 1345 condemnari.
1123 1315 1292 1357 Etjmerito.
1312 1319 1395 1355 Quod
1419 1313 1500 1352 enim
1526 1329 1661 1355 naturam
1677 1334 1730 1356 co-

904 1357 1036 1396 mitatur,
1048 1359 1121 1390 illud
1131 1370 1248 1402 quoque
1260 1362 1481 1396 damnationem
1495 1366 1573 1398 haud
1586 1373 1730 1402 meretur.

903 1402 1049 1454 Ardorem
1076 1408 1196 1442 autem,
1237 1408 1510 1451 appetitionemque
1545 1413 1731 1455 nuptiarum,

901 1448 1144 1499 corijunctionem
1158 1460 1316 1492 corporum
1344 1448 1512 1494 veneream,
1534 1448 1731 1499 voluptatem;

901 1492 1123 1531 belluationem,
1135 1492 1556 1540 ingluviem,somnolentiam,
1568 1492 1733 1543 pigritiam,

40 1546 125 1582 atque
139 1543 283 1574 cohibere
297 1553 330 1574 se
344 1547 482 1583 nequeat.
506 1544 540 1573 Et
564 1543 620 1573 ista
643 1542 764 1583 quidem
780 1542 1038 1588 circacortlaium
1065 1540 1201 1577 vestium.
1231 1542 1347 1584 aliaque
1381 1545 1493 1583 omnia,
1530 1540 1612 1588 quaa—
1624 1548 1729 1588 vulgus

41 1588 289 1619 naturalesanimi
301 1588 448 1619 motiones
465 1587 530 1618 fieri
546 1591 775 1625 consueverunt,
793 1595 860 1633 cum
902 1583 1050 1633 existimat
1079 1593 1186 1625 corpus
1214 1583 1379 1633 requirere,
1411 1599 1471 1621 non
1500 1583 1608 1632 corpus
1638 1583 1728 1633 (haud

40 1632 73 1663 ad
89 1637 240 1664 certamen
255 1633 285 1663 in
301 1633 467 1664 exercenda
481 1632 597 1670 virtute,
624 1637 655 1664 et
669 1632 706 1664 ad
722 1631 861 1678 mandata
903 1631 1007 1678 magiS,
1023 1638 1109 1678 qnam
1127 1639 1198 1678 cum
1210 1632 1345 1678 examine
1371 1634 1458 1674 jacet)
1487 1636 1539 1666 sed
1555 1631 1654 1668 anima
1673 1646 1729 1678 per
1748 1649 1750 1651 ’

41 1677 222 1709 observanda
236 1678 408 1718 accingitur.
439 1677 497 1709 Sed
526 1677 776 1718 quemadmodum
797 1676 860 1707 ani-
903 1672 960 1718 i100
987 1674 1122 1714 requirit,
1151 1675 1261 1714 anima,
1291 1672 1423 1718 inquam,
1450 1681 1544 1711 semel
1574 1681 1642 1712 huic
1666 1672 1727 1713 l-uto

42 1732 114 1760 mus,
130 1723 171 1753 ita
185 1729 216 1754 et
232 1732 316 1754 mens
345 1726 444 1753 nostra
471 1722 643 1753 immutatur
661 1722 856 1762 variaturque.

41 1768 118 1798 Alias
130 1769 241 1799 etenim
259 1768 294 1798 ad
310 1767 537 1807 intelligendum
553 1767 690 1807 expedita
706 1770 761 1805 est,
780 1771 809 1797 et
822 1765 859 1796 ad

39 1821 73 1842 ea
87 1822 151 1853 quae
166 1811 316 1851 intelligit,
333 1821 386 1843 seu
411 1812 554 1852 perspicit
579 1811 717 1842 celeriter
733 1819 858 1850 percur-

39 1858 129 1888 ronda
144 1867 178 1889 ac
206 1857 404 1888 discernenda
429 1856 593 1897 expeditior
609 1866 616 1888 :
633 1857 706 1887 alias
720 1856 813 1896 pigra,
832 1859 860 1886 et

41 1902 120 1932 tarda
135 1902 171 1932 ad
188 1906 358 1942 utrnmque.
379 1901 531 1932 interdum
556 1901 659 1932 eadem
676 1909 761 1931 mens
776 1899 861 1940 quasi

43 1955 152 1983 amens,
180 1951 261 1977 muta
285 1950 316 1977 et.
343 1946 434 1977 surda
459 1946 515 1977 fit:
543 1945 694 1976 interdum
717 1945 804 1984 viget,
833 1947 861 1975 et

43 1991 163 2022 facunda
192 1995 247 2032 est,
278 1995 307 2022 et
335 1991 438 2021 audire
462 1994 568 2031 potest,
592 1994 679 2030 atque
695 1989 859 2030 percipere.

43 2036 206 2077 Aliquando
218 2045 307 2076 caeca,
324 2036 484 2076 aliquando
500 2035 626 2072 oculata,
636 2035 664 2065 in
681 2034 862 2076 profundita~

45 2084 98 2111 tem
115 2086 143 2111 et
158 2080 344 2112 altitudinem
368 2080 627 2120 contemplationis
641 2088 730 2120 supra
744 2083 861 2118 captum

44 2125 175 2156 humanae
205 2129 318 2156 natura
341 2125 457 2165 ingredi
485 2125 626 2162 enititur;
651 2124 810 2164 aliquando
826 2123 862 2154 ad

45 2179 159 2200 omnem
175 2170 461 2211 contemplationem
487 2170 597 2211 inepta,
622 2177 716 2210 eaque
744 2178 862 2209 vacans,

903 1716 1008 1758 indita,
1024 1719 1166 1760 gaudens,
1184 1725 1213 1752 et
1228 1716 1365 1753 velutsus
1380 1716 1510 1756 inrcteno
1524 1725 1554 1756 in
1571 1726 1616 1757 his
1635 1728 1723 1758 volu-

900 1761 955 1792 tari
970 1763 1197 1808 concupiscens,
1210 1766 1368 1808 carnisque
1380 1768 1438 1799 sibi
1446 1770 1623 1802 consociata;
1640 1775 1728 1802 volu-

901 1811 994 1847 ptates
1009 1807 1272 1855 atl'ectans._0uare
1286 1821 1373 1842 nemo
1382 1822 1398 1843 a
1409 1822 1534 1855 corpore
1549 1824 1602 1846 suo
1615 1816 1652 1847 ad
1664 1817 1728 1848 hac

901 1852 1050 1899 compelli,
1067 1856 1096 1882 et
1110 1853 1173 1899 cogi
1189 1863 1225 1899 ee
1239 1855 1417 1895 arbitretur,
1446 1852 1526 1899 quod
1542 1859 1647 1891 falsum
1666 1866 1723 1892 est.

902 1895 960 1942 Sed
976 1897 1056 1942 audi,
1073 1898 1243 1939 etintellige
1252 1895 1538 1942 quomodo.Egleba
1549 1908 1636 1935 terra).
1648 1905 1731 1937 Deus

902 1941 1054 1990 hominem
1070 1942 1164 1990 finxit.
1189 1943 1232 1990 En
1261 1946 1377 1977 ostendi
1397 1941 1464 1986 jam
1478 1947 1530 1978 tibi
1545 1958 1665 1990 corpus.
1683 1949 1730 1981 Tu

903 1985 1045 2024 vicissim,
1063 1988 1165 2027 quales
1190 1988 1219 2019 in
1247 1998 1281 2020 eo
1309 1985 1533 2030 concitationes,
1557 1985 1731 2025 sic-turbidi

904 2034 1001 2078 motus
1017 2031 1087 2069 sint,
1104 2033 1239 2078 ostende,
1265 2034 1343 2074 quod
1368 2036 1487 2075 penitus
1515 2047 1575 2068 non
1604 2039 1732 2078 poteris.

904 2075 979 2123 Quid
992 2080 1093 2123 postea
1102 2076 1117 2106 ‘?
1129 2077 1168 2108 Et
1180 2078 1343 2117 inspiravit
1356 2080 1434 2110 Deus
1447 2081 1481 2111 in
1491 2075 1691 2123 faciem-eius,
1705 2085 1736 2114 et

903 2119 1001 2159 factus
1009 2125 1051 2152 est
1061 2121 1149 2152 homo
1158 2125 1191 2152 in
1201 2122 1335 2154 animam
1349 2119 1498 2156 viventem
1508 2125 1547 2158 η.
1556 2119 1733 2158 Ειίώιιιιὶῐιο

905 2164 1062 2203 excitatus,
1078 2165 1182 2206 spiritu
1197 2166 1247 2207 qui
1263 2167 1293 2197 in
1308 2167 1372 2208 ipso
1388 2173 1450 2200 erat
1464 2170 1565 2210 (herili
1581 2171 1729 2210 videlicet)

43 2215 176 2246 universe
191 2220 381 2255 peccatorum
393 2215 612 2256 praeteritorum
626 2213 772 2250 meminit,
789 2213 862 2244 nihil
875 2215 1165 2266 Dco'rplusinovente
1180 2211 1348 2263 ambulabat
1363 2223 1373 2264 ἱ
1394 2215 1507 2265 ³τάῳὶ
1520 2219 1570 2266 aut
1594 2216 1733 2266 incitatio

43 2260 198 2300 quidquam
209 2260 307 2291 simile
319 2260 488 2299 excogitans
499 2269 619 2300 prorsus
632 2270 640 2297 ;
651 2267 864 2298 nonnunquam
875 2255 895 2262 ”’
912 2255 1056 2294 libidinis,
1073 2260 1124 2287 aut
1138 2255 1225 2287 bruta
1240 2257 1350 2288 ventris
1364 2257 1538 2296 insania,’et
1551 2260 1735 2292 immodera-

43 2304 132 2341 varie,
150 2304 231 2335 velut
246 2313 305 2335 non
320 2304 396 2335 facta
415 2304 557 2344 cogitans,
576 2308 604 2334 et
621 2303 870 2344 comminiscens,

45 2351 72 2378 et
86 2349 222 2389 nequiter
236 2358 339 2389 agens,
367 2352 395 2379 et
421 2353 557 2389 tanquam
575 2349 694 2379 flamma
725 2347 755 2377 in
783 2347 872 2386 lignis

47 2393 172 2424 humidis
187 2393 269 2425 fumo
285 2394 436 2432 suffocata,
464 2394 496 2424 fit
513 2394 652 2433 maligna,
669 2401 730 2424 non
746 2392 776 2423 in
793 2401 870 2433 prae-

48 2442 144 2469 sentes
171 2443 298 2476 tantum,
327 2439 380 2470 sed
411 2439 491 2470 etde
519 2438 692 2469 absentibus
719 2437 870 2468 nonnullis

50 2491 123 2523 saepe
138 2483 249 2523 inania,
267 2488 295 2514 et
311 2483 383 2514 falsa
411 2483 440 2532 i_n
468 2483 627 2524 semetipsa
655 2482 803 2532 fabricans
833 2482 872 2532 Et

51 2536 112 2557 cum
127 2537 178 2559 cor
192 2529 318 2558 multum
334 2528 534 2565 contristetur,
559 2536 615 2558 nec
640 2536 707 2557 cum
724 2530 824 2557 mente
839 2528 870 2557 in

51 2572 151 2603 talibus
166 2573 286 2611 sentiat,
304 2573 376 2604 nihil
394 2573 512 2614 penitus
528 2577 625 2603 tamen
641 2571 798 2612 proficere,
814 2580 870 2602 nec

52 2621 179 2648 avertere
206 2619 302 2658 ipsam
327 2627 344 2649 a
365 2618 447 2649 vanis
470 2616 695 2656 cogitationibus
711 2620 816 2656 potest.
834 2615 870 2646 Et

52 2659 186 2693 hactenus
202 2662 240 2694 de
258 2662 472 2693 mutationibus
488 2661 606 2701 mentis,
622 2661 786 2702 animaeque
811 2671 867 2692 no-

54 2708 114 2735 stra:
128 2706 332 2747 intelligentis,
350 2717 383 2739 ac
398 2707 505 2738 divinae
519 2706 630 2737 dictum
647 2709 723 2737 esto.

77 2749 155 2791 ,Quw
172 2761 262 2793 porro
277 2752 357 2784 circa
381 2760 488 2793 corpus
516 2750 673 2782 varietates
689 2749 775 2782 nobis
791 2758 866 2780 con-

90 2844 116 2870 “
129 2847 255 2888 Gen._u,
271 2848 303 2880 7.
346 2847 376 2873 ‘5
387 2847 463 2880 Gen.
480 2855 512 2887 ιι,
529 2847 559 2880 9.
603 2845 633 2871 ίθ
647 2844 726 2878 Ibid.
742 2843 792 2875 25.

913 2305 959 2332 tus
988 2301 1046 2332 cibi
1075 2301 1222 2342 appetitus
1250 2311 1394 2343 nusquam
1415 2304 1512 2336 adhuc
1536 2305 1732 2346 apparebant,

913 2346 1029 2387 vitaque
1045 2347 1213 2387 tranquille,
1231 2351 1261 2378 et
1275 2346 1349 2379 citra
1370 2349 1538 2381 molestiam
1556 2350 1736 2382 traduceba-

913 2396 970 2422 tur.
988 2391 1148 2422 Videamus
1163 2391 1262 2431 igitur,
1281 2401 1318 2423 ne
1334 2392 1419 2431 forte,
1436 2395 1504 2434 quia
1528 2404 1588 2426 non
1603 2396 1737 2427 exstabat

913 2436 1034 2475 femina,
1051 2440 1101 2467 aut
1115 2436 1184 2476 quia
1200 2446 1259 2481 non
1279 2437 1507 2477 suppeditabant
1518 2448 1603 2478 escae,
1617 2440 1737 2481 cupidi-

913 2485 1003 2512 tatem
1020 2481 1179 2521 irritantes,
1197 2480 1307 2512 idcirco
1330 2482 1419 2514 homo
1435 2493 1491 2514 nec
1506 2485 1542 2515 ad
1558 2480 1740 2516 concubitus

911 2525 1104 2562 desiderium,
1133 2534 1188 2556 nec
1211 2525 1247 2556 ad
1276 2526 1436 2564 ingluviem
1466 2531 1645 2560 moveretur.
1661 2528 1738 2566 Quid

911 2579 981 2610 ergo
997 2569 1060 2600 ait?
1076 2569 1288 2610 Produritque
1308 2571 1455 2603 Dominus
1481 2573 1560 2604 Deus
1584 2574 1621 2606 de
1647 2573 1740 2605 humo

910 2623 998 2646 omne
1007 2615 1123 2655 lignum
1132 2614 1292 2654 pulchrum
1308 2615 1373 2647 risu
1382 2616 1411 2642 l5
1422 2638 1429 2646 .
1447 2616 1489 2648 Et
1499 2621 1586 2650 erant
1601 2618 1703 2650 Adam
1713 2621 1740 2650 et

908 2659 977 2690 Eva
988 2659 1020 2689 in
1027 2658 1173 2698 paradiso
1183 2658 1269 2700 nudi,
1281 2663 1311 2691 et
1322 2669 1383 2691 non
1393 2660 1608 2694 erubescebant
1614 2662 1643 2687 ¹ϐ
1652 2687 1659 2694 .
1672 2662 1740 2694 Cer-

909 2704 966 2741 nis,
985 2712 1083 2744 neque
1108 2703 1178 2743 quia
1206 2703 1317 2735 femina
1341 2710 1423 2736 esset
1451 2706 1523 2746 Eva,
1554 2716 1652 2748 neque
1673 2706 1742 2748 quia

911 2754 1014 2781 essent
1027 2749 1115 2781 ambo
1131 2748 1215 2789 nudi,
1233 2749 1301 2782 ideo
1329 2751 1453 2783 alterius
1482 2761 1518 2783 ex
1546 2752 1622 2793 ipsis
1638 2753 1741 2785 laesam
