1983 3072
235 167 294 201 399

895 161 1084 197 SYMEONIS
1103 163 1279 196 JUNIORIS

1870 167 1940 200 400
1963 181 1964 184 η

235 245 303 268 esse
319 232 518 276 pudicitiam?
534 231 592 265 Sed
621 235 649 263 et
675 231 746 262 nudi
776 235 870 269 erant,
900 235 929 263 et
954 241 985 262 se
1001 241 1061 262 non
1072 235 1093 259 Α
1104 231 1214 264 fundit.
1233 230 1385 264 Postremo
1397 233 1454 264 alia
1465 238 1565 275 restat,
1577 245 1644 275 quae
1660 237 1836 268 connivente
1851 237 1942 269 bono

235 279 465 320 cognoscebam,
496 288 552 310 nec
583 277 811 315 erubescebant,
836 286 892 308 nec
921 281 1019 307 tamen
1044 286 1061 306 a

235 329 339 357 natura
354 323 487 364 corporis
502 323 537 354 ad
554 332 617 354 rem
630 322 799 353 habendam
812 321 1057 352 sollicilabantur.

235 369 294 401 Sed
311 372 375 410 post
390 371 555 409 peccatum,
573 373 603 398 et
626 367 905 407 transgressionem,
933 371 962 396 et
977 370 1059 406 post-

234 423 322 455 quam
339 413 476 454 paradiso
493 412 580 453 pulsi,
598 421 631 443 as
661 413 722 443 Deo
752 411 854 442 nudati
884 411 1012 448 fuerunt,
1032 414 1061 440 et

233 459 333 491 divina
356 458 420 498 ejus
437 457 531 497 gloria
562 457 747 494 exciderunt,
772 460 852 493 tunc,
870 460 903 486 ut
916 455 1059 496 scriptum

232 509 278 536 est
295 513 302 536 :
322 503 573 543 CognovitAdam
585 511 714 533 uxorem
722 511 821 537 suam.
835 503 1061 541 concepitqueet

229 549 349 590 peperit
363 548 389 572 17
403 573 410 579 .
427 547 570 587 Proinde,
586 547 709 584 dilecte,
727 546 752 577 si
772 550 802 576 tu
828 555 943 586 quoque
965 546 1058 576 Deum

232 593 350 624 sincere
364 592 520 632 amaveris,
538 596 567 622 et
581 591 611 622 in
635 591 699 631 ejus
725 590 885 621 dilectione
901 590 1057 626 manseris,

233 648 385 679 nunquam
400 637 477 668 ullus
492 636 585 668 animi
608 641 706 667 motus
722 645 738 666 a
753 635 869 666 ratione
888 635 1003 665 alienus
1020 634 1059 664 tui

233 682 436 715 dominabitur
451 691 457 713 :
477 691 574 722 neque
590 681 723 721 corporis
739 680 918 711 necessitate
934 680 1059 720 quadam

234 727 390 769 tyrannide
405 726 564 767 opprimet.
583 725 666 757 Sicut
677 725 756 756 enim
768 733 876 765 corpus
888 724 951 755 sine
963 724 1061 769 anima

1103 277 1175 314 Deo,
1193 287 1227 308 ac
1243 278 1368 309 Domino
1385 282 1498 318 nostro,
1525 281 1690 311 secundum
1714 283 1941 313 aeconomicam

1102 321 1319 353 institutionem
1335 323 1371 353 ad
1387 323 1583 355 humilitatem
1600 325 1687 356 nobis
1711 335 1726 358 a
1743 327 1942 358 daemonibus

1102 366 1365 398 inferturtentatio.
1378 367 1517 403 Quaenam
1528 368 1630 400 isthzec
1644 370 1656 400 ἶ)
1669 371 1766 410 ipsum
1779 373 1833 402 hoc
1843 381 1938 407 onus,

1102 414 1131 441 et
1147 412 1409 452 ponduszcorporis
1422 413 1524 450 nostri,
1543 414 1621 453 quod
1636 416 1769 455 quamvis
1780 416 1861 447 nulla
1873 417 1940 447 alia

1101 455 1138 502 de
1155 465 1253 496 causa,
1273 461 1393 497 propter
1415 466 1519 488 vanam
1535 458 1658 497 gloriam
1674 460 1782 496 solum,
1800 465 1849 491 aut
1865 462 1935 492 ela—
1963 495 1964 502 γ

1101 499 1212 530 tionem
1227 501 1318 531 animi
1342 506 1391 532 aut
1417 511 1469 542 per
1492 503 1712 535 damnationem
1742 506 1875 543 alterius,
1896 511 1936 537 ut

1102 546 1286 585 negligentis,
1306 551 1354 577 aut
1369 551 1489 587 propter
1504 547 1574 578 alias
1602 549 1689 579 etiam
1707 559 1813 581 causas
1829 551 1935 591 pluri-
1963 569 1964 582 ι

1102 599 1174 627 mas,
1194 590 1321 621 daemoni
1338 591 1462 621 traditur
1476 592 1506 622 in
1518 593 1668 623 interitum
1687 595 1795 632 carnis,
1813 590 1842 626 et
1857 606 1936 626 con-

1102 634 1365 666 tritionemanimze
1378 646 1385 676 ;
1399 635 1603 676 probationem
1617 645 1697 676 vero,
1707 640 1936 670 etexercitatio—
1963 644 1964 647 ‘

1102 688 1169 708 nem
1182 680 1356 719 ampliorem
1369 681 1513 719 ejusdem,
1529 686 1667 713 etutcum
1675 683 1789 714 viscera
1799 685 1899 724 pietati
1909 697 1934 719 -·.

1103 727 1131 753 et
1142 724 1362 755 miserationem
1375 725 1511 756 Deicirca
1523 737 1576 757 nos
1588 728 1822 766 cognoverimus,
1835 733 1932 759 totum

233 767 270 804 ad
286 772 362 803 nihil
379 771 491 802 moveri
506 774 603 811 potest
619 779 626 800 :
652 769 695 800 sic
710 778 806 809 neque
822 769 882 799 Deo
899 778 952 814 per
967 767 1061 814 chari-
1102 768 1216 814 amoris
1230 769 1365 800 affectum
1388 769 1424 800 ad
1440 781 1506 801 eum
1521 773 1742 812 transferamus,
1760 777 1882 814 totoque
1899 775 1933 804 in

234 821 323 848 tatem
342 816 500 856 eonjuncta
514 814 614 845 anima
641 813 679 844 ad
707 814 817 844 ventris
847 817 877 844 et
902 812 1059 843 libidinum
1102 813 1184 842 illum
1202 813 1350 844 desiderio
1365 814 1505 847 feramur.
1523 815 1618 851 Quare
1634 822 1662 847 et
1676 817 1739 847 haec
1752 827 1810 848 non
1823 812 1934 849 omnes

231 862 397 902 voluptates
405 859 592 901 pessumdari
606 867 612 889 :
626 867 682 889 nec
693 858 729 889 ad
741 857 963 898 aliasjquasdam
981 857 1061 904 cupi-
1071 880 1091 904 Β
1103 857 1202 888 omnia
1213 863 1324 904 norunt
1340 869 1346 889 :
1365 859 1416 889 sed
1427 859 1533 890 animm
1548 861 1666 900 quidem
1683 861 1886 900 alterationes,
1900 868 1934 894 et

233 901 340 937 ditates
355 915 455 937 rerum
472 903 712 944 aspectabilium,
730 905 780 933 aut
807 912 867 932 non
892 906 992 942 aspect
1004 901 1058 950 ibi-
1072 901 1089 904 ”
1102 902 1236 942 cm‘poris
1251 903 1440 941 mutationes,
1458 906 1506 944 qui
1530 906 1721 936 mediocriter
1731 907 1770 950 ad
1786 907 1931 938 virtutem

232 950 316 988 lium,
332 950 363 980 iu
375 948 483 989 quibus
494 948 592 978 locum
607 947 697 978 habet
709 946 891 987 perturbatio
906 957 912 977 :
931 946 1060 986 quant‘lu-
1102 947 1198 977 affecti
1214 951 1293 984 sunt,
1312 957 1414 978 eorum
1427 950 1551 989 quisque
1562 960 1596 980 ex
1610 955 1691 990 parte
1707 947 1798 990 novit,
1813 953 1836 982 si
1849 953 1932 984 forte

234 994 354 1036 quidem
367 993 514 1034 appetitus
529 992 628 1023 cordis
655 991 730 1032 ejus,
761 995 811 1022 aut
840 991 936 1036 potius
965 990 1060 1036 omnis
1103 992 1306 1033 contigeritjin
1334 993 1398 1034 ipso
1428 995 1577 1034 quippiam
1606 996 1812 1035 hujuscemodi
1831 1008 1837 1027 :
1856 1007 1930 1028 mm

232 1034 386 1071 inclinatio
402 1038 561 1069 voluntatis
587 1037 663 1077 ejus,
690 1045 756 1067 cum
786 1035 866 1067 dulci
892 1045 993 1066 amore
1008 1034 1060 1065 Dei
1103 1037 1189 1075 plane
1206 1038 1337 1069 tenebris
1352 1039 1462 1069 effusos
1478 1049 1537 1070 non
1552 1034 1701 1071 curamus.

233 1084 369 1115 devincta
385 1087 440 1114 est.
457 1082 523 1123 Ipsa
535 1082 626 1121 igitur
639 1080 792 1113 Conditori
806 1090 858 1126 suo
870 1080 1016 1126 colligata.
1031 1083 1063 1110 ut
1143 1083 1182 1112 At
1197 1092 1269 1122 quas
1284 1093 1368 1114 mens
1384 1083 1492 1122 patitur
1507 1086 1727 1126 conversiones,
1745 1091 1773 1116 et
1790 1087 1933 1118 mutatio-

232 1128 373 1169 diximus,
391 1127 478 1163 cedo.
495 1126 675 1167 quomodoa
691 1134 816 1167 corpore
845 1124 986 1160 incendi,
1014 1129 1063 1155 aut
1103 1135 1166 1162 nes,
1183 1126 1220 1157 de
1233 1127 1339 1167 quibus
1364 1128 1504 1166 diximus,
1534 1129 1588 1159 soli
1618 1124 1742 1161 turbidis
1772 1131 1932 1162 affectibus

232 1174 357 1211 moveri,
375 1176 425 1204 aut
439 1181 494 1213 per
520 1172 618 1212 ipsum
650 1171 855 1210 suaslomnino
886 1169 1065 1210 Cupiditates
1103 1175 1250 1208 carentes,
1269 1176 1297 1203 et
1312 1173 1446 1212 perfecti,
1464 1174 1530 1213 puri
1546 1178 1574 1204 et
1603 1174 1690 1205 liberi
1716 1176 1815 1206 anima
1838 1181 1930 1216 atque

233 1219 354 1259 explere
369 1216 489 1258 potest?
1103 1221 1200 1247 mente
1230 1225 1425 1256 cognoscunt.
1457 1217 1533 1253 Quin
1563 1227 1599 1248 ne
1625 1218 1682 1258 ipsi
1707 1219 1839 1259 quidem.
1858 1221 1928 1251 Non

272 1264 416 1295 Naturam
428 1265 527 1292 autem
539 1263 769 1300 consequentes,
782 1263 810 1290 et
820 1259 850 1289 in
862 1259 924 1299 ipso
935 1268 1058 1304 corpore
1102 1261 1179 1290 enim
1196 1261 1241 1291 sui
1263 1261 1407 1301 ipsorum,
1428 1262 1479 1292 sed
1492 1262 1616 1293 alterius
1628 1268 1706 1300 sunt,
1719 1273 1736 1295 a
1751 1274 1808 1304 quo
1825 1265 1862 1295 de
1878 1265 1928 1296 his

231 1307 408 1339 exsistentes
423 1307 603 1337 mutationes
619 1304 784 1334 manifestae
813 1308 903 1341 sunt;
920 1303 1059 1334 omnibus
1101 1306 1187 1335 etiam
1205 1305 1389 1336 erudiuntur.
1408 1307 1557 1337 Interdum
1570 1307 1679 1347 quippe
1693 1318 1727 1339 ex
1744 1303 1806 1339 istis
1821 1309 1925 1340 diver—

231 1352 323 1393 enim,
337 1352 426 1383 etiam
435 1350 556 1390 sanctis,
569 1348 931 1388 contingunt.Aliquando
939 1352 967 1378 et
978 1348 1056 1379 enim
1100 1349 1234 1380 sitalibus
1250 1351 1342 1381 menti
1357 1351 1571 1388 accidentibus,
1588 1353 1808 1391 constringitur,
1821 1354 1925 1384 trista—

232 1392 338 1428 sanum
358 1405 424 1427 esse
433 1395 552 1432 dicitur,
566 1403 633 1425 cum
646 1393 696 1424 illa
707 1403 741 1423 ex
753 1392 861 1433 quibus
877 1397 1057 1428 concretum,
1102 1399 1208 1434 turque
1223 1395 1332 1430 anima,
1351 1405 1417 1426 cum
1446 1396 1484 1426 de
1510 1397 1647 1436 praesenti
1675 1397 1781 1436 gaudio
1813 1398 1928 1438 aliquid

233 1446 263 1472 et
277 1441 473 1481 compositum
489 1444 542 1470 est.
560 1448 620 1469 non
635 1438 790 1469 dissident.
809 1437 974 1477 Aliquando
985 1447 1062 1467 mor-
1103 1439 1245 1469 amiserit.
1256 1439 1467 1470 Verumtamen
1475 1440 1597 1470 viriliter
1605 1446 1736 1472 mentem
1751 1437 1927 1473 exsuscitat.

233 1485 306 1517 bum
322 1485 434 1516 sentire
445 1484 572 1523 cogitur,
585 1482 702 1523 quando
713 1491 805 1523 unum
817 1491 852 1512 ex
863 1485 987 1521 quatuor
1000 1482 1061 1512 ele-
1104 1482 1255 1513 Interdum
1272 1493 1340 1514 vero
1364 1493 1448 1515 mens
1474 1483 1504 1514 in
1529 1484 1575 1515 his
1602 1495 1668 1525 quae
1698 1486 1809 1525 patitur
1827 1486 1932 1517 anima

237 1530 348 1561 mentis
364 1529 461 1569 seipso
474 1528 520 1559 vel
537 1527 666 1567 acutius,
678 1526 723 1557 vel
737 1526 879 1556 minutius
891 1530 993 1556 contra
1007 1526 1062 1556 alia
1073 1541 1092 1565 ε
1105 1529 1281 1567 compatitur
1292 1528 1403 1569 etipsa,
1417 1533 1446 1559 et
1458 1528 1489 1559 in
1509 1534 1596 1560 nocte
1615 1530 1725 1561 versari
1740 1536 1862 1570 urgetur
1876 1531 1931 1562 illa

235 1574 446 1611 insurrexerit,
465 1573 522 1603 imo
539 1572 574 1604 ab
590 1572 649 1602 illis
665 1571 812 1602 devictum
829 1580 1063 1611 oppressumque

235 1619 338 1651 fuerit.
353 1618 430 1650 Hinc
454 1617 676 1655 distillationes,
705 1619 902 1646 extremarum
928 1615 1062 1655 corporis

234 1663 360 1704 partium
379 1662 589 1699 mutilationes,
608 1665 636 1692 et
661 1670 872 1700 nonnunquam
891 1659 980 1690 totius
995 1660 1061 1691 ani-

236 1709 344 1739 mantis
357 1707 506 1748 pernicies
518 1710 549 1737 et
560 1705 710 1743 interitus,
720 1705 793 1735 citra
804 1705 944 1735 damnum
956 1704 1062 1735 animae

234 1757 354 1790 nostra,
371 1762 438 1783 cum
453 1753 561 1782 horum
577 1749 705 1790 plurima
732 1758 766 1780 ex
780 1749 1007 1789 intemperantia
1023 1749 1063 1779 vi-

233 1801 300 1828 ctus
315 1799 511 1835 generentur.
527 1794 730 1831 Quorumdam
745 1801 814 1823 vero
827 1801 983 1833 corporum
999 1803 1049 1823 mu

233 1842 304 1873 talio
321 1841 418 1872 ventis
434 1844 463 1871 et
477 1840 540 1870 aeri
555 1837 734 1869 ascribenda
750 1842 805 1868 est.
822 1837 882 1868 Aer
896 1838 975 1868 enim
992 1838 1060 1878 quia

232 1885 368 1926 frigidus,
396 1884 527 1924 corporis
551 1883 686 1922 frigidam
698 1882 801 1912 sortita
817 1886 950 1913 naturam
965 1883 1058 1912 οῐΐρη-

233 1930 287 1968 dit,
304 1940 338 1961 ac
353 1929 500 1966 debilitat,
519 1932 550 1959 ut
566 1927 691 1958 nimium
708 1926 1057 1966 {refrigeratavideliceL

232 1975 309 2015 Alia,
327 1974 469 2015 quoniam
484 1972 694 2004 constitutione
718 1971 859 2002 calidiora
877 1975 956 2009 sunt,
983 1971 1057 2003 ccelo

232 2020 387 2060 frigidiore
404 2017 582 2059 temporaria
595 2018 691 2058 potius
702 2026 737 2047 ac
751 2016 915 2047 valentiora
928 2017 1058 2048 reddun-

233 2069 289 2096 tur.
306 2065 426 2101 Conlra,
444 2072 512 2094 cum
528 2072 579 2093 aer
608 2061 775 2099 incaluerit,
802 2061 907 2101 frigida
921 2062 1058 2093 foventur

232 2108 461 2149 quodammodo,
476 2112 505 2139 et
514 2106 694 2138 reviviscunt
708 2116 715 2144 ;
730 2110 761 2136 ut
772 2116 890 2143 muscm,
903 2110 930 2137 et
942 2107 1058 2148 reliqua

230 2154 346 2186 insecta
360 2163 377 2184 a
391 2152 486 2184 radiis
496 2151 643 2183 solaribus
654 2151 809 2191 tepefacta,
824 2154 853 2181 et
863 2151 1014 2188 validiora,
1028 2156 1057 2183 et

1104 1572 1236 1612 quidem,
1253 1573 1305 1603 sed
1315 1583 1373 1603 non
1392 1573 1490 1604 cedit:
1508 1577 1631 1605 conatur
1645 1579 1744 1605 autem
1765 1576 1930 1606 manerein
1961 1583 1962 1586 ‘

1104 1616 1228 1655 lumine,
1246 1621 1274 1648 et
1287 1617 1408 1648 forsitan
1425 1618 1513 1648 etiam
1530 1618 1658 1649 animam
1687 1619 1826 1651 illustrat.
1843 1620 1931 1652 Alias

1103 1671 1221 1692 rursum
1237 1662 1273 1692 ab
1290 1662 1469 1693 inconstanti
1486 1663 1663 1704 etinthuali
1677 1665 1811 1705 corporis
1826 1665 1930 1696 habitu

1103 1708 1417 1747 utraqudpremuntur
1424 1708 1628 1740 vehementer.
1638 1709 1804 1749 Aliquando
1811 1710 1929 1740 extrin—
1962 1728 1964 1731 ι

1103 1760 1187 1782 secus
1203 1756 1369 1791 gravantur,
1388 1756 1417 1783 et
1440 1762 1514 1783 onus
1539 1753 1690 1791 sentiunt;
1717 1758 1747 1785 et
1773 1758 1871 1785 tamen
1896 1754 1929 1784 in

1104 1805 1175 1835 pace
1204 1800 1282 1828 sunt.
1311 1796 1461 1827 Interdum
1491 1797 1672 1828 intrinsecus
1698 1798 1865 1837 turbantur,
1900 1803 1930 1829 et

1103 1844 1336 1878 commoventur,
1350 1841 1681 1882 perturbationibusque
1686 1843 1849 1882 generatim
1857 1842 1930 1873 sub-

1102 1884 1222 1922 duntur,
1240 1889 1272 1915 ut
1286 1885 1334 1925 qui
1351 1885 1470 1925 patitur,
1490 1886 1619 1926 priorem
1631 1887 1852 1927 tranquillitatis
1866 1897 1929 1918 sua:

1101 1929 1302 1960 conditionem
1319 1939 1438 1970 sperare
1448 1940 1506 1961 non
1520 1931 1624 1970 possit.
1641 1932 1691 1962 Sic
1702 1932 1801 1972 itaque
1812 1932 1927 1968 anima,

1100 1977 1129 2004 et
1144 1983 1228 2004 mens
1244 1984 1261 2004 a
1275 1984 1411 2014 corpore,
1427 1984 1510 2005 mens
1524 1976 1561 2006 ab
1577 1976 1676 2007 anima
1689 1977 1764 2017 ipsa,
1784 1981 1814 2007 et
1828 1977 1930 2008 anima

1099 2017 1228 2058 denique
1239 2023 1371 2057 amente,
1387 2023 1415 2050 et
1427 2029 1551 2060 cerpore
1563 2020 1661 2059 habet,
1672 2020 1750 2061 quod
1762 2021 1927 2061 delinquit.

1097 2061 1199 2106 Neque
1213 2063 1276 2106 haec
1291 2064 1360 2101 duo,
1370 2063 1467 2106 anima
1476 2068 1508 2106 et
1515 2074 1600 2095 mens
1610 2074 1729 2106 semper
1743 2065 1902 2097 turbantur
1919 2075 1925 2096 :

1097 2103 1149 2133 sed
1164 2112 1199 2133 ex
1217 2103 1253 2133 iis
1269 2107 1313 2134 est
1329 2104 1446 2144 quando
1462 2105 1559 2135 anima
1580 2103 1691 2145 patitur
1706 2106 1779 2142 sola,
1797 2115 1926 2146 percun-

1098 2150 1252 2188 ctaturque
1265 2158 1360 2186 mens,
1374 2152 1413 2187 et,
1424 2149 1506 2189 quid,
1520 2150 1625 2190 inquit,
1639 2154 1683 2180 est
1694 2151 1747 2181 tibi
1759 2151 1771 2182 ‘3
1783 2151 1927 2191 illamque
1962 2164 1964 2187 ;

230 2199 354 2239 agiliora
369 2198 507 2230 evadunt.
524 2197 561 2228 At
575 2196 683 2237 quibus
704 2195 874 2227 constitutio
892 2196 988 2227 calida
1003 2201 1055 2234 est,
1069 2210 1090 2234 D
1101 2193 1280 2239 00115013171111
1297 2192 1448 2223 Interdum
1474 2203 1558 2224 mens
1574 2199 1748 2233 excaecat“,
1767 2200 1796 2226 ει
1811 2195 1923 2234 οδιθὲί·

228 2243 491 2276 vehementissime
507 2241 715 2278 exardescunt,
731 2245 760 2271 et
775 2242 811 2271 ad
827 2250 945 2272 omnem
961 2241 1055 2272 actio-

229 2298 298 2319 nem
313 2293 401 2329 atque
416 2291 528 2318 motum
542 2285 681 2317 similiter
691 2285 840 2324 languida,
856 2289 884 2315 et
905 2285 1054 2316 imbecilla

229 2331 305 2362 ﬁunt
321 2341 328 2364 :
346 2331 501 2363 etomnino
511 2329 744 2370 unumquodque
757 2338 808 2369 pro
823 2333 1055 2369 temperamento

229 2385 283 2408 suo
296 2377 326 2407 in
337 2376 415 2408 aeris
426 2380 639 2415 ventorumque
655 2374 817 2405 mutatione
831 2375 927 2414 ipsum
939 2384 1056 2415 quoque

229 2431 282 2462 pro
299 2426 364 2453 rata
379 2421 516 2462 portione
525 2419 720 2450 mutationem
733 2419 873 2450 admittit.
885 2418 961 2454 Quin
971 2420 1059 2450 etiam

228 2465 295 2497 sine
306 2466 353 2497 bis
366 2465 525 2507 separatim
548 2474 583 2496 ex
598 2464 678 2502 cibo,
696 2467 827 2504 potuque
843 2463 1015 2499 immodico.
1033 2469 1061 2495 et

227 2519 263 2542 ex
277 2510 508 2551 intemperantia
519 2508 687 2540 immutatio
703 2508 848 2548 sequitur.
864 2508 1011 2539 Prmterea
1025 2518 1060 2540 ex

227 2555 319 2586 multo
348 2564 466 2595 somno,
496 2563 530 2585 ac
560 2553 675 2590 labore,
701 2556 751 2583 aut
775 2552 893 2592 pigritia
909 2553 1053 2592 corporis.

226 2599 355 2631 Rursum
371 2600 428 2630 alia
442 2602 497 2637 est,
515 2597 592 2638 quod
611 2607 644 2628 ex
660 2597 723 2638 ipsa
740 2596 931 2627 concretione
946 2607 1054 2637 corpo-

224 2644 277 2682 ris,
297 2648 326 2676 et
340 2644 439 2675 calore
456 2642 582 2674 naturali
599 2641 773 2682 producitur
788 2641 936 2672 fumosum
953 2641 1068 2686 incen-v

225 2689 318 2728 dium,
335 2689 416 2721 velut
430 2689 467 2719 ab
483 2696 559 2728 aqua
573 2687 728 2718 exstinctis
758 2686 949 2725 carbonibus,
976 2688 1053 2727 quod

225 2734 297 2765 alias
312 2737 401 2775 caput
414 2733 510 2766 solum
526 2731 608 2772 petit,
639 2731 711 2762 alias
729 2734 790 2762 toto
807 2739 839 2762 se
854 2739 978 2770 corpore
993 2731 1052 2761 dif-

272 2828 301 2853 ”
318 2827 394 2862 Gen.
410 2837 450 2868 1v,
468 2829 497 2862 1.

1100 2239 1159 2275 tur,
1190 2238 1347 2277 animaque
1376 2247 1442 2268 cum
1470 2239 1507 2268 sit
1532 2239 1637 2276 libera,
1664 2240 1770 2271 virtute
1787 2239 1864 2278 ignis
1880 2240 1926 2271 sui

1097 2282 1285 2322 persequitur
1300 2282 1468 2321 caliginem,
1496 2287 1525 2313 et
1539 2283 1654 2315 sublato
1676 2285 1821 2315 velamine
1837 2295 1925 2316 men-

1097 2332 1159 2377 tem
1174 2327 1243 2357 facit
1259 2327 1404 2377 aspicere.
1423 2327 1633 2377 Quamobrem,
1660 2334 1758 2377 patres
1774 2333 1803 2360 et
1821 2329 1927 2360 fratres
1962 2362 1964 2377 ,

1102 2371 1171 2402 mei.
1192 2381 1250 2402 non
1265 2372 1360 2406 solum
1374 2372 1561 2412 mutationes,
1577 2374 1786 2404 conversiones
1803 2384 1928 2415 quaeque

1102 2416 1188 2446 nobis
1204 2417 1343 2447 eveniunt
1371 2417 1574 2455 alterationes,
1604 2427 1704 2450 verum
1729 2419 1816 2450 etiam
1848 2419 1927 2449 unde
1963 2422 1964 2426 ‘

1103 2462 1250 2499 eveniant,
1269 2465 1297 2492 et
1314 2462 1474 2502 quomodo,
1493 2466 1521 2492 et
1536 2473 1552 2493 a
1576 2463 1694 2503 quibus,
1723 2463 1832 2503 quique
1847 2464 1928 2494 venti

1101 2506 1312 2546 cogitationum
1327 2506 1450 2546 spirent,
1469 2511 1497 2537 et
1512 2517 1545 2537 ex
1561 2508 1667 2548 quibus
1683 2518 1837 2548 pravarum
1851 2509 1925 2539 alTe-

1102 2551 1243 2588 ctionuni,
1262 2551 1515 2592 tentationumque
1531 2553 1653 2583 flumina
1665 2553 1858 2590 descendant,
1875 2558 1927 2584 aut

1097 2596 1320 2636 superveniant,
1333 2596 1500 2636 intelligere
1513 2597 1668 2636 debemus,
1684 2603 1713 2629 ut
1725 2598 1846 2628 domum
1859 2598 1924 2629 ani-

1097 2651 1154 2672 mae
1169 2645 1230 2671 tuto
1246 2641 1412 2680 firmemus,
1430 2645 1458 2671 et
1474 2642 1582 2680 navigii
1598 2643 1713 2674 clavum
1724 2643 1802 2674 bene
1817 2644 1924 2674 mode-

1095 2694 1199 2717 remur
1210 2695 1247 2716 ne
1258 2686 1331 2716 artis
1344 2686 1486 2726 imperiti,
1498 2691 1659 2728 naturaque
1670 2688 1818 2719 inhabiles
1826 2688 1923 2728 ipsum

1096 2739 1248 2762 versemus
1265 2739 1272 2761 :
1291 2740 1418 2770 quorum
1434 2731 1633 2771 cognitionem
1651 2734 1709 2764 vita
1727 2733 1859 2764 studiose
1874 2742 1923 2763 se-
