1983 3072
12 198 63 231 101
735 203 846 234 νΟΗΑΤ

910 202 990 232 XIX.
1654 191 1713 225 402

12 267 148 298 τυηᾶιιπι
164 269 296 308 regulam
323 275 465 310 perpetuo
493 274 557 301 acta
581 269 761 310 suppeditat.
781 267 841 298 Sibi
853 271 873 295 Α
886 266 968 306 pias;
986 264 1175 310 sedarculam
1187 262 1309 310 quidem
1323 262 1711 310 obsignatam,_mag.noqlte,

12 311 92 341 :nim
111 312 167 352 ipsi
186 305 346 344 terminum
363 305 395 345 anc
421 320 519 355 typum
535 305 647 355 ponere
663 314 843 344 monachum
886 305 916 341 et
933 310 1074 356 opulento
1099 309 1238 356 thesauro
1258 308 1419 356 refertam,
1438 305 1570 356 quandiu
1595 305 1626 334 in
1652 305 1712 356 vita

12 351 144 395 iportet,
164 363 193 388 et
211 359 288 389 scire
303 369 360 400 quo
379 351 464 398 pacto
479 351 588 399 singuli
603 359 668 390 dies
684 357 845 399 peragendi
887 353 1314 402 commoraristcircumferas,
1384 351 1545 402 diximus,‘
1558 353 1590 402 tu

12 392 81 437 ςῖηι,
102 392 328 434 utcurriculum
340 392 456 434 virtutis
466 392 601 444 expedite
612 392 700 444 queat
711 392 843 438 curvrere,
887 400 950 440 ipse
966 392 1181 444 interea-fame,
1199 398 1265 444 Silii
1278 396 1410 444 “Andium
1421 394 1590 444 ςτυεὲθτίς
1609 392 1713 444 Νυέ¹ιξε

12 449 35 475 .‘t
54 455 96 476 ne
114 456 169 486 per
184 448 329 478 inscitiam
355 458 459 479 cursus
485 449 548 488 ejus
576 448 768 488 impediatur.
796 447 845 477 Sic

12 489 100 520 etiam
120 491 180 522 sibi
195 492 272 522 viam
289 493 404 524 virtutis
415 502 553 532 asperam
567 492 654 523 simul
672 496 701 523 et
715 491 844 522 laborio-

12 543 71 564 sam
89 537 297 576 complanabit
311 548 316 568 :
328 547 395 568 cum
410 538 550 568 nimirum
564 537 709 574 habitum,
724 545 850 567 consue~

12 579 212 620 ,udinemque
220 586 299 613 recte
309 582 435 613 faciendi
448 582 665 622 acquisierit,et
675 581 844 622 proﬁciens,

12 625 268 666 iscensionesque
297 627 327 658 in
352 627 442 657 corde
478 636 530 657 suo
555 627 728 666 disponens,
757 630 786 656 et
812 635 844 656 ex

12 669 113 708 parvis
130 670 167 700 ad
184 671 297 711 majora
313 671 548 712 perfectioraque
577 681 608 702 se
632 671 770 702 attollens
784 669 845 700 Deo

12 713 160 751 placebit,
179 715 385 756 dictorumque
417 725 432 746 a
456 715 542 746 nobis
564 716 695 746 omnium
712 715 844 746 notitiam

12 757 140 788 habebit
153 759 181 783 48
195 783 203 797 ,
221 764 249 790 et
266 760 424 791 multorum
436 760 561 791 aliorum
579 760 718 800 magister
731 759 842 796 audiet,

12 811 172 840 sermone,
190 808 218 833 et
234 813 348 834 morum
365 804 536 835 innocentia
557 814 606 834 eos
623 804 673 844 qui
688 813 755 834 cum
780 803 844 844 ipso

12 847 218 878 t‘ersabuntur
232 848 418 886 illutninans,
436 852 466 879 ut
476 849 525 889 qui
537 849 624 879 etiam
637 849 700 888 ipse
716 848 846 888 desuper

12 891 202 922 illuminatus
217 892 274 930 sit;
292 897 320 924 et
332 893 476 933 profunda
487 893 623 924 reveluns
636 892 693 932 his,
709 892 760 933 qui
776 902 841 922 cum

12 935 171 966 desiderio
186 942 323 977 quaerunt
332 937 448 969 discere
461 938 606 978 profunda
620 937 741 976 spiritus
750 937 778 962 *9
791 961 798 973 ,
812 937 842 967 in

12 980 134 1011 Christo
149 981 231 1017 Jesu,
250 981 374 1013 Domino
391 986 504 1020 nostro,
522 982 568 1013 cui
584 982 686 1022 gloria,
703 986 731 1011 et
746 982 843 1021 impe-

12 1025 90 1055 rium
109 1035 178 1056 cum
192 1026 285 1063 Patre,
298 1031 327 1057 et
337 1031 438 1058 sancto
451 1026 560 1067 Spiritu
574 1037 652 1058 nunc
663 1026 728 1057 etin
739 1026 845 1057 saacula

12 1070 208 1101 szeculorum.
228 1071 333 1103 Amen.

312 1122 446 1155 ORATiO
475 1122 550 1154 XIX.

329 1168 544 1199 ARGUMENTL'M.

15 1216 64 1257 I)e_
71 1217 247 1254 cognitione
258 1217 412 1256 spiritaali
424 1226 433 1247 :
447 1221 475 1248 et
486 1217 657 1248 thesaurum
668 1217 797 1257 spiritus
811 1217 844 1247 in

53 1255 159 1286 littera
170 1255 345 1288 sanctarum
364 1257 597 1297 Scrtplurm‘um
619 1255 840 1294 absconditum,

55 1304 118 1326 non
131 1297 284 1332 omnibus.
305 1306 479 1337 quanquam
491 1297 680 1337 cupientibus
695 1297 841 1337 manifes-

56 1307 118 1326 mm
131 1307 284 1332 ominous.
305 1307 479 1337 quanquam
491 1307 524 1329 Cll
551 1307 680 1328 tenttuus
695 1307 841 1337 mani/es-

56 1340 121 1365 tum
134 1344 198 1366 esse
211 1347 218 1366 :
232 1346 264 1367 se
275 1307 666 1377 [possidentibus(inritaret
681 1337 779 1374 illum,
790 1339 843 1377 qui

54 1384 180 1406 sensum
194 1377 233 1407 ad
245 1377 420 1417 Scripturas
432 1377 648 1418 intelligendas
663 1379 773 1417 aperit.

55 1428 225 1468 Spiritualis
240 1431 380 1470 cognitio,
398 1431 514 1468 fratres,
542 1431 670 1471 cuipiam
695 1431 796 1462 domui
814 1431 843 1461 in

19 1473 120 1504 medio
138 1475 305 1513 mundame,
325 1479 353 1506 et
368 1476 487 1514 gentilis
501 1475 677 1514 cognitionis
691 1476 844 1506 aedificata:

19 1518 129 1548 similis
141 1523 187 1549 est
200 1530 207 1549 :
222 1519 315 1560 inqua
324 1520 422 1557 domo,
431 1520 508 1550 velut
518 1520 690 1550 scriniolum
702 1520 842 1557 solidum,

16 1566 45 1592 et
59 1564 277 1594 communitum
302 1568 331 1595 et
358 1564 484 1604 cognitio
512 1574 529 1594 a
550 1564 610 1595 Dee
637 1564 845 1603 inspiratarum

19 1607 253 1648 Scripturarum.
273 1614 301 1639 et
317 1609 497 1646 divitiarum,
517 1619 582 1650 qua:
594 1608 624 1639 iu
636 1618 670 1639 eo
681 1609 844 1649 inexplica-

20 1651 111 1687 biles,
125 1652 218 1683 instar
230 1654 470 1694 lbesaurijacent
481 1654 641 1684 reconditae
653 1662 660 1684 :
673 1662 774 1693 quem,
797 1655 847 1694 qui

19 1696 144 1727 domum
162 1697 380 1738 ingrediuntur,
393 1698 493 1729 videre
504 1701 667 1738 nequeunt,
679 1698 735 1728 nisi
747 1699 848 1730 arcula

18 1741 79 1771 illis
94 1742 213 1781 penitus
225 1747 386 1780 reseretur;
396 1752 482 1783 quam
491 1743 847 1783 tamunbumanasapien-

23 1784 62 1814 tia
77 1794 214 1815 reserare
242 1795 392 1826 nunquam
416 1786 532 1817 valebit.
558 1787 703 1823 Quocirca
727 1787 847 1826 spiritus

23 1838 96 1868 opes
115 1829 144 1859 in
163 1839 196 1859 ea
209 1830 356 1870 repositae,
385 1831 555 1862 mortalibus
581 1831 725 1862 universis
740 1831 847 1870 igno'a:

23 1878 157 1904 manent.
175 1874 208 1904 Et
222 1875 484 1915 quemadmodum,
508 1876 577 1906 licet
600 1877 694 1915 ipsam
716 1876 847 1906 arculam

23 1923 114 1949 lotam
132 1919 264 1950 humeris
274 1922 335 1951 suis
359 1921 527 1961 impositam
541 1922 606 1962 quis
624 1921 846 1959 ferat,locatum

25 1963 54 1993 in
67 1972 102 1995 ea
115 1965 285 1995 thesaurum
299 1966 411 2004 ignorat
425 1977 431 1997 ε
447 1966 501 2004 sic,
512 1967 754 2006 etsiquisomnes
765 1965 847 1996 Scri-

26 2012 128 2048 pluras
145 2009 259 2047 legerit,
277 2014 305 2040 et
320 2011 349 2040 in
363 2015 482 2050 pectore
497 2011 710 2048 recondiderit,
724 2015 753 2041 et
763 2010 847 2051 quasi

24 2064 116 2083 unum
136 2055 281 2094 psalmum
297 2064 346 2085 eas
360 2058 487 2087 recitare
513 2065 547 2087 ex
575 2056 719 2086 memoria
745 2054 846 2095 possit,

25 2101 228 2131 absconditum
245 2102 438 2133 nihilominus
450 2103 479 2133 itt
492 2103 592 2134 arcula
607 2102 701 2133 sancti
721 2101 849 2142 Spiritus

27 2146 136 2176 donum
159 2147 263 2177 nescit.
273 2146 372 2188 Neque
384 2148 463 2178 enim
472 2157 524 2188 per
537 2149 667 2178 arculam
676 2147 849 2187 quaeinSunt

35 2201 51 2220 n
68 2191 177 2227 arcula,
197 2201 292 2232 neque
304 2202 360 2232 per
374 2192 558 2232 Scripturam
575 2202 641 2232 qua:
650 2196 720 2222 sunt
731 2191 762 2222 in
774 2191 850 2222 Scri-

29 2240 122 2274 itura,
141 2240 306 2266 notescunt.
331 2236 408 2267 Audi
437 2246 563 2277 quanam
590 2236 716 2267 ratione.
744 2235 848 2266 Cernis

30 2290 121 2311 tt'cam
133 2281 290 2320 parvulam,
306 2281 382 2312 bene
391 2282 522 2312 clausam
535 2282 676 2321 undique,
686 2285 847 2321 quantum-

31 2335 80 2365 ]ue
95 2334 127 2355 ex
140 2325 203 2365 ejus
215 2325 357 2365 pondere,
372 2330 401 2356 et
412 2326 560 2357 exteriore
578 2325 724 2364 elegantia
733 2324 848 2364 colligis

38 2374 87 2400 aut
102 2369 230 2400 forsitam
243 2370 331 2400 etiam
353 2371 389 2401 ab
406 2371 472 2401 aliis
489 2370 637 2410 audivisti)
664 2370 764 2401 credis
780 2371 846 2400 the-

33 2423 145 2444 saurum
168 2413 246 2444 intus
259 2414 350 2445 latere
368 2426 373 2445 :
393 2425 450 2455 qua
461 2415 549 2445 etiam
563 2415 687 2455 sublata,
707 2414 849 2445 festinan-

33 2463 74 2489 ter
89 2458 228 2489 ambulas.
247 2458 338 2489 Narra
360 2459 448 2499 igitur
464 2459 548 2500 mihi,
564 2460 634 2499 quid
662 2459 806 2500 proderit,
824 2455 848 2489 si

35 2503 217 2542 ibsignatam,
232 2503 401 2534 etclausam
414 2504 509 2543 ipsam
530 2505 623 2535 solam
649 2503 677 2534 in
696 2503 778 2534 omni
793 2503 850 2533 vita

856 1588 875 1612 C

888 438 975 484 plane
991 444 1106 484 opinor.
1122 443 1179 474 Ista
1195 442 1278 482 mibi,
1291 441 1383 472 frater
1394 440 1446 481 mi,
1462 440 1551 471 etiam
1567 439 1605 484 de
1619 438 1714 478 spiri-

891 483 1020 519 tualiuus
1034 488 1140 528 cogita,
1157 492 1186 518 et
1201 487 1308 518 arcula:
1320 486 1441 517 nomine
1453 484 1560 517 Christi
1571 483 1712 523 Evange-

890 533 974 571 liutn,
991 537 1172 573 cmterasque
1188 530 1506 572 Scripturasintellige,
1521 529 1666 560 habentes
1681 528 1713 558 in

889 587 922 609 se
938 578 1119 615 conclusam,
1131 581 1160 607 et
1180 576 1322 616 signatam
1341 575 1429 606 vitam
1442 580 1594 612 aeternam,
1605 577 1635 604 et
1645 583 1712 604 cum

889 623 992 654 cadent
1009 633 1074 664 quae
1088 622 1118 653 in
1130 623 1179 653 illa
1188 626 1266 659 sunt,
1280 621 1369 652 nullis
1388 618 1582 660 exprimenda
1599 618 1710 656 verbis,

888 678 1011 709 quaeque
1028 667 1121 698 oculis
1134 666 1286 707 corporeis
1299 675 1356 696 non
1368 668 1531 696 cernuntur
1539 664 1618 709 bona
1628 667 1713 694 aeter-

886 708 934 750 na,
949 708 1113 743 secundum
1126 711 1244 742 Domini
1256 719 1369 742 vocem:
1378 708 1714 748 ScrutaminiScriptu—

886 767 947 794 ras,
960 758 1105 797 quoniam
1115 757 1147 787 in
1161 757 1235 797 ipsis
1247 759 1289 787 est
1301 756 1363 787 vita
1374 758 1490 787 wtema
1501 754 1541 786 20.
1554 753 1712 785 Hominem

887 814 986 845 porro,
1002 805 1052 844 qui
1062 803 1230 835 arculamin
1243 803 1384 834 humeros
1399 801 1529 839 sustulit,
1541 809 1619 842 pone
1630 799 1713 831 illum

886 849 1024 889 esse,qui
1037 848 1206 888 Scripturas
1222 856 1325 878 omnes
1340 847 1467 878 reddere
1491 849 1579 887 queat
1595 854 1629 876 ex
1646 854 1713 875 me-

886 894 991 933 moria,
1007 897 1037 924 et
1052 894 1080 924 in
1099 902 1150 924 ore
1166 902 1216 923 eas
1230 901 1349 933 semper
1361 891 1478 922 habeat.
1496 891 1553 922 Eas
1568 891 1668 930 itaque
1682 889 1714 920 in

865 925 1160 968 ’arcula'memoriali
1172 925 1442 974 animze,.mandata
1457 936 1510 967 Dei
1524 939 1554 966 ut
1567 925 1714 975 pretiosos

886 981 1029 1022 quosdam
1058 981 1171 1022 lapides
1199 981 1383 1017 continente,
1414 980 1445 1011 in
1474 981 1582 1021 quibus
1597 977 1715 1010 estvita

886 1030 997 1057 aeterna
1009 1025 1109 1066 (verba
1120 1026 1200 1056 enim
1213 1025 1321 1057 Christi
1336 1026 1386 1056 lux
1399 1029 1429 1056 et
1439 1025 1495 1056 vita
1506 1029 1574 1056 sunt
1583 1028 1615 1054 ut
1631 1022 1711 1053 idem

887 1071 950 1111 ipse
967 1071 1037 1101 ait”
1054 1095 1062 1108 ,
1080 1074 1108 1101 et
1122 1071 1171 1111 qui
1190 1079 1248 1100 non
1271 1070 1367 1100 credit
1390 1069 1421 1100 in
1437 1069 1545 1101 Filium
1571 1069 1638 1106 Dei,
1653 1078 1714 1100 non

885 1116 996 1146 videbit
1011 1115 1111 1155 vitam)
1127 1119 1273 1156 apportat.
1291 1115 1364 1147 Cum
1378 1114 1526 1146 mandatis
1542 1118 1642 1145 autem
1658 1115 1715 1146 vir-

885 1165 971 1200 tutes,
991 1164 1021 1190 ut
1036 1160 1207 1200 margaritas
1229 1160 1383 1201 quasdam,
1415 1168 1432 1190 a
1456 1159 1604 1190 mandatis
1632 1159 1712 1190 enim

885 1205 1017 1242 virtutes,
1027 1205 1058 1235 in
1065 1205 1173 1245 quibus
1180 1205 1389 1245 mysteriorum
1401 1205 1430 1235 in
1439 1204 1712 1246 litteralatentium,

886 1253 914 1279 et
931 1249 1134 1280 obvelatorum
1151 1249 1305 1280 revelatio.
1333 1248 1514 1280 Factitandis
1530 1249 1610 1279 enim
1627 1258 1714 1280 man-

885 1294 960 1325 datis
975 1295 1096 1326 virtutes
1121 1299 1297 1326 exercentur
1316 1303 1323 1326 :
1354 1294 1512 1325 virtutibus
1535 1294 1717 1325 exercendis

886 1339 1023 1369 mandata
1039 1339 1212 1379 implentur.
1225 1339 1322 1379 Atque
1336 1340 1375 1370 ita
1387 1349 1440 1380 per
1451 1340 1512 1370 haec
1522 1338 1610 1370 nobis
1622 1339 1720 1379 janua

886 1383 1063 1423 cognitionis
1078 1384 1232 1421 aperitur;
1252 1385 1312 1414 imo
1339 1393 1407 1415 vero
1424 1393 1484 1414 non
1499 1393 1553 1425 per
1567 1384 1642 1423 haec,
1661 1384 1714 1416 sed

887 1437 940 1468 per
955 1437 1024 1459 eum
1040 1429 1090 1468 qui
1106 1428 1179 1459 dixit
1194 1439 1201 1459 :
1223 1429 1284 1466 Qui
1297 1437 1344 1460 me
1355 1429 1468 1469 diligit,
1487 1429 1633 1460 mandata
1649 1437 1717 1460 mea

885 1473 1028 1513 servabit,
1046 1476 1075 1504 et
1092 1474 1183 1504 Pater
1199 1482 1282 1505 meus
1297 1473 1403 1514 diliget
1413 1483 1493 1512 eum,
1508 1477 1536 1506 et
1550 1483 1603 1515 ego
1612 1474 1714 1505 mani-

887 1517 1001 1556 festabo
1017 1518 1045 1548 ei
1058 1520 1206 1558 meipsum
1215 1518 1242 1540 εἳ
1259 1543 1265 1550 .

927 1562 957 1592 Si
972 1571 1042 1602 ergo
1064 1562 1250 1600 habitaverit,
1277 1566 1306 1594 et
1334 1562 1529 1594 ambulaverit
1554 1563 1633 1594 inter
1657 1573 1713 1595 nos

891 1608 979 1644 Deus,
997 1611 1025 1637 et
1035 1607 1099 1648 ipse
1114 1608 1247 1647 seipsum
1270 1608 1357 1639 nobis
1373 1608 1452 1639 clare
1468 1609 1713 1647 manifestaverit,

890 1656 958 1682 tunc
973 1661 1037 1692 quae
1053 1652 1083 1682 in
1098 1653 1208 1690 arcula,
1236 1652 1267 1684 id
1293 1656 1348 1690 est,
1382 1654 1411 1683 in
1426 1653 1534 1684 divinis
1550 1653 1716 1693 Scripturis

889 1695 1061 1727 abscondita
1068 1701 1136 1727 sunt
1144 1697 1292 1737 mysteria,
1301 1698 1509 1738 cognoscendo
1517 1698 1711 1730 intuebimur:

889 1740 977 1772 aliter
985 1741 1026 1772 fas
1037 1751 1096 1772 non
1109 1745 1163 1772 est.
1181 1742 1273 1773 Nemo
1286 1747 1374 1781 erret,
1389 1743 1473 1784 quasi
1495 1743 1524 1774 ei
1543 1743 1644 1774 arcula
1659 1753 1712 1775 co-

889 1785 1029 1824 gnitionis
1044 1791 1144 1827 aperta
1159 1787 1206 1825 sit,
1224 1791 1254 1818 et
1276 1787 1364 1819 bonis
1383 1797 1449 1829 quae
1464 1788 1494 1818 in
1510 1797 1545 1819 ea
1560 1792 1627 1819 sunt
1644 1797 1715 1829 per-

889 1830 1021 1868 fruatur;
1037 1835 1088 1861 aut
1102 1840 1204 1861 eorum
1220 1831 1258 1862 sit
1282 1833 1441 1873 particeps,
1465 1842 1560 1874 eaque
1575 1833 1713 1873 aspiciat.

889 1874 1024 1910 Q‘talium
1040 1884 1122 1912 vero,
1140 1885 1325 1917 quorumque
1340 1877 1460 1916 hornm,
1475 1878 1600 1909 obsecro
1612 1877 1627 1908 ἱ)
1645 1887 1716 1918 per-

889 1920 973 1950 fecta:
983 1920 1134 1951 charitatis
1145 1930 1214 1960 erga
1224 1921 1330 1960 Deum,
1344 1926 1372 1953 et
1388 1923 1568 1963 proximum.
1578 1923 1718 1954 Contem-

890 1969 956 2003 ptus
968 1974 1071 1995 eorum
1081 1975 1146 2006 quae
1157 1966 1294 1997 videntur
1305 1967 1457 2006 omnium;
1476 1967 1715 2000 mortiﬁcationis

890 2009 998 2046 carnis,
1017 2014 1045 2040 et
1060 2009 1262 2041 membrorum
1277 2011 1352 2050 ejus,
1374 2021 1440 2052 quae
1463 2016 1532 2042 sunt
1546 2021 1637 2052 super
1652 2016 1716 2044 ter-

892 2062 964 2090 ram,
979 2063 1070 2094 usque
1082 2054 1118 2085 ad
1132 2055 1237 2085 malam
1247 2055 1440 2096 cupiditatem
1450 2056 1479 2081 εὖ
1493 2067 1499 2086 :
1518 2060 1549 2087 ut
1563 2057 1713 2097 quomodo

894 2101 1025 2128 mortttus
1040 2099 1158 2139 penitus
1175 2109 1230 2130 nec
1253 2100 1370 2140 cogitat,
1397 2110 1452 2132 nec
1478 2101 1569 2132 sentit
1594 2101 1718 2141 aliquid,

892 2142 930 2172 ita
945 2146 974 2173 et
986 2143 1106 2184 nosipsi
1123 2144 1231 2174 nullam
1249 2145 1456 2184 cogitationem
1473 2144 1616 2185 improba}
1630 2145 1717 2186 cupi-

891 2187 1001 2224 ditatis,
1019 2192 1068 2218 aut
1089 2198 1194 2219 sensus
1221 2199 1288 2220 cum
1320 2190 1541 2229 perturbatione
1566 2190 1720 2230 conjuncti

892 2232 1014 2262 omnino
1028 2243 1156 2273 unquam
1179 2233 1397 2274 concipiamus;
1419 2239 1469 2265 aut
1484 2235 1642 2276 tyrannica:
1659 2239 1720 2266 tur-

890 2276 1016 2307 bationis
1024 2279 1132 2308 malum
1142 2279 1343 2318 experiamur,
1351 2284 1379 2310 et
1387 2283 1499 2310 tantum
1510 2279 1718 2310 mandatorum

891 2320 1049 2352 Salvatoris
1061 2332 1209 2354 memores
1220 2325 1326 2355 simus.
1339 2323 1464 2364 Insuper
1475 2324 1717 2365 immortalitatis,

890 2365 1132 2406 incorruptionis,
1151 2371 1269 2398 aeterna:
1293 2367 1404 2408 gloriae,
1433 2367 1499 2398 vita:
1514 2368 1716 2408 sempiternae,

892 2411 974 2450 regni
999 2411 1153 2450 caelorum,
1183 2412 1350 2453 adoptionis
1379 2422 1432 2453 per
1459 2413 1717 2453 regenerationem

891 2455 984 2486 sancti
1001 2455 1140 2496 Spiritus,
1158 2461 1187 2487 et
1202 2461 1233 2488 ut
1260 2466 1313 2497 per
1327 2457 1531 2498 adoptionem,
1549 2461 1580 2488 et
1593 2457 1717 2497 gratiam

891 2500 931 2530 dii
948 2500 1064 2537 fiamus,
1079 2511 1277 2542 vocetnurque
1298 2502 1432 2533 han‘edes
1457 2502 1521 2543 Dei,
1547 2502 1720 2534 cohaeredes

862 2225 882 2249 D

36 2547 224 2583 :ircumferas,
244 2557 300 2577 nec
322 2548 450 2587 aperias,
478 2557 532 2578 nec
561 2547 720 2588 aliquando
736 2546 847 2577 ibidem
891 2549 989 2576 autem
1007 2545 1118 2577 Christi
1130 2546 1180 2585 Ἡ,
1207 2551 1236 2578 et
1252 2556 1310 2577 una
1324 2556 1392 2578 cum
1409 2547 1456 2578 bis
1472 2547 1582 2579 Christi
1597 2556 1719 2578 sensum

37 2591 184 2631 repositum
201 2592 373 2622 thesaurum
395 2591 563 2632 inspicias?
586 2592 610 2622 si
633 2591 798 2631 lapillorum
815 2591 845 2620 in
891 2591 1110 2631 possideamus,
1127 2602 1181 2633 per
1193 2602 1281 2633 quem
1296 2592 1403 2630 Deum,
1416 2596 1446 2624 et
1460 2593 1608 2625 Christum
1621 2593 1723 2633 ipsum

38 2646 65 2667 2a
79 2636 227 2675 fulgorem,
246 2636 472 2674 margaritarum
485 2635 660 2671 claritatem,
675 2635 739 2666 auri
755 2644 844 2665 coru-
893 2636 1057 2666 secundum
1074 2637 1258 2668 divinitatem
1281 2637 1359 2668 inter
1390 2647 1444 2668 nos
1472 2637 1668 2675 habitantem,
1691 2641 1723 2669 et

39 2690 110 2711 =cutn
127 2681 310 2721 splendorem
329 2690 385 2711 non
402 2681 502 2712 videas
513 2681 527 2710 ‘2
543 2680 612 2716 Quis
625 2681 747 2720 fructus,
759 2679 842 2710 sidi-
891 2680 1092 2712 ambulantem
1109 2681 1270 2719 videamus,
1284 2685 1313 2713 et
1323 2691 1550 2721 cognoscamus.
1567 2682 1620 2713 His
1629 2681 1722 2722 igitur

40 2735 106 2766 gnos
116 2735 169 2756 non
191 2725 243 2763 sis,
265 2725 315 2765 qui
332 2735 366 2755 ex
381 2725 416 2756 iis
434 2726 479 2756 vel
497 2725 657 2766 pauxillum
671 2725 798 2763 auferas,
816 2728 845 2755 et
889 2725 1039 2764 omnibus,
1057 2730 1086 2757 et
1101 2726 1148 2757 his
1164 2727 1339 2767 majoribus,
1357 2733 1441 2768 gquae
1463 2727 1562 2758 verbis
1585 2735 1725 2767 compre-

41 2771 102 2801 tnde
117 2770 151 2800 ad
165 2769 272 2800 victum
283 2768 456 2801 vestitumve
467 2769 579 2810 aliquid
591 2770 739 2801 commodi
752 2770 844 2810 perci-
887 2770 980 2801 bendi
996 2774 1024 2801 et
1038 2771 1180 2812 explicari
1193 2775 1357 2813 nequeunt,
1376 2772 1513 2803 mandata
1524 2771 1579 2804 Dei
1590 2771 1718 2803 audien—

77 2837 101 2858 1⁸
113 2837 330 2881 Ρεειιζιιχξξιει,
348 2838 377 2868 6.
423 2837 449 2859 19
462 2837 475 2869 Ι
490 2837 557 2881 Cor.
575 2846 608 2875 ll,
623 2837 673 2870 10.
715 2836 747 2862 Ἇο
759 2835 846 2869 Joan.

911 2837 961 2870 39.
1005 2837 1032 2863 9‘
1048 2837 1135 2872 Joan.
1152 2848 1194 2881 VI,
1213 2839 1262 2872 64.
1308 2839 1437 2872 Ξεᾶοεη.
1451 2848 1511 2879 xtv,
1527 2839 1577 2871 31.
1621 2838 1648 2861 ³³
1663 2838 1722 2872 Co-

43 2878 108 2910 loss.
124 2886 162 2909 tu.
179 2877 208 2908 5.
251 2877 282 2903 34
297 2879 385 2910 Rom.
402 2886 469 2916 VIII,
495 2879 541 2910 17.
