1983 3072
249 189 310 224 403

900 189 1091 225 SYMEONIS
1110 190 1287 225 JUNIORIS

1883 192 1956 225 404

248 262 305 297 tes,
322 268 418 300 eaque
433 258 636 291 custodientes
651 268 686 291 ac
701 259 857 299 facientes,
875 269 930 302 per
943 264 1076 302 apertam
1086 269 1108 289 Α
1118 269 1177 300 que
1191 260 1223 291 in
1238 259 1311 301 ipsis
1323 263 1369 292 est
1392 261 1516 301 gloriam
1538 261 1661 302 mystice
1685 261 1955 292 demonstrantem

248 313 360 342 arcam,
374 303 411 335 de
423 313 481 345 qua
497 303 589 335 locuti
606 313 721 342 sumus,
740 304 770 336 id
787 309 842 346 est,
859 315 913 346 per
922 305 1076 337 revelatio-

247 358 318 381 nem
333 348 566 388 intelligibilium
594 349 760 389 oculorum,
784 349 892 381 intuitu
919 350 950 381 in
977 350 1076 381 divina

249 393 567 435 Scripturalatentium
580 393 662 434 digni
683 394 843 431 habentur,
859 398 888 425 et
902 394 939 425 iis
952 394 1075 435 largiter

246 439 397 470 fruuntur.
412 438 517 470 Czeteri
528 439 628 479 omnia
643 448 708 480 quae
729 439 839 480 scripta
854 444 923 470 sunt
937 440 1075 480 imperite

247 483 429 521 nescientes,
439 493 540 514 eorum
547 483 735 515 dulcedinem
744 484 830 515 vitam
843 488 983 515 aeternam
990 494 1074 515 com-

247 528 427 570 plectentem
453 538 512 559 non
541 532 741 569 gustaverunt,
768 529 824 560 soli
854 528 1073 569 Scripturarum

247 573 392 605 doctrinae
401 573 574 614 innitentes,
582 583 656 614 quos
667 574 731 615 ipsa
741 574 771 605 in
783 574 874 615 exitu,
888 576 1072 615 magisquam

249 628 300 650 eos
312 619 363 660 qui
375 618 496 649 omnino
507 628 567 649 non
580 619 750 657 audierunt,
765 619 945 659 judicatura,
959 624 988 650 et
998 629 1072 650 con—

248 664 426 695 demnatura
440 666 495 694 est.
511 663 554 694 Ex
569 663 616 695 his
628 665 707 695 enim
718 663 838 704 quidam
851 668 994 702 errantes,
1013 673 1073 694 om-

249 718 303 740 nes
318 708 432 739 divinas
461 707 629 749 Scripturas
645 712 825 749 pervertunt,
844 718 893 739 eas
909 709 1074 740 secundum

250 762 354 795 pravas
367 753 499 794 ipsorum
525 753 702 793 cupiditates
724 753 968 793 interpretantes,
990 763 1074 784 com-

251 798 394 829 mendare
408 798 540 829 volentes
556 798 692 839 seipsos;
720 797 806 838 quasi
829 798 970 829 nimirum
986 799 1073 829 etiam

250 843 316 874 sine
339 847 476 874 accurata
500 842 706 874 mendatorum
722 842 846 882 LChristi
870 842 1075 874 observatione

1115 304 1265 336 habuerit.
1282 307 1387 346 Neque
1398 306 1455 337 hoc
1466 306 1575 347 solum,
1587 306 1639 337 sed
1652 306 1740 337 etiam
1751 305 1780 336 in
1790 305 1837 336 his
1849 306 1956 336 laten-

1115 350 1166 388 tia,
1185 354 1214 381 et
1227 353 1340 382 aeterna
1356 351 1409 383 Dei
1424 350 1512 386 bona,
1530 361 1596 382 cum
1612 350 1677 392 ipsa
1692 352 1754 382 haec
1769 350 1954 381 eﬂ‘undente

1115 395 1229 426 Deitate
1238 396 1433 428 revelantem;
1446 405 1511 437 qum
1522 396 1661 427 omnibus
1672 395 1951 436 contemptoribus,

1116 444 1145 470 et
1159 440 1426 480 negligentioribus
1450 446 1553 482 operta
1567 446 1598 473 et
1612 441 1738 472 obscura
1754 444 1824 472 sunt
1839 440 1950 471 omni—

1116 484 1224 516 modis.
1239 485 1299 516 Nec
1318 486 1437 525 injuria.
1454 486 1528 523 Quia
1543 487 1622 518 enim
1632 496 1739 518 sensus
1752 495 1823 517 suos
1836 494 1951 516 omnes

1115 530 1219 561 mundi
1246 530 1423 561 vanitatibus
1449 531 1622 568 afﬁxerunt,
1652 535 1681 562 et
1705 530 1951 571 jucunditalibus

1114 574 1191 615 vitae,
1202 584 1418 616 corporumque
1425 575 1951 616 pulchritudineatﬁciunlur,animte

1115 619 1234 650 videndi
1246 620 1414 651 facultatem
1427 621 1885 661 caliginosamcircumferentes,
1898 620 1950 650 in-

1116 664 1326 696 enarrabilium
1338 665 1483 696 bonorum
1497 665 1668 706 elegantias,
1682 666 1718 696 ad
1739 675 1813 706 quas
1824 665 1950 696 intelli-

1116 709 1215 749 gentia
1231 713 1417 749 penetratur,
1433 710 1544 741 intueri
1558 715 1720 752 nequeunt.
1737 711 1775 742 Et
1789 709 1948 751 quomodo
1963 715 1964 719 ‘

1116 754 1163 784 cui
1179 753 1284 784 obtusa
1299 757 1344 785 est
1359 754 1438 785 acies
1463 755 1628 794 oculorum,
1655 765 1711 787 nec
1728 755 1832 786 leviter
1847 759 1950 795 potest

1117 798 1265 838 puriorem
1291 799 1362 830 solis
1386 799 1502 831 radium
1529 801 1673 841 aspicere,
1698 800 1750 831 sed
1766 800 1791 831 si
1806 800 1837 830 in
1854 799 1947 830 illum

1116 843 1216 873 oculos
1241 843 1386 880 intendat,
1416 845 1514 876 statim
1539 855 1625 886 quem
1655 845 1757 876 habuit
1785 848 1946 886 aspectum

250 889 376 920 salutem
391 887 525 929 adepturi
541 888 611 926 sint,
626 887 764 933 virtutem
779 891 947 933 sanctarum
964 888 1074 933 littera-
1085 908 1104 933 Β
1117 887 1203 928 plane
1216 888 1324 919 amittit
1340 899 1348 919 :
1366 888 1407 920 sic
1424 899 1530 930 nempe
1546 890 1596 931 qui
1616 891 1732 922 vitiatas
1756 889 1847 920 animi
1863 899 1944 919 ocu-

249 943 315 965 rum
332 933 463 964 funditus
486 933 679 972 abnegantes.
705 932 741 963 Et
768 932 886 964 merito.
916 932 1075 972 Obsignata

251 978 343 1016 enim,
363 981 392 1009 et
405 977 515 1018 clausa,
527 987 592 1018 quae
603 977 677 1008 nulli
687 976 856 1008 mortalium
873 986 928 1008 nec
943 977 1004 1008 visa
1019 987 1075 1009 nec

250 1022 368 1062 cognita
378 1027 459 1061 sunt,
471 1032 489 1053 a
498 1023 561 1053 solo
579 1026 678 1054 autem
694 1025 794 1053 sancto
808 1021 918 1062 Spiritu
933 1027 1072 1060 reserata,

250 1071 280 1100 et
293 1067 335 1098 ita
349 1067 435 1098 nobis
463 1067 604 1104 revalata,
633 1066 768 1107 factaque
782 1065 978 1106 [spectabilia,
995 1071 1024 1098 et
1038 1067 1075 1098 ad

250 1112 491 1153 cognoscendum
507 1111 651 1153 exposita,
668 1111 820 1151 quomodo
850 1112 969 1143 tandem
985 1112 1074 1153 scire,

251 1161 502 1198 autcognoscere,
513 1160 562 1187 aut
573 1157 677 1187 saltem
693 1156 871 1197 aliquantem
887 1156 986 1187 animo
1005 1166 1075 1197 per-

249 1205 378 1234 tractare
396 1205 547 1243 poterunt,
564 1201 614 1242 qui
637 1201 796 1232 adventum
823 1201 917 1232 sancti
935 1201 1075 1241 Spiritus,

251 1247 513 1288 illuminationem,
529 1246 769 1286 illustrationem,
785 1245 1031 1277 inhabitationem
1047 1246 1077 1277 in

252 1292 421 1333 semetipsis
445 1300 594 1332 nunquam
622 1300 654 1322 se
680 1291 851 1331 cognovisse
871 1290 998 1322 dicunt?
1014 1291 1077 1328 Quo

252 1342 337 1379 pacto
352 1337 421 1369 talia
445 1336 585 1378 mysteria
609 1340 815 1377 assequantur,
846 1335 896 1376 qui
927 1345 1078 1376 nunquam

253 1392 375 1424 prorsus
390 1392 456 1414 sese
471 1382 507 1414 ab
529 1382 635 1414 eodem
660 1381 765 1422 spiritu
790 1381 898 1413 iterum
922 1382 1075 1420 conflatos,

252 1432 422 1465 renovatos,
438 1427 622 1466 immutatos,
638 1430 831 1466 regeneratos
858 1426 1077 1458 animadverte-

251 1473 347 1505 runt?
362 1472 446 1510 Quod
461 1473 487 1503 si
501 1472 633 1503 nondum
647 1471 679 1502 in
694 1470 807 1511 Spiritu
823 1475 924 1502 sancto
941 1471 1077 1512 baptizati

254 1521 333 1558 sunt,
349 1517 586 1548 immutationem
602 1516 634 1547 in
652 1525 686 1547 eo
702 1515 913 1556 baptizatorum
928 1516 1077 1556 quomodo

1115 936 1172 973 los,
1189 937 1218 963 et
1233 942 1338 964 sensus
1357 933 1438 974 ipsos
1453 935 1634 966 motionibus
1648 934 1828 966 turbulentis
1843 933 1946 964 obno-

1115 977 1179 1008 xios
1194 977 1294 1015 habet,
1311 978 1377 1009 sine
1400 980 1613 1018 commotione,
1637 980 1770 1020 citraque
1798 979 1946 1010 damnum

1115 1025 1299 1052 venustatem
1309 1022 1543 1064 elegantiamque
1559 1033 1714 1064 corporum
1732 1022 1871 1054 contueri
1887 1032 1946 1053 ne-

1117 1066 1202 1106 quit?
1216 1066 1268 1098 sed
1284 1070 1314 1097 et
1328 1077 1414 1107 quam
1431 1072 1498 1098 ante
1524 1068 1554 1099 id
1584 1071 1704 1109 tempus
1725 1068 1945 1107 cogitationum

1117 1119 1232 1151 pacem,
1260 1115 1288 1142 et
1310 1121 1326 1142 a
1343 1112 1438 1152 pravis
1463 1113 1672 1153 cupiditatibus
1695 1113 1944 1153 tranquillitatem

1117 1155 1280 1193 obtinebat,
1297 1157 1373 1187 hanc
1388 1157 1480 1198 ipsam
1497 1158 1528 1188 in
1552 1158 1742 1189 meditatione
1756 1159 1882 1189 atl'ectus
1897 1157 1945 1188 sui

1118 1209 1306 1231 commorans
1321 1202 1439 1234 amittit.
1469 1202 1598 1234 Proinde
1628 1213 1682 1234 nec
1704 1203 1944 1234 imbecillitatem

1118 1253 1201 1275 suam
1217 1245 1283 1276 talis
1296 1246 1355 1277 ullo
1372 1247 1460 1278 modo
1482 1257 1660 1288 pernoscere
1687 1252 1791 1289 potest.
1811 1247 1842 1279 Si
1859 1248 1944 1278 enim

1119 1299 1151 1320 se
1163 1293 1254 1320 totum
1266 1296 1408 1330 aegrotare
1420 1292 1478 1324 sibi
1495 1294 1700 1333 persuasisset,
1713 1293 1787 1324 alios
1799 1293 1945 1333 quosdam

1120 1334 1196 1378 bene
1211 1335 1308 1366 valere
1323 1336 1509 1375 credidisset,
1535 1342 1565 1368 et
1590 1337 1710 1369 forsitan
1735 1337 1895 1378 aliquando
1911 1346 1946 1367 se

1117 1377 1397 1419 ipsumincusasset,
1410 1391 1501 1422 seque
1508 1382 1626 1414 sibimet
1636 1392 1755 1413 causam
1768 1377 1863 1412 morbi
1877 1391 1946 1413 esse

1119 1422 1254 1462 dixisset,
1272 1429 1302 1455 et
1316 1435 1381 1465 quae
1396 1426 1432 1456 ad
1453 1427 1609 1457 sanitatem
1623 1427 1858 1467 recuperandam
1874 1427 1944 1457 alti-
1960 1443 1961 1446 η

1119 1471 1234 1505 nerent,
1245 1469 1344 1499 animo
1352 1474 1529 1510 reputasset.
1540 1470 1623 1502 Nunc
1635 1471 1843 1511 hujuscemodi
1854 1471 1945 1501 homo

1119 1521 1222 1543 omnes
1237 1512 1383 1545 arbitrans
1395 1515 1582 1554 passionibus
1596 1516 1724 1552 deditos,
1742 1525 1774 1546 se
1790 1515 1847 1546 illis
1863 1524 1945 1545 exae—

254 1562 333 1594 scire
342 1565 488 1603 possunt?
501 1561 557 1598 Qui
568 1561 665 1592 denuo
682 1561 743 1591 nati
754 1570 814 1591 non
829 1564 898 1591 sunt
909 1561 1007 1593 denuo
1021 1570 1077 1592 na-
1088 1562 1107 1587 C
1120 1560 1202 1603 quat,
1219 1561 1248 1587 et
1261 1562 1292 1588 ut
1307 1558 1370 1599 ipse
1385 1559 1466 1590 solus
1481 1560 1519 1591 sit
1539 1561 1676 1598 invictus,
1692 1565 1720 1591 et
1736 1560 1874 1591 omnibus
1889 1569 1944 1590 su-
1959 1585 1960 1591 η

254 1611 355 1639 torum
373 1607 417 1647 (ut
430 1608 469 1638 ait
483 1606 641 1646 Dominus)
665 1615 699 1637 ex
715 1607 788 1644 Deo,
806 1605 938 1646 inquam,
955 1610 984 1637 et
1006 1607 1082 1637 inter

256 1653 334 1685 ﬁlios
349 1652 402 1684 Dei
420 1651 618 1692 ascriptorum
633 1651 758 1692 gloriam
773 1650 923 1691 quomodo
939 1651 1080 1684 videant?

254 1698 311 1735 Qui
324 1698 382 1729 hoc
395 1697 452 1728 sibi
466 1696 640 1735 contingere
668 1696 841 1732 noluerunt,
857 1695 909 1726 sed
924 1696 1000 1727 hanc
1014 1697 1079 1736 glo-

253 1743 330 1775 riam
346 1742 517 1783 neglectum
528 1741 655 1780 iverunt,
665 1740 792 1778 (etenim
806 1744 982 1781 potestatem
998 1751 1082 1773 acce-

253 1791 370 1830 perant,
386 1791 418 1818 ut
431 1787 505 1818 tales
518 1786 635 1826 ﬁerent)
652 1785 701 1817 dic
717 1785 801 1822 mihi,
818 1785 898 1825 quali
915 1787 1084 1826 cognitione

254 1832 438 1873 perspicere,
453 1834 506 1863 aut
519 1830 634 1868 fsaltem
658 1839 777 1871 quoquo
800 1830 888 1860 modo
904 1831 1083 1871 cogitatione

252 1877 414 1908 informare
428 1879 578 1918 poterunt,
595 1875 696 1916 quales
710 1874 753 1905 illi
769 1875 907 1915 appellati
921 1877 1016 1907 sunt?

294 1922 423 1962 Spiritus
438 1926 483 1953 est
496 1921 586 1959 Deus,
604 1922 653 1962 qui
668 1920 723 1951 sub
746 1924 899 1961 aspectum
914 1931 974 1952 non
988 1922 1082 1958 venit,

254 1967 444 2005 immortalis,
461 1967 643 2004 inaccessus,
660 1965 929 2006 incomprehensus
943 1977 950 2002 ;
965 1970 995 1998 et
1012 1967 1085 1998 tales

255 2013 356 2051 etﬁcit,
371 2022 408 2045 ex
421 2021 454 2044 se
469 2016 564 2049 natos,
581 2011 696 2042 similes
712 2011 787 2052 patri
801 2021 868 2049 suo,
884 2021 902 2043 a
916 2022 974 2053 quo
990 2010 1084 2053 geniti

255 2061 335 2096 sunt,
345 2066 471 2099 corpore
481 2057 545 2088 solo
558 2055 856 2096 comprehensibiles,
869 2061 898 2087 et
908 2058 1076 2098 aspectabi-

255 2104 311 2142 les,
324 2106 429 2134 caetera
443 2102 499 2133 soli
509 2101 569 2133 Deo
591 2102 736 2140 cognitos,
757 2104 787 2131 et
801 2102 897 2133 Solum
914 2102 1008 2134 Deum
1025 2113 1078 2134 co-

254 2151 443 2188 gnoscentes,
456 2146 501 2177 vel
514 2146 612 2187 potius
622 2145 707 2176 asolo
714 2146 776 2177 Deo
782 2147 922 2185 cognosci
932 2147 1077 2186 volentes,

1123 1602 1234 1641 perior,
1251 1603 1314 1634 fieri
1325 1604 1493 1645 neutiquam
1511 1615 1596 1646 posse
1611 1610 1751 1637 autumat.
1770 1605 1844 1642 Quid
1861 1605 1918 1635 hoc
1929 1608 1943 1636 ‘2

1122 1650 1154 1677 ut
1169 1657 1227 1678 una
1240 1657 1307 1678 cum
1323 1649 1458 1689 improbo
1484 1651 1590 1682 affectu
1615 1661 1668 1682 suo
1685 1649 1945 1685 moriaturmiser,

1122 1691 1158 1722 ab
1174 1692 1231 1723 hoc
1246 1693 1323 1724 malo
1338 1693 1460 1726 liberari
1483 1695 1644 1735 refugiens.
1660 1695 1693 1727 Si
1707 1696 1786 1726 enim
1801 1695 1945 1725 voluisset

1125 1736 1256 1775 liberari,
1274 1737 1428 1778 potuisset,
1445 1744 1544 1780 utpote
1566 1741 1616 1781 qui
1641 1750 1659 1771 a
1682 1742 1742 1771 Deo
1769 1743 1947 1780 potestatem

1125 1787 1289 1822 acceperat.
1307 1782 1481 1825 Quicunque
1497 1785 1577 1817 enim
1594 1785 1624 1816 in
1640 1785 1761 1816 nomine
1775 1785 1839 1824 ejus
1855 1783 1949 1824 bapti-

1124 1835 1189 1857 smo
1203 1827 1297 1859 abluti
1312 1838 1425 1866 sumus,
1455 1830 1632 1871 praeteritam
1648 1829 1861 1870 ignobilitatem
1876 1838 1947 1859 cor-

1123 1872 1280 1912 ruptionis,
1297 1877 1328 1904 ut
1343 1873 1550 1905 vestimentum
1565 1880 1646 1906 vetus
1659 1875 1797 1910 exuendi,
1815 1879 1844 1905 et
1858 1873 1945 1904 Chri-

1126 1920 1203 1947 stum
1218 1918 1463 1957 superinduendi,
1482 1929 1515 1950 ac
1531 1920 1607 1951 filios
1631 1919 1684 1951 Dei
1708 1929 1762 1950 nos
1776 1919 1947 1959 appellandi

1126 1963 1330 1993 auctoritatem
1344 1963 1380 1994 ab
1397 1973 1431 1994 eo
1447 1965 1597 1995 consecuti
1609 1974 1722 1996 sumus.
1735 1963 1843 1994 Verum
1856 1964 1945 2001 absit,

1125 2005 1242 2045 fratres,
1253 2012 1284 2038 ut
1298 2008 1338 2039 ita
1353 2009 1475 2047 atTectis,
1492 2014 1520 2040 et
1535 2010 1603 2041 talia
1617 2009 1801 2050 sapientibus
1810 2009 1947 2049 captivis,

1126 2060 1160 2082 ac
1178 2052 1305 2083 terrenis
1328 2053 1442 2085 similes
1469 2055 1640 2086 evadamus.
1664 2055 1820 2094 Contingat
1845 2059 1946 2085 autem

1119 2096 1203 2135 sequi
1216 2096 1377 2135 Christum,
1393 2099 1443 2139 qui
1464 2104 1565 2130 nostra
1580 2109 1667 2131 causa
1691 2104 1825 2130 mortuus
1841 2103 1899 2133 est.
1919 2104 1949 2130 et

1119 2142 1293 2179 resurrexit,
1306 2147 1335 2173 et
1349 2153 1403 2174 nos
1416 2153 1516 2175 secum
1533 2144 1562 2175 in
1578 2145 1685 2176 coelum
1703 2145 1848 2181 exallavit,
1862 2145 1946 2184 ejus-

256 2187 293 2225 ad
309 2202 398 2234 quem
413 2196 443 2223 et
457 2200 577 2232 semper
585 2191 748 2231 respicere,
766 2190 843 2221 etab
858 2199 893 2223 eo
908 2192 1017 2232 respici
1027 2193 1079 2224 de—
1090 2206 1112 2231 ι)
1122 2195 1180 2226 (ille
1191 2187 1326 2234 γεειίεξίεέ
1339 2197 1458 2228 semper
1469 2189 1617 2230 insistere,
1639 2189 1768 2230 purgatis
1787 2198 1838 2229 per
1847 2189 1947 2229 poeni-

255 2238 399 2269 siderant.
415 2237 562 2268 Prmterea
576 2235 663 2267 sicuti
679 2239 816 2275 expertes
830 2235 1007 2275 litterarum,
1024 2248 1079 2278 pe-

255 2282 344 2314 rinde
358 2285 390 2313 ut
402 2290 504 2313 earum
520 2281 606 2320 gnari
626 2280 717 2311 libros
733 2279 833 2319 legere
847 2286 999 2322 nequeunt
1016 2291 1022 2314 :
1039 2283 1082 2314 sic

256 2336 355 2369 neque
383 2326 435 2368 qui
459 2326 544 2358 factis
573 2335 627 2367 per
652 2324 760 2356 Christi
774 2325 910 2357 maudata
932 2326 1084 2360 ambulare

258 2372 431 2410 noluerunt,
448 2381 543 2412 aeque,
561 2377 594 2402 ut
610 2371 659 2411 qui
684 2370 757 2410 ipsis
772 2370 974 2410 invigilarunt,
991 2382 1086 2414 eaque

256 2414 466 2459 impleverunt,
483 2421 512 2449 et
526 2425 579 2458 pro
601 2415 639 2446 iis
656 2415 831 2454 sanguinem
846 2426 932 2448 suum
948 2419 1087 2458 profude.

259 2470 342 2502 runt,
356 2463 454 2495 sancti
460 2461 586 2503 Spiritus
595 2460 785 2502 revelatione,
795 2461 919 2492 sicutilli
930 2463 1088 2504 aliquando

258 2510 471 2551 dignabuntur.
484 2507 559 2539 Nam
572 2510 604 2537 ut
614 2506 704 2537 homo
715 2509 837 2546 accepto
849 2506 927 2538 libro
940 2508 1088 2546 clauso.et

260 2555 388 2596 signato,
404 2554 436 2584 in
451 2562 486 2584 eo
513 2551 625 2592 scripta
653 2551 756 2582 videre
777 2552 953 2596 autrqualia
978 2555 1088 2596 scripta

258 2595 329 2637 sint,
342 2598 472 2638 cogitare
482 2597 552 2637 non:
569 2599 675 2637 potest,
693 2595 823 2636 quandiu
838 2595 915 2628 liber
929 2595 1047 2630 clausus
1061 2601 1090 2631 et

259 2644 458 2686 signatusjest,
471 2640 660 2683 quantumvis
670 2640 839 2686 universam
855 2642 959 2673 mundi
971 2643 1089 2684 sapien-

259 2691 332 2722 tiam
345 2688 504 2720 didicerit:
522 2686 566 2718 sic
591 2694 689 2727 neque
703 2685 754 2726 qui
775 2694 888 2717 sacram
905 2688 1088 2728 Scripturam

259 2733 397 2767 totamin
411 2742 464 2765 ore
486 2732 586 2769 habet,
609 2735 641 2762 ut
666 2729 849 2769 dicebamus,
876 2732 1040 2772 mysticam,
1058 2738 1086 2765 et

260 2779 392 2812 divinam
407 2777 545 2818 gloriam,
562 2775 764 2816 virtutemque
787 2775 818 2806 in
833 2775 907 2815 ipsis
923 2781 1091 2809 contectam

261 2830 361 2865 no'sse,
377 2827 406 2854 et
418 2821 590 2863 perspicere
603 2820 762 2862 aliquando
783 2819 903 2861 poterit,
919 2821 977 2852 nisi
992 2822 1092 2854 omnia

260 2870 317 2904 Dei
332 2869 481 2908 mandata,
498 2876 534 2899 ea
555 2866 700 2898 servando
721 2866 808 2907 quasi
832 2868 1045 2909 peragraverit,
1062 2872 1092 2901 et

261 2913 446 2949 Paracletum
462 2920 551 2946 sensa
558 2911 615 2951 illi,
624 2914 656 2944 ut
666 2910 777 2944 librum
790 2911 988 2954 aperientem,
1003 2922 1087 2954 quae-

1122 2232 1244 2262 tentiam
1258 2241 1274 2262 a
1289 2232 1356 2263 labe
1372 2234 1496 2273 peccati,
1528 2243 1562 2265 ac
1591 2234 1793 2274 superindutis
1816 2234 1949 2266 lucidam

1123 2276 1253 2307 tunicam
1269 2277 1501 2318 incorruptionis
1523 2278 1654 2319 spiritus,
1686 2279 1716 2309 in
1745 2279 1808 2319 ipso
1830 2278 1948 2310 Christo

1124 2320 1186 2352 Deo
1202 2325 1313 2359 nostro,
1331 2321 1378 2353 cui
1394 2323 1498 2362 gloria,
1513 2328 1541 2354 et
1552 2323 1709 2363 imperium
1727 2333 1792 2354 cum
1806 2323 1910 2361 Patre,
1923 2329 1950 2354 et

1126 2370 1227 2397 sancto
1239 2365 1349 2407 Spiritu
1365 2377 1443 2399 uunc
1465 2371 1494 2399 et
1505 2377 1633 2408 semper,
1649 2374 1677 2399 et
1692 2368 1838 2408 injomnes
1852 2378 1950 2399 sacu-

1130 2410 1227 2442 lorum
1236 2415 1345 2443 aetates.
1358 2412 1464 2445 Amen.
1960 2423 1962 2426 '

1430 2460 1570 2493 ORATIO
1587 2461 1648 2493 XX.

1427 2501 1643 2533 ARGUMENTUM.

1129 2539 1216 2572 Deea
1222 2549 1289 2580 quae
1295 2541 1768 2581 certantibusﬁdvlibuseSpiritu
1778 2542 1952 2572 inesteliam

1170 2585 1241 2612 ante
1253 2585 1376 2612 mortem
1390 2582 1509 2622 vivi/ica
1520 2592 1612 2619 mors,
1626 2585 1690 2613 sive
1698 2581 1892 2620 mortiﬁcatio
1907 2590 1913 2612 :
1925 2585 1953 2612 et

1170 2622 1224 2692 ἵηί
1240 2623 1273 2653 in
1287 2623 1390 2662 gratia
1406 2631 1499 2662 supra
1511 2624 1606 2662 legem
1620 2624 1685 2661 iam
1699 2626 1780 2658 sunt,
1791 2630 1840 2652 eos
1855 2622 1954 2652 divini

1181 2662 1295 2692 umim's
1309 2663 1443 2692 aratiam
1458 2664 1491 2692 in
1507 2664 1610 2692 seinsis
1629 2664 1776 2692 accivere.
1799 2661 1886 2692 ()uod
1902 2663 1954 2692 aut

1181 2661 1295 2703 uminis
1308 2661 1491 2702 gratiamin
1507 2664 1610 2703 seipsis
1629 2664 1776 2702 acoipere.
1799 2661 1886 2703 Quod
1902 2663 1955 2702 qui

1168 2701 1263 2733 inhac
1272 2701 1334 2734 vita
1342 2703 1448 2743 adepti
1455 2701 1588 2734 nondum
1596 2705 1679 2742 sunt,
1690 2701 1788 2742 neque
1797 2702 1827 2732 id
1838 2701 1964 2743 liquido,

1171 2745 1308 2779 cernunt,
1319 2752 1368 2774 eos
1382 2742 1482 2774 adhuc
1501 2743 1555 2774 sub
1575 2743 1683 2774 umbra
1698 2743 1773 2781 legis
1788 2751 1860 2779 esse,
1878 2746 1905 2773 et
1918 2742 1954 2773 ab

1172 2791 1208 2814 ea
1218 2783 1391 2823 judicatum
1402 2784 1453 2814 iri.
1473 2783 1729 2821 Quemadmodum
1741 2782 1846 2822 ﬁdeles
1856 2782 1956 2822 Spiri-

1173 2827 1235 2855 tum
1246 2827 1395 2861 sanctum,
1405 2825 1652 2857 sanctimoniam,
1670 2823 1953 2864 perturbationum-

1171 2872 1229 2904 que
1240 2866 1425 2896 vacuitatem
1439 2865 1672 2896 nanciseantur.

1171 2910 1366 2943 Scrutamini
1376 2910 1563 2953 Scriptura,
1575 2910 1672 2954 inquit
1679 2910 1864 2943 Dominusac
1875 2912 1953 2943 Deus
