1983 3072
59 176 126 209 405
801 176 842 208 0F

971 175 1018 206 KX
1695 175 1754 209 406

48 247 164 275 noster
177 243 265 275 Jesus
279 244 454 275 Christus95
466 268 474 281 ,
491 248 524 275 ut
551 248 619 275 ante
643 244 743 275 omnia
770 243 1059 275 scilicetAmentum
1071 241 1176 273 vivetis
1193 250 1200 272 :
1221 241 1277 274 Ubi
1304 243 1386 273 enim
1409 241 1540 282 spiritus
1556 241 1683 273 Domtm‘
1697 245 1754 281 est,

46 288 131 319 viam
150 288 255 319 salutis
270 288 440 320 doceamur.
457 288 571 320 Deinde
587 289 675 320 etiam
691 288 722 319 in
737 287 884 320 mandatis
925 285 1031 326 inquit,
1044 286 1088 317 ibi
1099 285 1269 317 libertas-30
1279 310 1287 326 ,
1310 285 1433 317 libertas
1447 294 1483 317 ex
1498 284 1686 325 subjectione
1699 285 1753 317 sub

48 334 119 373 ejus
137 333 214 364 citra
240 333 466 365 conversionem
493 338 610 374 peracta
636 333 694 374 via,
725 333 762 364 ad
790 333 884 374 ipsam
925 329 1022 370 legem
1038 339 1091 371 per
1106 329 1216 361 omnia.
1231 331 1293 362 Lex
1304 330 1414 371 quippe
1428 329 1557 367 duxviaa,
1574 333 1604 361 et
1620 330 1755 371 paedago-

49 378 225 409 animarum
245 382 412 409 nostrarum
434 378 557 409 salutem
580 378 796 419 perveniamus.
816 377 886 414 Qua
926 384 990 415 sus,
1010 374 1266 419 etmanuduclrix,
1281 378 1311 406 et
1327 374 1466 419 magistra
1480 374 1604 415 justitize
1616 379 1672 415 est,
1684 374 1754 406 dum

52 425 102 453 est
117 422 210 462 igitur
221 422 300 453 salus
317 422 442 454 nostra?
456 423 541 454 Iesus
550 423 696 462 Christus,
718 423 747 454 id
762 423 842 463 quod
857 427 886 454 et
926 419 1010 456 dicit,
1022 419 1078 450 hoc
1093 423 1125 463 et
1149 418 1206 450 hoc
1229 418 1331 450 facies.
1348 418 1450 463 Gratia
1472 423 1571 450 autem
1593 423 1623 451 et
1645 419 1754 451 veritas

53 467 183 506 angelus
195 467 363 508 pastoribus
374 471 472 499 astans
487 467 685 509 praedicabat:
702 462 782 499 Ecce
791 477 885 499 evan-
927 472 986 509 np"
1002 463 1059 493 ita:
1076 462 1128 509 Sed
1140 463 1317 509 qumodo}
1327 467 1362 509 get
1371 462 1463 509 faeies
1477 463 1632 509 omnia,ret
1646 464 1754 505 loque-

49 512 158 551 gelizo
170 506 254 543 vobis
261 513 407 553 gaudium
419 506 571 552 magnum,
584 513 664 553 quod
671 513 729 544 erit
739 513 823 544 omni
836 521 888 553 po-
927 507 968 553 ris
981 507 1144 553 secundum
1161 508 1260 553 datam
1282 506 1345 546 tibi,
1353 511 1393 553 iet
1407 507 1579 549 loquentem
1594 508 1625 539 in
1637 511 1667 540 te
1682 518 1751 549 gra-

46 556 138 596 pulo,
154 557 228 597 quia
239 561 334 587 nam;
345 560 401 594 est,
415 557 499 588 vobis
513 552 600 588 hodie
611 557 762 595 Salvator,
776 552 887 597 quiest
928 552 1009 589 tiam,
1024 552 1255 593 sicutscriptum
1267 555 1329 584 est:
1345 552 1386 584 Ει
1397 556 1487 585 erunt
1502 562 1603 585 omnes
1613 554 1755 586 docibites

50 601 687 641 Christusﬂominus,incivitateDauid’li.
701 601 887 633 Festinemus
926 597 1018 629 Dei?“
1033 607 1041 634 ς
1058 606 1117 628 non
1133 606 1188 638 ρετ
1216 597 1384 629 litterarum
1410 601 1506 635 nom.
1533 602 1562 629 et
1576 598 1661 639 Signa
1674 598 1754 640 quod

52 645 150 684 igitur
163 645 379 686 unusquisque,
410 646 530 686 dilecti;
558 655 710 677 curramus
734 650 884 684 contente,
927 641 1038 673 bonum
1067 645 1111 673 est
1139 641 1300 680 discentes,
1332 642 1384 673 sed
1410 641 1441 673 in
1467 641 1580 683 Spiritu
1607 647 1709 675 sancto
1722 643 1754 675 id

50 689 127 720 nihil
143 689 256 727 oneris,
270 694 322 720 aut
335 690 371 721 ad
385 690 474 721 vitam
487 690 562 721 hanc
571 690 735 731 pertinens,
750 693 800 721 aut
814 699 886 730 por-
927 686 1024 718 edocti
1041 698 1047 716 :
1066 695 1122 718 nec
1132 686 1163 717 in
1179 686 1268 718 verbo
1280 686 1355 725 solo,
1368 686 1423 731 sed
1435 686 1466 717 in
1481 686 1595 719 lumine
1609 687 1700 719 Verbi
1711 688 1754 720 lu-

54 737 117 765 tatu
132 743 222 774 grave
238 734 393 765 nobiscum
417 730 586 775 gestantes;
602 744 640 766 ne
655 734 692 765 ob
708 735 764 766 hoc
778 734 887 766 lentius
927 730 1156 772 minis_mystice
1172 731 1279 762 divinis
1308 730 1432 763 initiati.
1458 732 1545 763 Tunc
1568 731 1650 763 enim
1671 731 1755 764 vobis

55 779 156 810 coacti
173 779 325 817 incedere,
345 780 491 810 civitatem
512 779 601 811 David
617 779 775 820 attingere,
796 783 887 819 atque
927 775 1010 816 ipsis,
1024 776 1129 816 inquit,
1145 780 1175 807 et
1190 775 1332 816 proximis
1353 775 1490 807 doctores
1502 775 1597 814 eritis,
1611 785 1709 818 neque
1723 776 1755 808 id

51 823 178 862 ingredi
194 832 253 855 non
270 824 428 864 possimus.
445 823 575 855 Obsecro
600 833 664 862 vos,
689 832 743 864 per
757 832 886 864 operan-
927 822 1034 860 solum,
1053 821 1105 852 sed
1123 825 1152 852 et
1177 821 1226 852 lux
1253 820 1396 852 mundi?)ﬂ
1410 845 1418 859 ,
1443 824 1472 852 et
1487 820 1692 855 salterrae33.
1708 821 1756 854 Illi

49 871 125 912 tem,
139 867 170 898 in
186 867 275 912 nobis
284 870 419 907 gratiam,
437 877 475 899 ne
491 869 616 899 salutem
632 873 762 899 nostram
779 868 809 898 in
826 868 881 898 mi-
896 887 916 912 Β
927 875 997 912 ergo
1026 871 1093 898 ante
1122 866 1246 912 gratiam
1270 867 1351 912 velut
1380 867 1434 898 sub
1458 867 1526 908 lege
1541 871 1640 907 erant,
1656 871 1686 899 et
1699 867 1754 900 sub

51 911 147 943 nimis
175 911 318 943 ducamus
349 923 355 942 :
386 913 439 944 sed
467 913 547 944 velut
571 922 588 944 a
610 922 714 944 somno
739 911 910 952 perversae’
927 911 1032 943 umbra
1047 912 1112 953 ejus
1126 911 1281 944 sedebant.
1297 911 1357 943 Nos
1372 915 1470 944 autem
1495 915 1561 954 post
1585 912 1709 953 gratiam
1723 916 1756 944 ut

50 956 246 997 arrogantiae,
261 957 463 998 socordiaeque
480 957 688 998 expergefacti,
705 966 743 988 ne
759 961 882 994 stemus,
924 957 954 987 in
970 957 1095 995 lumine,
1112 961 1142 988 et
1156 956 1206 988 die
1223 956 1386 995 constituti,
1407 957 1444 988 ab
1457 957 1564 988 umbra
1579 966 1633 989 seu
1657 958 1754 989 servi-

50 1010 109 1031 nec
126 1001 299 1038 sedeamus,
324 1002 420 1033 donec
445 1008 525 1033 extra
553 1003 632 1032 hunc
661 1001 805 1032 mundum
823 1005 883 1032 toto
924 1002 1079 1042 tuteglegis
1094 1001 1212 1033 liberati
1227 1011 1341 1040 sumus,
1371 1001 1542 1043 superiores
1565 1002 1682 1034 scilicet
1704 1002 1756 1034 illa

49 1045 154 1076 animo
167 1046 520 1087 simus,Salvatoremque
532 1055 565 1077 ac
576 1046 737 1077 Dominum
748 1049 881 1076 nostrum
923 1046 1002 1087 facti,
1019 1047 1103 1087 quasi
1118 1055 1171 1087 per
1185 1046 1293 1086 gradus
1309 1046 1453 1087 quosdam
1482 1047 1549 1078 vitae
1573 1047 1754 1087 evangelicae

50 1090 221 1128 inventum,
236 1095 267 1122 et
282 1096 473 1132 conspectum
493 1092 554 1122 illic
568 1091 756 1132 procidentes
770 1091 879 1122 adore-

52 1144 134 1167 mus.
150 1135 186 1166 Et
201 1145 297 1176 neque
315 1142 377 1167 tum
394 1141 517 1177 stemus,
537 1137 588 1168 sed
610 1136 706 1167 donec
729 1136 778 1167 ille
794 1135 882 1167 nobis

51 1179 134 1211 dicat
149 1190 155 1210 :
174 1180 230 1212 Vos
240 1190 303 1212 non
324 1183 395 1212 estis
411 1183 447 1212 de
465 1182 521 1213 hoc
535 1183 660 1222 mundo,
676 1181 726 1212 sed
741 1190 793 1221 ego
808 1181 884 1221 elegi

50 1233 105 1256 vos
117 1225 156 1256 de
167 1227 279 1257 mundo
289 1226 340 1256 97-.
357 1226 482 1262 Quinam
497 1231 595 1258 autem
607 1226 713 1267 aliquis
726 1235 760 1257 eo
776 1235 884 1266 perve-

52 1270 128 1307 niat,
142 1274 173 1301 ut
189 1280 246 1301 non
262 1271 300 1302 sit
316 1272 353 1302 de
368 1272 423 1303 hoc
438 1271 572 1302 mundo?
587 1272 612 1302 si
626 1272 756 1311 seipsum
774 1271 884 1302 mundo

52 1315 240 1346 cruciﬁxerit
255 1320 283 1347 et
300 1317 442 1348 mundum
469 1317 499 1347 in
515 1316 628 1357 seipso,
651 1320 684 1347 ut
699 1316 804 1347 Paulus
819 1316 859 1346 ait
874 1321 882 1341 ε

923 1086 955 1122 in
972 1086 1159 1122 altitudinem
1174 1091 1294 1129 sublati,
1312 1086 1341 1122 et
1364 1100 1431 1122 cum
1457 1091 1627 1130 legislatore
1651 1086 1753 1124 viven-

926 1139 981 1172 tes,
998 1135 1043 1167 vel
1058 1135 1157 1176 potius
1173 1135 1335 1177 etiamlipsi
1358 1136 1556 1178 legislatores,
1576 1141 1630 1170 aut
1653 1136 1753 1178 legum

925 1180 1147 1266 cuiiiiiiiigitur
1157 1229 1214 1264 est,
1245 1226 1296 1267 qui
1317 1225 1408 1257 habet
1436 1235 1523 1257 aures
1550 1226 1706 1265 audiendi,
1723 1229 1756 1257 ut

925 1279 1028 1302 eorum
1044 1279 1109 1311 quae
1123 1280 1140 1302 a
1153 1270 1266 1312 Spiritu
1283 1271 1425 1302 dicuntur
1437 1270 1495 1302 vim
1504 1270 1656 1302 auditione
1665 1274 1755 1313 queat

926 1315 1104 1356 percipere?
1118 1315 1193 1346 Num
1210 1315 1299 1347 etiam
1308 1319 1364 1350 est,
1377 1315 1427 1356 qui
1438 1324 1560 1347 sensum
1569 1315 1680 1347 Christi
1694 1316 1751 1347 ha-

52 1360 131 1391 .llihi
145 1361 278 1392 mundus
292 1362 460 1402 cruciﬁxus
480 1365 533 1398 est,
550 1365 578 1393 et
593 1370 646 1402 ego
661 1362 774 1392 mundo
784 1361 814 1386 ’8
825 1387 832 1393 .
848 1361 885 1392 Et

52 1406 205 1445 quomodo
223 1406 285 1437 haec
300 1406 391 1437 verba
407 1417 473 1438 cum
489 1406 547 1437 illis
555 1405 768 1437 consentiunt?
785 1406 885 1438 Verba
925 1404 961 1436 ab
970 1414 1005 1435 eo
1016 1405 1127 1446 scripta
1138 1404 1302 1436 sunt?Num
1314 1405 1404 1436 etiam
1414 1403 1750 1446 invenieturquispiam,

51 1449 190 1490 quidem,
212 1450 320 1491 inquit,
337 1451 393 1482 alia
408 1455 487 1489 sunt,
516 1451 559 1482 vis
575 1451 730 1482 amborum
756 1460 814 1482 una
831 1460 883 1482 ea-
925 1450 1075 1481 Christum
1092 1450 1168 1481 inse
1182 1449 1246 1491 ipso
1271 1450 1443 1491 loquentem
1465 1448 1591 1488 habens,
1617 1452 1650 1480 ut
1672 1449 1751 1482 bene

52 1494 196 1534 demque.
212 1495 468 1532 Quemadmodum
496 1496 575 1527 enim
598 1496 649 1536 qui
665 1500 747 1526 extra
762 1495 881 1527 domum
892 1511 913 1538 ο
926 1496 1018 1537 possit
1033 1495 1142 1536 eloqui,
1158 1505 1223 1537 quas
1237 1495 1336 1527 verbis
1363 1495 1502 1535 leguntur
1516 1494 1655 1536 mysteria
1665 1495 1680 1525 τ
1693 1494 1750 1527 8η-

52 1543 110 1574 est,
129 1539 210 1570 intus
225 1540 382 1571 conclusos
398 1550 456 1571 non
473 1541 570 1578 videt;
599 1540 641 1572 sic
657 1540 768 1570 mundo
783 1540 882 1571 cruci-
922 1542 1070 1582 pientiam
1084 1541 1165 1572 enim
1180 1540 1345 1580 loquimur,
1367 1540 1475 1581 inquit,
1491 1549 1555 1571 non
1568 1539 1673 1572 seaculi
1688 1539 1748 1572 hu-

926 1360 1005 1398 beat,
1021 1365 1053 1391 ut
1067 1360 1160 1402 probe
1175 1364 1204 1391 et
1216 1361 1278 1392 Deo
1293 1360 1507 1392 convenienter
1522 1359 1671 1400 intelligat
1684 1369 1751 1402 quas

53 1583 142 1623 ﬁxus,
162 1588 211 1615 aut
227 1586 432 1622 mortiﬁcatus,
451 1595 551 1616 rerum
579 1585 794 1616 mundanarum
810 1594 882 1616 sen-

53 1637 121 1658 sum
135 1629 247 1660 nullum
260 1630 360 1661 habet.
371 1629 498 1661 Rursum
515 1630 601 1661 sicuti
616 1639 724 1670 corpus
735 1633 882 1661 mortuum

53 1682 110 1703 nec
125 1673 200 1714 viva,
212 1684 267 1706 nec
277 1684 377 1706 secum
391 1675 520 1716 jacentia
533 1684 657 1715 corpora
667 1678 782 1705 mortua
794 1674 883 1706 sentit

53 1727 174 1757 quoquo
191 1719 278 1750 modo
296 1730 303 1750 :
321 1720 364 1751 sic
381 1729 435 1751 nec
451 1719 501 1761 qui
517 1724 600 1750 extra
615 1718 757 1749 mundum
772 1719 801 1749 in
820 1720 882 1760 spi-

50 1762 111 1792 ritu
127 1762 181 1793 Dci
196 1768 250 1800 est,
268 1768 379 1795 etcum
411 1765 472 1795 Deo
494 1768 548 1800 est,
576 1764 699 1800 mundo,
730 1767 780 1794 aut
793 1763 884 1800 rebus

52 1807 213 1838 mundanis
227 1808 304 1839 afﬁci
321 1813 426 1849 potest.
458 1809 554 1849 Atque
570 1809 621 1848 ita,
638 1808 756 1846 fratres,
774 1811 803 1838 et
816 1813 884 1840 ante

51 1856 180 1882 mortem
197 1862 288 1893 mors,
305 1858 335 1884 et
351 1857 420 1884 ante
443 1862 603 1893 corporum
627 1851 882 1884 resurrectionem

51 1895 219 1927 animarum
235 1898 416 1929 resurrectio
429 1899 459 1929 iit
475 1907 577 1938 opere,
592 1897 709 1933 virtute,
728 1897 883 1937 experien-

918 1585 1751 1626 περαωευίιειιαιυωεάειιρίεηιέανηἱηγηῃετενίο,ᾳυω

924 1630 1100 1661 abscondita
1114 1630 1198 1660 est“
1211 1629 1322 1668 multis,
1340 1629 1426 1660 nobis
1440 1633 1539 1660 autem
1555 1629 1647 1670 probe
1661 1639 1750 1662 reve-

925 1674 994 1714 lata,
1014 1678 1044 1705 et
1058 1674 1186 1713 cognita,
1203 1675 1253 1715 qui
1269 1674 1300 1706 in
1322 1674 1428 1706 timore
1455 1673 1510 1706 Dei
1529 1673 1609 1705 velut
1636 1673 1673 1706 ab
1685 1674 1750 1707 ele-

925 1718 1169 1750 mentisinstituti
1188 1729 1302 1756 sumus,
1323 1723 1353 1750 et
1367 1719 1403 1750 ad
1420 1719 1504 1750 illum
1519 1728 1641 1760 semper
1655 1720 1749 1761 respi-

925 1764 1032 1796 cimus.
1048 1763 1113 1795 Non
1138 1763 1217 1795 enim
1243 1764 1323 1805 quod
1345 1763 1496 1796 nescimus
1512 1764 1680 1805 loquimur;
1698 1764 1750 1796 sed

925 1809 1002 1850 quod
1017 1808 1128 1840 scimus
1142 1808 1349 1848 testiﬁcamur,
1361 1810 1501 1850 quoniam
1512 1809 1561 1840 lux
1573 1808 1604 1840 in
1619 1809 1751 1841 tenebris

921 1854 983 1893 jam
999 1854 1118 1885 lucct55
1129 1877 1137 1892 ,
1152 1857 1180 1884 et
1193 1853 1224 1884 in
1240 1858 1339 1892 nocte,
1352 1858 1382 1885 et
1395 1854 1426 1885 in
1436 1854 1497 1892 die,
1509 1857 1538 1885 et
1548 1853 1639 1892 intus,
1658 1857 1688 1885 et
1704 1862 1753 1886 ex-

925 1904 980 1930 tra.
997 1900 1078 1930 Intus
1093 1898 1214 1939 quidem
1235 1899 1266 1929 in
1291 1898 1432 1930 cordibus
1448 1898 1578 1938 nostris;
1596 1903 1678 1930 extra
1692 1908 1748 1931 au-

54 1940 106 1978 tia,
119 1941 381 1974 veritate.Mortali
395 1943 476 1973 enim
488 1942 665 1982 cogitatione
674 1941 709 1972 ab
722 1941 881 1973 immortali
924 1948 982 1975 tem
998 1944 1028 1975 in
1055 1944 1154 1975 animo
1184 1944 1429 1976 circumlustrans
1458 1953 1512 1974 nos
1526 1944 1591 1975 sine
1612 1953 1747 1985 vespera,

53 1994 144 2031 sensu
160 1986 257 2018 deleta
278 1996 312 2017 ac
335 1987 499 2027 proﬂigata,
527 1991 556 2017 et
585 1986 764 2017 mortalitate
786 1996 803 2017 a
822 1987 883 2018 vita
922 1988 1476 2027 sinemutatione,sinevarietate,sine
1490 1988 1596 2028 ﬁgura,
1610 1989 1749 2031 loquens,

53 2029 190 2069 etl‘ugata,
217 2031 316 2062 anima
336 2037 396 2062 tum
411 2032 490 2062 velut
504 2041 520 2062 a
536 2031 661 2062 mortuis
677 2031 814 2068 excitata,
832 2041 883 2062 se-
923 2042 1061 2074 operans,
1075 2033 1186 2070 vivens,
1204 2037 1232 2063 et
1247 2033 1409 2071 viviﬁcans,
1435 2036 1465 2064 et
1485 2029 1676 2064 collustratos
1700 2033 1749 2065 lu-

55 2078 116 2104 met
131 2076 343 2107 convenienter
356 2076 436 2107 videt
447 2076 493 2116 (ut
504 2075 554 2116 qui
573 2076 610 2107 de
627 2084 731 2105 somno
741 2084 882 2107 surrexe-
923 2078 1004 2108 mine
1018 2077 1159 2109 reddens.
1170 2077 1232 2108 Nos
1243 2077 1437 2109 testiﬁcamur
1451 2077 1591 2118 quoniam
1603 2077 1682 2109 Deus
1697 2078 1748 2110 lux

54 2123 135 2157 runt,
152 2121 329 2162 semetipsos
339 2121 535 2162 conspiciunt)
545 2125 574 2152 et
589 2120 682 2151 Deum
698 2129 715 2150 a
730 2130 788 2160 quo
804 2122 882 2152 exci-
923 2125 978 2160 est,
996 2126 1025 2152 et
1040 2121 1091 2162 qui
1106 2121 1188 2161 digni
1212 2125 1280 2152 sunt
1309 2121 1411 2160 habiti,
1442 2125 1475 2152 ut
1500 2131 1568 2153 eum
1596 2122 1746 2160 viderent,

56 2167 117 2194 tata
133 2168 177 2195 est
191 2166 342 2205 agnoscit:
360 2175 447 2206 quem
474 2165 656 2205 intelligens,
680 2165 788 2205 gratias
809 2167 879 2206 agit,
891 2176 1027 2207 nomnes
1040 2170 1072 2197 ut
1085 2166 1182 2197 lucem
1198 2166 1347 2204 viderunt,
1362 2171 1391 2198 et
1404 2167 1455 2207 qui
1468 2176 1537 2198 eum
1553 2171 1746 2207 acceperunt,

54 2209 171 2250 adorat,
187 2214 217 2241 et
230 2210 404 2242 immensam
421 2211 485 2250 ejus
506 2210 670 2241 bonitatem
686 2209 827 2242 dilaudat.
844 2209 955 2246 At"nt
983 2212 1079 2242 lucem
1109 2216 1301 2251 acceperunt.
1329 2211 1474 2248 Quoniam
1512 2211 1654 2252 praecedit
1676 2215 1747 2244 ante

55 2262 127 2284 \‘ero
153 2263 259 2295 corpus
287 2255 322 2286 ad
346 2255 480 2296 proprias
502 2254 679 2295 cupiditates
702 2255 812 2286 nullam
836 2256 880 2287 vel
922 2257 1004 2287 illum
1021 2256 1121 2287 lumen
1130 2256 1232 2296 gloriae
1246 2256 1337 2295 illius,
1348 2260 1379 2288 et
1393 2256 1459 2288 sine
1475 2256 1587 2287 lumine
1602 2265 1747 2297 apparere

54 2300 290 2340 qualemcunque
305 2300 540 2340 inspirationem,
568 2303 619 2330 aut
639 2299 814 2338 motionem,
832 2305 882 2331 aut
923 2311 981 2333 non
997 2305 1112 2342 potest:
1130 2301 1240 2343 quique
1255 2302 1320 2342 ejus
1333 2302 1433 2333 lumen
1450 2311 1510 2332 non
1523 2301 1672 2340 viderunt,
1689 2311 1746 2334 nec

53 2343 261 2383 cogitationem
276 2345 386 2376 habet:
406 2345 457 2376 sed
484 2349 527 2376 est
556 2344 586 2375 in
616 2344 663 2375 his
686 2348 780 2375 totum
798 2355 880 2376 mor-
921 2347 1004 2377 illum
1018 2346 1169 2386 viderunt,
1186 2347 1327 2388 quoniam
1342 2347 1407 2388 ipse
1428 2346 1478 2378 lux
1493 2350 1548 2378 est.
1563 2346 1600 2377 Et
1623 2346 1675 2387 qui
1696 2347 1745 2378 lu-

53 2391 137 2420 tuum
154 2393 182 2420 et
196 2390 343 2420 exanime.
358 2391 590 2430 Nonnunquam,
608 2389 668 2420 imo
680 2398 769 2429 saepe,
789 2390 879 2421 etiam
922 2400 991 2422 men
1003 2400 1062 2422 non
1073 2395 1263 2431 acceperunt,
1277 2391 1408 2423 nondum
1420 2391 1542 2432 gratiam
1553 2395 1744 2432 acceperunt.

54 2443 156 2464 eorum
173 2444 237 2475 qua:
246 2435 409 2465 secundum
427 2439 561 2465 naturam
577 2437 656 2474 sunt,
669 2437 790 2474 propter
804 2435 880 2465 assi-
921 2435 978 2472 Qui
993 2445 1121 2476 namque
1136 2436 1256 2476 gratiam
1282 2440 1473 2478 acceperunt,
1502 2436 1603 2467 lumen
1630 2435 1685 2467 Dei
1715 2440 1745 2469 et

54 2479 140 2510 duam
155 2480 307 2511 animaein
336 2480 426 2511 rebus
456 2489 522 2521 qua;
548 2489 637 2519 supra
665 2483 798 2510 naturam
813 2484 881 2511 sunt
921 2481 1015 2512 Denm
1030 2485 1220 2522 acceperunt,
1250 2481 1326 2513 sicut
1349 2481 1415 2522 ipsa
1441 2481 1490 2513 lux
1519 2480 1653 2512 Christus
1676 2480 1742 2514 ait:

57 2525 213 2555 mentalem
229 2525 453 2565 occupationem
474 2534 508 2556 ac
533 2524 664 2556 studium
681 2523 874 2556 obliviscitur.
917 2526 1109 2565 Inhabitabo,
1118 2530 1146 2558 et
1158 2526 1353 2558 inambulabo
1363 2527 1447 2558 ἰηείδ
1458 2525 1485 2548 ³⁸
1498 2550 1505 2558 .
1522 2524 1634 2562 Quibus
1644 2529 1743 2558 autem

53 2568 87 2600 Et
97 2573 185 2609 recte,
199 2569 399 2608 inquitenim:
415 2569 533 2609 Spiritu
545 2568 709 2605 ambulate,
722 2572 752 2599 et
762 2569 876 2601 deside-
917 2571 975 2602 hoc
992 2571 1123 2602 nondum
1135 2571 1270 2612 contigit,
1285 2580 1341 2603 nec
1356 2571 1438 2611 digni
1453 2574 1522 2602 sunt
1533 2569 1638 2609 habiti,
1650 2570 1701 2612 qui
1711 2571 1742 2602 id

56 2615 102 2645 ria
109 2617 209 2645 carnis
217 2623 277 2645 non
282 2614 442 2654 perﬂeietis
449 2613 491 2642 29.
509 2615 583 2645 Caro
601 2612 699 2653 igitur,
717 2617 749 2644 ut
764 2613 839 2644 dictu

958 2619 1160 2656 sequerentur,
1176 2625 1279 2647 omnes
1307 2616 1338 2647 hi
1364 2615 1419 2647 sub
1445 2615 1511 2656 lege
1535 2618 1603 2646 ante
1617 2614 1741 2655 gratiam

58 2663 109 2696 est,
127 2668 178 2699 per
192 2658 350 2689 adventum
373 2658 500 2699 Spiritus
525 2659 601 2689 l'acta
618 2663 744 2695 mortua,
760 2657 874 2699 imper-
917 2664 1088 2698 censentur,
1113 2660 1203 2698 servi,
1226 2669 1440 2702 servorumque
1467 2659 1617 2700 discipuli.
1633 2659 1670 2691 Et
1684 2669 1742 2691 au-

59 2703 185 2734 turbatos
200 2703 237 2734 de
251 2707 358 2735 caetero
372 2712 423 2734 vos
438 2703 597 2744 relinquet,
612 2705 642 2734 et
656 2702 731 2733 citra
743 2702 874 2743 impedi-
916 2704 1028 2736 ditores
1041 2705 1127 2747 legis,
1153 2705 1265 2737 circum
1291 2705 1430 2737 umbram
1459 2708 1489 2737 et
1511 2707 1614 2745 typum
1643 2703 1741 2737 adhuc

95 2798 125 2824 25
137 2796 223 2829 Joan.
238 2805 269 2835 v,
285 2796 349 2838 39._
377 2796 409 2822 98
422 2797 493 2830 Luc.
510 2805 544 2836 ιι,
562 2797 681 2838 10,_ti_._
721 2795 752 2838 ?7
765 2795 854 2838 Joan.
870 2806 878 2829 ι

957 2799 988 2830 9.
1030 2799 1061 2826 98
1088 2798 1183 2833 Galat.
1207 2808 1249 2838 vr,
1266 2800 1317 2832 14.
1357 2799 1389 2826 ³9
1408 2798 1504 2832 Galat.
1527 2799 1625 2838 v,16.
1665 2798 1699 2825 ω
1714 2796 1739 2830 Π

59 2823 123 2883 ροέ.
137 2823 269 2883 1.1m."
286 2823 493 2883 ξῖςιοειειξςί·
508 2823 842 2883 ῖέςξξίῇοιιιιῂθῖέ

954 2823 1067 2873 5“unci.
1089 2823 1249 2873 tm?
1265 2823 1333 2873 ea}.
1358 2823 1390 2880 n,
1410 2823 1524 2873 ‘6'.""56
1535 2823 1637 2872 ’ἐοΞιῖιέ-
1659 2823 1695 2882 ιζ
1708 2823 1737 2873 εἰ

56 2878 81 2901 ³⁸
93 2878 183 2910 Levit.
199 2886 280 2916 xxvt,
296 2877 355 2916 i2;
372 2877 399 2910 ΙΙ
420 2879 488 2912 Cor.
504 2887 546 2917 v1,
564 2878 612 2910 l6.
