1983 3072
216 140 277 175 ιο7

867 135 1058 171 SYMEONIS
1077 135 1254 170 JUNIORIS

1848 126 1924 159 408

217 206 405 248 aberrantes,
423 206 478 238 filii
491 205 621 244 ancillae,
641 208 671 236 et
685 204 739 236 ﬁlii
755 204 944 236 tenebrarum
960 207 1039 243 sunt,
1051 215 1073 233 Α
1083 200 1534 248 omniqueignominia-undique
1543 197 1749 248 replebantur.
1758 195 1822 248 Nec
1831 195 1923 226 istuc

219 252 281 283 sive
296 251 503 293 imperatores,
521 250 583 282 sive
605 249 792 291 patriarchae,
809 249 870 281 sive
893 249 1040 290 episcopi,

218 296 280 328 sive
294 296 475 335 sacerdotes,
493 295 555 327 sive
579 295 742 336 principes,
759 294 820 326 sive
834 293 972 334 subjecti,
989 303 1041 325 seu

219 341 346 383 profani,
362 350 415 372 seu
430 340 579 379 monachi,
596 349 648 372 seu
663 345 781 378 ascetae,
803 349 855 370 seu
880 339 1040 380 praepositi,

218 382 271 418 seu
286 395 445 427 pauperes,
464 395 516 416 seu
532 385 650 422 divites,
674 394 726 416 seu
756 383 868 424 mgroti,
899 392 951 415 seu
979 382 1042 414 sani

218 431 289 462 sint.
306 429 418 462 Omnes
433 430 524 468 enim,
541 430 592 471 qui
607 429 638 460 in
653 429 784 460 tenebris
800 428 915 466 sedent,
934 432 963 458 et
978 437 1043 468 poe-

219 475 316 507 nitere
331 475 446 514 nolunt,
456 475 510 506 filii
521 474 712 506 tenebrarum
729 477 934 504 numerantur.
948 472 1044 504 Poeni-

219 520 315 552 tentia
329 520 476 561 siquidem
492 523 537 551 est
547 519 650 561 janua,
667 527 730 560 quae
752 528 768 550 e
784 517 913 549 tenebris
933 517 1043 553 educit,

219 568 250 596 et
265 565 302 596 ad
317 564 419 596 lumen
435 564 568 596 deducit.
585 564 641 600 Qui
656 563 745 604 igitur
759 563 795 594 ad
810 563 912 593 lumen
927 562 1044 602 ingres-

219 619 270 642 sus
285 619 344 641 non
360 613 416 648 est,
435 610 556 650 januam
583 607 767 649 poenitentiae
795 617 854 638 non
883 608 959 639 bene
975 616 1043 648 per-

219 654 346 687 transiit.
363 654 439 686 Nam
455 655 480 685 si
498 654 718 695 pertransisset,
735 653 771 684 ad
787 653 888 684 lumen
903 651 1043 683 venisset.

220 699 276 736 Qui
291 704 389 731 autem
406 709 464 730 non
489 699 624 740 poenitet,
649 702 762 738 peccat,
794 701 952 738 propterea
976 696 1045 737 quia

220 754 280 776 non
296 744 418 785 paenitet
435 753 441 775 :
459 743 578 776 Scienti
592 746 674 774 entm
688 742 810 780 bonum,
824 742 930 782 inquit,
944 745 1046 772 etnon

220 790 358 830 facienti,
363 792 519 830 peccatum
527 792 570 820 est
576 787 653 820 illi137
659 813 665 820 .
672 789 686 819 J
690 797 736 818 am
743 788 795 828 qui
801 787 874 826 facit
878 789 1044 828 peccatum,

1082 241 1208 289 tantum,
1223 241 1276 279 sed
1303 251 1332 278 et
1355 245 1451 277 omnis
1477 243 1637 285 cujuslibet
1652 241 1727 289 actio
1745 250 1798 272 seu
1814 241 1921 281 bona,

1083 302 1136 324 seu
1148 287 1235 333 mala,
1248 291 1346 323 omnis
1360 299 1471 331 sermo,
1488 289 1586 320 omnis
1600 287 1737 333 cogitatio
1753 296 1922 333 commen:

1084 338 1213 378 tatioque
1228 330 1263 368 ab
1279 337 1343 377 ipso
1359 330 1504 375 cujusque
1520 338 1587 365 ortu
1601 332 1750 369 videlicet,
1762 341 1865 378 usque
1875 330 1920 362 ad

1084 377 1220 413 ultimum
1236 381 1360 412 halitum
1377 380 1438 411 illic
1453 379 1601 410 collectim
1618 378 1648 408 in
1659 386 1840 417 unoquoque
1858 377 1922 406 ho-

1086 427 1200 458 minum
1216 425 1380 467 apparebit.
1399 427 1434 456 Et
1447 434 1550 465 quam,
1567 432 1679 464 quaeso,
1692 423 1807 455 fratres.
1823 422 1922 461 igno—

1086 471 1208 502 miniam
1225 481 1291 502 cum
1307 471 1373 506 hac,
1388 479 1453 511 quae
1476 478 1545 500 vere
1569 468 1632 500 sola
1658 474 1703 499 est.
1729 467 1917 508 ignominia.

1086 521 1155 548 tunc
1180 514 1443 557 comparabimus?
1464 518 1516 545 aut
1530 523 1595 554 quae
1611 522 1699 553 paena
1725 512 1833 557 timore
1858 511 1919 542 illo

1087 560 1261 600 pudoreque
1278 560 1381 600 major,
1394 568 1473 595 cum,
1490 561 1522 588 ut
1536 558 1650 588 dictum
1666 560 1722 594 est,
1739 556 1812 586 adeo
1825 560 1919 600 tene-

1084 599 1179 645 brosi,
1196 599 1225 635 et
1240 605 1304 635 sine
1319 603 1504 634 illuminante
1517 602 1623 643 spiritu
1638 601 1749 632 inventi
1770 601 1887 632 fuerint
1900 599 1919 630 εἰ

1086 649 1210 686 Qualem
1220 658 1307 689 porro
1314 648 1506 689 vitam,quale
1516 647 1766 678 oblectamentum
1781 645 1919 677 habebit

1086 694 1190 735 homo,
1206 694 1256 735 qui
1271 695 1302 724 in
1318 693 1449 725 tenebris
1462 692 1557 730 sedet,
1573 701 1608 723 ac
1617 692 1733 728 metuit,
1748 700 1786 722 ne
1797 699 1916 730 repen-

1089 740 1150 770 tina
1173 739 1248 770 lucis
1269 738 1485 770 illuminatione
1501 736 1698 777 cogitationis,
1715 739 1764 767 aut
1779 735 1917 767 actionis

1089 783 1213 824 alicujus
1227 784 1331 814 sordes
1346 783 1376 814 in
1391 782 1455 823 ipso
1471 782 1680 822 reperiantur?

220 826 617 874 amusestpeccati,etodit
632 826 1074 873 lucem,_etnonvenitadlu-B
1125 828 1222 865 Quare
1243 828 1426 864 studeamus,
1453 827 1560 858 fratres
1584 826 1655 874 mei,
1679 826 1749 874 hinc
1775 826 1918 874 jam-per

222 887 297 916 cem,
305 882 620 919 nearguantut'opera
629 879 692 918 ejus
698 877 735 908 38.
750 877 834 908 Nunc
843 877 923 907 enim
939 881 1044 916 sponte

222 928 253 955 et
266 927 365 954 nostro
382 924 514 964 ipsorum
531 923 673 954 arbitratu
689 923 725 954 ad
751 923 853 953 lumen
878 930 931 962 per
946 921 1044 962 poeni—

223 967 346 1001 tentiam
363 968 491 1008 ingressi
504 968 722 1008 redarguimur,
739 971 767 998 et
779 966 950 1007 judicamur
968 976 974 996 :
992 966 1044 997 sed

224 1012 347 1053 mystice
359 1011 506 1052 judicium
516 1012 602 1050 istuc,
616 1016 645 1043 et
654 1011 840 1049 abscondite,
858 1010 888 1041 in
902 1010 1047 1042 interiore

224 1057 391 1088 animarum
407 1061 574 1088 nostrarum
590 1057 739 1094 cubiculo,
767 1056 802 1087 ad
829 1055 1046 1096 purgationem,

224 1106 254 1134 et
266 1101 474 1134 remissionem
491 1106 680 1142 peccatorum
697 1105 866 1132 nostrorum
882 1100 1051 1131 misericor-

225 1147 285 1185 dia,
305 1150 334 1177 et
347 1146 530 1187 benignitate
536 1146 590 1178 Dei
601 1146 747 1187 subimus,
761 1146 824 1177 solo
835 1145 977 1176 nimirum
988 1145 1050 1176 Deo

226 1201 275 1223 res
287 1194 403 1222 nostras
417 1191 531 1223 sciente
559 1199 594 1223 ac
618 1191 764 1222 intuente.
788 1189 851 1221 Hoc
872 1189 962 1229 igitur
990 1193 1048 1219 tam

225 1235 368 1277 praeclaro
393 1235 508 1275 judicio
537 1235 672 1276 quisquis
698 1234 745 1265 hic
771 1233 922 1274 judicatus
945 1233 1046 1275 fuerit,

223 1279 303 1311 aliud
320 1280 498 1321 supplicium
529 1285 581 1311 aut
608 1289 732 1311 examen
760 1288 820 1309 non
848 1278 975 1316 timebit,
993 1288 1047 1310 nec

223 1324 403 1356 tentationes
429 1324 487 1356 sibi
514 1329 743 1365 superventuras
765 1322 946 1354 formidabit.
972 1322 1045 1354 Tum

224 1378 305 1407 vero,
323 1369 380 1400 hoc
396 1374 452 1408 est,
477 1369 509 1400 in
538 1369 664 1400 adventu
680 1368 807 1408 Domini,
839 1367 876 1398 iis
903 1367 954 1408 qui
969 1376 1047 1398 nunc

225 1413 262 1445 ad
277 1413 378 1444 lumen
392 1414 505 1452 venire,
521 1417 551 1445 et
565 1413 601 1444 ab
616 1414 680 1454 ipso
704 1412 844 1453 judicari,
870 1412 1048 1453 purgarique

226 1458 341 1497 nolunt,
358 1457 412 1489 sed
425 1458 455 1489 id
472 1458 609 1496 oderunt,
635 1458 715 1499 quod
737 1456 825 1488 modo
841 1456 1046 1488 absconditum

1085 873 1288 914 paenitentiam
1303 877 1415 914 portam
1431 876 1584 911 augustam
1596 872 1708 902 intrare
1718 871 1758 909 40,
1769 870 1916 911 quodque

1086 919 1166 950 intus
1181 923 1226 950 est
1241 919 1343 949 lumen
1358 921 1506 958 spectare.
1522 917 1627 954 Etiam,
1639 926 1721 957 rogo,
1736 927 1771 947 m-
1783 916 1914 947 deficia—

1087 973 1155 994 mus
1180 963 1336 1004 pulsando,
1361 962 1532 1003 qumrendo,
1551 966 1580 993 et
1596 962 1723 1002 petendo
1748 966 1914 1002 antequam

1088 1008 1293 1044 exaudiamur,
1307 1007 1505 1047 etaperiatur,
1517 1011 1544 1037 et
1556 1007 1643 1038 detur
1658 1006 1743 1037 nobis
1761 1017 1767 1036 :
1786 1006 1916 1046 insuper

1090 1052 1186 1084 donec
1201 1052 1326 1092 ingressi
1343 1052 1444 1082 lumen
1460 1050 1650 1091 accipiamus,
1662 1055 1692 1082 et
1708 1050 1780 1081 illud
1794 1051 1914 1081 exstin-

1090 1101 1169 1128 ctum
1186 1097 1216 1128 in
1232 1096 1370 1128 cordibus
1387 1097 1495 1127 nostris
1515 1095 1687 1126 habeamus.
1710 1095 1805 1126 Nolite
1821 1095 1915 1134 igitur

1092 1152 1202 1180 errare,
1219 1143 1337 1174 fratres.
1349 1141 1404 1178 Qui
1416 1141 1446 1171 in
1462 1141 1594 1172 tenebris
1609 1141 1688 1177 vivit,
1705 1145 1787 1171 extra
1801 1139 1913 1170 ostium

1091 1193 1146 1221 est.
1171 1189 1226 1226 Qui
1250 1193 1349 1220 antem
1371 1197 1404 1219 se
1421 1188 1587 1227 ingressum
1617 1187 1774 1223 existimat,
1800 1190 1829 1217 et
1858 1195 1915 1226 per

1091 1234 1198 1265 ostium
1216 1234 1368 1274 ingressus
1385 1242 1444 1264 non
1459 1237 1514 1269 est,
1531 1232 1620 1263 etiam
1637 1232 1701 1272 ipse
1726 1236 1808 1262 extra
1833 1231 1913 1260 ovile

1090 1283 1146 1310 est.
1162 1279 1194 1309 Si
1210 1279 1289 1310 enim
1304 1278 1352 1309 lux
1366 1277 1479 1314 mundi,
1497 1281 1525 1307 et
1553 1276 1661 1307 ostium
1690 1280 1736 1307 est
1764 1275 1909 1312 Christus,

1089 1323 1212 1354 omnino
1234 1323 1365 1354 lucidum
1382 1322 1488 1353 ostium
1505 1325 1559 1358 est,
1573 1331 1630 1352 non
1647 1321 1753 1352 ostium
1770 1320 1909 1360 simplex.

1088 1369 1124 1400 Et
1138 1370 1189 1410 qui
1203 1370 1234 1400 in
1249 1379 1285 1400 eo
1301 1374 1357 1410 est,
1374 1369 1404 1400 in
1426 1369 1493 1399 luce
1518 1368 1620 1398 mundi
1647 1372 1703 1399 est.
1725 1369 1785 1399 Lux
1810 1371 1910 1398 autem

1089 1415 1193 1446 mundi
1208 1418 1263 1452 est,
1281 1424 1339 1445 non
1355 1423 1441 1455 quam
1460 1413 1613 1444 oculorum
1629 1422 1734 1444 sensus
1750 1412 1909 1453 percipiat,

1089 1459 1141 1490 sed
1167 1469 1254 1500 quam
1280 1459 1397 1490 animus
1420 1458 1530 1496 videat,
1561 1463 1648 1499 atque
1677 1458 1909 1498 contempletur.

223 1506 270 1534 est
284 1503 386 1534 lumen
400 1503 589 1543 revelabitur,
614 1496 791 1543 occultaque
815 1502 922 1533 horum
948 1496 1076 1533 omniaC
1089 1505 1162 1536 Nam
1175 1496 1222 1535 sol
1238 1504 1297 1542 hic,
1314 1513 1402 1545 quem
1423 1513 1528 1535 sensus
1551 1496 1679 1544 attingit,
1704 1496 1909 1534 tantummodo

224 1547 502 1581 manifestabuntur.
518 1548 554 1579 Et
568 1548 670 1589 quales
686 1557 766 1579 nunc
775 1556 878 1578 sumus
886 1547 1047 1587 unusquis-

225 1601 283 1633 que
297 1596 443 1632 nostrum,
457 1602 512 1624 nos
531 1593 612 1634 ipsos
629 1592 821 1633 occultantes,
838 1595 867 1623 et
882 1600 935 1632 per
949 1592 1046 1631 poeni-

223 1637 347 1669 tentiam
365 1642 466 1669 nostra
488 1637 679 1669 manifestare
699 1637 845 1675 nolentes,
864 1641 933 1668 tunc
947 1646 963 1666 a
979 1637 1046 1668 luce

225 1682 386 1721 manifesti,
403 1687 432 1714 et
446 1683 541 1725 aperti
556 1683 616 1715 Deo
628 1687 657 1714 et
666 1682 803 1714 omnibus
817 1691 931 1720 sumus,
949 1686 978 1713 et
992 1682 1048 1713 eri-

222 1737 290 1760 mus
302 1739 311 1767 ;
323 1731 352 1759 et
366 1729 537 1768 magnitudo
552 1728 674 1770 pudoris
684 1737 719 1759 ac
729 1727 884 1759 dedecoris
898 1726 959 1759 illic
974 1737 1045 1768 pro-

221 1773 392 1814 spectaculo
406 1773 473 1804 erit.

261 1817 379 1849 Etenim
395 1817 471 1849 sicut
488 1817 520 1848 in
543 1817 632 1849 domo
658 1818 762 1857 januas
788 1816 869 1847 intus
895 1816 1047 1848 obseratas

222 1862 363 1902 habente,
379 1862 405 1894 si
420 1863 487 1903 quis
505 1862 627 1900 enobis,
644 1862 728 1903 quasi
745 1861 817 1893 foris
832 1870 849 1893 a
865 1861 986 1893 nemine
1000 1863 1045 1893 vi-

223 1917 274 1939 sus
289 1908 381 1939 effuse
395 1912 508 1948 peccet,
525 1908 673 1939 adulteria
688 1907 813 1944 scilicet,
832 1911 882 1938 aut
897 1908 1046 1939 masculo-

222 1963 289 1986 rum
305 1953 490 1991 concubitus,
513 1957 564 1984 aut
578 1953 635 1985 alia
649 1952 834 1985 exsecranda
859 1961 1045 1993 perpetrans,

224 1998 334 2030 deinde
346 1997 445 2029 subito
459 1998 489 2029 in
504 1998 568 2039 ipso
584 1998 695 2038 ﬂagitio
710 1998 963 2039 deprehendatur,
980 2008 1046 2030 ma-

223 2052 312 2084 gnam
327 2043 454 2074 incurrit
468 2043 621 2074 infamiam
635 2052 643 2081 ;
657 2046 707 2074 aut
723 2044 770 2083 (ut
783 2042 861 2073 aliud
878 2043 1046 2083 exemplum

223 2088 356 2129 demus),
373 2088 399 2119 si
414 2087 479 2129 quis
490 2087 630 2119 adversus
643 2097 743 2128 regem
753 2087 877 2119 insidias
888 2088 1047 2120 meditetur

1088 1549 1223 1590 corporis
1245 1549 1346 1580 oculos
1367 1548 1515 1579 illuminat
1540 1547 1709 1585 hominum,
1732 1547 1906 1585 bestiarum,

1086 1594 1239 1625 volucrum
1257 1605 1264 1624 :
1282 1598 1311 1625 at
1325 1595 1368 1625 sol
1380 1594 1431 1634 qui
1446 1593 1499 1624 sub
1511 1593 1735 1633 intelligentiam
1751 1593 1839 1629 cadit,
1857 1593 1908 1633 qui

1092 1640 1201 1670 mundo
1216 1639 1323 1676 illuxit,
1341 1640 1453 1670 animas
1469 1639 1607 1669 duntaxat
1624 1638 1739 1668 ratione
1755 1638 1905 1678 praeditas,

1088 1693 1185 1725 neque
1205 1685 1257 1715 has
1281 1685 1356 1716 citra
1383 1683 1544 1715 discrimen
1570 1693 1686 1720 omnes,
1709 1687 1738 1714 et
1767 1683 1903 1722 indignas

1086 1729 1174 1760 etiam
1190 1729 1359 1760 illuminare
1372 1729 1463 1760 novit.
1481 1728 1564 1760 Haud
1574 1727 1654 1759 enim
1671 1728 1904 1769 inanimus,seu,

1085 1777 1118 1805 ut
1140 1775 1246 1805 melius
1260 1775 1367 1812 dicam,
1382 1783 1439 1804 non
1456 1774 1564 1805 animal
1582 1776 1638 1811 est,
1654 1783 1709 1804 nec
1725 1782 1838 1812 servus,
1856 1776 1905 1804 aut

1088 1822 1223 1850 creatura
1250 1819 1286 1850 ad
1311 1819 1377 1850 aliis
1391 1818 1620 1850 ministrantium
1642 1818 1813 1854 constituta,
1830 1818 1906 1849 sicut

1088 1873 1195 1905 nempe
1211 1865 1267 1896 iste
1281 1864 1326 1896 sol
1340 1874 1429 1905 quem
1447 1863 1609 1900 cernimus,
1627 1863 1736 1904 quique
1751 1863 1844 1893 oritur
1858 1872 1906 1893 su-

1091 1910 1245 1950 perjustos
1256 1913 1285 1940 et
1293 1909 1431 1950 injustas,
1446 1908 1554 1949 probos
1565 1908 1654 1939 simul
1667 1915 1693 1939 et
1707 1908 1857 1948 improbos
1864 1909 1903 1938 41.

1090 1953 1147 1985 Sed
1163 1963 1329 1995 quanquam
1359 1954 1419 1992 lux,
1451 1958 1480 1984 et
1503 1953 1546 1983 sol
1567 1953 1746 1992 nominatur,
1765 1957 1860 1984 tamen
1876 1958 1905 1985 et

1088 2008 1178 2040 supra
1192 1999 1302 2037 lucem,
1319 2002 1346 2029 et
1361 2007 1451 2038 supra
1475 1998 1582 2034 solem,
1599 2001 1627 2027 et
1643 2001 1673 2028 ut
1696 1997 1770 2028 lucis
1785 2006 1818 2028 ac
1835 1997 1903 2027 solis

1087 2044 1226 2075 conditor
1239 2053 1273 2074 ac
1289 2043 1432 2074 Dominus
1447 2051 1502 2079 esi,
1528 2041 1596 2080 vita,
1622 2041 1766 2079 viviﬁcus,
1785 2043 1900 2079 veritas,

1083 2088 1207 2129 justitia,
1221 2092 1250 2119 et
1265 2087 1456 2119 sanctificatio
1468 2087 1509 2124 4i,
1527 2087 1662 2127 simplex,
1679 2087 1715 2117 ab
1731 2087 1811 2117 omni
1827 2096 1903 2117 com~

223 2142 333 2174 easque
349 2133 393 2165 illi
413 2133 523 2173 scripto
539 2137 677 2174 exponat,
693 2137 742 2164 aut
757 2132 781 2164 si
796 2133 887 2167 dicat.
904 2136 1079 2165 statuaturD
1090 2133 1235 2174 positione
1250 2133 1336 2170 liber,
1363 2136 1391 2163 et
1416 2141 1505 2164 omne
1519 2132 1642 2169 bonum,
1661 2136 1687 2163 et
1703 2132 1809 2162 melior
1825 2133 1901 2163 omni

223 2178 306 2209 nefas
320 2178 450 2219 aliquod,
467 2178 589 2209 omnino
606 2179 685 2209 intra
707 2178 798 2216 aedes,
815 2181 848 2208 ut
860 2177 971 2209 dictum
989 2183 1044 2218 est,

221 2222 352 2261 latitans,
370 2226 436 2263 post
449 2232 502 2254 rex
517 2232 583 2254 cum
609 2226 668 2254 toto
683 2226 788 2254 senatu
801 2232 866 2261 suo,
884 2227 1045 2255 consueto-

219 2277 279 2308 que
293 2267 432 2299 satellitio
447 2268 595 2305 adveniat,
611 2271 641 2299 et
655 2268 776 2299 domum
803 2267 912 2307 cingat,
926 2268 1044 2299 statim-

219 2321 278 2354 que
293 2321 328 2344 ea
342 2315 405 2344 tota
419 2321 523 2344 eversa
541 2313 617 2354 ipse,
647 2316 678 2344 et
701 2312 802 2343 omnia
828 2313 893 2352 ejus
922 2312 1045 2344 consilia

218 2361 390 2398 appareant,
405 2366 523 2398 poenam
535 2367 671 2398 magnam
683 2357 964 2398 damnationemque
975 2367 1044 2390 sus-

219 2402 310 2439 tinet;
327 2403 362 2434 ad
379 2402 518 2434 eumdem
545 2402 666 2434 modum
690 2405 760 2434 tunc
785 2401 924 2433 omnibus
946 2403 997 2443 qui
1012 2403 1043 2435 in

217 2447 328 2479 mundo
343 2451 414 2479 sunt
428 2448 489 2480 ﬂet.
506 2447 550 2479 Et
558 2456 620 2479 nam
628 2447 748 2488 quidem
760 2447 910 2479 sicutdies
925 2446 1042 2479 illumi-

215 2493 343 2524 nabitur
352 2492 390 2530 3°,
406 2492 512 2524 domus
527 2496 626 2524 autem
648 2492 756 2533 omnis,
774 2495 803 2524 et
830 2491 984 2533 spelunca,
1012 2497 1043 2526 et

214 2537 324 2569 caelum
338 2537 437 2578 ipsum
464 2546 499 2569 ac
523 2541 603 2569 terra
628 2538 780 2574 tollentur,
808 2546 974 2578 omnesque
990 2538 1040 2579 qui

212 2582 365 2615 Christum
380 2591 440 2614 non
453 2582 623 2620 induerunt,
636 2591 688 2613 seu
701 2582 752 2623 qui
765 2582 867 2613 lumen
877 2591 936 2612 non
952 2591 1040 2614 acce-

211 2631 330 2669 perunt,
346 2632 380 2660 ut
394 2637 485 2669 supra
498 2627 692 2665 docebamus,
709 2631 739 2658 et
757 2627 788 2658 in
802 2628 867 2667 ipso
883 2627 966 2668 prius
981 2637 1040 2659 non

209 2673 342 2713 fuerunt,
359 2677 388 2705 et
403 2673 503 2705 lumen
518 2682 578 2705 non
593 2672 726 2711 fuerunt,
754 2673 826 2705 nudi
841 2672 1038 2714 apparebunt,

247 2777 351 2810 ﬁ7Jac.
375 2785 416 2817 tv,
445 2777 494 2812 l7.
537 2777 665 2811 88.loan.
691 2785 736 2816 ut,
759 2777 809 2810 2i.

205 2816 262 2851 ⁸1
280 2817 350 2852 Cor.
365 2826 387 2859 ι,
404 2816 455 2852 30.

852 2778 975 2812 8itl’sal.
1000 2787 1132 2819 cum,
1162 2777 1211 2810 12.
1254 2777 1285 2803 ιο
1308 2777 1410 2810 Matth.
1439 2786 1490 2817 vn,
1516 2777 1566 2811 t3.

1088 2178 1177 2209 bono.
1193 2177 1230 2209 Ut
1245 2177 1333 2217 igitur
1349 2177 1458 2208 veritas
1486 2183 1530 2207 est
1557 2186 1591 2208 ac
1612 2176 1732 2217 dicitur,
1746 2186 1814 2207 vere
1829 2186 1901 2207 con-

1087 2222 1267 2254 vertentibus
1295 2232 1328 2253 se
1353 2222 1461 2253 veritas
1488 2222 1627 2253 efﬁcitur.
1654 2221 1692 2253 Ut
1709 2221 1825 2261 justitia
1845 2226 1898 2259 est,

1087 2277 1206 2299 omnem
1221 2267 1398 2308 injuslitiam
1414 2267 1526 2299 exorsis
1538 2266 1652 2307 justitia
1667 2271 1722 2298 est.
1740 2266 1776 2298 Ut
1790 2267 1899 2298 sancti-

1086 2313 1196 2351 ficatio,
1214 2312 1298 2344 elatis
1309 2321 1343 2342 ac
1355 2321 1408 2352 per
1418 2312 1561 2352 Iacrymas
1572 2311 1710 2351 purgatis.
1720 2311 1756 2343 Ut
1765 2311 1898 2352 simplex,

1086 2358 1144 2389 illis
1155 2357 1204 2399 qui
1220 2357 1332 2389 nullam
1343 2357 1635 2397 perversitatem,aut
1652 2356 1812 2396 nequitiam
1825 2356 1900 2389 intus

1085 2407 1200 2444 gestant
1215 2403 1245 2433 in
1261 2402 1433 2443 praecordiis
1462 2403 1500 2433 Ut
1517 2411 1575 2432 non
1589 2403 1780 2443 compositus,
1793 2403 1897 2435 nullam

1085 2448 1300 2489 duplicitatem,
1328 2451 1379 2478 aut
1407 2447 1641 2486 ambiguitatem,
1670 2451 1719 2478 aut
1739 2446 1897 2480 increduli-

1084 2497 1144 2524 tem
1161 2493 1251 2524 animi
1267 2493 1453 2524 habentibus.
1471 2491 1507 2524 Ut
1522 2492 1629 2531 bonus,
1647 2491 1682 2522 iis
1698 2492 1746 2532 qui
1763 2493 1898 2532 spiritua-

1081 2538 1160 2570 libus
1175 2538 1346 2579 penitentize
1361 2538 1514 2578 operibus,
1538 2536 1574 2568 ad
1595 2546 1714 2577 corpus,
1742 2542 1791 2568 aut
1816 2538 1896 2570 vitam

1081 2583 1167 2614 istam
1183 2583 1367 2623 pertinentes
1381 2592 1468 2614 curas
1491 2591 1525 2613 ac
1545 2581 1763 2613 sollicitudines
1779 2593 1835 2614 non
1850 2584 1895 2615 in—

1081 2628 1204 2666 ducunt,
1232 2627 1340 2668 quibus
1366 2637 1401 2658 ea
1426 2627 1570 2658 misceant
1597 2631 1684 2667 atque
1701 2627 1894 2666 confundant;

1081 2673 1134 2704 sed
1150 2672 1230 2704 nuda
1243 2673 1404 2710 voluntate,
1417 2676 1447 2703 ct
1457 2672 1655 2713 applicatione
1665 2672 1757 2703 animi
1770 2673 1800 2704 in
1812 2674 1896 2705 malo-

1610 2779 1637 2804 ιι
1665 2778 1769 2811 Matth.
1796 2787 1826 2820 v,
1848 2779 1893 2812 45.
