1983 3072
103 141 178 174 409

855 144 996 177 ORATIO
1018 146 1084 178 XX.

1748 144 1807 178 410

99 217 182 239 rum
202 208 343 249 patientia
357 209 395 241 ad
409 219 478 242 eum
493 210 721 249 accedentibus;
733 220 858 251 quorum
877 211 941 242 sin-
951 221 972 240 Α
987 211 1300 242 sanctusinbominem
1312 221 1371 242 non
1383 211 1509 249 venerit,
1524 220 1579 242 nec
1591 212 1663 242 ineo
1675 210 1810 242 habitare

97 253 273 285 ceritatem
289 254 469 296 approbans,
484 256 565 286 omni
576 255 655 288 bono
671 256 753 288 brevi
769 265 821 287 eos
836 266 944 287 cumu-

97 297 165 335 lat,
186 302 218 329 et
234 299 379 330 bonorum
396 299 593 339 intellectum,
606 301 874 342 cogitationemque
884 301 945 332 vin-

95 343 265 381 centibus,
283 344 354 375 dum
372 345 430 376 illis
446 345 606 382 revelatur,
623 352 816 387 apparetque,
843 346 942 378 statim

99 388 280 429 participes
293 389 402 421 reddit.
419 390 451 421 Si
467 390 546 421 enim
571 390 659 428 bona,
678 400 744 430 quae
763 392 867 422 oculus
881 401 943 423 non

98 433 204 470 vidit,
214 442 268 464 nec
278 435 364 465 auris
372 435 503 473 audivit,
511 444 564 466 nec
575 436 606 466 in
615 444 666 466 cor
674 436 805 467 hominis
811 437 943 468 ascende-

99 481 199 513 runt,
215 486 281 517 quw
295 481 477 519 priepa'ucit
494 480 576 511 Deus
592 480 788 520 diligentibus
799 482 940 519 se“,liu-

101 522 196 552 mani
213 522 322 563 ingenii
339 528 456 564 captum
469 525 624 562 excedunt,
642 530 671 556 ct
684 527 781 557 omnia
793 536 858 566 qua:
871 536 939 558 cer-

100 575 148 597 nu
154 567 310 599 nturbona
319 575 510 610 exsuperant,
520 574 628 610 quanto
641 570 733 610 magis
742 571 805 610 ipse
814 571 864 611 qui
876 572 938 602 haec

102 613 292 652 praeparavit
314 613 394 644 Deus
411 623 417 643 :
436 624 490 645 nec
507 615 602 645 solum
618 615 692 655 ipse,
713 615 765 646 sed
784 615 871 646 etiam
888 615 938 656 qui

101 665 179 687 cum
200 656 312 695 videre,
325 660 352 689 ei
368 658 521 696 assistere,
536 663 637 690 etcum
649 669 684 690 eo
695 660 804 691 versari
818 669 938 692 merue-

100 705 182 731 runt
199 705 228 732 et
242 702 309 742 ejus
328 702 502 741 divinitatis,
529 704 689 744 gloriaeque
717 709 880 743 consortes,
905 715 940 736 ac

105 746 277 787 participes
289 747 399 785 eﬂ'ecti,
411 748 580 788 superiores
593 749 714 780 omnino
728 749 825 790 bonis,
842 750 940 790 ipsisa

105 790 178 821 Deo
196 791 317 832 paratis,
335 796 435 832 utpote
447 792 606 824 Dominqu
621 793 787 834 ipsum,qui
803 794 879 825 bona
891 795 940 826 illa

986 255 1227 295 cognitusl‘uerit,
1236 256 1262 286 al
1277 265 1365 287 enum
1375 255 1559 296 estquemvis
1566 255 1749 296 spiritualem
1759 265 1808 296 ap-

987 300 1102 341 pellavi.
1112 300 1167 337 Qui
1178 306 1278 331 autem
1288 300 1454 341 spiritualis
1467 300 1597 331 nondum
1609 300 1808 341 estquomodo

984 349 1104 376 sanctus
1123 345 1204 376 erit?
1225 345 1275 385 qui
1296 350 1415 376 sanctus
1427 345 1560 376 nondum
1574 349 1619 376 est
1629 345 1736 382 factus,
1755 354 1808 385 per

983 399 1117 430 quaenam
1133 390 1190 420 alia
1206 399 1308 430 opera,
1333 390 1526 430 actionesque
1554 389 1657 421 beatus
1679 389 1808 420 evadet?

981 433 1139 465 Beatitudo
1152 434 1232 466 Deus
1244 435 1393 475 est,cujus
1408 435 1458 475 qui
1472 444 1530 466 non
1542 439 1585 466 est
1595 435 1752 475 particeps,
1761 434 1805 464 vel

982 479 1080 518 potius
1093 489 1181 520 quem
1199 479 1250 520 qui
1267 484 1359 510 totum
1380 480 1410 510 in
1431 489 1464 510 se
1482 489 1540 510 non
1553 479 1652 515 habet.
1669 489 1726 520 quo
1738 483 1805 509 tan-

981 523 1049 554 dem
1070 523 1157 556 modo
1174 524 1298 556 beatus?
1315 525 1405 563 nullo,
1418 529 1450 556 ut
1462 524 1532 555 mihi
1543 524 1665 565 quidem
1678 524 1803 556 videtur.

981 569 1030 599 Sol
1047 569 1111 599 sine
1127 569 1203 607 luce,
1218 579 1288 600 num
1305 569 1421 600 dicetur
1435 570 1479 600 sol
1492 573 1505 600 ’ξ
1521 574 1550 599 et
1575 569 1662 600 homo
1678 568 1804 609 Spiritus

981 613 1075 643 sancti
1090 623 1206 653 expers,
1225 624 1294 645 num
1319 618 1438 644 sanctus
1452 614 1566 645 dicatur
1577 615 1592 645 ἵ
1607 613 1714 644 Esiote
1727 621 1802 644 san-

981 660 1034 695 cti,
1048 657 1087 688 ait
1098 657 1405 699 Dominus,quom’am
1417 667 1468 698 ego
1483 663 1604 690 sanctus
1614 657 1804 694 sumeui-

980 701 1034 732 bus
1052 701 1151 734 verbis
1166 703 1387 744 nosjexplorale
1411 704 1544 743 cognitos
1567 707 1739 743 peccatores
1765 701 1801 732 ad

980 746 1174 778 imitationem
1192 757 1244 788 per
1260 757 1351 788 opera
1367 747 1537 780 misericors
1553 747 1604 778 ille
1615 748 1800 784 cohortatur;

979 801 1014 822 ac
1029 792 1055 822 si
1070 792 1182 823 diceret
1200 803 1208 823 :
1225 792 1364 824 Desistite
1389 802 1406 824 a
1429 792 1518 823 rebus
1545 791 1702 832 improbis,
1719 796 1748 821 et
1764 791 1800 821 ad

105 836 289 875 praeparavit
306 846 358 876 pro
374 837 546 868 haereditate
562 838 750 877 possidentes
765 841 936 871 evaserunt?
948 841 966 866 Β
977 846 1096 867 omnem
1109 837 1284 877 probitatem
1295 837 1469 875 incumbite,
1480 847 1569 868 omne
1578 845 1671 876 genus
1684 835 1801 868 virtutis

104 878 202 910 Tales
217 885 315 911 autem
330 891 380 912 eos
397 883 536 920 evasisse,
553 887 581 913 et
595 892 688 923 usque
704 893 783 914 nunc
797 885 933 923 evadere,

106 933 175 954 non
193 924 258 955 dico
272 930 335 964 post
352 932 478 958 mortem
489 927 596 964 solum,
609 928 660 958 sed
676 928 772 960 adhuc
788 931 934 969 supersti-

106 972 170 1006 tes,
180 973 241 999 tota
248 970 388 1002 divinitus
399 971 541 1012 inspirata
550 972 702 1012 Scriptura
713 973 810 1011 docet,
819 984 936 1006 omnes.

108 1022 173 1053 que
186 1015 332 1053 pervitam
343 1021 372 1047 et
386 1025 483 1047 mores
492 1025 560 1048 suos
574 1017 758 1049 sanctitatem
771 1020 932 1058 consecuti,

110 1058 319 1091 testimonium
334 1060 443 1092 ferunt.
455 1061 545 1092 Porro
560 1066 729 1092 sanctorum
746 1063 808 1094 laus
824 1065 932 1102 omnis,

104 1108 136 1132 et
152 1102 307 1135 beatitudo
324 1105 370 1136 his
386 1105 500 1136 duobus
512 1110 636 1143 constat,
654 1107 817 1138 orthodoxa
828 1109 896 1146 ﬁde,
906 1114 935 1140 et

104 1146 253 1178 laudabili
264 1149 332 1180 vita.
345 1149 416 1180 ltem
433 1150 511 1181 dono
528 1151 621 1182 sancti
637 1151 932 1192 Spiritus,etcharis-

107 1195 224 1223 matum
241 1194 317 1234 ejus,
335 1194 451 1225 duobus
463 1195 542 1226 enim
560 1195 606 1226 his
615 1196 671 1227 hoc
682 1197 800 1227 tertium
814 1199 936 1238 copula-

108 1240 171 1266 tur.
189 1238 264 1268 Nam
280 1248 346 1269 cum
363 1239 428 1280 quis
440 1239 528 1270 vitam
546 1239 633 1279 bene,
650 1245 679 1271 et
693 1251 760 1272 cum
775 1243 936 1274 amoreDei

109 1280 256 1319 traduxit,
274 1292 341 1314 cum
355 1292 445 1314 sensu
462 1283 640 1322 orthodoxo,
651 1289 680 1315 et
694 1286 785 1324 gratia
797 1286 933 1328 donatus,

110 1329 202 1365 atque
213 1335 229 1356 a
242 1327 303 1358 Deo
317 1337 370 1367 per
381 1328 476 1358 sancti
487 1329 612 1369 Spiritus
628 1329 740 1361 donum
756 1327 935 1370 gloriﬁcatus

111 1374 170 1407 est,
188 1370 343 1402 comitatur
358 1372 441 1403 illum
456 1372 530 1410 laus,
549 1381 577 1404 et
591 1373 628 1404 ab
643 1374 724 1404 omni
738 1375 869 1406 ﬁdelium
880 1377 935 1408 Ec-

108 1413 212 1461 clesia,
230 1415 479 1461 straminibusque
494 1418 643 1456 magistris
658 1419 723 1459 ejus
739 1419 842 1451 beatus
858 1431 930 1461 prae-

110 1458 239 1505 dicatur.
255 1459 328 1492 Fide
339 1466 449 1500 autem,
459 1466 488 1492 et
499 1462 640 1503 operibus
655 1458 783 1504 perfecte
797 1458 933 1505 non-sup-

978 890 1030 921 pro
1041 881 1153 912 viribus
1164 882 1271 914 vestris
1283 881 1507 922 consectemini,
1521 886 1546 913 et
1556 888 1699 921 quantum
1713 885 1799 921 pote-

975 925 1039 962 stis,
1048 925 1142 956 sancti
1153 927 1278 966 evadite,
1287 926 1312 957 si
1322 927 1409 957 modo
1423 927 1663 957 communionem
1681 935 1798 956 mecum

976 970 1088 1002 habere
1110 971 1296 1004 desideratis.
1315 973 1374 1011 Ego
1401 974 1480 1003 enim
1506 977 1624 1003 sanctus
1647 981 1723 1008 sum,
1742 972 1799 1001 hoc

976 1019 1032 1052 est,
1049 1025 1150 1056 purus,
1169 1016 1430 1053 incontaminatus,
1446 1017 1534 1057 idque
1547 1016 1726 1047 natura.Vos
1741 1025 1796 1046 au-

976 1064 1033 1090 tem
1044 1060 1074 1091 in
1084 1061 1232 1092 mandatis
1244 1061 1318 1092 meis
1331 1061 1530 1102 exsequendis
1543 1061 1578 1091 ab
1591 1061 1797 1100 inquinamen-

975 1104 1013 1135 tis
1025 1109 1213 1145 peccatorum
1224 1105 1420 1146 abstinentes,
1433 1106 1549 1146 meique
1562 1106 1721 1146 participes
1737 1114 1800 1145 gra-

975 1149 1016 1180 tia
1038 1150 1166 1190 Spiritus
1188 1151 1246 1181 mci
1271 1151 1348 1190 facti,
1374 1151 1468 1181 sancti
1488 1160 1605 1192 quoque
1623 1150 1717 1181 eritis.
1735 1150 1798 1181 Hoc

979 1194 1058 1224 enim
1070 1195 1126 1225 sibi
1142 1195 1214 1233 vult,
1229 1195 1337 1227 Estote.
1352 1197 1427 1234 Ergo
1438 1196 1514 1226 mala
1527 1195 1667 1235 fugiendo
1681 1200 1709 1226 et
1721 1194 1799 1225 bona

978 1239 1128 1278 operando
1144 1240 1176 1270 fit
1191 1244 1309 1270 sanctus
1325 1240 1414 1270 homo
1429 1250 1435 1271 :
1454 1249 1512 1270 non
1529 1240 1612 1280 quasi
1624 1239 1745 1271 omnino
1763 1248 1798 1269 ex

978 1283 1118 1324 operibus
1129 1285 1331 1316 sanctiﬁcetur
1340 1285 1423 1325 (Non
1443 1288 1522 1316 enim
1524 1283 1744 1325 justi/imbitur
1759 1292 1798 1315 ea;

977 1329 1116 1368 operibus
1131 1329 1204 1369 legis
1226 1331 1323 1360 omnis
1342 1333 1446 1360 anima
1460 1331 1514 1367 51),
1531 1330 1582 1360 sed
1603 1331 1672 1370 quia
1694 1332 1796 1359 sancto

975 1373 1037 1404 Deo
1053 1383 1105 1413 per
1120 1374 1289 1414 hujusmodi
1312 1374 1461 1405 actionum
1478 1374 1745 1415 frequentationem
1763 1382 1795 1404 se

975 1418 1121 1458 adjuugit,
1139 1428 1266 1459 eumque
1281 1419 1336 1450 sibi
1352 1419 1502 1450 conciliat.
1518 1419 1579 1450 Hoc
1596 1428 1682 1460 porro
1704 1418 1794 1448 etiam

973 1464 1009 1494 ad
1026 1473 1088 1500 eos,
1105 1463 1155 1503 qui
1167 1464 1230 1504 jam
1246 1462 1382 1503 :Spiritus
1406 1463 1528 1503 gratiam
1554 1466 1745 1504 acceperunt,
1764 1466 1793 1493 et

108 1503 226 1543 positis,
236 1505 419 1537 adorandum
433 1516 468 1537 ac
480 1503 761 1549 divinumscriptum
778 1503 927 1551 advenire,
940 1523 959 1548 ε
973 1509 1074 1548 magis
1085 1508 1205 1548 quidem
1221 1508 1379 1540 Dominum
1395 1509 1496 1540 dicere
1512 1509 1628 1549 opinor.
1647 1507 1702 1544 Qui
1715 1517 1793 1548 prie-

106 1552 137 1593 et
173 1549 283 1580 donum
309 1551 373 1590 ejus
400 1553 535 1591 accipere
563 1561 740 1593 quemquam
770 1549 926 1587 hominum

105 1592 290 1633 impossibile
307 1599 365 1636 est;
383 1597 458 1627 sicut
473 1597 560 1627 etiam
577 1592 694 1628 sanctus
707 1599 836 1630 Jacobus
857 1600 899 1632 ait
916 1612 923 1632 :

109 1638 190 1683 Quid
202 1640 339 1679 proderit
351 1641 459 1680 fratres
476 1643 546 1682 mei,
571 1643 599 1673 si
615 1643 778 1682 quis'_diral
791 1645 879 1683 ﬁdem
893 1655 925 1677 se

104 1681 224 1721 habere,
233 1693 324 1724 opera
340 1689 441 1716 autem
456 1686 526 1725 ﬁdei
541 1695 603 1717 non
617 1681 722 1718 habeat
735 1688 748 1718 27
763 1681 835 1719 nam
847 1690 924 1728 ﬁdes

107 1735 176 1758 eum
191 1729 310 1760 sulcare
320 1733 414 1769 potest
427 1732 440 1761 ἵ)
453 1730 608 1768 Quomodo
632 1732 710 1762 enim
735 1741 845 1773 corpus
859 1735 925 1766 sine

105 1772 214 1811 spiritu
225 1777 377 1805 mortuum
388 1778 441 1811 cst,
450 1778 493 1806 sic
500 1775 575 1815 ﬁdes
581 1777 648 1807 sine
656 1777 926 1817 operibusgnortuu

107 1817 190 1865 esui
202 1817 243 1865 ‘Et
254 1818 362 1850 iterum
378 1828 384 1850 :
402 1819 439 1850 Si
449 1821 547 1859 frater
562 1825 615 1852 aut
630 1822 723 1852 Soror
738 1824 814 1854 nudi
825 1827 927 1865 sint,ct
943 1837 951 1843 -

106 1862 283 1907 quotidiana
292 1864 370 1894 victu
382 1868 503 1903 egeant,
520 1865 601 1896 dicat
616 1870 716 1896 autem
733 1867 844 1907 aliquis
858 1862 926 1900 ves-

106 1909 185 1937 trum
194 1906 266 1947 illis,
274 1907 319 1938 Ite
331 1908 363 1938 in
370 1917 453 1948 pace,
465 1910 679 1948 calefacimini,
687 1915 714 1942 et
727 1906 897 1944 saturamir
904 1915 924 1950 i,

103 1959 163 1982 non
170 1951 287 1983 dederit
298 1956 398 1983 autem
406 1954 447 1984 eis
462 1963 528 1993 qua:
537 1956 708 1986 necessaria
717 1960 786 1986 sunt
794 1959 922 1998 corpori,

103 1996 174 2035 quid
180 1997 332 2035 proderit?
338 1998 381 2028 sic
389 2001 415 2029 et
422 1998 505 2037 ﬁdes,
513 2008 532 2029 η
537 1999 574 2030 isi
579 2008 668 2039 opera
675 2000 793 2037 habeat,
801 1996 924 2034 mortua

103 2044 145 2071 est
155 2043 185 2071 in
195 2043 357 2082 semetipsa
365 2043 406 2071 65.
417 2043 485 2074 Haec
498 2048 527 2074 et
538 2044 669 2076 Joannes
680 2046 844 2084 apostolus:
864 2047 922 2079 Fi-

104 2084 177 2122 lioli,
186 2095 245 2116 non
256 2086 425 2125 diligamus
436 2088 536 2125 uerbo,
547 2098 642 2129 neque
651 2090 769 2130 lingua,
777 2091 829 2121 sed
836 2101 922 2131 opere

968 1557 1068 1596 cipere
1083 1555 1208 1592 videtur,
1235 1565 1295 1586 non
1320 1555 1472 1586 [idendum
1485 1555 1576 1592 dono,
1590 1560 1619 1586 et
1630 1565 1683 1596 per
1706 1554 1794 1586 desi-

967 1602 1046 1634 diam
1064 1600 1100 1631 ad
1110 1599 1177 1630 vitia
1184 1604 1210 1630 et
1220 1604 1340 1641 peccata
1350 1600 1548 1641 redeundum,
1559 1607 1588 1631 et
1600 1600 1793 1641 quodammo-

967 1646 1004 1676 do
1011 1645 1057 1676 his
1065 1644 1105 1674 uti
1115 1644 1222 1675 verbis.
1231 1645 1310 1676 lleus
1317 1648 1346 1675 tu
1355 1644 1572 1684 spiritualis.ne
1582 1649 1609 1675 te
1618 1644 1676 1675 otio
1686 1643 1790 1680 dedas,

966 1690 1016 1730 qui
1029 1690 1152 1729 gratiam
1167 1689 1260 1719 sancti
1270 1689 1418 1729 ,Spiritus,
1431 1693 1460 1720 et
1479 1699 1532 1730 per
1543 1689 1624 1720 illam
1638 1698 1685 1720 me
1701 1697 1788 1719 acce-

967 1735 1047 1776 pisti.
1074 1733 1171 1766 Otium
1196 1734 1275 1765 enim
1305 1739 1426 1774 generat
1453 1735 1626 1776 nequitiam,
1658 1733 1790 1774 nequitia

968 1789 1056 1810 omne
1086 1788 1179 1818 genus
1204 1779 1339 1810 vitiorum
1368 1785 1516 1820 procreat.
1534 1779 1680 1811 Mandatis
1703 1779 1791 1818 igitur

968 1823 1101 1864 quotidie
1127 1823 1281 1854 servandis
1301 1828 1420 1854 sanctus
1436 1828 1508 1860 esto.
1527 1823 1675 1864 siquidem
1693 1833 1740 1853 mc
1758 1823 1788 1852 in

968 1873 1008 1906 te,
1028 1872 1058 1898 et
1075 1873 1185 1905 tecum,
1203 1872 1276 1907 etlte
1292 1868 1322 1899 in
1339 1878 1395 1905 me,
1411 1873 1440 1899 et
1457 1878 1572 1900 mecum
1589 1878 1655 1899 esse
1670 1868 1723 1899 vis.
1735 1867 1788 1898 Ni-

967 1912 1007 1943 hil
1024 1915 1103 1944 enim
1118 1915 1192 1943 adeo
1209 1922 1242 1943 ex
1259 1913 1397 1944 omnibus
1412 1913 1585 1944 inconstans
1601 1917 1629 1944 et
1647 1912 1789 1944 mutabile

967 1961 1021 1995 est,
1040 1961 1070 1987 ut
1094 1966 1177 1987 mens
1201 1958 1341 1995 humana,
1370 1961 1431 1988 tum
1456 1958 1585 1999 denique
1609 1957 1787 1995 consistens,

965 2011 1032 2032 cum
1049 2002 1135 2032 ﬂuxis
1151 2005 1180 2032 et
1195 2003 1314 2041 creatis,
1332 2009 1360 2033 et
1377 2011 1442 2042 quae
1457 2007 1622 2033 cernuntur
1646 2002 1788 2033 omnibus

964 2047 1095 2087 rejectis,
1113 2046 1251 2078 tenebras
1264 2047 1371 2087 quibus
1387 2048 1633 2078 circumfunditur
1650 2051 1787 2087 pertran-

965 2091 1049 2122 sierit

104 2133 133 2160 et
142 2130 359 2162 veritale46.Et
371 2140 380 2162 :
391 2132 428 2162 In
439 2132 493 2164 hoc
504 2134 716 2171 cognoscimus,
727 2129 871 2173 quoniam
882 2145 920 2167 ex
931 2129 953 2154 D
1001 2135 1145 2172 Quoniam
1160 2144 1227 2166 vero
1240 2135 1301 2167 haec
1314 2135 1354 2166 ita
1369 2145 1401 2167 se
1413 2136 1535 2174 habent,
1550 2140 1577 2167 et
1593 2145 1676 2166 mens
1685 2145 1734 2166 res
1743 2139 1788 2166 est

105 2175 226 2205 veritate
240 2180 392 2216 sumus,ct
414 2177 447 2207 in
467 2182 625 2217 conspectu
645 2179 708 2218 ejus
728 2180 920 2212 suadebimus

105 2219 191 2249 corda
199 2224 312 2256 nostra,
318 2222 462 2261 quoniam
473 2223 500 2253 si
505 2223 728 2262 reprehenderit
737 2233 791 2254 nos
799 2233 920 2257 cornos-

104 2266 193 2300 trum,
205 2266 304 2304 major
314 2269 357 2296 est
368 2266 443 2297 [)cus
452 2266 540 2298 corde
549 2270 793 2304 nostro,'elnovil
804 2272 917 2303 omnia.

102 2306 137 2354 Si
150 2310 225 2354 enim
232 2318 287 2354 cor
299 2314 437 2341 nostrum
450 2320 512 2342 non
528 2312 757 2351 reprehenderit
766 2323 830 2351 nos,
838 2315 919 2354 ﬁda-

103 2352 175 2383 ciam
188 2352 332 2385 habemus
347 2356 386 2386 ad
404 2356 510 2395 Deum,
527 2359 554 2387 et
569 2357 719 2395 quidquid
735 2352 919 2398 petierimus,

103 2398 287 2437 accipiemus,
299 2400 442 2439 quoniam
454 2401 605 2431 mandata
622 2403 687 2440 eius
700 2405 884 2436 cus/odimus
895 2410 921 2437 et

104 2450 171 2472 eaea
177 2451 241 2481 qua
252 2447 322 2474 sunt
332 2444 448 2484 placita
455 2454 559 2476 corum
568 2455 603 2476 eo
613 2447 742 2484 facimus
754 2448 794 2477 47.
802 2451 832 2479 lit
843 2449 922 2481 :lloc

104 2488 143 2515 est
157 2487 333 2518 mandatum
345 2488 461 2527 ejus,ut
478 2489 639 2520 credamus
656 2491 688 2521 in
707 2493 834 2524 nomine
850 2494 922 2525 Filii

105 2530 164 2576 ejus
171 2531 240 2562 Jesu
252 2531 379 2564 Christi.
390 2537 417 2564 et
430 2543 580 2565 seruemus
587 2535 731 2566 mandata
745 2538 855 2576 ejus“.
863 2539 915 2571 Et.

106 2574 161 2620 Qui
166 2580 262 2620 servat
271 2579 418 2608 mandata
426 2579 499 2618 ejus,
515 2579 547 2610 in
562 2579 621 2610 Dco
634 2585 745 2620 manet,
756 2574 783 2612 et
797 2584 873 2614 Deus
887 2587 919 2615 in

104 2619 178 2664 eoJa
185 2619 239 2651 hoc
249 2624 352 2652 autem
363 2624 573 2662 cogitas-cimus
589 2625 669 2664 quod
680 2634 711 2656 1n
722 2626 808 2657 nobis
821 2635 924 2660 manet

103 2663 261 2704 exSpiritu
280 2674 366 2705 quem
386 2667 469 2698 dedit
487 2667 573 2699 nobis
583 2663 707 2700 59.Nani
731 2670 755 2701 si
777 2670 918 2711 Spiritus,

135 2772 192 2815 fill
218 2774 286 2809 Cor.
316 2783 347 2815 ιι,
377 2777 408 2807 9.

961 2189 1081 2220 semper
1098 2180 1228 2214 mobilis.
1245 2190 1394 2221 nunquam
1413 2182 1489 2222 potis
1500 2181 1702 2222 requiescere,
1720 2190 1784 2211 eam

962 2224 1132 2265 sallicitam,
1150 2225 1375 2265 divinarumque
1399 2226 1496 2266 legum
1526 2225 1689 2256 studiosam
1721 2234 1786 2256 esse

962 2275 1089 2308 oportet,
1108 2279 1174 2300 cum
1191 2270 1302 2310 alioqui
1315 2270 1372 2301 vita
1386 2271 1484 2301 omnis
1500 2271 1628 2301 humana
1643 2269 1786 2300 sollicitu-

961 2313 1064 2345 dinum
1082 2318 1109 2344 et
1121 2324 1257 2346 curarum
1276 2315 1363 2355 plena
1377 2316 1425 2353 sit,
1445 2321 1473 2346 et
1489 2325 1521 2346 ex
1539 2324 1571 2346 re
1592 2315 1674 2345 nulla
1690 2315 1785 2354 possit

962 2358 1092 2398 quietem
1119 2368 1236 2400 capere.
1264 2370 1432 2400 quanquam
1450 2360 1478 2390 id
1504 2360 1588 2390 multi
1604 2368 1693 2400 supra
1709 2359 1786 2390 vires

962 2412 1029 2434 suas
1050 2403 1278 2444 facultatemque
1303 2405 1522 2436 contenderunt
1552 2405 1628 2441 Quin
1644 2403 1680 2434 ab
1699 2403 1786 2434 initio

962 2457 997 2478 ea
1009 2448 1181 2479 conditione
1198 2449 1335 2480 conditus
1347 2457 1391 2480 est
1403 2450 1503 2480 homo.
1520 2449 1648 2489 Operari
1661 2449 1741 2480 enim
1753 2453 1782 2479 et

962 2493 1111 2524 custodire
1129 2493 1297 2534 paradisum
1311 2493 1411 2534 jussus
1427 2498 1470 2525 est
1492 2495 1634 2534 Adamus,
1660 2498 1688 2524 et
1710 2493 1780 2524 dnm

960 2539 996 2569 ad
1013 2539 1199 2572 honestatem
1224 2550 1389 2577 movemur,
1415 2545 1518 2572 natura
1543 2549 1712 2581 operemur.
1728 2539 1783 2576 Qui

961 2583 1073 2624 itaque,
1083 2585 1142 2616 otio
1151 2588 1180 2616 et
1192 2584 1308 2615 inertiae
1318 2585 1434 2626 seipsos
1445 2586 1640 2625 tradiderunt,
1654 2587 1782 2626 quicun-

961 2638 1018 2668 que
1033 2629 1152 2663 l'uerint.
1169 2629 1280 2669 aiioqui
1297 2630 1392 2660 sancti
1407 2635 1436 2661 et
1450 2629 1631 2670 spirituales,
1643 2630 1672 2660 in
1689 2631 1780 2661 alfec-

962 2675 1056 2705 tiones
1071 2678 1182 2704 natura:
1192 2683 1295 2714 parum
1307 2680 1524 2706 consentaneas
1535 2685 1567 2705 se
1584 2675 1779 2716 prmcipitant.

452 2775 575 2824 illac;
592 2786 687 2824 sxxii,
714 2779 820 2824 14:26.
849 2781 997 2824 >f5hlbid.
1016 2784 1126 2816 lii—l7.
1169 2784 1226 2817 ιθῐ
1256 2786 1339 2818 Joan.
1370 2786 1482 2824 111,18.
1525 2785 1556 2810 ιτ
1575 2784 1648 2817 Ibid.
1670 2785 1780 2818 19-2‘2.

100 2813 204 2846 “Ibid.
221 2814 271 2848 23.
315 2813 346 2841 ιθ
360 2815 436 2849 Ibid.
452 2816 503 2849 24.
544 2818 576 2844 50
591 2813 685 2852 Levit:
697 2828 738 2858 xt,
756 2821 805 2853 44.
848 2821 876 2847 δί
893 2821 922 2855 G.‘

973 2813 996 2856 L-
1006 2813 1050 2862 1i;
1060 2813 1108 2857 lii;
