1983 3072
170 165 226 200 411

821 168 1012 203 SYMEONIS
1030 166 1206 204 JUNIORIS

1799 172 1860 205 412

169 231 207 281 Dt
218 233 298 264 enim
309 233 375 281 fons
391 243 556 281 perennem
569 244 675 276 aquam
688 237 868 274 scaturiens,
881 237 906 268 si
919 246 994 278 pau-
1004 247 1028 265 Δ
1039 235 1204 279 denterque
1229 249 1361 281 oremus,
1379 241 1422 271 uti
1447 250 1569 281 prorsus
1580 250 1596 273 a
1612 240 1698 272 nobis
1716 249 1754 272 ne
1766 249 1857 281 sepa-

169 276 231 308 lum
259 279 437 317 constiterit,
468 279 644 321 exsiccatus,
671 291 727 312 nec
752 282 814 322 jam
837 276 927 320 fons,_
942 282 994 313 sed

171 322 254 353 fovea
278 323 374 362 potius
400 327 445 354 est
471 333 478 355 :
504 323 546 355 ita
570 325 620 365 qui
651 326 799 357 mandatis
827 327 996 358 {actitandis

169 375 289 406 semper
306 376 339 398 se
355 373 471 408 purgat,
490 374 519 400 et
536 379 570 400 ex
586 369 647 401 Deo
674 375 818 411 purgatus
833 381 867 403 ac
883 371 994 403 sancti-

168 411 272 442 ﬁcatus
287 416 343 449 est,
369 413 395 444 si
421 413 457 445 ab
484 415 676 446 exsecutione
691 417 811 456 paulum
827 417 992 453 deﬂexerit,

169 465 222 496 pro
240 457 378 497 portione
395 459 482 490 etiam
499 469 514 490 a
532 460 688 491 sanctitate
701 460 844 492 deﬂectit.
859 461 993 498 Quivero

169 510 236 531 cum
249 511 308 533 uno
323 503 451 543 quodam
465 508 585 544 peccato
603 505 702 536 sciens
718 506 805 536 simul
822 506 992 544 abducitur,

169 548 248 592 totus
262 556 278 577 e
291 547 418 587 puritate
433 549 544 580 excidit
558 560 566 587 ;
582 549 660 581 sicut
671 554 700 581 et
710 560 759 581 vas
775 560 860 591 aquae
872 552 991 592 plenum

170 590 287 622 modico
303 601 388 623 cceno
404 596 496 624 totum
512 593 699 634 inquinatur.
726 596 788 626 Nec
805 590 907 626 solum
921 605 991 636 pec-

169 637 373 686 catumniquod
391 647 444 686 per
459 648 567 679 corpus
582 639 759 675 admittitur,
777 640 830 671 sed
845 640 902 671 alia
915 651 991 681 quo—

170 688 228 725 que
242 680 324 719 vitia,
342 691 405 721 qua;
417 682 496 713 intra
511 692 565 714 nos
579 692 632 723 per
644 693 698 714 nos
714 680 992 725 perpetrantur,nec

169 723 320 763 videntur,
346 726 492 768 intelligo,
520 737 624 759 vanam
654 723 792 768 gloriam,
822 730 993 761 hominibus

171 767 311 815 placendi
333 767 690 814 studium,rsuperbiam,
721 773 847 815 fastum,
875 775 993 814 jactan-

171 812 255 854 tiam,
284 814 471 855 hypocrisin,
498 825 633 848 amorem
663 812 847 856 dominandi,
876 812 992 855 dolum,

172 858 396 903 malignitatem,
421 861 535 899 odium,
566 862 734 903 perﬁdiam,
757 863 913 902 invidiam,
932 864 1023 901 ela-B

174 902 296 942 tionem,
309 905 418 943 zelum,
440 906 486 936 sui
501 902 759 947 com’placentiam,
787 918 918 939 amorem
935 909 991 945 sui,

171 949 414 993 contentionem,
441 951 656 991 insipientiam,
683 956 712 982 et
734 952 865 993 reliquas
890 963 994 984 omnes

173 992 327 1038 passiones
351 994 532 1034 ignominia,
559 1006 625 1036 qua:
648 996 679 1027 in
704 992 990 1038 animaioperantur,

170 1045 188 1066 a
210 1037 317 1077 quibus
332 1042 361 1069 et
376 1040 519 1079 propheta
544 1041 634 1072 David
658 1041 780 1072 liberari
804 1042 992 1080 desiderans,

169 1080 262 1112 Deum
279 1083 401 1122 rogabat
421 1084 452 1114 in
466 1085 546 1115 hunc
563 1085 684 1116 modum
698 1095 705 1117 :
722 1086 769 1117 Ab
784 1087 907 1118 occultis
920 1088 994 1118 meis

171 1128 287 1157 munda
303 1137 361 1165 me,
374 1132 402 1160 et
414 1129 452 1160 ab
467 1130 578 1161 alienis
592 1139 687 1170 parce
705 1139 791 1162 servo
815 1134 874 1162 tuo.
891 1132 995 1164 Simei

171 1179 234 1202 non
261 1172 510 1212 dominabuntur,
537 1178 607 1205 tunc
636 1175 852 1207 immaculatus
877 1185 938 1212 ero,
964 1179 995 1206 et

171 1216 285 1247 munda
291 1217 366 1248 bora
373 1217 478 1249 dilecto
492 1219 629 1250 maximo
639 1219 679 1251 ὅθ.
691 1219 727 1250 Et
741 1229 748 1250 :
760 1221 825 1251 Fiat
836 1229 888 1251 cor
897 1229 992 1251 meum

172 1262 403 1293 immaculatum
410 1266 442 1293 in
452 1263 723 1303 iustificationibus
732 1265 802 1302 tuis,
816 1269 845 1296 et
859 1274 995 1296 noncon-

169 1305 291 1344 fundar
308 1308 350 1338 55.
372 1307 407 1338 Et
429 1317 544 1338 rursum
560 1317 566 1339 :
585 1309 644 1339 Cor
653 1309 801 1340 mundum
812 1318 880 1340 crea
892 1310 991 1347 inme,

170 1349 293 1388 Deus,et
301 1353 443 1392 spiritum
454 1356 572 1384 rectum
584 1353 697 1384 innova
708 1354 739 1384 in
751 1354 994 1385 visceribusmeis

168 1395 259 1426 54.Et:
274 1397 392 1436 Spiritu
402 1397 565 1437 principali
575 1398 723 1437 conﬁrma
735 1407 781 1429 me
790 1398 905 1434 55.0uaa
915 1398 993 1428 enim

170 1440 294 1479 utilitas,
306 1442 422 1480 fratres,
433 1442 566 1473 laborum
578 1443 823 1483 corporalium,si
834 1443 994 1484 opusinte-

172 1485 237 1515 rius
250 1491 444 1526 postponatur
453 1487 468 1516 ἱ)
484 1489 528 1517 An
541 1497 600 1517 non
611 1487 749 1518 audimus
759 1487 881 1518 Paulum
894 1488 995 1519 dicen-

171 1533 247 1562 tem:
259 1532 433 1571 Corporalis
440 1532 661 1563 exercitatioad
671 1533 822 1564 modicum
832 1533 944 1564 utilitis
952 1536 995 1564 est
1004 1542 1023 1568 c

169 1575 266 1614 pietas
285 1580 388 1607 autem
406 1576 447 1607 ad
457 1576 559 1607 omnia
571 1576 797 1608 56.Etrursum:
815 1577 996 1609 Man-demus

169 1624 286 1651 nosmet
295 1621 373 1660 ipsos
382 1621 418 1652 ab
430 1623 514 1652 omni
524 1621 900 1660 inquinamentocarniset
908 1622 996 1661 spiri-

173 1664 384 1695 tus57.Endem
391 1669 419 1696 et
430 1666 660 1696 sanctusl’etrus
671 1665 777 1695 clamat
787 1665 814 1696 in
823 1666 886 1696 haec
894 1664 992 1696 verba:

172 1708 324 1741 Sui-cincti
345 1711 460 1741 lumbos
482 1713 590 1742 mentis
607 1713 722 1747 vestras,
743 1710 839 1742 sobrii
852 1710 994 1750 perfecte,

171 1757 292 1792 sperate
299 1755 331 1785 in
340 1764 419 1792 eam,
431 1764 498 1794 quae
508 1755 639 1794 offertur
650 1755 731 1786 vobis
741 1756 888 1794 gratiam,
902 1756 932 1785 in
943 1763 993 1785 re-

172 1798 351 1830 uelationem
358 1800 430 1831 Jesu
441 1800 565 1837 Christi,
574 1802 662 1839 quasi
672 1799 730 1838 ﬁlii
739 1800 926 1836 obcdienliaz,
936 1808 996 1830 non

173 1843 355 1883 conﬁgurati
362 1844 517 1884 prioribus
523 1845 705 1884 ignorantia:
714 1848 821 1875 vestrm
827 1844 992 1875 desideriis.

173 1887 228 1918 sed
246 1888 409 1919 secundum
423 1897 503 1929 eum,
516 1889 569 1929 qui
589 1889 705 1919 vocavit
727 1897 788 1925 vos,
802 1892 951 1928 sanciunt,
968 1891 997 1919 et

173 1932 272 1971 ipsiin
283 1936 367 1964 omni
375 1936 601 1964 conversatione
610 1933 708 1963 sancti
714 1933 791 1970 silis,
801 1936 827 1963 et
836 1933 997 1963 Dominum

173 1975 275 2007 Jesum
285 1978 470 2018 sanctiﬁcata
481 1978 513 2009 in
525 1977 665 2008 cordibus
677 1976 916 2008 vestristcirco
922 1977 993 2007 scri-

171 2024 259 2061 ptum
271 2026 313 2053 est
325 2033 334 2053 :
348 2022 458 2054 Sancti
465 2026 556 2054 estote
566 2024 776 2062 quoniamfego
787 2025 910 2052 sanctus
918 2029 994 2052 sum.

173 2066 225 2099 Et.
240 2069 267 2097 si
275 2071 392 2106 putrem
413 2067 562 2098 invocatis
580 2075 659 2102 eum,
675 2068 729 2106 qui
740 2066 808 2097 sine
824 2067 998 2105 acceptione

171 2119 376 2151 personarum
405 2113 529 2151 judicat
561 2111 728 2142 secundum
763 2111 998 2150 uniuscujusque

173 2164 258 2196 opus,
266 2157 299 2187 in
315 2157 423 2188 timore
435 2158 582 2188 incolatus
592 2157 684 2187 vestri
698 2161 828 2196 tempore
840 2164 998 2187 conversa-

1036 285 1130 320 retur,
1146 292 1220 314 neve
1237 285 1314 316 sinat
1329 294 1383 316 nos
1397 285 1478 316 abire
1493 295 1510 316 a
1525 285 1583 326 via,
1595 285 1646 326 qui
1660 289 1705 317 est
1716 285 1858 326 ipsemet,

1036 326 1087 366 qui
1102 327 1176 358 dixit
1186 339 1192 359 :
1205 328 1271 368 Ego
1282 339 1349 361 sum
1359 331 1421 368 cia,
1428 333 1608 362 resurrectio
1616 333 1644 362 et
1654 329 1859 361 υίιαϐοᾙιωο

1037 379 1106 410 ergo
1127 373 1328 415 exquiramus,
1346 375 1425 406 hunc
1442 376 1605 415 praevenire
1625 374 1808 415 Studeamus,
1826 379 1860 405 ut

1036 415 1125 446 etiam
1143 417 1224 448 illum
1243 422 1406 450 teneamus.
1429 419 1512 456 Quod
1536 419 1561 450 si
1580 421 1687 451 factum
1709 419 1809 459 fuerit,
1828 423 1860 450 et

1035 460 1072 490 ad
1088 461 1153 501 ejus
1176 464 1344 504 exemplum
1367 465 1453 495 vitam
1478 468 1609 495 nostram
1626 463 1856 504 instituerimus,

1036 514 1095 535 non
1120 506 1214 537 solum
1240 518 1308 539 cum
1332 509 1401 540 hinc
1428 509 1681 548 emigraverimus,
1698 508 1752 539 sed
1775 517 1855 538 nunc

1035 549 1123 580 etiam
1150 551 1181 582 in
1206 553 1312 584 caelum
1338 563 1404 585 cum
1432 554 1496 594 ipso
1519 553 1728 592 ascendemus,
1745 556 1775 583 et
1794 562 1857 583 una

1033 603 1222 627 assumemur
1239 607 1245 629 :
1264 598 1324 629 imo
1336 599 1434 639 potius
1449 599 1513 639 ipse
1523 608 1577 629 nos
1588 607 1688 629 secum
1705 597 1855 634 sustollet,

1034 643 1063 669 et
1085 640 1278 681 gloriﬁcabit,
1311 647 1340 674 et
1365 643 1487 674 donabit
1510 643 1649 674 felicitate
1675 641 1860 682 sempiterna

1034 684 1157 729 perfrui.

1327 734 1466 767 ORATIO
1498 733 1574 765 XXI.

1345 789 1555 813 ARGUMENTUM.

1041 823 1219 868 Videndum,
1236 828 1341 868 ecquid
1363 829 1548 865 beatudines,
1571 828 1608 858 de
1622 826 1730 867 quibus
1745 825 1860 868 locutus

1074 870 1118 897 est
1128 867 1281 905 ()rhz'stus;
1293 870 1325 899 in
1336 870 1422 900 nobis
1435 869 1597 899 habeamus
1612 879 1618 903 ;
1636 876 1687 898 eas
1702 867 1785 898 enim
1794 875 1860 898 esse

1075 906 1222 949 indicium
1236 909 1399 948 signaculi,
1415 914 1443 940 et
1460 909 1662 949 proprietates
1676 907 1860 938 characteris

1075 947 1150 988 ejus.
1180 948 1237 984 Qui
1255 947 1340 988 signo
1362 947 1478 981 Christi
1498 947 1638 986 signatus
1656 956 1716 978 non
1736 951 1792 984 est,
1805 956 1859 978 nec

1074 987 1290 1028 characterem
1302 989 1386 1020 illius
1407 992 1440 1020 in
1461 998 1492 1020 se
1511 990 1580 1028 fert,
1597 988 1677 1019 hunc
1689 988 1723 1018 in
1732 996 1859 1027 regnum

1075 1026 1218 1058 caelorum
1236 1029 1367 1060 introire
1383 1026 1560 1069 neutiquam
1573 1037 1669 1068 posse.

1077 1079 1251 1122 Quicunque
1271 1082 1355 1122 signo
1380 1083 1498 1114 Domini
1522 1091 1556 1113 ac
1571 1081 1637 1118 Dei,
1656 1083 1684 1111 et
1696 1080 1858 1112 Salvatoris

1035 1124 1129 1155 nostri
1143 1125 1212 1156 Jesu
1226 1125 1346 1165 Christi,
1364 1127 1471 1167 signati
1486 1136 1544 1157 non
1562 1134 1675 1162 sumus,
1701 1134 1857 1155 curramus

1036 1173 1067 1199 ut
1081 1169 1242 1208 signemur.
1261 1170 1436 1212 Quicunque
1447 1170 1579 1210 insigniti
1592 1179 1651 1200 non
1663 1178 1776 1207 sumus,
1787 1172 1858 1199 nota

1035 1213 1155 1253 spiritus
1177 1214 1312 1253 insigniri
1329 1225 1534 1256 properemus.
1553 1216 1630 1246 Mors
1645 1213 1726 1245 enim
1741 1213 1772 1243 in
1789 1214 1858 1244 ani-

1036 1267 1098 1288 mas
1115 1259 1331 1298 primitivorum
1358 1261 1385 1285 61
1412 1271 1465 1301 per
1487 1260 1660 1299 sanguinem
1687 1258 1810 1299 Christi,
1829 1262 1859 1289 et

1035 1302 1159 1340 gratiam
1175 1304 1352 1335 sanctissimi
1369 1305 1498 1345 Spiritus
1514 1313 1572 1335 non
1589 1303 1759 1334 dominatur
1776 1312 1782 1334 :
1801 1312 1859 1333 nec

1036 1346 1123 1385 lupus
1152 1348 1202 1388 qui
1227 1353 1326 1380 mente
1353 1350 1527 1390 percipitur,
1558 1348 1688 1387 sigillum
1716 1347 1860 1387 principis

1036 1395 1185 1430 pastorem
1201 1392 1321 1430 Christi,
1339 1404 1397 1434 quo
1420 1404 1489 1425 oves
1513 1398 1581 1424 suas
1595 1393 1713 1432 signare
1728 1400 1860 1422 consue-

1036 1435 1086 1472 vit,
1104 1441 1205 1467 conlra
1230 1438 1338 1469 intueri
1363 1439 1462 1470 audet.
1490 1438 1602 1478 Itaque,
1617 1438 1723 1468 fratres
1738 1436 1856 1474 ﬁdeles,

1037 1478 1261 1522 divinarumque
1283 1492 1381 1514 rerum
1399 1484 1511 1524 cupidi,
1529 1482 1718 1518 festinemus,
1735 1485 1858 1521 agentes

1036 1528 1064 1555 et
1081 1524 1236 1557 molientes
1250 1528 1350 1558 omnia
1365 1538 1429 1569 quae
1446 1528 1563 1559 Christo
1575 1530 1643 1557 Sunt
1653 1526 1770 1565 placita,
1779 1529 1811 1556 ut
1820 1524 1857 1555 ab

1036 1569 1100 1609 ipso
1112 1580 1229 1610 quoque
1240 1572 1357 1612 signati,
1372 1574 1408 1604 de
1417 1578 1523 1604 caetero
1536 1571 1601 1603 sine
1614 1574 1694 1601 metu
1705 1570 1835 1600 vivamus
1849 1579 1856 1600 :

1036 1614 1107 1654 quin
1124 1615 1224 1652 etiam,
1242 1622 1274 1647 ut
1289 1617 1325 1647 de
1343 1627 1431 1648 manu
1448 1618 1513 1658 ejus
1528 1614 1763 1647 misericordiam
1775 1613 1858 1645 acci-

1037 1659 1162 1698 piamus,
1176 1664 1204 1690 et
1216 1661 1297 1701 digni
1312 1662 1485 1699 habeamur,
1498 1661 1550 1702 qui
1564 1659 1736 1700 mysterium
1749 1657 1859 1690 Christi

1036 1713 1259 1743 cognoscamus.
1281 1706 1486 1746 Cognitionem
1510 1710 1609 1736 autem
1633 1703 1778 1742 intelligo,
1797 1712 1858 1733 non

1036 1758 1102 1788 quae
1124 1750 1213 1780 verbo
1239 1750 1378 1782 duntaxat
1406 1756 1435 1782 et
1461 1751 1612 1782 auditione
1635 1748 1760 1779 traditur
1778 1758 1784 1776 :
1802 1747 1859 1778 sell

1037 1802 1103 1833 qua:
1117 1794 1147 1823 in
1160 1794 1223 1834 ipso
1239 1804 1330 1835 opere
1356 1801 1386 1827 et
1407 1798 1526 1827 actione
1550 1795 1658 1826 elucet.
1675 1791 1752 1823 Audi
1768 1791 1859 1830 igitur

1037 1839 1286 1878 quemadmodum
1320 1841 1447 1880 cognitio
1485 1839 1693 1880 mysteriorum
1722 1836 1774 1867 Dei
1805 1845 1861 1876 per

1039 1892 1123 1924 opus,
1141 1887 1168 1913 et
1183 1884 1328 1915 actionem
1345 1879 1375 1916 in
1392 1885 1477 1916 nobis
1493 1879 1697 1926 perspiciatur.
1723 1879 1860 1912 Christus

1039 1928 1119 1960 Deus
1134 1933 1234 1960 noster
1244 1939 1296 1970 per
1304 1931 1486 1969 evangelium
1503 1938 1587 1960 suum
1603 1925 1735 1968 quotidie
1749 1928 1858 1964 aperte

1039 1974 1159 2006 clamat:
1173 1974 1261 2005 Beati
1270 1984 1420 2015 pauperes
1429 1976 1551 2014 spiritu,
1563 1973 1710 2014 quoniam
1721 1971 1858 2010 ipsorum

1038 2023 1081 2050 est
1094 2028 1220 2059 regnum
1232 2019 1377 2050 cistarum
1384 2020 1423 2051 62.
1437 2020 1499 2050 Hoc
1509 2019 1624 2059 quoties
1634 2015 1774 2059 audimus
1784 2023 1856 2059 con-

1038 2058 1182 2100 siderare,
1198 2067 1226 2094 et
1241 2073 1293 2094 nos
1306 2064 1385 2103 ipsos
1401 2058 1558 2103 diligenter
1579 2065 1736 2093 executere
1760 2058 1855 2089 debe-

1040 2117 1117 2148 mus,
1134 2117 1204 2138 num
1224 2117 1328 2138 revera
1352 2118 1496 2149 pauperes
1518 2105 1687 2138 istiusmodi
1702 2104 1807 2141 simus,
1827 2106 1862 2133 ut

1039 2152 1127 2182 etiam
1146 2157 1279 2183 nostrum
1296 2152 1333 2182 sit
1347 2162 1471 2192 regnum
1487 2152 1628 2184 caelorum
1643 2162 1650 2188 ;
1667 2149 1740 2180 adeo
1757 2152 1788 2178 ut
1803 2156 1859 2178 nos

174 2192 277 2231 mini:
293 2203 421 2233 scientes
436 2201 516 2242 quod
529 2192 852 2241 noncorruptib'tlibus
862 2195 1069 2237 auro,oelDid
1102 2202 1165 2228 luto
1188 2197 1341 2237 possidere
1363 2198 1462 2228 animo
1487 2197 1651 2242 sentiamus
1675 2194 1776 2242 itaque
1795 2192 1861 2231 ejus

175 2249 304 2284 argento
323 2246 476 2286 redempti
485 2249 556 2277 estis
570 2247 609 2277 de
625 2254 704 2277 vanu
719 2249 821 2276 vestra
833 2253 997 2276 conversa—

172 2291 255 2321 tione
273 2294 411 2330 paternw
433 2291 620 2327 traditionis,
634 2290 685 2321 sed
705 2291 836 2330 pretioso
848 2290 998 2328 sanguine

173 2338 265 2375 quasi
271 2337 344 2376 agni
354 2335 542 2367 immaculati
554 2335 667 2367 Christi
677 2334 998 2374 58.0plemusigituret

175 2389 229 2410 nos
241 2384 299 2411 toto
311 2381 421 2419 animo,
431 2385 460 2412 et
471 2381 527 2412 fixa
540 2380 577 2411 sit
589 2380 749 2419 sententia,
762 2389 819 2410 non
833 2378 999 2418 decipi,aut

175 2423 213 2454 ab
229 2424 328 2464 aliqua
339 2426 482 2466 corporis,
492 2425 634 2456 animaive
650 2423 998 2465 perturbationeinesca.

175 2468 211 2507 ri,
225 2474 254 2501 ct
266 2469 389 2510 alligari,
408 2480 445 2501 ne
465 2479 518 2511 per
537 2479 625 2500 unam
642 2478 693 2500 seu
715 2478 845 2509 parvam,
865 2477 917 2499 seu
933 2477 996 2499 ma-

175 2523 262 2554 gnam
271 2515 401 2546 mandati
415 2515 680 2554 transgressionem
691 2514 771 2544 viain
782 2513 889 2544 ccelum
900 2513 999 2543 feren-

176 2563 204 2590 te
220 2560 401 2592 excidamus.
417 2559 474 2591 Sed
489 2569 556 2590 cum
577 2559 838 2593 ambulavernnus,
851 2567 906 2588 nec
918 2561 997 2587 retro

174 2603 405 2645 respexerimus,
417 2605 592 2636 festinemus
600 2603 825 2634 antecedentem
834 2612 887 2633 nos
894 2602 998 2633 Jesum

178 2649 353 2690 prwvenire,
373 2650 500 2689 factique
511 2650 574 2689 ejus
585 2652 748 2688 compotes,
760 2652 827 2678 ante
844 2656 911 2678 eum
926 2654 998 2686 pro-

177 2694 323 2736 cidamus,
343 2699 371 2726 et
386 2704 487 2726 coram
506 2691 932 2734 eJusibonitateploremus59,
948 2700 997 2722 ar-

211 2802 241 2828 59
267 2802 346 2834 Psal.
375 2810 458 2838 XVIII,
491 2800 541 2837 l3,
571 2801 616 2835 14.
659 2800 691 2826 εὖ
718 2798 796 2831 Psal.
826 2807 931 2833 cxvm.
959 2798 1009 2830 80.

173 2842 205 2882 ω
232 2841 258 2873 11
288 2843 355 2873 Cor.
386 2843 418 2882 7,
450 2844 477 2882 ir.
522 2841 579 2872 581
608 2841 696 2882 retr.
719 2848 741 2880 ι,
772 2839 879 2871 13-19.

172 2881 207 2913 63
219 2882 322 2916 Matth.
339 2891 369 2925 ν,
386 2884 416 2915 3.
458 2881 491 2907 6³
506 2882 577 2914 Luc.
594 2890 667 2920 xvn,
683 2881 734 2913 21.

923 2838 955 2864 59
982 2836 1061 2870 Psal.
1089 2843 1166 2872 χειν,
1196 2835 1226 2866 6.
1268 2834 1301 2859 60
1329 2834 1414 2866 Joan.
1431 2833 1531 2873 11,95.

1041 2249 1144 2272 tenere
1160 2242 1286 2279 divitias,
1306 2242 1423 2273 utcitra
1450 2241 1665 2273 dubitationem
1689 2237 1802 2285 nos_in
1824 2246 1860 2285 eo

1040 2295 1105 2316 esse
1132 2287 1330 2326 experiamur,
1362 2290 1390 2317 et
1414 2286 1494 2316 illius
1523 2284 1609 2316 bonis
1632 2288 1720 2330 atque
1745 2280 1861 2330 deliciis
1885 2279 1894 2287 ⁸

1040 2330 1233 2362 oblectemur.
1248 2331 1327 2361 Intra
1341 2339 1394 2363 nos
1406 2331 1486 2362 enim
1501 2329 1573 2361 illud
1588 2337 1666 2365 esse,
1680 2327 1744 2367 ipse
1763 2326 1861 2356 Domi-

1041 2384 1096 2405 nus
1118 2374 1318 2414 pronuntiavit
1331 2375 1372 2405 65.
1388 2376 1569 2414 Argumenta
1590 2382 1688 2413 porro,
1706 2369 1815 2414 quibus
1829 2369 1860 2414 id

1039 2413 1125 2450 intra,
1143 2429 1198 2450 nos
1222 2429 1287 2450 esse
1311 2413 1545 2456 demonstretur,
1568 2418 1631 2448 hac
1656 2422 1725 2447 sunt
1751 2425 1758 2445 :
1780 2413 1859 2444 Nihil

1040 2473 1144 2495 eorum
1160 2473 1225 2504 quae
1240 2464 1332 2495 oculis
1348 2464 1546 2505 subjicnunlur
1557 2466 1587 2493 et
1601 2463 1739 2508 pereunt,
1751 2467 1859 2508 concu-

1040 2509 1174 2550 piscere;
1190 2518 1249 2545 res,
1268 2508 1389 2549 inquam
1407 2512 1435 2539 et
1451 2508 1669 2539 oblectamenta
1682 2505 1769 2544 hujus
1780 2505 1857 2550 vitae,

1040 2547 1098 2584 non
1115 2562 1198 2593 opes,
1216 2563 1274 2583 non
1290 2547 1424 2593 gloriam,
1443 2562 1502 2583 non
1523 2551 1658 2588 delicias,
1685 2559 1742 2580 non
1766 2547 1858 2578 ullam

1040 2598 1168 2638 denique
1183 2598 1272 2628 aliam
1289 2599 1354 2629 vitae
1366 2597 1531 2638 praesentis,
1548 2600 1598 2627 aut
1612 2593 1745 2642 corporis
1756 2593 1861 2642 volup-

1042 2647 1130 2674 tatem
1149 2652 1156 2674 :
1174 2643 1226 2674 sed
1243 2643 1283 2673 ita
1309 2652 1341 2674 se
1368 2643 1415 2674 his
1440 2642 1580 2673 omnibus
1596 2640 1757 2677 abstinere,
1775 2641 1805 2668 et
1817 2640 1861 2668 sic

1036 2688 1163 2730 judicio,
1180 2697 1214 2719 ac
1229 2688 1378 2719 voluntate
1392 2687 1429 2719 ab
1445 2688 1504 2718 illis
1519 2686 1693 2723 abhorrere,
1711 2688 1743 2715 ut
1757 2686 1857 2724 potes-

1052 2794 1176 2828 διρεειι.
1201 2802 1232 2832 1,,
1251 2792 1299 2825 42.
1341 2794 1374 2819 55
1401 2793 1463 2824 Ibid
1494 2793 1544 2823 14.
1578 2787 1858 2832 βαι-τίωηνλξ.

1573 2831 1600 2857 6|
1625 2829 1717 2862 Hebr.
1739 2836 1791 2860 xu.
1807 2828 1858 2860 23.
