1983 3072
136 143 176 175 44
186 142 207 174 3
892 143 968 174 ORA

1014 142 1035 173 Ο
1056 142 1138 174 ΧΧΙ.
1777 139 1833 171 414

134 212 204 241 tate
217 213 246 240 et
261 209 378 240 honore
391 210 472 249 regio
489 209 700 250 prmcellentes
714 209 750 240 ab
767 209 811 240 his
820 208 872 249 qui
888 209 969 248 lupa—
979 207 1173 247 Aspiritualis
1184 207 1477 249 notitia,ibiquoque
1488 208 1587 238 luctus
1600 206 1710 246 gaudio
1719 206 1836 237 mistus.

138 254 231 285 naria
248 254 371 292 obeunt,
389 254 573 286 abhorrent:
592 258 621 285 et
635 258 777 295 quantum
795 253 844 295 qui
861 262 932 294 pura
944 258 974 284 et
1014 251 1058 283 Ibi
1073 253 1143 283 item
1156 253 1268 294 jugiter
1281 256 1436 284 manantes
1455 252 1603 293 lacrymae,
1621 260 1685 292 quas
1707 251 1836 282 animam

141 298 259 328 munda
273 299 447 329 vestimenta
460 298 565 336 induti,
580 302 609 329 et
638 298 879 329 suaveolentibus
915 307 973 328 un-

142 342 271 383 guentis
287 343 386 383 perliti
402 347 480 381 sunt,
492 343 721 382 graveolentiam
737 353 771 374 ac
787 343 881 374 lutum
893 351 973 373 aver-

141 392 261 418 santur.
281 387 336 424 Qui
353 387 432 418 enim
449 388 484 418 ad
502 398 592 419 unum
615 388 734 427 aliquod
753 387 971 418 nominatorum

141 442 215 463 sese
233 432 390 470 convertit,
402 442 527 472 regnum
541 432 613 463 illud
625 434 767 464 caelorum
780 441 878 472 neque
889 431 971 469 vidit,

141 485 246 517 neque
262 476 374 513 olfecit,
392 486 488 515 neque
499 477 720 517 jucunditatem
738 481 767 507 et
781 476 972 507 dulcedinem

141 521 214 561 ejus
228 521 403 561 degustavit.
420 522 536 553 Deinde
553 531 560 552 :
583 533 594 549 α
610 523 695 553 Beati
708 523 760 561 qui
774 522 888 562 lugent,
901 529 973 561 quo-

141 567 235 598 niam
253 567 312 606 ipsi
327 566 563 598 cumulabantur
572 566 614 598 64.
630 579 642 594 η
657 566 818 597 Videamus
832 565 974 596 nuncite-

142 620 228 649 rum,
247 615 277 642 et
291 611 322 641 in
339 614 455 642 nosmet
470 611 670 652 inquiramus,
686 620 756 641 num
772 611 887 642 huncce
907 610 973 640 luc-

145 659 211 686 tum
229 655 259 686 in
276 655 363 687 nobis
379 656 554 692 habeamus,
570 661 600 687 et
614 666 748 696 quaenam
762 655 975 686 sitistaconso-

143 700 234 738 latio,
251 711 317 741 quae
339 701 436 732 luctus
461 702 550 741 hujus
574 711 675 732 comes
697 701 816 732 dicitur.
843 700 974 731 Primum

146 745 273 785 quidem
290 755 439 786 pauperes
453 746 559 786 spiritu
576 746 677 777 beatos
692 745 859 782 afﬁrmavit,
875 747 975 784 utpote

143 798 274 829 quorum
285 789 322 820 sit
338 799 461 829 regnum
481 790 637 821 caelorum.
654 789 802 830 Pauperes
816 793 926 824 autem,
944 793 976 819 ut

1015 297 1091 328 hanc
1113 302 1260 328 amantem
1278 301 1413 338 purgent,
1429 307 1462 328 ac
1478 305 1600 337 prorsus
1622 295 1835 327 lucidissimam

1015 343 1152 374 reddant.
1167 344 1224 374 Per
1236 343 1298 374 haec
1314 342 1402 382 igitur
1411 342 1510 372 anima
1525 351 1642 372 sursum
1656 340 1834 380 respiciens,

1016 392 1045 418 et
1066 387 1223 420 Dominum
1249 397 1335 418 suum
1362 395 1548 427 cognoscens
1568 385 1698 426 reliquas
1713 385 1837 415 virtutes

1015 432 1148 463 studiose
1165 432 1339 473 progignere
1355 431 1422 465 sibi.
1441 437 1471 463 et
1487 431 1603 462 Christo
1627 429 1753 461 orditur.
1775 430 1837 461 Nec

1015 476 1177 508 immerito.
1206 477 1325 516 lrrigata
1348 476 1427 507 enim
1451 477 1648 512 continenter,
1664 479 1693 506 et
1708 474 1834 514 pingue-

1015 530 1101 552 scens
1117 521 1265 562 lacrymis,
1283 525 1312 552 et
1324 521 1439 552 irnmin
1451 529 1483 552 se
1501 520 1618 560 penitus
1633 519 1834 557 exstinguens,

1016 565 1096 596 mitis
1112 570 1231 606 totaque
1246 566 1281 596 ad
1298 565 1486 596 irascendum
1510 564 1674 596 immobilis
1695 563 1834 594 efﬁcitur.

1015 611 1205 651 Concupi:cit
1219 615 1319 642 autem
1339 614 1367 641 et
1392 610 1514 651 appetit,
1532 609 1666 640 esuriens
1689 607 1790 644 simul,
1807 610 1838 637 et

1015 655 1121 686 sitiens
1145 655 1260 686 discere
1283 654 1509 695 justiﬁcationes
1524 653 1589 684 Dei.
1612 652 1645 684 In
1662 652 1706 682 his
1722 660 1790 682 vero
1806 654 1836 682 et

1017 700 1200 738 misericors,
1215 704 1244 730 et
1259 699 1364 730 alienis
1379 698 1578 730 incommodis
1593 697 1699 728 dolens
1711 697 1763 727 ﬁt:
1779 705 1836 736 quo

1017 753 1052 775 ex
1069 744 1114 775 his
1129 745 1268 776 omnibus
1282 744 1381 775 cordis
1398 744 1463 783 ejus
1479 743 1590 783 puritas
1613 741 1794 782 perﬁciatur,
1807 743 1837 770 et

1016 789 1080 830 ipsa
1095 790 1187 821 Deum
1198 789 1306 824 videat,
1320 789 1445 829 ejusque
1456 787 1578 827 gloriam
1595 785 1759 817 secundum
1772 793 1837 824 pro.

143 833 315 871 docuimus,
336 835 419 865 hisce
432 834 626 875 praesentibus
639 834 725 875 plane
737 844 794 867 non
806 834 972 874 capiuntur,
985 854 1005 879 Β
1017 835 1190 866 missionem
1217 835 1295 866 clare
1319 834 1479 864 intueatur.
1496 832 1564 879 Qui.
1573 830 1698 879 hunc.in
1714 830 1835 879 modum

146 887 249 919 neque
265 879 396 910 animum
407 873 447 909 ita
458 889 524 910 cum
541 879 577 910 iis
591 873 739 920 copulant,
753 873 974 919 atqueiconjun'
985 873 1005 879 ”
1015 880 1128 911 animas
1143 889 1211 910 suus
1219 882 1438 920 compararunt,
1452 875 1566 918 paciﬁci
1579 879 1647 906 sunt
1658 874 1688 905 in
1700 873 1833 920 veritate,

146 927 234 963 gunt,
257 927 289 954 ut
307 923 352 954 vel
376 924 493 954 modica
508 923 707 955 delectatione
723 923 891 954 deliniatur.
908 922 972 959 Quo

142 967 239 1008 igitur
248 972 343 1008 pacto,
358 974 385 999 et
398 978 484 1009 quam
497 968 534 999 ob
548 978 667 999 causam
684 969 807 1008 lugebit,
819 968 869 1008 qui
880 972 970 998 totum

148 1013 294 1044 mundum
312 1013 474 1044 detestatus
488 1017 544 1050 est,
563 1017 591 1044 et
607 1014 696 1045 corde
712 1017 769 1044 tam
787 1013 873 1052 longe
888 1013 924 1043 ab
937 1022 971 1043 eo

144 1057 243 1094 abest,
260 1068 348 1098 quam
365 1068 490 1098 corpore
506 1058 550 1088 illi
566 1058 809 1099 appropinquat?
824 1058 874 1098 qui
890 1057 970 1088 nullo

144 1111 248 1133 rerum
279 1103 505 1143 aspectabilium
532 1112 633 1134 amore
663 1107 793 1140 tenetur,
822 1102 970 1142 quidest,

144 1147 286 1184 obsecro,
305 1157 358 1178 cur
371 1157 403 1179 se
419 1148 557 1188 tristitia,
573 1148 715 1178 laetitiaive
730 1148 844 1178 dedat?
858 1147 971 1187 thuo-

145 1192 236 1222 modo
253 1192 375 1232 lugebit,
392 1192 565 1232 solatiisque
581 1192 770 1228 mulcebitur,
783 1191 832 1232 qui
844 1200 967 1231 regnum

146 1237 292 1268 caelorum
309 1237 408 1277 habet,
426 1236 495 1267 etin
511 1246 546 1267 eo
563 1237 677 1268 laetatur
693 1236 835 1267 assidue?

187 1281 343 1312 Attendite
359 1286 484 1319 mentes,
502 1291 585 1322 rogo,
602 1281 638 1312 iis
654 1291 719 1321 qua:
734 1281 842 1318 dicam,
853 1284 881 1311 et
891 1289 969 1321 quae-

147 1327 196 1358 siti
210 1327 354 1358 rationem
372 1336 439 1358 cum
455 1328 519 1368 ejus
535 1328 682 1358 solutione
693 1326 856 1367 accipietis.
873 1326 967 1357 Homo

146 1372 257 1409 ﬁdelis,
284 1372 335 1412 qui
361 1373 398 1403 ad
422 1372 558 1403 mandata
573 1372 626 1403 Dei
642 1371 844 1402 exhaurienda
864 1371 967 1401 sedulo

148 1425 270 1456 semper
283 1416 442 1457 incumbit,
456 1426 523 1447 cum
540 1416 640 1448 omnia
651 1416 785 1453 servarit,
794 1420 822 1446 et
835 1416 870 1446 nd
884 1415 967 1446 fasti—

146 1462 226 1500 gium
243 1462 361 1499 horum,
380 1461 408 1492 id
426 1465 480 1498 est,
498 1461 533 1491 ad
548 1461 727 1502 inculpatam
741 1460 877 1500 vitam,et
889 1459 968 1500 puri-

1014 929 1043 956 et
1056 925 1109 955 ﬁlii
1123 924 1267 956 Altissimi
1285 918 1488 959 nominantur,
1505 921 1555 962 qui
1577 925 1607 952 et
1628 928 1701 960 pure
1716 918 1833 967 Patrem

1013 969 1233 1009 Dominumque
1254 977 1340 999 suum
1366 971 1539 1007 agnoscunt,
1560 969 1589 996 et
1603 974 1637 995 ex
1648 967 1715 1009 tota
1736 971 1836 993 amma

1013 1014 1097 1044 illum
1123 1007 1270 1052 diligunt;
1295 1012 1429 1053 quamvis
1453 1011 1586 1042 laborem
1608 1007 1836 1056 videlicettet

1013 1058 1146 1099 quamvis
1161 1051 1351 1088 afﬂictionem
1367 1058 1432 1097 ejus
1447 1064 1535 1087 causa
1551 1051 1834 1100 sustinentes,_inju-

1011 1095 1065 1133 riis
1079 1102 1184 1140 vexati,
1201 1095 1391 1133 contumeliis
1404 1100 1537 1141 appetiti,
1555 1095 1713 1137 augustiati
1725 1095 1835 1141 objus—

1013 1151 1074 1178 tum
1087 1147 1153 1187 ejus
1169 1139 1353 1183 mandatum,
1379 1139 1459 1187 quod
1485 1149 1513 1175 et
1539 1143 1624 1174 nobis
1650 1139 1832 1171 servandum

1010 1192 1163 1233 praecepit,
1175 1191 1429 1232 exprobrationes,
1439 1189 1674 1231 persecutiones,
1697 1189 1726 1215 et
1746 1192 1834 1233 omne

1009 1232 1131 1268 verbum
1159 1237 1267 1267 malum
1290 1236 1363 1266 falso
1389 1239 1492 1266 contra
1516 1244 1547 1264 se
1570 1233 1696 1267 dictum,
1713 1232 1834 1269 propter

1009 1292 1121 1313 nomen
1147 1283 1210 1322 ejus
1234 1281 1395 1312 toleranter
1417 1280 1605 1316 sufferentes,
1636 1274 1832 1312 exsultantes,

1010 1327 1149 1368 quoniam
1174 1327 1256 1366 digni
1277 1330 1346 1356 sunt
1369 1325 1472 1362 habiti,
1495 1324 1547 1365 qui
1575 1322 1714 1369 pro_eju_s
1729 1326 1833 1369 amore

1009 1361 1173 1412 ignominia
1187 1361 1223 1402 ab
1237 1370 1409 1402 hominibus
1425 1361 1616 1401 afﬁcerentur
1629 1367 1672 1397 67.
1685 1361 1831 1412 Animad-

1009 1406 1148 1452 vertistis,
1164 1416 1281 1450 fratres.
1299 1415 1442 1454 signaculi
1458 1413 1568 1446 Christi
1581 1418 1753 1452 expressam
1765 1406 1830 1456 efﬁ-

1008 1462 1085 1501 giem
1096 1461 1111 1491 ‘!
1129 1460 1295 1501 Agnovistis
1306 1460 1421 1496 ﬁdeles,
1435 1459 1630 1500 proprietates
1645 1456 1829 1501 characteris

146 1495 236 1537 tatem
264 1495 415 1546 ingressus
439 1495 538 1543 fuerit,
556 1495 639 1536 tunc.
650 1505 768 1536 modulo
784 1495 840 1536 suo
854 1495 966 1535 se-me-
977 1520 997 1545 ο
1009 1495 1103 1546 Ejus?
1118 1495 1216 1538 Unum
1232 1505 1364 1546 profecto
1378 1495 1559 1544 signaculum
1576 1499 1751 1546 illuminatio
1762 1495 1832 1536 Spi-

145 1551 235 1589 tiens,
260 1551 442 1582 imbecillum
468 1551 610 1588 inveniet,
628 1551 738 1591 quique
753 1550 789 1581 ad
804 1551 967 1582 celsitatem

149 1596 229 1627 illam
246 1596 452 1627 mandatorum
469 1595 637 1636 pertingere
654 1605 712 1626 non
732 1595 824 1636 possit
843 1605 850 1625 ι
873 1595 924 1625 sed
943 1599 972 1626 et

148 1650 310 1681 pauperem
326 1640 485 1680 imprimis,
503 1640 563 1670 sive
576 1640 730 1680 indignum
747 1640 782 1670 ad
800 1639 969 1680 suscipien-

148 1685 376 1721 dumDeum,ad
389 1685 496 1724 gratias
512 1688 542 1715 et
553 1684 656 1716 laudes
669 1684 766 1714 eidem
780 1684 966 1721 tribuendas,

147 1734 178 1760 ut
193 1731 243 1770 qui
260 1739 411 1770 nunquam
429 1729 593 1770 proprium,
612 1738 646 1760 ac
661 1738 747 1759 suum
771 1727 892 1767 aliquod
914 1728 968 1758 bo-

151 1784 222 1805 num
248 1774 429 1815 possederit.
444 1773 512 1804 Haec
532 1774 583 1814 qui
606 1777 727 1814 propter
742 1782 774 1803 se
789 1782 855 1803 cum
878 1771 970 1803 animi

149 1829 240 1850 sensu
254 1823 384 1860 reputat,
401 1819 521 1849 omnino
537 1818 651 1859 lugebit
673 1818 753 1848 lnclu
775 1826 844 1848 vere
862 1817 972 1849 beatis—

151 1864 238 1902 simo,
265 1863 316 1904 qui
341 1871 370 1895 et
395 1863 600 1894 consolatione
618 1863 765 1902 promissa
790 1862 913 1899 levatur,
945 1867 974 1893 et

149 1908 277 1940 animam
294 1908 395 1940 mitem
413 1908 504 1940 efﬁcit
524 1911 589 1939 :est
606 1907 752 1947 siquidem
770 1907 876 1948 pignus
888 1905 972 1946 regni

1011 1544 1085 1582 ritus
1108 1555 1164 1591 est,
1188 1554 1217 1582 et
1232 1544 1266 1581 ﬁsi
1291 1550 1390 1581 multae
1414 1553 1483 1580 sunt
1507 1550 1608 1579 forma:
1622 1544 1830 1593 operationum

1011 1586 1238 1627 illuminationis
1253 1596 1352 1635 hujus,
1366 1595 1515 1635 multaque
1528 1586 1665 1624 virtutum
1677 1590 1742 1630 ejus
1752 1586 1831 1635 ίηὼξ

1013 1641 1069 1681 cia,
1095 1649 1219 1681 quorum
1246 1633 1384 1680 primum,
1402 1644 1430 1670 et
1446 1633 1540 1680 magis
1566 1633 1833 1681 necessarium“?!

1013 1675 1153 1724 tanquam
1171 1675 1348 1725 principium
1364 1675 1398 1715 ac
1413 1675 1635 1715 fundamentum
1652 1684 1696 1711 est
1711 1675 1832 1725 humili-

1010 1734 1053 1760 tas
1061 1739 1068 1759 :
1076 1721 1126 1760 'Ad
1135 1721 1219 1769 quem
1227 1721 1486 1769 enimrespiciam,
1495 1728 1602 1768 inquit,
1609 1727 1672 1757 nisi
1677 1721 1831 1769 super/ty:

1010 1774 1112 1806 mitem
1124 1764 1153 1804 el
1160 1777 1308 1813 quietum,
1315 1779 1344 1805 el
1351 1764 1525 1806 treiiteittem
1533 1764 1684 1817 sermones
1693 1766 1810 1817 γηεοιξξὶε
1818 1764 1833 1794 Ῡ

1052 1819 1135 1850 Alter
1149 1811 1245 1849 luctus
1269 1823 1313 1850 est
1337 1819 1531 1859 lacrymarum
1553 1818 1629 1852 fons,
1655 1815 1693 1846 de
1723 1811 1830 1853 quibus

1014 1871 1081 1895 Cum
1103 1865 1224 1904 copiose
1238 1863 1327 1895 velim
1344 1864 1492 1894 disserere
1504 1862 1603 1894 verbis
1622 1861 1657 1891 ad
1674 1867 1763 1890 sensa
1777 1865 1830 1886 ex-

1015 1909 1152 1950 plicanda
1167 1909 1321 1940 destituor.
1340 1911 1399 1941 Res
1410 1909 1495 1946 mira,
1513 1912 1542 1940 et
1555 1917 1642 1949 quam
1656 1906 1757 1944 lingua
1772 1910 1834 1933 non

150 1953 293 1984 caelorum
311 1962 348 1984 ex
363 1953 443 1984 luctu
456 1956 688 1993 progeneratum
704 1951 972 1983 solatium.«Ftd05
1014 1959 1110 1996 potest
1132 1955 1225 1985 effari,
1247 1956 1303 1986 per
1320 1955 1421 1985 oculos
1444 1955 1536 1985 ﬂuere
1555 1952 1735 1988 sentiuntur,
1752 1951 1782 1979 et
1798 1955 1833 1996 cit

150 2007 287 2038 namque,
303 1998 469 2029 secundum
480 1998 667 2038 Apostolum,
676 2001 719 2028 est
731 2005 838 2028 rerum
848 2004 972 2036 spcran-
1013 1994 1111 2030 anima
1122 2009 1239 2030 caenum
1251 2004 1438 2040 peccatorum
1447 2000 1547 2030 eluere
1559 1997 1765 2036 intelliguntur
1783 2003 1789 2021 :
1804 1994 1834 2022 et

149 2052 215 2074 rum
227 2042 398 2074 substantia
469 2041 636 2073 Consolatio
652 2051 751 2083 porro,
768 2051 854 2082 quam
868 2041 897 2071 in
910 2041 969 2072 ani-
1009 2045 1040 2076 in
1057 2050 1165 2075 ten-am
1181 2045 1334 2081 cadentes,
1351 2045 1502 2075 ἀωιηοῃθε
1525 2046 1625 2079 urunt,
1648 2051 1682 2072 ac
1698 2041 1832 2083 proster-

152 2088 206 2119 mis
222 2088 390 2127 lugentibus
405 2087 559 2118 illustratio
571 2080 691 2128 spiritus
701 2080 849 2124 conciliat,
859 2087 968 2118 adven-
978 2123 998 2130 ἢ
1011 2094 1096 2127 nunt,
1112 2090 1301 2130 animamque
1316 2080 1332 2120 e
1347 2089 1471 2119 vinculis
1484 2087 1597 2128 peccati
1613 2080 1834 2130 inaspectabili-

151 2137 196 2164 tus
211 2123 267 2164 Dei
279 2137 334 2170 est,
352 2132 505 2173 przemium
522 2123 693 2163 certaminis
710 2132 907 2164 humilitatem
925 2132 968 2163 eis

1014 2135 1066 2166 bus
1082 2123 1226 2165 eximunt.
1281 2134 1416 2174 lacrymze
1440 2123 1594 2164 ex'divina
1608 2123 1830 2174 illuminatione

152 2177 274 2218 donans,
288 2187 353 2217 qua:
365 2182 393 2208 et
409 2187 524 2215 semen,
541 2182 569 2208 ct
585 2177 723 2208 talentum
742 2178 968 2208 vocatur.Aucta

92 2243 100 2252 .
151 2222 268 2263 quippe,
282 2225 311 2252 et
326 2222 516 2261 multiplicata
534 2222 564 2252 in
580 2221 652 2262 ipsis
666 2222 842 2252 certantium
858 2221 968 2252 anima-

152 2267 214 2302 bus,
241 2266 348 2306 partim
378 2267 574 2302 tricesimum,
605 2266 710 2306 partim
740 2266 968 2304 sexagesimum,

151 2311 253 2352 partim
274 2311 469 2348 centesimum
485 2311 547 2342 Deo
563 2312 687 2342 fructum
709 2311 763 2342 fert
781 2311 823 2351 66,
840 2312 968 2342 fructum

150 2360 281 2387 sanctum
298 2355 521 2392 charismatum,
538 2366 573 2387 ac
588 2356 733 2386 donorum
755 2356 892 2396 Spiritus:
910 2356 967 2388 Ubi

152 2400 228 2432 enim
240 2410 299 2431 non
313 2400 409 2431 fucate
420 2401 471 2431 sed
489 2411 556 2432 vere
568 2401 688 2431 humilis
699 2411 732 2432 ac
741 2401 888 2432 demissus
899 2402 967 2432 ani-

152 2455 224 2482 mus,
241 2445 282 2476 ibi
298 2445 385 2476 etiam
404 2445 576 2476 humilitatis
592 2445 728 2476 fundum.
750 2445 850 2484 Et,ubi
867 2446 967 2477 humi-

151 2489 225 2525 litas,
242 2489 282 2520 ibi
304 2489 483 2520 illuminatio
500 2489 629 2530 spiritus.
645 2489 701 2521 Ubi
717 2490 838 2530 spiritus
853 2490 966 2522 illumi-

150 2534 239 2570 natio,
263 2534 304 2564 ibi
329 2534 564 2565 divini‘luminis
592 2535 687 2574 copia,
713 2539 742 2565 et
766 2535 845 2566 Deus
867 2535 897 2566 in
917 2546 967 2567 sa-

153 2578 260 2619 pientia
285 2582 314 2610 et
329 2579 501 2618 cognitione
513 2580 718 2619 mysteriorum
736 2580 810 2620 ejus.
827 2580 881 2612 Ubi
899 2590 968 2612 vero

153 2623 224 2661 hac,
252 2623 294 2654 ibi
314 2633 438 2663 regnum
465 2626 620 2663 ctelorum,
645 2629 673 2655 et
687 2625 771 2663 regni
787 2626 925 2665 cognitio,
944 2632 973 2657 et

152 2667 314 2699 absconditi
328 2668 457 2700 thesauri
474 2669 606 2700 scientia“:
619 2669 684 2708 Dei,
710 2669 738 2700 in
761 2670 867 2711 quibus
884 2672 972 2702 etiam

153 2718 312 2754 paupertas
325 2713 450 2754 spiritus
462 2715 596 2754 patescit.
610 2715 666 2746 Ubi
678 2719 776 2746 autem
792 2717 973 2756 paupertatis

186 2810 218 2836 64
231 2811 337 2843 Matth.
356 2822 386 2850 v,
403 2813 433 2844 ὅ.
474 2811 507 2839 65
521 2812 616 2846 Hebr.
633 2821 675 2852 x1,
694 2813 722 2845 1.

765 2813 797 2838 66
811 2813 912 2847 Matth.
929 2823 991 2853 χιιι,
1009 2814 1027 2847 8
1043 2824 1114 2857 seqq

1008 2179 1215 2215 scaturientes,
1234 2170 1352 2210 uelum‘
1369 2178 1465 2218 ipsum
1484 2179 1663 2210 reserantes,
1686 2176 1715 2203 et
1730 2170 1834 2220 divina

1010 2223 1084 2254 mihi
1110 2223 1213 2254 solatia
1230 2224 1378 2264 parientes
1394 2233 1400 2254 :
1417 2222 1525 2253 iterum
1547 2219 1657 2261 quippe
1671 2222 1705 2264 et
1720 2222 1831 2264 ξξιξριυε

1010 2268 1114 2299 eadem
1131 2277 1192 2307 prae
1203 2261 1360 2304 suavitate,
1374 2271 1403 2298 et
1416 2265 1565 2298 desiderio
1580 2265 1658 2295 dico.
1671 2261 1727 2294 Ubi
1741 2261 1834 2309 lacrjf

1013 2303 1244 2352 marum-copia,
1263 2303 1379 2349 fratres,
1407 2321 1474 2344 cum
1502 2309 1670 2350 cognitione
1691 2315 1773 2352 vera,
1789 2303 1832 2352 ibi

1009 2357 1095 2388 etiam
1114 2350 1205 2388 divini
1222 2357 1342 2387 luminis
1359 2356 1520 2396 splendor;
1538 2353 1588 2384 ubi
1607 2352 1727 2383 luminis
1743 2350 1833 2389 hujus

1009 2402 1165 2442 splendor,
1189 2401 1227 2432 ibi
1249 2401 1325 2432 bona
1340 2395 1531 2441 suppeditant
1552 2398 1666 2433 omnia,
1685 2401 1713 2426 et
1730 2395 1831 2442 signa-

1010 2441 1108 2477 culum
1126 2450 1218 2477 sancti
1234 2446 1361 2486 Spiritus
1377 2446 1522 2486 plantatur
1537 2444 1566 2474 iu
1583 2442 1686 2478 corde,
1706 2441 1787 2471 unde
1803 2442 1834 2468 et

1011 2501 1115 2522 omnes
1129 2492 1194 2522 vita;
1208 2491 1321 2522 fructus
1333 2491 1516 2521 exoriuntur.
1531 2489 1606 2520 Hinc
1621 2487 1738 2518 Christo
1755 2494 1834 2516 man-

1011 2536 1135 2567 suetudo
1149 2536 1329 2576 producitur,
1349 2545 1414 2575 pax,
1431 2535 1628 2573 i-leemosyna.
1652 2529 1833 2570 compassio,

1012 2575 1186 2621 benignitas,
1201 2581 1328 2621 bonitas,
1344 2575 1726 2621 ﬁdes,'contineutia.Hinc
1735 2580 1834 2621 manat

1013 2619 1149 2657 inimicos
1173 2626 1308 2665 diligere,
1323 2619 1363 2656 'et
1380 2634 1431 2665 pro
1451 2623 1510 2654 illis
1525 2631 1621 2658 orare,
1639 2620 1769 2665 gaudere
1784 2619 1833 2649 in-

1013 2664 1238 2707 tentationibus,
1263 2664 1386 2710 gloriari
1400 2670 1428 2700 in
1446 2666 1696 2703 tribulationibus,
1717 2664 1832 2695 alienos

1013 2717 1113 2757 lapsus
1130 2717 1239 2747 ducere
1259 2709 1339 2753 suos,
1356 2719 1384 2746 et
1398 2715 1509 2745 deﬂere
1526 2717 1663 2752 tanquam
1680 2709 1827 2751 proprios,

1168 2815 1199 2840 θτ
1222 2815 1286 2847 Act.
1305 2823 1333 2853 v,
1351 2815 1400 2847 41.
1443 2812 1476 2838 68
1490 2810 1545 2843 Isa.
1562 2818 1645 2848 LXVI,
1662 2810 1691 2844 2.
