1983 3072
244 188 305 224 403

895 188 1086 224 SYMEONIS
1106 189 1282 225 JUNIORIS

1879 193 1940 226 404

243 261 300 296 tes,
317 267 413 299 eaque
428 257 632 290 custodientes
647 267 681 290 ac
696 258 853 298 facientes,
871 269 925 300 per
938 263 1071 301 apertam
1082 268 1103 288 Α
1114 268 1172 300 que
1186 259 1218 290 in
1233 259 1306 300 ipsis
1319 262 1365 291 est
1388 260 1512 300 gloriam
1532 261 1656 301 mystice
1679 261 1940 292 demonstrantem

243 311 356 341 arcam,
369 302 406 334 de
419 312 477 344 qua
493 303 584 334 locuti
601 312 716 341 sumus,
736 303 765 335 id
782 308 837 345 est,
854 314 908 345 per
918 305 1072 336 revelatio-

242 357 314 380 nem
328 347 561 387 intelligibilium
590 348 756 388 oculorum,
779 349 887 380 intuitu
915 349 945 380 in
972 349 1071 380 divina

243 392 399 434 Scriptura
409 392 561 424 latentium
575 392 657 433 digni
678 392 838 430 habentur,
854 397 882 424 et
897 393 934 425 iis
947 393 1070 434 largiter

242 438 392 469 fruuntur.
408 437 512 469 Caeteri
523 438 623 477 omnia
638 447 703 478 qua;
724 438 834 479 scripta
849 443 919 470 sunt
932 439 1070 479 imperite

242 482 425 520 nescientes,
434 492 535 514 eorum
542 482 731 514 dulcedinem
739 483 826 514 vitam
838 487 978 514 aeternam
985 493 1069 514 com-

243 528 422 569 plectentem
449 537 508 558 non
537 532 737 568 gustaverunt,
763 528 819 559 soli
850 527 1068 569 Scripturarum

242 572 387 604 doctrina;
396 572 569 613 innitentes,
577 582 652 613 quos
663 573 726 614 ipsa
736 573 766 604 in
779 573 869 614 exitu,
884 575 1067 614 magisquain

244 627 295 649 eos
307 617 358 658 qui
370 617 492 649 omnino
503 627 562 648 non
576 618 745 656 audierunt,
760 618 940 658 judicatura,
954 622 983 649 et
993 628 1067 649 con-

243 663 421 694 demnatura
435 666 490 693 est.
507 662 549 694 Ex
564 662 611 694 his
623 664 702 694 enim
713 662 833 703 quidam
846 667 989 701 errantes,
1007 672 1068 694 om-

243 717 298 739 nes
313 707 427 738 divinas
456 706 624 748 Scripturas
640 711 821 748 pervertunt,
839 717 888 739 eas
904 708 1068 739 secundum

244 762 349 794 pravas
363 752 494 793 ipsorum
519 752 697 793 cupiditates
719 752 963 793 interpretantes,
985 762 1069 784 com-

245 797 389 828 mendare
403 797 535 828 volentes
551 797 665 838 seipsos
679 807 687 836 ;
715 797 800 838 quasi
824 797 964 828 nimirum
980 798 1068 828 etiam

245 842 310 873 sine
334 846 471 874 accurata
495 841 701 873 mendatorum
717 841 841 880 LChristi
864 841 1070 873 observatione

1111 303 1259 336 habuerit.
1277 307 1382 345 Neque
1394 305 1450 336 hoc
1461 306 1570 346 solum,
1582 306 1634 337 sed
1647 306 1735 337 etiam
1746 305 1775 336 in
1786 306 1832 336 his
1845 306 1941 336 laten-

1111 349 1162 387 tia,
1181 353 1209 380 et
1222 352 1335 382 aeterna
1351 350 1404 382 Dei
1419 350 1506 386 bona,
1525 360 1591 381 cum
1607 350 1672 392 ipsa
1687 351 1749 382 haec
1765 350 1939 381 eﬂ‘undente

1110 394 1225 425 Deitate
1233 395 1428 427 revelantem:
1441 405 1506 436 quae
1517 395 1655 427 omnibus
1668 395 1938 435 contemptoribus,

1111 443 1140 470 et
1155 440 1421 479 negligentioribus
1445 445 1547 481 operta
1563 445 1594 472 et
1607 441 1734 472 obscura
1749 444 1819 472 sunt
1834 440 1937 471 omni-

1112 484 1219 515 modis.
1235 484 1294 516 Nec
1312 485 1432 525 injuria.
1449 485 1523 522 Quia
1538 486 1617 517 enim
1627 496 1734 517 sensus
1747 495 1818 517 suos
1831 494 1939 516 omnes

1110 529 1214 560 mundi
1241 530 1418 561 vanitatibus
1444 531 1617 568 afﬁxerunt,
1648 535 1676 561 et
1700 530 1939 571 jucunditatibus

1109 573 1186 614 vitm,
1197 584 1413 615 corporumque
1419 575 1641 615 pulchritudine
1647 575 1939 614 afficiuntur,animze

1110 618 1229 649 videndi
1240 620 1409 650 facultatem
1421 621 1880 660 caliginosaincircumferentes,
1894 620 1938 650 in-

1111 663 1321 695 enarrabilium
1333 665 1478 696 bonorum
1492 665 1663 705 elegantias,
1676 666 1713 696 ad
1733 675 1808 706 quas
1819 665 1938 696 intelli—

1111 709 1210 748 gentia
1225 712 1412 749 penetratur,
1428 709 1539 741 intueri
1553 715 1716 752 nequeunt.
1733 711 1770 742 Et
1784 709 1938 751 quomodo

1111 753 1158 784 cui
1173 753 1278 784 obtusa
1293 757 1339 784 est
1353 754 1433 785 acies
1457 755 1622 794 oculorum,
1649 765 1706 787 nec
1723 755 1827 786 leviter
1842 759 1940 795 potest

1111 798 1260 838 puriorem
1286 798 1356 829 solis
1380 799 1496 830 radium
1524 800 1667 840 aspicere,
1692 800 1745 831 sed
1761 799 1786 831 si
1801 801 1831 830 in
1850 799 1937 830 illum

1111 842 1211 873 oculos
1235 842 1381 880 intendat,
1411 845 1508 875 statim
1533 855 1620 885 quem
1650 845 1752 876 habuit
1780 848 1937 885 aspectum

245 888 371 933 salutem
385 887 520 933 adepturi
536 887 606 925 sint,
620 887 758 933 virtut_em
774 891 943 933 sanctarum
959 887 1099 933 littera-B
1111 887 1198 927 plane
1211 887 1319 918 amittit
1335 898 1342 918 :
1360 888 1402 919 sic
1419 898 1525 930 nempe
1541 890 1591 930 qui
1611 890 1727 921 vitiatos
1751 889 1842 920 animi
1858 899 1935 919 ocu-

243 942 310 964 rum
327 932 458 963 funditus
481 932 674 971 abnegantes.
699 931 736 962 Et
763 931 880 963 merito.
910 931 1069 972 Obsignata

245 977 338 1015 enim,
358 980 387 1007 et
400 976 510 1017 clausa,
521 986 586 1017 quae
598 975 671 1007 nulli
682 975 850 1007 mortalium
867 986 923 1007 nec
938 977 998 1008 visa
1013 987 1069 1008 nec

245 1021 363 1062 cognita
373 1026 454 1059 sunt,
466 1031 483 1053 a
493 1022 556 1052 solo
574 1025 672 1053 autem
689 1024 789 1052 sancto
802 1020 913 1061 Spiritu
927 1026 1067 1060 reserata,

245 1070 275 1099 et
288 1066 329 1097 ita
343 1066 430 1097 nobis
457 1066 599 1103 revalata,
627 1065 763 1106 factaque
777 1065 973 1106 [spectabilia,
990 1070 1019 1097 et
1033 1067 1070 1097 ad

245 1111 485 1152 cognoscendum
502 1111 646 1152 exposita,
663 1111 814 1150 quomodo
845 1111 963 1142 tandem
980 1111 1069 1152 scire,

245 1160 295 1188 aut
305 1165 496 1196 cognoscere,
508 1159 557 1186 aut
568 1156 672 1187 saltem
687 1155 866 1196 aliquantem
882 1156 981 1187 animo
1000 1165 1070 1196 per-

245 1204 373 1233 tractare
390 1204 541 1241 poterunt,
558 1200 609 1241 qui
632 1200 791 1232 adventum
817 1200 911 1231 sancti
930 1200 1070 1241 Spiritus,

245 1246 508 1287 illuminationem,
523 1245 763 1286 illustrationem,
780 1244 1026 1276 inhabitationem
1042 1246 1072 1276 in

246 1291 416 1332 semetipsis
439 1300 589 1331 nunquam
617 1299 649 1322 se
674 1289 846 1330 cognovisse
866 1290 993 1321 dicunt?
1009 1290 1071 1327 Quo

247 1341 331 1378 pacto
347 1336 416 1368 talia
440 1335 579 1377 mysteria
603 1340 809 1376 assequamur,
841 1334 891 1375 qui
922 1345 1072 1375 nunquam

247 1392 370 1423 prorsus
385 1391 451 1413 sese
466 1382 502 1413 ab
523 1381 629 1413 eodem
655 1380 760 1421 spiritu
784 1381 892 1412 iterum
917 1382 1070 1419 conflatos,

247 1431 417 1464 renovatos,
433 1426 617 1465 immutatos,
633 1429 825 1465 regeneratos
853 1425 1072 1457 animadverte-

246 1472 341 1504 runt?
357 1471 441 1509 Quod
456 1471 481 1502 si
495 1471 628 1502 nondum
642 1471 673 1501 in
689 1470 801 1510 Spiritu
817 1474 919 1501 sancto
935 1470 1072 1511 baptizati

248 1520 328 1558 sunt,
344 1516 581 1548 immutationem
597 1515 628 1546 in
646 1524 681 1546 eo
697 1514 908 1555 baptizatorum
923 1516 1071 1555 quomodo

1110 935 1166 972 los,
1183 936 1213 963 et
1227 941 1332 963 sensus
1352 933 1433 973 ipsos
1448 934 1629 966 motionibus
1643 934 1822 966 turbulentis
1838 933 1937 964 obno-

1110 977 1174 1007 xios
1189 976 1289 1014 habet,
1306 977 1371 1008 sine
1395 979 1607 1018 commotione,
1632 980 1765 1020 citraque
1792 979 1938 1010 damnum

1110 1024 1293 1052 venustatem
1304 1022 1538 1063 elegantiamque
1554 1033 1709 1064 corporum
1726 1022 1866 1054 contueri
1882 1032 1938 1053 ne-

1111 1065 1196 1106 quit?
1211 1065 1263 1097 sed
1279 1069 1308 1096 et
1322 1076 1409 1107 quam
1425 1071 1493 1098 ante
1519 1067 1548 1098 id
1579 1071 1699 1109 tempus
1720 1068 1937 1107 cogitationum

1112 1119 1226 1150 pacem,
1254 1115 1283 1142 et
1304 1121 1321 1141 a
1337 1112 1434 1152 pravis
1457 1113 1667 1153 cupiditatibus
1690 1113 1937 1153 tranquillitatem

1112 1154 1274 1193 obtinebat,
1291 1156 1367 1186 hanc
1382 1157 1475 1197 ipsam
1492 1158 1522 1188 in
1546 1158 1736 1189 meditatione
1751 1158 1876 1189 affectus
1892 1157 1938 1187 sui

1112 1209 1301 1231 commorans
1316 1201 1433 1233 amittit.
1464 1202 1593 1234 Proinde
1622 1213 1677 1234 nec
1698 1203 1938 1234 imbecillitatem

1113 1253 1196 1275 suam
1212 1245 1277 1276 talis
1290 1245 1350 1276 ullo
1367 1247 1454 1277 modo
1477 1257 1655 1287 pernoscere
1681 1252 1786 1288 potest.
1805 1247 1836 1279 Si
1854 1247 1937 1278 enim

1114 1298 1146 1319 se
1158 1293 1249 1320 totum
1261 1296 1402 1330 aegrotare
1414 1291 1472 1324 sibi
1489 1293 1694 1332 persuasisset,
1707 1293 1781 1324 alios
1793 1293 1938 1333 quosdam
1952 1316 1953 1320 η

1114 1333 1190 1378 bene
1205 1334 1303 1365 valere
1318 1336 1503 1374 credidisset,
1530 1342 1559 1368 et
1584 1338 1704 1368 forsitan
1729 1337 1890 1378 aliquando
1906 1346 1939 1367 se

1113 1377 1391 1418 ipsumincusasset,
1404 1381 1621 1421 sequesibimet
1630 1392 1750 1413 causam
1762 1377 1858 1412 morbi
1871 1391 1939 1412 esse

1114 1422 1249 1461 dixisset,
1267 1428 1297 1455 et
1310 1434 1375 1465 qua)
1390 1425 1426 1456 ad
1448 1426 1604 1457 sanitatem
1618 1427 1852 1466 recuperandam
1868 1427 1938 1457 atti-
1952 1443 1955 1446 ‹

1114 1471 1229 1505 nerent,
1240 1468 1339 1499 animo
1347 1474 1523 1510 reputasset.
1535 1470 1618 1501 Nunc
1630 1471 1837 1511 hujuscemodi
1848 1471 1939 1501 homo

1113 1520 1217 1542 omnes
1231 1512 1377 1544 arbitrans
1390 1515 1576 1554 passionibus
1590 1516 1718 1552 deditos,
1736 1525 1769 1546 se
1785 1515 1842 1546 illis
1857 1524 1940 1545 exae—

248 1562 327 1593 scire
337 1564 482 1602 possunt?
496 1560 552 1597 Qui
563 1560 660 1591 denuo
677 1560 737 1590 nati
748 1569 808 1590 non
824 1563 893 1590 sunt
904 1560 1002 1593 denuo
1016 1570 1072 1592 na-
1082 1561 1101 1586 c
1115 1560 1196 1596 quat,
1213 1561 1242 1587 et
1255 1562 1287 1587 ut
1301 1558 1364 1598 ipse
1379 1559 1460 1590 solus
1475 1560 1513 1591 sit
1533 1560 1670 1598 invictus,
1687 1565 1715 1591 et
1730 1560 1868 1591 omnibus
1883 1569 1939 1590 su—
1953 1586 1955 1591 ,

249 1610 348 1638 torum
367 1606 411 1646 (ut
424 1607 464 1638 ait
477 1605 636 1645 Dominus)
659 1614 695 1636 ex
710 1606 783 1644 Deo,
801 1604 931 1645 inquam,
949 1610 978 1637 et
1000 1607 1076 1637 inter

251 1652 329 1684 ﬁlios
343 1651 397 1683 Dei
414 1650 613 1691 ascriptorum
628 1649 753 1691 gloriam
768 1649 917 1690 quomodo
934 1650 1074 1683 videant?

248 1697 305 1734 Qui
319 1697 376 1728 hoc
389 1696 447 1727 sibi
461 1695 634 1734 contingere
663 1695 835 1732 noluerunt,
851 1695 903 1726 sed
918 1695 994 1727 hanc
1009 1697 1074 1736 glo-

249 1742 324 1774 riam
340 1741 511 1782 neglectum
522 1741 650 1779 ivernnt,
660 1740 787 1778 (etenim
801 1744 976 1780 potestatem
992 1750 1077 1773 acce-

247 1790 365 1828 perant,
380 1790 412 1817 ut
425 1785 499 1817 tales
513 1785 629 1826 fierent)
647 1785 695 1816 dic
711 1784 795 1822 mihi,
813 1784 893 1825 quali
909 1787 1079 1826 cognitione

248 1831 432 1872 perspicere,
448 1833 500 1862 aut
514 1829 629 1868 fsaltem
653 1839 772 1870 quoquo
794 1829 882 1860 modo
898 1831 1078 1870 cogitatione

247 1877 408 1908 informare
423 1879 573 1916 poterunt,
589 1874 691 1915 quales
704 1873 748 1904 illi
763 1874 902 1914 appellati
915 1876 1010 1907 sunt?

289 1922 417 1962 Spiritus
432 1925 477 1952 est
491 1921 580 1958 Deus,
598 1921 648 1961 qui
663 1919 718 1951 sub
741 1923 893 1960 aspectum
909 1930 968 1952 non
983 1921 1077 1958 venit,

249 1966 438 2004 immortalis,
456 1966 637 2003 inaccessus,
654 1964 923 2005 incomprehensus
937 1976 944 2002 ;
959 1970 989 1997 et
1006 1966 1079 1998 tales

249 2012 350 2050 etlicit,
365 2021 403 2044 ex
415 2021 449 2043 se
464 2015 559 2049 natos,
576 2010 690 2042 similes
706 2010 781 2051 patri
796 2020 862 2049 suo,
879 2021 896 2042 a
910 2021 968 2052 quo
984 2009 1078 2052 geniti

249 2060 330 2095 sunt,
339 2065 465 2097 corpore
476 2056 540 2087 solo
553 2065 617 2086 com
623 2055 851 2095 prehensibiles,
863 2061 892 2087 et
902 2057 1070 2098 aspectabi-

1117 1602 1229 1641 perior,
1245 1602 1487 1645 fierineutiquam
1506 1615 1591 1646 posse
1605 1610 1745 1637 autumat.
1764 1605 1838 1641 Quid
1855 1605 1913 1635 hoc
1924 1608 1938 1636 ?

1117 1650 1149 1677 ut
1164 1656 1222 1678 una
1235 1657 1301 1678 cum
1317 1649 1452 1689 improbo
1479 1651 1584 1682 affectu
1610 1660 1662 1682 suo
1679 1649 1940 1685 moriaturmiser,

1116 1691 1153 1722 ab
1169 1691 1225 1722 hoc
1240 1693 1317 1723 malo
1333 1693 1454 1725 liberari
1477 1695 1638 1735 refugiens.
1656 1695 1688 1726 Si
1701 1695 1780 1725 enim
1796 1695 1940 1725 voluisset

1120 1736 1251 1775 liberari,
1268 1737 1422 1777 potuisset,
1439 1743 1539 1780 utpote
1561 1740 1611 1781 qui
1636 1750 1653 1771 a
1676 1741 1737 1771 Deo
1764 1743 1941 1780 potestatem

1119 1786 1284 1822 acceperat.
1301 1782 1476 1824 Quicunque
1491 1785 1571 1816 enim
1588 1785 1618 1815 in
1634 1785 1755 1815 nomine
1769 1785 1833 1824 ejus
1849 1783 1943 1824 bapti-

1118 1835 1183 1857 smo
1198 1827 1291 1858 abluti
1307 1837 1419 1865 sumus,
1450 1830 1626 1871 praeteritam
1642 1829 1855 1869 ignobilitatem
1870 1838 1941 1859 cor-

1117 1872 1275 1911 ruptionis,
1291 1876 1322 1903 ut
1338 1873 1544 1905 vestimentum
1560 1879 1641 1906 vetus
1654 1875 1791 1911 exuendi,
1810 1878 1838 1905 et
1852 1874 1939 1904 Chri-

1120 1920 1198 1946 stum
1213 1917 1457 1957 superiuduendi,
1476 1928 1509 1949 ac
1526 1920 1601 1950 filios
1625 1919 1679 1950 Dei
1702 1929 1756 1950 nos
1771 1918 1942 1959 appellandi

1120 1963 1324 1993 auctoritatem
1338 1962 1374 1993 ab
1391 1973 1426 1994 eo
1441 1964 1592 1995 consecuti
1604 1974 1716 1995 sumus.
1730 1963 1837 1995 Verum
1849 1964 1940 2001 absit,

1119 2005 1236 2044 fratres,
1248 2011 1279 2038 ut
1293 2008 1332 2038 ita
1348 2009 1469 2046 affectis,
1486 2014 1514 2040 et
1530 2010 1597 2040 talia
1611 2009 1796 2050 sapientibus
1804 2009 1942 2049 captivis,

1120 2059 1154 2081 ac
1172 2051 1299 2082 terrenis
1322 2053 1436 2085 similes
1464 2055 1634 2086 evadamus.
1658 2055 1814 2093 Contingat
1839 2059 1941 2085 autem

249 2103 306 2141 les,
318 2096 424 2134 caetera
438 2101 493 2133 soli
503 2101 563 2132 Deo
585 2101 730 2140 cognitos,
752 2103 781 2130 et
795 2101 891 2132 solum
907 2096 1002 2133 Déum
1019 2112 1072 2134 co-
1113 2096 1198 2136 sequi
1210 2096 1371 2135 Christum,
1387 2099 1437 2138 qui
1458 2104 1559 2130 nostra
1574 2109 1661 2131 causa
1686 2104 1819 2130 mortuus
1835 2103 1892 2133 est,
1913 2104 1944 2130 et

248 2150 438 2187 gnoscentes,
450 2145 495 2176 vel
508 2145 606 2186 potius
616 2144 701 2176 asolo
709 2145 770 2176 Deo
776 2146 916 2185 cognosci
926 2147 1056 2179 volentes

1130 2142 1287 2179 esurrexit,
1301 2146 1329 2173 et
1343 2152 1397 2174 nos
1410 2152 1510 2174 secum
1527 2144 1556 2174 in
1573 2144 1680 2175 coelum
1697 2144 1842 2181 exaltavit,
1856 2144 1941 2184 ejus-

250 2186 288 2224 ad
303 2201 392 2233 quem
407 2195 437 2222 et
451 2199 571 2231 semper
579 2190 742 2230 respicere,
760 2193 790 2220 et
801 2190 837 2221 ab
852 2199 887 2222 eo
902 2192 1011 2232 respici
1021 2193 1073 2224 de~
1084 2205 1106 2231 ι)
1116 2195 1174 2226 que
1186 2186 1319 2233 Vestigiis
1333 2197 1452 2228 semper
1462 2188 1612 2229 insistere,
1632 2189 1762 2229 purgatis
1781 2198 1832 2229 per
1841 2189 1942 2229 paeni-

249 2231 394 2268 siderant.
410 2236 557 2268 Praeterea
569 2235 656 2266 sicuti
673 2238 810 2274 expertes
824 2235 1001 2274 litterarum,
1018 2247 1055 2278 pe

1130 2232 1238 2278 entiam
1252 2231 1351 2278 alabe
1367 2233 1490 2278 peccati,
1522 2243 1556 2265 ac
1585 2235 1787 2273 superindutis
1810 2234 1944 2265 lucidam

249 2281 338 2314 rinde
352 2284 384 2312 ut
396 2289 498 2312 earum
515 2280 600 2319 gnari
619 2279 712 2311 libros
726 2279 827 2319 legere
841 2286 993 2321 nequeunt
1010 2276 1056 2314 {si

1130 2276 1248 2321 unicam
1264 2277 1496 2318 incorruptionis
1518 2278 1649 2318 spiritus,
1680 2279 1710 2309 in
1739 2278 1802 2318 ipso
1824 2278 1944 2310 Christo

250 2335 349 2368 neque
377 2325 429 2367 qui
453 2326 538 2357 factis
567 2334 621 2366 per
645 2320 904 2356 Cbristimaudata
926 2326 1056 2358 ambular

1130 2320 1180 2351 )eo
1195 2325 1308 2368 nostro,
1325 2321 1372 2352 cui
1387 2322 1492 2361 gloria,
1507 2328 1535 2354 et
1546 2323 1704 2363 imperium
1721 2333 1786 2354 cum
1800 2323 1902 2360 Patre,
1916 2329 1947 2354 et

252 2365 425 2414 nol-uerunt,
442 2380 537 2412 aeque,
555 2365 588 2401 ut
604 2371 653 2410 qui
678 2369 751 2410 ipsis
766 2369 968 2409 invigilarunt,
985 2382 1080 2414 eaque
1120 2369 1221 2414 sancto
1233 2365 1343 2406 Spiritu
1359 2377 1437 2414 nunc
1459 2371 1487 2398 et
1499 2377 1627 2408 semper,
1643 2374 1672 2398 et
1686 2368 1832 2408 inpmnes
1845 2377 1946 2399 saecu-

249 2413 460 2459 impleverunt,
477 2409 506 2448 et
520 2425 573 2457 pro
595 2409 633 2445 iis
651 2409 824 2454 sanguinem
840 2425 925 2447 suum
943 2409 1082 2457 profude-
1124 2409 1221 2441 lorum
1230 2415 1339 2443 θείαῑθε·
1352 2412 1458 2444 Amen-

253 2469 335 2501 runt,
351 2461 580 2502 sanctiSpirit'us
589 2459 779 2501 revelatione,
789 2461 913 2492 sicutilli
924 2462 1082 2503 aliquando
1424 2459 1565 2503 ΟΒΑΤῙΟ
1581 2460 1642 2493 XX.

252 2509 465 2550 dignabuntur.
477 2501 552 2538 Nam
566 2505 697 2537 utliomo
710 2505 921 2545 acceptolibro
933 2501 1082 2546 clauso,et
1128 2539 1227 2550 nim
1266 2549 1270 2550 γ
1316 2543 1350 2550 ν,
1400 2501 1664 2550 ,ᾼΠθΕΨὲΨΕΜῃ
1693 2543 1698 2549 .
1723 2542 1742 2550 .,
1777 2541 1782 2546 -
1813 2544 1846 2550 ,.
1874 2542 1893 2550 ..

253 2539 429 2595 ἔίἕὲἐίοςῖη
444 2539 479 2584 έο
507 2550 618 2592 scripta
648 2550 750 2581 videre
771 2539 823 2595 a'ut
849 2552 947 2592 qualia
972 2539 1081 2595 scribis;
1122 2539 1949 2595 οεηεέιέῑυέκξεξᾶι’ῖέἐέξξεεξφςίίξῑίέεςὲιῖιῑίέίιὶξιῑείξῑίίςιτῖξ

252 2579 324 2636 εἱξι,
336 2579 465 2638 οοὲίιειιθ
475 2596 545 2636 non:
563 2579 669 2636 potest,
686 2594 817 2635 quandiu
831 2579 908 2627 liber
922 2579 1056 2630 claususri

1163 2579 1370 2638 ante'mortelm
1384 2579 1606 2638 viviﬁcalmors,
1620 2579 1885 2638 az'remor'tiﬁcutjo
1899 2587 1950 2628 :_ct

253 2621 311 2631 ω...
336 2621 370 2630 νν
392 2621 536 2629 ..μ-νη-.-
584 2621 669 2633 νην,
709 2621 817 2626 πη.-
831 2621 902 2627 .--η
923 2621 1056 2630 cum.”

253 2621 451 2685 sign’atugjest,
465 2621 654 2682 quaiitiimvis
664 2621 832 2672 uiiiversam
849 2642 953 2673 mundi
965 2643 1056 2683 sapiet

253 2690 323 2703 1:-..
341 2687 478 2703 .I:.l:-n-:o
491 2697 498 2703 .
517 2686 559 2703 ..ζι-
584 2694 682 2703 nan-un
698 2684 746 2703 nn:
769 2694 880 2703 ειη-..ηι-
899 2687 1056 2703 οπως-,ιμωω

1164 2621 1218 2660 gm‘
1234 2622 1267 2652 in
1280 2622 1384 2661 gratia
1400 2621 1493 2662 supra
1505 2624 1599 2662 legem
1614 2624 1679 2661 jam
1693 2626 1774 2658 sunt,
1785 2629 1834 2652 eos
1849 2621 1951 2653 div-ini

1164 2661 1289 2703 tuminis
1302 2663 1437 2701 gratiam
1453 2663 1485 2693 in
1501 2663 1604 2703 seipsis
1623 2664 1771 2702 accipere.
1793 2661 1880 2703 Quod
1895 2664 1952 2701 qui

253 2690 326 2722 tiam
339 2687 498 2720 didicerit:
516 2687 560 2717 sic
584 2694 683 2726 neque
697 2687 748 2726 qui
768 2694 881 2716 sacram
898 2687 1056 2728 Scripturai

253 2739 346 2766 totam
358 2733 390 2764 in
405 2741 457 2764 ore
480 2731 580 2769 habet,
603 2734 635 2762 ut
659 2729 842 2768 dicebamus,
869 2732 1056 2771 mysticam,t

1162 2701 1196 2732 in
1202 2701 1257 2733 hac
1266 2687 1328 2733 υίῗα
1336 2703 1442 2743 adepti
1449 2687 1582 2734 nondurm
1590 2706 1673 2742 sunt,
1684 2687 1782 2742 iraeque
1832 2687 1951 2741 liquido

1165 2745 1302 2771 cernunt.
1313 2751 1362 2771 eos
1376 2743 1476 2771 adhuc
1495 2743 1549 2771 sub
1569 2743 1677 2771 umbra
1692 2743 1767 2771 leuis
1782 2750 1853 2771 esse.
1871 2745 1897 2771 et
1912 2744 1951 2771 ab

572 2756 580 2769 Ξ
605 2756 635 2762 ’⁵⁷
661 2756 842 2768 “⁹“¹ν”“”“”“““”1
869 2756 1034 2772 “”¹.1”¹”¹ν“⁶¹¹¹,

254 2743 346 2766 "nam
358 2743 390 2764 In
405 2743 457 2764 ore
480 2743 582 2782 naue".
603 2743 635 2762 ιη
659 2743 842 2781 ωθθυδῖξωξι
869 2743 1034 2781 [Pysucami
1051 2743 1080 2764 e‘
1165 2745 1302 2779 cernunt,
1313 2751 1362 2773 80$
1376 2743 1476 2774 adhuc
1495 2743 1549 2774 sub
1569 2743 1677 2774 umbra
1692 2743 1767 2781 legis
1782 2750 1853 2779 esse,
1871 2745 1897 2773 ct
1912 2744 1952 2774 ab

254 2778 386 2811 diVinam
400 2777 539 2822 ῧῙοΓίθξη,
556 2778 758 2822 νιτιριθωςιμθ
780 2784 811 2806 ιη
827 2783 901 2822 ιρξιε
916 2781 1085 2822 contectam
1166 2791 1202 2813 ea
1212 2783 1386 2822 judicatum
1397 2784 1448 2814 iri.
1467 2783 1723 2821 Quemadmodum
1735 2782 1839 2822 ﬁdeles
1850 2781 1953 2822 Spiri-

254 2829 355 2864 nosee,
371 2826 400 2853 et
412 2820 584 2863 perSpicere
596 2820 756 2861 aliquando
777 2820 896 2861 poterit,
912 2820 971 2852 nisi
986 2821 1086 2854 omnia

1167 2827 1229 2855 tum
1240 2826 1390 2861 sanctum,
1399 2825 1645 2857 sanctimoniam.
1664 2823 1950 2864 perturbationum-

253 2869 311 2903 Doi
325 2868 475 2906 mandata,
491 2876 528 2899 ea
549 2865 694 2898 servando
715 2866 801 2907 quasi
825 2868 1038 2909 peragraverit,
1055 2871 1086 2901 et

254 2913 441 2948 Paracletum
456 2919 545 2945 sensa
552 2910 609 2951 illi,
617 2913 650 2944 ut
660 2910 770 2944 librum
783 2911 982 2953 aperientem,
997 2922 1081 2954 quae-

1165 2872 1223 2904 que
1234 2866 1419 2896 vacuitatem
1433 2865 1665 2896 nanciseantur.

1164 2909 1360 2943 Scrutamt'm‘
1370 2910 1557 2953 Scripturaa,
1569 2910 1666 2954 inquit
1673 2911 1857 2943 Dominusac
1868 2911 1951 2944 Deus
