1983 3072
54 162 124 196 405
800 162 879 195 ORA‘

933 162 1017 193 lXX
1695 161 1754 195 406

45 234 163 262 noster
176 230 264 262 Jesus
278 231 453 262 Christusﬁ
466 256 473 268 ,
490 235 523 262 ut
550 235 618 262 ante
642 231 742 262 omnia
769 230 1058 262 scilicetAmentum
1070 228 1175 260 vivetis
1192 237 1199 260 :
1220 228 1276 260 Ubi
1304 229 1385 260 enim
1409 228 1540 269 spiritus
1555 227 1683 260 Domini
1697 232 1754 267 est,

44 275 129 306 viam
149 275 254 306 salutis
269 274 440 307 doceamur.
456 275 570 306 Deinde
586 275 675 306 etiam
690 275 721 306 in
736 274 884 307 mandatis
924 272 1030 313 inquit,
1044 273 1087 304 ibi
1099 272 1286 314 libertas“,
1310 272 1432 304 libertas
1446 281 1482 303 ex
1497 271 1686 312 subiectione
1698 272 1753 304 sub

45 320 117 360 ejus
135 320 213 351 citra
239 320 465 352 conversionem
492 324 610 361 peracta
635 319 694 361 via,
724 320 761 351 ad
789 320 883 361 ipsam
924 316 1021 357 legem
1037 326 1091 358 per
1106 316 1215 348 omnia.
1230 318 1292 349 Lex
1304 316 1414 358 quippe
1427 316 1557 354 duxviaa,
1574 320 1603 348 et
1620 317 1754 357 pedago-

45 364 224 395 animarum
244 369 411 396 nostrarum
434 360 556 396 salutem
580 360 885 405 perveniamus.rQuae
925 370 989 401 gUS,
1009 361 1265 402 etmanuductrix,
1280 365 1310 393 et
1326 360 1465 402 magistra
1479 361 1604 401 justitia
1615 365 1671 402 est,
1683 361 1754 393 dum

47 411 99 440 est
115 409 210 449 igitur
220 409 299 440 salus
317 409 441 441 nostra?
455 410 540 441 Jesus
549 410 695 448 Christus,
717 410 747 441 id
761 409 841 450 quod
857 414 886 440 et
926 406 1009 442 dicit,
1021 406 1078 436 hoc
1092 409 1125 450 et
1148 405 1205 437 hoc
1228 405 1330 437 facies.
1347 405 1449 450 Gratia
1472 410 1571 437 autem
1592 410 1622 438 et
1645 405 1754 438 veritas

48 454 182 500 angelus
194 453 362 500 pastoribus
374 458 472 485 astans
487 454 684 495 praedicabat:
702 449 781 486 Ecce
791 463 884 486 evan-
927 459 986 500 11.011
1002 449 1058 480 ila:
1076 449 1128 500 ﬁed
1139 450 1361 500 quomodozet
1371 449 1462 500 facies
1476 450 1753 500 omnia,_etloque-

46 499 157 538 gelizo
169 493 253 530 vobis
260 499 406 540 gaudium
418 493 570 539 mugitum,
583 500 664 540 quod
671 500 729 531 erit
738 499 822 531 omni
835 507 887 540 ρο·
926 494 968 540 ris
979 494 1143 540 secundum
1160 495 1259 540 datam
1281 493 1344 532 libi,
1352 497 1392 540 ξι
1406 493 1578 535 loquentem
1593 494 1624 526 in
1636 498 1667 526 te
1681 504 1750 536 gra-

45 543 137 582 pulo,
153 544 227 584 quia
238 538 334 574 italus
345 547 400 581 est,
415 538 499 575 vobis
513 538 600 575 hodie
610 544 762 582 Salvator,
775 538 887 584 qui-est
927 539 1008 576 tiam,
1024 538 1255 584 Sicuiscriplum
1267 542 1328 571 est:
1344 539 1386 571 ΕΙ
1396 543 1487 571 erunt
1501 548 1602 571 omnes
1612 540 1755 572 docibiles

47 587 686 628 ChristusDominus,incivitateDavid'ﬁ.
700 583 886 620 Festinemus
926 584 1017 616 Dei“
1032 594 1040 622 ;
1057 593 1117 615 non
1133 592 1187 624 per
1215 583 1383 616 litterarum
1409 587 1505 622 notas,
1532 588 1561 616 et
1575 585 1661 625 signa
1673 585 1754 627 quod

49 631 148 671 igitur
163 632 378 673 unusquisque,
409 633 529 673 dilecti;
558 642 710 664 curramus
733 637 879 671 contente,

933 629 1038 660 bonum
1066 632 1111 660 est
1139 628 1300 667 discentes,
1331 628 1383 660 sed
1409 628 1440 660 in
1467 628 1579 670 Spiritu
1607 634 1709 661 sancto
1722 629 1754 661 id

48 676 126 706 nihil
142 676 256 714 oneris,
270 681 322 707 aut
335 677 371 708 ad
385 677 473 708 vitam
486 677 562 708 hanc
571 677 734 717 pertinens,
749 680 799 708 aut
814 686 886 717 por-
926 673 1024 704 edocti
1040 684 1047 703 :
1065 682 1122 705 nec
1132 673 1162 704 in
1178 673 1267 705 verbo
1279 673 1354 712 solo,
1370 673 1422 704 sed
1434 673 1465 704 in
1480 673 1595 705 lumine
1608 673 1700 706 Verbi
1711 675 1754 706 lu-

51 724 116 751 tatu
131 730 221 761 grave
237 720 392 752 nobiscum
416 725 585 762 gestantes;
601 731 639 753 ne
654 721 692 752 ob
707 722 764 752 hoc
778 721 887 753 lentius
926 718 1155 759 minis_mystice
1172 717 1279 749 divinis
1308 717 1431 750 initiati.
1457 719 1544 750 Tunc
1568 717 1649 750 enim
1671 718 1754 750 vobis

54 765 155 796 coacti
172 766 325 804 incedere,
345 766 491 797 civitatem
511 766 600 798 David
616 766 774 807 attingere,
795 769 879 806 atque

933 763 1010 802 ipsis,
1023 763 1129 804 inquit,
1145 766 1174 794 et
1189 763 1331 804 proximis
1352 762 1489 794 doctores
1501 762 1596 801 eritis,
1611 772 1709 805 neque
1723 763 1754 795 id

51 809 177 849 ingredi
194 819 253 842 non
270 811 427 851 possimus.
444 809 574 842 Obsecro
599 820 664 848 vos,
688 819 742 850 per
757 819 886 851 operan-
926 809 1034 846 solum,
1052 807 1105 839 sed
1122 812 1151 839 et
1176 808 1226 839 lux
1251 807 1396 839 mundi”
1409 832 1417 846 ,
1442 811 1471 839 et
1486 807 1533 842 sal
1544 809 1672 840 terra!“
1683 831 1691 840 .
1707 807 1756 841 Illi

50 858 116 885 tem
138 854 170 885 in
186 854 274 885 nobis
283 857 419 894 gratiam,
436 864 474 886 ne
491 855 616 886 salutem
632 859 762 886 nostram
778 855 809 885 in
825 855 880 885 mi-
895 874 915 899 Β
926 862 996 892 ergo
1025 858 1093 885 ante
1122 853 1245 894 gratiam
1269 853 1350 899 velut
1379 853 1433 885 sub
1457 854 1525 894 lege
1540 858 1639 894 erant,
1655 857 1685 887 et
1699 854 1754 887 sub

51 898 146 930 nimis
174 899 318 930 ducamus

51 944 245 984 arrogantiae,
261 944 463 985 socordiaeque
479 944 688 985 expergefacti,
705 953 743 975 ne
758 948 881 981 stemus,

51 997 110 1018 nec
126 988 298 1025 sedeamus,
323 988 419 1020 donec
444 996 525 1020 extra
553 989 632 1019 hunc
661 988 805 1019 mundum
823 992 882 1019 toto

51 1032 154 1062 animo
167 1032 520 1074 simus,Salvatoremque
531 1042 564 1064 ac
576 1033 736 1064 Dominum
748 1036 881 1063 nostrum

52 1077 221 1115 inventum,
236 1082 266 1109 et
281 1083 472 1119 conspectum
493 1079 554 1110 illic
567 1078 755 1119 procidentes
770 1078 879 1109 adore-

54 1131 133 1154 mus.
150 1122 185 1152 Et
201 1132 297 1163 neque
314 1129 376 1153 tum
393 1128 517 1164 stemus,
536 1124 588 1155 sed
609 1123 705 1154 donec
729 1123 778 1154 ille
793 1122 882 1154 nobis

53 1166 134 1198 dicat
148 1177 154 1197 :
173 1167 229 1199 Vos
240 1177 303 1199 non
323 1169 395 1200 eatis
411 1169 446 1199 de
465 1169 521 1200 hoc
534 1169 660 1209 mundo,
676 1168 726 1199 sed
740 1177 793 1208 ego
807 1167 884 1208 elegi

53 1220 106 1243 vos
118 1212 156 1244 de
166 1213 279 1244 mundo
288 1213 339 1244 27-.
357 1213 482 1249 Quinam
496 1218 594 1244 autem
606 1213 713 1254 aliquis
726 1222 760 1243 eo
775 1221 883 1253 perve-

55 1257 127 1294 niat,
141 1261 173 1288 ut
188 1267 246 1288 non
262 1258 300 1288 sit
316 1258 352 1289 de
368 1259 422 1289 hoc
438 1257 571 1289 mundo?
587 1258 612 1289 si
625 1259 756 1298 seipsum
773 1257 883 1288 mundo

55 1302 240 1333 crucifixerit
254 1307 282 1334 et
299 1303 442 1334 mundum
469 1304 499 1334 in
514 1303 627 1344 seipso,
651 1307 683 1333 ut
699 1302 803 1333 Paulus
818 1302 859 1333 ait
874 1307 881 1328 ε

56 1347 130 1378 .lli'hi
145 1348 277 1379 mundus
291 1348 459 1388 cruciﬁxus
480 1352 532 1384 est,
550 1352 578 1379 et
593 1357 646 1388 ego
661 1347 831 1379 mundo”.
848 1347 885 1378 Et

56 1393 204 1432 quomodo
221 1393 284 1424 hac
299 1392 391 1424 verba
406 1403 473 1424 cum
489 1393 546 1424 illis
554 1392 768 1424 consentiunt?
785 1392 885 1424 Verba

56 1436 189 1476 quidem,
211 1437 319 1478 inquit,
336 1438 392 1469 alia
407 1442 486 1475 sunt,
516 1438 559 1468 vis
575 1437 730 1469 amborum
755 1446 814 1468 una
830 1447 883 1468 ea-

348 910 355 929 :
386 900 438 930 sed
467 900 547 931 velut
571 909 588 930 a
609 909 713 930 somno
739 897 912 939 perversae‘
926 898 1031 930 umbra
1046 899 1111 940 ejus
1125 899 1280 930 sedebant.
1297 897 1356 930 Nos
1371 902 1470 930 autem
1494 902 1561 940 post
1584 899 1708 940 gratiam
1722 903 1756 931 ut

923 943 954 974 in
970 944 1094 982 lumine,
1112 948 1141 975 et
1156 943 1205 975 die
1222 943 1385 982 constituti,
1407 943 1444 975 ab
1456 943 1564 975 umbra
1578 953 1633 976 seu
1657 944 1754 976 servi-

923 989 1078 1029 tuteglegis
1093 988 1211 1020 liberati
1227 997 1340 1027 sumus,
1371 988 1541 1030 superiores
1564 988 1681 1021 scilicet
1704 989 1756 1021 illa

923 1033 1002 1074 facti,
1019 1033 1102 1074 quasi
1117 1042 1171 1074 per
1184 1033 1292 1073 gradus
1308 1033 1452 1074 quosdam
1482 1033 1549 1065 vita
1572 1034 1753 1074 evangelica

923 1073 955 1108 in
971 1073 1159 1110 altitudinem
1173 1077 1293 1116 sublati,
1311 1073 1341 1109 et
1363 1087 1431 1109 cum
1456 1077 1627 1117 legislatore
1650 1073 1752 1110 iiven-

926 1126 981 1159 tes,
998 1122 1042 1154 vel
1058 1123 1156 1163 potius
1172 1122 1335 1164 etiamjipsi
1358 1122 1555 1164 legislatores,
1576 1127 1629 1156 aut
1653 1123 1752 1165 legum

925 1167 1076 1199 custodes.

967 1212 1042 1244 Num
1057 1211 1146 1252 igitur
1157 1216 1214 1251 est,
1245 1213 1295 1254 qui
1317 1211 1407 1244 habet
1435 1221 1523 1244 aures
1549 1212 1706 1251 audiendi,
1722 1216 1755 1244 ut

925 1266 1027 1288 eorum
1044 1266 1108 1298 qua;
1122 1267 1139 1288 a
1153 1257 1266 1298 Spiritu
1282 1257 1425 1289 dicuntur
1436 1257 1494 1289 vim
1503 1257 1656 1289 auditione
1664 1261 1754 1299 queat

926 1301 1103 1343 percipere?
1118 1301 1192 1333 Num
1209 1302 1298 1333 etiam
1307 1306 1363 1336 est,
1376 1302 1426 1343 qui
1437 1311 1560 1333 sensum
1568 1301 1679 1333 Christi
1694 1303 1751 1334 ha-

925 1346 1004 1385 beat,
1021 1352 1052 1378 ut
1067 1347 1159 1388 probe
1175 1351 1203 1378 et
1216 1348 1277 1378 Deo
1293 1346 1507 1378 convenienter
1522 1346 1670 1386 intelligat
1684 1356 1750 1388 quas

924 1391 960 1422 ab
970 1401 1004 1422 eo
1015 1391 1126 1433 scripta
1138 1394 1220 1423 sunt?
1226 1391 1301 1422 Num
1313 1391 1403 1422 etiam
1413 1390 1582 1422 invenietur
1589 1391 1749 1433 quispiam,

924 1436 1075 1468 Chiistum
1092 1436 1122 1467 in
1135 1445 1167 1467 se
1181 1436 1246 1477 ipso
1270 1436 1443 1477 loquentem
1464 1435 1590 1474 habens,
1617 1439 1650 1467 ut
1672 1435 1751 1468 bene

57 1481 195 1521 demque.
211 1482 468 1519 Quemadmodum
496 1483 574 1514 enim
598 1482 648 1523 qui
665 1486 746 1513 extra
761 1482 881 1513 domum
892 1497 913 1524 α
926 1482 1018 1523 possit
1033 1481 1142 1523 eloqui,
1158 1491 1223 1523 quae
1237 1481 1335 1513 verbis
1362 1482 1501 1522 leguntur
1515 1481 1679 1523 mysteria?
1693 1481 1750 1514 Sa-

57 1530 110 1561 est,
129 1526 209 1558 intus
224 1527 381 1558 conclusos
398 1537 456 1558 non
472 1527 570 1566 videt;
598 1527 640 1558 sic
657 1526 767 1557 mundo
782 1526 882 1558 cruci-
922 1528 1070 1568 pientiam
1083 1527 1164 1558 enim
1180 1527 1345 1567 loquimur,
1367 1526 1475 1568 inquit,
1491 1535 1554 1558 non
1567 1526 1672 1558 saeculi
1688 1526 1748 1558 ltu-

58 1570 142 1609 iixus,
161 1575 211 1602 aut
226 1573 431 1610 mortiﬁcatus,
450 1582 550 1604 rerum
578 1571 794 1602 mundanarum
810 1581 882 1603 sen-

58 1623 121 1645 sum
134 1616 246 1647 nullum
259 1617 359 1649 habet.
371 1617 497 1648 Rursum
514 1617 600 1648 sicuti
615 1625 723 1657 corpus
734 1620 882 1648 mortuum

59 1668 111 1690 nec
125 1660 199 1700 viva,
211 1671 267 1692 nec
276 1671 376 1693 secum
390 1662 520 1702 jacentia
532 1671 656 1702 corpora
667 1665 782 1692 mortua
793 1662 882 1694 sentit

59 1713 174 1744 quoquo
190 1706 277 1737 modo
295 1717 302 1737 :
321 1707 364 1738 sic
380 1716 435 1738 nec
451 1707 500 1748 qui
517 1711 599 1737 extra
614 1705 757 1736 mundum
772 1705 801 1736 in
819 1708 882 1747 spi-

58 1748 111 1779 ritu
127 1749 180 1780 Dei
195 1755 250 1787 est,
267 1755 296 1782 et
312 1761 379 1782 cum
410 1752 471 1782 Deo
493 1755 548 1787 est,
575 1751 699 1787 mundo,
729 1754 780 1781 aut
793 1750 884 1787 rebus

60 1794 212 1825 mundanis
226 1795 303 1826 afﬁci
321 1800 426 1835 potest.
458 1796 553 1836 Atque
569 1796 620 1836 ita,
637 1795 755 1833 fratres,
774 1799 802 1825 et
815 1799 883 1827 ante

59 1843 179 1869 mortem
196 1849 288 1880 mors,
305 1845 335 1871 et
351 1844 419 1872 ante
443 1849 602 1880 corporum
627 1838 881 1870 resurrectionem

59 1882 218 1914 animarum
234 1885 415 1916 resurrectio
428 1886 458 1916 tit
475 1894 576 1925 opere,
591 1884 709 1920 virtute,
728 1884 883 1924 experien-

62 1926 107 1964 tia,
120 1928 252 1960 veritate.
265 1930 381 1961 Mortali
395 1930 475 1960 enim
487 1929 664 1969 cogitatione
673 1928 709 1959 ab
721 1928 881 1960 immortali

62 1979 145 2002 sensu
160 1972 257 2004 deleta
278 1983 312 2004 ac
335 1974 499 2014 proﬂigata,
527 1978 555 2004 et
585 1973 764 2004 mortalitate
785 1982 802 2003 a
822 1974 882 2005 vita

62 2016 190 2056 etl‘ugata,
217 2018 316 2049 anima
336 2023 395 2048 tum
411 2019 490 2049 velut
504 2028 520 2049 a
536 2018 660 2049 mortuis
676 2017 814 2056 excitata,
832 2027 883 2049 se-

64 2065 116 2091 met
132 2063 342 2094 convenienter
356 2063 435 2094 videt
447 2062 554 2103 (utqui
572 2063 609 2093 de
627 2071 731 2092 somno
741 2071 881 2094 surrexe-

63 2110 136 2144 runt,
152 2108 329 2148 semetipsos
339 2108 535 2148 conspiciunt)
545 2111 574 2138 et
589 2107 681 2138 Deum
697 2116 714 2137 a
730 2117 788 2148 quo
804 2109 881 2139 exci-

66 2151 117 2181 tata
134 2156 177 2182 est
190 2152 342 2192 agnoscit:
359 2162 447 2193 quem
474 2152 655 2192 intelligens,
680 2153 788 2191 gratias
808 2153 878 2194 agit,

65 2195 171 2237 adorat,
187 2200 216 2228 et
230 2197 403 2228 immensam
421 2198 484 2237 ejus
506 2197 669 2228 bonitatem
685 2196 827 2229 dilaudat.
844 2201 882 2232 At

66 2246 128 2271 iero
153 2250 259 2282 corpus
286 2241 322 2272 ad
346 2242 480 2282 proprias
502 2241 678 2282 cupiditates
702 2242 812 2273 nullam
835 2243 879 2274 vel

64 2286 289 2327 qualemcunque
305 2287 540 2327 inspirationem,
568 2290 618 2317 aut
638 2286 813 2325 motionem,
831 2292 881 2319 aut

64 2330 261 2369 cogitationem
276 2331 364 2362 habet
380 2342 386 2361 :
405 2331 457 2363 sed
483 2335 527 2362 est
556 2331 586 2361 in
615 2331 662 2362 bis
685 2335 780 2362 totum
797 2341 880 2363 mor-

64 2375 138 2406 tuum
154 2379 181 2406 et
195 2376 343 2407 exanime.
358 2377 590 2417 Nonnunquam,
608 2375 667 2406 imo
680 2385 769 2416 saepe,
789 2377 879 2408 etiam

65 2426 156 2450 eorum
173 2430 237 2461 quae
246 2421 410 2452 secundum
427 2426 561 2452 naturam
577 2423 655 2460 sunt,
669 2424 790 2461 propter
803 2421 880 2452 assi-

65 2463 142 2496 duam
156 2466 262 2497 animae
276 2466 307 2497 in
336 2466 426 2497 rebus
456 2476 521 2507 qua;
547 2475 636 2506 supra
665 2469 798 2497 naturam
813 2471 881 2498 sunt

67 2511 213 2552 ine-ntalem
229 2512 453 2552 occupationem
474 2520 507 2542 ac
533 2510 664 2542 studium
681 2510 874 2543 obliviscitur.

66 2551 93 2584 Et
101 2560 185 2596 recte,
199 2555 399 2595 inquitenim:
415 2556 533 2595 Spiritu
545 2555 708 2592 ambulate,
722 2559 751 2586 et
762 2555 876 2588 deside-

68 2599 490 2641 riacarnisnonperﬂcieliszii.
509 2601 583 2632 Caro
600 2599 699 2640 igitur,
717 2604 748 2631 ut
764 2600 874 2631 dictum

69 2647 113 2681 est,
130 2654 178 2685 per
192 2645 350 2676 adventum
374 2644 500 2685 Spiritus
525 2646 600 2676 facta
617 2650 744 2682 mortua,
760 2645 874 2685 imper-

71 2689 185 2720 turbatos
199 2689 237 2721 de
251 2694 358 2721 caetero
373 2698 423 2720 vos
438 2689 597 2730 relinquet,
611 2692 642 2721 et
656 2688 730 2719 citra
743 2688 874 2730 impedi-

918 1572 1750 1612 jus,quwevacuatur,sedsapientiaminmysterio,quw

924 1616 1099 1648 abscondita
1113 1616 1197 1647 est-34
1211 1616 1322 1655 multis,
1339 1616 1425 1647 nobis
1439 1619 1538 1647 autem
1554 1615 1647 1656 probe
1661 1625 1750 1649 reve-

925 1661 994 1701 lata,
1014 1665 1044 1692 et
1058 1660 1185 1700 cognita,
1202 1661 1253 1701 qui
1269 1660 1299 1692 in
1322 1660 1428 1692 timore
1455 1660 1509 1692 Dei
1528 1660 1608 1692 velut
1635 1660 1672 1692 ab
1684 1661 1749 1693 ele-

925 1705 1033 1737 mentis
1043 1705 1168 1737 instituti
1188 1715 1302 1742 sumus,
1323 1709 1352 1737 et
1366 1705 1402 1736 ad
1420 1705 1503 1737 illum
1519 1714 1641 1746 semper
1655 1706 1748 1748 respi-

924 1751 1031 1783 cimus.
1048 1750 1112 1781 Non
1138 1750 1217 1781 enim
1243 1750 1322 1792 quod
1345 1750 1496 1782 nescimus
1511 1751 1679 1792 loquimur;
1697 1751 1749 1783 sed

924 1796 1002 1836 quod
1016 1794 1127 1826 scimus
1141 1795 1348 1835 testiﬁcamur,
1361 1796 1501 1837 quoniam
1512 1795 1560 1826 lux
1572 1795 1603 1827 in
1617 1795 1751 1828 tenebris

920 1841 982 1879 jam
998 1841 1118 1872 lucet55
1128 1864 1137 1878 ,
1151 1843 1180 1871 et
1193 1840 1223 1871 in
1240 1845 1338 1879 nocte,
1352 1845 1381 1872 et
1395 1840 1426 1872 in
1436 1840 1497 1878 die,
1509 1844 1538 1872 et
1548 1839 1639 1879 intus,
1657 1844 1687 1872 et
1703 1849 1752 1873 ex-

924 1890 979 1917 tra.
997 1886 1078 1917 lntus
1093 1885 1214 1926 quidem
1235 1885 1266 1916 in
1290 1885 1431 1917 cordibus
1447 1885 1556 1916 nostris
1570 1896 1578 1924 ;
1595 1890 1678 1917 extra
1692 1895 1748 1918 au-

923 1935 981 1961 tem
997 1931 1028 1962 in
1054 1931 1153 1962 animo
1184 1930 1428 1963 circumlustrans
1457 1939 1511 1962 nos
1525 1930 1591 1962 sine
1611 1940 1747 1972 vespera,

922 1975 987 2006 sine
996 1975 1166 2014 mutatione,
1176 1975 1241 2006 sine
1248 1975 1400 2014 varietate,
1410 1975 1476 2006 sine
1490 1975 1596 2015 ﬁgura,
1610 1975 1748 2017 loquens,

922 2029 1060 2061 operans,
1075 2020 1186 2057 vivens,
1204 2023 1232 2050 et
1247 2020 1410 2058 vivificaris,
1435 2023 1465 2051 et
1485 2019 1675 2051 collustratos
1699 2020 1748 2051 lu-

923 2065 1003 2095 mine
1017 2063 1158 2096 reddens.
1170 2063 1232 2095 Nos
1243 2064 1437 2096 testiﬁcamur
1450 2064 1590 2105 quoniam
1603 2063 1682 2096 Deus
1697 2065 1747 2096 lux

922 2112 978 2148 est,
995 2113 1025 2139 et
1039 2108 1090 2149 qui
1105 2108 1187 2148 digni
1211 2112 1280 2139 sunt
1309 2108 1411 2147 habiti,
1442 2112 1475 2139 ut
1499 2118 1567 2139 eum
1595 2109 1745 2147 viderent,

923 2163 1026 2185 omnes
1040 2157 1071 2184 ut
1085 2153 1182 2184 lucem
1198 2153 1347 2191 viderunt,
1362 2157 1391 2184 et
1404 2153 1455 2194 qui
1468 2162 1537 2184 eum
1553 2158 1745 2194 acceperunt,

924 2203 954 2230 nt
983 2199 1078 2229 lucem
1109 2203 1301 2238 acceperunt.
1329 2198 1474 2235 Quoniam
1512 2198 1653 2238 praecedit
1676 2203 1747 2231 ante

921 2243 1004 2274 illum
1020 2243 1120 2274 lumen
1129 2243 1231 2284 gloriae
1245 2243 1337 2282 illius,
1348 2247 1379 2275 et
1393 2243 1459 2275 sine
1474 2242 1587 2274 lumine
1601 2252 1746 2284 apparere

922 2299 980 2320 non
996 2292 1111 2329 potest:
1130 2288 1239 2330 quique
1254 2289 1320 2329 ejus
1333 2289 1432 2320 lumen
1449 2297 1510 2319 non
1523 2288 1671 2326 viderunt,
1689 2298 1745 2321 nec

921 2334 1003 2364 illum
1018 2333 1168 2373 viderunt,
1186 2334 1327 2375 quoniam
1342 2334 1406 2374 ipse
1428 2333 1477 2364 lux
1493 2337 1548 2364 est.
1563 2332 1599 2364 Et
1623 2333 1674 2374 qui
1695 2333 1744 2365 lu-

922 2387 990 2409 men
1003 2387 1061 2409 non
1072 2382 1263 2418 acceperunt,
1276 2379 1407 2410 nondum
1419 2378 1541 2419 gratiam
1552 2382 1744 2419 acceperunt.

921 2422 977 2459 Qui
993 2432 1120 2463 namque
1135 2423 1256 2462 gratiam
1281 2427 1473 2464 acceperunt,
1502 2423 1603 2454 lumen
1630 2422 1684 2454 Dei
1714 2427 1744 2456 et

921 2467 1015 2499 Denm
1029 2472 1219 2508 acceperunt,
1249 2468 1326 2500 sicut
1348 2468 1414 2509 ipsa
1440 2468 1490 2499 lux
1519 2466 1653 2499 Christus
1676 2467 1740 2500 ait:

917 2512 1109 2551 Inhabitabo,
1117 2517 1145 2544 et
1157 2513 1352 2545 inambulabo
1363 2514 1396 2545 in
1402 2514 1446 2545 eis
1457 2512 1485 2535 ³⁸
1497 2537 1504 2544 .
1521 2511 1634 2549 Quibus
1644 2516 1742 2544 autem

917 2557 974 2588 hoc
992 2557 1123 2589 nondum
1135 2558 1270 2599 contigit,
1284 2567 1341 2590 nec
1355 2558 1438 2598 digni
1453 2561 1522 2589 sunt
1532 2556 1637 2596 habiti,
1650 2557 1701 2599 qui
1711 2557 1741 2589 id

917 2606 1159 2643 assequerentur,
1175 2611 1279 2633 omnes
1307 2603 1338 2634 hi
1363 2602 1419 2634 sub
1444 2602 1511 2642 lege
1535 2606 1602 2633 ante
1617 2601 1741 2642 gratiam

916 2650 1087 2685 censentur,
1112 2647 1202 2686 servi,
1225 2656 1440 2689 servorumque
1467 2646 1617 2687 discipuli.
1633 2645 1669 2678 Et
1684 2655 1741 2678 au-

915 2690 1027 2722 ditores
1040 2691 1127 2734 legis,
1152 2692 1266 2723 circum
1291 2692 1429 2724 umbram
1459 2695 1489 2724 et
1511 2695 1614 2733 typum
1642 2690 1741 2724 adhuc

103 2784 129 2810 95
140 2783 269 2826 loanLV,
285 2783 349 2826 ξελ-
377 2782 409 2809 ἓϐ
423 2783 493 2816 Luc.
510 2792 545 2826 ri,
562 2783 681 2826 ιολλιεΖ
720 2781 752 2826 ῗΊ
764 2781 853 2826 ιῐοεη]2
868 2792 879 2826 ξ

934 2785 987 2826 ]9.
1006 2825 1011 2826 γ
1028 2785 1061 2826 38
1088 2785 1182 2820 Galat.
1207 2794 1249 2826 v1,
1266 2786 1316 2818 14.
1357 2786 1388 2813 ³9
1408 2785 1504 2819 Galat.
1527 2786 1625 2826 ν,16.
1665 2786 1699 2812 ³ο
1713 2784 1740 2818 Π

140 2811 269 2869 iiIi-1."
287 2811 493 2869 ξῖςεορειζθιῖ
508 2811 575 2869 is;
584 2811 879 2869 ξξςε-ῇειιιιῇθῖῑέ

933 2811 972 2851 τίτῖ
981 2811 1067 2859 ἰωὰ.
1089 2811 1249 2859 ira?
1265 2811 1332 2860 ei}.
1357 2811 1390 2867 ii,
1410 2811 1524 2860 νσῗἽδ
1535 2811 1636 2860 ’1οὶῖιὶ
1659 2811 1693 2869 ιζ
1708 2811 1738 2860 Ξ

71 2861 183 2897 “Lavit.
199 2873 280 2903 xxvt,
295 2864 354 2902 i2;
372 2863 399 2896 ΙΙ
420 2865 488 2897 Cor.
504 2873 546 2903 Vi,
563 2864 613 2897 16.
