1983 3072
209 141 271 175 ιο7

861 135 1052 171 SYMEONIS
1071 135 1248 170 JUNIORIS

1839 126 1907 159 408

211 207 399 248 oberrantes,
417 206 471 238 ﬁlii
485 206 614 244 ancillae,
635 208 665 237 et
679 204 733 237 filii
748 204 938 236 tenebrarum
953 207 1033 243 sunt,
1045 216 1067 234 Α
1077 200 1528 248 omniqueignominiaundique
1536 197 1743 248 replebantur.
1752 195 1907 248 Necistuc

213 252 275 284 sive
290 252 497 293 imperatores,
515 251 577 282 sive
599 250 786 291 patriarchae,
802 250 864 281 sive
888 249 1033 290 episcopi,

212 297 273 329 sive
288 296 469 335 sacerdotes,
488 296 549 327 sive
573 295 736 337 principes,
753 294 814 326 sive
828 294 966 335 subjecti,
983 303 1035 325 seu

213 342 340 384 profani,
356 351 409 373 seu
424 341 573 379 monachi,
590 350 642 372 seu
657 345 774 378 ascetae,
797 349 848 370 seu
874 339 1033 384 prapositi,

212 382 264 418 seu
280 395 439 427 pauperes,
458 395 510 417 seu
526 385 643 423 divites,
668 394 721 416 seu
749 384 862 424 aegroti,
893 392 945 415 seu
973 382 1036 414 sani

212 431 283 463 sint.
300 430 412 463 Omnes
427 430 519 469 enim,
535 430 586 471 qui
600 430 632 460 in
646 429 778 460 tenebris
794 428 909 466 sedent,
928 432 957 458 et
972 437 1037 468 ρω-

213 476 311 508 nitere
324 476 440 514 nolunt,
450 475 504 506 ﬁlii
515 474 706 506 tenebrarum
724 477 928 505 numerantur.
942 471 1038 504 Poeni-

213 521 309 553 tentia
323 521 470 562 siquidem
486 523 531 551 est
541 520 644 561 janua,
661 528 724 560 qum
746 528 763 549 e
777 517 907 549 tenebris
926 517 1037 553 educit,

213 569 244 598 et
259 565 296 597 ad
310 565 413 597 lumen
428 564 562 596 deducit.
579 564 635 600 Qui
650 563 740 604 igitur
753 563 789 594 ad
805 563 906 593 lumen
921 562 1038 602 ingres-

213 620 264 642 sus
278 620 338 642 non
354 615 410 649 est,
429 610 550 651 januam
577 607 760 650 pmnitentiaa
789 617 848 639 non
878 608 954 639 bene
968 616 1037 648 per-

213 655 340 688 transiit.
357 655 433 687 Nam
449 655 474 686 si
492 654 712 696 pertransisset,
729 653 765 685 ad
780 653 882 684 lumen
897 651 1036 683 venisset.

214 700 270 737 Qui
286 704 383 732 autem
400 709 458 731 non
482 699 617 740 poenitet,
644 702 756 739 peccat,
787 701 946 738 propterea
971 695 1039 737 quia

214 755 275 776 non
290 745 413 786 poenitet
429 753 436 776 :
453 744 571 776 Scienti
586 746 667 775 enim
682 742 803 781 bonum,
817 742 923 782 inquit,
938 744 968 772 et
978 749 1040 772 non

214 791 352 830 facienti,
357 792 513 830 peccatum
521 792 563 821 est
569 787 659 821 illi-37.
667 789 729 819 lam
737 788 789 828 qui
794 787 868 827 facit
871 789 1038 828 peccatum,

1077 241 1202 289 tantum,
1217 241 1271 279 sed
1297 251 1327 278 et
1349 245 1445 277 omnis
1471 243 1631 285 cujuslibet
1646 241 1721 289 actio
1739 251 1792 272 seu
1808 241 1905 280 bona,

1077 302 1130 324 seu
1142 287 1229 333 mala,
1242 291 1339 323 omnis
1354 299 1465 331 sermo,
1482 288 1580 320 omnis
1594 287 1731 326 cogitatio
1747 296 1907 333 comment

1079 338 1207 378 tatioque
1222 330 1257 368 ab
1273 337 1337 377 ipso
1353 330 1499 376 cujusque
1514 338 1580 365 ortu
1595 332 1743 369 videlicet,
1756 341 1855 378 usque
1864 330 1905 361 ad

1079 377 1214 413 ultimum
1231 381 1354 412 halitum
1370 380 1431 411 illic
1447 379 1595 411 collectim
1612 378 1642 408 in
1653 386 1832 417 unoquoque
1849 377 1907 407 ho-

1080 427 1194 458 minum
1209 426 1374 467 apparebit.
1393 427 1428 456 Et
1441 434 1544 466 quam,
1561 432 1672 464 quaeso,
1686 423 1801 456 fratres.
1817 422 1907 461 igno-

1080 472 1202 502 miniam
1219 481 1285 502 cum
1301 471 1366 506 hac,
1382 479 1447 510 quae
1470 479 1538 500 vere
1564 468 1625 499 sola
1652 473 1697 499 est.
1723 467 1903 507 ignominia,

1080 520 1149 547 tunc
1174 514 1437 557 comparabimus?
1458 518 1510 545 aut
1524 523 1590 554 quae
1605 522 1692 553 poena
1718 512 1826 557 timore
1849 511 1905 542 illo

1081 556 1255 600 pudoreque
1272 559 1375 600 major,
1388 568 1467 595 cum,
1484 562 1516 588 ut
1530 557 1644 588 dictum
1661 560 1716 594 est,
1733 556 1807 586 adeo
1818 560 1906 587 tene-

1078 599 1172 645 brosi,
1191 599 1219 635 et
1234 605 1298 635 sine
1314 603 1498 635 illuminante
1511 602 1617 643 spiritu
1632 601 1743 632 inventi
1763 599 1905 631 fuerint?

1080 649 1203 686 Qualem
1213 658 1301 689 porro
1308 648 1500 689 vitam,quale
1510 647 1760 678 oblectamentum
1776 645 1907 676 habebit

1080 695 1184 735 homo,
1200 694 1250 735 qui
1265 695 1296 724 in
1311 693 1443 725 tenebris
1456 693 1551 730 sedet,
1568 701 1602 723 ac
1611 692 1727 728 metuit,
1741 700 1780 722 ne
1791 699 1904 730 repen-

1083 740 1144 770 tina
1167 739 1241 771 lucis
1263 738 1478 770 illumittatione
1495 736 1692 777 cogitationis,
1709 739 1758 767 aut
1773 735 1905 767 actionis

1082 784 1207 824 alicujus
1221 784 1325 815 sordes
1340 783 1369 814 in
1385 783 1449 823 ipso
1465 782 1674 823 reperiantur?

215 826 611 874 servusesipeccati,etodit
627 826 1068 873 lucem,_etnonvEnitadlu—B
1119 829 1216 865 Quare
1237 828 1420 864 studeamus,
1447 827 1554 858 fratres
1579 827 1649 874 mei,
1674 826 1743 874 hinc
1769 826 1905 874 jam_per

216 888 291 917 cem,
299 888 338 910 ne
344 882 614 919 arguanturopera
622 880 686 918 ejus
692 878 729 908 33.
744 877 827 908 Nunc
837 877 916 908 enim
933 881 1038 917 sponte

217 929 247 956 et
260 928 359 955 nostro
377 924 508 964 ipsorum
524 923 667 955 arbitratu
683 923 720 954 ad
745 923 847 954 lumen
872 930 926 962 per
940 921 1038 962 poeni-

217 969 340 1002 tentiam
358 968 484 1009 ingressi
498 968 716 1009 redarguimur,
733 971 762 998 et
773 967 945 1007 judicamur
962 977 968 996 :
986 967 1038 998 sed

218 1013 342 1054 mystice
353 1012 596 1053 judiciumistuc,
610 1016 640 1044 et
648 1012 834 1049 abscondite,
851 1011 882 1041 in
896 1011 1041 1042 interiore

218 1058 385 1089 animarum
401 1061 568 1089 nostrarum
584 1057 734 1095 cubiculo,
761 1056 796 1087 ad
823 1056 1040 1097 purgationem,

219 1106 248 1134 et
260 1102 469 1134 remissionem
485 1106 674 1143 peccatorum
691 1105 860 1133 nostrorum
876 1100 1045 1131 misericor-

219 1147 279 1185 dia,
298 1151 328 1178 et
341 1147 584 1187 benignitateDei
596 1147 742 1187 subimus,
755 1147 818 1177 solo
829 1145 971 1176 nimirum
982 1146 1044 1176 Deo

220 1201 270 1224 res
281 1195 397 1223 nostras
411 1191 525 1223 sciente
554 1200 588 1224 ac
612 1191 758 1222 intuente.
782 1189 845 1221 Hoc
867 1189 956 1228 igitur
985 1193 1042 1219 tam

219 1236 362 1278 praclaro
387 1236 502 1276 judicio
531 1236 666 1276 quisquis
692 1235 739 1265 hic
765 1234 916 1275 judicatus
940 1234 1040 1276 fuerit,

217 1280 297 1312 aliud
314 1280 493 1321 supplicium
524 1285 575 1312 aut
603 1289 726 1311 examen
754 1288 814 1310 non
843 1278 969 1317 timebit,
987 1289 1042 1310 nec

217 1325 397 1356 tentationes
424 1325 481 1356 sibi
508 1329 737 1365 superventuras
759 1322 940 1354 formidabit.
967 1323 1040 1354 Tum

218 1379 299 1407 vero,
317 1369 374 1401 hoc
390 1375 446 1408 est,
472 1370 503 1401 in
532 1370 658 1401 adventu
674 1368 802 1409 Domini,
834 1367 870 1398 iis
898 1368 948 1408 qui
964 1377 1042 1399 nunc

219 1414 257 1445 ad
271 1414 372 1445 lumen
387 1414 500 1453 venire,
516 1418 546 1446 et
559 1414 595 1445 ab
611 1414 674 1455 ipso
698 1413 838 1454 judicari,
864 1412 1042 1453 purgarique

220 1458 336 1497 nolunt,
353 1458 406 1490 sed
420 1459 450 1490 id
466 1458 604 1497 oderunt,
630 1458 709 1499 quod
731 1457 820 1488 modo
835 1456 1041 1488 absconditum

1079 873 1282 914 paenitentiam
1297 877 1409 914 portam
1426 876 1578 911 augustam
1590 872 1701 902 intrare
1712 871 1752 909 40,
1763 871 1905 911 quodque

1080 919 1160 950 intus
1175 923 1220 950 est
1235 919 1337 949 lumen
1352 921 1499 958 spectare.
1516 917 1621 954 Etiam,
1633 926 1715 957 rogo,
1730 927 1766 946 nt-
1777 916 1903 947 deﬁcia-

1081 973 1149 994 mus
1174 963 1330 1004 pulsando,
1355 962 1526 1003 quaerendo,
1545 966 1574 993 et
1590 962 1717 1002 petendo
1742 966 1904 1001 antequam

1082 1008 1287 1045 exaudiamur,
1301 1007 1499 1047 etaperiatur,
1511 1011 1538 1037 et
1550 1007 1637 1038 detur
1652 1005 1737 1036 nobis
1755 1017 1761 1036 :
1780 1005 1905 1046 insuper

1084 1052 1180 1084 donec
1195 1052 1321 1092 ingressi
1337 1052 1438 1082 lumen
1454 1050 1644 1091 accipiamus,
1656 1055 1686 1082 et
1702 1051 1775 1081 illud
1788 1051 1904 1080 exstin-

1084 1102 1163 1128 ctum
1179 1098 1210 1128 in
1226 1097 1364 1129 cordibus
1381 1097 1490 1127 nostris
1508 1095 1681 1127 habeamus.
1704 1095 1799 1126 Nolite
1814 1094 1905 1134 igitur

1086 1152 1196 1181 errare,
1213 1143 1331 1174 fratres.
1343 1141 1398 1178 Qui
1411 1141 1439 1171 in
1456 1141 1588 1172 tenebris
1603 1141 1682 1177 vivit,
1699 1145 1781 1171 extra
1795 1139 1904 1170 ostinm

1085 1193 1140 1221 est.
1166 1189 1220 1226 Qui
1244 1193 1342 1220 antem
1365 1197 1398 1219 se
1415 1188 1582 1227 ingressum
1611 1187 1769 1223 existimat,
1794 1190 1823 1217 et
1851 1194 1907 1225 per

1085 1234 1193 1265 ostium
1209 1234 1362 1274 ingressus
1378 1242 1438 1263 non
1454 1237 1508 1269 est,
1525 1232 1615 1263 etiam
1631 1232 1695 1272 ipse
1720 1235 1803 1262 extra
1827 1230 1906 1260 ovile

1084 1283 1140 1310 est.
1157 1279 1189 1309 Si
1204 1279 1283 1310 enim
1298 1278 1346 1309 lux
1360 1277 1473 1314 mundi,
1491 1281 1520 1307 et
1547 1276 1655 1307 ostium
1684 1280 1730 1307 est
1759 1274 1903 1312 Christus,

1084 1323 1206 1355 omnino
1228 1323 1359 1355 lucidum
1376 1323 1482 1353 ostium
1499 1325 1553 1359 est,
1567 1331 1625 1352 non
1641 1321 1749 1351 ostium
1764 1320 1902 1360 simplex.

1082 1370 1118 1401 Et
1133 1370 1228 1410 quiin
1244 1379 1279 1400 eo
1295 1373 1352 1410 est,
1367 1369 1398 1399 in
1419 1369 1488 1400 luce
1512 1368 1614 1398 mundi
1641 1372 1697 1398 est.
1719 1369 1780 1399 Lux
1804 1371 1903 1398 autem

1084 1415 1188 1445 mundi
1203 1418 1258 1452 est,
1275 1424 1334 1445 non
1350 1423 1436 1455 quam
1454 1414 1607 1444 oculorutn
1622 1422 1729 1444 sensus
1744 1412 1903 1453 percipiat,

1083 1459 1136 1490 sed
1161 1469 1248 1500 quam
1274 1459 1391 1490 animus
1414 1458 1524 1496 videat,
1555 1463 1642 1499 atque
1671 1458 1903 1498 contempletur.

217 1507 265 1534 est
279 1503 380 1534 lumen
395 1503 584 1543 revelabitur,
598 1496 785 1544 ioc-cultaque
810 1503 916 1533 horum
942 1496 1070 1533 omnia“
1082 1505 1157 1536 Nam
1170 1496 1217 1536 -sol
1233 1504 1291 1542 hic,
1308 1513 1397 1545 quem
1417 1512 1522 1535 sensus
1545 1496 1673 1544 attingit,
1698 1496 1903 1534 tantummodo

219 1548 497 1581 manifestabuntur.
512 1548 548 1580 Et
562 1548 665 1590 quales
680 1557 760 1579 nunc
770 1556 873 1578 sumus
881 1547 1041 1588 unusquis-

219 1602 277 1633 que
292 1596 438 1632 nostrum,
452 1603 506 1624 nos
525 1593 607 1634 ipsos
623 1592 816 1633 occultantes,
833 1596 861 1623 et
876 1601 930 1633 per
944 1592 1040 1631 poeni-

218 1637 341 1669 tentiam
359 1642 460 1669 nostra
483 1638 674 1670 manifestare
693 1637 840 1675 nolentes,
858 1641 927 1668 tunc
941 1647 957 1667 a
974 1637 1040 1668 luce

219 1683 381 1722 manifesti,
398 1687 427 1714 et
441 1683 535 1725 aperti
551 1684 611 1715 Deo
622 1687 651 1715 et
661 1682 798 1714 omnibus
812 1691 926 1720 sumus,
944 1686 972 1713 et
986 1683 1042 1714 eri-

217 1737 284 1760 mus
297 1740 305 1767 ;
318 1732 347 1759 et
360 1729 531 1769 magnitudo
546 1728 668 1770 pudoris
678 1737 713 1760 ac
723 1727 879 1759 dedecoris
893 1727 953 1759 illic
968 1737 1039 1769 pro-

215 1773 386 1814 spectaculo
401 1773 467 1805 erit.

256 1817 374 1849 Etenim
389 1818 465 1850 sicut
483 1817 515 1849 in
538 1818 626 1849 domo
653 1818 757 1857 januas
782 1817 864 1848 intus
890 1816 1041 1848 obseratas

217 1862 357 1902 habente,
373 1863 399 1894 si
415 1863 482 1903 quis
499 1863 621 1901 enobis,
639 1863 723 1904 quasi
740 1862 812 1893 foris
827 1870 844 1893 a
859 1861 980 1893 nemine
995 1863 1039 1894 vi-

217 1917 268 1940 sus
284 1908 375 1939 effuse
389 1912 502 1948 peccet,
519 1908 668 1940 adulteria
683 1907 808 1944 scilicet,
827 1911 877 1939 aut
891 1908 1041 1939 masculo—

216 1963 284 1986 rum
299 1953 485 1991 concubitus,
507 1957 558 1985 aut
573 1954 629 1985 alia
644 1953 829 1985 exsecranda
853 1961 1039 1993 perpetratis,

219 1999 329 2031 deinde
341 1998 439 2030 subito
453 1998 484 2029 in
499 1998 563 2040 ipso
579 1998 689 2039 ﬂagitio
705 1998 958 2039 deprehendatur,
975 2008 1040 2030 ma-

217 2052 306 2084 gnam
321 2043 448 2075 incurrit
463 2043 616 2074 infamiam
629 2052 637 2081 ;
652 2046 702 2074 aut
718 2044 764 2082 (ut
778 2043 856 2074 aliud
873 2043 1040 2084 exemplum

217 2088 350 2130 demus),
368 2088 393 2119 si
408 2088 474 2129 quis
484 2088 625 2119 adversus
637 2097 738 2128 regem
748 2087 871 2119 insidias
883 2087 1042 2120 meditetur

1082 1549 1217 1590 corporis
1239 1549 1340 1580 oculos
1361 1548 1509 1579 illuminat
1535 1548 1703 1585 hominum,
1726 1547 1901 1585 bestiarum,

1081 1595 1233 1625 volucrum
1252 1605 1258 1625 :
1277 1598 1306 1625 at
1320 1595 1363 1625 sol
1375 1594 1425 1634 qui
1440 1593 1494 1624 sub
1505 1593 1729 1633 intelligentiam
1745 1593 1834 1629 cadit,
1851 1593 1903 1633 qui

1086 1640 1196 1671 mundo
1211 1639 1317 1676 illuxit,
1335 1640 1448 1670 animas
1463 1639 1602 1669 duntaxat
1619 1637 1734 1668 ratione
1749 1638 1899 1678 praeditas,

1083 1694 1180 1725 neque
1199 1685 1252 1716 has
1275 1685 1351 1716 citra
1377 1683 1539 1715 discrimen
1564 1692 1680 1720 omnes,
1703 1688 1732 1714 et
1761 1683 1898 1722 indtgnas

1080 1729 1169 1760 etiam
1185 1729 1354 1760 illuminare
1367 1729 1457 1760 novit.
1475 1728 1558 1760 Haud
1569 1728 1648 1759 enim
1665 1728 1899 1769 inanimus,seu,

1080 1777 1112 1805 ut
1134 1775 1240 1805 melius
1254 1775 1361 1812 dicam,
1375 1783 1434 1804 non
1450 1773 1558 1805 animal
1576 1776 1632 1810 est,
1649 1783 1704 1804 nec
1719 1782 1833 1812 servus,
1851 1776 1901 1804 aut

1083 1823 1217 1850 creatura
1244 1819 1280 1850 ad
1305 1819 1371 1850 aliis
1386 1818 1615 1850 tninistrandum
1637 1818 1808 1854 constituta,
1825 1818 1902 1848 sicut

1082 1874 1189 1905 nempe
1206 1865 1261 1896 iste
1275 1864 1320 1896 sol
1335 1873 1423 1905 quem
1442 1863 1604 1901 cernimus,
1621 1863 1730 1904 quique
1746 1863 1840 1893 oritur
1854 1872 1902 1892 su-

1086 1910 1240 1950 perjustos
1251 1913 1279 1940 et
1288 1909 1426 1950 injttstos,
1441 1908 1549 1950 probos
1560 1908 1649 1939 simul
1662 1915 1688 1939 et
1701 1908 1852 1948 improbos
1859 1909 1900 1938 Μ.

1085 1953 1142 1985 Sed
1157 1963 1323 1995 quanquam
1354 1954 1414 1992 lux,
1445 1958 1475 1984 et
1497 1953 1541 1983 sol
1561 1953 1740 1992 nominatur,
1759 1957 1856 1983 tamen
1871 1958 1901 1985 et

1083 2008 1172 2040 supra
1186 1999 1296 2037 lucem,
1313 2002 1341 2029 et
1356 2007 1446 2038 supra
1470 1997 1576 2034 solem,
1594 2000 1622 2028 et
1637 2001 1668 2027 ut
1690 1997 1765 2028 lucis
1780 2006 1813 2027 ac
1830 1997 1900 2027 solis

1082 2044 1220 2075 conditor
1233 2053 1267 2074 ac
1283 2043 1427 2074 Dominus
1442 2050 1497 2079 e59,
1523 2042 1591 2080 vita,
1617 2041 1761 2079 viviﬁcus,
1779 2042 1897 2079 veritas,

1078 2088 1202 2129 justitia,
1215 2092 1245 2119 et
1259 2087 1450 2118 sanctificatio
1463 2087 1503 2123 42,
1521 2087 1657 2127 simplex,
1674 2087 1710 2118 ab
1726 2087 1806 2118 omni
1822 2096 1901 2117 com-

218 2143 328 2174 easque
344 2133 388 2165 illi
407 2133 517 2174 scripto
533 2137 671 2174 exponat,
687 2136 737 2164 aut
751 2133 776 2164 si
791 2133 881 2167 dicat.
898 2136 1074 2165 statuaturD
1085 2133 1230 2174 positione
1244 2133 1331 2170 liber,
1358 2136 1386 2162 et
1411 2141 1499 2165 Omne
1514 2131 1636 2169 bonum,
1656 2136 1681 2163 et
1698 2132 1804 2162 melior
1820 2133 1899 2163 omni

217 2179 301 2210 nefas
314 2178 445 2220 aliquod,
462 2178 584 2210 omnino
601 2179 680 2210 intra
702 2178 793 2217 aedes,
810 2182 842 2208 ut
855 2177 966 2209 dictum
983 2183 1038 2218 est,

215 2223 346 2262 latitans,
365 2226 430 2264 post
444 2232 496 2254 rex
512 2233 577 2254 cum
604 2227 663 2255 toto
678 2227 783 2254 senatu
795 2232 861 2261 suo,
879 2227 1039 2255 consueto-

214 2278 273 2309 que
288 2267 427 2299 satellitio
441 2268 590 2306 adveniat,
606 2272 635 2300 et
650 2268 770 2299 domum
797 2268 906 2307 cingat,
920 2268 1039 2299 statim-

214 2321 272 2355 que
287 2322 322 2344 ea
336 2316 399 2345 tota
414 2321 518 2344 eversa
536 2313 612 2355 ipse,
642 2317 672 2344 et
695 2312 797 2344 omnia
823 2313 888 2352 ejus
917 2313 1040 2344 consilia

212 2361 385 2399 appareant,
400 2366 517 2399 poenam
530 2367 666 2398 magnam
679 2357 959 2398 damnationemque
970 2367 1038 2390 sus-

213 2402 305 2440 tinet;
322 2403 358 2435 ad
374 2402 512 2434 eumdem
539 2403 661 2434 modum
685 2405 755 2434 tunc
780 2401 919 2433 omnibus
941 2403 991 2444 qui
1007 2403 1038 2435 in

212 2448 322 2479 mundo
337 2452 408 2480 sunt
423 2448 484 2480 fiet.
500 2447 544 2479 Et
553 2456 614 2479 no.2:
623 2447 743 2488 quidem
755 2448 833 2479 sicut
841 2448 905 2478 dies
920 2447 1037 2480 illumi-

210 2493 338 2525 nabitur
347 2493 385 2530 39,
401 2492 507 2524 domus
521 2496 620 2524 autem
642 2492 751 2533 omnis,
769 2496 798 2524 et
825 2492 979 2533 spelunca,
1007 2498 1038 2526 et

209 2538 318 2570 cmlum
333 2538 431 2578 ipsum
459 2547 494 2569 ac
518 2541 598 2569 terra
624 2538 775 2574 tollentur,
803 2546 970 2578 omnesque
985 2538 1035 2579 qui

207 2583 360 2616 Christum
375 2592 435 2614 non
448 2582 618 2621 induerunt,
631 2592 683 2614 seu
696 2582 747 2624 qui
760 2582 862 2614 lumen
872 2591 932 2613 non
947 2592 1035 2614 acce-

206 2632 324 2669 perunt,
341 2632 375 2660 ut
389 2637 480 2669 supra
493 2627 687 2666 docebamus,
704 2631 734 2658 et
752 2627 784 2658 in
798 2628 862 2667 ipso
878 2627 961 2668 prius
976 2637 1035 2659 non

204 2673 336 2713 fuerunt,
353 2677 383 2706 et
398 2674 498 2705 lumen
513 2682 573 2705 non
588 2672 722 2711 fuerunt,
749 2673 822 2705 nudi
836 2672 1033 2714 apparebunt,

241 2777 346 2818 Viae.
370 2785 411 2818 tv,
440 2778 489 2811 17.
532 2777 660 2811 331mm.
686 2786 731 2816 nt,
754 2778 804 2811 21.

200 2817 257 2851 BI
275 2817 344 2852 Cor.
360 2827 382 2859 ι,
399 2817 451 2852 30.

848 2778 970 2812 3°Psal.
995 2787 1126 2819 cxxxvn,
1156 2777 1206 2810 12.
1249 2777 1280 2804 ιο
1303 2777 1405 2810 Matth.
1433 2785 1484 2817 vtt,
1511 2777 1561 2810 t3.

1082 2178 1171 2209 bono.
1187 2177 1225 2209 Ut
1239 2177 1327 2217 igitur
1344 2177 1452 2208 veritas
1481 2183 1524 2207 est
1551 2186 1585 2207 ac
1607 2176 1727 2217 dicitur,
1740 2185 1808 2207 vere
1824 2186 1899 2207 con—

1081 2222 1262 2254 vertentibus
1290 2231 1322 2252 se
1348 2221 1455 2253 veritas
1483 2222 1622 2253 efficitur.
1649 2221 1686 2253 Ut
1704 2221 1820 2261 justitia
1842 2225 1896 2259 est,

1082 2277 1201 2299 omnem
1216 2266 1393 2308 injustitiam
1408 2267 1520 2299 exorsis
1532 2266 1647 2307 justilia
1662 2271 1717 2297 est.
1735 2266 1771 2298 Ut
1785 2267 1898 2298 sancti-

1081 2313 1191 2351 ficatio,
1209 2312 1293 2344 elatis
1304 2321 1338 2342 ac
1349 2321 1402 2353 per
1412 2312 1556 2352 lacrymas
1566 2311 1704 2351 purgatis.
1714 2311 1751 2343 Ut
1760 2311 1897 2351 simplex,

1081 2359 1139 2389 illis
1150 2358 1199 2399 qui
1215 2357 1327 2389 nullam
1338 2357 1630 2398 perversitatem,aut
1646 2356 1807 2396 nequitiam
1820 2356 1899 2389 intus

1080 2407 1194 2444 gestant
1210 2403 1240 2434 in
1256 2402 1427 2443 praecordiis
1456 2402 1495 2434 Ut
1512 2411 1570 2432 non
1584 2403 1775 2442 compositus,
1787 2403 1896 2434 nullam

1079 2448 1295 2490 duplicilatem,
1323 2451 1373 2478 aut
1401 2447 1635 2487 ambiguitatem,
1665 2451 1714 2477 aut
1734 2446 1896 2479 increduli-

1079 2498 1139 2525 tem
1156 2493 1246 2525 animi
1261 2493 1448 2524 habentibus.
1466 2491 1502 2524 Ut
1517 2492 1624 2532 bonus,
1641 2491 1677 2522 iis
1692 2492 1741 2532 qui
1758 2493 1897 2532 spiritua-

1076 2539 1155 2570 libus
1169 2539 1340 2579 penitentize
1355 2538 1508 2578 operibus,
1533 2536 1569 2568 ad
1590 2546 1708 2577 corpus,
1737 2542 1786 2569 aut
1811 2538 1895 2570 vitam

1076 2584 1162 2614 istam
1177 2584 1362 2623 pertinentes
1376 2592 1462 2614 curas
1486 2592 1520 2613 ac
1541 2581 1757 2613 sollicitudines
1773 2593 1832 2614 non
1848 2584 1895 2615 in-

1076 2628 1198 2666 ducunt,
1227 2628 1335 2669 quibus
1361 2637 1396 2658 ea
1421 2627 1565 2658 misceant
1591 2631 1679 2668 atque
1696 2628 1894 2666 confundant;

1075 2673 1128 2705 sed
1145 2673 1225 2704 nuda
1238 2673 1398 2710 voluntate,
1412 2676 1441 2703 et
1451 2672 1650 2713 applicatione
1660 2672 1752 2704 animi
1765 2673 1795 2703 in
1807 2674 1896 2705 malo-

1605 2779 1632 2804 ιι
1659 2779 1764 2811 Matth.
1791 2787 1822 2820 ν,
1845 2779 1893 2812 45.
