1983 3072
105 164 175 197 409

849 168 991 200 ORATIO
1013 169 1078 201 XX.

1742 167 1802 200 410

100 240 179 262 rum
197 231 338 272 patientia
352 232 390 264 ad
404 242 474 265 eum
488 233 715 272 accedentibus;
727 243 853 274 quorum
870 235 935 265 sin-
945 244 967 262 Α
981 234 1137 265 sanctusin
1144 233 1296 265 hominem
1306 243 1365 265 non
1378 234 1504 272 venerit,
1518 242 1574 265 nec
1586 234 1657 265 ineo
1669 233 1804 264 habitare

99 276 268 308 ceritatem
285 277 464 318 approbans,
479 279 561 309 omni
571 278 649 311 bono
666 279 748 310 brevi
764 288 815 310 eos
831 289 938 310 cumu—

97 321 162 358 lat,
182 325 214 352 et
229 321 374 353 bonorum
391 322 588 362 intellectum,
600 324 868 364 cogitationemque
878 324 940 355 vin-

96 366 260 404 centibus,
278 367 349 397 dum
367 367 425 399 illis
441 369 600 405 revelatur,
618 375 811 410 apparetque,
838 369 936 400 statim

99 411 274 452 participes
287 413 397 444 reddit.
414 414 446 444 Si
462 413 542 444 enim
565 413 654 451 bona,
673 423 739 453 quae
758 415 862 445 oculus
875 424 937 446 non

99 455 199 493 vidit,
209 465 263 487 nec
274 458 360 488 auris
367 457 497 495 audivit,
506 467 558 489 nec
570 459 601 489 in
609 467 660 490 cor
669 459 937 490 hominis-ascende-

99 504 194 536 runt,
210 509 276 540 qua:
289 503 472 542 praeparavit
488 503 571 534 Deus
587 503 782 543 diligentibus
794 513 825 535 se
832 505 872 542 45,
882 504 934 534 hu-

101 545 191 576 mani
208 545 318 586 ingenii
334 551 451 587 captum
464 547 618 585 excedunt,
637 552 666 579 et
678 549 776 580 omnia
788 559 853 589 quae
866 559 933 580 cer-

100 594 221 621 nuntur
227 591 305 622 bona
314 597 504 632 exsuperant,
515 596 623 633 quanto
636 593 727 633 magis
736 593 800 633 ipse
809 594 859 634 qui
870 594 933 625 haec

101 636 288 675 praeparavit
309 636 389 667 Deus
406 646 412 666 :
431 646 485 668 nec
502 637 596 668 solum
613 637 686 678 ipse,
708 638 760 668 sed
779 638 866 669 etiam
883 638 933 679 qui

100 688 175 709 cum
195 679 308 718 videre,
320 682 348 712 ei
363 681 516 719 assistere,
530 686 631 713 etcum
644 691 678 712 eo
689 683 800 713 versari
813 692 932 714 merue-

99 728 178 754 runt
194 728 222 755 et
237 725 304 764 ejus
323 725 497 764 divinitatis,
524 726 684 767 gloriaeque
711 732 874 766 consortes,
900 738 934 759 ac

104 768 272 810 participes
284 770 394 807 eﬂ‘ecti,
406 770 575 810 superiores
588 771 709 802 omnino
723 772 820 812 bonis,
837 772 909 812 ipsis
918 782 934 804 a

103 813 174 844 Deo
191 813 312 854 paratis,
329 819 430 855 utpote
442 815 601 846 Dominum
616 816 781 857 ipsum,qui
797 817 873 848 bona
886 817 934 849 illa

980 278 1116 317 cognitus
1123 278 1222 316 fuerit,
1231 278 1257 309 al
1272 288 1360 309 enum
1370 278 1554 319 estquemvis
1560 277 1744 318 spiritualem
1753 287 1803 319 ap-

981 323 1096 364 pellavi.
1106 323 1162 359 Qui
1173 329 1273 354 autem
1283 323 1450 363 spiritualis
1462 323 1592 354 nondum
1604 323 1803 363 estquomodo

979 372 1098 399 sanctus
1118 367 1199 399 erit?
1220 368 1270 408 qui
1291 372 1410 398 sanctus
1422 367 1554 398 nondum
1569 371 1614 398 est
1623 368 1731 404 factus,
1750 376 1803 407 per

977 422 1111 452 quaenam
1128 413 1184 443 alia
1201 421 1303 453 opera,
1328 412 1521 453 actionesque
1548 412 1651 444 beatus
1674 411 1803 442 evadet?

975 456 1133 488 Beatitudo
1146 457 1227 488 Deus
1239 457 1388 498 est,cujus
1403 457 1453 498 qui
1467 466 1525 488 non
1537 461 1580 488 est
1590 457 1747 497 particeps,
1756 457 1800 487 vel

976 502 1074 542 potius
1087 511 1176 543 quem
1194 502 1245 543 qui
1261 506 1353 532 totum
1374 502 1405 533 in
1426 511 1458 533 se
1477 512 1535 533 non
1548 501 1646 537 habet,
1663 512 1721 542 quo
1733 505 1800 532 lan-

975 546 1044 577 dem
1064 547 1151 578 modo
1168 547 1293 578 beatus?
1309 547 1400 585 nullo,
1412 551 1444 578 ut
1457 547 1527 578 mihi
1538 547 1659 587 quidem
1673 547 1798 578 videtur.

975 591 1025 622 Sol
1041 591 1106 622 sine
1122 592 1198 630 luce,
1213 601 1282 622 num
1300 592 1415 623 dicetur
1430 592 1499 623 sol?
1516 596 1545 622 et
1569 592 1657 622 homo
1673 591 1799 631 Spiritus

975 636 1069 666 sancti
1084 645 1201 676 expers,
1220 646 1289 668 num
1313 640 1432 667 sanctus
1447 636 1586 668 dicatur?
1602 636 1708 667 Estote
1722 644 1798 666 san-

975 683 1028 717 cti,
1042 680 1082 710 ait
1092 680 1401 721 Dominus,quom‘am
1411 690 1463 720 ego
1477 685 1599 712 saucius
1609 690 1674 712 sum
1681 680 1799 716 50.ρυὶ-

975 723 1029 755 bus
1047 724 1145 756 verbis
1161 726 1382 766 nosjexplorate
1405 725 1538 765 cognitos
1562 729 1734 765 peccatores
1759 724 1796 755 ad

975 768 1169 801 imitationem
1186 779 1238 810 per
1255 779 1345 810 opera
1361 770 1532 803 misericors
1548 770 1599 801 ille
1611 770 1795 807 cohortatur;

974 824 1008 845 ac
1024 814 1049 844 si
1065 814 1177 845 diceret
1195 825 1202 846 :
1219 815 1358 846 Desistite
1383 824 1400 846 a
1423 815 1513 846 rebus
1539 813 1696 855 improbis,
1714 818 1743 844 et
1759 813 1795 843 ad

103 858 285 897 praeparavit
301 868 353 899 pro
369 859 540 890 haereditate
557 861 744 900 possidentes
759 863 930 893 evaserunt?
943 864 960 888 Β
972 868 1090 890 omnem
1104 859 1279 899 probitatem
1290 859 1463 898 incumbite,
1475 869 1564 890 omne
1573 868 1667 899 genus
1679 858 1796 890 virtutis

102 901 197 932 Tales
212 908 310 934 autem
325 914 375 935 eos
392 906 532 942 evasisse,
548 909 576 935 et
590 915 683 946 usque
700 916 778 937 nunc
792 907 927 945 evadere,

105 956 170 977 non
187 947 254 978 dico
267 953 330 987 post
347 955 472 980 mortem
484 950 591 987 solum,
604 950 655 981 sed
671 950 767 982 adhuc
782 953 929 992 supersti-

103 995 166 1029 tes,
176 996 236 1022 tota
243 993 383 1024 divinitus
393 994 536 1035 inspirata
545 995 698 1035 Scriptura
708 996 804 1034 docet,
813 1007 930 1028 omnes-

105 1045 169 1076 que
181 1038 327 1076 pervitam
338 1044 367 1070 et
380 1048 477 1070 mores
487 1048 555 1071 suos
569 1040 753 1071 sanctitatem
765 1042 926 1081 consecuti,

108 1080 314 1113 testimonium
329 1083 438 1115 ferunt.
448 1084 540 1115 Porro
555 1089 724 1115 sanctorum
740 1086 803 1116 laus
819 1087 926 1124 amnis,

101 1131 133 1155 et
148 1125 302 1157 beatitudo
318 1128 365 1158 his
380 1127 495 1158 duobus
507 1132 631 1166 constat,
649 1130 811 1161 orthodoxa
822 1131 891 1169 ﬁde,
900 1137 929 1163 et

101 1169 248 1201 laudabili
259 1171 327 1203 vita.
340 1171 412 1203 ltem
428 1173 506 1203 dono
522 1173 616 1204 sancti
631 1174 926 1214 Spiritus,etcharis-

104 1218 219 1261 matum
236 1217 312 1257 ejus,
329 1216 445 1247 duobus
458 1217 536 1248 enim
554 1218 600 1248 his
610 1219 666 1249 hoc
677 1219 795 1250 tertium
808 1221 931 1261 copula-

105 1263 166 1289 tur.
184 1260 259 1291 Nam
274 1271 341 1292 cum
357 1262 422 1302 quis
435 1261 522 1293 vitam
541 1262 628 1301 bene,
645 1267 673 1293 et
688 1273 754 1295 cum
771 1260 931 1297 amoreDei

106 1303 251 1341 traduxit,
269 1314 336 1336 cum
350 1315 440 1337 sensu
457 1306 634 1345 orthodoxe,
646 1311 675 1338 et
689 1308 780 1347 gratia
791 1308 927 1350 donatus,

107 1352 197 1388 atque
208 1358 224 1379 a
236 1349 297 1380 Deo
312 1359 364 1390 per
376 1351 470 1380 sancti
481 1351 607 1391 Spiritus
623 1351 735 1383 donum
751 1349 929 1392 gloriﬁcatus

108 1396 165 1430 est,
183 1393 338 1424 comitatur
353 1395 436 1425 illum
451 1395 525 1433 laus,
543 1403 571 1426 et
586 1396 622 1427 ab
638 1397 719 1427 omni
732 1397 864 1428 ﬁdelium
875 1399 929 1430 Ec-

105 1436 207 1484 clesia,
225 1438 474 1484 ab_omnibusque
489 1440 638 1479 magistris
653 1442 718 1482 ejus
733 1442 836 1474 beatus
852 1453 926 1484 prte-

106 1481 234 1528 dicatur.
250 1482 323 1514 Fide
334 1488 444 1522 autem,
454 1488 482 1515 et
493 1485 634 1525 operibus
650 1485 778 1526 perfecte
792 1481 928 1528 non-sup-

973 913 1025 944 pro
1036 903 1148 934 viribus
1158 904 1266 936 vestris
1277 904 1502 945 consectemini,
1515 909 1542 936 et
1551 910 1694 944 quantum
1708 906 1794 943 pote—

970 947 1034 985 stis,
1043 948 1136 979 sancti
1147 949 1273 988 evadite,
1282 949 1306 979 si
1317 949 1403 980 modo
1417 949 1658 980 communionem
1677 957 1792 978 mecum

971 993 1083 1024 habere
1105 993 1291 1025 desideratis.
1309 995 1369 1033 Ego
1396 996 1475 1025 enim
1501 999 1619 1026 sanctus
1642 1004 1718 1030 sum,
1736 994 1793 1023 hoc

971 1041 1026 1074 est,
1044 1047 1145 1078 purus,
1163 1039 1424 1076 incontaminatus,
1441 1039 1528 1080 idque
1542 1039 1720 1070 natura.Vos
1736 1047 1791 1069 au-

970 1086 1028 1113 tem
1039 1083 1068 1113 in
1078 1083 1226 1114 mandatis
1239 1083 1313 1114 meis
1325 1084 1524 1124 exsequendis
1537 1083 1573 1114 ab
1586 1083 1792 1122 inquinamen-

970 1127 1008 1157 tis
1020 1132 1208 1167 peccatorum
1219 1127 1415 1168 abstinentes,
1428 1129 1544 1169 meique
1557 1128 1716 1169 participes
1731 1136 1795 1167 gra-

970 1171 1010 1202 tia
1033 1173 1160 1212 Spiritus
1183 1173 1241 1204 mei
1265 1173 1343 1213 facti,
1369 1174 1463 1204 sancti
1483 1183 1600 1214 quoque
1617 1173 1712 1203 eritis.
1730 1172 1792 1203 Hoc

974 1217 1053 1247 enim
1065 1217 1121 1248 sibi
1137 1218 1208 1255 vult,
1223 1218 1332 1249 Estote.
1347 1219 1422 1257 Ergo
1433 1218 1509 1248 mala
1522 1217 1662 1258 fugiendo
1676 1221 1703 1247 et
1716 1217 1794 1247 bona

973 1262 1123 1301 operando
1138 1262 1171 1292 ﬁt
1185 1267 1304 1293 sanctus
1320 1263 1408 1293 homo
1423 1273 1430 1293 :
1449 1272 1507 1293 non
1524 1262 1607 1303 quasi
1619 1261 1740 1293 omnino
1757 1270 1793 1292 ex

972 1306 1112 1346 operibus
1123 1307 1326 1339 sanctiﬁcatur
1335 1307 1418 1347 (Non
1437 1311 1517 1338 enim
1519 1306 1739 1348 justi/imbitur
1753 1315 1793 1337 ea:

971 1351 1111 1391 operibus
1125 1351 1199 1391 legis
1221 1353 1318 1383 omnis
1337 1355 1441 1383 anima
1455 1354 1509 1390 51),
1526 1352 1577 1383 sed
1598 1354 1666 1392 quia
1689 1354 1791 1382 sancto

970 1395 1032 1426 Deo
1047 1406 1099 1436 per
1114 1397 1284 1437 hujusmodi
1307 1397 1456 1428 actionum
1473 1397 1740 1437 frequentationem
1757 1405 1790 1426 se

969 1441 1115 1481 adjungit,
1133 1451 1261 1481 eumque
1276 1441 1331 1472 sibi
1346 1442 1497 1473 conciliat.
1512 1442 1574 1473 Hoc
1590 1451 1678 1482 porro
1699 1440 1788 1470 etiam

968 1486 1004 1516 ad
1020 1495 1082 1523 eos,
1100 1486 1150 1526 qui
1162 1487 1224 1526 jam
1241 1485 1377 1526 :Spiritus
1401 1486 1522 1526 gratiam
1548 1488 1740 1526 acceperunt,
1759 1488 1788 1515 et

104 1526 221 1566 positis,
232 1528 413 1559 adorandum
428 1539 462 1560 ac
474 1529 605 1560 divinum
613 1531 755 1571 scriptum
772 1526 922 1574 advenire,
934 1545 954 1570 ε
968 1531 1069 1571 magis,
1081 1531 1200 1571 quidem
1216 1531 1374 1562 Dominum
1390 1531 1491 1562 dicere
1506 1531 1623 1572 opinor.
1641 1530 1697 1567 Olli
1710 1539 1788 1570 PFB-

102 1575 132 1616 et
168 1571 278 1602 donum
304 1573 368 1613 ejus
395 1576 529 1614 accipere
558 1584 734 1616 quemquam
765 1571 920 1609 hominum

100 1614 286 1656 impossibile
301 1622 360 1658 est;
378 1619 453 1649 sicut
469 1619 554 1650 etiam
572 1614 689 1650 sanctus
703 1621 831 1652 Jncobus
852 1623 894 1654 ait
911 1634 918 1654 :

104 1660 185 1705 Quid
197 1662 334 1701 proderit
346 1663 454 1702 fratres
471 1665 541 1704 mei,
566 1666 594 1695 si
609 1665 772 1704 quis'dicat
786 1667 874 1705 fidem
888 1677 920 1699 se

100 1704 319 1747 habere,opera
335 1712 436 1738 autem
451 1708 521 1747 ﬁdei
536 1717 598 1740 non
612 1709 742 1740 habeat?
757 1704 831 1741 num
842 1712 919 1751 ﬁdes

102 1758 170 1780 eum
186 1751 305 1782 salvere
315 1755 409 1792 potest
423 1754 435 1783 ?
447 1752 603 1790 Quomodo
627 1755 705 1785 enim
729 1763 840 1795 corpus
854 1758 920 1788 sine

100 1795 209 1834 spiritu
220 1800 371 1827 mortuum
383 1800 436 1834 cst,
445 1800 488 1828 sic
495 1798 642 1837 ﬁdessine
650 1799 921 1839 operibusmorluu

102 1839 184 1887 est“
198 1839 238 1887 lit
249 1840 356 1872 iterum
373 1850 379 1872 :
397 1841 434 1873 Si
444 1843 542 1882 frater
557 1847 609 1875 aut
624 1844 718 1874 Soror
733 1846 809 1876 nudi
820 1849 922 1887 sint,ct
938 1858 947 1865 ·

101 1885 366 1930 quotidiauovictu
377 1891 498 1926 egeant,
515 1888 595 1919 dicat
611 1892 712 1919 autem.
728 1889 839 1930 aliquis
853 1885 921 1923 ves-

101 1931 180 1960 trum
190 1928 261 1970 illis,
270 1929 314 1961 Ite
326 1931 358 1961 in
364 1939 448 1970 pace,
460 1933 674 1971 calefacimini,
682 1937 710 1964 et
722 1928 919 1974 saturamiri.

98 1982 157 2004 non
164 1974 282 2005 dederit
293 1978 392 2006 autem
401 1977 442 2006 eis
457 1985 523 2016 quw
531 1979 703 2008 necessaria
711 1983 782 2009 sum
789 1982 918 2021 corpori,

98 2018 168 2058 quid
174 2019 328 2058 proderit?
333 2020 376 2051 sic
384 2024 411 2051 et
417 2021 436 2059 ﬁ
439 2021 500 2058 des,
509 2022 569 2052 nisi
574 2031 662 2061 opera
670 2023 788 2060 habeat,
797 2018 919 2056 morlud

98 2066 180 2107 estin
189 2065 401 2104 semetipsa“.
412 2065 480 2096 Haec
493 2070 521 2096 et
533 2066 663 2098 Joannes
675 2069 840 2107 apostolus:
858 2069 917 2101 Fi—

99 2106 171 2144 lioli,
180 2117 241 2139 non
252 2108 420 2147 diligamus
430 2110 531 2148 uerbo,
542 2120 636 2151 neque
646 2106 764 2152 lingua,
772 2114 824 2144 sed
831 2123 917 2153 opere

963 1579 1063 1619 cipere
1078 1578 1203 1615 videtur,
1230 1587 1289 1608 non
1315 1578 1467 1609 {idendum
1480 1577 1570 1615 dono,
1585 1582 1614 1609 et
1625 1587 1678 1618 per
1701 1577 1789 1608 desi-

962 1625 1041 1655 diam
1059 1622 1095 1653 ad
1105 1622 1172 1652 vilia
1179 1626 1205 1652 et
1215 1626 1335 1663 peccata
1345 1623 1543 1663 redeundum,
1554 1629 1583 1653 et
1595 1622 1788 1663 quodammo-

962 1668 999 1698 do
1006 1667 1052 1698 his
1061 1667 1100 1697 uti
1109 1666 1216 1697 verbis.
1226 1667 1305 1698 Heus
1312 1671 1341 1697 tu
1350 1667 1567 1706 spiritualis,ne
1576 1671 1604 1698 te
1612 1667 1671 1697 otio
1681 1666 1785 1702 dedas,

961 1712 1010 1752 qui
1024 1712 1147 1751 gratiam
1163 1711 1413 1752 sanctiSpiritus,
1426 1716 1455 1742 et
1474 1721 1527 1752 per
1537 1712 1618 1742 illam
1633 1720 1680 1742 me
1696 1719 1783 1741 acce-

962 1757 1042 1798 pisti.
1069 1756 1166 1788 Otium
1191 1757 1270 1787 enim
1300 1761 1421 1796 generat
1448 1757 1621 1798 nequitiam,
1652 1755 1785 1797 nequitia

963 1811 1052 1832 omne
1080 1810 1173 1841 genus
1199 1801 1334 1832 vitiorum
1363 1807 1510 1843 procreat.
1528 1801 1674 1834 Mandatis
1698 1801 1786 1841 igitur

964 1845 1096 1886 quotidie
1121 1845 1276 1876 servandis
1296 1850 1414 1877 sanctus
1430 1851 1504 1882 esto.
1522 1847 1670 1887 siquidem
1688 1855 1735 1876 me
1752 1845 1782 1875 in

963 1895 1003 1928 te,
1023 1895 1052 1921 et
1070 1895 1179 1927 tecum,
1198 1891 1271 1929 etlte
1287 1891 1317 1921 in
1334 1901 1390 1927 me,
1406 1895 1435 1922 et
1452 1900 1567 1922 mecum
1584 1901 1649 1922 esse
1665 1890 1783 1922 vis.Ni-

961 1935 1001 1966 hil
1019 1938 1098 1966 enim
1112 1938 1187 1966 adeo
1204 1944 1237 1966 ex
1253 1935 1392 1966 omnibus
1408 1935 1580 1967 inconstans
1596 1939 1624 1966 et
1641 1934 1784 1966 mutabile

962 1984 1016 2017 est,
1035 1984 1065 2010 ut
1088 1989 1172 2010 mens
1196 1981 1336 2017 humana,
1365 1984 1426 2010 tum
1451 1981 1579 2021 denique
1603 1980 1782 2017 consistens,

961 2034 1026 2055 cum
1043 2024 1130 2055 ﬂuxis
1146 2028 1175 2054 et
1190 2025 1309 2064 creatis,
1327 2031 1355 2055 et
1372 2034 1437 2065 qua:
1452 2030 1617 2056 cernuntur
1641 2025 1783 2055 omnibus

959 2069 1090 2110 rejectis,
1108 2069 1245 2100 tenebras
1259 2069 1366 2110 quibus
1381 2070 1628 2101 circumfunditur
1645 2074 1782 2109 pertran-

960 2113 1044 2145 sierit

98 2155 126 2182 et
136 2153 354 2185 veritale46.Et
365 2162 375 2184 :
386 2154 423 2185 In
434 2154 488 2186 hoc
499 2157 711 2194 cognoscimus,
722 2151 866 2196 quoniam
878 2167 914 2190 ea;
926 2151 948 2176 D
996 2157 1140 2194 Quoniam
1155 2167 1222 2188 vero
1235 2158 1296 2189 haec
1309 2158 1349 2189 ita
1364 2168 1396 2190 se
1407 2159 1530 2196 habent,
1545 2163 1571 2189 et
1588 2167 1671 2189 mens
1680 2167 1729 2189 res
1738 2162 1784 2188 est

99 2197 221 2228 veritate
235 2203 387 2238 sumus,ct
409 2199 441 2230 in
461 2204 620 2240 conspectu
639 2201 703 2240 ejus
723 2202 915 2234 suadebimus

99 2242 185 2272 corda
193 2247 307 2278 nostra,
314 2245 456 2283 quoniam
467 2245 495 2276 si
499 2245 724 2285 reprehenderit
732 2256 786 2277 nos
794 2255 915 2279 cornos-

97 2288 187 2323 trum,
200 2289 300 2326 major
309 2291 353 2319 est
363 2288 438 2319 [)cus
447 2289 535 2320 corde
544 2294 699 2327 nostro,’el
706 2292 788 2322 novit
799 2301 866 2323 omn
872 2295 912 2325 iu.

96 2329 130 2360 Si
143 2333 220 2377 enim
227 2340 282 2377 cor
294 2336 432 2364 nostrum
445 2342 507 2364 non
522 2335 752 2374 reprehenderit
761 2345 825 2373 nos,
832 2337 914 2377 ﬁdu-

97 2375 169 2421 ciam
182 2375 327 2408 habemus
342 2378 381 2408 ad
399 2379 505 2418 Deum,
521 2382 549 2409 et
564 2380 714 2418 quidquid
730 2375 914 2421 petierimus,

96 2420 282 2459 accipiemus.
294 2423 437 2462 quoniam
449 2424 600 2454 mandata
617 2426 682 2462 eius
695 2427 879 2458 custodimus
891 2432 916 2459 et

97 2472 165 2494 eaea
171 2473 236 2504 qua
247 2470 317 2496 sunt
327 2467 443 2506 placita
450 2477 553 2498 coram
563 2477 598 2498 eo
608 2469 737 2507 facimus
748 2471 917 2504 47.1Ξι;Ηυσ

96 2511 136 2538 est
149 2510 328 2540 mandatum
340 2511 456 2550 ejus,ut
473 2512 634 2543 credamus
651 2513 683 2543 in
702 2515 829 2546 nomine
845 2516 917 2547 Filii

97 2553 157 2599 ejus
164 2553 235 2584 Jesu
248 2553 374 2586 Christi.
385 2559 412 2586 et
425 2565 575 2587 seruemus
582 2558 726 2589 mandata
740 2560 911 2599 411348.121.

98 2596 256 2642 Quiserval
266 2601 494 2641 mandalaejus,
510 2602 542 2632 in
557 2602 616 2633 Deo
629 2608 740 2642 manet,
751 2596 778 2635 et
792 2606 868 2637 Deus
882 2610 915 2638 in

96 2641 171 2672 eo.ln
179 2641 234 2674 hoc
244 2647 346 2674 autem
358 2646 568 2685 cognoscimus
584 2647 664 2686 quod
675 2651 705 2679 in
717 2641 804 2680 uobis
816 2657 920 2682 puniet.

95 2685 256 2726 eavSpiritu
275 2696 361 2727 quem
381 2689 464 2721 dedit
483 2690 568 2722 nobis
578 2685 619 2723 ί9.
629 2691 702 2722 Nam
725 2693 750 2723 si
773 2693 912 2734 Spiritus,

126 2795 187 2837 fil
213 2797 281 2832 Cor.
311 2806 343 2837 η,
372 2799 403 2830 9.

447 2798 472 2820 ⁴⁴
498 2799 559 2831 Jac.
590 2809 682 2839 xxx",
709 2801 816 2834 14-26.
859 2803 886 2825 ‘5
913 2804 992 2838 Ibid.
1012 2806 1120 2838 Ιῦ-Π.

956 2211 1076 2243 semper
1093 2202 1223 2237 mobilis,
1239 2213 1390 2244 nunquam
1408 2204 1484 2244 potis
1495 2204 1696 2244 requiescere,
1715 2212 1779 2233 eam

957 2247 1126 2288 sallicitam,
1145 2247 1370 2288 divinarumque
1394 2249 1491 2288 legum
1521 2248 1684 2279 studiosam
1715 2257 1781 2278 esse

957 2297 1084 2330 oportet,
1103 2302 1169 2322 cum
1186 2292 1296 2332 alioqui
1310 2293 1366 2324 vita
1381 2293 1479 2324 omnis
1495 2294 1623 2324 humana
1638 2292 1781 2323 sollicitu-

957 2335 1059 2367 dinum
1077 2341 1104 2366 et
1116 2346 1252 2367 curarum
1271 2337 1358 2377 plena
1373 2338 1421 2375 sit,
1440 2343 1468 2368 et
1484 2348 1516 2369 ex
1534 2347 1566 2368 re
1588 2337 1669 2368 nulla
1685 2338 1780 2377 possit

957 2380 1086 2420 quietem
1115 2391 1231 2422 capere,
1259 2392 1427 2422 quanquam
1444 2383 1473 2412 id
1499 2382 1583 2413 multi
1599 2391 1688 2422 supra
1703 2381 1781 2412 vires

957 2434 1024 2456 suas
1044 2426 1273 2467 facultatemque
1298 2427 1517 2458 contenderunt
1547 2427 1623 2463 Quin
1639 2426 1674 2456 ab
1693 2425 1780 2456 initio

958 2479 992 2500 ea
1004 2471 1176 2502 conditione
1193 2472 1330 2502 conditus
1341 2479 1386 2502 est
1398 2472 1498 2502 homo.
1516 2471 1643 2511 Operari
1656 2471 1735 2501 enim
1747 2475 1776 2501 et

957 2515 1106 2546 custodire
1124 2516 1292 2556 paradisum
1305 2516 1406 2556 jussus
1422 2521 1465 2547 est
1486 2517 1628 2556 Adamus,
1655 2520 1683 2546 et
1705 2515 1775 2545 dnm

956 2561 992 2591 ad
1008 2562 1194 2594 honestatem
1218 2572 1384 2600 movemur,
1410 2568 1513 2594 natura
1538 2571 1707 2603 operamur.
1723 2562 1777 2598 Qui

956 2605 1068 2646 itaque,
1078 2607 1136 2638 otio
1146 2610 1175 2638 et
1187 2607 1303 2638 inertiae
1313 2608 1429 2648 seipsos
1439 2608 1635 2648 tradiderunt,
1649 2609 1777 2649 quicun-

956 2660 1013 2690 que
1028 2651 1147 2685 fuerint.
1165 2651 1275 2691 aiioqui
1292 2652 1387 2683 sancti
1402 2657 1430 2683 et
1445 2652 1626 2692 spirituales,
1638 2653 1667 2682 in
1684 2653 1775 2683 atiec-

957 2697 1052 2727 tioncs
1066 2700 1177 2726 natura:
1187 2705 1290 2736 parum
1302 2702 1519 2728 consentaneas
1530 2707 1562 2728 se
1578 2697 1774 2738 prwcipitant.

1164 2806 1221 2839 4δί
1250 2809 1334 2840 loan.
1365 2815 1409 2846 tu,
1427 2808 1477 2841 t8.
1520 2807 1550 2833 47
1569 2807 1643 2839 Ibid.
1665 2807 1775 2841 19-29.

90 2836 118 2862 48
129 2835 199 2868 Ibid.
216 2837 266 2870 23.
310 2835 341 2864 ιθ
355 2838 432 2872 Ibid.
447 2839 498 2871 24.
539 2840 572 2866 50
586 2835 680 2874 Levit:
692 2851 733 2880 ιι,
751 2843 800 2875 44.
843 2844 871 2870 δ¹
888 2844 919 2878 ϐε

967 2835 991 2879 εξ
1001 2835 1046 2885 it,
1055 2835 1103 2879 itii
