1983 3072
170 119 226 153 411

169 184 207 235 με
218 186 299 218 enim
309 187 375 219 fons
391 198 556 235 perennem
569 200 675 232 aquam
689 194 868 231 scaturiens,
881 195 906 225 si
919 204 994 235 pau-

170 229 232 262 lum
259 233 436 272 constiterit,
468 229 644 277 exsiccatus,
671 246 727 269 nec
752 238 814 278 jam
837 229 994 278 fons,-sed

171 275 253 306 fovea
278 277 374 316 potius
399 282 445 308 est
471 287 478 310 :
503 279 545 310 ita
569 281 620 320 qui
638 275 799 314 mandatis
827 275 995 315 factitandis

168 328 289 368 semper
306 330 339 352 se
355 328 470 368 purgat,
489 328 518 355 et
535 334 570 355 ex
585 325 647 356 Deo
674 331 817 368 purgatus
832 338 867 360 ac
882 329 993 361 sancti-

167 364 271 396 ficatus
286 370 342 412 est,
368 367 393 399 si
420 368 456 400 ab
483 364 810 412 exsecutionepaulum
826 374 991 410 deﬂexerit.

168 418 220 449 pro
239 411 378 450 portione
393 413 481 444 etiam
498 424 514 445 a
531 411 843 449 sanctitateideﬂectit.
858 418 992 455 Quivero

168 463 234 484 cum
248 465 307 486 uno
322 457 450 497 quodam
464 464 584 499 peccato
601 461 700 492 sciens
716 462 804 493 simul
821 463 990 502 abducitur,

167 501 247 549 totus
260 509 276 530 e
290 501 416 541 puritate
432 504 542 535 excidit
557 515 565 542 ;
581 505 658 538 sicut
670 510 698 537 et
709 516 758 538 vas
774 517 858 548 aqum
870 501 989 549 plenum

167 544 286 576 modico
301 555 386 577 como
402 551 495 578 totum
511 548 698 590 inquinatur.
724 552 786 583 Nec
802 544 905 583 solum
920 563 990 594 pec-

166 591 372 638 catum_,_quod
389 601 442 638 per
457 603 565 634 corpus
580 594 757 631 admittitur.
775 597 828 628 sed
843 597 901 628 alia
913 591 989 638 quo-

167 641 226 681 que
240 633 321 673 vitia,
339 645 403 675 qum
415 636 493 668 intra
509 647 562 668 nos
576 648 630 679 per
642 649 696 670 nos
712 633 990 681 perpetranturmec

167 676 317 724 videntur,
343 680 490 722 intelligo,
517 676 621 714 vanam
651 676 789 724 gloriam,
820 676 990 718 hominibus

168 721 307 772 placendi
330 721 687 772 studium,rsuperbiam,
718 730 845 772 fastum,
872 732 990 771 jactan-

168 765 252 813 tiam,
281 765 470 809 hypocrisin,
495 765 630 804 amorem
660 765 844 812 dominandi;
872 765 988 813 italum,

169 811 393 860 malignitatem,
418 815 532 854 odium,
562 818 730 858 perfidiam,
754 811 909 860 invidiam,
928 811 1020 859 elaQB

169 855 292 896 tionem,
305 859 415 897 zelum,
437 861 482 891 sui
497 855 755 902 com-placentiam,
783 855 914 897 amorem
931 867 987 903 sui,

167 902 410 940 contentionem,
437 905 652 946 insipientiam,
679 913 708 939 et
731 909 861 950 reliquas
886 920 990 942 omnes

169 946 323 994 passiones
347 948 528 988 ignominiaa,
555 961 621 992 quae
644 951 675 983 in
699 946 986 994 anima-operantur,

166 998 185 1037 Ξ
205 990 313 1030 quibus
328 997 356 1023 et
372 995 515 1034 propheta
541 990 630 1027 David
654 997 776 1029 liberari
800 990 988 1037 desiderans,

165 1033 258 1065 Deum
274 1037 396 1076 rogabat
417 1033 448 1068 in
461 1039 541 1070 hunc
559 1041 680 1072 modum
694 1051 700 1073 :
717 1042 765 1074 Ab
780 1044 903 1075 occultis
915 1033 990 1076 meis

166 1082 282 1126 munda
298 1091 356 1120 me,
370 1084 447 1114 etab
462 1085 574 1116 alienis
587 1095 682 1126 parce-
701 1096 787 1118 servo
810 1091 869 1120 tuo.
886 1089 920 1121 Si
930 1090 991 1120 mei

166 1132 229 1155 non
256 1125 505 1166 dominabuntur,
532 1133 602 1160 tunc
631 1131 847 1163 immaculatus
872 1142 933 1169 ero,
959 1137 990 1164 et

165 1170 472 1204 mundaboradilccto
487 1174 623 1205 maxime
634 1175 674 1207 δε.
687 1175 722 1206 Et
735 1186 743 1206 :
755 1177 819 1208 Fiat
831 1186 883 1208 cor
892 1187 987 1209 meum

167 1216 397 1248 immaculatum
405 1220 437 1247 in
446 1218 717 1258 iustiﬁcationibus
727 1222 796 1259 tuis,
810 1225 839 1253 et
854 1231 914 1253 non
922 1231 989 1253 con-

163 1259 286 1305 [Lundar
302 1261 344 1292 53.
366 1261 401 1292 Et
423 1271 539 1293 rursum
555 1272 561 1294 :
579 1264 638 1294 Cor
648 1265 795 1296 mundum
806 1275 874 1297 creo
886 1267 919 1297 in
929 1276 986 1305 me,

163 1302 287 1342 Dcus,et
295 1307 437 1346 spiritum
448 1311 566 1338 rectum
578 1309 690 1340 innova
702 1310 732 1340 in
745 1302 989 1343 visceribusmeis

162 1348 252 1380 “.Et:
268 1350 387 1390 Spiritu
395 1352 559 1391 principali
568 1353 717 1392 conﬁrma
729 1364 775 1385 me
784 1354 899 1391 55.0w:
908 1356 987 1386 enim

164 1394 287 1433 utilitas,
299 1396 415 1434 fratres,
426 1397 559 1428 laborum
571 1399 816 1440 corporalium,si
828 1410 900 1440 opus
909 1401 988 1432 inte-

822 126 1013 161 SYMEONIS
1031 124 1206 162 IUNIORIS

1800 134 1863 168 412

1004 205 1028 224 Α
1039 193 1204 238 denterque
1229 208 1361 241 oremus,
1379 201 1421 231 uti
1447 211 1569 241 prorsus
1580 210 1596 234 a
1612 202 1698 233 nobis
1716 211 1754 233 ne
1765 211 1860 244 sepa-

1036 243 1130 288 retur,
1146 251 1220 273 neve
1236 244 1314 275 sinat
1329 254 1382 276 nos
1396 245 1478 277 abire
1493 255 1509 277 a
1525 246 1582 287 via,
1595 247 1646 287 qui
1660 251 1705 278 est
1715 246 1861 288 ipsemet,

1035 284 1086 324 qui
1102 285 1192 318 dixit:
1205 287 1271 327 Ego
1281 298 1348 321 sum
1359 284 1644 328 via,resurrectio_et
1653 284 1862 324 υἰιαόοΗυιιὰ

1036 337 1106 377 ergo
1127 332 1327 375 exquiramus,
1345 335 1424 366 hunc
1441 337 1604 375 praevenire
1625 336 1808 377 Studeamus,
1826 341 1862 367 ut

1035 373 1123 404 etiam
1142 376 1224 407 illum
1242 373 1405 411 teneamus.
1428 373 1511 416 Quod
1535 381 1560 411 si
1579 382 1686 412 factum
1708 373 1808 421 fuerit,
1826 385 1861 412 et

1034 418 1070 448 ad
1087 420 1151 459 ejus
1175 423 1343 463 exemplum
1366 425 1452 455 vitam
1476 429 1608 456 nostram
1625 418 1857 466 instituerinius,

1035 472 1094 494 non
1119 465 1213 496 solum
1238 477 1306 498 cum
1331 469 1400 500 hinc
1426 470 1680 509 emigraverimus,
1697 470 1751 501 sed
1773 465 1855 501 nunc

1033 508 1121 539 etiam
1148 509 1179 541 in
1204 512 1310 543 coelum
1337 523 1402 545 cum
1430 508 1498 554 ipso
1518 514 1726 554 ascendemus,
1743 518 1773 545 et
1791 524 1858 545 una

1031 561 1220 587 assumantur
1237 566 1244 588 :
1262 558 1322 589 imo
1334 559 1432 599 potius
1447 559 1511 599 ipse
1522 569 1575 590 nos
1586 569 1686 590 secum
1703 559 1855 597 sustollet,

1032 601 1061 627 et
1083 599 1276 644 glorificabit,
1308 607 1338 634 et
1363 603 1486 635 donabit
1508 604 1647 635 felicitate
1673 603 1860 644 sempiterna.

1032 643 1154 687 perfrui.

1324 694 1463 726 ORATIO
1495 694 1572 726 XXI.

1343 750 1552 774 ARGLTMENTUM.

1039 782 1338 834 Videnltiu'rn,lecquid
1360 789 1545 834 beatudines,
1568 789 1606 820 de
1619 788 1727 828 quibus
1741 788 1858 834 locutus

1071 828 1115 855 est
1125 826 1278 864 (Ir/cistas;
1290 829 1322 859 in
1333 830 1419 860 nobis
1431 830 1594 860 habeamus
1608 826 1684 864 {eas
1699 829 1781 860 enim
1790 837 1858 860 esse

1072 865 1218 909 indicium
1233 869 1395 907 signaculi,
1411 874 1439 900 et
1456 869 1658 909 proprietates
1672 868 1857 900 characteris

1072 905 1146 947 ejus.
1176 907 1234 944 Qui
1251 905 1336 947 signo
1359 905 1474 941 Christi
1495 905 1634 947 signatus
1652 918 1713 940 non
1732 913 1788 945 est,
1801 918 1857 940 nec

1070 946 1287 990 characterem
1298 948 1383 980 illius
1404 953 1436 980 in
1457 958 1488 980 se
1507 946 1576 988 fert.
1593 949 1673 980 hunc
1686 950 1718 980 in
1728 958 1855 990 regnum

1071 985 1214 1017 calorum
1232 989 1364 1020 introire
1379 985 1556 1030 neutiquam
1568 998 1664 1030 posse.

1072 1037 1246 1081 Quicunque
1267 1042 1350 1082 signo
1375 1043 1493 1074 Domini
1518 1052 1551 1074 ac
1567 1042 1633 1079 Dei,
1651 1045 1680 1073 et
1692 1041 1854 1074 Salvatoris

1030 1083 1124 1113 nostri
1139 1084 1207 1114 Jesu
1221 1084 1341 1124 Christi,
1359 1087 1466 1127 signati
1481 1097 1540 1118 non
1557 1096 1670 1123 sumus,
1696 1096 1853 1118 curramus

1031 1131 1062 1158 ut
1076 1127 1238 1166 signemur.
1255 1129 1431 1172 Quicunque
1442 1131 1574 1171 insigniti
1587 1141 1646 1161 non
1657 1140 1771 1169 sumus,
1782 1135 1854 1162 nota

1030 1171 1150 1211 spiritus
1172 1173 1307 1212 insigniri
1323 1171 1529 1216 properemus.
1548 1177 1625 1206 Mors
1641 1175 1720 1206 enim
1736 1175 1766 1206 in
1783 1176 1853 1206 ani—

1030 1225 1093 1246 mas
1109 1218 1326 1256 primitivorum
1352 1221 1379 1246 61
1407 1231 1460 1262 per
1481 1221 1655 1260 sanguinem
1681 1220 1804 1261 Christi,
1823 1225 1854 1251 et

1029 1260 1153 1298 gratiam
1169 1263 1347 1295 sanctissimi
1364 1260 1492 1305 Spiritus
1508 1275 1566 1296 non
1583 1264 1753 1295 dominatur
1770 1274 1777 1296 :
1796 1274 1854 1295 nec

1030 1304 1117 1343 lupus
1146 1306 1196 1346 qui
1221 1312 1320 1340 mente
1347 1304 1521 1351 percipitur,
1552 1309 1682 1349 sigillum
1710 1309 1854 1349 principis

1030 1353 1179 1389 pastorem
1195 1352 1315 1390 Christi,
1333 1364 1391 1394 quo
1414 1364 1483 1386 oves
1506 1359 1575 1385 suas
1589 1354 1706 1393 signare
1722 1363 1854 1384 consue-

1029 1393 1085 1439 vit,
1098 1400 1200 1426 contra
1223 1393 1456 1431 intueriiaudet.
1484 1399 1596 1439 Itaque,
1610 1399 1716 1429 fratres
1732 1397 1849 1436 fideles,

166 1438 230 1469 rius
243 1441 461 1480 postponatur?
477 1445 521 1472 An
535 1452 594 1472 non
605 1443 742 1474 audimus
753 1438 874 1475 Paulum
887 1445 987 1476 dicen-

1040 1438 1255 1481 livinarumque
1277 1452 1375 1474 rerum
1392 1444 1505 1484 cupidi,
1522 1438 1851 1494 festinemus-agentes

165 1485 223 1515 tem
233 1493 240 1515 :
251 1486 426 1525 Corporalis
433 1487 654 1538 exercitatioad
664 1489 815 1520 modicum
825 1490 937 1538 utilitis
944 1494 988 1522 est
997 1501 1016 1526 c
1029 1486 1058 1532 φῖ
1074 1484 1230 1516 πηοῖίθηῑθε
1243 1488 1343 1538 (ξιηηὶῖξι
1358 1498 1422 1538 quas
1439 1489 1556 1538 Christ?
1568 1491 1636 1518 δυηι
1646 1487 1763 1538 ριίιοξῑειπ
1772 1491 1804 1517 ιη
1813 1486 1850 1518 ab

161 1528 258 1567 pietas
278 1534 380 1561 autem
399 1531 440 1562 ad
450 1531 552 1562 omnia
564 1531 644 1563 56.Et
655 1542 772 1563 rursum
784 1543 790 1565 :
807 1534 989 1566 Mundemus
1029 1528 1093 1578 i959
1104 1538 1222 1583 ψξξηιιε
1233 1531 1351 1583 δίὲτξίιῐίι
1365 1528 1401 1564 δε
1410 1538 1516 1583 εωξθνο
1528 1533 1594 1583 sine
1607 1532 1848 1583 ΨθῑυῘίνδηωὲῖ

161 1575 411 1614 nosmetipsosab
422 1578 507 1606 omni
517 1577 988 1618 inquinamentocarnisetspiri-
1029 1575 1099 1622 (Ιξλίη
1117 1575 1266 1627 “mihi”
1281 1577 1319 1627 fl?
1336 1587 1423 1627 φίλου
1440 1579 1506 1618 eius
1521 1575 1849 1627 ιξηίεθτίροξάίδιιὶβορίς

166 1618 375 1650 ιιιεῦτΕειάεηι
383 1624 412 1650 ei
422 1621 653 1651 εειιςιυενειτυε
663 1621 770 1652 clamat
779 1622 806 1653 ίη
816 1623 878 1653 ᾖδες
886 1622 984 1654 verba;
1029 1618 1154 1657 piamus,
1168 1624 1197 1649 et
1209 1620 1289 1660 digni
1305 1622 1477 1659 habeamur,
1490 1622 1542 1663 qui
1556 1621 1728 1661 mysterium
1741 1620 1850 1652 Christi

164 1662 317 1695 Succincti
337 1665 452 1696 lumbos
474 1669 582 1697 mentis
599 1669 714 1703 vestra,
734 1666 831 1698 sobrii
844 1667 986 1708 perfecte,

163 1711 284 1746 sperate
292 1709 322 1739 in
331 1718 411 1747 eam,
423 1719 490 1749 quae
500 1711 631 1750 oﬁ'ertur
642 1711 723 1741 vobis
733 1713 880 1751 gratiam,
894 1713 924 1742 in
935 1721 985 1743 re—

164 1751 342 1784 uelationem
350 1755 422 1786 .lesu
433 1754 557 1792 Christi,
566 1758 653 1794 quasi
663 1756 722 1794 ﬁlii
731 1756 918 1794 obedientia’,
928 1765 987 1788 non

164 1797 346 1837 conﬁgurati
354 1799 508 1838 prioribus
515 1800 696 1840 ignorantia
705 1804 812 1831 oestrte
818 1801 983 1833 desideriis.

164 1841 219 1872 sed
237 1843 400 1874 secundum
414 1853 494 1883 eum,
507 1845 560 1884 qui
580 1844 697 1875 vocavit
718 1853 779 1881 vos,
793 1849 942 1885 sanctum,
959 1849 988 1876 et

164 1885 223 1924 ipsi
229 1886 263 1917 in
273 1890 357 1918 omni
366 1891 592 1919 conversatione
601 1889 699 1919 sancti
706 1890 782 1926 sitis,
791 1893 818 1919 et
828 1889 988 1921 Dominum

163 1928 266 1961 Jesum
275 1932 461 1972 sanctiﬁcate
472 1933 503 1963 in
516 1932 656 1964 cordibus
667 1933 907 1965 vestrisldcirco
913 1935 984 1964 scri-

162 1977 250 2014 ptum
262 1980 303 2007 est
315 1987 324 2007 :
338 1976 448 2008 Sancti
455 1981 547 2008 estote
557 1980 767 2018 quoniamjego
777 1983 985 2009 sanctussum.

163 2019 215 2052 Et.
229 2023 383 2060 sipatrem
403 2023 552 2053 invocatis
570 2031 649 2058 eunt,
666 2024 719 2062 qui
730 2023 798 2054 sine
815 2024 988 2063 acceptione

1028 1671 1251 1702 cognoscamus.
1273 1666 1478 1706 Cognitionem
1502 1671 1601 1697 autem
1625 1665 1770 1704 intelligo,
1789 1674 1849 1696 non

1028 1716 1094 1746 quae
1116 1709 1205 1739 verbo
1230 1710 1370 1742 duntaxat
1398 1717 1427 1743 et
1453 1711 1603 1742 auditione
1627 1710 1752 1740 traditur
1769 1721 1776 1739 ι
1793 1709 1850 1740 serl

1028 1761 1094 1791 quae
1109 1752 1138 1782 in
1151 1753 1215 1792 ipso
1231 1764 1321 1794 opere
1348 1761 1377 1786 et
1398 1758 1518 1787 actione
1541 1756 1650 1787 elucet.
1667 1753 1744 1785 Audi
1759 1753 1849 1792 igitur

1028 1797 1277 1837 quemadmodum
1311 1801 1438 1840 cognitio
1476 1800 1684 1841 mysteriorum
1713 1798 1851 1848 gerite?

1029 1851 1114 1882 opus,
1131 1846 1159 1872 et
1174 1843 1319 1875 actionem
1336 1845 1366 1876 in
1383 1846 1468 1876 nobis
1484 1845 1688 1886 perspiciatur.
1715 1842 1849 1874 Christus

1030 1886 1109 1918 Deus
1124 1891 1225 1919 noster
1235 1898 1287 1929 per
1295 1891 1477 1929 evangelium
1494 1899 1578 1921 suum
1594 1887 1726 1929 quotidie
1741 1891 1847 1927 aperte

1029 1932 1149 1964 clamat:
1164 1933 1252 1964 Beati
1260 1944 1410 1974 pauperes
1419 1937 1541 1974 spiritu,
1554 1935 1700 1975 quoniam
1712 1933 1847 1972 ipsorum

1029 1981 1072 2007 est
1084 1987 1211 2018 regnum
1223 1978 1367 2010 caelorum
1375 1980 1413 2011 ϐε.
1428 1980 1489 2010 Hoc
1499 1979 1615 2020 quoties
1625 1977 1764 2009 audimus
1774 1985 1844 2006 cou-

1028 2021 1172 2059 siderare,
1188 2026 1216 2053 et
1231 2033 1283 2053 nos
1296 2023 1375 2063 lpSUS
1391 2025 1548 2063 diligenter
1569 2026 1726 2054 executere
1750 2020 1844 2051 debe-

161 2073 366 2104 personarum
394 2068 518 2106 judicat
551 2067 717 2098 secundum
753 2069 988 2107 uniuscujusque
1029 2075 1106 2116 mus,
1124 2076 1193 2097 num
1214 2077 1319 2117 revera
1342 2078 1486 2109 pauperes
1508 2067 1797 2117 istiusmodilsimu‘s,
1817 2069 1850 2096 ut

162 2118 247 2150 opus,
255 2111 289 2141 in
304 2112 412 2142 timore
424 2112 572 2143 incolatus
582 2113 674 2143 vestri
688 2117 818 2152 tempore
829 2121 1019 2163 conversa-In
1029 2110 1117 2163 etiam
1136 2116 1274 2163 nostrum.
1285 2112 1323 2142 sit
1337 2122 1460 2163 regnum
1476 2113 1617 2163 caelorum
1632 2123 1640 2150 ς
1656 2111 1730 2163 adeo
1747 2114 1777 2140 ut
1793 2119 1847 2159 nos

163 2155 241 2185 mini
257 2164 267 2184 :
282 2157 410 2188 scientes
426 2157 506 2197 quod
519 2165 577 2188 non
588 2157 841 2197 corruptibilibus
851 2153 1058 2194 auro,velDid
1091 2156 1330 2207 tulo"possidere
1353 2158 1455 2207 animo
1477 2157 1640 2207 sentiamus
1665 2156 1766 2204 itaque
1784 2154 1849 2194 ejus

164 2203 294 2237 argento
312 2201 464 2241 redempti
474 2205 546 2233 estis
559 2202 599 2232 de
614 2210 693 2232 vana
709 2205 810 2232 υεςίνα
822 2210 987 2233 conversa-
1031 2207 1133 2230 tenere
1149 2201 1275 2250 divitias,
1295 2206 1325 2232 ut
1337 2201 1654 2251 citrandubitationem
1678 2201 1791 2251 nos‘in
1812 2208 1847 2248 eo
1870 2242 1878 2250 .

161 2244 244 2275 tione
262 2248 400 2284 paterna:
421 2246 609 2282 traditionis,
623 2246 674 2276 sed
695 2248 826 2286 pretioso
836 2247 988 2285 sanguine
1029 2253 1094 2296 esse
1118 2247 1318 2296 experiamur,
1351 2250 1379 2277 et
1403 2245 1598 2296 illiusnbonis
1621 2249 1709 2294 atque
1735 2243 1848 2296 dfliCllS

162 2291 332 2330 quasiagni
343 2290 531 2322 immaculati
543 2291 655 2322 Christi
667 2291 987 2339 58.0ptemusigituret
1029 2288 1222 2320 oblectamur.
1237 2289 1474 2339 intrannosenim
1490 2290 1561 2321 illud
1577 2298 1655 2327 esse,
1669 2287 1847 2339 ipsepomij

163 2343 218 2364 nos
228 2338 288 2365 toto
299 2335 409 2373 animo,
419 2339 448 2366 et
460 2336 516 2366 fixa
529 2335 737 2376 sitsententia,
751 2345 808 2381 non
822 2336 987 2376 decipi,aut
1029 2341 1084 2381 pus
1106 2333 1361 2381 pronuntiavit“.
1375 2336 1563 2381 Argumenla_
1578 2343 1676 2374 ροττογ
1695 2331 1845 2381 quib???

163 2377 201 2408 ab
216 2378 316 2418 aliqua
327 2380 470 2420 corporis,
480 2380 623 2411 animante
638 2375 986 2420 perturbationeinesca-
1027 2377 1105 2408 intra
1131 2387 1186 2409 nos
1210 2379 1533 2430 essendemonstretur,
1557 2379 1619 2430 haec
1644 2384 1713 2430 sunt
1739 2387 1746 2406 :
1768 2375 1845 2406 Nihil

162 2422 199 2460 ri,
213 2428 242 2455 et
254 2423 377 2464 alligari,
395 2434 433 2455 ne
453 2434 507 2465 per
525 2435 613 2456 unam
630 2434 682 2456 seu
704 2434 833 2464 parvam,
853 2434 905 2473 seu
921 2434 984 2456 ma-
1028 2431 1132 2472 eorum
1148 2432 1213 2463 quia
1228 2423 1320 2473 oculis
1335 2424 1534 2473 subjictuntur
1545 2427 1575 2454 et
1589 2425 1727 2473 pereunt,
1739 2430 1844 2473 cotton-

162 2477 249 2507 gnam
258 2469 388 2501 mandati
402 2470 668 2510 transgressionem
679 2470 759 2500 viain
769 2470 877 2500 coelum
888 2470 986 2500 feren-
1028 2467 1161 2507 piSCere;
1177 2476 1236 2504 res,
1256 2467 1377 2517 inquam
1394 2472 1423 2499 et
1438 2468 1657 2517 oblectamenta
1670 2467 1757 2506 hujus
1768 2469 1842 2517 vitio,

163 2516 192 2543 te
207 2513 388 2546 excidemus.
404 2514 461 2546 Sed
477 2524 543 2545 cum
564 2515 826 2550 ambulavernnus,
839 2524 893 2546 nec
906 2519 984 2545 retro
1028 2521 1085 2542 non
1103 2520 1186 2551 opes,
1204 2521 1261 2542 non
1277 2513 1411 2553 gloriam,
1431 2523 1489 2544 non
1510 2512 1646 2548 delicias,
1672 2520 1729 2541 ηοη
1753 2509 1842 2540 “nam

161 2558 392 2598 respexerimus,
404 2559 579 2590 festinemus
587 2559 813 2590 antecedentem
821 2559 984 2590 nosJesum

165 2603 340 2643 prmvenire,
359 2604 487 2645 factique
498 2605 561 2644 ejus
572 2608 735 2644 compotes,
747 2608 814 2635 ante
831 2613 898 2635 eum
913 2612 984 2644 pro—

163 2647 309 2690 cidamus,
329 2653 358 2680 et
372 2659 473 2680 coram
492 2649 918 2689 ejusibonitateploremus59,
934 2658 984 2679 ar-

197 2755 228 2782 59
253 2755 332 2788 Psal.
361 2764 444 2792 xvui,
477 2755 527 2791 13.
557 2756 602 2789 14.
645 2756 677 2781 53
705 2754 782 2786 Psal.
812 2763 916 2791 cxvm.
945 2755 995 2788 80.

159 2795 190 2836 δῖ
218 2795 245 2826 II
273 2797 341 2827 Cor.
372 2797 404 2836 7,
436 2798 463 2827 1.
508 2795 565 2828 581
593 2796 674 2828 Petr.
705 2804 727 2836 ι,
758 2796 865 2827 13-19.

158 2834 193 2867 ϐ²
205 2835 307 2869 Matth.
325 2845 354 2879 v,
372 2834 402 2869 3L
444 2836 477 2862 03
492 2837 563 2870 Luc.
579 2845 653 2875 xvu,
669 2837 720 2868 21.

908 2795 941 2822 59
967 2794 1046 2827 Psal.
1075 2801 1152 2830 XCIV,
1182 2793 1212 2824 6.

1027 2556 1156 2596 denique
1170 2556 1259 2587 aliam
1276 2559 1341 2588 vita:
1353 2558 1517 2597 praesentis,
1535 2561 1585 2588 aut
1599 2555 1732 2605 corporis
1743 2555 1844 2605 volup-

1029 2605 1117 2632 tatem
1137 2610 1143 2632 :
1161 2601 1213 2632 sed
1230 2601 1270 2632 ita
1295 2612 1328 2633 se
1355 2603 1402 2633 his
1427 2602 1566 2633 omnibus
1583 2601 1743 2639 abstinere,
1762 2604 1792 2630 et
1804 2601 1844 2630 sic

1023 2646 1149 2688 judicio,
1167 2656 1201 2678 ac
1216 2647 1364 2678 voluntate
1378 2647 1415 2678 ab
1432 2648 1490 2678 illis
1506 2646 1680 2684 abhorrere,
1698 2649 1730 2676 ut
1744 2648 1841 2686 potes-

1572 2751 1604 2777 56
1628 2750 1641 2781 Ι
1666 2750 1744 2782 Tim.
1762 2758 1800 2786 Iv,
1813 2749 1841 2781 8.

1037 2752 1162 2786 54Psal.
1188 2751 1285 2790 1,,12.
1327 2754 1360 2779 55
1387 2752 1449 2783 Ibid
1480 2753 1529 2784 14.

1559 2791 1586 2817 61
1610 2791 1703 2823 Hebr.
1725 2798 1776 2822 xu.
1793 2790 1840 2822 23.

1254 2793 1287 2818 60
1315 2794 1399 2826 Joan.
1417 2801 1450 2832 u,
1466 2793 1516 2825 95.
