1983 3072
138 152 180 184 44
189 151 207 184 3
892 152 967 184 CBA

1012 151 1035 182 Ο
1057 152 1138 183 ΧΧΙ.
1777 149 1834 181 414

135 222 204 250 tate
217 222 247 249 et
261 219 379 250 honore
391 219 473 258 regio
489 218 700 259 praecellentes
714 218 751 250 ab
767 218 812 249 his
821 217 873 258 qui
888 217 970 257 lupa-
979 220 1000 245 Α
1010 217 1173 256 spiritualis
1184 217 1350 254 notitia,ibi
1358 226 1477 258 quoque
1489 217 1588 248 luctus
1601 215 1710 256 gaudio
1720 216 1836 246 mistns.

140 263 232 294 naria
249 263 372 301 obeunt,
389 263 553 294 abhorrent
567 273 574 295 :
593 268 621 294 et
636 267 777 304 quantum
795 262 844 304 qui
861 271 932 304 pura
944 267 975 292 et
1015 260 1058 292 Ibi
1073 261 1144 293 item
1156 262 1268 302 jugiter
1281 265 1436 293 manantes
1455 261 1604 302 lacrymie,
1621 270 1686 302 quae
1707 261 1836 292 animam

142 307 260 338 munda
274 308 447 338 vestimenta
461 308 565 345 induti,
581 312 609 339 et
638 308 879 338 suaveolentibus
916 316 973 337 un-

142 351 272 392 guentis
287 352 386 392 perliti
402 356 480 390 sunt,
492 353 722 392 graveolentiam
737 362 772 383 ac
787 352 882 383 lutum
893 360 974 382 aver-

141 401 262 427 santur.
281 396 336 433 Qui
353 397 432 428 enim
449 397 484 428 ad
502 407 592 428 unum
616 397 735 436 aliquod
753 396 972 428 nominatorum

141 451 215 472 sese
233 442 390 479 convertit,
402 451 527 482 regnum
541 442 613 472 illud
625 443 767 473 caelorum
781 451 878 482 neque
889 441 971 479 vidit,

141 495 246 526 neque
261 485 374 522 olfecit,
392 496 488 524 neque
499 486 721 526 jucunditatem
739 490 767 516 et
781 486 971 517 dulcedinem

141 531 214 570 ejus
228 530 403 570 degustarit.
421 531 536 562 Deinde
553 541 559 561 :
583 542 594 559 α
610 532 695 562 Beati
708 532 761 571 qui
774 531 888 571 lugent,
901 539 973 571 quo-

141 576 235 607 m'um
254 575 312 616 ipsi
327 575 614 608 consolabuntur“.
630 588 643 604 ››
657 575 818 607 Videamus
833 575 974 606 nuncite-

142 629 228 658 rum,
247 624 276 651 et
291 620 322 651 in
339 624 455 651 nosmet
470 620 670 661 inquiramus,
686 630 756 651 num
771 621 887 651 huncce
907 619 973 650 luc—

144 668 211 695 tum
229 665 259 696 in
276 665 364 696 nobis
379 665 554 702 habeamus,
570 670 599 696 et
614 675 748 706 quaenam
761 665 799 696 sit
809 666 864 696 ista
872 673 975 696 conso-

143 709 234 747 latio,
252 720 316 750 quae
340 710 436 741 luctus
462 711 550 750 hujus
573 721 674 742 comes
697 711 817 742 dicitur.
843 709 974 740 Primum

145 754 273 794 quidem
290 764 439 795 pauperes
453 755 559 795 spiritu
576 755 677 786 beatos
691 755 858 791 afﬁrmavit,
874 757 976 794 utpote

143 807 274 838 quorum
285 799 322 830 sit
338 809 461 838 regnum
481 799 637 830 caelorum.
654 799 801 839 Pauperes
816 803 926 834 autem,
944 803 976 829 ut

1015 306 1092 337 hanc
1113 311 1261 338 amantem
1278 311 1414 347 purgent,
1429 316 1463 337 ac
1478 315 1600 347 prorsus
1623 305 1836 337 lucidissimam

1015 352 1152 383 reddant.
1167 353 1224 384 Per
1236 352 1298 383 haec
1314 352 1402 392 igitur
1412 352 1511 382 anima
1525 360 1643 382 sursum
1656 349 1835 390 respiciens,

1016 401 1046 427 et
1066 396 1224 428 Dominum
1250 406 1336 427 suum
1362 405 1549 436 cognoscens
1568 395 1698 436 reliquas
1713 395 1837 425 virtutes

1016 441 1149 472 studiose
1165 441 1339 482 progignere
1355 441 1422 475 sibi.
1442 446 1471 472 et
1488 440 1603 472 Christo
1628 439 1754 471 orditur.
1775 440 1837 471 Nec

1015 486 1177 517 immerito.
1206 487 1326 526 lrrigata
1349 486 1428 517 enim
1451 487 1649 522 continenter,
1665 488 1694 515 et
1709 484 1835 524 pingue-

1015 540 1102 561 scens
1117 531 1265 571 lacrymis,
1284 535 1313 561 et
1324 530 1399 562 iram
1410 530 1440 561 in
1451 539 1484 561 se
1501 530 1618 570 penitus
1633 528 1835 567 exstinguens,

1016 575 1096 606 mitis
1112 580 1232 616 totaque
1246 576 1281 606 ad
1298 575 1487 606 irascendum
1511 574 1674 605 immobilis
1695 572 1834 604 eﬂicitur.

1015 621 1206 661 Concupiscit
1219 625 1319 652 autem
1339 624 1367 650 et
1392 619 1515 660 appetit,
1532 618 1667 650 esuriens
1689 617 1790 654 simul,
1807 619 1838 647 et

1015 665 1121 696 sitiens
1145 665 1260 696 discere
1283 664 1510 705 justiticationes
1525 663 1589 694 Dei.
1612 662 1645 694 In
1662 662 1706 692 his
1723 670 1791 692 vero
1807 664 1837 691 et

1016 710 1200 747 misericors,
1215 713 1244 740 et
1259 709 1365 740 alienis
1380 708 1578 740 incommodis
1593 707 1699 738 dolens
1712 707 1744 737 ﬁt
1757 716 1764 736 :
1779 715 1836 746 quo

1017 763 1052 785 ex
1069 754 1115 785 his
1129 754 1268 785 omnibus
1282 754 1382 785 cordis
1398 754 1464 794 ejus
1480 753 1590 793 puritas
1614 751 1794 792 perﬁciatur,
1808 753 1837 780 et

1016 799 1080 840 ipsa
1095 800 1188 830 Deum
1198 799 1306 834 videat,
1320 799 1445 839 ejusque
1456 797 1578 838 gloriam
1595 795 1759 827 secundum
1772 803 1838 834 pro-

143 843 315 881 docuimus,
336 844 418 874 hisce
431 844 625 884 praesentibus
639 843 725 884 plane
737 853 794 876 non
806 844 972 884 capiuntur,
985 864 1005 889 Β
1018 845 1190 876 missionem
1217 845 1295 876 clare
1320 844 1479 874 intueatur.
1496 840 1698 889 Qui-huncin
1715 840 1835 889 modum

146 896 249 928 neque
265 888 396 919 animum
407 883 447 919 ita
457 898 524 919 cum
541 888 577 919 iis
591 883 739 929 copulant,
753 883 974 929 atqueconjun'
985 883 1004 889 ”
1015 890 1129 920 animas
1144 899 1211 920 suas
1219 892 1438 929 compararunt,
1452 885 1566 928 paciﬁci
1579 885 1688 917 suntin
1700 883 1833 929 veritate,

147 937 234 971 gunt,
257 936 289 963 ut
307 933 352 964 vel
376 933 492 963 modica
507 933 707 964 delectatione
722 933 891 964 deliniatur.
908 932 972 968 Quo

142 977 239 1017 igitur
248 981 343 1017 pacto,
358 983 384 1009 et
398 987 484 1018 quam
497 977 534 1008 ob
547 987 667 1008 causam
684 978 806 1018 lugebit,
819 978 868 1018 qui
880 981 970 1008 totum

148 1022 294 1053 mundum
311 1023 473 1053 detestatus
488 1027 544 1059 est,
562 1026 591 1054 et
607 1024 695 1054 corde
711 1027 769 1053 tam
786 1023 873 1062 longe
888 1022 924 1052 ab
936 1031 971 1052 eo

144 1066 243 1104 abest,
261 1076 348 1108 quam
365 1076 490 1108 corpore
506 1067 550 1097 illi
566 1067 809 1108 appropinquat?
823 1067 874 1108 qui
889 1067 970 1098 nullo

145 1120 248 1142 rerum
278 1112 505 1152 aspectabilium
531 1122 634 1143 amore
663 1116 793 1150 tenetur,
822 1111 969 1152 quidest,

144 1155 286 1194 obsecro,
304 1167 358 1188 cur
370 1166 402 1188 se
418 1157 556 1197 tristitiae,
573 1157 715 1188 laetitiaave
729 1157 843 1188 dedat?
858 1156 892 1187 Et
900 1166 971 1197 quo-

145 1201 236 1232 modo
252 1201 374 1241 lugebit,
391 1201 564 1242 solatiisque
581 1201 770 1237 mulcebitur.
782 1201 831 1241 qui
843 1210 967 1240 regnum

145 1246 292 1277 caelorum
308 1246 408 1286 habet,
425 1245 495 1277 etin
511 1256 545 1276 eo
562 1246 676 1277 laetatur
692 1246 834 1276 assidue?

187 1291 342 1322 Attendite
358 1295 483 1329 mentes,
501 1300 585 1331 rogo,
602 1291 638 1322 iis
654 1300 718 1332 qua:
733 1290 842 1328 dicam,
853 1293 881 1321 et
891 1299 969 1330 qua:-

147 1337 196 1368 siti
210 1337 354 1368 rationem
371 1346 438 1367 cum
455 1337 519 1377 ejus
534 1337 681 1368 solutione
692 1336 855 1377 accipietis.
873 1335 967 1367 Homo

146 1381 256 1418 ﬁdelis,
283 1381 334 1422 qui
360 1383 397 1413 ad
422 1381 558 1412 mandata
573 1381 625 1412 Dei
641 1380 843 1412 exhaurienda
864 1380 967 1411 sedulo

147 1435 269 1466 semper
282 1426 441 1467 incumbit,
455 1436 522 1457 cum
540 1426 640 1457 omnia
650 1426 822 1462 servarit,et
834 1425 869 1456 ad
883 1425 966 1455 fasti-

1014 939 1044 965 et
1057 935 1110 965 lilii
1123 934 1267 965 Altissimi
1286 928 1487 969 nominantur,
1505 931 1555 972 qui
1577 935 1608 962 et
1628 939 1701 970 pure
1716 928 1833 978 Patrem

1013 979 1233 1019 Dominumque
1254 987 1340 1009 suum
1365 981 1539 1017 agnoscunt,
1560 979 1589 1006 et
1603 984 1637 1005 ex
1648 977 1715 1019 tota
1736 981 1835 1003 anima

1013 1024 1097 1054 illum
1123 1017 1270 1062 diligunt;
1295 1022 1429 1063 quamvis
1454 1021 1586 1052 laborem
1608 1017 1836 1063 videlicettet

1013 1068 1146 1109 quamvis
1161 1060 1351 1098 ai‘llictionem
1368 1067 1432 1107 ejus
1446 1074 1535 1097 causa
1551 1060 1834 1109 sustinentes,inju-

1011 1104 1065 1142 riis
1079 1111 1184 1150 vexati,
1202 1104 1392 1142 contumeliis
1404 1110 1537 1151 appetiti,
1555 1105 1713 1147 augustiati
1725 1104 1762 1135 ob
1770 1105 1834 1151 jus-

1013 1162 1074 1187 tum
1087 1157 1153 1197 ejus
1169 1156 1353 1193 mandatum,
1379 1149 1459 1196 quod
1485 1159 1513 1185 et
1539 1152 1624 1184 nobis
1649 1149 1832 1182 servandum

1009 1202 1163 1243 praecepit,
1174 1200 1429 1242 exprobrationes,
1439 1199 1674 1240 persecutiones,
1697 1199 1726 1226 et
1746 1202 1834 1224 omne

1010 1242 1131 1278 verbum
1159 1247 1267 1277 malum
1290 1246 1363 1276 falso
1389 1249 1492 1276 contra
1516 1253 1548 1274 se
1571 1242 1696 1277 dictum,
1713 1242 1834 1279 propter

1010 1301 1121 1323 nomen
1147 1292 1210 1332 ejus
1234 1291 1395 1322 toleranter
1417 1290 1605 1326 sufferentes,
1635 1284 1832 1322 exsultantes,

1010 1337 1149 1378 quoniam
1163 1331 1255 1376 digni
1277 1340 1346 1366 sunt
1368 1335 1472 1372 habiti,
1495 1334 1546 1375 qui
1574 1331 1713 1378 proiejus
1728 1336 1833 1378 amore

1009 1371 1172 1421 ignominia
1187 1371 1223 1412 ab
1237 1380 1409 1412 hominibus
1424 1371 1616 1411 attice-rentur
1629 1377 1672 1408 37.
1685 1371 1831 1421 Animad-

1009 1416 1148 1462 vertistis,
1164 1426 1281 1460 fratres,
1298 1425 1441 1464 signaculi
1457 1423 1568 1456 Christi
1580 1428 1752 1462 expressam
1765 1416 1830 1464 effi-

146 1462 226 1510 giuui
243 1471 360 1508 horum,
379 1470 407 1502 id
425 1462 479 1508 est,
497 1471 532 1501 ad
547 1471 726 1511 inculpatam
740 1470 877 1511 vitam,et
889 1469 968 1510 puri-
1008 1472 1085 1511 giem
1096 1471 1111 1502 ?
1128 1470 1295 1510 Agnovistis
1305 1462 1420 1507 ﬁdeles,
1434 1469 1630 1510 proprietates
1645 1462 1829 1511 characteris

146 1508 235 1546 tatem
264 1516 414 1555 ingressus
438 1515 537 1553 fuerit,
556 1508 768 1546 tunc-modulo
783 1508 838 1546 suo
853 1508 966 1546 se‘me-
977 1530 997 1555 ο
1010 1508 1077 1556 ejus
1088 1515 1103 1546 ἱ)
1118 1508 1215 1548 Unum
1232 1515 1363 1556 profecto
1377 1508 1559 1554 signaculum
1576 1509 1751 1556 illuminatio
1763 1508 1831 1546 Spi-

145 1561 235 1598 tiens,
259 1560 442 1592 imbecillum
468 1560 609 1598 inveniet,
627 1560 737 1601 quique
752 1560 788 1591 ad
804 1560 967 1591 celsitatem
984 1554 990 1555 7
1010 1554 1085 1592 ritus
1108 1565 1164 1600 est,
1188 1564 1216 1591 et
1233 1554 1265 1590 Vsi
1290 1560 1390 1590 multa;
1414 1563 1482 1590 sunt
1506 1560 1608 1590 formae
1622 1554 1830 1603 operatittlltm

149 1596 231 1636 illam
246 1605 451 1636 mandatorum
469 1596 712 1646 pertingere'no-n
731 1605 823 1645 possit
842 1615 849 1635 :
872 1605 923 1635 sed
942 1609 971 1635 et
1011 1596 1238 1636 illuminationis
1253 1605 1352 1645 hujus,
1366 1605 1515 1644 multaque
1527 1596 1665 1634 virtutum
1677 1600 1742 1646 ejus
1752 1596 1830 1646 illqu

148 1659 309 1690 pauperem
325 1643 484 1690 imprimis,
502 1643 781 1689 siveindignum-ad
799 1649 968 1690 suscipien-
1013 1651 1069 1691 cia,
1094 1659 1219 1690 quorum
1245 1643 1383 1690 primum,
1401 1654 1430 1680 et
1445 1643 1540 1690 magis
1566 1643 1833 1691 necessariumafl

147 1685 377 1730 dumDeum,ad
388 1685 496 1734 gratias
512 1698 541 1725 et
553 1685 655 1725 laudes
668 1694 765 1724 eidem
780 1685 965 1730 tribuendas,
1013 1685 1153 1734 tanquam
1171 1685 1348 1734 principium
1364 1685 1397 1725 ac
1412 1685 1635 1725 t‘unda'mentum
1652 1694 1696 1721 est
1711 1685 1832 1734 humili-

147 1740 243 1780 utqui
259 1731 410 1780 nunquam
429 1739 593 1779 proprium,
611 1747 645 1769 ac
659 1747 746 1769 suum
770 1737 891 1776 aliquod
913 1738 967 1768 ho-
1009 1731 1830 1780 tasHAdquernenimr'expiciam,inquit,nisisuperl}:l:

151 1774 221 1814 num
248 1774 511 1824 possederit.'Haéc
532 1774 592 1823 qui,
605 1787 727 1824 propter
741 1792 773 1813 se
788 1774 854 1813 cu'm
877 1782 968 1812 animi
1009 1783 1112 1815 mitem
1123 1774 1524 1823 etquietum,ett'rementEm
1533 1774 1684 1814 sermones
1692 1774 1832 1824 meoafis?

148 1821 383 1868 sensu-reputat,
400 1828 521 1858 omnino
537 1821 650 1868 lugebit
663 1821 752 1858 rluctu
775 1836 843 1858 vere
860 1827 970 1859 beatis-
1051 1829 1134 1860 Alter
1149 1821 1244 1860 luctus
1268 1834 1312 1860 est
1336 1829 1530 1870 lacrymarum
1552 1828 1628 1862 fons,
1655 1825 1693 1855 de
1723 1821 1830 1863 quibus

149 1873 236 1911 sime,
265 1872 315 1913 qui
340 1880 369 1904 et
394 1872 599 1903 consolatione
617 1872 764 1912 promissa
789 1872 912 1908 levatur,
943 1877 973 1903 et
1013 1882 1081 1906 cum
1102 1875 1223 1914 copiose
1237 1874 1326 1906 velim
1343 1875 1492 1905 disserere
1503 1872 1602 1904 verbis
1621 1871 1657 1902 ad
1674 1877 1762 1900 sensa
1777 1875 1829 1896 ex-

149 1917 276 1949 animam
293 1917 394 1949 mitem
413 1917 503 1948 efﬁcit
523 1926 529 1948 :
544 1921 589 1948 est
606 1917 751 1957 siquidem
769 1917 876 1957 pignus
888 1916 971 1956 regni
1014 1919 1151 1960 plicanda
1167 1919 1320 1951 destituor.
1339 1921 1398 1952 Res
1409 1920 1495 1957 mira,
1512 1923 1541 1950 et
1554 1927 1641 1959 quam
1655 1916 1756 1955 lingua
1771 1920 1833 1943 non

149 1962 292 1993 caalorum
310 1971 347 1993 ex
362 1961 442 1992 luctu
456 1966 687 2002 progeneratum
703 1961 971 1992 solatiuni.«Fi(les
1013 1969 1109 2006 potest
1131 1965 1225 1995 ell'ari.
1247 1966 1302 1996 Per
1319 1965 1421 1996 oculos
1443 1966 1535 1995 (luere
1554 1962 1734 1998 sentiuntur,
1751 1961 1782 1989 et
1798 1965 1833 2006 es

148 2016 286 2047 namque,
302 2007 469 2038 secundum
480 2007 666 2047 Apostolum,
675 2010 717 2038 est
730 2015 837 2037 rerum
848 2014 971 2046 spcran-
1013 2004 1111 2040 anima
1121 2019 1238 2040 caenum
1250 2014 1438 2050 peccatorum
1447 2010 1546 2040 eluere
1558 2007 1765 2046 intelliguntur
1782 2013 1789 2031 :
1803 2004 1834 2032 et

147 2061 214 2083 rum
225 2051 398 2083 substantia
408 2051 450 2083 65.
468 2051 636 2082 Consolatio
651 2061 751 2092 pOI'l‘O,
767 2061 854 2091 quam
868 2051 897 2080 in
909 2051 968 2082 ani-
1009 2055 1040 2086 in
1055 2060 1164 2085 terram
1180 2055 1333 2091 cadentes,
1350 2055 1501 2085 dagmones
1525 2057 1624 2090 urunt,
1647 2061 1681 2082 ac
1697 2052 1832 2092 prosit?»-

151 2097 204 2128 mis
221 2097 389 2136 lugentibus
405 2097 558 2128 illustratio
571 2090 691 2137 spiritus
700 2090 848 2133 conciliat,
859 2097 997 2139 adven-ﬁ
1010 2103 1095 2136 nunt,
1111 2100 1300 2139 animamque
1315 2090 1331 2130 e
1347 2099 1471 2130 vinculis
1483 2097 1596 2138 peccati
1612 2090 1834 2139 inaspectabili-

149 2145 194 2173 tus
210 2132 266 2173 Dei
278 2146 333 2179 est,
352 2142 504 2182 praemium
521 2132 693 2172 certaminis
709 2141 906 2172 humilitatem
924 2132 999 2172 eisD
1010 2144 1065 2175 bus
1081 2132 1225 2175 eximunt.
1281 2144 1415 2184 lacrymze
1439 2132 1592 2174 ett-divina
1607 2132 1829 2184 iltmninatione

151 2186 273 2227 donans,
287 2196 352 2227 quae
365 2191 393 2217 et
408 2196 522 2224 semen,
540 2191 568 2217 ct
584 2187 723 2218 talentum
741 2187 967 2218 vocatur.Aucta

91 2252 99 2262 .
150 2231 268 2272 quippe,
281 2235 310 2261 et
325 2231 515 2271 multiplicata
533 2231 562 2261 in
579 2231 650 2271 ipsis
665 2231 841 2262 certantium
857 2230 967 2262 anima-

151 2276 213 2312 bus,
240 2275 347 2316 partim
377 2276 573 2311 tricesimum,
604 2275 709 2316 partim
739 2276 967 2314 sexagesimum,

150 2320 251 2361 partim
272 2320 467 2358 centesimum
483 2321 545 2351 Deo
562 2320 687 2351 fructum
708 2321 762 2352 fert
779 2321 822 2360 63,
839 2321 967 2352 fructum

149 2369 280 2396 sanctum
297 2365 519 2401 charismatum,
537 2375 572 2395 ac
586 2365 732 2396 donorum
754 2366 891 2405 Spiritus:
909 2365 966 2397 Ubi

150 2409 227 2441 enim
239 2419 298 2440 non
311 2409 408 2440 fucate
419 2410 469 2440 sed
488 2420 555 2441 vere
566 2409 687 2440 humilis
698 2420 731 2440 ac
741 2410 887 2441 demissus
898 2411 966 2441 ani-

150 2464 223 2491 mus,
240 2453 280 2485 ibi
297 2454 384 2485 etiam
402 2455 574 2485 humilitatis
591 2454 726 2485 fundum.
750 2454 849 2493 Et,ubi
865 2455 966 2486 humi-

150 2498 224 2534 litas,
241 2498 281 2529 ibi
303 2498 481 2529 illuminatio
498 2498 629 2539 spiritus.
644 2498 700 2531 Ubi
716 2499 837 2539 spiritus
852 2499 965 2531 illumi-

149 2543 238 2578 natio,
263 2543 303 2573 ibi
327 2543 563 2574 divini'luminis
591 2544 686 2583 copia,
712 2548 741 2575 et
765 2544 844 2575 Dens
867 2545 896 2575 in
917 2555 967 2576 sa-

151 2587 259 2628 pientia
284 2591 312 2618 et
327 2588 499 2628 cognitione
511 2589 717 2629 mysteriorum
735 2589 809 2629 ejus.
826 2589 880 2621 Ubi
897 2599 968 2622 vero

152 2632 222 2670 haec,
251 2632 293 2662 ibi
313 2641 437 2672 regnum
463 2635 619 2672 caelorum,
644 2638 672 2664 et
686 2635 770 2673 regni
785 2635 924 2674 cognitio,
942 2641 971 2667 et

150 2676 313 2708 absconditi
326 2677 456 2708 thesauri
472 2678 605 2709 scientia;
618 2678 683 2716 Dei,
709 2679 737 2709 in
760 2680 867 2720 quibus
883 2681 970 2712 etiam

151 2726 311 2763 paupertas
324 2722 449 2763 spiritus
461 2723 595 2763 patescit.
609 2724 665 2756 L'bi
677 2729 774 2756 autem
791 2726 972 2766 paupertatis

185 2819 217 2846 64
229 2821 335 2853 Matth.
355 2831 384 2859 v,
401 2822 431 2854 5.
473 2821 506 2848 65
519 2822 616 2856 Hebr.
632 2831 674 2862 x1,
693 2823 721 2854 1.

763 2822 796 2848 66
810 2823 910 2856 Matth.
927 2832 990 2863 χιιι,
1008 2823 1026 2856 8
1041 2833 1113 2866 seqq

1007 2189 1215 2225 scaturientes,
1233 2180 1351 2220 (telum-
1368 2188 1465 2228 ipsum
1483 2190 1662 2220 reserantes,
1685 2187 1714 2214 et
1729 2180 1833 2230 divina

1009 2233 1083 2264 mihi
1110 2233 1213 2264 solatia
1229 2233 1377 2274 parientes
1393 2243 1399 2264 ε
1417 2233 1524 2262 iterum
1545 2230 1656 2271 quippe
1671 2233 1703 2274 et
1719 2233 1830 2274 saeptus

1009 2278 1114 2308 eadem
1131 2287 1191 2317 prae
1202 2271 1359 2314 suavitate,
1373 2281 1402 2308 et
1415 2276 1564 2307 desiderio
1579 2274 1657 2305 dico.
1670 2272 1726 2304 Ubi
1740 2271 1833 2319 lacryf

1011 2314 1244 2362 marum'copia,
1263 2323 1378 2359 fratres,
1405 2331 1473 2354 cum
1501 2319 1668 2360 cognitione
1690 2326 1772 2362 vera,
1788 2314 1831 2362 ibi

1008 2367 1095 2397 etiam
1114 2360 1205 2397 divini
1221 2367 1342 2397 luminis
1358 2366 1520 2406 splendor;
1537 2364 1587 2395 ubi
1606 2363 1726 2393 luminis
1742 2360 1831 2400 hujus

1009 2411 1164 2451 splendor,
1188 2411 1226 2442 ibi
1248 2411 1324 2442 bona
1339 2410 1530 2450 suppeditant
1551 2408 1665 2443 omnia,
1684 2411 1712 2437 et
1729 2406 1830 2445 signu-

1010 2457 1108 2487 culum
1125 2460 1218 2487 sancti
1234 2455 1360 2496 Spiritus
1377 2455 1521 2496 plantatur
1537 2453 1566 2484 in
1582 2452 1685 2488 corde,
1705 2451 1786 2482 unde
1802 2453 1832 2479 et

1010 2510 1114 2532 omnes
1129 2501 1194 2531 vitae
1207 2501 1320 2532 fructus
1333 2501 1515 2532 exoriuntur.
1530 2499 1605 2530 Hinc
1621 2497 1737 2528 Christo
1753 2504 1833 2526 man-

1010 2545 1134 2576 suetudo
1148 2546 1328 2586 producitur,
1348 2555 1413 2585 pax,
1431 2544 1628 2583 i-leemosyna,
1651 2540 1832 2581 compassio,

1011 2585 1185 2630 benignitas,
1200 2590 1328 2630 bonitas,
1343 2585 1724 2627 ﬁdes,‘contineutia.llinc
1734 2590 1833 2630 manat

1011 2629 1148 2666 inimicos
1172 2635 1308 2675 diligere,
1322 2629 1362 2666 ret
1379 2644 1430 2675 pro
1450 2633 1509 2664 illis
1524 2641 1620 2668 orare,
1638 2630 1768 2675 gaudere
1783 2629 1831 2659 in-

1011 2674 1237 2716 tentationibus,
1262 2674 1384 2719 gloriari
1399 2679 1427 2709 in
1445 2676 1696 2712 tribulationibus,
1715 2674 1832 2704 alienos

1011 2726 1112 2767 lapsus
1128 2726 1238 2756 ducere
1259 2735 1339 2763 suos,
1355 2729 1383 2755 et
1397 2724 1508 2755 deﬂere
1525 2727 1663 2762 tanquam
1680 2719 1827 2760 proprios,

1167 2825 1198 2850 67
1221 2825 1286 2856 Act.
1304 2833 1332 2863 v,
1350 2824 1399 2857 41.
1442 2820 1544 2853 6815a.
1561 2827 1644 2858 LXVI,
1661 2820 1690 2854 2.
