1983 3072
154 176 213 210 415

806 177 994 212 SYMEOMS
1015 178 1181 213 JUNIORIS

1783 179 1844 212 416

154 246 285 278 animam
298 255 351 286 pro
362 245 504 277 fratribus
512 249 648 287 prompte
660 246 697 277 ad
714 250 840 278 mortem
857 247 976 278 offerre.
989 252 1011 276 Α
1022 248 1111 280 Multo
1122 249 1212 289 igitur
1227 249 1304 289 ignis
1319 249 1512 289 iutelligibilis
1527 249 1557 280 in
1579 249 1651 290 ipsis
1666 248 1842 288 intelligibi-

153 289 265 321 Audite
279 291 380 331 igitur,
397 290 533 327 obsecro,
551 290 711 323 Christiani
726 291 845 330 fratres,
861 296 889 322 et
900 292 976 323 resi-

154 335 271 374 piscite,
288 339 318 366 et
333 336 439 374 videte,
458 345 527 366 num
544 336 645 367 lumen
666 335 696 367 in
712 337 853 368 cordibus
872 337 978 368 vestris

154 379 300 418 illuxerit;
318 390 389 411 num
412 390 550 420 magnum
576 381 650 412 illud
676 381 776 412 lumen
801 381 976 421 cognitionis

154 423 328 464 aspexeritis
347 435 353 454 :
372 435 443 456 num
461 425 620 456 visitaverit
644 435 693 456 vos
716 425 824 457 Oriens
850 435 884 457 ex
905 426 975 463 alto,

153 468 348 500 illuscescens
362 470 446 501 vobis
461 471 492 501 in
508 470 653 511 tenebris,
671 475 700 501 et
715 471 745 501 in
759 471 864 502 umbra
876 471 978 502 mortis

154 513 328 545 sedentibus
335 515 377 544 69.
387 515 465 546 Deus
476 515 556 546 enim
568 525 634 546 cum
648 515 759 546 nullius
771 520 866 556 egeat,
876 516 978 556 sitque

154 559 303 590 bonorum
330 560 447 600 plenus,
474 559 548 590 nihil
571 570 588 590 a
612 560 698 591 nobis
728 566 835 600 praeter
854 560 978 592 salutem

152 607 283 635 nostram
294 605 420 645 requirit
436 616 443 643 ;
460 614 516 645 qua
531 605 619 636 aliter
631 605 717 645 potiri
729 605 772 636 fas
786 614 844 635 non
856 605 978 645 est,nisi

155 657 239 680 mens
255 655 356 681 nostra
371 650 471 681 divina
489 652 596 681 virtute
611 650 798 688 immutetur,
825 655 855 681 ut
870 651 908 681 sit
923 661 977 682 en-

154 693 231 730 thea,
247 695 276 725 id
290 699 343 732 est,
355 695 474 726 Nimine
488 695 600 736 affluta,
617 705 634 726 a
648 697 709 727 Deo
725 699 801 731 acta,
820 695 880 726 sive
895 695 976 726 omni

154 739 378 778 perturbatione
394 750 508 777 carens,
524 744 553 771 et
573 744 683 771 sancta.
707 742 789 772 Mens
815 741 893 771 enim
919 749 974 771 en—

154 782 222 813 thea
244 788 300 824 est,
322 794 387 825 quae
403 785 496 816 Deum
517 785 547 815 in
572 795 604 816 se
619 785 717 816 habet.
742 785 821 816 Talis
843 788 941 816 autem
957 795 974 816 a

1019 293 1096 325 tibus
1113 294 1267 332 occultior,
1286 298 1314 324 et
1329 303 1454 326 arcanus
1471 294 1573 334 magis,
1587 304 1674 336 quam
1690 293 1841 325 sensibilis

1018 338 1048 369 in
1065 338 1270 370 sensibilibus.

1059 383 1190 415 Proinde
1206 383 1411 424 inSpiciamus,
1425 384 1540 424 fratres,
1557 383 1762 423 subtiliterque
1773 391 1840 414 nos-

1021 432 1080 458 met
1087 433 1319 469 perscrutemur,
1330 433 1358 460 et
1370 438 1580 469 pernoscamus
1589 429 1703 459 animos
1712 431 1838 467 nostros,

1021 482 1091 504 num
1115 473 1142 504 in
1168 474 1252 504 nodis
1278 473 1386 505 Christi
1411 473 1595 513 signaculum
1611 473 1658 503 sit.
1684 473 1840 504 Discamus

1019 527 1055 548 an
1072 518 1102 548 in
1119 517 1203 550 nobis
1219 518 1255 548 sit
1271 518 1459 556 Christus,ex
1477 517 1595 548 indiciis
1611 522 1639 548 et
1653 517 1755 557 signis,
1775 527 1841 557 qua:

1021 563 1208 602 protulimus.
1226 562 1309 599 Quod
1326 563 1350 594 si
1365 563 1526 599 Christum,
1542 567 1592 593 aut
1610 563 1675 602 ejus
1699 562 1839 602 signacu—

1020 607 1080 637 lum
1099 607 1224 638 necdum
1241 608 1423 648 accepimus,
1440 607 1578 647 dictaque
1594 607 1676 647 signa
1698 607 1728 636 in
1753 605 1840 636 nobis

1019 651 1091 691 ipsis
1104 652 1181 683 haud
1197 652 1399 692 agnoscimus:
1418 653 1489 692 quin
1506 656 1608 682 contra
1624 651 1731 692 potius,
1750 660 1839 682 mun-

1019 696 1073 727 dus
1089 697 1175 727 fallax
1196 697 1226 727 in
1250 697 1336 728 nobis
1351 696 1433 735 vivit,
1450 705 1563 737 nosque
1578 696 1608 727 in
1624 696 1688 737 ipso
1703 696 1840 726 infelices

1016 742 1149 779 vivimus,
1164 743 1343 782 temporaria
1363 742 1460 781 magni
1476 741 1629 779 ducentes,
1648 745 1678 772 et
1690 741 1720 771 in
1737 740 1836 771 tribu-

1016 785 1141 816 lationes
1165 786 1343 823 incidimus,
1371 790 1400 817 et
1427 790 1548 827 propter
1577 785 1767 825 ignominias,
1798 794 1834 816 ac

1482 831 1642 861 honoribus
1695 830 1804 860 divitiis
1827 854 1835 868 ,

153 828 314 869 semetipso
327 829 390 860 ﬁeri
401 830 477 861 haud
494 834 598 870 potest,
613 831 675 861 Jam
687 829 737 870 qui
749 830 972 870 Deciperﬁdem
1015 830 1194 862 detrimenta
1243 832 1409 862 cruciamur
1427 856 1435 868 ,

154 873 723 921 conjunctusesl,perquemandatorum
736 874 1130 921 observationedeeliciis
1161 875 1323 915 gaudemus
1352 879 1381 906 et
1415 875 1595 906 exsultamus
1610 899 1617 912 ,
1652 875 1725 916 proh
1750 875 1836 905 dam-

152 915 236 947 illum
262 919 352 956 novit,
379 928 446 950 eum
471 929 587 960 quoque
615 929 668 960 per
692 919 972 959 contemplationem
986 915 1004 921 ”
1017 929 1098 957 num,
1127 920 1200 960 proh
1226 920 1439 959 ignorantiam,
1466 920 1539 960 proh
1564 919 1740 956 czecitatem,
1757 919 1833 959 proh

155 971 281 994 cernere
297 965 418 995 omnino
436 965 541 1004 dignus
567 970 621 996 est.
645 965 701 996 Per
717 965 805 996 fidem
826 965 973 1005 siquidem
1017 963 1179 1004 miseriam,
1192 968 1404 1004 stuporemque
1420 969 1568 1002 nostrum,
1585 974 1602 995 a
1617 964 1724 1004 quibus
1736 964 1839 994 subac-

153 1011 265 1039 certam
281 1009 414 1040 Christus
430 1010 459 1040 in
478 1020 512 1041 eo
529 1010 652 1047 habitat,
670 1014 697 1041 et
713 1020 796 1040 mens
806 1011 915 1041 enthea
932 1011 971 1041 fit.

153 1053 293 1085 Servatur
308 1064 395 1095 porro
411 1056 518 1086 anthea
538 1060 566 1086 et
582 1066 628 1093 eo,
646 1055 722 1096 quod
741 1065 789 1086 res
811 1056 847 1086 ad
873 1055 975 1086 Chris-

154 1101 214 1128 tum
232 1100 416 1139 pertinentes
435 1110 556 1141 semper
581 1105 713 1141 exercet,
732 1106 760 1132 et
777 1100 891 1140 legibus
911 1101 976 1141 ejus

151 1144 290 1174 attendit.
301 1144 372 1176 Inde
382 1145 423 1182 tit,
438 1146 566 1176 utetiam
584 1145 721 1176 mandata
737 1146 802 1186 ejus
817 1146 974 1183 custodiat,

152 1189 404 1228 quemadmodum
417 1199 451 1221 ex
465 1200 498 1221 eo
511 1190 588 1230 quod
604 1194 733 1220 mentem
745 1189 887 1220 divinitus
898 1190 976 1220 afﬂa-

151 1236 208 1263 tam
226 1233 325 1269 habet,
338 1234 478 1275 efficitur,
495 1235 672 1265 utmandata
690 1234 798 1266 Christi
810 1239 838 1265 et
853 1235 972 1273 cogitet,

151 1281 180 1308 et
197 1284 395 1319 exsequatur:
413 1279 530 1319 singula
543 1279 621 1310 enim
637 1283 665 1310 et
678 1279 828 1314 cohibent,
847 1279 975 1319 comple-

149 1325 329 1364 ctunturque
345 1325 424 1365 quod
445 1324 610 1364 proximum
625 1328 680 1361 est,
698 1327 726 1354 et
747 1324 924 1354 cohibentur
938 1323 974 1354 ab

1019 1009 1050 1045 ti,
1070 1009 1099 1039 in
1117 1016 1224 1039 terram
1240 1009 1456 1049 proculcantur.
1473 1010 1551 1040 Sane
1567 1008 1755 1040 miserabiles
1770 1009 1839 1039 lon-

1017 1063 1112 1094 geque
1123 1053 1333 1092 infelicissimi,
1350 1058 1438 1094 atque
1453 1054 1489 1085 ab
1506 1054 1570 1094 ipsa
1585 1058 1695 1084 aeterna
1711 1053 1768 1084 vita
1783 1058 1811 1084 et
1822 1063 1839 1083 a

1017 1108 1110 1139 repuo
1127 1098 1269 1130 caelorum
1287 1099 1419 1129 extranei
1445 1109 1560 1136 sumus,
1582 1108 1641 1129 non
1665 1098 1792 1139 amplius
1806 1097 1837 1128 in

1019 1143 1105 1174 nobis
1118 1144 1190 1183 ipsis
1202 1143 1351 1175 Christum
1368 1143 1566 1184 possidentes,
1582 1144 1633 1174 sed
1650 1143 1792 1174 mundum
1805 1143 1835 1173 in

1018 1189 1240 1228 nobismetipsis
1255 1189 1399 1219 viventem
1417 1189 1575 1226 habentes,
1593 1193 1623 1219 ut
1644 1192 1710 1228 pote
1726 1188 1756 1218 in
1773 1190 1836 1228 ipso

1017 1233 1157 1274 viventes,
1176 1238 1203 1264 ct
1221 1238 1338 1264 terrana
1351 1233 1511 1274 sapientes.
1537 1234 1591 1270 Qui
1607 1234 1646 1265 ita
1663 1238 1706 1263 est
1721 1233 1836 1264 anima-

1019 1284 1077 1315 tus,
1094 1278 1233 1309 inimicus
1249 1278 1300 1310 Dei
1317 1283 1436 1318 apertus
1461 1283 1514 1310 est.
1539 1279 1611 1309 Nam
1633 1279 1746 1309 affectio
1765 1287 1836 1316 erga

1017 1323 1172 1359 muu'lum,
1189 1323 1310 1353 inimica
1325 1327 1370 1354 est
1384 1323 1444 1353 Deo
1457 1324 1588 1363 7‘.juxta
1598 1323 1668 1354 illud
1681 1322 1814 1362 Apostoli
1827 1333 1833 1352 :

152 1366 228 1408 ipso,
245 1369 494 1410 continenturque
515 1374 543 1399 et
558 1369 723 1400 continent.
749 1367 969 1399 Contendatnus
1015 1367 1059 1398 Ne
1079 1367 1216 1407 dilige/is
1233 1367 1391 1405 mundum,
1414 1377 1509 1408 neque
1531 1377 1565 1398 ea
1590 1377 1656 1408 qua:
1674 1367 1836 1398 inmundo

151 1411 251 1452 itaque
265 1413 318 1444 Dei
335 1414 490 1454 praeceptis
510 1413 692 1444 facessendis
717 1413 784 1453 (per
799 1413 876 1452 quod
893 1413 969 1442 divi—
1009 1412 1121 1442 sun/73.
1131 1411 1204 1448 Quia
1216 1422 1303 1443 nemo
1314 1416 1409 1451 potest
1419 1413 1479 1444 Deo
1491 1413 1614 1449 servire,
1625 1416 1653 1443 et
1664 1411 1828 1442 secundum

149 1465 221 1486 num
239 1457 339 1488 lumen
356 1458 483 1498 amplius
496 1467 649 1498 apparere,
666 1457 879 1496 etampliftcari
895 1467 968 1488 con-
1013 1456 1165 1487 hominem
1192 1456 1301 1488 vivere.
1320 1458 1398 1487 Vere
1419 1457 1493 1487 nihil
1515 1457 1631 1494 melius,
1657 1457 1772 1496 fratres,
1802 1455 1831 1486 in

150 1502 255 1541 suevit)
265 1502 395 1533 divinum
413 1503 511 1542 ignem
522 1503 552 1533 in
566 1502 651 1533 nobis
667 1501 864 1532 abundantius
879 1502 970 1532 alere.
1015 1501 1136 1538 mundo,
1158 1510 1244 1541 quam
1266 1501 1340 1531 nihil
1369 1501 1478 1532 habere
1505 1501 1618 1539 mundi,
1636 1510 1732 1541 neque
1757 1501 1834 1532 ultra

150 1545 187 1577 Ut
209 1547 288 1577 enim
314 1547 391 1587 apud
418 1557 471 1578 nos
494 1547 570 1587 ignis
596 1547 650 1578 sub
675 1556 794 1577 sensum
819 1547 928 1577 cadens
942 1547 971 1577 in
983 1563 1001 1587 α
1015 1556 1050 1579 ea
1063 1555 1128 1585 qum
1143 1546 1260 1586 corpori
1278 1546 1445 1577 necessaria
1460 1552 1538 1583 sunt,
1556 1546 1726 1577 desiderare
1741 1545 1830 1585 quid-

151 1590 232 1630 ligno
248 1592 441 1632 conspicitur,
455 1596 483 1624 et
499 1592 670 1632 scintillula,
688 1592 712 1622 si
729 1591 881 1622 materiam
895 1601 971 1622 com-
1013 1601 1112 1632 quam.
1128 1590 1294 1622 Necessitas
1309 1595 1407 1622 autem
1426 1593 1488 1628 ista,
1516 1591 1541 1621 si
1557 1591 1702 1622 rationem
1729 1591 1830 1622 audia-

149 1636 357 1675 prehenderit,
369 1647 502 1676 magnam
514 1637 607 1668 facem
619 1637 762 1673 incendit,
780 1637 972 1677 appositoque

149 1681 331 1713 nutrimento
357 1684 504 1713 ﬂammam
532 1683 682 1722 ingentem
708 1682 830 1712 suscitat
847 1691 853 1713 ε
871 1681 915 1712 sic
939 1691 971 1713 se

149 1725 239 1757 habet
254 1727 330 1766 ignis
345 1727 396 1757 ille
412 1727 586 1768 spiritualis,
599 1727 628 1757 in
651 1726 697 1757 bis
713 1735 776 1767 quae
786 1726 840 1756 soli
857 1726 970 1757 intelli-

147 1771 254 1809 gentiae
270 1776 380 1812 patent.
398 1772 480 1809 Quod
499 1772 588 1811 igitur
602 1772 714 1811 lignum
731 1775 774 1801 est
791 1771 850 1810 igni
867 1780 970 1811 corpo-

146 1821 222 1852 rato,
240 1817 296 1847 hoc
309 1817 407 1848 anima
422 1817 545 1847 rationis
560 1826 681 1857 compos
698 1816 812 1846 habens
834 1817 970 1847 mandata

146 1860 393 1899 igniDivinitatis.
408 1861 471 1892 Non
483 1862 561 1892 enim
574 1861 739 1893 secundum
753 1861 882 1900 seipsam
894 1861 970 1892 Divi-

146 1905 222 1936 nitas
248 1907 436 1947 perspicitur,
465 1907 489 1937 si
514 1906 545 1937 in
569 1906 610 1944 id,
637 1906 715 1946 quod
739 1909 783 1936 est
802 1906 925 1936 rationis
941 1910 971 1936 et

145 1951 263 1982 consilii
280 1953 436 1992 particeps,
461 1961 520 1982 non
546 1951 697 1982 inciderit.
725 1951 809 1982 Sicut
824 1955 921 1981 autem
939 1961 970 1981 se

147 1995 236 2026 habet
248 1996 323 2035 ignis
333 1996 380 2027 llic
392 2000 493 2027 noster
503 1996 532 2027 in
547 1996 648 2033 his,ad
658 2005 722 2035 qum
733 2005 839 2025 sensus
853 1995 968 2030 pertin-

147 2040 210 2080 git:
228 2041 266 2071 ita
293 2041 370 2081 ignis
388 2041 583 2081 intelligibilis
602 2041 630 2071 in
659 2040 703 2071 his
720 2050 784 2080 quae
805 2040 839 2070 ad
857 2040 969 2071 intelli—

145 2085 277 2122 gentiam
292 2091 438 2126 spectant.
455 2086 489 2116 Et
501 2085 648 2126 quomodo
663 2085 738 2124 ignis
751 2084 901 2115 sensibilis
911 2095 969 2114 non

144 2129 272 2170 videtur,
290 2130 348 2161 nisi
360 2131 389 2162 in
406 2131 529 2162 materia
543 2131 630 2161 fuerit
644 2130 785 2160 excitatus
799 2140 804 2160 :
816 2129 856 2160 ita
866 2139 968 2170 .neque

143 2174 342 2214 intelligibilis
355 2176 384 2206 in
397 2175 647 2215 intelligibilibus,
665 2175 721 2205 nisi
738 2175 767 2204 in
783 2174 906 2205 materia
919 2184 967 2204 sa-

1014 1645 1090 1674 mus,
1107 1641 1150 1667 est
1168 1636 1251 1676 panis
1266 1640 1294 1666 et
1309 1645 1394 1676 aqua,
1412 1636 1620 1666 vestimentum
1635 1640 1663 1666 et
1680 1640 1832 1674 tegumen-

1014 1685 1086 1718 tum,
1104 1681 1266 1711 secundum
1282 1681 1412 1711 divinum
1425 1681 1758 1720 ApostolumJtnbentes
1771 1682 1831 1711 vic-

1013 1729 1076 1756 tum
1092 1729 1118 1756 et
1135 1725 1284 1762 vestitum,
1306 1725 1353 1755 his
1373 1726 1504 1755 contenti
1522 1726 1634 1755 erimus
1650 1725 1691 1756 73.
1704 1724 1787 1760 Quod
1805 1723 1830 1754 si

1011 1779 1044 1799 re
1059 1769 1157 1809 aliqua
1172 1769 1295 1809 insuper
1309 1769 1475 1806 egebimus,
1497 1769 1560 1809 ipse
1577 1779 1627 1809 pro
1644 1773 1726 1800 certo
1752 1778 1828 1809 prae-

1010 1813 1092 1844 bebit
1109 1813 1193 1844 nobis
1208 1814 1397 1854 credentiqus
1407 1818 1435 1844 et
1448 1814 1700 1854 sperantibus,qui
1718 1814 1832 1853 majora

1011 1860 1130 1900 largitus
1140 1865 1194 1897 cst,
1204 1865 1230 1891 ei
1238 1860 1335 1900 imple’
1349 1869 1440 1891 omne
1452 1860 1571 1891 animal
1578 1860 1830 1897 benedictione“,

1013 1905 1099 1935 modo
1125 1909 1230 1936 caztera
1251 1905 1349 1935 omnia
1373 1905 1460 1945 hujus
1485 1906 1569 1935 ﬂuxae
1594 1909 1621 1935 et
1637 1905 1754 1936 caducae
1767 1905 1832 1935 vita:

1011 1949 1234 1990 relinquamus;
1264 1955 1333 1990 puta
1362 1959 1464 1980 vanam
1494 1949 1631 1989 gloriam,
1662 1949 1830 1980 invidiam:

1011 1995 1232 2026 contentionem
1250 2004 1394 2032 mu'uam,
1410 1996 1521 2031 dolum,
1551 1996 1828 2033 murmurationem,

1012 2040 1100 2075 rix.~s,
1120 2040 1319 2077 mendacium,
1337 2040 1512 2080 perjurium,
1535 2040 1706 2080 injustitiam
1733 2041 1831 2071 avari-

1012 2085 1092 2120 tiam,
1110 2085 1332 2124 contumeliam,
1349 2085 1540 2122 calumniam,
1559 2085 1833 2122 maledictum,con-

1011 2133 1215 2165 certationem,
1239 2129 1498 2165 obtrectationem,
1514 2129 1764 2166 criminationem,
1782 2139 1832 2160 su-

1012 2173 1157 2213 perbiant,
1174 2173 1326 2204 hominum
1350 2174 1461 2210 odium,
1491 2173 1723 2214 improbitatem,
1741 2179 1830 2205 ciete-

142 2229 260 2251 rrorum
291 2221 510 2257 mandatorum,
529 2220 612 2260 quasi
636 2220 665 2250 in
690 2219 778 2258 lignis
795 2219 942 2250 exstiterit
960 2225 1100 2257 :Draque
1113 2218 1336 2258 universa,quzc
1352 2218 1488 2248 diabolus
1503 2227 1596 2258 genus
1608 2219 1768 2250 humanum
1780 2219 1833 2250 do-

142 2265 310 2305 Quidiligit
321 2275 380 2305 me,
394 2266 488 2306 inquit
502 2264 811 2304 Dominus,mandutrz
826 2273 888 2294 mea
901 2272 966 2294 ser-

141 2311 236 2348 vabit,
249 2314 277 2342 ct
289 2320 342 2349 ego
361 2311 489 2352 diligam
508 2319 585 2350 eum,
598 2315 624 2341 et
647 2309 848 2348 nmm‘festubo
861 2312 888 2340 ei
904 2318 968 2340 me-

141 2355 241 2395 ipsum
252 2356 292 2384 70.
307 2355 386 2396 ignis
400 2365 489 2396 quem
503 2365 591 2386 sensu
605 2354 796 2395 percipimus,
812 2357 968 2394 antequam

141 2400 259 2437 emicet,
279 2400 347 2431 latet
364 2400 394 2431 in
411 2400 604 2431 sensibilibus
619 2409 626 2431 ε
644 2405 672 2430 et
683 2399 815 2430 abditum
829 2403 873 2429 est
891 2398 965 2428 divi~

141 2454 210 2475 num
228 2445 340 2483 lumen,
352 2446 523 2486 priusquam
537 2445 665 2481 eluceat,
678 2444 707 2474 in
722 2443 766 2474 his
782 2453 849 2484 quae
861 2443 969 2473 intelli-

139 2489 246 2529 gentia)
263 2496 341 2521 sunt.
357 2490 436 2530 Ignis
452 2489 630 2530 principium
657 2499 716 2519 non
733 2487 966 2528 comprehendi-

139 2539 197 2575 tur,
216 2538 320 2576 estque
338 2535 485 2566 occullum
508 2535 537 2565 in
559 2533 768 2565 sensibilibus:
789 2537 819 2563 et
844 2532 966 2563 intelle-

137 2580 243 2611 ctualis
262 2580 338 2621 ignis
351 2580 542 2621 principium,
561 2584 604 2609 est
617 2579 766 2609 occultum
779 2579 808 2608 in
820 2577 912 2608 rebus
926 2576 962 2606 ad

135 2623 364 2664 intelligentiam
381 2624 710 2665 spectantibusNerum
727 2621 963 2661 sensibilisignis

137 2670 330 2702 sensibilibus
354 2669 517 2700 substantia
543 2669 649 2699 similis
680 2672 749 2699 est:
768 2665 963 2705 intelligibitis

135 2719 233 2746 autem
260 2715 337 2755 ignis
361 2713 600 2752 intelligibilibus
624 2712 789 2743 substantia
809 2710 963 2741 dissimilis

136 2764 191 2796 est,
209 2760 278 2801 quia
292 2760 391 2801 opifex
417 2769 484 2790 cum
501 2758 618 2800 opificio
642 2768 696 2789 suo
721 2757 800 2788 idem
829 2766 888 2787 non
904 2760 960 2786 est.

1010 2262 1069 2292 cuit
1087 2262 1209 2302 Propter
1224 2262 1286 2293 haec
1300 2263 1379 2292 enim
1395 2272 1453 2293 non
1476 2263 1600 2301 diligere
1618 2264 1831 2301 mundum,nec

1010 2316 1044 2337 ea
1062 2316 1127 2347 qua).
1143 2307 1171 2337 in
1187 2307 1297 2337 mundo
1314 2312 1394 2343 sunt,
1408 2307 1486 2347 jussi
1497 2317 1611 2338 sumus.
1629 2307 1692 2339 Non
1708 2313 1831 2340 utcrea-

1010 2355 1090 2382 turas
1102 2352 1154 2382 Dei
1167 2351 1233 2382 sine
1247 2352 1307 2382 ullo
1321 2352 1494 2383 discrimine
1508 2352 1576 2383 odio
1589 2362 1827 2394 persequamur:

1011 2397 1062 2427 sed
1084 2400 1114 2426 ut
1131 2397 1274 2427 malorum
1290 2397 1462 2428 occasiones
1478 2397 1685 2438 prtecidamus,
1705 2400 1829 2439 Propter

1010 2442 1073 2472 hzee
1089 2441 1185 2481 itaque
1203 2442 1358 2479 mundum,
1378 2447 1404 2473 et
1420 2442 1519 2472 omnia
1535 2451 1551 2472 a
1566 2442 1625 2472 Deo
1652 2445 1828 2480 avertentia,

1011 2491 1039 2517 et
1053 2486 1088 2516 ad
1107 2486 1271 2525 periculum
1285 2487 1390 2517 animos
1405 2486 1586 2517 deducentia
1600 2486 1745 2526 fugiamus
1761 2497 1827 2518 cen-

1010 2539 1071 2560 seo.
1101 2530 1216 2561 Etenim
1244 2531 1310 2571 quis
1326 2531 1427 2570 gloria:
1442 2535 1471 2561 et
1486 2530 1608 2561 horteris
1624 2531 1746 2562 humani
1766 2533 1830 2563 avi—

1005 2574 1070 2614 dus,
1102 2578 1267 2605 extremum
1299 2575 1534 2615 vilissimumque
1562 2575 1694 2606 omnium
1716 2586 1749 2607 se
1770 2587 1828 2608 un-

1004 2629 1092 2659 quam
1108 2619 1269 2660 reputabit,
1287 2620 1449 2650 ethumilis
1462 2619 1580 2660 spiritu,
1597 2625 1647 2650 aut
1661 2621 1750 2652 corde
1760 2631 1827 2653 con-

1005 2663 1092 2694 tritus
1118 2665 1178 2700 tiet,
1195 2669 1245 2695 aut
1265 2665 1366 2704 lugere
1382 2674 1523 2705 unquam,
1550 2664 1671 2695 omnino
1698 2667 1830 2705 poterit?

1004 2709 1076 2744 Quis
1085 2708 1156 2738 item
1168 2719 1269 2740 amans
1276 2709 1404 2749 divitias,
1416 2709 1576 2750 pecuniaru
1582 2717 1669 2749 mque
1676 2717 1705 2740 et
1715 2720 1829 2750 posses-

1004 2754 1120 2784 sionum
1130 2754 1288 2794 cupiditate
1298 2753 1553 2795 pessunulatus,ad
1562 2754 1628 2784 aliis
1637 2755 1828 2786 tribuendum

175 2861 208 2887 69
223 2861 295 2893 Luc.
311 2870 332 2899 t,
346 2862 398 2899 78,
417 2861 467 2894 79.
510 2861 541 2886 70
555 2861 641 2892 Joau.
659 2867 720 2898 xnt,
735 2859 786 2890 21.
830 2858 856 2883 Ἡ
873 2857 937 2890 Jac.
954 2866 995 2898 IV,
1019 2857 1048 2887 4.
1091 2855 1147 2887 ⁷21
1168 2857 1254 2888 Joan.
1273 2865 1305 2894 tt,
1326 2858 1372 2889 15.
1414 2858 1441 2880 73
1457 2859 1468 2890 l
1483 2857 1561 2889 Tim.
1577 2867 1618 2900 v1,
1634 2859 1664 2890 8.
1708 2858 1739 2883 τι
1749 2857 1826 2889 Psal«

139 2909 237 2944 οων,
253 2902 300 2935 16.
