1983 3072
93 126 164 158 417

809 131 950 163 ORATIO
972 116 1069 162 xin.

1734 126 1794 160 418

98 195 294 235 misericors,
318 201 347 228 et
370 197 468 228 aliena
493 197 568 228 mala
584 197 700 238 dolens,
718 201 747 228 et
760 206 820 228 non
834 198 962 238 potiusA
974 207 1026 238 per
1041 197 1083 237 id,
1097 206 1150 228 nec
1163 196 1256 227 videri
1274 195 1310 227 ab
1326 196 1384 227 alio
1402 206 1409 228 2
1426 195 1478 227 sed
1495 205 1530 226 ex
1546 196 1616 227 inde
1632 196 1702 228 solis
1718 197 1794 230 invi-

97 241 190 271 omni
213 241 275 272 fera
303 242 446 272 immitior
469 247 556 283 atque
573 243 723 274 credulior
738 242 930 273 invenietur?

97 283 180 320 Quis
194 294 275 316 vanae
291 286 393 324 gloria;
405 286 596 327 mancipium,
611 290 639 317 et
648 286 817 325 arrogantia
829 286 930 317 obses-

98 338 170 365 sus,
190 331 349 371 aliquando
361 331 397 362 ab
415 332 588 367 invidentia.
601 332 858 363 etobtrrctatione
870 332 931 363 dis-

97 374 211 404 cedet?
226 375 281 411 Qui
292 380 391 406 autem
404 376 441 406 ad
453 377 587 417 corporis
596 377 682 408 etiam
694 377 856 418 voluptates
867 387 930 417 per-

101 418 252 450 fruendas
261 430 327 452 sese
335 421 650 462 dimiserit,etincceno
660 422 933 453 libidinumvoluta-

106 467 142 493 tu
148 467 298 505 r,quaudo
308 466 426 497 tandem
434 467 563 497 mundus
571 467 659 498 corde
671 466 772 498 evadet
779 471 932 506 ,autquan-

98 507 143 538 do
154 513 181 538 et
189 510 338 548 quomodo
348 510 440 540 Deum
449 511 655 542 fabricatorem
664 520 749 541 suum
761 510 892 541 videbit?

146 553 212 584 Jam
230 555 371 594 paciﬁcus
387 565 444 595 quo
461 560 547 596 pacto
573 556 689 586 futurus
710 559 765 592 est,
783 555 833 595 qui
849 555 930 595 seip-

98 608 173 628 sum
194 598 333 628 alienavit
357 608 372 629 ιι
398 599 471 640 Deo,
490 609 544 631 nec
570 600 719 630 dicentem
745 600 851 630 audit:
872 599 931 630 Pro

99 643 226 673 Christo
242 643 390 683 legatione
399 644 572 683 fungimur,
583 649 727 684 tanquam
741 644 801 674 Deo
811 653 867 682 per
877 653 930 674 nos

99 689 297 724 exhortante,
314 689 556 720 reconciliamz‘ni
570 690 630 720 Deo
647 690 678 714 75
699 689 837 729 Quisquis
849 689 928 719 enim

101 742 161 772 per
179 733 385 764 mandatorum
403 733 591 764 violationem
609 744 675 764 cum
689 735 749 765 Deo
761 734 869 764 bellum
880 743 930 773 ge-

99 777 157 814 rit,
175 778 292 809 etiamsi
308 788 411 809 omnes
427 778 504 809 inter
518 788 550 809 se
566 778 776 819 paciﬁcaverit,
795 778 846 809 Dei
858 779 931 808 hos-

103 822 144 852 tis
161 827 225 853 est:
244 823 391 863 siquidem
408 833 465 854 nec
481 827 512 854 ut
536 823 604 863 ipsi,
632 823 708 854 inter
733 832 807 863 quos
829 832 930 862 pacem

102 867 258 898 conciliat.
276 869 336 899 Deo
354 867 500 908 placeant,
519 868 547 898 id
575 868 654 898 facit.
682 869 753 899 Nam
782 878 848 898 cum
869 868 932 908 ipse

972 241 1110 272 sibilibus
1125 242 1261 278 afﬁcitur,
1287 241 1446 282 nullusque
1464 241 1490 271 ei
1514 241 1618 272 harum
1635 252 1700 282 qua:
1715 245 1791 284 apud

972 295 1026 317 nos
1041 290 1108 317 sunt
1120 295 1218 317 rerum
1236 295 1352 323 Sensus,
1366 290 1414 316 aut
1426 294 1497 316 cura
1506 290 1637 326 superat,
1653 296 1719 318 cum
1732 289 1793 321 illic

972 330 1121 371 duplicem
1137 332 1238 371 vitam,
1264 334 1293 361 et
1318 330 1469 368 geminum
1498 335 1646 362 certamen
1673 332 1791 372 habeat,

974 380 1024 406 aut
1039 375 1122 415 regni
1137 375 1276 411 cmlestis,
1291 379 1319 405 et
1334 379 1453 405 aeternio
1473 375 1594 414 gloriae;
1613 380 1662 406 aut
1676 377 1792 416 gehen-

974 429 1029 456 nre,
1047 430 1080 450 ac
1096 429 1189 460 pinnae
1205 419 1293 459 ignis.
1319 419 1455 451 Alterum
1485 419 1595 459 quippe
1623 419 1728 452 horum
1754 423 1791 454 ad

974 465 1177 495 hwreditatein
1194 464 1406 503 sempiternam
1424 473 1476 503 pro
1490 463 1602 495 meritis
1615 473 1631 494 a
1645 464 1704 496 Deo
1715 468 1792 498 reci—

974 510 1027 550 pit.
1040 509 1185 545 Quocirca
1201 509 1238 538 ob
1251 509 1312 539 haec
1329 509 1474 539 fallaciam
1492 508 1580 548 hujus
1594 509 1669 549 vitro,
1685 516 1713 542 et
1728 522 1793 552 qua;

974 558 1103 595 putatur,
1115 554 1180 593 ejus
1192 553 1320 584 laetitiam
1333 553 1492 592 fugiamus.
1508 557 1536 583 et
1545 553 1580 584 ad
1592 555 1687 585 solum
1697 556 1794 588 Cbris~

973 604 1033 629 tum
1059 599 1225 629 animarum
1252 598 1434 628 Salvatorem
1462 607 1663 640 accurramus,
1681 610 1792 641 quasso.

971 643 1056 674 Hunc
1082 642 1216 674 invenire
1240 642 1423 679 studeamus,
1449 642 1498 682 qui
1525 641 1635 682 ubique
1663 654 1794 684 praesens

971 689 1065 725 adest,
1084 691 1112 718 et
1129 687 1283 718 inienlutn
1305 691 1470 723 teneamus,
1488 687 1687 728 prostratique
1708 690 1794 730 pedi-

973 733 1028 764 bus
1043 734 1118 773 ejus,
1138 742 1189 763 eos
1202 732 1316 763 fervide
1332 732 1560 772 amplectamur.
1581 732 1634 762 Eia
1655 733 1793 776 obsecro,

972 779 1145 809 stuzlean-us
1156 778 1225 808 dum
1243 785 1438 817 supersumus
1451 776 1547 817 ipsum
1561 776 1660 808 videre
1675 782 1704 808 et
1719 789 1793 810 con-

974 823 1121 863 tcia‘plari.
1142 823 1171 854 Si
1186 823 1265 853 enim
1286 822 1370 861 digni
1392 821 1580 862 habebimur,
1601 822 1651 862 qui
1664 832 1730 854 eum
1745 824 1795 855 hic

974 878 1064 898 sensu
1079 867 1189 908 vigenti
1205 867 1369 904 videamus,
1385 875 1442 896 non
1453 867 1795 907 moriemur,morsnos-

104 911 224 951 primus
246 912 437 944 sitinimicus
459 913 505 943 sui
520 923 553 944 ac
569 913 633 950 Dei,
662 913 775 943 inimici
790 913 843 944 Dei
859 913 1012 952 ﬁuutBtri
1038 922 1096 943 non
1122 911 1323 942 dominabitur
1345 912 1387 942 73.
1415 912 1458 942 Ne
1482 915 1688 951 exspectemus
1712 918 1744 944 ut
1763 914 1794 945 in

103 956 197 987 etiam
214 957 256 994 hi,
274 957 324 998 qui
337 967 390 998 per
399 958 471 989 tales
485 967 587 998 pacem
602 958 832 998 amplectuntur.
846 959 931 989 Pror-

105 1010 159 1031 sus
176 1002 254 1032 enim
271 1002 321 1042 qui
336 1002 476 1033 adversus
501 1003 670 1043 quempiam
693 1003 832 1034 hostilem
858 1003 932 1042 gerit

104 1046 253 1084 animum,
270 1056 334 1086 qua}
349 1047 426 1078 hosti
443 1047 579 1078 videntur
594 1051 622 1078 et
638 1047 755 1088 placent
770 1047 884 1078 trieteris
896 1057 930 1078 ex

105 1090 209 1121 animo
235 1092 372 1127 suadere,
405 1096 432 1122 et
457 1092 565 1124 docere
591 1101 642 1123 eos
665 1092 774 1132 facere,
801 1101 866 1132 quae
882 1092 932 1122 ille

104 1135 181 1173 vult,
209 1136 314 1173 nescit,
341 1140 443 1177 utpote
472 1137 530 1167 alia
555 1137 615 1177 via,
638 1141 667 1167 et
690 1136 769 1167 illius
791 1136 933 1169 voluntati

107 1181 258 1211 contraria
274 1181 430 1213 incedens.
446 1182 557 1222 Itaque,
571 1181 673 1212 dilecti
691 1181 808 1217 fratres,
830 1181 926 1211 oderi-

108 1234 177 1255 mus
205 1226 360 1263 mundum,
379 1230 407 1257 et
422 1236 457 1256 ea
474 1236 539 1266 quae
565 1226 596 1256 in
623 1225 732 1256 mundo
760 1230 836 1256 sunt.
856 1225 932 1262 Quid

109 1279 240 1310 namque
257 1270 342 1301 nobis
356 1280 423 1302 cum
440 1271 562 1307 mundo,
574 1274 603 1300 et
618 1280 684 1301 cum
697 1270 733 1300 iis
744 1271 792 1310 qui
807 1271 835 1301 in
851 1280 934 1300 inun-

108 1314 148 1343 do
160 1314 259 1345 vivunt
273 1315 444 1346 hominibus
453 1316 467 1345 ?
483 1315 694 1347 Desidereinus
706 1320 808 1346 contra
819 1315 934 1346 medul-

109 1359 191 1398 litus,
209 1369 273 1399 qute
287 1359 367 1391 Deus
382 1360 520 1400 amplecti
538 1370 590 1390 nos
610 1360 708 1399 jubet.
728 1365 931 1400 paupertatem

110 1404 244 1443 spiritus,
261 1414 348 1444 quam
365 1405 486 1435 di\inus
502 1414 599 1435 sermo
620 1405 815 1436 humilitatem
832 1405 931 1435 nomi-

111 1453 181 1479 nat:
202 1449 311 1479 luctum
328 1453 502 1489 perpetuum
519 1449 566 1479 die
591 1459 624 1480 ac
644 1454 783 1489 nocte,ex
798 1459 855 1490 quo
871 1454 933 1479 tan-

112 1502 201 1533 quam
216 1503 231 1523 e
247 1494 325 1524 fonte
336 1494 476 1533 gaudium
489 1494 606 1531 animae,
623 1495 826 1525 etconsolatiu
839 1494 930 1525 Deum

111 1537 307 1577 diligentibus
323 1538 351 1568 in
370 1539 458 1569 horas
474 1539 604 1579 proﬁuit.
623 1539 663 1570 Ex
680 1540 734 1570 hoc
749 1539 886 1570 omnibus
902 1539 932 1569 in

112 1582 238 1613 veritate
268 1583 449 1614 certantibus
474 1584 668 1614 mansuetudo
692 1584 780 1614 etiam
807 1584 934 1614 feliciter

113 1627 257 1666 procedit,
285 1627 430 1667 justitiam
461 1627 662 1658 esurientibus
687 1637 721 1658 ac
751 1628 931 1667 sitientibus,

112 1680 291 1711 semperque
305 1681 428 1710 regnum
445 1671 509 1709 Dei,
531 1672 607 1712 quod
625 1682 744 1703 omnem
771 1673 932 1703 humanum

115 1724 234 1746 sensum
252 1720 419 1757 exsuperat,
437 1717 650 1756 quaerentibus.
668 1719 770 1756 Neque
793 1718 847 1748 hoc
866 1721 933 1748 tan-

117 1763 190 1798 tum,
221 1761 273 1791 sed
304 1766 332 1792 et
354 1761 525 1802 quempiam
556 1762 779 1793 misericordem
805 1762 881 1799 ﬁeri,
907 1766 936 1793 et

117 1805 225 1835 mundo
241 1806 343 1844 corde,
367 1806 488 1846 plenum
511 1806 602 1846 pacis,
620 1810 649 1836 et
671 1807 837 1846 paciﬁcum,
861 1817 935 1838 con-

118 1854 219 1890 traque
236 1851 413 1881 tentationes
429 1851 596 1881 animosum
613 1860 646 1881 ac
663 1851 776 1881 virilem
794 1851 862 1882 hinc
880 1855 934 1888 est,

119 1903 154 1924 ex
169 1894 342 1933 quotidiano
359 1895 438 1926 luctu
456 1895 605 1926 videlicet.
623 1896 697 1926 llinc
715 1897 782 1926 item
800 1901 938 1935 peccato-

120 1949 182 1970 rum
209 1939 308 1970 odium
335 1940 363 1970 in
388 1939 475 1970 nobis
504 1942 644 1971 nascitur.
677 1940 750 1971 llinc
777 1940 893 1971 divinas
908 1941 937 1971 in

121 1983 217 2014 anima
231 1984 313 2014 zelus
327 1985 510 2021 accenditur,
529 1985 580 2025 qui
596 1985 676 2015 nullo
690 1985 776 2015 modo
793 1995 858 2015 eam
874 1985 937 2025 qui-

122 2037 233 2068 escere,
248 2032 298 2059 aut
316 2038 383 2059 cum
402 2029 545 2069 improbis
556 2030 591 2059 ad
604 2029 824 2069 improbitatem
840 2030 936 2060 decli-

123 2081 190 2103 nare
200 2073 326 2112 patitur:
345 2073 397 2104 sed
415 2083 478 2104 ram
494 2073 629 2104 virilitate
645 2083 679 2104 ac
696 2073 804 2104 virtute
820 2074 934 2114 implet,

123 2126 177 2156 quo
193 2117 222 2147 in
236 2116 326 2147 rebus
340 2118 480 2148 adversus
497 2127 593 2158 usque
603 2119 639 2148 ad
652 2118 743 2149 ﬁnem
759 2123 937 2158 perseveret.

973 959 1070 988 futuro
1087 967 1154 988 eum
1167 957 1330 997 videamus,
1349 956 1400 987 sed
1418 965 1496 987 nunc
1511 965 1578 987 cum
1590 957 1692 989 videre
1705 959 1793 990 anni-

974 1006 1080 1040 tamur,
1094 1011 1160 1033 cum
1169 1007 1196 1032 et
1204 1001 1334 1033 Joannes
1345 1001 1512 1040 Theologus
1521 1001 1561 1031 ita
1572 1001 1650 1032 dicat
1659 1011 1664 1033 :
1673 1002 1794 1035 Scimus

973 1050 1084 1084 autem,
1098 1048 1245 1088 quoniam
1256 1047 1348 1078 Deum
1361 1046 1503 1077 habemus
1516 1047 1547 1077 in
1564 1047 1701 1078 cantibus
1721 1058 1793 1080 nos-

974 1096 1040 1130 tris,
1065 1102 1104 1123 ex
1127 1093 1257 1132 Spiritu,
1281 1100 1370 1131 quem
1394 1091 1432 1121 ab
1459 1093 1520 1130 ipso
1552 1093 1723 1132 accepimus
1750 1094 1792 1126 τι.

974 1137 1148 1178 Quicunque
1174 1136 1262 1176 igitur
1286 1136 1376 1167 ﬁdem
1407 1136 1434 1166 in
1465 1136 1562 1175 ipsum
1593 1146 1628 1167 ex
1655 1137 1796 1178 operibus

974 1182 1129 1213 infractam
1155 1191 1189 1213 ac
1211 1181 1348 1212 stabilem
1364 1180 1548 1219 ostendistis,
1566 1190 1632 1221 quae
1646 1191 1662 1212 a
1678 1183 1764 1213 nobis
1779 1193 1796 1214 a

976 1227 1123 1267 principio
1141 1227 1219 1257 dicta
1231 1231 1299 1257 sunt
1315 1230 1462 1263 accurate,
1476 1225 1612 1266 beneque
1627 1227 1794 1266 dijudiean-

975 1276 1030 1308 tes,
1048 1275 1161 1309 cavete,
1174 1281 1212 1301 ne
1223 1271 1292 1301 dum
1306 1270 1412 1310 putatis
1428 1279 1480 1300 vos
1493 1270 1637 1301 cliristum
1654 1272 1683 1302 in
1696 1272 1795 1303 vobis-

975 1322 1036 1346 met
1050 1315 1172 1353 liabere,
1186 1325 1243 1345 non
1256 1314 1498 1345 animadvertatis
1514 1324 1564 1345 vos
1582 1315 1656 1346 nihil
1672 1316 1795 1354 habere,

974 1360 1131 1400 vacuisque
1147 1359 1284 1390 manibus
1300 1369 1316 1390 e
1326 1359 1384 1390 vita
1398 1359 1616 1397 subducamini,
1630 1366 1659 1391 et
1671 1361 1797 1393 audiatis

975 1405 1063 1445 (quod
1089 1405 1167 1436 Deus
1191 1405 1314 1444 avertat)
1344 1413 1446 1434 vocem
1472 1404 1552 1435 illam
1583 1405 1759 1436 horribilem
1787 1416 1794 1436 :

978 1451 1083 1481 Tollite
1097 1451 1174 1490 quod
1197 1459 1303 1481 servus
1333 1457 1459 1488 nequam
1489 1449 1608 1481 videtur
1632 1450 1751 1487 habere,
1768 1453 1798 1482 et

973 1495 1042 1525 (late
1055 1495 1122 1533 plus
1135 1494 1260 1525 liabenIi
1275 1494 1316 1525 73.
1329 1494 1411 1525 Tunc
1426 1494 1454 1524 in
1466 1503 1586 1524 omnem
1602 1496 1794 1526 aeternitatem

975 1539 1139 1579 plorabitis,
1156 1543 1185 1570 et
1201 1538 1351 1578 lugebitis,
1370 1542 1399 1569 et
1413 1538 1615 1571 tristabimini.

1255 1591 1398 1624 ORATIO
1425 1592 1515 1624 XXII.

1278 1647 1491 1671 ARGUMENTUM.

975 1693 1047 1726 Quid
1069 1693 1123 1721 sibi
1147 1693 1210 1722 velit
1233 1702 1241 1720 :
1267 1704 1278 1720 ι
1307 1693 1360 1727 Qui
1383 1693 1551 1726 crediderit,
1581 1698 1618 1730 et,
1635 1693 1797 1730 baptizatus

1009 1730 1106 1764 fuerit,
1121 1730 1214 1757 salvus
1229 1730 1283 1757 erit
1304 1738 1314 1757 :
1334 1729 1382 1765 qui
1400 1737 1464 1757 vero
1478 1737 1534 1757 non
1554 1729 1715 1761 crediderit.
1731 1738 1796 1758 con-

1012 1765 1187 1793 demnabitur
1201 1766 1237 1791 79.
1257 1775 1267 1790 ι
1287 1766 1353 1798 Qum
1365 1765 1420 1793 sint
1438 1765 1585 1794 charitatis
1606 1773 1673 1801 erga
1698 1766 1797 1800 Deum,

1012 1803 1037 1828 et
1056 1802 1222 1836 proximum
1245 1804 1420 1834 argumenta.
1437 1802 1472 1828 De
1483 1801 1615 1836 perfecta,
1631 1803 1656 1829 et
1670 1809 1798 1830 consum-

1013 1839 1089 1864 mata
1103 1837 1250 1869 rharitate,
1265 1837 1376 1872 ejusque
1393 1837 1549 1872 efﬁcientia.
1568 1836 1629 1864 Nisi
1644 1838 1688 1865 his
1703 1837 1798 1865 chari-

1015 1873 1088 1902 latis,
1106 1876 1129 1899 cl
1141 1873 1310 1901 sanctissimi
1324 1873 1446 1909 Spiritus
1458 1873 1606 1909 participes
1617 1873 1680 1909 ﬁeri
1690 1873 1798 1901 labore-

1013 1915 1084 1940 mus,
1102 1916 1156 1936 non
1179 1916 1257 1944 posse
1275 1916 1323 1936 nec
1338 1908 1438 1942 ﬁdeles,
1459 1916 1507 1936 nec
1532 1908 1708 1937 Christianos
1731 1917 1796 1941 esse,

1014 1951 1062 1980 nec
1075 1944 1146 1979 ﬁlios
1156 1943 1216 1980 Dei
1229 1944 1366 1980 appellari
1382 1955 1388 1971 :
1405 1943 1453 1972 sed
1465 1944 1558 1979 potius
1569 1952 1622 1980 pro
1643 1944 1798 1980 inﬁdelibus

1013 1979 1043 2007 ia
1054 1980 1098 2007 die
1106 1979 1210 2015 judicii
1224 1979 1435 2008 cohdemnatum
1449 1980 1498 2007 iri.

1018 2029 1160 2060 Dominus
1175 2038 1209 2059 ac
1223 2030 1301 2060 Deus
1317 2030 1513 2060 nosterlesus
1524 2029 1798 2070 Christus,germa—

978 2083 1033 2104 nus
1054 2073 1106 2104 Dei
1123 2073 1216 2104 Patris
1232 2073 1334 2111 Filius,
1353 2073 1487 2113 ejusdem
1504 2083 1570 2104 cum
1592 2073 1643 2105 illo
1658 2074 1795 2105 substan-

981 2118 1038 2156 tiae,
1056 2122 1179 2153 naturae.
1195 2117 1307 2156 gloriae,
1325 2117 1434 2148 sedens
1457 2118 1487 2148 in
1513 2117 1617 2148 eodem
1635 2119 1753 2156 throno,
1771 2123 1799 2150 et

124 2162 289 2192 Curramus.
307 2171 533 2202 persequamur,
555 2162 650 2194 donec
665 2162 817 2203 quippiam
833 2173 849 2193 e
862 2162 1081 2206 stan-Dthroni
1101 2161 1211 2196 socius,
1230 2162 1259 2192 in
1277 2161 1362 2192 Patre
1379 2171 1513 2200 manens,
1531 2162 1608 2193 sicut
1623 2167 1653 2193 et
1669 2163 1754 2194 Pater
1769 2164 1799 2194 in

126 2206 209 2246 tibus,
232 2216 266 2237 ac
295 2206 419 2237 minime
448 2207 608 2238 ﬂuentibus
635 2208 935 2248 comprehendamus.

108 2250 281 2282 ‘Pmsentia
307 2256 413 2282 cuncta
437 2256 572 2292 pereunt,
590 2256 619 2282 et
644 2257 674 2282 ut
698 2252 813 2282 somnia
831 2257 939 2291 priete-

125 2300 216 2333 reunt,
235 2296 369 2336 nihilque
399 2296 479 2327 inter
507 2306 541 2327 ea
568 2306 632 2337 quae
655 2297 750 2327 oculis
765 2297 936 2336 aspicimus,

127 2340 239 2370 ﬁrmum
255 2344 310 2378 est,
324 2351 357 2372 ac
373 2341 486 2372 stabile.
502 2341 562 2378 Sol,
576 2346 664 2379 astra,
679 2342 796 2379 coelum,
808 2346 837 2372 et
848 2346 937 2382 terra,

127 2385 219 2415 omnia
235 2389 410 2423 transeunt;
425 2386 505 2416 solus
521 2396 553 2416 ex
571 2386 708 2416 omnibus
725 2387 814 2417 homo
828 2391 938 2418 manet.

128 2429 196 2464 Quid
213 2439 281 2470 ergo
292 2439 324 2460 ex
335 2430 564 2470 aspectabilibus
575 2430 720 2461 universis
731 2432 871 2470 prodesse
884 2441 938 2462 no-

129 2474 170 2504 bis
183 2475 301 2514 potcrit,
319 2485 385 2505 cum
407 2475 566 2515 moriendi,
580 2475 741 2506 necessitas
763 2475 940 2507 advenerit?

129 2528 188 2550 cuin
204 2519 273 2551 hinc
284 2520 318 2550 ad
333 2519 413 2550 illam
425 2520 502 2550 illius
518 2520 618 2550 smculi
634 2520 766 2560 requiem
779 2520 938 2561 abibiinus,

131 2567 158 2594 et
172 2564 283 2603 fugacia
295 2565 349 2594 ista
362 2568 425 2604 post
438 2574 492 2594 nos
502 2564 705 2604 relinquemus
716 2565 730 2594 ?
745 2564 829 2600 Quod
839 2565 862 2595 si
881 2565 942 2596 haec

133 2608 250 2640 visibilia
279 2609 412 2639 nondum
452 2608 637 2645 transibunt,
670 2609 738 2649 quid
767 2609 842 2639 lucri
871 2609 941 2640 inde

134 2653 222 2692 nobis,
239 2664 273 2684 ex
296 2654 351 2685 hoc
363 2653 469 2684 sarculo
485 2657 579 2684 morte
595 2653 747 2693 digressis,
764 2658 792 2685 et
808 2655 855 2685 hic
871 2663 942 2685 exa-

133 2698 199 2729 nimi
221 2699 324 2729 relicto
349 2699 500 2738 corpore?
527 2700 567 2730 Ex
590 2707 649 2738 quo
665 2699 743 2729 enim
760 2700 858 2730 anima
875 2709 943 2730 cor-

135 2753 184 2783 pus
206 2752 292 2774 suum
318 2743 496 2781 deseruerit,
514 2752 570 2774 nec
593 2743 694 2774 videre
709 2743 836 2784 amplius
851 2749 946 2785 potest

169 2812 196 2836 75
210 2810 235 2842 II
251 2811 320 2841 Cor.
336 2818 367 2849 v,
382 2811 433 2842 ΞΟ.

134 2851 163 2878 ’13
175 2852 227 2885 lsa.
243 2859 283 2883 1x.

980 2207 1056 2248 ipso,
1072 2207 1108 2238 ad
1126 2207 1288 2244 miseriam,
1304 2206 1556 2247 aﬂlietionemque
1572 2212 1713 2244 nostram,
1728 2209 1800 2248 quin

981 2252 1069 2283 etiam
1085 2252 1121 2282 ad
1136 2251 1321 2291 servitutem,
1337 2261 1426 2292 quam
1444 2261 1496 2292 per
1511 2256 1663 2292 peccatum
1680 2253 1717 2283 ab
1740 2253 1799 2284 ini-

982 2296 1058 2326 mico
1083 2296 1208 2329 seducti.
1236 2296 1334 2327 eidem
1360 2295 1480 2326 inimico
1503 2296 1716 2335 serviebamus,
1734 2307 1801 2328 cum

980 2341 1171 2381 respexisset,
1185 2340 1368 2380 benignitate
1379 2350 1431 2371 sua
1446 2344 1555 2381 quanta
1565 2341 1624 2373 dici
1635 2351 1695 2372 non
1707 2345 1803 2382 potest

981 2395 1034 2416 nos
1051 2385 1217 2425 miseratus,
1229 2385 1390 2425 volensque
1401 2395 1416 2416 e
1429 2385 1580 2422 servitute,
1589 2390 1618 2416 et
1629 2386 1803 2418 seductione

981 2429 1151 2470 turpissima
1161 2429 1290 2470 eripere,
1304 2434 1383 2461 totus
1396 2430 1467 2462 inde
1478 2430 1633 2462 descendit
1645 2437 1798 2472 paternum

980 2474 1078 2505 sinum
1095 2474 1172 2504 haud
1189 2474 1372 2515 relinquens,
1389 2479 1420 2505 ut
1435 2476 1498 2515 ipse
1516 2476 1608 2514 novit,
1619 2481 1647 2506 et
1659 2476 1804 2507 exsistens

982 2519 1012 2550 in
1029 2522 1119 2558 terra,
1136 2519 1166 2548 in
1182 2519 1325 2556 tenebris,
1344 2523 1373 2550 et
1388 2519 1417 2550 in
1435 2519 1539 2550 umbra
1557 2520 1661 2552 mortis
1675 2521 1805 2552 sedenti-

984 2563 1038 2594 bus
1066 2563 1204 2604 apparuit
1224 2564 1285 2604 79‘,
1301 2564 1338 2595 de
1363 2563 1476 2604 Spiritu
1506 2568 1620 2602 sancto,
1652 2569 1680 2596 et
1703 2569 1805 2596 sancta

983 2617 1103 2648 semper
1119 2607 1241 2647 Virgine
1256 2607 1347 2640 Maria
1361 2608 1498 2640 humanis
1513 2608 1636 2640 artubus
1651 2614 1805 2641 contectus

984 2652 1134 2684 videlicet.
1151 2653 1283 2693 Cumque
1299 2652 1492 2693 ambulasset,
1508 2657 1538 2684 et
1552 2663 1619 2684 cum
1635 2653 1806 2685 hominibus

986 2696 1074 2727 nobis
1087 2706 1121 2728 ac
1139 2697 1345 2737 peccatoribus
1364 2702 1554 2729 conversatus
1570 2701 1662 2736 esset,
1677 2707 1712 2730 ac
1727 2699 1806 2730 divi—

987 2751 1056 2773 nam
1071 2742 1187 2774 vivendi
1201 2742 1361 2781 rationem,
1377 2742 1558 2784 modumque
1574 2742 1661 2774 nobis
1679 2743 1804 2775 demon-

477 2809 508 2835 ⁷6
528 2811 616 2842 Rom.
634 2819 674 2848 v1,
690 2810 709 2842 8
725 2819 808 2851 seqq.
851 2811 882 2836 ’Π
894 2810 934 2843 J0:

997 2819 1017 2848 ι,
1035 2810 1086 2841 t3.
1128 2809 1160 2834 78
1174 2810 1246 2841 Luc.
1273 2817 1333 2848 χιχ,
1349 2808 1390 2840 24
1403 2817 1487 2850 seqq.
1530 2808 1562 2834 79
1575 2810 1665 2842 Marc.
1679 2818 1740 2851 xvt,
1758 2810 1807 2842 16.
