1983 3072
99 144 160 178 41⁵7

805 146 946 182 ORATIO
968 135 1065 180 XXII.

1729 145 1789 179 418

103 214 290 254 misericors,
314 219 343 248 et
366 215 464 247 aliena
489 216 564 247 mala
579 215 696 257 dolens,
714 220 743 247 et
756 225 815 247 non
829 216 958 256 potiusA
969 225 1022 256 per
1037 215 1079 255 id,
1092 225 1147 246 nec
1158 215 1251 246 videri
1269 214 1306 246 ab
1321 215 1379 246 alio
1397 225 1404 246 :
1422 214 1473 246 sed
1490 224 1526 245 ex
1542 214 1612 246 inde
1627 215 1698 246 solis
1714 217 1789 248 invi-

102 259 186 290 omni
209 260 271 292 fera
299 261 442 291 immitior
465 265 551 301 atque
569 261 718 292 credulior
733 261 926 292 invenietur?

102 302 176 338 Quis
190 313 271 335 vana:
286 305 388 343 glorize
401 305 592 345 mancipium,
607 309 635 336 et
644 305 812 344 arrogantia
825 305 926 336 obses-

103 357 167 384 sus,
185 350 345 390 aliquando
357 350 393 381 ab
411 350 584 386 invidentia,
598 354 629 381 et
639 351 854 382 obtrectatione
866 351 926 382 dis-

101 393 207 424 cedet?
221 394 277 430 Qui
288 399 387 426 autem
400 395 436 426 ad
449 395 583 436 corporis
593 396 678 426 etiam
690 396 852 436 voluptates
864 406 926 436 per-

105 437 248 469 fruendas
257 449 323 470 sese
331 439 519 481 dimiserit,et
527 441 556 471 in
564 450 646 471 corno
657 441 810 471 libidinum
818 441 928 472 voluta—

109 486 294 524 tur,quando
303 485 421 516 tandem
431 485 559 516 mundus
567 486 655 516 corde
667 485 928 525 evadet,autquan—

102 525 141 556 do
151 529 333 568 etquomodo
344 529 436 560 Deum
445 529 650 560 fabricatorem
661 539 745 560 suum
758 529 888 560 videbit?

145 572 208 603 Jam
227 574 367 613 pacificus
383 584 440 614 quo
457 579 543 614 pacto
569 575 685 605 futurus
706 578 761 610 est,
779 573 829 614 qui
845 574 927 614 seip-

101 627 169 647 sutn
190 617 328 648 alienavit
353 627 368 649 τι
394 618 467 658 Deo,
485 628 540 650 nec
566 619 715 650 dicentem
742 619 824 649 audit
842 628 847 649 :
868 618 927 649 Pro

103 662 222 692 Christo
238 662 385 702 legatione
395 663 568 702 fungimur,
579 668 723 703 tanquam
736 663 798 694 Deo
807 672 863 701 per
874 672 926 693 nos

102 708 293 743 exhortante,
310 708 552 739 recouciliamini
566 709 626 739 Deo
643 709 674 733 75
695 707 833 748 Quisquis
845 707 924 738 enim

104 761 158 792 per
175 752 380 783 mandatorum
398 753 587 784 violationeln
605 763 671 783 cum
685 754 745 784 Deo
757 753 865 783 bellum
877 762 927 791 ge-

102 796 154 833 rit,
172 797 287 828 etiamsi
304 807 407 827 omnes
423 797 500 828 inter
514 807 545 828 se
563 797 773 838 pacificaverit,
791 797 842 828 Dei
854 798 927 827 hos-

103 841 142 872 tis
159 846 221 872 est:
240 842 387 882 siquidem
404 851 460 873 nec
477 846 508 872 ut
532 842 600 882 ipsi,
627 843 704 873 inter
729 851 803 882 quos
826 851 926 880 pacem

103 886 254 917 conciliat.
272 888 332 918 Deo
350 887 495 927 placeant,
514 887 543 917 id
570 887 649 917 facit.
677 888 749 918 Nam
779 897 844 917 cum
865 887 928 926 ipse

968 260 1106 291 sibilibus
1121 261 1257 297 afficitur,
1283 260 1442 300 nullusque
1459 259 1486 290 ei
1511 260 1614 290 harum
1631 271 1696 301 qua:
1710 264 1787 302 apud

968 314 1022 336 nos
1037 309 1104 336 sunt
1116 314 1214 336 rerutn
1232 314 1347 341 Sensus,
1361 309 1409 335 aut
1421 313 1492 334 cura
1502 308 1632 344 superat,
1649 314 1715 336 cum
1729 307 1789 339 illic

968 350 1117 390 duplicem
1133 350 1233 390 vitam,
1260 353 1289 379 et
1313 349 1465 388 geminum
1493 354 1642 381 certamen
1669 350 1787 390 habeat,

970 399 1020 425 aut
1035 393 1117 433 regni
1133 393 1272 431 cmlestis,
1286 397 1315 424 et
1330 397 1448 423 sclerum
1469 393 1569 432 gloriae
1583 404 1590 432 ;
1609 399 1657 424 aut
1671 396 1788 434 gehen-

970 449 1025 475 nre,
1043 448 1076 469 ac
1092 448 1185 479 preme
1200 438 1288 477 ignis.
1315 438 1450 469 Alterum
1480 438 1590 478 quippe
1619 438 1724 470 horum
1750 442 1786 472 ad

970 483 1172 514 hwreditatem
1190 483 1402 522 sempiternam
1420 492 1472 522 pro
1485 482 1597 513 meritis
1611 492 1627 513 a
1640 483 1700 515 Deo
1711 487 1788 517 reci-

970 529 1022 569 pit.
1036 528 1180 564 Quocirca
1197 527 1234 558 ob
1247 528 1308 558 haec
1325 528 1470 558 fallaciam
1487 527 1575 567 hujus
1589 527 1665 568 vitae,
1680 535 1708 561 et
1724 540 1789 571 quae

970 578 1099 614 putatur,
1111 573 1175 612 ejus
1188 572 1316 603 lzetitiam
1329 571 1487 611 fugiamus.
1503 576 1531 602 et
1540 572 1576 602 ad
1588 573 1683 604 solum
1692 575 1790 607 Cbris~

969 623 1029 648 tum
1055 618 1221 648 animarum
1248 617 1429 647 Salvatoretn
1457 625 1659 659 accurramus,
1676 629 1787 659 quaeso.

967 662 1052 693 Hunc
1078 661 1212 692 invenire
1236 661 1419 697 studeamus,
1445 660 1494 700 qui
1521 660 1631 701 ubique
1658 672 1789 703 praesens

967 708 1061 744 adest,
1080 710 1108 737 et
1125 706 1279 736 inventum
1301 710 1466 742 teneamus,
1484 706 1682 747 prostratique
1703 709 1789 748 pedi-

969 752 1024 782 bus
1039 753 1114 792 ejus,
1133 761 1184 782 eos
1198 751 1311 782 fervide
1327 751 1555 791 amplectamur.
1576 751 1629 782 Eia
1650 752 1789 795 obsecro,

968 798 1141 828 studeanius
1152 797 1221 827 dum
1239 804 1434 836 supersumus
1446 795 1542 836 ipsum
1556 796 1655 827 videre
1671 801 1700 827 et
1715 807 1788 829 cou-

970 842 1117 882 teiuplari
1138 841 1167 873 Si
1182 841 1261 872 enim
1282 841 1367 880 digni
1387 840 1575 881 habebimur,
1596 841 1646 881 qui
1659 851 1726 873 eum
1741 843 1790 874 hic

970 896 1060 917 sensu
1075 887 1185 926 vigenti
1201 886 1365 922 videamus,
1381 894 1438 915 non
1449 886 1790 926 moriemur,morsnos-

105 931 220 970 primus
242 931 281 963 sit
295 931 434 962 inimicus
455 932 500 962 sui
515 941 548 962 ac
565 932 630 968 Dei,
658 932 771 962 inimici
787 932 839 962 Dei
855 932 1008 971 tiuutBtri
1034 941 1092 962 non
1118 930 1319 962 dominabitur
1341 930 1383 961 76.
1411 931 1454 961 Ne
1477 935 1684 970 exspectemus
1708 937 1740 963 ut
1758 933 1789 964 in

104 975 193 1006 etiam
211 976 252 1013 hi,
270 976 319 1016 qui
333 986 385 1017 per
395 977 468 1007 tales
480 986 583 1017 pacem
598 977 828 1017 amplectuntur.
843 978 927 1008 I’ror-
969 977 1066 1007 futuro
1083 985 1150 1007 eum
1163 976 1326 1016 videamus,
1344 975 1396 1005 sed
1413 984 1492 1005 nunc
1507 984 1573 1006 eum
1586 976 1688 1007 videre
1700 978 1789 1008 anni-

105 1029 156 1050 sus
172 1021 250 1051 enim
267 1021 317 1061 qui
331 1021 472 1051 adversus
497 1021 666 1062 quempiam
689 1021 828 1052 hostilem
853 1021 928 1060 gerit
970 1024 1076 1059 tamur,
1090 1030 1156 1052 cum
1165 1020 1330 1051 etJoannes
1341 1019 1556 1058 Theologusila
1568 1020 1789 1053 dicat:Scimus

104 1065 249 1103 animum,
266 1075 330 1106 quae
345 1066 423 1096 hosti
439 1065 575 1097 videntur
590 1070 618 1097 et
634 1066 750 1106 placent
766 1066 880 1097 caeteris
892 1075 925 1096 ex
969 1069 1080 1103 autem,
1095 1067 1240 1106 quoniam
1252 1066 1345 1096 Deum
1356 1065 1499 1096 habemus
1510 1065 1542 1095 in
1560 1066 1697 1097 cordibus
1716 1076 1788 1098 nos—

104 1109 205 1140 animo
231 1110 368 1147 suadere,
401 1114 428 1141 et
453 1110 562 1142 docere
587 1120 638 1141 eos
661 1111 771 1151 facere,
796 1120 862 1151 quae
878 1111 928 1141 ille
971 1115 1036 1148 tris,
1061 1120 1100 1142 ex
1123 1111 1253 1151 Spiritu.
1277 1119 1366 1149 quem
1389 1110 1427 1140 ab
1454 1111 1515 1149 ipso
1547 1111 1718 1150 accepimus
1745 1113 1787 1144 7⁷.

104 1154 178 1191 vult,
205 1155 310 1192 nescit,
336 1159 439 1196 utpote
469 1155 526 1186 alia
551 1155 610 1195 via,
635 1159 663 1186 et
686 1155 765 1186 illius
787 1155 928 1188 voluntati
970 1155 1144 1196 Quicunque
1170 1155 1257 1194 igitur
1283 1155 1371 1185 ﬁdem
1403 1155 1430 1185 in
1461 1154 1557 1194 ipsum
1589 1164 1623 1185 ex
1650 1155 1792 1196 operibus

106 1200 255 1230 contraria
270 1199 426 1231 incedens.
442 1201 554 1240 Itaque,
567 1200 670 1231 dilecti
688 1200 804 1236 fratres,
826 1200 922 1230 oderi-
970 1200 1126 1232 infractam
1151 1209 1185 1231 ac
1207 1199 1344 1231 stabilem
1360 1199 1544 1237 ostendistis,
1562 1209 1627 1239 quae
1641 1210 1658 1230 a
1673 1201 1759 1232 nobis
1774 1211 1792 1233 a

107 1253 173 1274 mus
202 1244 356 1282 mundum,
375 1248 403 1275 et
419 1255 453 1275 ea
470 1255 535 1285 quae
562 1245 591 1275 in
619 1244 728 1275 mundo
756 1248 824 1275 sunt
852 1244 928 1280 Quid
971 1245 1119 1286 principio
1136 1245 1215 1276 dicta
1226 1249 1295 1276 sunt
1311 1249 1458 1282 accurate,
1472 1244 1607 1285 beneque
1622 1245 1789 1285 dijudican-

106 1298 237 1329 namque
253 1289 337 1319 nobis
352 1299 418 1320 cum
437 1289 558 1326 mundo,
571 1293 600 1319 et
614 1299 680 1320 cum
694 1289 729 1319 iis
740 1289 789 1329 qui
803 1289 831 1320 in
847 1299 930 1319 mun-
971 1294 1026 1328 tes,
1044 1294 1157 1327 cavete,
1170 1290 1288 1320 nedum
1301 1289 1408 1329 putatis
1424 1298 1476 1319 vos
1489 1289 1632 1320 christum
1649 1290 1678 1320 in
1692 1291 1790 1322 vobis-

106 1333 144 1362 do
156 1333 255 1363 vivunt
269 1333 463 1364 hominibus?
480 1334 690 1366 Desideremus
702 1339 804 1364 contra
816 1334 930 1364 medul-
972 1340 1032 1365 met
1046 1334 1168 1372 habere,
1182 1343 1240 1364 non
1252 1333 1493 1364 animadvertatis
1509 1343 1559 1364 vos
1577 1334 1651 1364 nihil
1667 1335 1790 1372 habere,

106 1377 186 1417 litus,
204 1388 268 1418 quae
284 1377 363 1409 Deus
378 1379 517 1419 amplecti
533 1389 586 1409 nos
607 1378 704 1418 jubet.
724 1383 927 1419 paupertatem
970 1379 1127 1419 vacuisque
1142 1378 1280 1409 manibus
1295 1387 1311 1409 e
1322 1378 1380 1409 vita
1393 1377 1611 1416 subducamini,
1625 1384 1654 1410 et
1667 1379 1793 1411 audiatis

107 1422 240 1462 spiritus,
257 1432 344 1463 quam
361 1423 482 1454 di\iuus
498 1433 596 1454 sermo
616 1423 811 1454 humilitatem
829 1423 927 1454 nomi—

107 1472 177 1498 nat:
197 1467 307 1498 luctum
325 1472 498 1508 perpetuum
516 1468 563 1498 die
587 1478 621 1499 ac
641 1473 779 1508 nocte,ex
795 1477 852 1508 quo
868 1472 929 1498 tan-

108 1521 197 1552 quam
212 1521 227 1542 c
242 1512 321 1543 fonte
332 1513 473 1552 gaudium
485 1513 602 1551 animm,
620 1513 822 1544 etconsolatio
835 1513 927 1544 Deum

107 1556 303 1596 diligentibus
319 1557 347 1587 in
366 1558 454 1588 horas
471 1558 600 1598 proﬂuit.
620 1558 659 1588 Ex
676 1559 731 1589 hoc
745 1557 882 1589 omnibus
898 1557 928 1588 in

108 1601 234 1632 veritate
264 1602 445 1633 certantibus
470 1602 664 1632 mansuetudo
689 1603 776 1633 etiam
803 1603 930 1633 feliciter

108 1646 253 1686 procedit,
281 1646 427 1686 justitiam
458 1646 659 1678 esurientibus
683 1656 718 1678 ac
747 1647 928 1686 sitientibus,

107 1699 286 1730 semperque
300 1700 424 1729 regnum
441 1690 505 1728 Dei,
527 1691 604 1731 quod
622 1701 741 1722 omnem
767 1692 929 1722 humanum

110 1743 230 1765 sensum
248 1739 416 1776 exsuperat,
433 1736 646 1776 quaerentibus.
665 1737 766 1775 .‘quue
789 1737 844 1766 hoc
863 1740 930 1766 tan-

111 1782 186 1817 tum,
216 1779 269 1810 sed
300 1784 328 1811 et
350 1780 521 1820 quempiam
553 1781 775 1811 misericordem
801 1781 878 1818 fieri,
903 1785 932 1812 et

111 1824 221 1854 mundo
237 1825 339 1863 corde,
364 1825 484 1865 plenum
508 1825 598 1865 pacis,
616 1829 646 1855 et
667 1825 833 1865 paciticum,
857 1835 931 1856 con-

111 1873 215 1909 traque
231 1870 410 1900 tentationes
425 1870 592 1900 animosum
609 1879 642 1900 ac
659 1870 772 1900 virilem
790 1870 859 1900 hinc
876 1874 931 1907 est,

112 1922 147 1943 ex
164 1913 338 1953 quotidiano
355 1914 434 1944 luctu
453 1914 602 1945 videlicet.
619 1914 694 1945 Iiinc
711 1916 778 1945 item
796 1919 934 1954 peccato-

113 1967 178 1988 rum
205 1958 305 1988 odiuni
332 1959 360 1988 in
385 1958 471 1989 nobis
500 1961 640 1989 nascitur.
673 1959 747 1989 Hinc
774 1959 889 1990 divinas
904 1959 933 1990 in

113 2002 213 2033 anima
227 2003 309 2033 zelus
323 2004 507 2039 accenditur,
525 2003 577 2043 qui
592 2003 673 2034 nullo
687 2003 773 2034 modo
790 2013 854 2034 enm
871 2004 933 2044 qui-

113 2056 229 2087 escere,
244 2050 294 2078 aut
312 2057 379 2078 cum
398 2047 542 2088 improbis
552 2048 587 2078 ad
600 2048 821 2088 improbitatem
837 2048 933 2079 decli-

114 2100 185 2122 nare
195 2092 322 2131 patitur:
341 2092 394 2122 sed
411 2101 474 2122 tam
491 2092 625 2122 virilitate
641 2101 676 2122 ac
693 2092 801 2122 virtute
817 2092 931 2133 implet,

115 2145 171 2175 quo
188 2135 218 2166 in
232 2135 323 2166 rebus
337 2137 477 2166 adversus
493 2146 589 2176 usque
599 2137 635 2167 ad
649 2136 740 2166 finem
755 2142 933 2176 perseveret.

971 1424 1060 1464 (quod
1086 1424 1162 1454 Deus
1187 1424 1310 1463 avertat)
1340 1432 1441 1453 vocem
1468 1423 1548 1453 illam
1578 1423 1754 1455 horribilem
1782 1435 1789 1454 :

974 1469 1079 1500 Tollite
1094 1469 1170 1508 quod
1193 1477 1298 1499 seruus
1329 1477 1455 1507 nequam
1485 1468 1603 1499 videtur
1628 1469 1746 1506 habere,
1764 1472 1794 1500 et

969 1513 1038 1544 date
1051 1514 1119 1552 plus
1131 1513 1256 1544 habenti
1271 1514 1312 1544 78.
1325 1513 1407 1544 Tunc
1421 1512 1450 1542 in
1462 1522 1581 1543 omnem
1597 1514 1790 1544 aeternitatem

971 1558 1135 1598 plorabitis.
1152 1562 1181 1588 et
1197 1557 1347 1597 lugebitis,
1365 1561 1394 1587 et
1408 1556 1611 1589 tristabimini.

1251 1610 1393 1643 ORATIO
1421 1610 1510 1642 XXII.

1274 1666 1487 1689 ARGUMENTUM.

971 1711 1044 1744 Quid
1065 1712 1119 1740 sibi
1143 1712 1207 1740 velit
1229 1721 1237 1738 :
1263 1722 1274 1738 ε
1303 1712 1356 1746 Qui
1379 1711 1547 1744 crediderit,
1577 1717 1614 1748 et,
1632 1712 1792 1748 baptizalus

1005 1749 1102 1783 fuerit,
1117 1748 1210 1776 salvus
1225 1749 1279 1776 erit
1301 1757 1310 1776 :
1330 1747 1378 1783 qui
1396 1755 1459 1775 vero
1473 1755 1530 1776 non
1550 1747 1710 1779 crediderit.
1727 1756 1792 1776 con-

1008 1784 1184 1812 demnabitur
1197 1784 1233 1810 79.
1253 1794 1263 1808 ι
1283 1784 1349 1817 Qum
1361 1784 1416 1811 sint
1434 1783 1581 1812 charitatis
1602 1791 1669 1820 erga
1693 1784 1793 1819 Deum,

1007 1822 1033 1847 et
1053 1820 1217 1855 proximum
1240 1822 1415 1852 argumenta.
1433 1820 1467 1847 De
1479 1820 1611 1855 perfecta,
1627 1822 1652 1847 ιι
1666 1827 1794 1848 consum-

1009 1858 1085 1896 mata
1100 1855 1246 1896 rhnritatc,
1261 1856 1371 1919 ejusque
1389 1855 1625 1896 efﬁcientiq._Nisi
1640 1856 1684 1897 hij
1698 1856 1794 1884 chari-

1011 1893 1084 1919 tatts.
1102 1895 1125 1918 ct
1138 1894 1306 1919 sanctisstmt
1339 1894 1441 1919 inritus
1455 1895 1601 1919 participes
1615 1892 1676 1919 fieri
1686 1892 1794 1919 labore-

1011 1891 1084 1920 tatis.
1102 1895 1125 1918 ct
1138 1891 1306 1919 sanctissimi
1320 1891 1441 1927 Spiritus
1454 1892 1601 1927 participes
1613 1892 1676 1927 ﬁeri
1686 1892 1794 1920 labore-

1009 1934 1081 1959 mus,
1098 1935 1152 1954 non
1175 1934 1253 1963 posse
1271 1935 1318 1954 nec
1333 1926 1503 1963 ﬁdeleshnec
1528 1926 1703 1955 Christianos
1727 1935 1792 1959 esse.

1011 1961 1211 1999 ttecﬁliosVDei
1225 1963 1362 1999 appellari
1378 1973 1384 1989 ;
1401 1961 1553 1999 ςεάνροιίιω
1565 1971 1617 1999 pro
1639 1963 1794 1998 inﬁdelibus

1010 1998 1039 2026 in
1050 1998 1094 2026 die
1102 1998 1206 2034 judicii
1219 1998 1430 2026 condemnatum
1445 1998 1494 2026 iri.

1014 2047 1156 2078 Dominus
1171 2057 1205 2078 ac
1218 2048 1296 2079 Deus
1313 2051 1413 2078 noster
1422 2048 1509 2078 Jesus
1520 2047 1665 2088 Christus,
1675 2057 1793 2088 germa-

974 2102 1030 2123 nus
1050 2092 1101 2122 Dei
1119 2091 1212 2123 Patris
1227 2091 1330 2129 Filius,
1348 2091 1483 2132 ejusdem
1499 2101 1566 2122 cum
1588 2092 1638 2123 illo
1653 2093 1792 2124 substan-

977 2137 1034 2174 tiae,
1052 2141 1174 2172 uaturze,
1191 2135 1303 2176 gloriae,
1321 2136 1430 2166 sedens
1452 2136 1483 2166 in
1508 2136 1613 2167 eodem
1631 2137 1748 2174 throno,
1767 2142 1794 2168 et

115 2181 286 2211 Curramus.
304 2190 348 2221 pet
359 2190 530 2221 sequamur,
552 2181 647 2212 donec
661 2181 814 2222 quippiam
830 2191 845 2212 e
859 2181 1077 2225 stan-Dthroni
1097 2181 1206 2214 socius.
1226 2181 1255 2210 in
1273 2180 1357 2211 Patre
1375 2189 1508 2218 manens,
1527 2180 1604 2211 sicut
1619 2186 1648 2212 et
1664 2181 1750 2213 Pater
1765 2182 1796 2212 in

116 2225 205 2265 tibus,
228 2235 262 2256 ac
291 2225 415 2256 minime
444 2225 604 2256 fluentibus
632 2226 932 2266 comprehendamus.

98 2269 277 2301 'Prmsentia
303 2274 409 2301 cuncta
433 2275 568 2311 pereunt,
587 2275 615 2301 et
640 2275 671 2301 ut
695 2271 810 2302 somnia
827 2275 935 2310 praete—

115 2319 212 2351 reunt,
231 2315 365 2355 nihilque
395 2315 474 2346 inter
503 2325 537 2346 ea
564 2325 629 2356 quae
651 2315 746 2346 oculis
762 2315 933 2355 ::spicimus,

117 2359 235 2389 firmum
251 2363 306 2397 est,
320 2370 354 2390 ac
369 2360 483 2391 stabile.
498 2360 558 2397 Sol,
573 2365 661 2397 astra,
675 2361 793 2398 cmluui,
804 2364 833 2391 et
844 2365 933 2400 terra,

117 2403 215 2434 omnia
231 2408 405 2442 transeunt;
421 2405 502 2435 solus
517 2414 550 2435 ex
567 2405 705 2435 omnibus
721 2405 810 2436 homo
824 2410 934 2437 manet.

117 2447 192 2484 Quid
209 2458 278 2488 ergo
288 2458 320 2480 ex
331 2449 561 2489 aspectabilibus
572 2449 717 2480 universis
728 2450 867 2488 prodesse
880 2459 934 2480 no-

117 2493 162 2523 bis
178 2494 297 2533 potcrit,
315 2504 381 2525 cum
403 2494 563 2534 moriendie
575 2494 737 2524 necessitas
759 2494 936 2525 advenerit?

117 2548 183 2569 cuni
201 2539 269 2569 hinc
280 2539 315 2569 ad
329 2539 409 2569 illam
420 2539 499 2570 illius
514 2539 615 2569 saeculi
629 2539 763 2578 requiem
775 2539 934 2580 abibimus,

119 2587 148 2614 et
164 2583 279 2622 fugacia
291 2584 345 2614 ista
358 2588 422 2624 post
434 2592 488 2613 nos
499 2583 726 2623 relinquemus?
742 2583 825 2619 Quod
835 2584 859 2614 si
877 2584 938 2615 haec

120 2627 246 2660 visibilia
275 2629 408 2658 nondum
448 2627 633 2663 transibunt,
666 2627 734 2667 quid
763 2628 838 2658 lucri
868 2628 937 2658 inde

121 2672 218 2712 nobis,
235 2683 270 2704 ex
292 2673 347 2704 hoc
359 2672 465 2704 sacculo
481 2676 575 2703 morte
591 2672 743 2712 digressis,
761 2677 789 2703 et
805 2673 852 2704 hic
868 2682 938 2704 exa-

120 2717 194 2748 nimi
217 2718 320 2748 relicto
346 2719 496 2758 corpore?
522 2719 563 2748 Ex
586 2725 645 2757 quo
661 2717 739 2748 enim
756 2718 855 2748 anima
871 2727 940 2748 cor—

122 2772 177 2802 pus
202 2771 289 2793 suum
315 2761 493 2801 deseruerit,
510 2771 566 2793 nec
589 2761 690 2793 videre
705 2761 832 2802 amplius
847 2767 943 2803 potest

159 2829 231 2861 7511
248 2830 317 2860 Cor.
332 2837 363 2868 v,
378 2830 429 2862 eo.

473 2829 504 2854 ⁷6
525 2830 612 2861 Rom.
629 2837 669 2867 v1,
686 2829 705 2861 8
721 2838 804 2870 seqq.

120 2871 152 2897 ἠ
165 2871 223 2904 Isa.
240 2878 279 2902 ιχ.

848 2829 878 2854 ⁷7
891 2829 976 2862 Joan.
994 2837 1013 2867 l,
1031 2829 1082 2860 t3.

976 2226 1053 2266 ipso,
1069 2226 1104 2256 ad
1123 2225 1283 2263 miseriam,
1300 2225 1552 2266 atIlit-tionemque
1568 2230 1709 2263 nostram,
1723 2227 1795 2267 quin

977 2270 1065 2301 etiam
1081 2270 1116 2301 ad
1133 2270 1317 2309 servitutem,
1333 2279 1421 2310 quam
1439 2279 1492 2310 per
1507 2275 1659 2311 peccatum
1676 2271 1712 2302 ab
1736 2271 1795 2302 ini-

978 2314 1055 2345 mico
1080 2315 1205 2347 seducti.
1232 2315 1330 2345 eidem
1356 2314 1476 2345 inimico
1498 2314 1712 2354 serviebamus,
1730 2325 1797 2347 cum

976 2359 1168 2399 respexisset,
1182 2359 1364 2398 benignitate
1375 2369 1427 2390 sua
1441 2363 1550 2400 quanta
1561 2359 1620 2391 dici
1631 2370 1690 2391 non
1702 2364 1799 2400 potest

977 2414 1030 2435 nos
1047 2403 1213 2443 miseratus,
1226 2403 1385 2444 volensque
1397 2413 1412 2434 e
1425 2404 1614 2441 servitute,et
1625 2405 1799 2436 seductione

977 2448 1147 2489 turpissima
1157 2448 1286 2488 eripere,
1300 2453 1379 2479 totus
1392 2449 1463 2480 inde
1474 2449 1629 2480 descendit
1640 2455 1794 2490 paternum

976 2493 1074 2524 sinum
1091 2492 1168 2523 haud
1185 2492 1368 2534 relinquens,
1385 2497 1416 2524 ut
1431 2495 1493 2534 ipse
1512 2494 1603 2532 novit,
1614 2499 1643 2525 et
1654 2494 1799 2526 exsistens

979 2538 1009 2568 in
1025 2541 1115 2577 terra,
1132 2537 1162 2567 in
1179 2537 1320 2574 tenebris,
1340 2542 1368 2568 et
1384 2538 1413 2569 in
1432 2537 1534 2569 umbra
1552 2538 1656 2570 mortis
1671 2539 1801 2570 sedenti-

980 2582 1034 2613 bus
1062 2582 1199 2622 apparuit
1220 2583 1281 2623 79‘,
1297 2583 1334 2613 de
1359 2582 1472 2623 Spiritu
1502 2587 1616 2621 sancto,
1647 2587 1675 2614 et
1699 2587 1801 2615 sancta

980 2635 1099 2666 semper
1115 2626 1237 2666 Virgine
1253 2626 1343 2658 Maria
1357 2627 1494 2658 humanis
1508 2627 1632 2658 artubus
1646 2633 1801 2659 contectus

981 2671 1130 2702 videlicet.
1147 2672 1279 2712 Cumque
1295 2671 1488 2712 ambulasset,
1504 2676 1534 2702 et
1548 2681 1615 2703 cum
1631 2672 1802 2704 hominibus

982 2715 1070 2746 nobis
1084 2725 1118 2746 ac
1134 2716 1341 2756 peccatoribus
1360 2720 1551 2748 conversatus
1566 2720 1657 2754 esset,
1673 2726 1707 2748 ac
1723 2717 1801 2748 divi-

983 2770 1052 2792 nam
1067 2761 1184 2793 vivendi
1197 2761 1357 2800 rationem,
1372 2761 1554 2802 modumque
1570 2761 1657 2792 nobis
1675 2761 1800 2794 demon-

1125 2828 1156 2853 78
1170 2829 1243 2859 Luc.
1269 2836 1330 2866 nx,
1345 2827 1385 2859 24
1399 2836 1483 2869 seqq.
1526 2827 1558 2853 79
1570 2828 1661 2861 Marc.
1675 2837 1735 2869 xw,
1753 2829 1802 2862 t6.
