1983 3072
229 163 288 197 399
889 150 1078 186 SYMEONIS
1097 151 1273 183 JUNIORIS
1874 147 1948 180 4ου

230 241 298 264 esse
313 225 513 271 pudicitiam?
528 224 586 258 Sed
615 228 644 256 et
669 223 741 271 nudi
771 225 865 259 erant,
895 224 924 252 et
948 230 980 251 se
997 229 1056 250 non
1067 223 1088 247 A
1099 219 1209 271 tundit.
1228 216 1380 271 tios-tremo
1391 218 1449 249 alia
1459 222 1560 259 restat,
1573 228 1638 271 quae
1654 219 1834 250 connivente
1852 218 1948 250 bono

231 263 460 316 cogndscebant,
491 281 547 303 nec
578 268 807 316 erubescebant,
831 276 901 316 nec
916 270 1015 316 tamen
1040 274 1056 295 a
1098 265 1170 314 _Deo_,
1188 274 1222 314 ac
1239 264 1364 316 Domino
1380 267 1493 316 nostro,
1521 263 1685 316 secundpm
1709 263 1948 316 (Bconomiqam

230 307 335 354 natura
350 307 483 358 corporis
497 316 533 348 ad
550 325 613 347 rem
625 313 794 345 habendam
808 311 1053 343 sollicitabantur.
1097 309 1314 358 institutionem
1323 308 1367 358 .ad
1377 308 1579 358 humilitatem
1596 307 1683 339 nobis
1706 317 1722 339 a
1738 307 1949 339 daemonibus

232 352 289 398 Sed
307 367 371 405 post
386 352 551 404 peccatum,
570 365 599 391 et
622 358 901 405 transgressionem,
929 360 958 386 et
973 359 1055 395 post-
1098 353 1361 405 inferturtentatio.
1374 352 1626 405 Quaenamisthmc
1639 353 1652 383 Υ
1666 353 1762 393 ipsum
1775 354 1831 383 hoc
1842 362 1945 388 onus,

230 397 319 452 quani
336 397 472 449 paradiso
489 397 577 452 pulsi,
594 414 642 452 as_
658 397 719 436 Deo
749 401 850 433 nudati
881 401 1009 450 fuerunt,
1028 402 1058 429 et
1098 402 1127 452 et
1143 398 1406 439 pondusgcorporis
1418 397 1521 434 nostri,
1539 397 1617 452 quod
1633 398 1765 452 quamvis
1777 398 1864 428 nulla
1878 398 1946 428 alia

230 445 418 493 divina-ejus
434 445 528 492 gloria
559 449 744 486 exciderunt,
768 451 849 483 tunc,
866 449 900 476 ut
913 445 1056 485 scriptum

229 505 276 532 est
292 509 300 532 ε
319 496 570 538 Cognovit/ldum
582 503 711 526 umorem
720 501 819 538 surint,
833 493 1058 538 concepitquret

227 545 348 587 peperit
360 535 386 567 ῖἻ
401 567 407 574 .
425 541 568 587 Proinde,
580 539 706 587 dilecte,
724 537 941 587 si‘tuquoque
963 535 1055 585 Deum

231 579 349 621 sincere
363 586 519 626 amaveris,
537 579 565 615 et
580 584 609 615 in
633 583 697 623 ejus
724 580 884 612 dilectione
900 579 1056 626 manseris,

231 643 383 675 nunquam
399 632 476 662 ullus
491 622 583 662 animi
607 622 705 675 motus
720 637 737 657 a
751 626 868 675 ratione
887 625 1006 675 alienus
1018 622 1058 653 lui

232 669 435 712 dominabitur
450 685 457 708 :
476 684 573 715 neque
589 672 722 713 corporis
738 670 917 715 necessitate
933 669 1058 715 quadam

234 722 390 765 tyrannide
405 712 564 762 opprimet.
582 712 756 765 Sicutcnim
767 724 876 765 corpus
887 714 951 745 sine
962 712 1059 765 anima

1098 443 1135 473 de
1152 452 1250 483 causa,
1270 447 1390 483 propter
1413 451 1516 473 vanam
1532 442 1655 481 gloriam
1671 443 1780 478 solum,
1797 447 1851 473 aut
1869 443 1942 473 ela-

1099 487 1209 518 tionem
1224 487 1315 518 animi
1340 491 1389 518 aut
1413 497 1466 527 per
1490 486 1710 518 damnationem
1739 487 1880 524 alterius,
1904 492 1942 518 ut

1099 533 1284 573 negligentis,
1303 537 1352 563 aut
1366 536 1487 572 propter
1501 531 1572 562 alias
1600 532 1687 562 etiam
1705 541 1812 563 causas
1829 532 1941 572 pluri—

1100 587 1173 615 mas,
1193 577 1319 608 dmmoni
1337 577 1460 607 traditur
1474 576 1504 606 in
1516 576 1666 606 interitum
1685 577 1793 614 carnis,
1812 581 1843 607 et
1861 586 1942 607 con-

1101 621 1364 652 tritionemanimte
1376 631 1383 662 ;
1397 620 1602 661 probationem
1616 627 1696 659 vero,
1706 621 1943 652 etexercitatio—

1101 676 1169 696 nem
1181 666 1354 706 ampliorem
1367 665 1512 705 ejusdem,
1528 666 1788 696 etutcumviscera
1798 666 1906 706 pietati
1916 677 1939 700 ε,

1102 715 1130 741 et
1141 711 1361 741 miserationem
1374 710 1511 741 Deicirca
1523 720 1576 741 nos
1587 710 1824 750 cognoverimus,
1837 714 1938 740 totum

233 755 271 800 ad
286 767 362 799 nihil
379 755 491 798 moveri
506 766 603 805 potest
619 771 625 793 :
652 762 694 793 sic
710 769 806 800 neque
822 759 882 790 Deo
899 767 950 798 per
966 756 1061 788 chnri—
1102 756 1210 786 amoris
1230 756 1366 786 allectum
1388 755 1423 785 ad
1440 765 1506 785 eum
1520 756 1742 794 transferamus,
1759 759 1887 795 totoque
1906 755 1938 784 in

234 799 324 844 tatem
343 799 615 851 eonjuncta-anima
641 805 678 837 ad
707 799 818 851 ventris
847 807 877 834 et
902 801 1059 851 libidinum
1103 801 1185 850 illum
1202 800 1350 830 desiderio
1366 800 1505 851 feramur.
1523 799 1618 836 Quare
1634 805 1662 830 et
1677 800 1739 830 haec
1752 809 1811 830 non
1825 809 1939 830 omnes

232 844 593 897 voluptates'pessumdari
606 861 612 882 :
626 860 682 881 nec
693 850 729 881 ad
742 847 964 888 aliasjquasdam
981 845 1062 897 cupi-
1072 869 1091 892 Β
1103 845 1203 875 omnia
1214 849 1325 894 norunt
1341 855 1354 894 ι¹
1365 845 1417 875 sed
1428 844 1534 875 animm
1549 845 1667 884 quidem
1684 844 1892 881 alterationes,
1906 848 1938 875 et

233 888 341 933 ditates
356 888 456 932 rerum
473 896 713 938 aspectabilium,
731 897 781 925 aut
808 902 871 938 non,
892 896 993 931 aspect
1005 890 1059 938 xhi-
1073 888 1091 892 ”
1104 889 1237 938 corporis
1253 889 1441 927 mutationes,
1459 890 1507 929 qui
1531 889 1722 919 mediocriter
1733 888 1772 932 ad
1788 888 1935 919 virtutem

233 947 318 983 lium,
334 945 365 975 iu
376 943 484 984 quibus
495 933 593 972 locum
608 939 698 971 habet
711 936 913 984 perturbatio:
932 934 1062 984 quando-
1103 934 1200 984 allecti
1215 937 1295 984 sunt,
1313 943 1415 984 eorum
1428 935 1552 984 quisque
1563 943 1598 964 ex
1611 938 1692 974 parte
1709 933 1800 971 novit,
1815 934 1840 964 si
1855 934 1936 964 forte

236 978 356 1032 quidem
369 978 516 1029 appetitus
531 985 630 1016 cordis
656 978 732 1024 ejus,
764 986 813 1032 aut
831 981 938 1032 potius
966 979 1062 1032 om‘nis
1105 979 1400 1032 contigeritginipsno
1430 979 1580 1019 quippiam
1608 978 1840 1018 hujuscemodi:
1861 988 1934 1009 nam

235 1023 397 1067 inclinatio.
405 1023 563 1063 voluntatis
589 1023 679 1070 ejus,’
692 1037 758 1059 cum
789 1026 869 1058 dulci
894 1034 995 1056 amore
1010 1023 1062 1054 Dei
1106 1025 1191 1064 plane
1208 1024 1340 1055 tenebris
1355 1024 1464 1054 oll‘usos
1480 1034 1539 1054 non
1555 1033 1704 1054 curamus.

235 1080 372 1111 devincta
387 1081 442 1109 est.
459 1076 526 1117 Ipsa
537 1068 629 1115 igitur
641 1071 794 1105 Conditori
809 1081 861 1117 suo
873 1071 1018 1117 colligata.
1034 1072 1066 1098 ut
1146 1070 1185 1100 At
1196 1068 1495 1117 quasmenspatitur
1510 1069 1730 1117 conversiones,
1748 1073 1776 1098 et
1793 1068 1937 1098 mutatio.

235 1124 376 1164 diximus,
394 1112 483 1157 cedo;
498 1112 646 1161 quoinodo
663 1127 678 1149 a
694 1126 819 1164 corpore
848 1113 989 1164 incendi,
1017 1118 1066 1143 aut
1106 1123 1170 1150 nes,
1187 1114 1223 1144 de
1236 1114 1343 1154 quibus
1368 1113 1507 1164 diximus,
1526 1113 1591 1163 .soli
1607 1112 1746 1164 __tprbidis
1775 1112 1936 1144 affectibus

235 1157 428 1207 moveri,'aut
443 1157 622 1207 per-ipsum
653 1157 859 1203 suasomnino
890 1158 1068 1199 cupiditates
1107 1162 1253 1195 carentes,
1272 1162 1300 1189 et
1315 1157 1534 1207 perfecti,puri
1550 1161 1578 1188 et
1607 1157 1694 1188 liberi
1719 1158 1818 1188 anima
1843 1162 1935 1197 atque

237 1214 358 1255 explere
373 1210 493 1254 potest?
808 1254 811 1255 ν
826 1250 832 1255 1

277 1250 421 1291 Naturam
433 1259 531 1287 autem
544 1255 773 1293 consequentes,
786 1254 815 1281 et
825 1250 854 1280 in
866 1250 929 1290 ipso
939 1256 1063 1288 corpore

236 1303 413 1335 exsistentes
428 1300 608 1332 mutationes
624 1292 789 1327 manifesta:
818 1298 908 1332 sunt;
925 1292 1064 1324 omnibus

236 1349 328 1389 enim,
342 1347 431 1378 etiam
441 1343 561 1384 sanctis,
574 1341 760 1389 contingunt.
768 1338 936 1389 Aliquando
944 1342 973 1368 et
983 1337 1061 1368 enim

238 1384 344 1424 sanum
364 1400 429 1422 esse
439 1390 558 1425 dicitur,
572 1396 639 1418 cum
651 1385 702 1416 illa
713 1394 747 1415 ex
759 1384 867 1424 quibus
882 1386 1063 1416 concretum,

239 1442 268 1468 et
283 1435 480 1477 compositum
495 1437 549 1466 est,
566 1441 626 1462 non
641 1429 797 1461 dissident.
815 1426 981 1467 Aliquando
992 1436 1068 1477 mor-

240 1482 312 1513 bum
328 1471 441 1512 sentire
451 1478 578 1517 cogitur,
592 1475 708 1516 quando
720 1482 811 1515 unum
824 1482 858 1503 ex
869 1475 994 1512 quatuor
1006 1471 1067 1517 ele—

1107 1208 1205 1235 mente
1234 1210 1430 1243 cognoscunt.
1461 1201 1537 1237 Quin
1567 1211 1604 1232 ne
1630 1201 1686 1241 ipsi
1711 1201 1844 1242 quidem.
1865 1202 1932 1232 Non

1106 1249 1184 1278 enim
1201 1248 1246 1278 sui
1267 1248 1412 1288 ipsorum,
1432 1247 1484 1277 sed
1497 1247 1621 1277 alterius
1632 1250 1711 1283 sunt,
1723 1256 1740 1277 a
1756 1256 1813 1286 quo
1830 1246 1868 1276 de
1885 1246 1933 1276 lllS

1106 1294 1193 1323 etiam
1210 1292 1394 1322 erudiuntur.
1414 1291 1563 1322 Interdum
1575 1291 1684 1331 quippe
1698 1300 1732 1321 ex
1749 1291 1812 1321 istis
1827 1290 1931 1320 diver-

1105 1337 1239 1368 sitatibus
1255 1337 1347 1366 menti
1363 1335 1576 1372 accidentibus,
1594 1335 1813 1373 constringitur,
1827 1335 1930 1365 lrista-

1108 1387 1214 1421 turque
1229 1381 1338 1417 anima,
1356 1390 1422 1411 cum
1453 1381 1489 1410 de
1516 1379 1653 1420 praesenti
1681 1380 1788 1419 gaudio
1818 1379 1933 1419 aliquid

1109 1426 1251 1456 amiserit.
1263 1426 1473 1456 Verumtamen
1481 1424 1604 1454 viriliter
1612 1429 1742 1454 mentem
1758 1423 1932 1455 exsuscitat.

1112 1471 1262 1501 interdum
1279 1479 1347 1501 vero
1371 1478 1455 1500 mens
1480 1468 1511 1498 in
1536 1468 1582 1499 his
1609 1478 1675 1508 qua:
1705 1468 1815 1507 patitur
1834 1468 1937 1498 anima

244 1512 355 1557 mentis
371 1524 468 1564 seipso
481 1512 526 1553 vel
545 1512 673 1560 acutius,
685 1513 886 1564 velminutius
898 1520 1000 1546 contra
1014 1514 1070 1545 alia
1080 1530 1099 1554 α
1112 1516 1288 1555 compatitur
1299 1515 1410 1564 etipsa,
1424 1513 1496 1564 etin
1516 1518 1603 1544 nocte
1622 1513 1733 1543 versari
1748 1517 1869 1552 urgetur
1883 1512 1937 1542 illa

243 1562 454 1605 insurrexerit,
472 1567 530 1597 imo
546 1566 582 1597 ab
597 1565 656 1596 illis
673 1562 820 1594 devictum
836 1568 1070 1605 oppressumque

244 1615 346 1647 fuerit.
361 1604 449 1645 Hich
462 1610 684 1647 distillationes,
713 1611 910 1638 extremarum
936 1604 1070 1644 corporis

243 1659 369 1701 partium
388 1656 598 1692 mutilationes,
617 1657 655 1701 et_
669 1660 881 1701 nonnunquam
899 1649 988 1680 totius
1003 1649 1069 1699 ani-

245 1693 352 1735 inantis
365 1701 515 1744 pernicies
527 1704 558 1731 et
569 1698 718 1744 interitus,
729 1697 802 1744 citra
813 1696 953 1726 damnum
965 1693 1070 1744 anima}

243 1738 447 1786 nostram-cum
462 1746 570 1776 horum
586 1742 714 1784 plurima
741 1750 775 1772 ex
790 1738 1017 1780 intemperantia
1033 1738 1072 1768 vi-

243 1797 310 1825 ctus
325 1794 520 1831 generentur.
537 1786 739 1825 Quorumdam
754 1792 823 1815 vero
836 1792 993 1831 corporum
1009 1792 1058 1831 mu

243 1838 314 1869 talio
325 1827 428 1868 ventis
444 1839 473 1865 et
487 1833 550 1865 aeri
566 1830 745 1863 ascribenda
760 1833 815 1860 est.
833 1828 891 1858 Aer
906 1828 985 1858 enim
1002 1827 1070 1867 quia

242 1882 379 1922 frigidus,
406 1878 538 1919 corporis
561 1876 696 1922 frigidam
709 1873 811 1922 sortita
827 1872 1069 1922 naturamo'l‘i'on—

244 1916 298 1964 dit:
315 1936 349 1957 ac
364 1916 512 1961 debilitat,
530 1925 561 1952 ut
577 1920 702 1951 nimium
719 1916 1069 1964 {refrigeratavideliceL

243 1960 320 2011 Alia,
339 1969 480 2011 quoniam
495 1965 705 1998 constitutione
730 1962 871 2011 calidiora
888 1965 967 1998 sunt,
985 1960 1068 2011 c6310

244 2006 398 2056 frigidiore
414 2011 593 2053 temporaria
607 2011 703 2056 potius
714 2017 748 2040 ac
757 2007 927 2056 valentiora
937 2006 1070 2056 reddun-

244 2052 302 2092 tur.
319 2061 439 2096 Contra,
457 2052 524 2088 cum
540 2065 591 2087 aer
620 2052 788 2090 incaluerit,
814 2052 919 2091 frigida
934 2052 1070 2082 l‘oventur

245 2103 474 2146 quodammodo,
489 2107 518 2133 et
527 2099 706 2132 reviviscunt
721 2109 728 2137 ;
739 2101 774 2146 _ut
785 2107 903 2133 muscae,
913 2096 1070 2146 etreliqua

243 2141 359 2182 insecta
373 2159 390 2179 a
404 2147 499 2179 radiis
509 2145 656 2177 solaribus
667 2143 823 2183 tepefacta,
837 2145 866 2172 et
876 2141 1027 2178 validiora,
1041 2145 1070 2172 et

1112 1560 1244 1600 quidem,
1260 1559 1312 1590 sed
1322 1568 1381 1589 non
1400 1558 1498 1589 cedit:
1516 1561 1638 1589 conatur
1653 1562 1752 1588 autem
1773 1566 1892 1588 manere
1902 1556 1936 1586 in

1112 1604 1236 1642 lumine,
1254 1607 1283 1635 et
1295 1603 1416 1634 forsitan
1433 1603 1521 1633 etiam
1538 1602 1666 1633 animam
1695 1602 1834 1633 illustrat.
1850 1601 1937 1632 Alias

1112 1659 1230 1680 rursum
1245 1648 1281 1679 ab
1299 1648 1478 1679 inconstanti
1494 1647 1671 1688 etinmquali
1686 1647 1819 1687 corporis
1835 1646 1935 1677 habitu

1112 1695 1425 1734 utraquezpremuntur
1434 1693 1637 1724 vehementer.
1648 1691 1813 1732 Aliquando
1820 1691 1934 1722 extrin-
1966 1710 1967 1713 η

1112 1748 1197 1769 secus
1212 1742 1378 1778 gravantur,
1397 1741 1426 1768 et
1449 1747 1524 1768 onus
1549 1736 1699 1774 sentiunt;
1727 1739 1756 1767 et
1783 1740 1878 1766 tamen
1901 1735 1934 1765 in

1113 1793 1185 1824 pace
1213 1787 1292 1814 sunt.
1321 1782 1471 1813 Interdum
1501 1781 1682 1812 intrinsecus
1707 1780 1873 1818 turbantur,
1901 1783 1935 1824 et

1113 1822 1346 1864 commoventur,
1360 1825 1691 1867 perturbationibusque
1697 1824 1857 1864 generatim
1865 1822 1934 1853 sub-

1112 1872 1232 1909 duntur,
1251 1875 1282 1902 ut
1296 1871 1345 1911 qui
1362 1871 1481 1911 patitur,
1500 1870 1629 1910 priorem
1642 1868 1860 1910 tranquillitatis
1874 1877 1934 1898 suae

1112 1917 1314 1947 conditionem
1330 1925 1449 1956 sperare
1459 1925 1517 1945 non
1531 1915 1635 1954 possit.
1652 1915 1702 1945 Sic
1713 1914 1812 1954 itaque
1823 1913 1932 1949 anima,

1111 1966 1140 1992 et
1155 1971 1240 1992 mens
1256 1971 1272 1991 a
1287 1970 1422 2000 corpore,
1438 1969 1521 1990 mens
1536 1959 1572 1990 ab
1589 1959 1687 1990 anima
1701 1959 1776 1999 ipsa,
1795 1963 1824 1989 et
1838 1957 1935 1989 anima

1111 2005 1240 2046 denique
1251 2009 1383 2042 amente,
1399 2008 1427 2035 et
1439 2013 1563 2044 cerpore
1575 2004 1672 2041 habet,
1683 2003 1762 2044 quod
1774 2001 1932 2041 delinquit.

1109 2049 1212 2090 Neque
1225 2050 1288 2080 haec
1303 2051 1372 2086 duo,
1382 2049 1480 2079 anima
1488 2053 1520 2090 et
1528 2058 1612 2079 mens
1622 2057 1741 2090 semper
1754 2047 1906 2090 turbantur
1924 2055 1930 2077 :

1110 2088 1212 2121 sed‘ex
1229 2090 1266 2120 iis
1282 2094 1325 2120 est
1341 2090 1458 2129 quando
1474 2089 1572 2119 anima
1593 2089 1704 2129 patitur
1719 2088 1792 2124 sola,
1809 2096 1931 2127 percun-

1111 2138 1266 2175 ctaturque
1278 2144 1374 2172 mens,
1387 2137 1426 2172 et,
1437 2134 1519 2174 quid,
1533 2134 1639 2174 inquit,
1653 2137 1696 2164 est
1707 2133 1760 2163 tibi
1772 2132 1784 2163 ἴ
1795 2132 1932 2171 illamque

537 2191 575 2222 At
589 2177 707 2230 quibus.
718 2177 888 2235 constitutio
905 2185 1001 2216 calida
1016 2189 1069 2235 est,
1082 2199 1103 2223 ι)
1114 2181 1294 2235 consolatur.
1310 2178 1462 2209 Interdum
1487 2187 1576 2235 meris.
1587 2182 1763 2235 excazcalqr,
1781 2182 1809 2227 et
1824 2177 1929 2226 obtegi:
1972 2189 1973 2195 ι

242 2230 505 2271 vehementissime
520 2235 729 2270 exardescunt,
745 2236 774 2262 et
789 2233 825 2262 ad
841 2241 958 2262 omnem
975 2230 1069 2261 actio-

243 2294 312 2316 nem
328 2288 415 2324 atque
430 2286 543 2312 motum
556 2276 855 2324 similiterlanguida,
870 2280 898 2305 et
920 2275 1068 2305 imbecilla

244 2328 320 2358 fiunt
336 2337 342 2360 :
361 2321 516 2358 etomnino
526 2321 759 2363 unumquodque
771 2329 823 2361 pro
837 2323 1070 2360 temperamento

244 2382 299 2404 suo
311 2372 342 2403 in
353 2371 430 2403 aeris
440 2374 653 2408 ventorumque
670 2366 832 2396 mutatione
847 2365 943 2404 ipsum
955 2373 1071 2405 quoque

1114 2227 1173 2262 tur,
1203 2224 1361 2264 animaque
1389 2232 1456 2253 cum
1483 2223 1521 2253 sit
1547 2222 1651 2260 libera,
1678 2223 1784 2253 virtute
1800 2221 1872 2260 ignis
1887 2222 1931 2252 sui

1111 2269 1299 2311 persequitur
1315 2268 1482 2307 caliginem,
1511 2272 1539 2298 et
1554 2267 1668 2298 sublato
1690 2267 1833 2298 velamine
1849 2275 1930 2296 men—
1971 2267 1973 2286 ῖ

1111 2321 1171 2345 tem
1188 2314 1258 2344 iacit
1273 2313 1419 2353 aspicere.
1438 2311 1648 2349 Quamobrem,
1675 2316 1773 2352 patres
1788 2315 1817 2341 et
1834 2311 1933 2342 fratres
1972 2313 1973 2327 ‘

1116 2359 1186 2390 mei.
1207 2368 1265 2388 non
1280 2358 1376 2396 solum
1389 2357 1576 2396 mutationes,
1592 2357 1801 2387 conversiones
1817 2365 1933 2396 quaeque

245 2400 298 2458 pro
315 2400 735 2457 raiaportionemutationem
749 2400 1075 2458 admittitQuin-etiam
1117 2403 1204 2454 nobis
1220 2403 1359 2458 eveniunt
1387 2401 1589 2458 alterationes,
1619 2410 1720 2458 verum
1745 2401 1830 2450 etiam
1859 2400 1932 2458 unde
1972 2414 1973 2419 η

245 2445 311 2493 sine
322 2462 369 2493 his
382 2445 541 2501 sieparatim
564 2468 599 2489 ex
615 2457 694 2494 cibo,
712 2459 843 2496 potuque
859 2453 1031 2488 immodico,
1049 2457 1077 2484 et
1118 2450 1266 2499 eveniant,
1285 2452 1313 2478 et
1330 2447 1490 2497 quomodo,
1509 2450 1537 2477 et
1552 2457 1568 2477 a
1591 2446 1710 2501 quibus,
1739 2445 1845 2486 quique
1859 2445 1933 2501 vepti

243 2516 280 2538 ex
293 2490 866 2546 intemperantiaimmutatiolsequiturZ
881 2498 1076 2546 Praeterean
1117 2492 1467 2546 cogitationunspirent,
1485 2495 1514 2522 et
1528 2501 1565 2546 ei:
1578 2490 1931 2546 quibus‘pravaqum‘al‘le-

243 2551 336 2582 multo
365 2542 483 2589 somno,
513 2557 547 2579 ac
577 2546 692 2582 labore,
718 2548 768 2575 aut
792 2543 911 2589 pigritia
925 2542 1070 2582 corporis.

243 2595 372 2628 Rursum
389 2594 445 2625 alia
460 2587 514 2631 est,
532 2590 610 2632 quod
628 2599 662 2620 ex
678 2589 741 2630 ipsa
757 2587 948 2618 concretione
963 2596 1071 2632 corpo—

242 2640 294 2678 ris,
315 2643 344 2672 et
358 2639 457 2671 calore
474 2631 600 2668 naturali
617 2632 790 2675 producitur
806 2632 954 2678 fumosum
971 2631 1072 2662 incen-

353 2684 435 2717 velut
448 2683 485 2714 ab
501 2690 577 2722 aqua
590 2670 746 2724 eistinctis
776 2676 967 2715 carbonibus,
994 2670 1086 2724 quod.

243 2729 316 2761 alias
328 2719 419 2771 caput
433 2719 627 2766 solum-petit,
657 2723 730 2755 alias
748 2726 808 2753 toto
825 2730 858 2752 se
873 2729 997 2760 corpore
1012 2719 1071 2750 dil-

292 2824 320 2850 ‘7
338 2823 413 2857 Gen.
429 2832 470 2862 iv,
487 2823 517 2857 1.

1118 2539 1260 2575 ctionum,
1279 2537 1532 2576 tentalionumque
1549 2536 1670 2566 ﬂumina
1682 2535 1868 2571 descendant,
1883 2539 1933 2565 aut

1114 2583 1337 2624 superveniant,
1350 2582 1518 2620 intelligere
1530 2581 1686 2619 debemus,
1701 2585 1730 2612 ut
1743 2581 1859 2610 domum
1870 2579 1929 2609 ani-

1114 2638 1171 2660 mze
1187 2633 1248 2658 tuto
1264 2627 1430 2665 ﬁrmemus,
1447 2631 1476 2656 et
1491 2626 1600 2664 navigii
1616 2627 1731 2657 clavum
1741 2625 1819 2656 bene
1833 2624 1929 2655 mode-

1113 2682 1217 2705 remur
1228 2682 1265 2703 ne
1277 2672 1350 2703 artis
1362 2671 1504 2711 imperiti,
1516 2676 1677 2711 naturaque
1688 2669 1928 2709 inhabilesipsum

1114 2727 1267 2750 versemus
1284 2725 1291 2748 :
1309 2725 1437 2757 quorum
1453 2715 1652 2756 cognitionem
1668 2717 1727 2747 vita
1745 2714 1870 2746 studiose
1884 2723 1928 2745 se-
