  <div class='ocr_page' id='page_1' title='image "/cluster/home/n/w/nwhite01/storage/ocr_20150623/120/njp.32101010943973/270.png"; bbox 0 0 1983 3072; ppageno 0'>
   <div class='ocr_carea' id='block_1_1' title="bbox 30 213 1727 256">
    <p class='ocr_par' dir='ltr' id='par_1_1' title="bbox 30 213 1727 256">
     <span class='ocr_line' id='line_1_1' title="bbox 30 213 1727 256; baseline -0.002 -3"><span class='ocrx_word' id='word_1_1' title='bbox 30 221 86 254; x_wconf 72' lang='grc'><strong>401</strong></span> <span class='ocrx_word' id='word_1_2' title='bbox 747 224 900 256; x_wconf 74' lang='lat' dir='ltr'><strong>.ORATIO</strong></span> <span class='ocrx_word' id='word_1_3' title='bbox 922 225 1003 255; x_wconf 84' lang='lat' dir='ltr'><strong>XIX.</strong></span> <span class='ocrx_word' id='word_1_4' title='bbox 1667 213 1727 246; x_wconf 74' lang='lat'><strong>402</strong></span> 
     </span>
    </p>
   </div>
   <div class='ocr_carea' id='block_1_2' title="bbox 30 284 1724 333">
    <p class='ocr_par' dir='ltr' id='par_1_2' title="bbox 30 284 1724 333">
     <span class='ocr_line' id='line_1_2' title="bbox 30 284 1724 333; baseline -0.004 -15"><span class='ocrx_word' id='word_1_5' title='bbox 30 290 162 321; x_wconf 89' lang='lat' dir='ltr'><strong>cundum</strong></span> <span class='ocrx_word' id='word_1_6' title='bbox 178 292 309 331; x_wconf 80' lang='lat' dir='ltr'><strong>regulam</strong></span> <span class='ocrx_word' id='word_1_7' title='bbox 336 297 478 333; x_wconf 86' lang='lat' dir='ltr'><strong>perpetuo</strong></span> <span class='ocrx_word' id='word_1_8' title='bbox 506 297 570 323; x_wconf 83' lang='lat' dir='ltr'><strong>acta</strong></span> <span class='ocrx_word' id='word_1_9' title='bbox 594 292 773 332; x_wconf 76' lang='lat' dir='ltr'><strong>suppeditat.</strong></span> <span class='ocrx_word' id='word_1_10' title='bbox 794 289 854 320; x_wconf 86' lang='lat' dir='ltr'><strong>Sibi</strong></span> <span class='ocrx_word' id='word_1_11' title='bbox 866 294 886 317; x_wconf 78' lang='grc' dir='ltr'><strong>Α</strong></span> <span class='ocrx_word' id='word_1_12' title='bbox 899 289 981 328; x_wconf 89' lang='lat' dir='ltr'><strong>pias;</strong></span> <span class='ocrx_word' id='word_1_13' title='bbox 999 286 1188 333; x_wconf 78' lang='lat' dir='ltr'><strong>sedareulam</strong></span> <span class='ocrx_word' id='word_1_14' title='bbox 1199 285 1321 333; x_wconf 81' lang='lat' dir='ltr'><strong>quidem</strong></span> <span class='ocrx_word' id='word_1_15' title='bbox 1335 284 1724 333; x_wconf 43' lang='lat' dir='ltr'><strong>obsignatam,‘mag&#39;noque,</strong></span> 
     </span>
    </p>
   </div>
   <div class='ocr_carea' id='block_1_3' title="bbox 30 327 1725 378">
    <p class='ocr_par' dir='ltr' id='par_1_3' title="bbox 30 327 1725 378">
     <span class='ocr_line' id='line_1_3' title="bbox 30 327 1725 378; baseline -0.003 -15"><span class='ocrx_word' id='word_1_16' title='bbox 30 334 110 364; x_wconf 87' lang='lat' dir='ltr'><strong>enim</strong></span> <span class='ocrx_word' id='word_1_17' title='bbox 128 335 181 376; x_wconf 89' lang='lat' dir='ltr'><strong>ipsi</strong></span> <span class='ocrx_word' id='word_1_18' title='bbox 199 327 360 367; x_wconf 65' lang='lat' dir='ltr'><strong>torminum</strong></span> <span class='ocrx_word' id='word_1_19' title='bbox 375 327 408 368; x_wconf 35' lang='lat' dir='ltr'><strong>anc</strong></span> <span class='ocrx_word' id='word_1_20' title='bbox 434 343 532 377; x_wconf 75' lang='lat' dir='ltr'><strong>typum</strong></span> <span class='ocrx_word' id='word_1_21' title='bbox 549 327 660 377; x_wconf 72' lang='lat' dir='ltr'><strong>poneie</strong></span> <span class='ocrx_word' id='word_1_22' title='bbox 676 337 855 367; x_wconf 81' lang='lat' dir='ltr'><strong>monachum</strong></span> <span class='ocrx_word' id='word_1_23' title='bbox 899 327 929 363; x_wconf 74' lang='lat' dir='ltr'><strong>et</strong></span> <span class='ocrx_word' id='word_1_24' title='bbox 945 332 1086 378; x_wconf 80' lang='lat' dir='ltr'><strong>opulento</strong></span> <span class='ocrx_word' id='word_1_25' title='bbox 1112 331 1251 378; x_wconf 77' lang='lat' dir='ltr'><strong>thesauro</strong></span> <span class='ocrx_word' id='word_1_26' title='bbox 1272 331 1432 378; x_wconf 55' lang='lat' dir='ltr'><strong>refertam,</strong></span> <span class='ocrx_word' id='word_1_27' title='bbox 1451 327 1583 378; x_wconf 82' lang='lat' dir='ltr'><strong>quandiu</strong></span> <span class='ocrx_word' id='word_1_28' title='bbox 1608 327 1639 356; x_wconf 90' lang='lat' dir='ltr'><strong>in</strong></span> <span class='ocrx_word' id='word_1_29' title='bbox 1666 327 1725 378; x_wconf 68' lang='lat' dir='ltr'><strong>vita</strong></span> 
     </span>
    </p>
   </div>
   <div class='ocr_carea' id='block_1_4' title="bbox 29 373 1725 424">
    <p class='ocr_par' dir='ltr' id='par_1_4' title="bbox 29 373 1725 424">
     <span class='ocr_line' id='line_1_4' title="bbox 29 373 1725 424; baseline 0.006 -17"><span class='ocrx_word' id='word_1_30' title='bbox 29 373 158 418; x_wconf 83' lang='lat' dir='ltr'><strong>oportei,</strong></span> <span class='ocrx_word' id='word_1_31' title='bbox 178 385 206 411; x_wconf 89' lang='lat' dir='ltr'><strong>et</strong></span> <span class='ocrx_word' id='word_1_32' title='bbox 224 382 301 412; x_wconf 88' lang='lat' dir='ltr'><strong>scire</strong></span> <span class='ocrx_word' id='word_1_33' title='bbox 316 391 374 422; x_wconf 88' lang='lat' dir='ltr'><strong>quo</strong></span> <span class='ocrx_word' id='word_1_34' title='bbox 392 373 477 421; x_wconf 77' lang='lat' dir='ltr'><strong>pacto</strong></span> <span class='ocrx_word' id='word_1_35' title='bbox 493 373 601 422; x_wconf 61' lang='lat' dir='ltr'><strong>singuli</strong></span> <span class='ocrx_word' id='word_1_36' title='bbox 615 382 680 412; x_wconf 86' lang='lat' dir='ltr'><strong>dies</strong></span> <span class='ocrx_word' id='word_1_37' title='bbox 697 379 858 422; x_wconf 78' lang='lat' dir='ltr'><strong>peragendi</strong></span> <span class='ocrx_word' id='word_1_38' title='bbox 900 375 1327 424; x_wconf 35' lang='lat' dir='ltr'><strong>commoraris-circumferas:</strong></span> <span class='ocrx_word' id='word_1_39' title='bbox 1397 373 1558 424; x_wconf 32' lang='lat' dir='ltr'><strong>‘di‘im‘fsy</strong></span> <span class='ocrx_word' id='word_1_40' title='bbox 1571 375 1603 424; x_wconf 63' lang='grc' dir='ltr'><strong>ίξξ</strong></span> <span class='ocrx_word' id='word_1_41' title='bbox 1622 374 1725 424; x_wconf 37' lang='lat' dir='ltr'><strong>inf&quot;?</strong></span> 
     </span>
    </p>
   </div>
   <div class='ocr_carea' id='block_1_5' title="bbox 29 414 1726 469">
    <p class='ocr_par' dir='ltr' id='par_1_5' title="bbox 29 414 1726 469">
     <span class='ocr_line' id='line_1_5' title="bbox 29 414 1726 469; baseline -0.002 -17"><span class='ocrx_word' id='word_1_42' title='bbox 29 414 100 460; x_wconf 85' lang='lat' dir='ltr'><strong>sint,</strong></span> <span class='ocrx_word' id='word_1_43' title='bbox 119 414 341 456; x_wconf 32' lang='lat' dir='ltr'><strong>ut&#39;curriculum</strong></span> <span class='ocrx_word' id='word_1_44' title='bbox 353 414 469 457; x_wconf 73' lang='lat' dir='ltr'><strong>virtutis</strong></span> <span class='ocrx_word' id='word_1_45' title='bbox 479 414 614 466; x_wconf 58' lang='lat' dir='ltr'><strong>expEdite</strong></span> <span class='ocrx_word' id='word_1_46' title='bbox 625 414 713 466; x_wconf 71' lang='lat' dir='ltr'><strong>queat</strong></span> <span class='ocrx_word' id='word_1_47' title='bbox 723 414 856 460; x_wconf 52' lang='lat' dir='ltr'><strong>curvrere,</strong></span> <span class='ocrx_word' id='word_1_48' title='bbox 900 422 963 462; x_wconf 85' lang='lat' dir='ltr'><strong>ipse</strong></span> <span class='ocrx_word' id='word_1_49' title='bbox 979 414 1194 469; x_wconf 37' lang='lat' dir='ltr'><strong>interea-fame.</strong></span> <span class='ocrx_word' id='word_1_50' title='bbox 1212 420 1279 469; x_wconf 31' lang='lat' dir='ltr'><strong>Si}?!</strong></span> <span class='ocrx_word' id='word_1_51' title='bbox 1291 418 1424 469; x_wconf 39' lang='lat' dir='ltr'><strong>n‘llditate</strong></span> <span class='ocrx_word' id='word_1_52' title='bbox 1434 415 1603 469; x_wconf 66' lang='lat' dir='ltr'><strong>crucieric</strong></span> <span class='ocrx_word' id='word_1_53' title='bbox 1622 414 1726 466; x_wconf 68' lang='lat' dir='ltr'><strong>Nullus</strong></span> 
     </span>
    </p>
   </div>
   <div class='ocr_carea' id='block_1_6' title="bbox 29 461 1727 512">
    <p class='ocr_par' dir='ltr' id='par_1_6' title="bbox 29 461 1727 512">
     <span class='ocr_line' id='line_1_6' title="bbox 29 461 1727 512; baseline -0.005 -13"><span class='ocrx_word' id='word_1_54' title='bbox 29 472 58 497; x_wconf 77' lang='lat' dir='ltr'><strong>Ct</strong></span> <span class='ocrx_word' id='word_1_55' title='bbox 77 478 114 499; x_wconf 91' lang='lat' dir='ltr'><strong>ne</strong></span> <span class='ocrx_word' id='word_1_56' title='bbox 130 479 182 509; x_wconf 89' lang='lat' dir='ltr'><strong>per</strong></span> <span class='ocrx_word' id='word_1_57' title='bbox 197 471 342 501; x_wconf 78' lang='lat' dir='ltr'><strong>inscitiam</strong></span> <span class='ocrx_word' id='word_1_58' title='bbox 368 481 472 502; x_wconf 80' lang='lat' dir='ltr'><strong>cursus</strong></span> <span class='ocrx_word' id='word_1_59' title='bbox 498 461 561 511; x_wconf 81' lang='lat' dir='ltr'><strong>ejus</strong></span> <span class='ocrx_word' id='word_1_60' title='bbox 590 461 781 511; x_wconf 71' lang='lat' dir='ltr'><strong>impediatur.</strong></span> <span class='ocrx_word' id='word_1_61' title='bbox 809 469 859 499; x_wconf 82' lang='lat' dir='ltr'><strong>Sic</strong></span> <span class='ocrx_word' id='word_1_62' title='bbox 901 461 988 512; x_wconf 82' lang='lat' dir='ltr'><strong>plane</strong></span> <span class='ocrx_word' id='word_1_63' title='bbox 1003 467 1119 512; x_wconf 86' lang='lat' dir='ltr'><strong>opinor.</strong></span> <span class='ocrx_word' id='word_1_64' title='bbox 1135 465 1192 496; x_wconf 87' lang='lat' dir='ltr'><strong>Ista</strong></span> <span class='ocrx_word' id='word_1_65' title='bbox 1207 464 1293 512; x_wconf 77' lang='lat' dir='ltr'><strong>mihi,</strong></span> <span class='ocrx_word' id='word_1_66' title='bbox 1305 463 1396 494; x_wconf 82' lang='lat' dir='ltr'><strong>frater</strong></span> <span class='ocrx_word' id='word_1_67' title='bbox 1405 463 1458 512; x_wconf 81' lang='lat' dir='ltr'><strong>mi,</strong></span> <span class='ocrx_word' id='word_1_68' title='bbox 1471 461 1618 512; x_wconf 57' lang='lat' dir='ltr'><strong>etiamde</strong></span> <span class='ocrx_word' id='word_1_69' title='bbox 1633 461 1727 500; x_wconf 87' lang='lat' dir='ltr'><strong>spiri-</strong></span> 
     </span>
    </p>
   </div>
   <div class='ocr_carea' id='block_1_7' title="bbox 29 505 1726 558">
    <p class='ocr_par' dir='ltr' id='par_1_7' title="bbox 29 505 1726 558">
     <span class='ocr_line' id='line_1_7' title="bbox 29 505 1726 558; baseline 0.003 -17"><span class='ocrx_word' id='word_1_70' title='bbox 29 512 118 543; x_wconf 86' lang='lat' dir='ltr'><strong>etiam</strong></span> <span class='ocrx_word' id='word_1_71' title='bbox 130 505 193 544; x_wconf 39' lang='lat' dir='ltr'><strong>lsibi</strong></span> <span class='ocrx_word' id='word_1_72' title='bbox 208 515 284 545; x_wconf 91' lang='lat' dir='ltr'><strong>viam</strong></span> <span class='ocrx_word' id='word_1_73' title='bbox 301 515 416 547; x_wconf 84' lang='lat' dir='ltr'><strong>virtutis</strong></span> <span class='ocrx_word' id='word_1_74' title='bbox 428 505 566 554; x_wconf 64' lang='lat' dir='ltr'><strong>asperam</strong></span> <span class='ocrx_word' id='word_1_75' title='bbox 580 505 667 545; x_wconf 50' lang='lat' dir='ltr'><strong>sim-ul</strong></span> <span class='ocrx_word' id='word_1_76' title='bbox 685 519 713 545; x_wconf 88' lang='lat' dir='ltr'><strong>et</strong></span> <span class='ocrx_word' id='word_1_77' title='bbox 728 514 857 545; x_wconf 89' lang='lat' dir='ltr'><strong>lahorio-</strong></span> <span class='ocrx_word' id='word_1_78' title='bbox 902 505 1033 542; x_wconf 76' lang='lat' dir='ltr'><strong>tualiuus</strong></span> <span class='ocrx_word' id='word_1_79' title='bbox 1047 510 1153 551; x_wconf 84' lang='lat' dir='ltr'><strong>cogita,</strong></span> <span class='ocrx_word' id='word_1_80' title='bbox 1171 509 1321 558; x_wconf 32' lang='lat' dir='ltr'><strong>etharculaa</strong></span> <span class='ocrx_word' id='word_1_81' title='bbox 1334 505 1726 558; x_wconf 56' lang='lat' dir='ltr'><strong>nomine_Chri_Sti_EV3_“g§&#39;</strong></span> 
     </span>
    </p>
   </div>
   <div class='ocr_carea' id='block_1_8' title="bbox 27 551 1726 599">
    <p class='ocr_par' dir='ltr' id='par_1_8' title="bbox 27 551 1726 599">
     <span class='ocr_line' id='line_1_8' title="bbox 27 551 1726 599; baseline -0.003 -14"><span class='ocrx_word' id='word_1_82' title='bbox 27 565 91 587; x_wconf 89' lang='lat' dir='ltr'><strong>sam</strong></span> <span class='ocrx_word' id='word_1_83' title='bbox 107 559 310 599; x_wconf 89' lang='lat' dir='ltr'><strong>complanabit</strong></span> <span class='ocrx_word' id='word_1_84' title='bbox 324 571 329 591; x_wconf 94' lang='lat'><strong>:</strong></span> <span class='ocrx_word' id='word_1_85' title='bbox 341 570 409 591; x_wconf 88' lang='lat' dir='ltr'><strong>cum</strong></span> <span class='ocrx_word' id='word_1_86' title='bbox 423 551 564 591; x_wconf 86' lang='lat' dir='ltr'><strong>nimirum</strong></span> <span class='ocrx_word' id='word_1_87' title='bbox 577 560 722 597; x_wconf 86' lang='lat' dir='ltr'><strong>habitum,</strong></span> <span class='ocrx_word' id='word_1_88' title='bbox 737 567 863 590; x_wconf 85' lang='lat' dir='ltr'><strong>consue-</strong></span> <span class='ocrx_word' id='word_1_89' title='bbox 903 556 987 593; x_wconf 93' lang='lat' dir='ltr'><strong>lium,</strong></span> <span class='ocrx_word' id='word_1_90' title='bbox 1004 559 1185 596; x_wconf 72' lang='lat' dir='ltr'><strong>cmterasque</strong></span> <span class='ocrx_word' id='word_1_91' title='bbox 1201 553 1366 594; x_wconf 88' lang='lat' dir='ltr'><strong>Scripturas</strong></span> <span class='ocrx_word' id='word_1_92' title='bbox 1374 552 1519 599; x_wconf 81' lang='lat' dir='ltr'><strong>intellige,</strong></span> <span class='ocrx_word' id='word_1_93' title='bbox 1533 551 1679 582; x_wconf 81' lang='lat' dir='ltr'><strong>habentes</strong></span> <span class='ocrx_word' id='word_1_94' title='bbox 1694 551 1726 580; x_wconf 93' lang='lat' dir='ltr'><strong>in</strong></span> 
     </span>
    </p>
   </div>
   <div class='ocr_carea' id='block_1_9' title="bbox 27 597 1725 646">
    <p class='ocr_par' dir='ltr' id='par_1_9' title="bbox 27 597 1725 646">
     <span class='ocr_line' id='line_1_9' title="bbox 27 597 1725 646; baseline -0.004 -15"><span class='ocrx_word' id='word_1_95' title='bbox 27 597 312 643; x_wconf 79' lang='lat' dir='ltr'><strong>tudinemquerecte</strong></span> <span class='ocrx_word' id='word_1_96' title='bbox 322 605 448 635; x_wconf 80' lang='lat' dir='ltr'><strong>faciendi</strong></span> <span class='ocrx_word' id='word_1_97' title='bbox 461 603 857 645; x_wconf 62' lang='lat' dir='ltr'><strong>acquisierit,etproﬁciens.</strong></span> <span class='ocrx_word' id='word_1_98' title='bbox 902 610 935 632; x_wconf 89' lang='lat' dir='ltr'><strong>se</strong></span> <span class='ocrx_word' id='word_1_99' title='bbox 950 601 1172 646; x_wconf 78' lang='lat' dir='ltr'><strong>conclusam,et</strong></span> <span class='ocrx_word' id='word_1_100' title='bbox 1193 597 1442 646; x_wconf 40' lang='lat' dir='ltr'><strong>signatamuvitam</strong></span> <span class='ocrx_word' id='word_1_101' title='bbox 1455 599 1725 646; x_wconf 69' lang='lat' dir='ltr'><strong>aeternam,etcum</strong></span> 
     </span>
    </p>
   </div>
   <div class='ocr_carea' id='block_1_10' title="bbox 26 640 1723 689">
    <p class='ocr_par' dir='ltr' id='par_1_10' title="bbox 26 640 1723 689">
     <span class='ocr_line' id='line_1_10' title="bbox 26 640 1723 689; baseline -0.003 -14"><span class='ocrx_word' id='word_1_102' title='bbox 26 640 281 689; x_wconf 72' lang='lat' dir='ltr'><strong>ascensionesque</strong></span> <span class='ocrx_word' id='word_1_103' title='bbox 310 650 340 680; x_wconf 94' lang='lat' dir='ltr'><strong>in</strong></span> <span class='ocrx_word' id='word_1_104' title='bbox 365 649 454 680; x_wconf 90' lang='lat' dir='ltr'><strong>corde</strong></span> <span class='ocrx_word' id='word_1_105' title='bbox 491 640 544 679; x_wconf 81' lang='lat' dir='ltr'><strong>suo</strong></span> <span class='ocrx_word' id='word_1_106' title='bbox 569 640 741 689; x_wconf 72' lang='lat' dir='ltr'><strong>disponens,</strong></span> <span class='ocrx_word' id='word_1_107' title='bbox 770 652 799 678; x_wconf 91' lang='lat' dir='ltr'><strong>et</strong></span> <span class='ocrx_word' id='word_1_108' title='bbox 825 657 857 678; x_wconf 85' lang='lat' dir='ltr'><strong>ex</strong></span> <span class='ocrx_word' id='word_1_109' title='bbox 902 646 1005 677; x_wconf 87' lang='lat' dir='ltr'><strong>eadem</strong></span> <span class='ocrx_word' id='word_1_110' title='bbox 1022 655 1087 686; x_wconf 71' lang='lat' dir='ltr'><strong>qum</strong></span> <span class='ocrx_word' id='word_1_111' title='bbox 1101 644 1279 681; x_wconf 89' lang='lat' dir='ltr'><strong>inillasunt,</strong></span> <span class='ocrx_word' id='word_1_112' title='bbox 1293 643 1382 674; x_wconf 91' lang='lat' dir='ltr'><strong>nullis</strong></span> <span class='ocrx_word' id='word_1_113' title='bbox 1401 640 1596 689; x_wconf 71' lang='lat' dir='ltr'><strong>exprimenda</strong></span> <span class='ocrx_word' id='word_1_114' title='bbox 1613 640 1723 677; x_wconf 85' lang='lat' dir='ltr'><strong>verbis,</strong></span> 
     </span>
    </p>
   </div>
   <div class='ocr_carea' id='block_1_11' title="bbox 29 685 1726 738">
    <p class='ocr_par' dir='ltr' id='par_1_11' title="bbox 29 685 1726 738">
     <span class='ocr_line' id='line_1_11' title="bbox 29 685 1726 738; baseline -0.002 -17"><span class='ocrx_word' id='word_1_115' title='bbox 29 691 129 730; x_wconf 81' lang='lat' dir='ltr'><strong>parvis</strong></span> <span class='ocrx_word' id='word_1_116' title='bbox 145 693 181 723; x_wconf 90' lang='lat' dir='ltr'><strong>ad</strong></span> <span class='ocrx_word' id='word_1_117' title='bbox 198 685 310 734; x_wconf 77' lang='lat' dir='ltr'><strong>majora</strong></span> <span class='ocrx_word' id='word_1_118' title='bbox 326 694 561 734; x_wconf 80' lang='lat' dir='ltr'><strong>perfectioraque</strong></span> <span class='ocrx_word' id='word_1_119' title='bbox 590 685 624 725; x_wconf 74' lang='lat' dir='ltr'><strong>se</strong></span> <span class='ocrx_word' id='word_1_120' title='bbox 645 685 784 724; x_wconf 79' lang='lat' dir='ltr'><strong>attollens</strong></span> <span class='ocrx_word' id='word_1_121' title='bbox 797 692 858 723; x_wconf 92' lang='lat' dir='ltr'><strong>Deo</strong></span> <span class='ocrx_word' id='word_1_122' title='bbox 901 685 1300 738; x_wconf 20' lang='lat' dir='ltr'><strong>quaaque’oculisﬁcorporeis</strong></span> <span class='ocrx_word' id='word_1_123' title='bbox 1312 698 1370 719; x_wconf 94' lang='lat' dir='ltr'><strong>non</strong></span> <span class='ocrx_word' id='word_1_124' title='bbox 1381 690 1545 738; x_wconf 65' lang='lat' dir='ltr'><strong>cernuntur</strong></span> <span class='ocrx_word' id='word_1_125' title='bbox 1553 685 1630 738; x_wconf 64' lang='lat' dir='ltr'><strong>bona</strong></span> <span class='ocrx_word' id='word_1_126' title='bbox 1641 689 1726 738; x_wconf 67' lang='lat' dir='ltr'><strong>aeter-</strong></span> 
     </span>
    </p>
   </div>
   <div class='ocr_carea' id='block_1_12' title="bbox 29 730 1727 780">
    <p class='ocr_par' dir='ltr' id='par_1_12' title="bbox 29 730 1727 780">
     <span class='ocr_line' id='line_1_12' title="bbox 29 730 1727 780; baseline -0.003 -15"><span class='ocrx_word' id='word_1_127' title='bbox 29 736 174 774; x_wconf 89' lang='lat' dir='ltr'><strong>placebit,</strong></span> <span class='ocrx_word' id='word_1_128' title='bbox 193 730 398 779; x_wconf 79' lang='lat' dir='ltr'><strong>dictorumque</strong></span> <span class='ocrx_word' id='word_1_129' title='bbox 430 747 446 768; x_wconf 85' lang='lat' dir='ltr'><strong>a</strong></span> <span class='ocrx_word' id='word_1_130' title='bbox 469 730 555 769; x_wconf 85' lang='lat' dir='ltr'><strong>nobis</strong></span> <span class='ocrx_word' id='word_1_131' title='bbox 577 738 708 769; x_wconf 91' lang='lat' dir='ltr'><strong>omnium</strong></span> <span class='ocrx_word' id='word_1_132' title='bbox 725 737 857 768; x_wconf 79' lang='lat' dir='ltr'><strong>notitiam</strong></span> <span class='ocrx_word' id='word_1_133' title='bbox 900 730 947 772; x_wconf 83' lang='lat' dir='ltr'><strong>na,</strong></span> <span class='ocrx_word' id='word_1_134' title='bbox 962 730 1126 766; x_wconf 78' lang='lat' dir='ltr'><strong>secundum</strong></span> <span class='ocrx_word' id='word_1_135' title='bbox 1140 733 1258 765; x_wconf 89' lang='lat' dir='ltr'><strong>Domini</strong></span> <span class='ocrx_word' id='word_1_136' title='bbox 1269 730 1727 780; x_wconf 53' lang='lat' dir='ltr'><strong>vocem28mtarpjnf-Scrt&#39;ptu-</strong></span> 
     </span>
    </p>
   </div>
   <div class='ocr_carea' id='block_1_13' title="bbox 28 775 1725 822">
    <p class='ocr_par' dir='ltr' id='par_1_13' title="bbox 28 775 1725 822">
     <span class='ocr_line' id='line_1_13' title="bbox 28 775 1725 822; baseline -0.002 -13"><span class='ocrx_word' id='word_1_137' title='bbox 28 780 155 811; x_wconf 81' lang='lat' dir='ltr'><strong>habebit</strong></span> <span class='ocrx_word' id='word_1_138' title='bbox 166 782 195 806; x_wconf 80' lang='grc'><strong>¹8</strong></span> <span class='ocrx_word' id='word_1_139' title='bbox 209 806 216 819; x_wconf 95' lang='grc'>,</span> <span class='ocrx_word' id='word_1_140' title='bbox 234 787 261 812; x_wconf 84' lang='lat' dir='ltr'><strong>et</strong></span> <span class='ocrx_word' id='word_1_141' title='bbox 279 775 437 813; x_wconf 73' lang='lat' dir='ltr'><strong>multorum</strong></span> <span class='ocrx_word' id='word_1_142' title='bbox 449 783 574 813; x_wconf 80' lang='lat' dir='ltr'><strong>aliorum</strong></span> <span class='ocrx_word' id='word_1_143' title='bbox 591 782 730 822; x_wconf 79' lang='lat' dir='ltr'><strong>magister</strong></span> <span class='ocrx_word' id='word_1_144' title='bbox 745 782 855 819; x_wconf 85' lang='lat' dir='ltr'><strong>audiet,</strong></span> <span class='ocrx_word' id='word_1_145' title='bbox 899 789 960 816; x_wconf 79' lang='lat' dir='ltr'><strong>ras,</strong></span> <span class='ocrx_word' id='word_1_146' title='bbox 973 780 1118 820; x_wconf 82' lang='lat' dir='ltr'><strong>quoniam</strong></span> <span class='ocrx_word' id='word_1_147' title='bbox 1128 779 1159 810; x_wconf 79' lang='lat' dir='ltr'><strong>in</strong></span> <span class='ocrx_word' id='word_1_148' title='bbox 1175 779 1249 819; x_wconf 75' lang='lat' dir='ltr'><strong>ipsis</strong></span> <span class='ocrx_word' id='word_1_149' title='bbox 1260 781 1302 809; x_wconf 82' lang='lat' dir='ltr'><strong>est</strong></span> <span class='ocrx_word' id='word_1_150' title='bbox 1314 778 1376 809; x_wconf 84' lang='lat' dir='ltr'><strong>vita</strong></span> <span class='ocrx_word' id='word_1_151' title='bbox 1387 780 1503 809; x_wconf 76' lang='lat' dir='ltr'><strong>(eterna</strong></span> <span class='ocrx_word' id='word_1_152' title='bbox 1514 775 1554 807; x_wconf 67' lang='grc'><strong>³0.</strong></span> <span class='ocrx_word' id='word_1_153' title='bbox 1566 775 1725 822; x_wconf 76' lang='lat' dir='ltr'><strong>Hominem</strong></span> 
     </span>
    </p>
   </div>
   <div class='ocr_carea' id='block_1_14' title="bbox 29 821 1726 867">
    <p class='ocr_par' dir='ltr' id='par_1_14' title="bbox 29 821 1726 867">
     <span class='ocr_line' id='line_1_14' title="bbox 29 821 1726 867; baseline -0.001 -14"><span class='ocrx_word' id='word_1_154' title='bbox 29 834 185 863; x_wconf 79' lang='lat' dir='ltr'><strong>sermone,</strong></span> <span class='ocrx_word' id='word_1_155' title='bbox 204 830 231 856; x_wconf 88' lang='lat' dir='ltr'><strong>et</strong></span> <span class='ocrx_word' id='word_1_156' title='bbox 247 836 361 857; x_wconf 91' lang='lat' dir='ltr'><strong>morum</strong></span> <span class='ocrx_word' id='word_1_157' title='bbox 379 827 549 858; x_wconf 85' lang='lat' dir='ltr'><strong>innocentia</strong></span> <span class='ocrx_word' id='word_1_158' title='bbox 570 836 620 857; x_wconf 89' lang='lat' dir='ltr'><strong>eos</strong></span> <span class='ocrx_word' id='word_1_159' title='bbox 636 821 686 867; x_wconf 80' lang='lat' dir='ltr'><strong>qui</strong></span> <span class='ocrx_word' id='word_1_160' title='bbox 701 836 768 856; x_wconf 91' lang='lat' dir='ltr'><strong>cum</strong></span> <span class='ocrx_word' id='word_1_161' title='bbox 793 826 857 866; x_wconf 91' lang='lat' dir='ltr'><strong>ipso</strong></span> <span class='ocrx_word' id='word_1_162' title='bbox 900 836 999 867; x_wconf 90' lang='lat' dir='ltr'><strong>porro,</strong></span> <span class='ocrx_word' id='word_1_163' title='bbox 1014 827 1065 867; x_wconf 91' lang='lat' dir='ltr'><strong>qui</strong></span> <span class='ocrx_word' id='word_1_164' title='bbox 1075 826 1244 857; x_wconf 88' lang='lat' dir='ltr'><strong>arculamin</strong></span> <span class='ocrx_word' id='word_1_165' title='bbox 1256 825 1397 856; x_wconf 89' lang='lat' dir='ltr'><strong>humeros</strong></span> <span class='ocrx_word' id='word_1_166' title='bbox 1412 823 1542 861; x_wconf 86' lang='lat' dir='ltr'><strong>sustulit,</strong></span> <span class='ocrx_word' id='word_1_167' title='bbox 1554 831 1631 863; x_wconf 88' lang='lat' dir='ltr'><strong>pone</strong></span> <span class='ocrx_word' id='word_1_168' title='bbox 1642 821 1726 852; x_wconf 90' lang='lat' dir='ltr'><strong>illum</strong></span> 
     </span>
    </p>
   </div>
   <div class='ocr_carea' id='block_1_15' title="bbox 27 869 1726 911">
    <p class='ocr_par' dir='ltr' id='par_1_15' title="bbox 27 869 1726 911">
     <span class='ocr_line' id='line_1_15' title="bbox 27 869 1726 911; baseline -0.001 -13"><span class='ocrx_word' id='word_1_169' title='bbox 27 869 231 900; x_wconf 71' lang='lat' dir='ltr'><strong>versabuntur</strong></span> <span class='ocrx_word' id='word_1_170' title='bbox 245 871 431 908; x_wconf 87' lang='lat' dir='ltr'><strong>illuminans,</strong></span> <span class='ocrx_word' id='word_1_171' title='bbox 450 871 539 911; x_wconf 91' lang='lat' dir='ltr'><strong>utqui</strong></span> <span class='ocrx_word' id='word_1_172' title='bbox 550 871 637 902; x_wconf 87' lang='lat' dir='ltr'><strong>etiam</strong></span> <span class='ocrx_word' id='word_1_173' title='bbox 650 871 713 911; x_wconf 93' lang='lat' dir='ltr'><strong>ipse</strong></span> <span class='ocrx_word' id='word_1_174' title='bbox 729 870 858 910; x_wconf 88' lang='lat' dir='ltr'><strong>desuper</strong></span> <span class='ocrx_word' id='word_1_175' title='bbox 899 880 976 907; x_wconf 88' lang='lat' dir='ltr'><strong>esse,</strong></span> <span class='ocrx_word' id='word_1_176' title='bbox 987 871 1038 911; x_wconf 89' lang='lat' dir='ltr'><strong>qui</strong></span> <span class='ocrx_word' id='word_1_177' title='bbox 1050 870 1219 911; x_wconf 85' lang='lat' dir='ltr'><strong>Scripturas</strong></span> <span class='ocrx_word' id='word_1_178' title='bbox 1235 878 1338 901; x_wconf 90' lang='lat' dir='ltr'><strong>omnes</strong></span> <span class='ocrx_word' id='word_1_179' title='bbox 1354 869 1480 900; x_wconf 87' lang='lat' dir='ltr'><strong>reddere</strong></span> <span class='ocrx_word' id='word_1_180' title='bbox 1504 871 1592 909; x_wconf 84' lang='lat' dir='ltr'><strong>queat</strong></span> <span class='ocrx_word' id='word_1_181' title='bbox 1607 876 1642 897; x_wconf 81' lang='lat' dir='ltr'><strong>ex</strong></span> <span class='ocrx_word' id='word_1_182' title='bbox 1659 875 1726 911; x_wconf 80' lang='lat' dir='ltr'><strong>me-</strong></span> 
     </span>
    </p>
   </div>
   <div class='ocr_carea' id='block_1_16' title="bbox 28 910 1727 956">
    <p class='ocr_par' dir='ltr' id='par_1_16' title="bbox 28 910 1727 956">
     <span class='ocr_line' id='line_1_16' title="bbox 28 910 1727 956; baseline -0.001 -13"><span class='ocrx_word' id='word_1_183' title='bbox 28 913 215 945; x_wconf 87' lang='lat' dir='ltr'><strong>illuminatus</strong></span> <span class='ocrx_word' id='word_1_184' title='bbox 230 915 287 953; x_wconf 87' lang='lat' dir='ltr'><strong>sit;</strong></span> <span class='ocrx_word' id='word_1_185' title='bbox 305 920 333 946; x_wconf 91' lang='lat' dir='ltr'><strong>et</strong></span> <span class='ocrx_word' id='word_1_186' title='bbox 346 915 490 955; x_wconf 89' lang='lat' dir='ltr'><strong>profunda</strong></span> <span class='ocrx_word' id='word_1_187' title='bbox 500 910 636 946; x_wconf 85' lang='lat' dir='ltr'><strong>revelans</strong></span> <span class='ocrx_word' id='word_1_188' title='bbox 650 910 706 955; x_wconf 84' lang='lat' dir='ltr'><strong>his,</strong></span> <span class='ocrx_word' id='word_1_189' title='bbox 722 915 773 955; x_wconf 88' lang='lat' dir='ltr'><strong>qui</strong></span> <span class='ocrx_word' id='word_1_190' title='bbox 789 924 854 944; x_wconf 91' lang='lat' dir='ltr'><strong>cum</strong></span> <span class='ocrx_word' id='word_1_191' title='bbox 869 946 886 956; x_wconf 65' lang='grc' dir='ltr'>η</span> <span class='ocrx_word' id='word_1_192' title='bbox 900 910 1004 956; x_wconf 82' lang='lat' dir='ltr'><strong>moria,</strong></span> <span class='ocrx_word' id='word_1_193' title='bbox 1020 919 1050 946; x_wconf 89' lang='lat' dir='ltr'><strong>et</strong></span> <span class='ocrx_word' id='word_1_194' title='bbox 1065 916 1094 946; x_wconf 93' lang='lat' dir='ltr'><strong>in</strong></span> <span class='ocrx_word' id='word_1_195' title='bbox 1111 910 1163 946; x_wconf 85' lang='lat' dir='ltr'><strong>ore</strong></span> <span class='ocrx_word' id='word_1_196' title='bbox 1179 924 1228 946; x_wconf 89' lang='lat' dir='ltr'><strong>eas</strong></span> <span class='ocrx_word' id='word_1_197' title='bbox 1243 923 1362 955; x_wconf 85' lang='lat' dir='ltr'><strong>semper</strong></span> <span class='ocrx_word' id='word_1_198' title='bbox 1374 913 1491 945; x_wconf 86' lang='lat' dir='ltr'><strong>habeat.</strong></span> <span class='ocrx_word' id='word_1_199' title='bbox 1509 913 1566 944; x_wconf 85' lang='lat' dir='ltr'><strong>Eas</strong></span> <span class='ocrx_word' id='word_1_200' title='bbox 1581 912 1682 952; x_wconf 86' lang='lat' dir='ltr'><strong>itaque</strong></span> <span class='ocrx_word' id='word_1_201' title='bbox 1696 910 1727 941; x_wconf 90' lang='lat' dir='ltr'><strong>in</strong></span> 
     </span>
    </p>
   </div>
   <div class='ocr_carea' id='block_1_17' title="bbox 27 946 1727 1000">
    <p class='ocr_par' dir='ltr' id='par_1_17' title="bbox 27 946 1727 1000">
     <span class='ocr_line' id='line_1_17' title="bbox 27 946 1727 1000; baseline -0.001 -13"><span class='ocrx_word' id='word_1_202' title='bbox 27 958 184 989; x_wconf 86' lang='lat' dir='ltr'><strong>desiderio</strong></span> <span class='ocrx_word' id='word_1_203' title='bbox 199 946 336 999; x_wconf 65' lang='lat' dir='ltr'><strong>quaerunt</strong></span> <span class='ocrx_word' id='word_1_204' title='bbox 345 946 461 991; x_wconf 78' lang='lat' dir='ltr'><strong>discere</strong></span> <span class='ocrx_word' id='word_1_205' title='bbox 475 960 619 1000; x_wconf 87' lang='lat' dir='ltr'><strong>profunda</strong></span> <span class='ocrx_word' id='word_1_206' title='bbox 634 946 754 999; x_wconf 77' lang='lat' dir='ltr'><strong>spiritus</strong></span> <span class='ocrx_word' id='word_1_207' title='bbox 764 959 792 984; x_wconf 64' lang='lat'><strong>‘9</strong></span> <span class='ocrx_word' id='word_1_208' title='bbox 805 983 812 996; x_wconf 88' lang='lat'><strong>,</strong></span> <span class='ocrx_word' id='word_1_209' title='bbox 825 959 855 989; x_wconf 92' lang='lat' dir='ltr'><strong>in</strong></span> <span class='ocrx_word' id='word_1_210' title='bbox 868 946 887 970; x_wconf 69' lang='grc' dir='ltr'><strong>Β</strong></span> <span class='ocrx_word' id='word_1_211' title='bbox 899 946 1173 990; x_wconf 62' lang='grc' dir='ltr'><strong>εει-ευιέωθιηοιιὶδιί</strong></span> <span class='ocrx_word' id='word_1_212' title='bbox 1185 946 1455 996; x_wconf 56' lang='grc' dir='ltr'><strong>811ίῐΠὲΒ,ιῐῐ]ἂΠά3ῐ3</strong></span> <span class='ocrx_word' id='word_1_213' title='bbox 1471 958 1524 989; x_wconf 85' lang='lat' dir='ltr'><strong>Dei</strong></span> <span class='ocrx_word' id='word_1_214' title='bbox 1537 961 1566 988; x_wconf 91' lang='lat' dir='ltr'><strong>ut</strong></span> <span class='ocrx_word' id='word_1_215' title='bbox 1580 956 1727 1000; x_wconf 81' lang='lat' dir='ltr'><strong>pretiosos</strong></span> 
     </span>
    </p>
   </div>
   <div class='ocr_carea' id='block_1_18' title="bbox 27 999 1728 1044">
    <p class='ocr_par' dir='ltr' id='par_1_18' title="bbox 27 999 1728 1044">
     <span class='ocr_line' id='line_1_18' title="bbox 27 999 1728 1044; baseline -0.001 -12"><span class='ocrx_word' id='word_1_216' title='bbox 27 1002 148 1033; x_wconf 87' lang='lat' dir='ltr'><strong>Christo</strong></span> <span class='ocrx_word' id='word_1_217' title='bbox 163 1003 244 1039; x_wconf 76' lang='lat' dir='ltr'><strong>Jesu,</strong></span> <span class='ocrx_word' id='word_1_218' title='bbox 262 1004 388 1035; x_wconf 90' lang='lat' dir='ltr'><strong>Domino</strong></span> <span class='ocrx_word' id='word_1_219' title='bbox 405 999 517 1042; x_wconf 83' lang='lat' dir='ltr'><strong>nostro,</strong></span> <span class='ocrx_word' id='word_1_220' title='bbox 535 1005 581 1035; x_wconf 91' lang='lat' dir='ltr'><strong>cui</strong></span> <span class='ocrx_word' id='word_1_221' title='bbox 597 1004 700 1044; x_wconf 81' lang='lat' dir='ltr'><strong>gloria,</strong></span> <span class='ocrx_word' id='word_1_222' title='bbox 716 1009 744 1034; x_wconf 90' lang='lat' dir='ltr'><strong>et</strong></span> <span class='ocrx_word' id='word_1_223' title='bbox 759 1004 855 1044; x_wconf 88' lang='lat' dir='ltr'><strong>impe-</strong></span> <span class='ocrx_word' id='word_1_224' title='bbox 899 1004 1043 1044; x_wconf 87' lang='lat' dir='ltr'><strong>quosdam</strong></span> <span class='ocrx_word' id='word_1_225' title='bbox 1071 1003 1184 1044; x_wconf 90' lang='lat' dir='ltr'><strong>lapides</strong></span> <span class='ocrx_word' id='word_1_226' title='bbox 1213 1003 1396 1039; x_wconf 89' lang='lat' dir='ltr'><strong>continente,</strong></span> <span class='ocrx_word' id='word_1_227' title='bbox 1427 1002 1457 1033; x_wconf 87' lang='lat' dir='ltr'><strong>in</strong></span> <span class='ocrx_word' id='word_1_228' title='bbox 1487 1002 1596 1043; x_wconf 87' lang='lat' dir='ltr'><strong>quibus</strong></span> <span class='ocrx_word' id='word_1_229' title='bbox 1611 1004 1655 1032; x_wconf 90' lang='lat' dir='ltr'><strong>est</strong></span> <span class='ocrx_word' id='word_1_230' title='bbox 1669 999 1728 1031; x_wconf 82' lang='lat' dir='ltr'><strong>vita</strong></span> 
     </span>
    </p>
   </div>
   <div class='ocr_carea' id='block_1_19' title="bbox 28 1044 1725 1090">
    <p class='ocr_par' dir='ltr' id='par_1_19' title="bbox 28 1044 1725 1090">
     <span class='ocr_line' id='line_1_19' title="bbox 28 1044 1725 1090; baseline -0.002 -13"><span class='ocrx_word' id='word_1_231' title='bbox 28 1047 108 1077; x_wconf 92' lang='lat' dir='ltr'><strong>rium</strong></span> <span class='ocrx_word' id='word_1_232' title='bbox 126 1057 191 1078; x_wconf 91' lang='lat' dir='ltr'><strong>cum</strong></span> <span class='ocrx_word' id='word_1_233' title='bbox 205 1048 299 1086; x_wconf 80' lang='lat' dir='ltr'><strong>Patre,</strong></span> <span class='ocrx_word' id='word_1_234' title='bbox 311 1054 340 1080; x_wconf 88' lang='lat' dir='ltr'><strong>et</strong></span> <span class='ocrx_word' id='word_1_235' title='bbox 350 1054 451 1080; x_wconf 85' lang='lat' dir='ltr'><strong>sancto</strong></span> <span class='ocrx_word' id='word_1_236' title='bbox 464 1049 574 1090; x_wconf 90' lang='lat' dir='ltr'><strong>Spiritu</strong></span> <span class='ocrx_word' id='word_1_237' title='bbox 587 1059 666 1080; x_wconf 80' lang='lat' dir='ltr'><strong>nunc</strong></span> <span class='ocrx_word' id='word_1_238' title='bbox 676 1049 741 1080; x_wconf 88' lang='lat' dir='ltr'><strong>etin</strong></span> <span class='ocrx_word' id='word_1_239' title='bbox 752 1049 858 1080; x_wconf 61' lang='lat' dir='ltr'><strong>saecula</strong></span> <span class='ocrx_word' id='word_1_240' title='bbox 899 1052 1010 1079; x_wconf 60' lang='lat' dir='ltr'><strong>aeterna</strong></span> <span class='ocrx_word' id='word_1_241' title='bbox 1022 1047 1122 1088; x_wconf 71' lang='lat' dir='ltr'><strong>(verba</strong></span> <span class='ocrx_word' id='word_1_242' title='bbox 1133 1048 1213 1079; x_wconf 92' lang='lat' dir='ltr'><strong>enim</strong></span> <span class='ocrx_word' id='word_1_243' title='bbox 1226 1047 1335 1079; x_wconf 83' lang='lat' dir='ltr'><strong>Christi</strong></span> <span class='ocrx_word' id='word_1_244' title='bbox 1350 1048 1399 1078; x_wconf 85' lang='lat' dir='ltr'><strong>lux</strong></span> <span class='ocrx_word' id='word_1_245' title='bbox 1412 1052 1441 1078; x_wconf 89' lang='lat' dir='ltr'><strong>et</strong></span> <span class='ocrx_word' id='word_1_246' title='bbox 1451 1047 1508 1078; x_wconf 86' lang='lat' dir='ltr'><strong>vita</strong></span> <span class='ocrx_word' id='word_1_247' title='bbox 1519 1050 1628 1078; x_wconf 89' lang='lat' dir='ltr'><strong>suntut</strong></span> <span class='ocrx_word' id='word_1_248' title='bbox 1645 1044 1725 1075; x_wconf 88' lang='lat' dir='ltr'><strong>idem</strong></span> 
     </span>
    </p>
   </div>
   <div class='ocr_carea' id='block_1_20' title="bbox 27 1091 1727 1133">
    <p class='ocr_par' dir='ltr' id='par_1_20' title="bbox 27 1091 1727 1133">
     <span class='ocr_line' id='line_1_20' title="bbox 27 1091 1727 1133; baseline 0 -11"><span class='ocrx_word' id='word_1_249' title='bbox 27 1092 222 1123; x_wconf 72' lang='lat' dir='ltr'><strong>saeculorum.</strong></span> <span class='ocrx_word' id='word_1_250' title='bbox 241 1093 346 1125; x_wconf 87' lang='lat' dir='ltr'><strong>Amen.</strong></span> <span class='ocrx_word' id='word_1_251' title='bbox 900 1094 963 1133; x_wconf 84' lang='lat' dir='ltr'><strong>ipse</strong></span> <span class='ocrx_word' id='word_1_252' title='bbox 980 1093 1051 1124; x_wconf 58' lang='lat' dir='ltr'><strong>ait?1</strong></span> <span class='ocrx_word' id='word_1_253' title='bbox 1068 1118 1075 1130; x_wconf 91' lang='lat'><strong>,</strong></span> <span class='ocrx_word' id='word_1_254' title='bbox 1093 1097 1121 1123; x_wconf 93' lang='lat' dir='ltr'><strong>et</strong></span> <span class='ocrx_word' id='word_1_255' title='bbox 1136 1094 1184 1133; x_wconf 90' lang='lat' dir='ltr'><strong>qui</strong></span> <span class='ocrx_word' id='word_1_256' title='bbox 1203 1102 1262 1123; x_wconf 92' lang='lat' dir='ltr'><strong>non</strong></span> <span class='ocrx_word' id='word_1_257' title='bbox 1284 1092 1380 1123; x_wconf 85' lang='lat' dir='ltr'><strong>credit</strong></span> <span class='ocrx_word' id='word_1_258' title='bbox 1404 1092 1434 1122; x_wconf 94' lang='lat' dir='ltr'><strong>in</strong></span> <span class='ocrx_word' id='word_1_259' title='bbox 1451 1091 1558 1123; x_wconf 86' lang='lat' dir='ltr'><strong>Filium</strong></span> <span class='ocrx_word' id='word_1_260' title='bbox 1583 1091 1651 1128; x_wconf 87' lang='lat' dir='ltr'><strong>Dei,</strong></span> <span class='ocrx_word' id='word_1_261' title='bbox 1667 1100 1727 1122; x_wconf 89' lang='lat' dir='ltr'><strong>non</strong></span> 
     </span>
    </p>
   </div>
   <div class='ocr_carea' id='block_1_21' title="bbox 325 1136 1728 1178">
    <p class='ocr_par' dir='ltr' id='par_1_21' title="bbox 325 1136 1728 1178">
     <span class='ocr_line' id='line_1_21' title="bbox 325 1136 1728 1178; baseline 0.001 -11"><span class='ocrx_word' id='word_1_262' title='bbox 325 1144 460 1177; x_wconf 69' lang='lat' dir='ltr'><strong>ORATiO</strong></span> <span class='ocrx_word' id='word_1_263' title='bbox 489 1145 563 1177; x_wconf 77' lang='lat' dir='ltr'><strong>x[x_</strong></span> <span class='ocrx_word' id='word_1_264' title='bbox 899 1138 1009 1169; x_wconf 87' lang='lat' dir='ltr'><strong>videbit</strong></span> <span class='ocrx_word' id='word_1_265' title='bbox 1024 1138 1124 1178; x_wconf 84' lang='lat' dir='ltr'><strong>vitam)</strong></span> <span class='ocrx_word' id='word_1_266' title='bbox 1141 1142 1287 1178; x_wconf 88' lang='lat' dir='ltr'><strong>apportat.</strong></span> <span class='ocrx_word' id='word_1_267' title='bbox 1305 1138 1377 1169; x_wconf 87' lang='lat' dir='ltr'><strong>Cum</strong></span> <span class='ocrx_word' id='word_1_268' title='bbox 1390 1136 1539 1168; x_wconf 87' lang='lat' dir='ltr'><strong>mandatis</strong></span> <span class='ocrx_word' id='word_1_269' title='bbox 1555 1141 1655 1168; x_wconf 88' lang='lat' dir='ltr'><strong>autem</strong></span> <span class='ocrx_word' id='word_1_270' title='bbox 1671 1137 1728 1168; x_wconf 84' lang='lat' dir='ltr'><strong>vir-</strong></span> 
     </span>
    </p>
   </div>
   <div class='ocr_carea' id='block_1_22' title="bbox 342 1181 1725 1223">
    <p class='ocr_par' dir='ltr' id='par_1_22' title="bbox 342 1181 1725 1223">
     <span class='ocr_line' id='line_1_22' title="bbox 342 1181 1725 1223; baseline -0.004 -6"><span class='ocrx_word' id='word_1_271' title='bbox 342 1191 558 1221; x_wconf 62' lang='lat' dir='ltr'><strong>Ancumamum.</strong></span> <span class='ocrx_word' id='word_1_272' title='bbox 899 1187 984 1222; x_wconf 85' lang='lat' dir='ltr'><strong>tutes,</strong></span> <span class='ocrx_word' id='word_1_273' title='bbox 1004 1187 1035 1213; x_wconf 90' lang='lat' dir='ltr'><strong>ut</strong></span> <span class='ocrx_word' id='word_1_274' title='bbox 1049 1183 1220 1222; x_wconf 78' lang='lat' dir='ltr'><strong>margaritas</strong></span> <span class='ocrx_word' id='word_1_275' title='bbox 1243 1182 1396 1223; x_wconf 88' lang='lat' dir='ltr'><strong>quasdam,</strong></span> <span class='ocrx_word' id='word_1_276' title='bbox 1428 1191 1445 1213; x_wconf 88' lang='lat' dir='ltr'><strong>a</strong></span> <span class='ocrx_word' id='word_1_277' title='bbox 1469 1181 1617 1212; x_wconf 84' lang='lat' dir='ltr'><strong>mandatis</strong></span> <span class='ocrx_word' id='word_1_278' title='bbox 1645 1182 1725 1212; x_wconf 89' lang='lat' dir='ltr'><strong>enim</strong></span> 
     </span>
    </p>
   </div>
   <div class='ocr_carea' id='block_1_23' title="bbox 31 1227 814 1279">
    <p class='ocr_par' dir='ltr' id='par_1_23' title="bbox 31 1238 810 1279">
     <span class='ocr_line' id='line_1_23' title="bbox 31 1238 810 1279; baseline 0.005 -14"><span class='ocrx_word' id='word_1_279' title='bbox 31 1238 81 1279; x_wconf 88' lang='lat' dir='ltr'><strong>l)e_</strong></span> <span class='ocrx_word' id='word_1_280' title='bbox 89 1239 261 1276; x_wconf 69' lang='lat' dir='ltr'><strong>cognitione</strong></span> <span class='ocrx_word' id='word_1_281' title='bbox 271 1239 426 1279; x_wconf 71' lang='lat' dir='ltr'><strong>spirituali</strong></span> <span class='ocrx_word' id='word_1_282' title='bbox 438 1248 446 1270; x_wconf 91' lang='lat'><em>:</em></span> <span class='ocrx_word' id='word_1_283' title='bbox 460 1244 488 1270; x_wconf 82' lang='lat' dir='ltr'><strong>et</strong></span> <span class='ocrx_word' id='word_1_284' title='bbox 500 1240 670 1270; x_wconf 78' lang='lat' dir='ltr'><strong>thesaurum</strong></span> <span class='ocrx_word' id='word_1_285' title='bbox 682 1240 810 1279; x_wconf 77' lang='lat' dir='ltr'><strong>spiritus</strong></span> 
     </span>
    </p>
   </div>
   <div class='ocr_carea' id='block_1_24' title="bbox 941 1227 1724 1279">
    <p class='ocr_par' dir='ltr' id='par_1_24' title="bbox 945 1227 1724 1279">
     <span class='ocr_line' id='line_1_24' title="bbox 945 1227 1724 1279; baseline 0 -22"><span class='ocrx_word' id='word_1_286' title='bbox 945 1231 1030 1279; x_wconf 79' lang='lat' dir='ltr'><strong>tutes,</strong></span> <span class='ocrx_word' id='word_1_287' title='bbox 1041 1227 1071 1258; x_wconf 95' lang='lat' dir='ltr'><strong>in</strong></span> <span class='ocrx_word' id='word_1_288' title='bbox 1078 1227 1186 1268; x_wconf 89' lang='lat' dir='ltr'><strong>quibus</strong></span> <span class='ocrx_word' id='word_1_289' title='bbox 1193 1227 1402 1279; x_wconf 74' lang='lat' dir='ltr'><strong>mysteriorum</strong></span> <span class='ocrx_word' id='word_1_290' title='bbox 1415 1228 1444 1277; x_wconf 73' lang='lat' dir='ltr'><strong>in</strong></span> <span class='ocrx_word' id='word_1_291' title='bbox 1452 1227 1724 1279; x_wconf 75' lang='lat' dir='ltr'><strong>litteralatentium,</strong></span> 
     </span>
    </p>
   </div>
   <div class='ocr_carea' id='block_1_25' title="bbox 70 1271 853 1319">
    <p class='ocr_par' dir='ltr' id='par_1_25' title="bbox 70 1271 853 1319">
     <span class='ocr_line' id='line_1_25' title="bbox 70 1271 853 1319; baseline 0.004 -12"><span class='ocrx_word' id='word_1_292' title='bbox 70 1271 174 1308; x_wconf 54' lang='lat' dir='ltr'><strong>littora</strong></span> <span class='ocrx_word' id='word_1_293' title='bbox 184 1271 358 1310; x_wconf 41' lang='lat' dir='ltr'><strong>sam-115nm;</strong></span> <span class='ocrx_word' id='word_1_294' title='bbox 377 1280 611 1319; x_wconf 79' lang='lat' dir='ltr'><strong>Scrszu-rarum</strong></span> <span class='ocrx_word' id='word_1_295' title='bbox 632 1271 853 1317; x_wconf 50' lang='lat' dir='ltr'><strong>abscionditum,</strong></span> 
     </span>
    </p>
   </div>
   <div class='ocr_carea' id='block_1_26' title="bbox 943 1271 1726 1319">
    <p class='ocr_par' dir='ltr' id='par_1_26' title="bbox 945 1271 1726 1303">
     <span class='ocr_line' id='line_1_26' title="bbox 945 1271 1726 1303; baseline 0.001 -2"><span class='ocrx_word' id='word_1_296' title='bbox 945 1271 1147 1302; x_wconf 84' lang='lat' dir='ltr'><strong>obvelatorum</strong></span> <span class='ocrx_word' id='word_1_297' title='bbox 1164 1271 1318 1303; x_wconf 82' lang='lat' dir='ltr'><strong>revelatio.</strong></span> <span class='ocrx_word' id='word_1_298' title='bbox 1346 1271 1527 1302; x_wconf 84' lang='lat' dir='ltr'><strong>Factitandis</strong></span> <span class='ocrx_word' id='word_1_299' title='bbox 1543 1271 1623 1302; x_wconf 90' lang='lat' dir='ltr'><strong>enim</strong></span> <span class='ocrx_word' id='word_1_300' title='bbox 1640 1281 1726 1302; x_wconf 89' lang='lat' dir='ltr'><strong>man-</strong></span> 
     </span>
    </p>
   </div>
   <div class='ocr_carea' id='block_1_27' title="bbox 70 1316 1730 1360">
    <p class='ocr_par' dir='ltr' id='par_1_27' title="bbox 70 1316 1730 1360">
     <span class='ocr_line' id='line_1_27' title="bbox 70 1316 1730 1360; baseline 0.001 -12"><span class='ocrx_word' id='word_1_301' title='bbox 70 1319 297 1360; x_wconf 68' lang='lat' dir='ltr'><strong>nonomnibus,</strong></span> <span class='ocrx_word' id='word_1_302' title='bbox 318 1316 493 1360; x_wconf 67' lang='lat' dir='ltr'><strong>quanquam</strong></span> <span class='ocrx_word' id='word_1_303' title='bbox 504 1319 694 1360; x_wconf 76' lang='lat' dir='ltr'><strong>cupientibus</strong></span> <span class='ocrx_word' id='word_1_304' title='bbox 708 1320 855 1359; x_wconf 75' lang='lat' dir='ltr'><strong>manifcs-</strong></span> <span class='ocrx_word' id='word_1_305' title='bbox 898 1316 974 1347; x_wconf 79' lang='lat' dir='ltr'><strong>datis</strong></span> <span class='ocrx_word' id='word_1_306' title='bbox 989 1318 1110 1348; x_wconf 79' lang='lat' dir='ltr'><strong>Virtutes</strong></span> <span class='ocrx_word' id='word_1_307' title='bbox 1134 1321 1311 1348; x_wconf 82' lang='lat' dir='ltr'><strong>exercentur</strong></span> <span class='ocrx_word' id='word_1_308' title='bbox 1330 1326 1336 1348; x_wconf 89' lang='lat'>:</span> <span class='ocrx_word' id='word_1_309' title='bbox 1367 1317 1525 1347; x_wconf 76' lang='lat' dir='ltr'><strong>virtutibus</strong></span> <span class='ocrx_word' id='word_1_310' title='bbox 1548 1317 1730 1348; x_wconf 81' lang='lat' dir='ltr'><strong>exercendis</strong></span> 
     </span>
    </p>
   </div>
   <div class='ocr_carea' id='block_1_28' title="bbox 72 1329 1733 1402">
    <p class='ocr_par' dir='ltr' id='par_1_28' title="bbox 72 1329 1733 1402">
     <span class='ocr_line' id='line_1_28' title="bbox 72 1329 1730 1360; baseline 0.001 -12"><span class='ocrx_word' id='word_1_311' title='bbox 72 1329 297 1355; x_wconf 82' lang='lat' dir='ltr'><strong>nunommous.</strong></span> <span class='ocrx_word' id='word_1_312' title='bbox 318 1329 493 1360; x_wconf 80' lang='lat' dir='ltr'><strong>quanquam</strong></span> <span class='ocrx_word' id='word_1_313' title='bbox 504 1329 538 1352; x_wconf 85' lang='lat' dir='ltr'><strong>cu</strong></span> <span class='ocrx_word' id='word_1_314' title='bbox 564 1329 694 1351; x_wconf 76' lang='lat' dir='ltr'><strong>zenuous</strong></span> <span class='ocrx_word' id='word_1_315' title='bbox 708 1329 855 1359; x_wconf 79' lang='lat' dir='ltr'><strong>mam/es-</strong></span> <span class='ocrx_word' id='word_1_316' title='bbox 898 1329 974 1347; x_wconf 71' lang='lat' dir='ltr'><strong>unus</strong></span> <span class='ocrx_word' id='word_1_317' title='bbox 989 1329 1110 1348; x_wconf 66' lang='lat' dir='ltr'><strong>Virtutes</strong></span> <span class='ocrx_word' id='word_1_318' title='bbox 1134 1329 1311 1348; x_wconf 73' lang='lat' dir='ltr'><strong>exercentur</strong></span> <span class='ocrx_word' id='word_1_319' title='bbox 1330 1329 1336 1348; x_wconf 95' lang='lat'>:</span> <span class='ocrx_word' id='word_1_320' title='bbox 1367 1329 1525 1347; x_wconf 82' lang='lat' dir='ltr'><strong>vmuuuus</strong></span> <span class='ocrx_word' id='word_1_321' title='bbox 1548 1329 1730 1348; x_wconf 84' lang='lat' dir='ltr'><strong>exercenuis</strong></span> 
     </span>
     <span class='ocr_line' id='line_1_29' title="bbox 72 1329 1733 1402; baseline 0.004 -15"><span class='ocrx_word' id='word_1_322' title='bbox 72 1362 137 1388; x_wconf 83' lang='lat' dir='ltr'><strong>tum</strong></span> <span class='ocrx_word' id='word_1_323' title='bbox 149 1367 212 1389; x_wconf 76' lang='lat' dir='ltr'><strong>esse</strong></span> <span class='ocrx_word' id='word_1_324' title='bbox 225 1329 680 1402; x_wconf 48' lang='lat' dir='ltr'><strong>:se:ipossidentibusfttntuxat</strong></span> <span class='ocrx_word' id='word_1_325' title='bbox 694 1360 792 1397; x_wconf 78' lang='lat' dir='ltr'><strong>illum,</strong></span> <span class='ocrx_word' id='word_1_326' title='bbox 804 1362 857 1400; x_wconf 83' lang='lat' dir='ltr'><strong>qui</strong></span> <span class='ocrx_word' id='word_1_327' title='bbox 899 1361 1037 1392; x_wconf 85' lang='lat' dir='ltr'><strong>mandata</strong></span> <span class='ocrx_word' id='word_1_328' title='bbox 1052 1361 1225 1402; x_wconf 87' lang='lat' dir='ltr'><strong>implentur.</strong></span> <span class='ocrx_word' id='word_1_329' title='bbox 1239 1362 1336 1401; x_wconf 86' lang='lat' dir='ltr'><strong>Atque</strong></span> <span class='ocrx_word' id='word_1_330' title='bbox 1349 1362 1389 1392; x_wconf 89' lang='lat' dir='ltr'><strong>ita</strong></span> <span class='ocrx_word' id='word_1_331' title='bbox 1401 1371 1453 1402; x_wconf 89' lang='lat' dir='ltr'><strong>per</strong></span> <span class='ocrx_word' id='word_1_332' title='bbox 1464 1363 1525 1393; x_wconf 67' lang='lat' dir='ltr'><strong>haec</strong></span> <span class='ocrx_word' id='word_1_333' title='bbox 1535 1361 1622 1392; x_wconf 88' lang='lat' dir='ltr'><strong>nobis</strong></span> <span class='ocrx_word' id='word_1_334' title='bbox 1635 1362 1733 1402; x_wconf 88' lang='lat' dir='ltr'><strong>janua.</strong></span> 
     </span>
    </p>
   </div>
   <div class='ocr_carea' id='block_1_29' title="bbox 68 1400 1727 1447">
    <p class='ocr_par' dir='ltr' id='par_1_29' title="bbox 68 1400 1727 1447">
     <span class='ocr_line' id='line_1_30' title="bbox 68 1400 1727 1447; baseline 0.006 -19"><span class='ocrx_word' id='word_1_335' title='bbox 68 1407 193 1429; x_wconf 79' lang='lat' dir='ltr'><strong>sensum</strong></span> <span class='ocrx_word' id='word_1_336' title='bbox 208 1400 246 1430; x_wconf 80' lang='lat' dir='ltr'><strong>ad</strong></span> <span class='ocrx_word' id='word_1_337' title='bbox 259 1400 434 1440; x_wconf 74' lang='lat' dir='ltr'><strong>Scriptut&#39;as</strong></span> <span class='ocrx_word' id='word_1_338' title='bbox 446 1400 662 1441; x_wconf 73' lang='lat' dir='ltr'><strong>intelligendas</strong></span> <span class='ocrx_word' id='word_1_339' title='bbox 677 1402 787 1440; x_wconf 76' lang='lat' dir='ltr'><strong>aperit.</strong></span> <span class='ocrx_word' id='word_1_340' title='bbox 899 1406 1076 1446; x_wconf 74' lang='lat' dir='ltr'><strong>cognitionis</strong></span> <span class='ocrx_word' id='word_1_341' title='bbox 1091 1400 1246 1444; x_wconf 64' lang='lat' dir='ltr'><strong>aperitur;</strong></span> <span class='ocrx_word' id='word_1_342' title='bbox 1266 1400 1326 1437; x_wconf 85' lang='lat' dir='ltr'><strong>imo</strong></span> <span class='ocrx_word' id='word_1_343' title='bbox 1352 1400 1421 1437; x_wconf 76' lang='lat' dir='ltr'><strong>vero</strong></span> <span class='ocrx_word' id='word_1_344' title='bbox 1438 1416 1497 1437; x_wconf 89' lang='lat' dir='ltr'><strong>non</strong></span> <span class='ocrx_word' id='word_1_345' title='bbox 1513 1415 1566 1447; x_wconf 90' lang='lat' dir='ltr'><strong>per</strong></span> <span class='ocrx_word' id='word_1_346' title='bbox 1580 1400 1656 1446; x_wconf 70' lang='lat' dir='ltr'><strong>haac,</strong></span> <span class='ocrx_word' id='word_1_347' title='bbox 1673 1406 1727 1439; x_wconf 85' lang='lat' dir='ltr'><strong>sed</strong></span> 
     </span>
    </p>
   </div>
   <div class='ocr_carea' id='block_1_30' title="bbox 69 1450 1730 1494">
    <p class='ocr_par' dir='ltr' id='par_1_30' title="bbox 69 1450 1730 1494">
     <span class='ocr_line' id='line_1_31' title="bbox 69 1450 1730 1494; baseline 0 -12"><span class='ocrx_word' id='word_1_348' title='bbox 69 1451 238 1491; x_wconf 71' lang='lat' dir='ltr'><strong>Spiritualis</strong></span> <span class='ocrx_word' id='word_1_349' title='bbox 254 1453 393 1493; x_wconf 81' lang='lat' dir='ltr'><strong>cognitio,</strong></span> <span class='ocrx_word' id='word_1_350' title='bbox 411 1453 528 1491; x_wconf 78' lang='lat' dir='ltr'><strong>fratres,</strong></span> <span class='ocrx_word' id='word_1_351' title='bbox 556 1454 684 1494; x_wconf 89' lang='lat' dir='ltr'><strong>cuipiam</strong></span> <span class='ocrx_word' id='word_1_352' title='bbox 709 1453 810 1484; x_wconf 86' lang='lat' dir='ltr'><strong>domui</strong></span> <span class='ocrx_word' id='word_1_353' title='bbox 827 1454 856 1484; x_wconf 91' lang='lat' dir='ltr'><strong>in</strong></span> <span class='ocrx_word' id='word_1_354' title='bbox 901 1460 953 1492; x_wconf 90' lang='lat' dir='ltr'><strong>per</strong></span> <span class='ocrx_word' id='word_1_355' title='bbox 968 1460 1037 1482; x_wconf 88' lang='lat' dir='ltr'><strong>eum</strong></span> <span class='ocrx_word' id='word_1_356' title='bbox 1054 1451 1104 1491; x_wconf 93' lang='lat' dir='ltr'><strong>qui</strong></span> <span class='ocrx_word' id='word_1_357' title='bbox 1120 1450 1192 1482; x_wconf 83' lang='lat' dir='ltr'><strong>dixit</strong></span> <span class='ocrx_word' id='word_1_358' title='bbox 1207 1462 1214 1481; x_wconf 91' lang='lat'>:</span> <span class='ocrx_word' id='word_1_359' title='bbox 1237 1452 1298 1489; x_wconf 72' lang='lat' dir='ltr'><strong>Qui</strong></span> <span class='ocrx_word' id='word_1_360' title='bbox 1310 1459 1358 1482; x_wconf 79' lang='lat' dir='ltr'><strong>me</strong></span> <span class='ocrx_word' id='word_1_361' title='bbox 1369 1451 1482 1491; x_wconf 75' lang='lat' dir='ltr'><strong>diligit,</strong></span> <span class='ocrx_word' id='word_1_362' title='bbox 1500 1452 1646 1483; x_wconf 84' lang='lat' dir='ltr'><strong>mandata</strong></span> <span class='ocrx_word' id='word_1_363' title='bbox 1662 1460 1730 1483; x_wconf 86' lang='lat' dir='ltr'><strong>mea</strong></span> 
     </span>
    </p>
   </div>
   <div class='ocr_carea' id='block_1_31' title="bbox 32 1495 1728 1538">
    <p class='ocr_par' dir='ltr' id='par_1_31' title="bbox 32 1495 1728 1538">
     <span class='ocr_line' id='line_1_32' title="bbox 32 1495 1728 1538; baseline 0.001 -13"><span class='ocrx_word' id='word_1_364' title='bbox 32 1496 135 1526; x_wconf 90' lang='lat' dir='ltr'><strong>medio</strong></span> <span class='ocrx_word' id='word_1_365' title='bbox 153 1498 319 1536; x_wconf 78' lang='lat' dir='ltr'><strong>mundanae,</strong></span> <span class='ocrx_word' id='word_1_366' title='bbox 338 1502 366 1529; x_wconf 89' lang='lat' dir='ltr'><strong>et</strong></span> <span class='ocrx_word' id='word_1_367' title='bbox 381 1498 500 1537; x_wconf 78' lang='lat' dir='ltr'><strong>gentilis</strong></span> <span class='ocrx_word' id='word_1_368' title='bbox 514 1498 690 1538; x_wconf 78' lang='lat' dir='ltr'><strong>cognitionis</strong></span> <span class='ocrx_word' id='word_1_369' title='bbox 705 1499 858 1529; x_wconf 60' lang='lat' dir='ltr'><strong>aedificato:</strong></span> <span class='ocrx_word' id='word_1_370' title='bbox 899 1495 1042 1536; x_wconf 75' lang='lat' dir='ltr'><strong>servabit,</strong></span> <span class='ocrx_word' id='word_1_371' title='bbox 1061 1499 1089 1527; x_wconf 82' lang='lat' dir='ltr'><strong>et</strong></span> <span class='ocrx_word' id='word_1_372' title='bbox 1106 1497 1197 1527; x_wconf 84' lang='lat' dir='ltr'><strong>Pater</strong></span> <span class='ocrx_word' id='word_1_373' title='bbox 1213 1505 1296 1527; x_wconf 76' lang='lat' dir='ltr'><strong>meus</strong></span> <span class='ocrx_word' id='word_1_374' title='bbox 1311 1495 1416 1536; x_wconf 77' lang='lat' dir='ltr'><strong>diliget</strong></span> <span class='ocrx_word' id='word_1_375' title='bbox 1427 1505 1506 1534; x_wconf 85' lang='lat' dir='ltr'><strong>eum,</strong></span> <span class='ocrx_word' id='word_1_376' title='bbox 1521 1500 1550 1528; x_wconf 85' lang='lat' dir='ltr'><strong>et</strong></span> <span class='ocrx_word' id='word_1_377' title='bbox 1563 1505 1616 1538; x_wconf 86' lang='lat' dir='ltr'><strong>ego</strong></span> <span class='ocrx_word' id='word_1_378' title='bbox 1625 1497 1728 1528; x_wconf 81' lang='lat' dir='ltr'><strong>mani-</strong></span> 
     </span>
    </p>
   </div>
   <div class='ocr_carea' id='block_1_32' title="bbox 32 1540 1279 1583">
    <p class='ocr_par' dir='ltr' id='par_1_32' title="bbox 32 1540 1279 1583">
     <span class='ocr_line' id='line_1_33' title="bbox 32 1540 1279 1583; baseline 0.001 -13"><span class='ocrx_word' id='word_1_379' title='bbox 32 1541 144 1571; x_wconf 89' lang='lat' dir='ltr'><strong>similis</strong></span> <span class='ocrx_word' id='word_1_380' title='bbox 156 1546 220 1572; x_wconf 88' lang='lat' dir='ltr'><strong>est:</strong></span> <span class='ocrx_word' id='word_1_381' title='bbox 236 1542 328 1583; x_wconf 88' lang='lat' dir='ltr'><strong>inqua</strong></span> <span class='ocrx_word' id='word_1_382' title='bbox 337 1543 435 1580; x_wconf 87' lang='lat' dir='ltr'><strong>domo,</strong></span> <span class='ocrx_word' id='word_1_383' title='bbox 445 1543 703 1573; x_wconf 86' lang='lat' dir='ltr'><strong>velutscriniolum</strong></span> <span class='ocrx_word' id='word_1_384' title='bbox 716 1543 855 1579; x_wconf 87' lang='lat' dir='ltr'><strong>solidum,</strong></span> <span class='ocrx_word' id='word_1_385' title='bbox 901 1540 1014 1579; x_wconf 76' lang='lat' dir='ltr'><strong>festabo</strong></span> <span class='ocrx_word' id='word_1_386' title='bbox 1031 1541 1059 1571; x_wconf 79' lang='grc' dir='ltr'><strong>εἰ</strong></span> <span class='ocrx_word' id='word_1_387' title='bbox 1071 1541 1255 1580; x_wconf 55' lang='lat' dir='ltr'><strong>meipsume2</strong></span> <span class='ocrx_word' id='word_1_388' title='bbox 1272 1566 1279 1572; x_wconf 96' lang='lat'><em>.</em></span> 
     </span>
    </p>
   </div>
   <div class='ocr_carea' id='block_1_33' title="bbox 27 1585 1726 1635">
    <p class='ocr_par' dir='ltr' id='par_1_33' title="bbox 27 1585 1726 1635">
     <span class='ocr_line' id='line_1_34' title="bbox 27 1585 1726 1635; baseline 0.001 -20"><span class='ocrx_word' id='word_1_389' title='bbox 27 1589 58 1635; x_wconf 56' lang='lat' dir='ltr'><strong>et</strong></span> <span class='ocrx_word' id='word_1_390' title='bbox 72 1587 291 1617; x_wconf 85' lang='lat' dir='ltr'><strong>communitum</strong></span> <span class='ocrx_word' id='word_1_391' title='bbox 316 1591 344 1618; x_wconf 91' lang='lat' dir='ltr'><strong>et</strong></span> <span class='ocrx_word' id='word_1_392' title='bbox 372 1587 499 1626; x_wconf 78' lang='lat' dir='ltr'><strong>cognitio</strong></span> <span class='ocrx_word' id='word_1_393' title='bbox 525 1597 542 1618; x_wconf 92' lang='lat' dir='ltr'><strong>a</strong></span> <span class='ocrx_word' id='word_1_394' title='bbox 564 1587 623 1635; x_wconf 78' lang='lat' dir='ltr'><strong>Dee</strong></span> <span class='ocrx_word' id='word_1_395' title='bbox 650 1587 889 1635; x_wconf 75' lang='lat' dir='ltr'><strong>inspiratarumc</strong></span> <span class='ocrx_word' id='word_1_396' title='bbox 907 1631 923 1635; x_wconf 40' lang='grc'><strong>⁸</strong></span> <span class='ocrx_word' id='word_1_397' title='bbox 941 1585 971 1615; x_wconf 96' lang='lat' dir='ltr'><strong>Si</strong></span> <span class='ocrx_word' id='word_1_398' title='bbox 986 1593 1056 1635; x_wconf 75' lang='lat' dir='ltr'><strong>ergo</strong></span> <span class='ocrx_word' id='word_1_399' title='bbox 1079 1585 1263 1635; x_wconf 74' lang='lat' dir='ltr'><strong>habitaverit,</strong></span> <span class='ocrx_word' id='word_1_400' title='bbox 1291 1589 1332 1635; x_wconf 75' lang='lat' dir='ltr'><strong>et_</strong></span> <span class='ocrx_word' id='word_1_401' title='bbox 1347 1585 1646 1635; x_wconf 57' lang='lat' dir='ltr'><strong>ambulaveritiuter</strong></span> <span class='ocrx_word' id='word_1_402' title='bbox 1670 1595 1726 1635; x_wconf 78' lang='lat' dir='ltr'><strong>nos</strong></span> 
     </span>
    </p>
   </div>
   <div class='ocr_carea' id='block_1_34' title="bbox 31 1630 1726 1672">
    <p class='ocr_par' dir='ltr' id='par_1_34' title="bbox 31 1630 1726 1672">
     <span class='ocr_line' id='line_1_35' title="bbox 31 1630 1726 1672; baseline 0.002 -13"><span class='ocrx_word' id='word_1_403' title='bbox 31 1630 267 1670; x_wconf 74' lang='lat' dir='ltr'><strong>Scripturarum,</strong></span> <span class='ocrx_word' id='word_1_404' title='bbox 287 1637 315 1662; x_wconf 89' lang='lat' dir='ltr'><strong>et</strong></span> <span class='ocrx_word' id='word_1_405' title='bbox 331 1632 511 1669; x_wconf 77' lang='lat' dir='ltr'><strong>divitiarum,</strong></span> <span class='ocrx_word' id='word_1_406' title='bbox 531 1642 595 1672; x_wconf 65' lang='lat' dir='ltr'><strong>qua:</strong></span> <span class='ocrx_word' id='word_1_407' title='bbox 607 1631 638 1662; x_wconf 91' lang='lat' dir='ltr'><strong>in</strong></span> <span class='ocrx_word' id='word_1_408' title='bbox 650 1640 684 1662; x_wconf 90' lang='lat' dir='ltr'><strong>eo</strong></span> <span class='ocrx_word' id='word_1_409' title='bbox 695 1631 858 1671; x_wconf 86' lang='lat' dir='ltr'><strong>inexplica-</strong></span> <span class='ocrx_word' id='word_1_410' title='bbox 871 1630 889 1635; x_wconf 50' lang='grc' dir='ltr'>ν</span> <span class='ocrx_word' id='word_1_411' title='bbox 904 1631 992 1666; x_wconf 88' lang='lat' dir='ltr'><strong>Deus,</strong></span> <span class='ocrx_word' id='word_1_412' title='bbox 1011 1634 1039 1660; x_wconf 91' lang='lat' dir='ltr'><strong>et</strong></span> <span class='ocrx_word' id='word_1_413' title='bbox 1049 1630 1113 1670; x_wconf 88' lang='lat' dir='ltr'><strong>ipse</strong></span> <span class='ocrx_word' id='word_1_414' title='bbox 1127 1630 1261 1670; x_wconf 86' lang='lat' dir='ltr'><strong>seipsum</strong></span> <span class='ocrx_word' id='word_1_415' title='bbox 1284 1630 1370 1661; x_wconf 91' lang='lat' dir='ltr'><strong>nobis</strong></span> <span class='ocrx_word' id='word_1_416' title='bbox 1386 1631 1465 1662; x_wconf 88' lang='lat' dir='ltr'><strong>clare</strong></span> <span class='ocrx_word' id='word_1_417' title='bbox 1482 1631 1726 1670; x_wconf 84' lang='lat' dir='ltr'><strong>manifestaverit,</strong></span> 
     </span>
    </p>
   </div>
   <div class='ocr_carea' id='block_1_35' title="bbox 32 1674 1729 1716">
    <p class='ocr_par' dir='ltr' id='par_1_35' title="bbox 32 1674 1729 1716">
     <span class='ocr_line' id='line_1_36' title="bbox 32 1674 1729 1716; baseline 0.002 -12"><span class='ocrx_word' id='word_1_418' title='bbox 32 1674 125 1709; x_wconf 89' lang='lat' dir='ltr'><strong>biles,</strong></span> <span class='ocrx_word' id='word_1_419' title='bbox 139 1675 232 1706; x_wconf 86' lang='lat' dir='ltr'><strong>instar</strong></span> <span class='ocrx_word' id='word_1_420' title='bbox 244 1676 483 1716; x_wconf 76' lang='lat' dir='ltr'><strong>thesaurijacent</strong></span> <span class='ocrx_word' id='word_1_421' title='bbox 495 1676 654 1707; x_wconf 76' lang='lat' dir='ltr'><strong>reconditae</strong></span> <span class='ocrx_word' id='word_1_422' title='bbox 667 1685 673 1706; x_wconf 92' lang='lat'>:</span> <span class='ocrx_word' id='word_1_423' title='bbox 687 1685 788 1716; x_wconf 87' lang='lat' dir='ltr'><strong>quem,</strong></span> <span class='ocrx_word' id='word_1_424' title='bbox 810 1677 861 1716; x_wconf 87' lang='lat' dir='ltr'><strong>qui</strong></span> <span class='ocrx_word' id='word_1_425' title='bbox 904 1679 972 1704; x_wconf 89' lang='lat' dir='ltr'><strong>tunc</strong></span> <span class='ocrx_word' id='word_1_426' title='bbox 987 1684 1051 1714; x_wconf 82' lang='lat' dir='ltr'><strong>quae</strong></span> <span class='ocrx_word' id='word_1_427' title='bbox 1067 1675 1097 1705; x_wconf 87' lang='lat' dir='ltr'><strong>in</strong></span> <span class='ocrx_word' id='word_1_428' title='bbox 1112 1675 1222 1712; x_wconf 87' lang='lat' dir='ltr'><strong>arcula,</strong></span> <span class='ocrx_word' id='word_1_429' title='bbox 1250 1675 1280 1706; x_wconf 93' lang='lat' dir='ltr'><strong>id</strong></span> <span class='ocrx_word' id='word_1_430' title='bbox 1307 1679 1362 1713; x_wconf 87' lang='lat' dir='ltr'><strong>est,</strong></span> <span class='ocrx_word' id='word_1_431' title='bbox 1395 1676 1424 1706; x_wconf 93' lang='lat' dir='ltr'><strong>in</strong></span> <span class='ocrx_word' id='word_1_432' title='bbox 1439 1675 1548 1707; x_wconf 88' lang='lat' dir='ltr'><strong>divinis</strong></span> <span class='ocrx_word' id='word_1_433' title='bbox 1563 1676 1729 1716; x_wconf 87' lang='lat' dir='ltr'><strong>Scripturis</strong></span> 
     </span>
    </p>
   </div>
   <div class='ocr_carea' id='block_1_36' title="bbox 30 1718 1725 1761">
    <p class='ocr_par' dir='ltr' id='par_1_36' title="bbox 30 1718 1725 1761">
     <span class='ocr_line' id='line_1_37' title="bbox 30 1718 1725 1761; baseline 0.003 -14"><span class='ocrx_word' id='word_1_434' title='bbox 30 1719 158 1750; x_wconf 80' lang='lat' dir='ltr'><strong>domum</strong></span> <span class='ocrx_word' id='word_1_435' title='bbox 176 1719 393 1761; x_wconf 80' lang='lat' dir='ltr'><strong>ingrediuntur,</strong></span> <span class='ocrx_word' id='word_1_436' title='bbox 407 1721 507 1751; x_wconf 84' lang='lat' dir='ltr'><strong>videre</strong></span> <span class='ocrx_word' id='word_1_437' title='bbox 519 1724 681 1761; x_wconf 87' lang='lat' dir='ltr'><strong>nequeunt,</strong></span> <span class='ocrx_word' id='word_1_438' title='bbox 693 1721 749 1750; x_wconf 83' lang='lat' dir='ltr'><strong>nisi</strong></span> <span class='ocrx_word' id='word_1_439' title='bbox 760 1721 862 1752; x_wconf 84' lang='lat' dir='ltr'><strong>arcula</strong></span> <span class='ocrx_word' id='word_1_440' title='bbox 902 1718 1725 1760; x_wconf 75' lang='lat' dir='ltr'><strong>ab9conditasuutmysteria,cognoscendointuebimur:</strong></span> 
     </span>
    </p>
   </div>
   <div class='ocr_carea' id='block_1_37' title="bbox 28 1763 1725 1806">
    <p class='ocr_par' dir='ltr' id='par_1_37' title="bbox 28 1763 1725 1806">
     <span class='ocr_line' id='line_1_38' title="bbox 28 1763 1725 1806; baseline 0.002 -13"><span class='ocrx_word' id='word_1_441' title='bbox 28 1764 93 1794; x_wconf 91' lang='lat' dir='ltr'><strong>illis</strong></span> <span class='ocrx_word' id='word_1_442' title='bbox 108 1764 227 1803; x_wconf 82' lang='lat' dir='ltr'><strong>penitus</strong></span> <span class='ocrx_word' id='word_1_443' title='bbox 239 1770 400 1802; x_wconf 79' lang='lat' dir='ltr'><strong>reserctur;</strong></span> <span class='ocrx_word' id='word_1_444' title='bbox 410 1775 496 1806; x_wconf 89' lang='lat' dir='ltr'><strong>quam</strong></span> <span class='ocrx_word' id='word_1_445' title='bbox 505 1765 861 1805; x_wconf 84' lang='lat' dir='ltr'><strong>tamunhumanasapien.</strong></span> <span class='ocrx_word' id='word_1_446' title='bbox 903 1763 990 1794; x_wconf 82' lang='lat' dir='ltr'><strong>aliter</strong></span> <span class='ocrx_word' id='word_1_447' title='bbox 999 1763 1040 1794; x_wconf 81' lang='lat' dir='ltr'><strong>fas</strong></span> <span class='ocrx_word' id='word_1_448' title='bbox 1051 1773 1110 1794; x_wconf 90' lang='lat' dir='ltr'><strong>non</strong></span> <span class='ocrx_word' id='word_1_449' title='bbox 1123 1768 1177 1795; x_wconf 85' lang='lat' dir='ltr'><strong>est.</strong></span> <span class='ocrx_word' id='word_1_450' title='bbox 1195 1764 1287 1796; x_wconf 87' lang='lat' dir='ltr'><strong>Nemo</strong></span> <span class='ocrx_word' id='word_1_451' title='bbox 1300 1769 1388 1804; x_wconf 83' lang='lat' dir='ltr'><strong>erret,</strong></span> <span class='ocrx_word' id='word_1_452' title='bbox 1403 1766 1486 1806; x_wconf 87' lang='lat' dir='ltr'><strong>quasi</strong></span> <span class='ocrx_word' id='word_1_453' title='bbox 1509 1765 1537 1796; x_wconf 91' lang='lat' dir='ltr'><strong>ei</strong></span> <span class='ocrx_word' id='word_1_454' title='bbox 1557 1765 1659 1797; x_wconf 90' lang='lat' dir='ltr'><strong>arcula</strong></span> <span class='ocrx_word' id='word_1_455' title='bbox 1673 1775 1725 1797; x_wconf 90' lang='lat' dir='ltr'><strong>co-</strong></span> 
     </span>
    </p>
   </div>
   <div class='ocr_carea' id='block_1_38' title="bbox 33 1807 1728 1852">
    <p class='ocr_par' dir='ltr' id='par_1_38' title="bbox 33 1807 1728 1852">
     <span class='ocr_line' id='line_1_39' title="bbox 33 1807 1728 1852; baseline 0.004 -16"><span class='ocrx_word' id='word_1_456' title='bbox 33 1807 74 1837; x_wconf 83' lang='lat' dir='ltr'><strong>lia</strong></span> <span class='ocrx_word' id='word_1_457' title='bbox 90 1816 228 1838; x_wconf 85' lang='lat' dir='ltr'><strong>reserare</strong></span> <span class='ocrx_word' id='word_1_458' title='bbox 256 1818 406 1849; x_wconf 87' lang='lat' dir='ltr'><strong>nunquam</strong></span> <span class='ocrx_word' id='word_1_459' title='bbox 429 1809 546 1839; x_wconf 78' lang='lat' dir='ltr'><strong>valebit.</strong></span> <span class='ocrx_word' id='word_1_460' title='bbox 572 1809 716 1846; x_wconf 87' lang='lat' dir='ltr'><strong>Quocirca</strong></span> <span class='ocrx_word' id='word_1_461' title='bbox 740 1809 861 1849; x_wconf 89' lang='lat' dir='ltr'><strong>spiritus</strong></span> <span class='ocrx_word' id='word_1_462' title='bbox 902 1808 1043 1847; x_wconf 84' lang='lat' dir='ltr'><strong>gnitionis</strong></span> <span class='ocrx_word' id='word_1_463' title='bbox 1057 1813 1158 1849; x_wconf 84' lang='lat' dir='ltr'><strong>aperta</strong></span> <span class='ocrx_word' id='word_1_464' title='bbox 1173 1809 1220 1848; x_wconf 89' lang='lat' dir='ltr'><strong>sit,</strong></span> <span class='ocrx_word' id='word_1_465' title='bbox 1238 1813 1268 1841; x_wconf 86' lang='lat' dir='ltr'><strong>et</strong></span> <span class='ocrx_word' id='word_1_466' title='bbox 1290 1810 1377 1841; x_wconf 90' lang='lat' dir='ltr'><strong>bonis</strong></span> <span class='ocrx_word' id='word_1_467' title='bbox 1397 1820 1463 1851; x_wconf 64' lang='lat' dir='ltr'><strong>qua:</strong></span> <span class='ocrx_word' id='word_1_468' title='bbox 1477 1810 1508 1841; x_wconf 90' lang='lat' dir='ltr'><strong>in</strong></span> <span class='ocrx_word' id='word_1_469' title='bbox 1524 1820 1559 1842; x_wconf 88' lang='lat' dir='ltr'><strong>ea</strong></span> <span class='ocrx_word' id='word_1_470' title='bbox 1574 1815 1641 1842; x_wconf 91' lang='lat' dir='ltr'><strong>sunt</strong></span> <span class='ocrx_word' id='word_1_471' title='bbox 1658 1820 1728 1852; x_wconf 84' lang='lat' dir='ltr'><strong>per-</strong></span> 
     </span>
    </p>
   </div>
   <div class='ocr_carea' id='block_1_39' title="bbox 32 1852 1727 1896">
    <p class='ocr_par' dir='ltr' id='par_1_39' title="bbox 32 1852 1727 1896">
     <span class='ocr_line' id='line_1_40' title="bbox 32 1852 1727 1896; baseline 0.004 -16"><span class='ocrx_word' id='word_1_472' title='bbox 32 1861 110 1891; x_wconf 84' lang='lat' dir='ltr'><strong>opes</strong></span> <span class='ocrx_word' id='word_1_473' title='bbox 128 1852 158 1881; x_wconf 95' lang='lat' dir='ltr'><strong>in</strong></span> <span class='ocrx_word' id='word_1_474' title='bbox 177 1861 210 1882; x_wconf 85' lang='lat' dir='ltr'><strong>ea</strong></span> <span class='ocrx_word' id='word_1_475' title='bbox 223 1853 369 1893; x_wconf 64' lang='lat' dir='ltr'><strong>repositae,</strong></span> <span class='ocrx_word' id='word_1_476' title='bbox 399 1854 569 1884; x_wconf 86' lang='lat' dir='ltr'><strong>mortalibus</strong></span> <span class='ocrx_word' id='word_1_477' title='bbox 594 1854 739 1885; x_wconf 79' lang='lat' dir='ltr'><strong>universis</strong></span> <span class='ocrx_word' id='word_1_478' title='bbox 754 1854 861 1893; x_wconf 80' lang='lat' dir='ltr'><strong>igno&#39;ac</strong></span> <span class='ocrx_word' id='word_1_479' title='bbox 902 1852 1035 1890; x_wconf 82' lang='lat' dir='ltr'><strong>fruatur;</strong></span> <span class='ocrx_word' id='word_1_480' title='bbox 1051 1857 1101 1884; x_wconf 90' lang='lat' dir='ltr'><strong>aut</strong></span> <span class='ocrx_word' id='word_1_481' title='bbox 1116 1862 1218 1884; x_wconf 90' lang='lat' dir='ltr'><strong>eorum</strong></span> <span class='ocrx_word' id='word_1_482' title='bbox 1234 1854 1272 1885; x_wconf 90' lang='lat' dir='ltr'><strong>sit</strong></span> <span class='ocrx_word' id='word_1_483' title='bbox 1296 1855 1455 1896; x_wconf 89' lang='lat' dir='ltr'><strong>particeps,</strong></span> <span class='ocrx_word' id='word_1_484' title='bbox 1479 1865 1573 1896; x_wconf 89' lang='lat' dir='ltr'><strong>eaque</strong></span> <span class='ocrx_word' id='word_1_485' title='bbox 1589 1855 1727 1896; x_wconf 87' lang='lat' dir='ltr'><strong>aspiciat.</strong></span> 
     </span>
    </p>
   </div>
   <div class='ocr_carea' id='block_1_40' title="bbox 32 1896 1729 1941">
    <p class='ocr_par' dir='ltr' id='par_1_40' title="bbox 32 1896 1729 1941">
     <span class='ocr_line' id='line_1_41' title="bbox 32 1896 1729 1941; baseline 0.004 -15"><span class='ocrx_word' id='word_1_486' title='bbox 32 1901 171 1926; x_wconf 85' lang='lat' dir='ltr'><strong>manent.</strong></span> <span class='ocrx_word' id='word_1_487' title='bbox 189 1896 223 1926; x_wconf 85' lang='lat' dir='ltr'><strong>Et</strong></span> <span class='ocrx_word' id='word_1_488' title='bbox 237 1898 497 1937; x_wconf 83' lang='lat' dir='ltr'><strong>quemadmodum,</strong></span> <span class='ocrx_word' id='word_1_489' title='bbox 522 1899 590 1929; x_wconf 67' lang='lat' dir='ltr'><strong>licet</strong></span> <span class='ocrx_word' id='word_1_490' title='bbox 613 1900 707 1938; x_wconf 91' lang='lat' dir='ltr'><strong>ipsam</strong></span> <span class='ocrx_word' id='word_1_491' title='bbox 729 1898 860 1929; x_wconf 82' lang='lat' dir='ltr'><strong>arculam</strong></span> <span class='ocrx_word' id='word_1_492' title='bbox 903 1897 1038 1933; x_wconf 61' lang='lat' dir='ltr'><strong>Q&#39;ialium</strong></span> <span class='ocrx_word' id='word_1_493' title='bbox 1054 1907 1135 1935; x_wconf 92' lang='lat' dir='ltr'><strong>vero,</strong></span> <span class='ocrx_word' id='word_1_494' title='bbox 1154 1908 1339 1940; x_wconf 88' lang='lat' dir='ltr'><strong>quorumque</strong></span> <span class='ocrx_word' id='word_1_495' title='bbox 1354 1900 1473 1938; x_wconf 84' lang='lat' dir='ltr'><strong>horum,</strong></span> <span class='ocrx_word' id='word_1_496' title='bbox 1489 1900 1613 1932; x_wconf 88' lang='lat' dir='ltr'><strong>obsecro</strong></span> <span class='ocrx_word' id='word_1_497' title='bbox 1625 1900 1641 1930; x_wconf 79' lang='lat' dir='ltr'><strong>‘l</strong></span> <span class='ocrx_word' id='word_1_498' title='bbox 1658 1910 1729 1941; x_wconf 87' lang='lat' dir='ltr'><strong>per-</strong></span> 
     </span>
    </p>
   </div>
   <div class='ocr_carea' id='block_1_41' title="bbox 32 1942 1732 1985">
    <p class='ocr_par' dir='ltr' id='par_1_41' title="bbox 32 1942 1732 1985">
     <span class='ocr_line' id='line_1_42' title="bbox 32 1942 1732 1985; baseline 0.004 -15"><span class='ocrx_word' id='word_1_499' title='bbox 32 1946 127 1971; x_wconf 88' lang='lat' dir='ltr'><strong>lotam</strong></span> <span class='ocrx_word' id='word_1_500' title='bbox 146 1942 277 1973; x_wconf 87' lang='lat' dir='ltr'><strong>humeris</strong></span> <span class='ocrx_word' id='word_1_501' title='bbox 289 1945 349 1974; x_wconf 89' lang='lat' dir='ltr'><strong>suis</strong></span> <span class='ocrx_word' id='word_1_502' title='bbox 373 1943 541 1984; x_wconf 83' lang='lat' dir='ltr'><strong>impositam</strong></span> <span class='ocrx_word' id='word_1_503' title='bbox 555 1944 620 1985; x_wconf 90' lang='lat' dir='ltr'><strong>quis</strong></span> <span class='ocrx_word' id='word_1_504' title='bbox 637 1945 723 1982; x_wconf 88' lang='lat' dir='ltr'><strong>ferat,</strong></span> <span class='ocrx_word' id='word_1_505' title='bbox 734 1944 860 1974; x_wconf 82' lang='lat' dir='ltr'><strong>locatum</strong></span> <span class='ocrx_word' id='word_1_506' title='bbox 902 1942 987 1973; x_wconf 61' lang='lat' dir='ltr'><strong>fectu;</strong></span> <span class='ocrx_word' id='word_1_507' title='bbox 998 1943 1148 1974; x_wconf 86' lang='lat' dir='ltr'><strong>charitatis</strong></span> <span class='ocrx_word' id='word_1_508' title='bbox 1159 1953 1228 1983; x_wconf 82' lang='lat' dir='ltr'><strong>erga</strong></span> <span class='ocrx_word' id='word_1_509' title='bbox 1239 1944 1344 1982; x_wconf 88' lang='lat' dir='ltr'><strong>Deum,</strong></span> <span class='ocrx_word' id='word_1_510' title='bbox 1357 1948 1386 1976; x_wconf 90' lang='lat' dir='ltr'><strong>et</strong></span> <span class='ocrx_word' id='word_1_511' title='bbox 1402 1945 1582 1985; x_wconf 83' lang='lat' dir='ltr'><strong>proximum.</strong></span> <span class='ocrx_word' id='word_1_512' title='bbox 1592 1945 1732 1977; x_wconf 88' lang='lat' dir='ltr'><strong>Contem-</strong></span> 
     </span>
    </p>
   </div>
   <div class='ocr_carea' id='block_1_42' title="bbox 32 1987 1729 2029">
    <p class='ocr_par' dir='ltr' id='par_1_42' title="bbox 32 1987 1729 2029">
     <span class='ocr_line' id='line_1_43' title="bbox 32 1987 1729 2029; baseline 0.004 -14"><span class='ocrx_word' id='word_1_513' title='bbox 32 1987 64 2015; x_wconf 85' lang='lat' dir='ltr'><strong>in</strong></span> <span class='ocrx_word' id='word_1_514' title='bbox 77 1995 115 2017; x_wconf 87' lang='lat' dir='ltr'><strong>ea</strong></span> <span class='ocrx_word' id='word_1_515' title='bbox 128 1987 298 2017; x_wconf 80' lang='lat' dir='ltr'><strong>thesaurum</strong></span> <span class='ocrx_word' id='word_1_516' title='bbox 313 1988 425 2027; x_wconf 75' lang='lat' dir='ltr'><strong>ignorat</strong></span> <span class='ocrx_word' id='word_1_517' title='bbox 439 1999 445 2020; x_wconf 87' lang='lat'>:</span> <span class='ocrx_word' id='word_1_518' title='bbox 461 1989 515 2026; x_wconf 87' lang='lat' dir='ltr'><strong>sic,</strong></span> <span class='ocrx_word' id='word_1_519' title='bbox 525 1990 767 2029; x_wconf 86' lang='lat' dir='ltr'><strong>etsiquisomnes</strong></span> <span class='ocrx_word' id='word_1_520' title='bbox 779 1987 861 2019; x_wconf 92' lang='lat' dir='ltr'><strong>Scri-</strong></span> <span class='ocrx_word' id='word_1_521' title='bbox 904 1992 970 2026; x_wconf 85' lang='lat' dir='ltr'><strong>ptus</strong></span> <span class='ocrx_word' id='word_1_522' title='bbox 982 1997 1085 2018; x_wconf 87' lang='lat' dir='ltr'><strong>eorum</strong></span> <span class='ocrx_word' id='word_1_523' title='bbox 1095 1998 1160 2028; x_wconf 84' lang='lat' dir='ltr'><strong>quae</strong></span> <span class='ocrx_word' id='word_1_524' title='bbox 1171 1989 1308 2020; x_wconf 88' lang='lat' dir='ltr'><strong>videntur</strong></span> <span class='ocrx_word' id='word_1_525' title='bbox 1320 1989 1471 2028; x_wconf 88' lang='lat' dir='ltr'><strong>omnium;</strong></span> <span class='ocrx_word' id='word_1_526' title='bbox 1490 1990 1729 2022; x_wconf 80' lang='lat' dir='ltr'><strong>mortiﬁcationis</strong></span> 
     </span>
    </p>
   </div>
   <div class='ocr_carea' id='block_1_43' title="bbox 34 2031 1730 2075">
    <p class='ocr_par' dir='ltr' id='par_1_43' title="bbox 34 2031 1730 2075">
     <span class='ocr_line' id='line_1_44' title="bbox 34 2031 1730 2075; baseline 0.003 -14"><span class='ocrx_word' id='word_1_527' title='bbox 34 2036 141 2071; x_wconf 87' lang='lat' dir='ltr'><strong>pluras</strong></span> <span class='ocrx_word' id='word_1_528' title='bbox 157 2031 273 2070; x_wconf 71' lang='lat' dir='ltr'><strong>legerit,</strong></span> <span class='ocrx_word' id='word_1_529' title='bbox 291 2037 319 2063; x_wconf 86' lang='lat' dir='ltr'><strong>et</strong></span> <span class='ocrx_word' id='word_1_530' title='bbox 335 2033 363 2063; x_wconf 89' lang='lat' dir='ltr'><strong>in</strong></span> <span class='ocrx_word' id='word_1_531' title='bbox 378 2038 496 2073; x_wconf 88' lang='lat' dir='ltr'><strong>pectore</strong></span> <span class='ocrx_word' id='word_1_532' title='bbox 511 2034 724 2071; x_wconf 87' lang='lat' dir='ltr'><strong>recoudiderit,</strong></span> <span class='ocrx_word' id='word_1_533' title='bbox 738 2038 766 2064; x_wconf 92' lang='lat' dir='ltr'><strong>et</strong></span> <span class='ocrx_word' id='word_1_534' title='bbox 777 2033 861 2074; x_wconf 85' lang='lat' dir='ltr'><strong>quasi</strong></span> <span class='ocrx_word' id='word_1_535' title='bbox 904 2032 1012 2069; x_wconf 83' lang='lat' dir='ltr'><strong>carnis,</strong></span> <span class='ocrx_word' id='word_1_536' title='bbox 1030 2037 1059 2062; x_wconf 90' lang='lat' dir='ltr'><strong>et</strong></span> <span class='ocrx_word' id='word_1_537' title='bbox 1074 2032 1275 2063; x_wconf 90' lang='lat' dir='ltr'><strong>membrorum</strong></span> <span class='ocrx_word' id='word_1_538' title='bbox 1291 2034 1366 2073; x_wconf 92' lang='lat' dir='ltr'><strong>ejus,</strong></span> <span class='ocrx_word' id='word_1_539' title='bbox 1388 2043 1454 2074; x_wconf 66' lang='lat' dir='ltr'><strong>quas</strong></span> <span class='ocrx_word' id='word_1_540' title='bbox 1477 2038 1546 2065; x_wconf 89' lang='lat' dir='ltr'><strong>sunt</strong></span> <span class='ocrx_word' id='word_1_541' title='bbox 1560 2043 1651 2075; x_wconf 90' lang='lat' dir='ltr'><strong>super</strong></span> <span class='ocrx_word' id='word_1_542' title='bbox 1666 2039 1730 2066; x_wconf 90' lang='lat' dir='ltr'><strong>ter-</strong></span> 
     </span>
    </p>
   </div>
   <div class='ocr_carea' id='block_1_44' title="bbox 31 2077 1726 2120">
    <p class='ocr_par' dir='ltr' id='par_1_44' title="bbox 31 2077 1726 2120">
     <span class='ocr_line' id='line_1_45' title="bbox 31 2077 1726 2120; baseline 0.002 -14"><span class='ocrx_word' id='word_1_543' title='bbox 31 2086 128 2106; x_wconf 90' lang='lat' dir='ltr'><strong>unum</strong></span> <span class='ocrx_word' id='word_1_544' title='bbox 149 2078 295 2116; x_wconf 79' lang='lat' dir='ltr'><strong>psalmum</strong></span> <span class='ocrx_word' id='word_1_545' title='bbox 310 2087 360 2108; x_wconf 87' lang='lat' dir='ltr'><strong>eas</strong></span> <span class='ocrx_word' id='word_1_546' title='bbox 374 2080 501 2109; x_wconf 78' lang='lat' dir='ltr'><strong>recitare</strong></span> <span class='ocrx_word' id='word_1_547' title='bbox 527 2088 560 2109; x_wconf 80' lang='lat' dir='ltr'><strong>ex</strong></span> <span class='ocrx_word' id='word_1_548' title='bbox 589 2079 733 2109; x_wconf 86' lang='lat' dir='ltr'><strong>memoria</strong></span> <span class='ocrx_word' id='word_1_549' title='bbox 759 2077 860 2118; x_wconf 88' lang='lat' dir='ltr'><strong>possit,</strong></span> <span class='ocrx_word' id='word_1_550' title='bbox 905 2085 978 2113; x_wconf 68' lang='lat' dir='ltr'><strong>ram,</strong></span> <span class='ocrx_word' id='word_1_551' title='bbox 993 2086 1084 2117; x_wconf 90' lang='lat' dir='ltr'><strong>usque</strong></span> <span class='ocrx_word' id='word_1_552' title='bbox 1096 2077 1131 2108; x_wconf 88' lang='lat' dir='ltr'><strong>ad</strong></span> <span class='ocrx_word' id='word_1_553' title='bbox 1146 2077 1251 2108; x_wconf 85' lang='lat' dir='ltr'><strong>malam</strong></span> <span class='ocrx_word' id='word_1_554' title='bbox 1261 2078 1453 2118; x_wconf 85' lang='lat' dir='ltr'><strong>cupiditatem</strong></span> <span class='ocrx_word' id='word_1_555' title='bbox 1463 2079 1493 2104; x_wconf 63' lang='grc' dir='ltr'>εὖ</span> <span class='ocrx_word' id='word_1_556' title='bbox 1507 2090 1514 2109; x_wconf 88' lang='lat'><strong>:</strong></span> <span class='ocrx_word' id='word_1_557' title='bbox 1531 2083 1563 2110; x_wconf 90' lang='lat' dir='ltr'><strong>ut</strong></span> <span class='ocrx_word' id='word_1_558' title='bbox 1577 2079 1726 2120; x_wconf 91' lang='lat' dir='ltr'><strong>quomodo</strong></span> 
     </span>
    </p>
   </div>
   <div class='ocr_carea' id='block_1_45' title="bbox 28 2121 1732 2165">
    <p class='ocr_par' dir='ltr' id='par_1_45' title="bbox 28 2121 1732 2165">
     <span class='ocr_line' id='line_1_46' title="bbox 28 2121 1732 2165; baseline 0 -11"><span class='ocrx_word' id='word_1_559' title='bbox 28 2124 242 2154; x_wconf 87' lang='lat' dir='ltr'><strong>absconditum</strong></span> <span class='ocrx_word' id='word_1_560' title='bbox 259 2124 494 2156; x_wconf 85' lang='lat' dir='ltr'><strong>nihilominusin</strong></span> <span class='ocrx_word' id='word_1_561' title='bbox 505 2126 605 2156; x_wconf 89' lang='lat' dir='ltr'><strong>arcula</strong></span> <span class='ocrx_word' id='word_1_562' title='bbox 621 2125 715 2156; x_wconf 84' lang='lat' dir='ltr'><strong>sancti</strong></span> <span class='ocrx_word' id='word_1_563' title='bbox 735 2124 863 2165; x_wconf 86' lang='lat' dir='ltr'><strong>Spiritus</strong></span> <span class='ocrx_word' id='word_1_564' title='bbox 907 2124 1038 2151; x_wconf 83' lang='lat' dir='ltr'><strong>mortuus</strong></span> <span class='ocrx_word' id='word_1_565' title='bbox 1054 2121 1171 2162; x_wconf 87' lang='lat' dir='ltr'><strong>penitus</strong></span> <span class='ocrx_word' id='word_1_566' title='bbox 1189 2131 1244 2153; x_wconf 86' lang='lat' dir='ltr'><strong>nec</strong></span> <span class='ocrx_word' id='word_1_567' title='bbox 1267 2123 1384 2163; x_wconf 79' lang='lat' dir='ltr'><strong>cogitat,</strong></span> <span class='ocrx_word' id='word_1_568' title='bbox 1411 2133 1466 2154; x_wconf 91' lang='lat' dir='ltr'><strong>nec</strong></span> <span class='ocrx_word' id='word_1_569' title='bbox 1491 2124 1582 2155; x_wconf 88' lang='lat' dir='ltr'><strong>sentit</strong></span> <span class='ocrx_word' id='word_1_570' title='bbox 1608 2124 1732 2164; x_wconf 88' lang='lat' dir='ltr'><strong>aliquid,</strong></span> 
     </span>
    </p>
   </div>
   <div class='ocr_carea' id='block_1_46' title="bbox 30 2165 1731 2210">
    <p class='ocr_par' dir='ltr' id='par_1_46' title="bbox 30 2165 1731 2210">
     <span class='ocr_line' id='line_1_47' title="bbox 30 2165 1731 2210; baseline -0.001 -11"><span class='ocrx_word' id='word_1_571' title='bbox 30 2169 149 2199; x_wconf 83' lang='lat' dir='ltr'><strong>donum</strong></span> <span class='ocrx_word' id='word_1_572' title='bbox 172 2169 386 2210; x_wconf 84' lang='lat' dir='ltr'><strong>nescit.Neque</strong></span> <span class='ocrx_word' id='word_1_573' title='bbox 398 2170 477 2201; x_wconf 89' lang='lat' dir='ltr'><strong>enim</strong></span> <span class='ocrx_word' id='word_1_574' title='bbox 486 2180 538 2210; x_wconf 89' lang='lat' dir='ltr'><strong>per</strong></span> <span class='ocrx_word' id='word_1_575' title='bbox 550 2171 681 2201; x_wconf 87' lang='lat' dir='ltr'><strong>arculam</strong></span> <span class='ocrx_word' id='word_1_576' title='bbox 690 2170 863 2210; x_wconf 68' lang='lat' dir='ltr'><strong>quaiinsunt</strong></span> <span class='ocrx_word' id='word_1_577' title='bbox 906 2165 944 2195; x_wconf 75' lang='lat' dir='ltr'><strong>ita</strong></span> <span class='ocrx_word' id='word_1_578' title='bbox 959 2169 988 2196; x_wconf 88' lang='lat' dir='ltr'><strong>et</strong></span> <span class='ocrx_word' id='word_1_579' title='bbox 1000 2175 1052 2196; x_wconf 88' lang='lat' dir='ltr'><strong>nos</strong></span> <span class='ocrx_word' id='word_1_580' title='bbox 1063 2166 1120 2206; x_wconf 70' lang='lat' dir='ltr'><strong>ipsi</strong></span> <span class='ocrx_word' id='word_1_581' title='bbox 1137 2167 1245 2197; x_wconf 87' lang='lat' dir='ltr'><strong>nullam</strong></span> <span class='ocrx_word' id='word_1_582' title='bbox 1263 2167 1470 2206; x_wconf 85' lang='lat' dir='ltr'><strong>cogitationem</strong></span> <span class='ocrx_word' id='word_1_583' title='bbox 1487 2167 1630 2208; x_wconf 80' lang='lat' dir='ltr'><strong>improbae</strong></span> <span class='ocrx_word' id='word_1_584' title='bbox 1643 2167 1731 2208; x_wconf 88' lang='lat' dir='ltr'><strong>cupi-</strong></span> 
     </span>
    </p>
   </div>
   <div class='ocr_carea' id='block_1_47' title="bbox 27 2210 1734 2256">
    <p class='ocr_par' dir='ltr' id='par_1_47' title="bbox 27 2210 1734 2256">
     <span class='ocr_line' id='line_1_48' title="bbox 27 2210 1734 2256; baseline 0.003 -17"><span class='ocrx_word' id='word_1_585' title='bbox 27 2215 58 2244; x_wconf 86' lang='lat' dir='ltr'><strong>in</strong></span> <span class='ocrx_word' id='word_1_586' title='bbox 76 2213 191 2250; x_wconf 63' lang='lat' dir='ltr'><strong>arcula,</strong></span> <span class='ocrx_word' id='word_1_587' title='bbox 211 2224 306 2254; x_wconf 56' lang='lat' dir='ltr'><strong>neque</strong></span> <span class='ocrx_word' id='word_1_588' title='bbox 319 2224 374 2255; x_wconf 81' lang='lat' dir='ltr'><strong>per</strong></span> <span class='ocrx_word' id='word_1_589' title='bbox 388 2215 572 2255; x_wconf 68' lang='lat' dir='ltr'><strong>scripturam</strong></span> <span class='ocrx_word' id='word_1_590' title='bbox 589 2225 654 2256; x_wconf 62' lang='lat' dir='ltr'><strong>qua;</strong></span> <span class='ocrx_word' id='word_1_591' title='bbox 665 2219 734 2245; x_wconf 67' lang='lat' dir='ltr'><strong>sum,</strong></span> <span class='ocrx_word' id='word_1_592' title='bbox 745 2215 776 2244; x_wconf 81' lang='lat' dir='ltr'><strong>in</strong></span> <span class='ocrx_word' id='word_1_593' title='bbox 787 2214 864 2245; x_wconf 82' lang='lat' dir='ltr'><strong>Scri.</strong></span> <span class='ocrx_word' id='word_1_594' title='bbox 877 2210 1016 2256; x_wconf 47' lang='lat' dir='ltr'><strong>“ditatis,</strong></span> <span class='ocrx_word' id='word_1_595' title='bbox 1033 2215 1082 2241; x_wconf 88' lang='lat' dir='ltr'><strong>aut</strong></span> <span class='ocrx_word' id='word_1_596' title='bbox 1103 2220 1208 2242; x_wconf 79' lang='lat' dir='ltr'><strong>sensus</strong></span> <span class='ocrx_word' id='word_1_597' title='bbox 1235 2221 1302 2242; x_wconf 91' lang='lat' dir='ltr'><strong>cum</strong></span> <span class='ocrx_word' id='word_1_598' title='bbox 1334 2212 1555 2251; x_wconf 86' lang='lat' dir='ltr'><strong>perturbatione</strong></span> <span class='ocrx_word' id='word_1_599' title='bbox 1580 2212 1734 2253; x_wconf 83' lang='lat' dir='ltr'><strong>conjuncti</strong></span> 
     </span>
    </p>
   </div>
   <div class='ocr_carea' id='block_1_48' title="bbox 29 2248 1734 2300">
    <p class='ocr_par' dir='ltr' id='par_1_48' title="bbox 29 2248 1734 2300">
     <span class='ocr_line' id='line_1_49' title="bbox 29 2248 1734 2300; baseline 0 -12"><span class='ocrx_word' id='word_1_600' title='bbox 29 2263 132 2298; x_wconf 83' lang='lat' dir='ltr'><strong>plura,</strong></span> <span class='ocrx_word' id='word_1_601' title='bbox 153 2248 325 2290; x_wconf 49' lang='lat' dir='ltr'><strong>mitescunt:</strong></span> <span class='ocrx_word' id='word_1_602' title='bbox 345 2259 422 2290; x_wconf 85' lang='lat' dir='ltr'><strong>Audi</strong></span> <span class='ocrx_word' id='word_1_603' title='bbox 452 2248 577 2300; x_wconf 82' lang='lat' dir='ltr'><strong>quanam</strong></span> <span class='ocrx_word' id='word_1_604' title='bbox 599 2248 730 2290; x_wconf 60' lang='lat' dir='ltr'><strong>ratione.</strong></span> <span class='ocrx_word' id='word_1_605' title='bbox 758 2258 862 2290; x_wconf 87' lang='lat' dir='ltr'><strong>Cernis</strong></span> <span class='ocrx_word' id='word_1_606' title='bbox 875 2248 1028 2300; x_wconf 64' lang='lat' dir='ltr'><strong>Dellinino</strong></span> <span class='ocrx_word' id='word_1_607' title='bbox 1041 2265 1170 2296; x_wconf 59' lang='lat' dir='ltr'><strong>mutuam</strong></span> <span class='ocrx_word' id='word_1_608' title='bbox 1193 2256 1412 2297; x_wconf 83' lang='lat' dir='ltr'><strong>concipiamus;</strong></span> <span class='ocrx_word' id='word_1_609' title='bbox 1433 2262 1483 2288; x_wconf 88' lang='lat' dir='ltr'><strong>aut</strong></span> <span class='ocrx_word' id='word_1_610' title='bbox 1497 2248 1656 2298; x_wconf 64' lang='lat' dir='ltr'><strong>tyrannica:</strong></span> <span class='ocrx_word' id='word_1_611' title='bbox 1673 2262 1734 2288; x_wconf 88' lang='lat' dir='ltr'><strong>tur-</strong></span> 
     </span>
    </p>
   </div>
   <div class='ocr_carea' id='block_1_49' title="bbox 27 2299 1731 2344">
    <p class='ocr_par' dir='ltr' id='par_1_49' title="bbox 27 2299 1731 2344">
     <span class='ocr_line' id='line_1_50' title="bbox 27 2299 1731 2344; baseline 0.003 -10"><span class='ocrx_word' id='word_1_612' title='bbox 27 2313 131 2334; x_wconf 86' lang='lat' dir='ltr'><strong>arcam</strong></span> <span class='ocrx_word' id='word_1_613' title='bbox 145 2303 304 2343; x_wconf 85' lang='lat' dir='ltr'><strong>parvulam,</strong></span> <span class='ocrx_word' id='word_1_614' title='bbox 319 2299 536 2335; x_wconf 85' lang='lat' dir='ltr'><strong>heneclausam</strong></span> <span class='ocrx_word' id='word_1_615' title='bbox 550 2304 690 2344; x_wconf 88' lang='lat' dir='ltr'><strong>nndique,</strong></span> <span class='ocrx_word' id='word_1_616' title='bbox 700 2308 860 2343; x_wconf 87' lang='lat' dir='ltr'><strong>quantum—</strong></span> <span class='ocrx_word' id='word_1_617' title='bbox 904 2299 1146 2344; x_wconf 61' lang='lat' dir='ltr'><strong>bationismalum</strong></span> <span class='ocrx_word' id='word_1_618' title='bbox 1156 2301 1513 2341; x_wconf 67' lang='lat' dir='ltr'><strong>experiamur,9”3nmm</strong></span> <span class='ocrx_word' id='word_1_619' title='bbox 1523 2302 1731 2333; x_wconf 52' lang='lat' dir='ltr'><strong>mandatorum</strong></span> 
     </span>
    </p>
   </div>
   <div class='ocr_carea' id='block_1_50' title="bbox 27 2343 1731 2388">
    <p class='ocr_par' dir='ltr' id='par_1_50' title="bbox 27 2343 1731 2388">
     <span class='ocr_line' id='line_1_51' title="bbox 27 2343 1731 2388; baseline -0.001 -10"><span class='ocrx_word' id='word_1_620' title='bbox 27 2358 87 2388; x_wconf 84' lang='lat' dir='ltr'><strong>que</strong></span> <span class='ocrx_word' id='word_1_621' title='bbox 102 2357 137 2378; x_wconf 85' lang='lat' dir='ltr'><strong>ex</strong></span> <span class='ocrx_word' id='word_1_622' title='bbox 151 2348 217 2387; x_wconf 79' lang='lat' dir='ltr'><strong>ejus</strong></span> <span class='ocrx_word' id='word_1_623' title='bbox 230 2348 371 2388; x_wconf 84' lang='lat' dir='ltr'><strong>pondere,</strong></span> <span class='ocrx_word' id='word_1_624' title='bbox 385 2353 415 2379; x_wconf 87' lang='lat' dir='ltr'><strong>et</strong></span> <span class='ocrx_word' id='word_1_625' title='bbox 427 2349 574 2380; x_wconf 74' lang='lat' dir='ltr'><strong>exteriore</strong></span> <span class='ocrx_word' id='word_1_626' title='bbox 592 2348 737 2386; x_wconf 78' lang='lat' dir='ltr'><strong>elegantia</strong></span> <span class='ocrx_word' id='word_1_627' title='bbox 748 2347 862 2386; x_wconf 79' lang='lat' dir='ltr'><strong>colligis</strong></span> <span class='ocrx_word' id='word_1_628' title='bbox 905 2343 1063 2375; x_wconf 77' lang='lat' dir='ltr'><strong>Salvatoris</strong></span> <span class='ocrx_word' id='word_1_629' title='bbox 1075 2354 1223 2376; x_wconf 91' lang='lat' dir='ltr'><strong>memores</strong></span> <span class='ocrx_word' id='word_1_630' title='bbox 1234 2347 1339 2377; x_wconf 88' lang='lat' dir='ltr'><strong>simus.</strong></span> <span class='ocrx_word' id='word_1_631' title='bbox 1352 2346 1478 2387; x_wconf 89' lang='lat' dir='ltr'><strong>Insuper</strong></span> <span class='ocrx_word' id='word_1_632' title='bbox 1489 2347 1731 2388; x_wconf 83' lang='lat' dir='ltr'><strong>immortalitatis,</strong></span> 
     </span>
    </p>
   </div>
   <div class='ocr_carea' id='block_1_51' title="bbox 29 2388 1730 2432">
    <p class='ocr_par' dir='ltr' id='par_1_51' title="bbox 29 2388 1730 2432">
     <span class='ocr_line' id='line_1_52' title="bbox 29 2388 1730 2432; baseline -0.001 -10"><span class='ocrx_word' id='word_1_633' title='bbox 29 2397 94 2431; x_wconf 58' lang='lat' dir='ltr'><strong>{aut</strong></span> <span class='ocrx_word' id='word_1_634' title='bbox 110 2392 245 2423; x_wconf 83' lang='lat' dir='ltr'><strong>forsitam</strong></span> <span class='ocrx_word' id='word_1_635' title='bbox 257 2393 345 2423; x_wconf 90' lang='lat' dir='ltr'><strong>etiam</strong></span> <span class='ocrx_word' id='word_1_636' title='bbox 367 2393 403 2424; x_wconf 91' lang='lat' dir='ltr'><strong>ab</strong></span> <span class='ocrx_word' id='word_1_637' title='bbox 420 2394 487 2424; x_wconf 86' lang='lat' dir='ltr'><strong>aliis</strong></span> <span class='ocrx_word' id='word_1_638' title='bbox 504 2393 651 2432; x_wconf 84' lang='lat' dir='ltr'><strong>audivisti)</strong></span> <span class='ocrx_word' id='word_1_639' title='bbox 678 2393 778 2424; x_wconf 89' lang='lat' dir='ltr'><strong>credis</strong></span> <span class='ocrx_word' id='word_1_640' title='bbox 794 2393 860 2422; x_wconf 83' lang='lat' dir='ltr'><strong>the-</strong></span> <span class='ocrx_word' id='word_1_641' title='bbox 904 2388 1146 2429; x_wconf 82' lang='lat' dir='ltr'><strong>incorl&#39;uplionis,</strong></span> <span class='ocrx_word' id='word_1_642' title='bbox 1165 2394 1283 2421; x_wconf 69' lang='lat' dir='ltr'><strong>(eterna:</strong></span> <span class='ocrx_word' id='word_1_643' title='bbox 1307 2390 1418 2431; x_wconf 72' lang='lat' dir='ltr'><strong>glorize,</strong></span> <span class='ocrx_word' id='word_1_644' title='bbox 1447 2390 1513 2421; x_wconf 74' lang='lat' dir='ltr'><strong>vitae</strong></span> <span class='ocrx_word' id='word_1_645' title='bbox 1528 2390 1730 2431; x_wconf 61' lang='lat' dir='ltr'><strong>sempiternae,</strong></span> 
     </span>
    </p>
   </div>
   <div class='ocr_carea' id='block_1_52' title="bbox 28 2434 1730 2478">
    <p class='ocr_par' dir='ltr' id='par_1_52' title="bbox 28 2434 1730 2478">
     <span class='ocr_line' id='line_1_53' title="bbox 28 2434 1730 2478; baseline -0.001 -11"><span class='ocrx_word' id='word_1_646' title='bbox 28 2446 156 2467; x_wconf 81' lang='lat' dir='ltr'><strong>saurum</strong></span> <span class='ocrx_word' id='word_1_647' title='bbox 182 2436 364 2468; x_wconf 87' lang='lat' dir='ltr'><strong>intuslatere</strong></span> <span class='ocrx_word' id='word_1_648' title='bbox 382 2448 387 2468; x_wconf 95' lang='lat'>:</span> <span class='ocrx_word' id='word_1_649' title='bbox 406 2447 464 2478; x_wconf 88' lang='lat' dir='ltr'><strong>qua</strong></span> <span class='ocrx_word' id='word_1_650' title='bbox 475 2438 563 2468; x_wconf 75' lang='lat' dir='ltr'><strong>etiam</strong></span> <span class='ocrx_word' id='word_1_651' title='bbox 578 2437 702 2477; x_wconf 85' lang='lat' dir='ltr'><strong>sublata,</strong></span> <span class='ocrx_word' id='word_1_652' title='bbox 721 2437 863 2468; x_wconf 88' lang='lat' dir='ltr'><strong>festinan-</strong></span> <span class='ocrx_word' id='word_1_653' title='bbox 906 2434 988 2472; x_wconf 83' lang='lat' dir='ltr'><strong>regni</strong></span> <span class='ocrx_word' id='word_1_654' title='bbox 1013 2434 1167 2473; x_wconf 72' lang='lat' dir='ltr'><strong>cmlorum,</strong></span> <span class='ocrx_word' id='word_1_655' title='bbox 1197 2435 1364 2476; x_wconf 85' lang='lat' dir='ltr'><strong>adoptionis</strong></span> <span class='ocrx_word' id='word_1_656' title='bbox 1393 2445 1445 2476; x_wconf 88' lang='lat' dir='ltr'><strong>per</strong></span> <span class='ocrx_word' id='word_1_657' title='bbox 1473 2435 1730 2476; x_wconf 84' lang='lat' dir='ltr'><strong>regenerationem</strong></span> 
     </span>
    </p>
   </div>
   <div class='ocr_carea' id='block_1_53' title="bbox 32 2478 1731 2522">
    <p class='ocr_par' dir='ltr' id='par_1_53' title="bbox 32 2478 1731 2522">
     <span class='ocr_line' id='line_1_54' title="bbox 32 2478 1731 2522; baseline -0.001 -10"><span class='ocrx_word' id='word_1_658' title='bbox 32 2487 79 2512; x_wconf 89' lang='lat' dir='ltr'><strong>ter</strong></span> <span class='ocrx_word' id='word_1_659' title='bbox 95 2481 243 2512; x_wconf 86' lang='lat' dir='ltr'><strong>ambulas.</strong></span> <span class='ocrx_word' id='word_1_660' title='bbox 261 2481 352 2512; x_wconf 84' lang='lat' dir='ltr'><strong>Narra</strong></span> <span class='ocrx_word' id='word_1_661' title='bbox 374 2482 462 2521; x_wconf 81' lang='lat' dir='ltr'><strong>igitur</strong></span> <span class='ocrx_word' id='word_1_662' title='bbox 478 2482 562 2522; x_wconf 78' lang='lat' dir='ltr'><strong>mihi,</strong></span> <span class='ocrx_word' id='word_1_663' title='bbox 579 2483 648 2522; x_wconf 85' lang='lat' dir='ltr'><strong>quid</strong></span> <span class='ocrx_word' id='word_1_664' title='bbox 676 2482 820 2522; x_wconf 82' lang='lat' dir='ltr'><strong>proderit,</strong></span> <span class='ocrx_word' id='word_1_665' title='bbox 838 2478 862 2511; x_wconf 87' lang='lat' dir='ltr'><strong>si</strong></span> <span class='ocrx_word' id='word_1_666' title='bbox 905 2478 998 2508; x_wconf 85' lang='lat' dir='ltr'><strong>sancti</strong></span> <span class='ocrx_word' id='word_1_667' title='bbox 1015 2478 1154 2519; x_wconf 88' lang='lat' dir='ltr'><strong>Spiritus,</strong></span> <span class='ocrx_word' id='word_1_668' title='bbox 1173 2484 1201 2510; x_wconf 91' lang='lat' dir='ltr'><strong>et</strong></span> <span class='ocrx_word' id='word_1_669' title='bbox 1216 2484 1247 2510; x_wconf 91' lang='lat' dir='ltr'><strong>ut</strong></span> <span class='ocrx_word' id='word_1_670' title='bbox 1274 2489 1327 2520; x_wconf 89' lang='lat' dir='ltr'><strong>per</strong></span> <span class='ocrx_word' id='word_1_671' title='bbox 1341 2480 1545 2520; x_wconf 86' lang='lat' dir='ltr'><strong>adoptionem,</strong></span> <span class='ocrx_word' id='word_1_672' title='bbox 1564 2483 1593 2510; x_wconf 91' lang='lat' dir='ltr'><strong>et</strong></span> <span class='ocrx_word' id='word_1_673' title='bbox 1606 2479 1731 2519; x_wconf 80' lang='lat' dir='ltr'><strong>gratiam</strong></span> 
     </span>
    </p>
   </div>
   <div class='ocr_carea' id='block_1_54' title="bbox 29 2522 1734 2566">
    <p class='ocr_par' dir='ltr' id='par_1_54' title="bbox 29 2522 1734 2566">
     <span class='ocr_line' id='line_1_55' title="bbox 29 2522 1734 2566; baseline 0.001 -11"><span class='ocrx_word' id='word_1_674' title='bbox 29 2525 231 2565; x_wconf 74' lang='lat' dir='ltr'><strong>obsignatam,</strong></span> <span class='ocrx_word' id='word_1_675' title='bbox 247 2529 276 2555; x_wconf 91' lang='lat' dir='ltr'><strong>et</strong></span> <span class='ocrx_word' id='word_1_676' title='bbox 287 2525 415 2556; x_wconf 85' lang='lat' dir='ltr'><strong>clausam</strong></span> <span class='ocrx_word' id='word_1_677' title='bbox 428 2526 523 2566; x_wconf 88' lang='lat' dir='ltr'><strong>ipsam</strong></span> <span class='ocrx_word' id='word_1_678' title='bbox 545 2528 637 2557; x_wconf 90' lang='lat' dir='ltr'><strong>solam</strong></span> <span class='ocrx_word' id='word_1_679' title='bbox 662 2526 692 2556; x_wconf 92' lang='lat' dir='ltr'><strong>in</strong></span> <span class='ocrx_word' id='word_1_680' title='bbox 711 2526 792 2556; x_wconf 91' lang='lat' dir='ltr'><strong>omni</strong></span> <span class='ocrx_word' id='word_1_681' title='bbox 807 2525 865 2555; x_wconf 85' lang='lat' dir='ltr'><strong>vita</strong></span> <span class='ocrx_word' id='word_1_682' title='bbox 905 2522 946 2552; x_wconf 90' lang='lat' dir='ltr'><strong>dii</strong></span> <span class='ocrx_word' id='word_1_683' title='bbox 962 2523 1078 2560; x_wconf 84' lang='lat' dir='ltr'><strong>ﬁamus,</strong></span> <span class='ocrx_word' id='word_1_684' title='bbox 1093 2533 1291 2565; x_wconf 89' lang='lat' dir='ltr'><strong>vocemurque</strong></span> <span class='ocrx_word' id='word_1_685' title='bbox 1312 2525 1446 2556; x_wconf 71' lang='lat' dir='ltr'><strong>haeredes</strong></span> <span class='ocrx_word' id='word_1_686' title='bbox 1472 2524 1536 2565; x_wconf 90' lang='lat' dir='ltr'><strong>Dei,</strong></span> <span class='ocrx_word' id='word_1_687' title='bbox 1561 2525 1734 2556; x_wconf 65' lang='lat' dir='ltr'><strong>cohzeredes</strong></span> 
     </span>
    </p>
   </div>
   <div class='ocr_carea' id='block_1_55' title="bbox 29 2567 1732 2610">
    <p class='ocr_par' dir='ltr' id='par_1_55' title="bbox 29 2567 1732 2610">
     <span class='ocr_line' id='line_1_56' title="bbox 29 2567 1732 2610; baseline 0.001 -10"><span class='ocrx_word' id='word_1_688' title='bbox 29 2570 239 2606; x_wconf 81' lang='lat' dir='ltr'><strong>circumferas,</strong></span> <span class='ocrx_word' id='word_1_689' title='bbox 258 2579 313 2600; x_wconf 93' lang='lat' dir='ltr'><strong>nec</strong></span> <span class='ocrx_word' id='word_1_690' title='bbox 336 2571 464 2610; x_wconf 86' lang='lat' dir='ltr'><strong>aperias,</strong></span> <span class='ocrx_word' id='word_1_691' title='bbox 492 2580 547 2600; x_wconf 85' lang='lat' dir='ltr'><strong>nec</strong></span> <span class='ocrx_word' id='word_1_692' title='bbox 576 2570 734 2610; x_wconf 86' lang='lat' dir='ltr'><strong>aliquando</strong></span> <span class='ocrx_word' id='word_1_693' title='bbox 750 2569 861 2600; x_wconf 89' lang='lat' dir='ltr'><strong>ibidem</strong></span> <span class='ocrx_word' id='word_1_694' title='bbox 905 2571 1004 2598; x_wconf 88' lang='lat' dir='ltr'><strong>autem</strong></span> <span class='ocrx_word' id='word_1_695' title='bbox 1021 2567 1132 2600; x_wconf 84' lang='lat' dir='ltr'><strong>Christi</strong></span> <span class='ocrx_word' id='word_1_696' title='bbox 1144 2569 1195 2607; x_wconf 68' lang='grc'><strong>24,</strong></span> <span class='ocrx_word' id='word_1_697' title='bbox 1221 2573 1250 2600; x_wconf 92' lang='lat' dir='ltr'><strong>et</strong></span> <span class='ocrx_word' id='word_1_698' title='bbox 1266 2579 1324 2600; x_wconf 93' lang='lat' dir='ltr'><strong>una</strong></span> <span class='ocrx_word' id='word_1_699' title='bbox 1339 2579 1406 2600; x_wconf 90' lang='lat' dir='ltr'><strong>cum</strong></span> <span class='ocrx_word' id='word_1_700' title='bbox 1423 2569 1470 2600; x_wconf 92' lang='lat' dir='ltr'><strong>his</strong></span> <span class='ocrx_word' id='word_1_701' title='bbox 1486 2569 1596 2601; x_wconf 91' lang='lat' dir='ltr'><strong>Christi</strong></span> <span class='ocrx_word' id='word_1_702' title='bbox 1611 2579 1732 2601; x_wconf 88' lang='lat' dir='ltr'><strong>sensum</strong></span> 
     </span>
    </p>
   </div>
   <div class='ocr_carea' id='block_1_56' title="bbox 31 2613 1737 2656">
    <p class='ocr_par' dir='ltr' id='par_1_56' title="bbox 31 2613 1737 2656">
     <span class='ocr_line' id='line_1_57' title="bbox 31 2613 1737 2656; baseline 0.001 -12"><span class='ocrx_word' id='word_1_703' title='bbox 31 2615 198 2654; x_wconf 77' lang='lat' dir='ltr'><strong>repositum</strong></span> <span class='ocrx_word' id='word_1_704' title='bbox 216 2614 387 2645; x_wconf 86' lang='lat' dir='ltr'><strong>thesaurum</strong></span> <span class='ocrx_word' id='word_1_705' title='bbox 409 2614 577 2654; x_wconf 85' lang='lat' dir='ltr'><strong>inspicias?</strong></span> <span class='ocrx_word' id='word_1_706' title='bbox 601 2615 624 2645; x_wconf 92' lang='lat' dir='ltr'><strong>si</strong></span> <span class='ocrx_word' id='word_1_707' title='bbox 646 2613 813 2654; x_wconf 85' lang='lat' dir='ltr'><strong>lapillorum</strong></span> <span class='ocrx_word' id='word_1_708' title='bbox 830 2613 859 2643; x_wconf 93' lang='lat' dir='ltr'><strong>in</strong></span> <span class='ocrx_word' id='word_1_709' title='bbox 906 2613 1124 2654; x_wconf 86' lang='lat' dir='ltr'><strong>possideamus,</strong></span> <span class='ocrx_word' id='word_1_710' title='bbox 1142 2625 1194 2656; x_wconf 89' lang='lat' dir='ltr'><strong>per</strong></span> <span class='ocrx_word' id='word_1_711' title='bbox 1207 2625 1295 2656; x_wconf 90' lang='lat' dir='ltr'><strong>quem</strong></span> <span class='ocrx_word' id='word_1_712' title='bbox 1310 2615 1418 2653; x_wconf 93' lang='lat' dir='ltr'><strong>Deum,</strong></span> <span class='ocrx_word' id='word_1_713' title='bbox 1431 2619 1460 2646; x_wconf 89' lang='lat' dir='ltr'><strong>et</strong></span> <span class='ocrx_word' id='word_1_714' title='bbox 1474 2615 1621 2647; x_wconf 87' lang='lat' dir='ltr'><strong>Christum</strong></span> <span class='ocrx_word' id='word_1_715' title='bbox 1635 2616 1737 2656; x_wconf 90' lang='lat' dir='ltr'><strong>ipsum</strong></span> 
     </span>
    </p>
   </div>
   <div class='ocr_carea' id='block_1_57' title="bbox 32 2658 1737 2698">
    <p class='ocr_par' dir='ltr' id='par_1_57' title="bbox 32 2658 1737 2698">
     <span class='ocr_line' id='line_1_58' title="bbox 32 2658 1737 2698; baseline 0.001 -9"><span class='ocrx_word' id='word_1_716' title='bbox 32 2670 67 2689; x_wconf 76' lang='lat' dir='ltr'><strong>ea</strong></span> <span class='ocrx_word' id='word_1_717' title='bbox 83 2659 241 2698; x_wconf 77' lang='lat' dir='ltr'><strong>fulgorem,</strong></span> <span class='ocrx_word' id='word_1_718' title='bbox 260 2659 485 2697; x_wconf 66' lang='lat' dir='ltr'><strong>margaritarum</strong></span> <span class='ocrx_word' id='word_1_719' title='bbox 499 2658 674 2695; x_wconf 83' lang='lat' dir='ltr'><strong>claritatem,</strong></span> <span class='ocrx_word' id='word_1_720' title='bbox 689 2658 753 2689; x_wconf 90' lang='lat' dir='ltr'><strong>auri</strong></span> <span class='ocrx_word' id='word_1_721' title='bbox 769 2667 858 2688; x_wconf 85' lang='lat' dir='ltr'><strong>coru—</strong></span> <span class='ocrx_word' id='word_1_722' title='bbox 907 2659 1071 2689; x_wconf 89' lang='lat' dir='ltr'><strong>secundum</strong></span> <span class='ocrx_word' id='word_1_723' title='bbox 1089 2659 1272 2690; x_wconf 88' lang='lat' dir='ltr'><strong>divinitatem</strong></span> <span class='ocrx_word' id='word_1_724' title='bbox 1296 2659 1374 2690; x_wconf 91' lang='lat' dir='ltr'><strong>inter</strong></span> <span class='ocrx_word' id='word_1_725' title='bbox 1404 2669 1458 2691; x_wconf 90' lang='lat' dir='ltr'><strong>nos</strong></span> <span class='ocrx_word' id='word_1_726' title='bbox 1487 2659 1682 2697; x_wconf 88' lang='lat' dir='ltr'><strong>habitantem,</strong></span> <span class='ocrx_word' id='word_1_727' title='bbox 1706 2663 1737 2691; x_wconf 88' lang='lat' dir='ltr'><strong>et</strong></span> 
     </span>
    </p>
   </div>
   <div class='ocr_carea' id='block_1_58' title="bbox 33 2702 1736 2744">
    <p class='ocr_par' dir='ltr' id='par_1_58' title="bbox 33 2702 1736 2744">
     <span class='ocr_line' id='line_1_59' title="bbox 33 2702 1736 2744; baseline 0.001 -10"><span class='ocrx_word' id='word_1_728' title='bbox 33 2713 116 2734; x_wconf 73' lang='lat' dir='ltr'><strong>scum</strong></span> <span class='ocrx_word' id='word_1_729' title='bbox 134 2703 324 2743; x_wconf 87' lang='lat' dir='ltr'><strong>splendorem</strong></span> <span class='ocrx_word' id='word_1_730' title='bbox 343 2713 399 2733; x_wconf 91' lang='lat' dir='ltr'><strong>non</strong></span> <span class='ocrx_word' id='word_1_731' title='bbox 416 2703 515 2735; x_wconf 87' lang='lat' dir='ltr'><strong>videas</strong></span> <span class='ocrx_word' id='word_1_732' title='bbox 527 2703 542 2733; x_wconf 84' lang='lat'><strong>‘?</strong></span> <span class='ocrx_word' id='word_1_733' title='bbox 557 2703 626 2739; x_wconf 86' lang='lat' dir='ltr'><strong>Quis</strong></span> <span class='ocrx_word' id='word_1_734' title='bbox 639 2704 761 2743; x_wconf 91' lang='lat' dir='ltr'><strong>fructus,</strong></span> <span class='ocrx_word' id='word_1_735' title='bbox 774 2702 857 2733; x_wconf 90' lang='lat' dir='ltr'><strong>sidi-</strong></span> <span class='ocrx_word' id='word_1_736' title='bbox 906 2703 1106 2734; x_wconf 89' lang='lat' dir='ltr'><strong>ambulantem</strong></span> <span class='ocrx_word' id='word_1_737' title='bbox 1123 2703 1284 2742; x_wconf 87' lang='lat' dir='ltr'><strong>videamus,</strong></span> <span class='ocrx_word' id='word_1_738' title='bbox 1298 2708 1327 2735; x_wconf 92' lang='lat' dir='ltr'><strong>et</strong></span> <span class='ocrx_word' id='word_1_739' title='bbox 1337 2713 1564 2744; x_wconf 82' lang='lat' dir='ltr'><strong>cognoscamus.</strong></span> <span class='ocrx_word' id='word_1_740' title='bbox 1581 2704 1634 2735; x_wconf 85' lang='lat' dir='ltr'><strong>His</strong></span> <span class='ocrx_word' id='word_1_741' title='bbox 1643 2703 1736 2744; x_wconf 84' lang='lat' dir='ltr'><strong>igitur</strong></span> 
     </span>
    </p>
   </div>
   <div class='ocr_carea' id='block_1_59' title="bbox 33 2747 1738 2790">
    <p class='ocr_par' dir='ltr' id='par_1_59' title="bbox 33 2747 1738 2790">
     <span class='ocr_line' id='line_1_60' title="bbox 33 2747 1738 2790; baseline 0.001 -12"><span class='ocrx_word' id='word_1_742' title='bbox 33 2757 111 2788; x_wconf 77' lang='lat' dir='ltr'><strong>gnus</strong></span> <span class='ocrx_word' id='word_1_743' title='bbox 123 2758 181 2779; x_wconf 93' lang='lat' dir='ltr'><strong>non</strong></span> <span class='ocrx_word' id='word_1_744' title='bbox 205 2748 256 2785; x_wconf 88' lang='lat' dir='ltr'><strong>sis,</strong></span> <span class='ocrx_word' id='word_1_745' title='bbox 279 2747 329 2788; x_wconf 93' lang='lat' dir='ltr'><strong>qui</strong></span> <span class='ocrx_word' id='word_1_746' title='bbox 345 2757 380 2778; x_wconf 83' lang='lat' dir='ltr'><strong>ex</strong></span> <span class='ocrx_word' id='word_1_747' title='bbox 395 2748 430 2778; x_wconf 91' lang='lat' dir='ltr'><strong>iis</strong></span> <span class='ocrx_word' id='word_1_748' title='bbox 448 2749 493 2779; x_wconf 86' lang='lat' dir='ltr'><strong>vel</strong></span> <span class='ocrx_word' id='word_1_749' title='bbox 511 2748 671 2789; x_wconf 83' lang='lat' dir='ltr'><strong>pauxillum</strong></span> <span class='ocrx_word' id='word_1_750' title='bbox 685 2748 812 2785; x_wconf 87' lang='lat' dir='ltr'><strong>auferas,</strong></span> <span class='ocrx_word' id='word_1_751' title='bbox 831 2750 860 2778; x_wconf 88' lang='lat' dir='ltr'><strong>et</strong></span> <span class='ocrx_word' id='word_1_752' title='bbox 903 2747 1054 2786; x_wconf 89' lang='lat' dir='ltr'><strong>omnibus,</strong></span> <span class='ocrx_word' id='word_1_753' title='bbox 1072 2752 1100 2779; x_wconf 88' lang='lat' dir='ltr'><strong>et</strong></span> <span class='ocrx_word' id='word_1_754' title='bbox 1116 2748 1162 2780; x_wconf 90' lang='lat' dir='ltr'><strong>his</strong></span> <span class='ocrx_word' id='word_1_755' title='bbox 1179 2749 1353 2789; x_wconf 84' lang='lat' dir='ltr'><strong>majoribus,</strong></span> <span class='ocrx_word' id='word_1_756' title='bbox 1371 2755 1455 2790; x_wconf 60' lang='lat' dir='ltr'><strong>{quae</strong></span> <span class='ocrx_word' id='word_1_757' title='bbox 1477 2749 1576 2780; x_wconf 82' lang='lat' dir='ltr'><strong>verbis</strong></span> <span class='ocrx_word' id='word_1_758' title='bbox 1599 2757 1738 2790; x_wconf 87' lang='lat' dir='ltr'><strong>compre-</strong></span> 
     </span>
    </p>
   </div>
   <div class='ocr_carea' id='block_1_60' title="bbox 35 2791 1733 2835">
    <p class='ocr_par' dir='ltr' id='par_1_60' title="bbox 35 2791 1733 2835">
     <span class='ocr_line' id='line_1_61' title="bbox 35 2791 1733 2835; baseline 0.001 -12"><span class='ocrx_word' id='word_1_759' title='bbox 35 2794 107 2824; x_wconf 90' lang='lat' dir='ltr'><strong>inde</strong></span> <span class='ocrx_word' id='word_1_760' title='bbox 123 2793 161 2824; x_wconf 85' lang='lat' dir='ltr'><strong>ad</strong></span> <span class='ocrx_word' id='word_1_761' title='bbox 177 2791 286 2823; x_wconf 89' lang='lat' dir='ltr'><strong>victum</strong></span> <span class='ocrx_word' id='word_1_762' title='bbox 297 2791 470 2824; x_wconf 87' lang='lat' dir='ltr'><strong>vestitumve</strong></span> <span class='ocrx_word' id='word_1_763' title='bbox 481 2793 592 2834; x_wconf 87' lang='lat' dir='ltr'><strong>aliquid</strong></span> <span class='ocrx_word' id='word_1_764' title='bbox 605 2792 753 2824; x_wconf 91' lang='lat' dir='ltr'><strong>commodi</strong></span> <span class='ocrx_word' id='word_1_765' title='bbox 766 2793 858 2833; x_wconf 91' lang='lat' dir='ltr'><strong>perci-</strong></span> <span class='ocrx_word' id='word_1_766' title='bbox 902 2792 994 2823; x_wconf 86' lang='lat' dir='ltr'><strong>hendi</strong></span> <span class='ocrx_word' id='word_1_767' title='bbox 1010 2797 1039 2824; x_wconf 90' lang='lat' dir='ltr'><strong>et</strong></span> <span class='ocrx_word' id='word_1_768' title='bbox 1052 2793 1195 2834; x_wconf 83' lang='lat' dir='ltr'><strong>explicari</strong></span> <span class='ocrx_word' id='word_1_769' title='bbox 1208 2798 1372 2835; x_wconf 90' lang='lat' dir='ltr'><strong>nequeunt,</strong></span> <span class='ocrx_word' id='word_1_770' title='bbox 1390 2794 1527 2826; x_wconf 86' lang='lat' dir='ltr'><strong>mandata</strong></span> <span class='ocrx_word' id='word_1_771' title='bbox 1538 2794 1593 2827; x_wconf 88' lang='lat' dir='ltr'><strong>Dei</strong></span> <span class='ocrx_word' id='word_1_772' title='bbox 1604 2793 1733 2826; x_wconf 87' lang='lat' dir='ltr'><strong>audien-</strong></span> 
     </span>
    </p>
   </div>
   <div class='ocr_carea' id='block_1_61' title="bbox 79 2858 862 2903">
    <p class='ocr_par' dir='ltr' id='par_1_61' title="bbox 79 2858 861 2903">
     <span class='ocr_line' id='line_1_62' title="bbox 79 2858 861 2903; baseline 0.003 -13"><span class='ocrx_word' id='word_1_773' title='bbox 79 2859 105 2881; x_wconf 80' lang='grc' dir='ltr'><strong>ιε</strong></span> <span class='ocrx_word' id='word_1_774' title='bbox 118 2859 344 2903; x_wconf 46' lang='lat' dir='ltr'><strong>PsalLLxxgm,</strong></span> <span class='ocrx_word' id='word_1_775' title='bbox 362 2861 391 2891; x_wconf 85' lang='lat'><strong>6.</strong></span> <span class='ocrx_word' id='word_1_776' title='bbox 437 2860 488 2892; x_wconf 71' lang='grc' dir='ltr'><strong>1θΙ</strong></span> <span class='ocrx_word' id='word_1_777' title='bbox 504 2861 571 2892; x_wconf 87' lang='lat' dir='ltr'><strong>Cor.</strong></span> <span class='ocrx_word' id='word_1_778' title='bbox 588 2869 622 2898; x_wconf 84' lang='grc' dir='ltr'><strong>ιι,</strong></span> <span class='ocrx_word' id='word_1_779' title='bbox 637 2861 687 2892; x_wconf 83' lang='grc'><strong>10.</strong></span> <span class='ocrx_word' id='word_1_780' title='bbox 729 2859 761 2886; x_wconf 67' lang='lat'><strong>20</strong></span> <span class='ocrx_word' id='word_1_781' title='bbox 773 2858 861 2892; x_wconf 80' lang='lat' dir='ltr'><strong>Joan.</strong></span> 
     </span>
    </p>
   </div>
   <div class='ocr_carea' id='block_1_62' title="bbox 952 2858 1735 2903">
    <p class='ocr_par' dir='ltr' id='par_1_62' title="bbox 952 2859 1735 2903">
     <span class='ocr_line' id='line_1_63' title="bbox 952 2859 1735 2903; baseline 0.003 -11"><span class='ocrx_word' id='word_1_782' title='bbox 952 2861 976 2892; x_wconf 71' lang='lat'><strong>9.</strong></span> <span class='ocrx_word' id='word_1_783' title='bbox 1020 2860 1046 2885; x_wconf 73' lang='grc'>²¹</span> <span class='ocrx_word' id='word_1_784' title='bbox 1062 2859 1150 2894; x_wconf 85' lang='lat' dir='ltr'><strong>Joan.</strong></span> <span class='ocrx_word' id='word_1_785' title='bbox 1167 2870 1209 2903; x_wconf 79' lang='lat' dir='ltr'><strong>vx,</strong></span> <span class='ocrx_word' id='word_1_786' title='bbox 1227 2861 1276 2894; x_wconf 88' lang='grc'><strong>64.</strong></span> <span class='ocrx_word' id='word_1_787' title='bbox 1323 2861 1354 2888; x_wconf 66' lang='grc'>22</span> <span class='ocrx_word' id='word_1_788' title='bbox 1366 2861 1524 2901; x_wconf 72' lang='lat' dir='ltr'><strong>Joan.11v,</strong></span> <span class='ocrx_word' id='word_1_789' title='bbox 1540 2861 1591 2893; x_wconf 87' lang='lat' dir='ltr'><strong>3t.</strong></span> <span class='ocrx_word' id='word_1_790' title='bbox 1677 2860 1735 2894; x_wconf 87' lang='lat' dir='ltr'><strong>Go-</strong></span> 
     </span>
    </p>
   </div>
   <div class='ocr_carea' id='block_1_63' title="bbox 36 2899 556 2939">
    <p class='ocr_par' dir='ltr' id='par_1_63' title="bbox 36 2899 556 2939">
     <span class='ocr_line' id='line_1_64' title="bbox 36 2899 556 2939; baseline 0.004 -8"><span class='ocrx_word' id='word_1_791' title='bbox 36 2901 112 2933; x_wconf 86' lang='lat' dir='ltr'><strong>loss.</strong></span> <span class='ocrx_word' id='word_1_792' title='bbox 129 2909 171 2932; x_wconf 87' lang='lat' dir='ltr'><strong>Ill.</strong></span> <span class='ocrx_word' id='word_1_793' title='bbox 191 2899 221 2931; x_wconf 82' lang='lat'><strong>5.</strong></span> <span class='ocrx_word' id='word_1_794' title='bbox 265 2900 296 2926; x_wconf 68' lang='grc'><strong>24</strong></span> <span class='ocrx_word' id='word_1_795' title='bbox 311 2901 399 2934; x_wconf 80' lang='lat' dir='ltr'><strong>Rom.</strong></span> <span class='ocrx_word' id='word_1_796' title='bbox 416 2909 483 2939; x_wconf 80' lang='lat' dir='ltr'><strong>vui,</strong></span> <span class='ocrx_word' id='word_1_797' title='bbox 509 2902 556 2933; x_wconf 86' lang='grc'><strong>17.</strong></span> 
     </span>
    </p>
   </div>
  </div>
