1983 3072
245 190 306 226 403

896 192 1049 225 SYMEON
1052 189 1086 223 IS
1106 190 1122 224 J
1126 192 1283 225 UNIORIS

1881 191 1944 224 404

244 264 301 299 tes,
318 269 414 301 eaque
429 259 633 292 custodientes
647 269 682 292 ac
698 259 853 299 facientes,
871 270 926 302 per
939 264 1072 302 apertam
1082 269 1104 289 Α
1114 268 1172 300 que
1187 259 1219 290 in
1234 259 1307 300 ipsis
1319 262 1366 291 est
1389 260 1512 300 gloriam
1533 260 1657 301 mystice
1680 260 1944 291 demonstrantem

244 314 356 343 arcam,
369 304 407 336 de
420 314 478 346 qua
493 304 585 336 locuti
602 314 717 342 sumus,
737 304 766 336 id
783 309 838 346 est,
855 315 909 346 per
918 305 1072 337 revelatio-

244 360 315 382 nem
329 349 562 389 intelligibilium
590 350 757 389 oculorum,
780 350 887 381 intuitu
915 350 946 381 in
973 350 1072 381 divina

244 394 400 436 Scriptura
410 394 563 426 latentium
576 394 658 434 digni
679 394 839 432 habentur,
855 398 884 426 et
898 394 935 425 iis
948 394 1071 435 largiter

243 440 393 471 fruuntur.
409 439 514 471 Caeteri
524 439 624 479 omnia
639 449 704 480 quae
725 439 835 480 scripta
851 444 920 470 sunt
934 440 1071 480 imperite

243 484 426 522 nescientes,
435 493 537 515 eorum
543 484 732 516 dulcedinem
740 484 827 515 vitam
839 488 1070 516 mternamcom-

244 530 424 571 plectentem
450 539 509 560 non
538 533 738 569 gustaverunt,
765 529 821 560 soli
851 528 1069 569 Scripturarum

244 574 388 606 doctrina:
398 574 570 615 innitentes,
578 584 653 615 quos
664 574 727 615 ipsa
738 574 768 605 in
780 574 870 615 exitu,
885 576 1069 615 magisquam

245 629 297 651 eos
309 619 360 661 qui
372 619 493 650 omnino
504 629 564 650 non
577 619 747 657 audierunt,
761 619 942 659 judicatura,
956 623 985 650 et
995 629 1068 650 con-

245 665 423 696 demnatura
437 667 491 695 est.
509 663 550 695 Ex
565 664 613 695 his
625 665 704 695 enim
715 664 834 705 quidam
848 668 991 702 errantes,
1009 673 1070 694 om-

245 719 300 742 nes
315 709 429 740 divinas
458 708 626 749 Scripturas
642 712 822 749 pervertunt,
841 718 890 740 eas
906 709 1070 740 secundum

247 764 350 796 pravas
365 754 496 795 ipsorum
521 754 699 794 cupiditates
721 753 965 793 interpretantes,
987 763 1071 784 com-

248 799 391 831 mendare
405 799 537 830 volentes
553 799 689 840 seipsos;
717 798 803 839 quasi
826 798 966 829 nimirum
982 799 1070 829 etiam

247 844 313 876 sine
336 848 473 876 accurata
497 843 703 874 mendatorum
719 842 843 882 LChristi
867 842 1072 874 observatione

1111 304 1260 336 habuerit.
1278 306 1383 345 Neque
1394 305 1451 336 hoc
1461 305 1571 346 solum,
1583 305 1634 336 sed
1648 305 1736 336 etiam
1747 304 1776 335 in
1787 304 1833 336 his
1845 304 1946 335 laten-

1111 350 1162 387 tia,
1181 354 1210 380 et
1223 352 1336 382 aeterna
1352 350 1405 382 Dei
1420 350 1508 386 bona,
1526 360 1592 381 cum
1608 349 1673 391 ipsa
1688 351 1750 381 hzec
1765 348 1944 380 eﬂ‘undente

1111 394 1226 425 Deitate
1235 395 1429 426 revelantem:
1442 405 1507 436 quae
1518 395 1657 426 omnibus
1669 393 1941 434 contemptoribus,

1113 444 1141 470 et
1156 440 1422 480 negligentioribus
1446 445 1549 481 operta
1564 444 1595 472 et
1609 440 1735 471 obscura
1751 442 1821 471 sunt
1835 439 1940 470 omni-

1113 484 1220 516 modis.
1236 484 1296 516 Nec
1314 485 1434 525 injuria.
1451 485 1524 522 Quia
1539 486 1618 517 enim
1629 495 1736 516 sensus
1749 494 1820 516 SUOS
1833 493 1943 515 omnes

1112 530 1215 560 mundi
1242 529 1420 560 vanitatibus
1446 530 1618 567 afﬁxerunt,
1649 534 1678 561 et
1702 529 1943 569 jucunditatibus

1110 574 1188 614 vitae,
1198 584 1415 615 corporumque
1421 574 1943 615 pulchritudineafficiuntur,animae

1111 619 1230 650 videndi
1242 620 1411 650 facultatem
1423 620 1881 660 caliginosamcircumfereutes,
1894 619 1942 649 in-

1112 664 1322 695 enarrabilium
1336 665 1480 695 bonorum
1494 664 1665 705 elegantias,
1678 665 1715 696 ad
1736 673 1810 705 quas
1821 663 1942 694 intelli-

1112 709 1211 748 gentia
1227 712 1414 749 penetratur,
1431 709 1540 741 intueri
1555 714 1717 751 nequeunt.
1735 710 1771 741 Et
1786 708 1941 749 quomodo

1113 753 1160 784 cui
1175 753 1280 784 obtusa
1295 757 1342 784 est
1356 754 1435 784 acies
1459 754 1625 793 oculorum,
1652 764 1708 786 nec
1725 754 1829 785 leviter
1843 757 1944 793 potest

1114 798 1261 838 puriorem
1288 798 1359 829 solis
1383 798 1499 829 radium
1526 799 1670 839 aspicere,
1695 799 1747 830 sed
1763 798 1788 830 si
1803 799 1833 829 in
1851 797 1941 828 illum

1113 843 1213 873 oculos
1237 842 1384 879 intendat,
1413 844 1511 874 statim
1536 854 1623 885 quem
1652 844 1754 875 habuit
1782 847 1941 884 aspectum

247 890 373 921 salutem
388 888 522 930 adepturi
538 888 608 926 sint,
623 888 761 933 virtutem
777 892 945 933 sanctarum
961 887 1102 933 littera-B
1114 887 1200 927 plane
1213 887 1321 918 amittit
1338 898 1345 918 :
1363 888 1405 919 sic
1421 898 1527 929 nempe
1543 889 1593 929 qui
1614 889 1730 920 vitiatos
1753 887 1844 919 animi
1859 897 1939 933 ocu-

246 944 313 966 rum
329 934 460 965 funditus
483 934 676 973 abnegantes.
702 932 738 963 Et
766 932 883 964 merito.
913 932 1073 973 Obsignata

248 979 341 1017 enim,
360 982 389 1010 et
402 978 512 1019 clausa,
524 987 589 1019 quae
600 977 674 1009 nulli
685 977 853 1008 mortalium
870 987 925 1008 nec
940 977 1001 1008 visa
1016 987 1072 1009 nec

247 1023 366 1063 cognita
376 1028 456 1062 sunt,
468 1033 486 1054 a
495 1023 558 1054 solo
577 1027 675 1055 autem
691 1026 792 1053 sancto
805 1022 915 1062 Spiritu
930 1027 1070 1061 reserata,

247 1072 278 1101 et
290 1068 332 1099 ita
346 1068 433 1099 nobis
460 1067 601 1104 revelata,
630 1066 766 1107 factaque
779 1065 975 1106 [spectabilia,
993 1071 1022 1097 et
1036 1067 1072 1098 ad

248 1113 488 1154 cognoscendum
505 1112 649 1154 exposita,
666 1112 817 1152 quomodo
848 1112 966 1143 tandem
982 1112 1071 1152 scire,

248 1162 298 1191 aut
308 1167 500 1198 cognoscere,
511 1161 560 1188 aut
571 1157 674 1188 saltem
690 1157 869 1197 aliquantem
885 1156 984 1187 animo
1003 1166 1073 1197 per-

247 1207 376 1236 tractare
393 1206 544 1244 poterunt,
561 1202 612 1243 qui
635 1201 794 1233 adventum
820 1201 914 1232 sancti
933 1201 1073 1241 Spiritus,

249 1248 511 1288 illuminationem,
526 1246 766 1287 illustrationem,
783 1245 1028 1277 inhabitationem
1045 1246 1075 1277 in

250 1293 419 1334 semetipsis
442 1301 593 1333 nunquam
620 1300 652 1323 se
677 1290 849 1331 cognovisse
869 1290 996 1322 dicunt?
1012 1291 1075 1328 Quo

250 1343 335 1380 pacto
350 1338 419 1370 talia
443 1337 583 1379 mysteria
606 1341 813 1377 assequamur,
844 1335 894 1376 qui
925 1345 1075 1376 nunquam

251 1393 373 1425 prorsus
389 1393 455 1415 sese
469 1383 505 1415 ab
527 1383 632 1415 eodem
658 1382 764 1423 spiritu
787 1382 896 1414 iterum
920 1382 1073 1420 conﬂatos,

251 1433 420 1466 renovatos,
437 1428 620 1466 immutatos,
637 1430 828 1467 regeneratos
855 1426 1076 1458 animadverte-

250 1474 345 1506 runt?
361 1473 445 1511 Quod
460 1473 484 1504 si
499 1472 631 1504 nondum
645 1472 677 1502 in
693 1471 805 1512 Spiritu
821 1475 922 1502 sancto
939 1471 1076 1512 baptizati

252 1523 332 1560 sunt,
348 1517 585 1550 immutationem
600 1517 632 1548 in
650 1525 685 1548 eo
701 1515 911 1556 baptizatorum
927 1516 1075 1556 quomodo

1113 935 1169 972 los,
1186 936 1216 962 et
1230 941 1334 963 sensus
1355 932 1435 973 ipsos
1451 933 1631 965 motionibus
1646 933 1824 964 turbulentis
1840 932 1941 962 obno-

1112 977 1176 1007 xios
1191 976 1292 1014 habet,
1308 977 1374 1008 sine
1398 978 1610 1017 commotione,
1635 979 1767 1018 citraque
1795 978 1942 1008 damnum

1113 1025 1296 1052 venustatem
1306 1021 1541 1063 elegantiamque
1557 1032 1711 1063 Corporum
1729 1021 1867 1053 contueri
1883 1030 1942 1051 ne-

1114 1065 1199 1106 quit?
1214 1065 1266 1097 sed
1282 1069 1311 1096 et
1325 1076 1412 1106 quam
1429 1071 1496 1098 ante
1522 1067 1551 1098 id
1582 1070 1702 1108 tempus
1723 1066 1941 1106 cogitationum

1115 1119 1230 1151 pacem,
1257 1114 1286 1141 et
1307 1121 1324 1141 a
1341 1111 1436 1152 pravis
1460 1112 1670 1152 cupiditatibus
1693 1111 1941 1152 tranquillitatem

1115 1154 1277 1192 obtinebat,
1295 1156 1370 1186 hanc
1385 1156 1478 1196 ipsam
1495 1157 1525 1187 in
1549 1157 1739 1188 meditatione
1754 1157 1878 1188 atfectus
1892 1156 1942 1186 sui

1115 1209 1304 1230 commorans
1319 1201 1436 1233 amittit.
1467 1202 1596 1233 Proinde
1625 1212 1680 1233 nec
1702 1201 1942 1232 imbecillitatem

1116 1253 1199 1275 suam
1215 1245 1281 1276 talis
1293 1245 1353 1276 ullo
1370 1247 1457 1277 modo
1480 1256 1658 1287 pernoscere
1685 1251 1789 1288 potest.
1808 1246 1839 1277 Si
1856 1245 1941 1276 enim

1117 1298 1149 1320 se
1161 1293 1252 1320 totum
1264 1296 1405 1329 aegrotare
1418 1291 1475 1323 sibi
1492 1292 1697 1332 persuasisset,
1711 1292 1785 1323 alios
1796 1291 1943 1332 quosdam

1118 1333 1194 1364 bene
1209 1334 1306 1365 valere
1321 1335 1507 1374 credidisset,
1533 1341 1563 1367 et
1588 1336 1708 1367 forsitan
1733 1336 1891 1377 aliquando
1907 1344 1944 1366 se

1116 1377 1395 1418 ipsumincusasset,
1408 1390 1499 1421 seque
1506 1381 1625 1412 sibimet
1634 1391 1753 1412 causam
1766 1380 1861 1411 morbi
1873 1389 1944 1411 esse

1117 1421 1253 1461 dixisset,
1270 1428 1300 1454 et
1314 1434 1379 1464 quae
1394 1425 1430 1455 ad
1451 1425 1607 1456 sanitatem
1621 1425 1855 1465 recuperandam
1870 1425 1942 1455 atti—
1958 1441 1959 1444 η

1117 1470 1233 1505 nerent,
1244 1468 1342 1499 animo
1350 1473 1527 1509 reputasset.
1539 1469 1622 1501 Nunc
1633 1469 1841 1510 hujuscemodi
1851 1469 1943 1499 homo

1117 1520 1220 1542 omnes
1235 1511 1381 1544 arbitrans
1393 1514 1580 1554 passionibus
1594 1515 1722 1551 deditos,
1740 1524 1773 1545 se
1789 1513 1845 1544 illis
1860 1522 1943 1543 exae-

252 1557 331 1595 scire
340 1566 486 1604 possunt?
499 1562 556 1599 Qui
566 1561 663 1592 denuo
681 1561 741 1592 nati
752 1570 811 1592 non
827 1564 897 1592 sunt
907 1561 1006 1593 denuo
1020 1570 1076 1592 na-
1086 1561 1105 1586 C
1118 1560 1200 1604 quat,
1217 1560 1291 1604 etut
1305 1557 1368 1604 ipse
1383 1559 1464 1589 solus
1479 1560 1517 1590 sit
1537 1559 1674 1597 invictus,
1691 1563 1719 1590 et
1735 1559 1871 1604 omnibus
1886 1567 1942 1588 su-
1957 1584 1959 1589 .

253 1601 353 1640 torum
371 1608 415 1648 (ut
428 1609 468 1639 ait
481 1607 640 1647 Dominus)
663 1615 698 1638 ex
714 1607 787 1644 Deo,
804 1605 936 1646 inquam,
953 1610 982 1637 et
1004 1607 1081 1637 inter
1121 1601 1233 1641 perior,
1249 1602 1492 1644 ﬁerineutiquam
1510 1614 1595 1645 posse
1609 1608 1750 1636 autumat.
1768 1603 1842 1640 Quid
1859 1604 1915 1633 hoc
1927 1606 1941 1634 ?

255 1654 333 1686 ﬁlios
347 1653 401 1686 Dei
418 1652 617 1693 ascriptorum
632 1651 757 1693 gloriam
772 1651 921 1691 quomodo
937 1651 1078 1684 videant?
1121 1651 1153 1693 ut
1168 1656 1226 1693 tina
1239 1657 1305 1678 cum
1321 1648 1457 1689 improbo
1483 1651 1588 1681 affectu
1614 1660 1666 1681 suo
1683 1649 1827 1680 moriatur
1839 1648 1944 1684 miser.

252 1699 309 1737 Qui
323 1699 380 1730 hoc
393 1697 451 1730 sibi
465 1691 647 1736 contingere?
667 1696 839 1733 noluerunt,
856 1695 908 1726 sed
922 1696 998 1727 hanc
1013 1697 1078 1736 διο-
1120 1691 1157 1722 ab
1173 1692 1230 1722 hoc
1245 1693 1322 1723 malo
1338 1693 1459 1725 liberari
1481 1695 1642 1734 refugiens.
1658 1694 1692 1726 Si
1705 1694 1784 1724 enim
1800 1693 1943 1724 voluisset

253 1736 329 1776 riam
345 1743 515 1784 neglectum
526 1743 654 1780 iverunt,
664 1743 703 1778 (et
712 1741 791 1772 enim
805 1745 981 1781 potestatem
997 1751 1081 1773 acce-
1124 1736 1255 1774 liberari,
1273 1737 1426 1784 potuisset,
1444 1743 1543 1779 utpote
1565 1739 1615 1780 qui
1640 1749 1658 1770 a
1681 1741 1741 1770 Deo
1768 1742 1944 1784 potestatem

252 1793 369 1831 perant,
385 1781 417 1819 ut
429 1788 503 1820 tales
517 1787 634 1827 ﬁerent)
651 1786 700 1818 dic
715 1786 800 1823 mihi,
817 1785 897 1831 quali
913 1787 1084 1826 cognitione
1124 1786 1294 1831 acceperat._
1305 1781 1480 1824 Quicunqm
1495 1784 1576 1831 enim
1593 1784 1623 1814 in
1638 1783 1838 1831 nomineejus
1853 1782 1947 1822 bapti-

253 1830 438 1875 perspicere,
452 1836 504 1864 aut
518 1831 634 1870 ﬁsaltem
657 1840 776 1871 quoquo
799 1830 887 1861 modo
903 1831 1082 1871 cogitatione

252 1879 413 1910 informare
427 1880 578 1918 poterunt,
594 1876 696 1917 quales
709 1875 752 1906 illi
767 1875 906 1916 appellati
919 1877 1015 1907 sunt?

293 1924 422 1964 Spiritus
437 1927 482 1954 est
495 1922 585 1960 Deus,
603 1922 653 1963 qui
668 1920 722 1952 sub
745 1924 899 1961 aspectum
914 1931 973 1952 non
987 1922 1081 1959 venit,

254 1967 443 2006 immortalis,
460 1968 642 2005 inaccessus,
659 1965 928 2006 incomprehensus
942 1977 949 2002 ;
964 1970 994 1998 et
1010 1967 1083 1998 tales

255 2014 355 2052 efﬁcit,
370 2023 407 2046 ex
421 2023 454 2045 se
468 2016 564 2050 natos,
581 2011 695 2044 similes
711 2011 786 2052 patri
801 2021 867 2050 suo,
884 2021 901 2043 a
916 2022 973 2053 quo
989 2010 1083 2053 geniti

254 2063 334 2098 sunt,
344 2067 470 2100 corpore
481 2058 544 2089 solo
557 2056 856 2098 comprehensibiles,
869 2061 897 2088 et
908 2058 1075 2098 aspectabi-

1123 1835 1188 1857 smo
1203 1827 1296 1858 abluti
1311 1837 1424 1865 sumus,
1454 1829 1631 1870 praeteritam
1646 1828 1860 1868 ignobilitatem
1874 1837 1945 1858 cor-

1122 1872 1280 1912 ruptionis,
1296 1876 1327 1903 ut
1343 1873 1549 1904 vestimentum
1565 1878 1646 1905 vetus
1658 1873 1796 1909 exuendi,
1814 1877 1843 1903 et
1857 1872 1944 1903 Chri-

1125 1920 1202 1946 stum
1218 1917 1462 1957 superinduendi,
1481 1928 1514 1949 ac
1531 1919 1606 1949 filios
1630 1918 1684 1950 Dei
1707 1927 1761 1949 nos
1775 1917 1946 1958 appellandi

1125 1963 1329 1993 auctoritatem
1343 1962 1379 1993 ab
1396 1973 1431 1993 eo
1446 1964 1597 1994 consecuti
1609 1973 1721 1994 sumus.
1735 1962 1843 1993 Verum
1854 1962 1944 1999 absit,

1124 2005 1241 2044 fratres,
1253 2011 1284 2038 ut
1298 2007 1337 2038 ita
1352 2009 1474 2046 allectis,
1491 2013 1519 2039 et
1535 2009 1602 2040 talia
1617 2008 1801 2049 sapientibus
1809 2007 1946 2048 captivis,

1125 2059 1159 2082 ac
1177 2052 1304 2082 terrenis
1327 2052 1441 2084 similes
1469 2054 1639 2086 evadamus.
1663 2054 1819 2092 Contingat
1844 2057 1945 2083 autem

255 2105 310 2144 les,
323 2096 428 2136 caetera
443 2103 498 2134 soli
508 2102 569 2134 Deo
590 2096 736 2142 cognitos,
757 2105 787 2132 et
801 2103 897 2133 solum
913 2096 1008 2134 Deum
1024 2113 1077 2134 co-
1119 2096 1203 2136 δείιυί
1215 2096 1376 2144 Οὴΐῖεῖυω’
1393 2098 1443 2138 τιυὶ
1463 2103 1564 2129 Ποδίτᾶ
1580 2108 1666 2129 causa
1691 2102 1824 2144 mortuus
1840 2101 1898 2144 est;
1919 2102 1948 2128 εί

253 2142 443 2190 gnoscentes,
455 2147 501 2178 vel
514 2147 611 2188 potius
622 2146 707 2177 asolo
714 2147 921 2186 Deocognosci
931 2148 1076 2187 volentes,
1118 2149 1221 2172 1‘95"”
1223 2142 1294 2190 exili
1301 2146 1334 2190 -θι
1349 2152 1403 2173 n05
1415 2152 1524 2190 secti"?
1533 2143 1561 2174 ίῐι
1578 2144 1685 2174 εαῑῙυῐη
1703 2143 1847 2190 Heliam,
1861 2143 1946 2190 (Ἰαξ-

255 2186 293 2226 ad
308 2203 398 2235 quem
413 2197 442 2224 et
457 2186 577 2233 semper
585 2191 747 2232 respicere,
765 2191 843 2221 etab
858 2199 893 2223 eo
908 2193 1016 2232 respici
1026 2193 1062 2224 de

1151 2195 1179 2216 te
1193 2186 1324 2226 vestigiis
1339 2197 1458 2227 semper
1468 2188 1617 2228 insistere,
1638 2188 1768 2228 purgatis
1786 2197 1837 2228 per
1846 2187 1947 2227 poeni-

255 2239 399 2271 siderant.
416 2238 562 2270 Praeterea
575 2236 663 2268 sicuti
679 2239 816 2276 expertes
830 2235 1006 2275 litterarum,
1024 2247 1079 2278 pe-

255 2284 343 2316 rinde
357 2286 390 2314 ut
402 2291 504 2314 earum
520 2281 606 2321 gnari
625 2280 718 2312 libros
733 2280 833 2319 legere
847 2286 999 2322 nequeunt
1015 2291 1022 2314 :
1039 2283 1082 2314 sic

256 2337 354 2370 neque
383 2327 434 2369 qui
459 2327 544 2359 factis
573 2335 627 2368 per
651 2325 759 2357 Christi
774 2325 910 2357 mandata
932 2326 1084 2359 ambulare

259 2374 431 2412 noluerunt,
448 2382 543 2414 reque,
561 2378 594 2403 ut
609 2371 659 2411 qui
684 2370 757 2411 ipsis
772 2370 974 2410 invigilarunt,
991 2382 1086 2414 eaque

256 2415 467 2461 impleverunt,
483 2422 512 2450 et
526 2426 579 2459 pro
601 2416 639 2447 iis
656 2416 831 2455 sanguinem
847 2426 931 2448 suum
948 2419 1088 2458 profude-

259 2471 341 2503 runt,
357 2464 454 2496 sancti
460 2463 587 2504 Spiritus
594 2461 785 2502 revelatione,
795 2461 919 2493 sicutilli
930 2463 1088 2504 aliquando

258 2511 472 2552 dignabuntur.
484 2508 559 2540 Nam
572 2511 604 2538 ut
614 2507 704 2552 homo
716 2509 837 2546 accepto
849 2506 928 2538 libro
940 2508 1050 2546 clauso,
1059 2514 1089 2542 et

260 2551 388 2598 signato,
404 2555 436 2586 in
451 2563 486 2585 eo
513 2552 625 2593 scripta
654 2551 756 2583 videre
778 2553 953 2598 authqualia
978 2555 1088 2596 scripta

258 2595 330 2638 sint,
342 2599 472 2640 cogitare
482 2597 552 2637 non:
570 2599 676 2638 potest,
693 2595 824 2636 quandiu
838 2595 915 2628 liber
929 2597 1046 2630 clausus
1061 2600 1090 2630 et

259 2645 458 2686 signatusjest,
472 2641 661 2684 quantumvis
671 2641 839 2686 universam
856 2642 960 2673 mundi
972 2643 1090 2684 sapien-

260 2685 333 2724 tiam
346 2688 505 2722 didicerit:
523 2687 567 2718 sic
591 2695 690 2727 neque
704 2685 755 2727 qui
775 2694 888 2717 sacram
905 2687 1088 2728 Scripturam

260 2740 352 2768 totam
365 2735 397 2766 in
411 2742 464 2765 ore
487 2732 587 2769 habet,
610 2735 642 2762 ut
666 2730 850 2769 dicebamus,
877 2732 1040 2773 mysticam,
1058 2737 1087 2765 et

261 2780 393 2813 divinam
407 2777 546 2819 gloriam,
562 2776 765 2817 virtutemque
787 2775 819 2807 in
834 2775 908 2816 ipsis
923 2781 1092 2809 contectam

261 2831 362 2866 nOSSe,
377 2828 407 2855 et
419 2821 591 2864 perspicere
604 2820 763 2863 aliquando
784 2820 904 2862 poterit,
920 2821 978 2852 nisi
993 2822 1093 2854 omnia

261 2871 318 2905 Dei
333 2870 482 2908 mandata,
498 2877 535 2900 ea
556 2866 701 2899 servando
723 2866 809 2908 quasi
833 2867 1046 2908 peragraverit,
1062 2871 1092 2900 et

262 2915 447 2951 Paracletum
462 2922 553 2947 sensa
560 2911 616 2952 illi,
625 2915 658 2945 ut
668 2911 778 2945 librum
791 2911 989 2954 aperientem,
1004 2921 1089 2954 quae-

1121 2232 1274 2262 tentiama
1289 2231 1356 2263 labe
1372 2233 1496 2272 peccati,
1527 2242 1562 2264 ac
1591 2233 1793 2272 superindutis
1817 2232 1948 2264 lucidam

1123 2276 1253 2306 tunicam
1269 2276 1502 2317 incorruptionis
1523 2277 1655 2318 spiritus,
1686 2277 1716 2308 in
1745 2277 1808 2317 ipso
1830 2276 1948 2308 Christo

1124 2320 1186 2351 Deo
1201 2325 1314 2359 nostro,
1331 2321 1378 2352 cui
1393 2322 1499 2361 gloria,
1513 2327 1541 2353 et
1552 2322 1710 2362 imperium
1726 2332 1792 2353 cum
1806 2321 1909 2359 Patre,
1923 2326 1951 2352 et

1126 2369 1227 2396 sancto
1238 2365 1349 2406 Spiritu
1365 2377 1443 2398 uunc
1465 2371 1493 2398 et
1505 2376 1633 2407 semper,
1649 2374 1678 2398 et
1691 2367 1838 2407 inpmnes
1852 2376 1950 2397 saecu-

1130 2409 1227 2441 lorum
1236 2415 1345 2442 wlates.
1358 2411 1464 2444 Amen.

1431 2459 1571 2492 ORATIO
1588 2459 1648 2492 ΧΧ.

1427 2500 1643 2532 ARGUMENTCM.

1129 2539 1289 2580 Deeaquoe
1296 2540 1952 2580 certantibttsﬁdelibuseSpii-iluinesleliam

1170 2584 1241 2622 ante
1253 2584 1377 2612 mortem
1390 2581 1509 2622 viviﬁca
1521 2591 1613 2617 mors,
1627 2584 1690 2612 sive
1699 2580 1892 2622 muniﬁcat-to
1907 2582 1953 2622 :_et

1170 2621 1224 2692 inti
1241 2622 1273 2652 in
1287 2622 1391 2662 gratia
1406 2618 1500 2661 supra
1511 2623 1606 2661 legem
1621 2623 1685 2660 iam
1699 2618 1841 2657 sunt,eOs
1856 2618 1954 2650 divini

1182 2662 1295 2692 umim’s
1310 2663 1444 2692 aratiam
1459 2663 1492 2692 in
1507 2663 1610 2692 seivsis
1630 2663 1777 2692 accivere.
1800 2660 1887 2692 Ouod
1903 2659 1954 2692 aut

1182 2659 1297 2702 umim's
1309 2659 1449 2701 gratiam
1459 2663 1492 2692 in
1507 2659 1610 2702 sei‘psis
1621 2659 1777 2701 accipere.
1800 2660 1887 2702 Quod
1903 2659 1955 2702 qui

1168 2701 1203 2732 in
1209 2701 1264 2733 hac
1273 2699 1335 2733 vita
1343 2702 1449 2742 adepti
1456 2699 1589 2733 nondum
1597 2705 1679 2741 sunt,
1691 2699 1789 2742 neque
1797 2701 1827 2731 id
1839 2699 1954 2742 liquido

1172 2745 1308 2779 cernunt,
1319 2751 1368 2773 eos
1383 2738 1483 2773 adhuc
1502 2742 1556 2774 sub
1576 2738 1684 2774 umbra
1699 2738 1774 2780 legis
1789 2749 1861 2777 esse,
1869 2738 1906 2771 ἐί
1919 2738 1955 2769 ab

1173 2791 1209 2813 ea
1218 2783 1393 2822 judicatum
1404 2783 1454 2813 iri.
1474 2782 1730 2820 Quemadmodum
1742 2781 1846 2821 ﬁdeles
1857 2780 1956 2820 Spiri-

1173 2826 1236 2854 tum
1246 2826 1396 2860 sanctum,
1406 2824 1652 2856 sanctimoniam.
1671 2822 1954 2863 perturbationum-

1172 2871 1230 2903 quc
1241 2865 1426 2895 vacuitatem
1440 2864 1673 2895 nanciseantur.

1172 2909 1367 2943 Scrutamtm'
1377 2909 1564 2952 Sm'pturas,
1576 2909 1674 2952 inquit
1681 2909 1824 2942 Dominus
1830 2917 1865 2940 ac
1876 2909 1955 2939 Deus
