  <div class='ocr_page' id='page_1' title='image "/cluster/home/n/w/nwhite01/storage/ocr_20150623/120/njp.32101010943973/272.png"; bbox 0 0 1983 3072; ppageno 0'>
   <div class='ocr_carea' id='block_1_1' title="bbox 44 168 882 203">
    <p class='ocr_par' dir='ltr' id='par_1_1' title="bbox 44 168 882 203">
     <span class='ocr_line' id='line_1_1' title="bbox 44 168 882 203; baseline -0.002 0"><span class='ocrx_word' id='word_1_1' title='bbox 44 170 120 203; x_wconf 78' lang='grc'><strong>405</strong></span> <span class='ocrx_word' id='word_1_2' title='bbox 801 168 882 202; x_wconf 77' lang='lat' dir='ltr'><strong>ORA&#39;</strong></span> 
     </span>
    </p>
   </div>
   <div class='ocr_carea' id='block_1_2' title="bbox 967 168 1756 203">
    <p class='ocr_par' dir='ltr' id='par_1_2' title="bbox 967 168 1756 202">
     <span class='ocr_line' id='line_1_2' title="bbox 967 168 1756 202; baseline 0.004 -3"><span class='ocrx_word' id='word_1_3' title='bbox 967 168 1018 200; x_wconf 83' lang='lat' dir='ltr'><strong>XX</strong></span> <span class='ocrx_word' id='word_1_4' title='bbox 1696 168 1756 202; x_wconf 72' lang='grc'><strong>406</strong></span> 
     </span>
    </p>
   </div>
   <div class='ocr_carea' id='block_1_3' title="bbox 35 234 1754 276">
    <p class='ocr_par' dir='ltr' id='par_1_3' title="bbox 35 234 1754 276">
     <span class='ocr_line' id='line_1_3' title="bbox 35 234 1754 276; baseline -0.001 -7"><span class='ocrx_word' id='word_1_5' title='bbox 35 241 162 269; x_wconf 87' lang='lat' dir='ltr'><strong>noster</strong></span> <span class='ocrx_word' id='word_1_6' title='bbox 177 237 265 270; x_wconf 72' lang='lat' dir='ltr'><strong>Jews</strong></span> <span class='ocrx_word' id='word_1_7' title='bbox 279 238 454 269; x_wconf 50' lang='lat' dir='ltr'><strong>Christus“</strong></span> <span class='ocrx_word' id='word_1_8' title='bbox 467 263 474 275; x_wconf 92' lang='lat'><strong>,</strong></span> <span class='ocrx_word' id='word_1_9' title='bbox 491 242 524 269; x_wconf 89' lang='lat' dir='ltr'><strong>ut</strong></span> <span class='ocrx_word' id='word_1_10' title='bbox 551 242 620 269; x_wconf 90' lang='lat' dir='ltr'><strong>ante</strong></span> <span class='ocrx_word' id='word_1_11' title='bbox 644 237 743 268; x_wconf 84' lang='lat' dir='ltr'><strong>omnia</strong></span> <span class='ocrx_word' id='word_1_12' title='bbox 770 237 1059 269; x_wconf 76' lang='lat' dir='ltr'><strong>scilicetAmentum</strong></span> <span class='ocrx_word' id='word_1_13' title='bbox 1072 235 1177 266; x_wconf 90' lang='lat' dir='ltr'><strong>vivetis</strong></span> <span class='ocrx_word' id='word_1_14' title='bbox 1193 244 1200 266; x_wconf 92' lang='lat'>:</span> <span class='ocrx_word' id='word_1_15' title='bbox 1221 235 1277 267; x_wconf 86' lang='lat' dir='ltr'><strong>Ubi</strong></span> <span class='ocrx_word' id='word_1_16' title='bbox 1305 236 1386 267; x_wconf 84' lang='lat' dir='ltr'><strong>enim</strong></span> <span class='ocrx_word' id='word_1_17' title='bbox 1409 235 1540 276; x_wconf 74' lang='lat' dir='ltr'><strong>spiritus</strong></span> <span class='ocrx_word' id='word_1_18' title='bbox 1556 234 1684 266; x_wconf 79' lang='lat' dir='ltr'><strong>Domini</strong></span> <span class='ocrx_word' id='word_1_19' title='bbox 1698 239 1754 274; x_wconf 77' lang='lat' dir='ltr'><strong>ut,</strong></span> 
     </span>
    </p>
   </div>
   <div class='ocr_carea' id='block_1_4' title="bbox 34 277 1754 320">
    <p class='ocr_par' dir='ltr' id='par_1_4' title="bbox 34 277 1754 320">
     <span class='ocr_line' id='line_1_4' title="bbox 34 277 1754 320; baseline -0.001 -7"><span class='ocrx_word' id='word_1_20' title='bbox 34 283 127 313; x_wconf 90' lang='lat' dir='ltr'><strong>viam</strong></span> <span class='ocrx_word' id='word_1_21' title='bbox 147 282 255 313; x_wconf 91' lang='lat' dir='ltr'><strong>salutis</strong></span> <span class='ocrx_word' id='word_1_22' title='bbox 270 282 441 314; x_wconf 84' lang='lat' dir='ltr'><strong>doceamur.</strong></span> <span class='ocrx_word' id='word_1_23' title='bbox 458 282 572 314; x_wconf 88' lang='lat' dir='ltr'><strong>Deinde</strong></span> <span class='ocrx_word' id='word_1_24' title='bbox 587 282 676 314; x_wconf 87' lang='lat' dir='ltr'><strong>etiam</strong></span> <span class='ocrx_word' id='word_1_25' title='bbox 692 282 722 313; x_wconf 91' lang='lat' dir='ltr'><strong>in</strong></span> <span class='ocrx_word' id='word_1_26' title='bbox 737 281 885 314; x_wconf 80' lang='lat' dir='ltr'><strong>mandatis</strong></span> <span class='ocrx_word' id='word_1_27' title='bbox 925 279 1032 320; x_wconf 83' lang='lat' dir='ltr'><strong>inquit,</strong></span> <span class='ocrx_word' id='word_1_28' title='bbox 1045 280 1088 311; x_wconf 88' lang='lat' dir='ltr'><strong>ibi</strong></span> <span class='ocrx_word' id='word_1_29' title='bbox 1100 279 1227 311; x_wconf 76' lang='lat' dir='ltr'><strong>libertas</strong></span> <span class='ocrx_word' id='word_1_30' title='bbox 1237 279 1287 320; x_wconf 75' lang='lat'><strong>50,</strong></span> <span class='ocrx_word' id='word_1_31' title='bbox 1311 279 1433 311; x_wconf 88' lang='lat' dir='ltr'><strong>libertas</strong></span> <span class='ocrx_word' id='word_1_32' title='bbox 1447 288 1483 310; x_wconf 82' lang='lat' dir='ltr'><strong>ex</strong></span> <span class='ocrx_word' id='word_1_33' title='bbox 1498 277 1686 319; x_wconf 87' lang='lat' dir='ltr'><strong>subjectione</strong></span> <span class='ocrx_word' id='word_1_34' title='bbox 1699 279 1754 311; x_wconf 86' lang='lat' dir='ltr'><strong>sub</strong></span> 
     </span>
    </p>
   </div>
   <div class='ocr_carea' id='block_1_5' title="bbox 35 323 1755 368">
    <p class='ocr_par' dir='ltr' id='par_1_5' title="bbox 35 323 1755 368">
     <span class='ocr_line' id='line_1_5' title="bbox 35 323 1755 368; baseline -0.002 -10"><span class='ocrx_word' id='word_1_35' title='bbox 35 328 114 368; x_wconf 89' lang='lat' dir='ltr'><strong>ejus</strong></span> <span class='ocrx_word' id='word_1_36' title='bbox 134 328 214 359; x_wconf 91' lang='lat' dir='ltr'><strong>citra</strong></span> <span class='ocrx_word' id='word_1_37' title='bbox 240 327 466 358; x_wconf 86' lang='lat' dir='ltr'><strong>conversionem</strong></span> <span class='ocrx_word' id='word_1_38' title='bbox 493 331 611 368; x_wconf 89' lang='lat' dir='ltr'><strong>peracta</strong></span> <span class='ocrx_word' id='word_1_39' title='bbox 636 326 695 367; x_wconf 93' lang='lat' dir='ltr'><strong>via,</strong></span> <span class='ocrx_word' id='word_1_40' title='bbox 725 327 762 358; x_wconf 89' lang='lat' dir='ltr'><strong>ad</strong></span> <span class='ocrx_word' id='word_1_41' title='bbox 790 327 884 368; x_wconf 84' lang='lat' dir='ltr'><strong>ipsam</strong></span> <span class='ocrx_word' id='word_1_42' title='bbox 926 323 1023 364; x_wconf 81' lang='lat' dir='ltr'><strong>legem</strong></span> <span class='ocrx_word' id='word_1_43' title='bbox 1039 333 1092 364; x_wconf 90' lang='lat' dir='ltr'><strong>per</strong></span> <span class='ocrx_word' id='word_1_44' title='bbox 1107 323 1217 355; x_wconf 84' lang='lat' dir='ltr'><strong>omnia.</strong></span> <span class='ocrx_word' id='word_1_45' title='bbox 1231 325 1294 356; x_wconf 83' lang='lat' dir='ltr'><strong>Lex</strong></span> <span class='ocrx_word' id='word_1_46' title='bbox 1305 323 1414 368; x_wconf 78' lang='lat' dir='ltr'><strong>quippe</strong></span> <span class='ocrx_word' id='word_1_47' title='bbox 1428 323 1604 368; x_wconf 68' lang='lat' dir='ltr'><strong>duxviie,et</strong></span> <span class='ocrx_word' id='word_1_48' title='bbox 1620 323 1755 364; x_wconf 61' lang='lat' dir='ltr'><strong>padago-</strong></span> 
     </span>
    </p>
   </div>
   <div class='ocr_carea' id='block_1_6' title="bbox 36 367 1754 413">
    <p class='ocr_par' dir='ltr' id='par_1_6' title="bbox 36 367 1754 413">
     <span class='ocr_line' id='line_1_6' title="bbox 36 367 1754 413; baseline -0.002 -10"><span class='ocrx_word' id='word_1_49' title='bbox 36 367 225 403; x_wconf 84' lang='lat' dir='ltr'><strong>animarum</strong></span> <span class='ocrx_word' id='word_1_50' title='bbox 245 376 412 404; x_wconf 87' lang='lat' dir='ltr'><strong>nostrarum</strong></span> <span class='ocrx_word' id='word_1_51' title='bbox 434 367 557 403; x_wconf 78' lang='lat' dir='ltr'><strong>salutem</strong></span> <span class='ocrx_word' id='word_1_52' title='bbox 581 367 886 413; x_wconf 49' lang='lat' dir='ltr'><strong>perveniamuszuae</strong></span> <span class='ocrx_word' id='word_1_53' title='bbox 926 378 990 408; x_wconf 77' lang='lat' dir='ltr'><strong>gUS,</strong></span> <span class='ocrx_word' id='word_1_54' title='bbox 1011 367 1266 413; x_wconf 73' lang='lat' dir='ltr'><strong>etmanuductl‘ix,</strong></span> <span class='ocrx_word' id='word_1_55' title='bbox 1281 372 1311 400; x_wconf 76' lang='lat' dir='ltr'><strong>et</strong></span> <span class='ocrx_word' id='word_1_56' title='bbox 1327 367 1466 413; x_wconf 72' lang='lat' dir='ltr'><strong>magistra</strong></span> <span class='ocrx_word' id='word_1_57' title='bbox 1480 367 1604 408; x_wconf 69' lang='lat' dir='ltr'><strong>justitiaa</strong></span> <span class='ocrx_word' id='word_1_58' title='bbox 1616 372 1672 409; x_wconf 85' lang='lat' dir='ltr'><strong>est,</strong></span> <span class='ocrx_word' id='word_1_59' title='bbox 1685 368 1754 399; x_wconf 90' lang='lat' dir='ltr'><strong>dum</strong></span> 
     </span>
    </p>
   </div>
   <div class='ocr_carea' id='block_1_7' title="bbox 38 412 1754 457">
    <p class='ocr_par' dir='ltr' id='par_1_7' title="bbox 38 412 1754 457">
     <span class='ocr_line' id='line_1_7' title="bbox 38 412 1754 457; baseline -0.002 -11"><span class='ocrx_word' id='word_1_60' title='bbox 38 419 95 447; x_wconf 83' lang='lat' dir='ltr'><strong>est</strong></span> <span class='ocrx_word' id='word_1_61' title='bbox 113 417 211 456; x_wconf 78' lang='lat' dir='ltr'><strong>igitur</strong></span> <span class='ocrx_word' id='word_1_62' title='bbox 221 417 300 448; x_wconf 89' lang='lat' dir='ltr'><strong>salus</strong></span> <span class='ocrx_word' id='word_1_63' title='bbox 317 416 442 449; x_wconf 86' lang='lat' dir='ltr'><strong>nostra?</strong></span> <span class='ocrx_word' id='word_1_64' title='bbox 456 417 541 448; x_wconf 84' lang='lat' dir='ltr'><strong>.lesus</strong></span> <span class='ocrx_word' id='word_1_65' title='bbox 550 412 696 455; x_wconf 85' lang='lat' dir='ltr'><strong>Christus,</strong></span> <span class='ocrx_word' id='word_1_66' title='bbox 718 417 748 448; x_wconf 92' lang='lat' dir='ltr'><strong>id</strong></span> <span class='ocrx_word' id='word_1_67' title='bbox 762 417 842 457; x_wconf 90' lang='lat' dir='ltr'><strong>quod</strong></span> <span class='ocrx_word' id='word_1_68' title='bbox 858 421 887 447; x_wconf 92' lang='lat' dir='ltr'><strong>et</strong></span> <span class='ocrx_word' id='word_1_69' title='bbox 927 413 1010 450; x_wconf 87' lang='lat' dir='ltr'><strong>dicit,</strong></span> <span class='ocrx_word' id='word_1_70' title='bbox 1023 413 1078 444; x_wconf 90' lang='lat' dir='ltr'><strong>hoc</strong></span> <span class='ocrx_word' id='word_1_71' title='bbox 1093 417 1126 457; x_wconf 87' lang='lat' dir='ltr'><strong>et</strong></span> <span class='ocrx_word' id='word_1_72' title='bbox 1149 412 1206 443; x_wconf 90' lang='lat' dir='ltr'><strong>hoc</strong></span> <span class='ocrx_word' id='word_1_73' title='bbox 1229 412 1331 444; x_wconf 83' lang='lat' dir='ltr'><strong>facies.</strong></span> <span class='ocrx_word' id='word_1_74' title='bbox 1348 412 1450 457; x_wconf 84' lang='lat' dir='ltr'><strong>Gratia</strong></span> <span class='ocrx_word' id='word_1_75' title='bbox 1473 417 1572 444; x_wconf 88' lang='lat' dir='ltr'><strong>autem</strong></span> <span class='ocrx_word' id='word_1_76' title='bbox 1593 417 1623 444; x_wconf 90' lang='lat' dir='ltr'><strong>et</strong></span> <span class='ocrx_word' id='word_1_77' title='bbox 1645 413 1754 445; x_wconf 83' lang='lat' dir='ltr'><strong>veritas</strong></span> 
     </span>
    </p>
   </div>
   <div class='ocr_carea' id='block_1_8' title="bbox 39 461 885 503">
    <p class='ocr_par' dir='ltr' id='par_1_8' title="bbox 39 461 885 503">
     <span class='ocr_line' id='line_1_8' title="bbox 39 461 885 503; baseline 0.002 -12"><span class='ocrx_word' id='word_1_78' title='bbox 39 462 182 500; x_wconf 83' lang='lat' dir='ltr'><strong>angelus</strong></span> <span class='ocrx_word' id='word_1_79' title='bbox 195 461 363 502; x_wconf 83' lang='lat' dir='ltr'><strong>pastoribus</strong></span> <span class='ocrx_word' id='word_1_80' title='bbox 374 466 472 493; x_wconf 83' lang='lat' dir='ltr'><strong>astans</strong></span> <span class='ocrx_word' id='word_1_81' title='bbox 488 461 685 503; x_wconf 66' lang='lat' dir='ltr'><strong>praedicabat:</strong></span> <span class='ocrx_word' id='word_1_82' title='bbox 703 461 782 493; x_wconf 85' lang='lat' dir='ltr'><strong>Ecce</strong></span> <span class='ocrx_word' id='word_1_83' title='bbox 792 470 885 493; x_wconf 80' lang='lat' dir='ltr'><strong>evan-</strong></span> 
     </span>
    </p>
   </div>
   <div class='ocr_carea' id='block_1_9' title="bbox 38 505 888 547">
    <p class='ocr_par' dir='ltr' id='par_1_9' title="bbox 38 505 888 547">
     <span class='ocr_line' id='line_1_9' title="bbox 38 505 888 547; baseline 0.001 -10"><span class='ocrx_word' id='word_1_84' title='bbox 38 507 157 546; x_wconf 82' lang='lat' dir='ltr'><strong>gelizo</strong></span> <span class='ocrx_word' id='word_1_85' title='bbox 170 505 254 537; x_wconf 86' lang='lat' dir='ltr'><strong>vobis</strong></span> <span class='ocrx_word' id='word_1_86' title='bbox 261 507 407 547; x_wconf 78' lang='lat' dir='ltr'><strong>gaudium</strong></span> <span class='ocrx_word' id='word_1_87' title='bbox 419 515 572 546; x_wconf 82' lang='lat' dir='ltr'><strong>magnum,</strong></span> <span class='ocrx_word' id='word_1_88' title='bbox 585 507 665 547; x_wconf 87' lang='lat' dir='ltr'><strong>quod</strong></span> <span class='ocrx_word' id='word_1_89' title='bbox 672 507 730 538; x_wconf 83' lang='lat' dir='ltr'><strong>erit</strong></span> <span class='ocrx_word' id='word_1_90' title='bbox 739 507 823 538; x_wconf 82' lang='lat' dir='ltr'><strong>omni</strong></span> <span class='ocrx_word' id='word_1_91' title='bbox 836 515 888 547; x_wconf 88' lang='lat' dir='ltr'><strong>po-</strong></span> 
     </span>
    </p>
   </div>
   <div class='ocr_carea' id='block_1_10' title="bbox 36 550 887 591">
    <p class='ocr_par' dir='ltr' id='par_1_10' title="bbox 36 550 887 591">
     <span class='ocr_line' id='line_1_10' title="bbox 36 550 887 591; baseline 0.001 -10"><span class='ocrx_word' id='word_1_92' title='bbox 36 550 136 590; x_wconf 87' lang='lat' dir='ltr'><strong>pulo,</strong></span> <span class='ocrx_word' id='word_1_93' title='bbox 152 551 228 591; x_wconf 82' lang='lat' dir='ltr'><strong>quia</strong></span> <span class='ocrx_word' id='word_1_94' title='bbox 239 555 335 582; x_wconf 79' lang='lat' dir='ltr'><strong>natus</strong></span> <span class='ocrx_word' id='word_1_95' title='bbox 346 554 401 588; x_wconf 85' lang='lat' dir='ltr'><strong>est,</strong></span> <span class='ocrx_word' id='word_1_96' title='bbox 416 551 500 582; x_wconf 80' lang='lat' dir='ltr'><strong>vobis</strong></span> <span class='ocrx_word' id='word_1_97' title='bbox 514 551 601 582; x_wconf 83' lang='lat' dir='ltr'><strong>hodie</strong></span> <span class='ocrx_word' id='word_1_98' title='bbox 611 551 763 588; x_wconf 76' lang='lat' dir='ltr'><strong>Salvator,</strong></span> <span class='ocrx_word' id='word_1_99' title='bbox 776 552 831 591; x_wconf 83' lang='lat' dir='ltr'><strong>qui</strong></span> <span class='ocrx_word' id='word_1_100' title='bbox 844 553 887 582; x_wconf 85' lang='lat' dir='ltr'><strong>est</strong></span> 
     </span>
    </p>
   </div>
   <div class='ocr_carea' id='block_1_11' title="bbox 39 595 887 636">
    <p class='ocr_par' dir='ltr' id='par_1_11' title="bbox 39 595 887 636">
     <span class='ocr_line' id='line_1_11' title="bbox 39 595 887 636; baseline 0 -10"><span class='ocrx_word' id='word_1_101' title='bbox 39 595 198 626; x_wconf 77' lang='lat' dir='ltr'><strong>Christus</strong></span> <span class='ocrx_word' id='word_1_102' title='bbox 207 595 367 636; x_wconf 81' lang='lat' dir='ltr'><strong>Dominus,</strong></span> <span class='ocrx_word' id='word_1_103' title='bbox 375 596 534 627; x_wconf 75' lang='lat' dir='ltr'><strong>incivitate</strong></span> <span class='ocrx_word' id='word_1_104' title='bbox 540 595 673 627; x_wconf 48' lang='lat' dir='ltr'><strong>David“</strong></span> <span class='ocrx_word' id='word_1_105' title='bbox 681 620 688 627; x_wconf 91' lang='lat'><strong>.</strong></span> <span class='ocrx_word' id='word_1_106' title='bbox 701 595 887 627; x_wconf 81' lang='lat' dir='ltr'><strong>Festinemus</strong></span> 
     </span>
    </p>
   </div>
   <div class='ocr_carea' id='block_1_12' title="bbox 42 639 884 681">
    <p class='ocr_par' dir='ltr' id='par_1_12' title="bbox 42 639 884 681">
     <span class='ocr_line' id='line_1_12' title="bbox 42 639 884 681; baseline 0.002 -12"><span class='ocrx_word' id='word_1_107' title='bbox 42 639 147 678; x_wconf 83' lang='lat' dir='ltr'><strong>igitur</strong></span> <span class='ocrx_word' id='word_1_108' title='bbox 164 639 379 681; x_wconf 87' lang='lat' dir='ltr'><strong>unusquisque,</strong></span> <span class='ocrx_word' id='word_1_109' title='bbox 410 640 530 680; x_wconf 87' lang='lat' dir='ltr'><strong>dilecti;</strong></span> <span class='ocrx_word' id='word_1_110' title='bbox 559 649 711 671; x_wconf 89' lang='lat' dir='ltr'><strong>curramus</strong></span> <span class='ocrx_word' id='word_1_111' title='bbox 734 643 884 678; x_wconf 89' lang='lat' dir='ltr'><strong>contente,</strong></span> 
     </span>
    </p>
   </div>
   <div class='ocr_carea' id='block_1_13' title="bbox 41 683 887 725">
    <p class='ocr_par' dir='ltr' id='par_1_13' title="bbox 41 683 887 725">
     <span class='ocr_line' id='line_1_13' title="bbox 41 683 887 725; baseline 0.002 -13"><span class='ocrx_word' id='word_1_112' title='bbox 41 683 126 713; x_wconf 87' lang='lat' dir='ltr'><strong>nihil</strong></span> <span class='ocrx_word' id='word_1_113' title='bbox 141 683 257 721; x_wconf 88' lang='lat' dir='ltr'><strong>oneris,</strong></span> <span class='ocrx_word' id='word_1_114' title='bbox 271 688 323 714; x_wconf 91' lang='lat' dir='ltr'><strong>aut</strong></span> <span class='ocrx_word' id='word_1_115' title='bbox 336 684 372 715; x_wconf 90' lang='lat' dir='ltr'><strong>ad</strong></span> <span class='ocrx_word' id='word_1_116' title='bbox 386 684 474 715; x_wconf 89' lang='lat' dir='ltr'><strong>vitam</strong></span> <span class='ocrx_word' id='word_1_117' title='bbox 487 684 563 715; x_wconf 89' lang='lat' dir='ltr'><strong>hanc</strong></span> <span class='ocrx_word' id='word_1_118' title='bbox 572 684 735 725; x_wconf 86' lang='lat' dir='ltr'><strong>pertinens,</strong></span> <span class='ocrx_word' id='word_1_119' title='bbox 750 687 800 715; x_wconf 91' lang='lat' dir='ltr'><strong>aut</strong></span> <span class='ocrx_word' id='word_1_120' title='bbox 815 693 887 724; x_wconf 88' lang='lat' dir='ltr'><strong>por-</strong></span> 
     </span>
    </p>
   </div>
   <div class='ocr_carea' id='block_1_14' title="bbox 928 456 1754 499">
    <p class='ocr_par' dir='ltr' id='par_1_14' title="bbox 928 456 1754 499">
     <span class='ocr_line' id='line_1_14' title="bbox 928 456 1754 499; baseline 0.002 -12"><span class='ocrx_word' id='word_1_121' title='bbox 928 466 987 488; x_wconf 91' lang='lat' dir='ltr'><strong>non</strong></span> <span class='ocrx_word' id='word_1_122' title='bbox 1003 457 1059 487; x_wconf 90' lang='lat' dir='ltr'><strong>ita:</strong></span> <span class='ocrx_word' id='word_1_123' title='bbox 1077 456 1129 488; x_wconf 91' lang='lat' dir='ltr'><strong>sed</strong></span> <span class='ocrx_word' id='word_1_124' title='bbox 1140 457 1292 498; x_wconf 90' lang='lat' dir='ltr'><strong>quomodo</strong></span> <span class='ocrx_word' id='word_1_125' title='bbox 1302 457 1317 488; x_wconf 86' lang='lat'><strong>?</strong></span> <span class='ocrx_word' id='word_1_126' title='bbox 1332 460 1362 488; x_wconf 93' lang='lat' dir='ltr'><strong>et</strong></span> <span class='ocrx_word' id='word_1_127' title='bbox 1371 456 1463 488; x_wconf 88' lang='lat' dir='ltr'><strong>facies</strong></span> <span class='ocrx_word' id='word_1_128' title='bbox 1477 457 1590 498; x_wconf 86' lang='lat' dir='ltr'><strong>omnia,</strong></span> <span class='ocrx_word' id='word_1_129' title='bbox 1603 461 1633 489; x_wconf 92' lang='lat' dir='ltr'><strong>et</strong></span> <span class='ocrx_word' id='word_1_130' title='bbox 1646 457 1754 499; x_wconf 87' lang='lat' dir='ltr'><strong>loque-</strong></span> 
     </span>
    </p>
   </div>
   <div class='ocr_carea' id='block_1_15' title="bbox 927 500 1751 543">
    <p class='ocr_par' dir='ltr' id='par_1_15' title="bbox 927 500 1751 543">
     <span class='ocr_line' id='line_1_15' title="bbox 927 500 1751 543; baseline 0.001 -11"><span class='ocrx_word' id='word_1_131' title='bbox 927 501 969 532; x_wconf 91' lang='lat' dir='ltr'><strong>ris</strong></span> <span class='ocrx_word' id='word_1_132' title='bbox 981 501 1144 532; x_wconf 90' lang='lat' dir='ltr'><strong>secundum</strong></span> <span class='ocrx_word' id='word_1_133' title='bbox 1162 502 1260 532; x_wconf 87' lang='lat' dir='ltr'><strong>datam</strong></span> <span class='ocrx_word' id='word_1_134' title='bbox 1282 500 1346 539; x_wconf 89' lang='lat' dir='ltr'><strong>tibi,</strong></span> <span class='ocrx_word' id='word_1_135' title='bbox 1363 504 1394 532; x_wconf 92' lang='lat' dir='ltr'><strong>et</strong></span> <span class='ocrx_word' id='word_1_136' title='bbox 1407 501 1579 542; x_wconf 88' lang='lat' dir='ltr'><strong>loquentem</strong></span> <span class='ocrx_word' id='word_1_137' title='bbox 1594 501 1625 533; x_wconf 92' lang='lat' dir='ltr'><strong>in</strong></span> <span class='ocrx_word' id='word_1_138' title='bbox 1637 505 1668 533; x_wconf 92' lang='lat' dir='ltr'><strong>te</strong></span> <span class='ocrx_word' id='word_1_139' title='bbox 1682 511 1751 543; x_wconf 81' lang='lat' dir='ltr'><strong>gra-</strong></span> 
     </span>
    </p>
   </div>
   <div class='ocr_carea' id='block_1_16' title="bbox 928 545 1756 587">
    <p class='ocr_par' dir='ltr' id='par_1_16' title="bbox 928 545 1756 587">
     <span class='ocr_line' id='line_1_16' title="bbox 928 545 1756 587; baseline 0.004 -11"><span class='ocrx_word' id='word_1_140' title='bbox 928 546 1009 583; x_wconf 86' lang='lat' dir='ltr'><strong>tiam,</strong></span> <span class='ocrx_word' id='word_1_141' title='bbox 1025 545 1103 577; x_wconf 90' lang='lat' dir='ltr'><strong>sicut</strong></span> <span class='ocrx_word' id='word_1_142' title='bbox 1111 545 1256 587; x_wconf 85' lang='lat' dir='ltr'><strong>scriptum</strong></span> <span class='ocrx_word' id='word_1_143' title='bbox 1268 549 1330 578; x_wconf 90' lang='lat' dir='ltr'><strong>est:</strong></span> <span class='ocrx_word' id='word_1_144' title='bbox 1346 546 1387 577; x_wconf 87' lang='lat' dir='ltr'><strong>Et</strong></span> <span class='ocrx_word' id='word_1_145' title='bbox 1397 550 1488 578; x_wconf 79' lang='lat' dir='ltr'><strong>erunt</strong></span> <span class='ocrx_word' id='word_1_146' title='bbox 1502 555 1603 578; x_wconf 81' lang='lat' dir='ltr'><strong>omnes</strong></span> <span class='ocrx_word' id='word_1_147' title='bbox 1613 547 1756 579; x_wconf 73' lang='lat' dir='ltr'><strong>docibiles</strong></span> 
     </span>
    </p>
   </div>
   <div class='ocr_carea' id='block_1_17' title="bbox 927 591 1754 634">
    <p class='ocr_par' dir='ltr' id='par_1_17' title="bbox 927 591 1754 634">
     <span class='ocr_line' id='line_1_17' title="bbox 927 591 1754 634; baseline 0.001 -11"><span class='ocrx_word' id='word_1_148' title='bbox 927 592 983 623; x_wconf 85' lang='lat' dir='ltr'><strong>Dei</strong></span> <span class='ocrx_word' id='word_1_149' title='bbox 991 591 1018 616; x_wconf 65' lang='lat'><strong>5*</strong></span> <span class='ocrx_word' id='word_1_150' title='bbox 1033 601 1041 629; x_wconf 92' lang='lat'><strong>;</strong></span> <span class='ocrx_word' id='word_1_151' title='bbox 1058 600 1118 622; x_wconf 91' lang='lat' dir='ltr'><strong>non</strong></span> <span class='ocrx_word' id='word_1_152' title='bbox 1134 599 1188 631; x_wconf 90' lang='lat' dir='ltr'><strong>per</strong></span> <span class='ocrx_word' id='word_1_153' title='bbox 1216 591 1384 623; x_wconf 89' lang='lat' dir='ltr'><strong>litterarum</strong></span> <span class='ocrx_word' id='word_1_154' title='bbox 1410 595 1506 628; x_wconf 78' lang='lat' dir='ltr'><strong>notas,</strong></span> <span class='ocrx_word' id='word_1_155' title='bbox 1533 595 1562 623; x_wconf 91' lang='lat' dir='ltr'><strong>et</strong></span> <span class='ocrx_word' id='word_1_156' title='bbox 1576 592 1662 632; x_wconf 82' lang='lat' dir='ltr'><strong>signa</strong></span> <span class='ocrx_word' id='word_1_157' title='bbox 1674 592 1754 634; x_wconf 88' lang='lat' dir='ltr'><strong>quod</strong></span> 
     </span>
    </p>
   </div>
   <div class='ocr_carea' id='block_1_18' title="bbox 927 635 1754 677">
    <p class='ocr_par' dir='ltr' id='par_1_18' title="bbox 927 635 1754 677">
     <span class='ocr_line' id='line_1_18' title="bbox 927 635 1754 677; baseline 0.001 -10"><span class='ocrx_word' id='word_1_158' title='bbox 927 635 1038 667; x_wconf 88' lang='lat' dir='ltr'><strong>bonum</strong></span> <span class='ocrx_word' id='word_1_159' title='bbox 1067 639 1112 667; x_wconf 91' lang='lat' dir='ltr'><strong>est</strong></span> <span class='ocrx_word' id='word_1_160' title='bbox 1140 635 1301 674; x_wconf 88' lang='lat' dir='ltr'><strong>discentes,</strong></span> <span class='ocrx_word' id='word_1_161' title='bbox 1332 635 1384 667; x_wconf 77' lang='lat' dir='ltr'><strong>sed</strong></span> <span class='ocrx_word' id='word_1_162' title='bbox 1410 635 1441 666; x_wconf 93' lang='lat' dir='ltr'><strong>in</strong></span> <span class='ocrx_word' id='word_1_163' title='bbox 1468 635 1580 677; x_wconf 87' lang='lat' dir='ltr'><strong>Spiritu</strong></span> <span class='ocrx_word' id='word_1_164' title='bbox 1608 641 1709 668; x_wconf 89' lang='lat' dir='ltr'><strong>sancto</strong></span> <span class='ocrx_word' id='word_1_165' title='bbox 1723 636 1754 668; x_wconf 90' lang='lat' dir='ltr'><strong>id</strong></span> 
     </span>
    </p>
   </div>
   <div class='ocr_carea' id='block_1_19' title="bbox 927 680 1754 718">
    <p class='ocr_par' dir='ltr' id='par_1_19' title="bbox 927 680 1754 718">
     <span class='ocr_line' id='line_1_19' title="bbox 927 680 1754 718; baseline 0.002 -7"><span class='ocrx_word' id='word_1_166' title='bbox 927 680 1025 712; x_wconf 90' lang='lat' dir='ltr'><strong>edocti</strong></span> <span class='ocrx_word' id='word_1_167' title='bbox 1041 691 1048 710; x_wconf 90' lang='lat'><strong>:</strong></span> <span class='ocrx_word' id='word_1_168' title='bbox 1067 689 1123 711; x_wconf 88' lang='lat' dir='ltr'><strong>nec</strong></span> <span class='ocrx_word' id='word_1_169' title='bbox 1133 680 1164 711; x_wconf 92' lang='lat' dir='ltr'><strong>in</strong></span> <span class='ocrx_word' id='word_1_170' title='bbox 1179 680 1268 712; x_wconf 91' lang='lat' dir='ltr'><strong>verbo</strong></span> <span class='ocrx_word' id='word_1_171' title='bbox 1280 680 1356 718; x_wconf 88' lang='lat' dir='ltr'><strong>solo,</strong></span> <span class='ocrx_word' id='word_1_172' title='bbox 1371 680 1423 711; x_wconf 91' lang='lat' dir='ltr'><strong>sed</strong></span> <span class='ocrx_word' id='word_1_173' title='bbox 1435 680 1466 711; x_wconf 91' lang='lat' dir='ltr'><strong>in</strong></span> <span class='ocrx_word' id='word_1_174' title='bbox 1481 680 1595 712; x_wconf 85' lang='lat' dir='ltr'><strong>lumine</strong></span> <span class='ocrx_word' id='word_1_175' title='bbox 1609 680 1700 713; x_wconf 84' lang='lat' dir='ltr'><strong>Verbi</strong></span> <span class='ocrx_word' id='word_1_176' title='bbox 1711 681 1754 713; x_wconf 90' lang='lat' dir='ltr'><strong>lu-</strong></span> 
     </span>
    </p>
   </div>
   <div class='ocr_carea' id='block_1_20' title="bbox 44 723 1755 769">
    <p class='ocr_par' dir='ltr' id='par_1_20' title="bbox 44 723 1755 769">
     <span class='ocr_line' id='line_1_20' title="bbox 44 723 1755 769; baseline 0 -12"><span class='ocrx_word' id='word_1_177' title='bbox 44 731 115 758; x_wconf 90' lang='lat' dir='ltr'><strong>tatu</strong></span> <span class='ocrx_word' id='word_1_178' title='bbox 130 737 222 768; x_wconf 84' lang='lat' dir='ltr'><strong>grave</strong></span> <span class='ocrx_word' id='word_1_179' title='bbox 238 727 393 759; x_wconf 90' lang='lat' dir='ltr'><strong>nobiscum</strong></span> <span class='ocrx_word' id='word_1_180' title='bbox 417 723 586 769; x_wconf 72' lang='lat' dir='ltr'><strong>gestantes;</strong></span> <span class='ocrx_word' id='word_1_181' title='bbox 602 738 640 760; x_wconf 93' lang='lat' dir='ltr'><strong>ne</strong></span> <span class='ocrx_word' id='word_1_182' title='bbox 655 728 692 759; x_wconf 91' lang='lat' dir='ltr'><strong>ob</strong></span> <span class='ocrx_word' id='word_1_183' title='bbox 709 729 765 760; x_wconf 89' lang='lat' dir='ltr'><strong>hoc</strong></span> <span class='ocrx_word' id='word_1_184' title='bbox 779 723 888 759; x_wconf 85' lang='lat' dir='ltr'><strong>lentius</strong></span> <span class='ocrx_word' id='word_1_185' title='bbox 928 724 1156 766; x_wconf 81' lang='lat' dir='ltr'><strong>minis_mystice</strong></span> <span class='ocrx_word' id='word_1_186' title='bbox 1173 724 1280 756; x_wconf 87' lang='lat' dir='ltr'><strong>divinis</strong></span> <span class='ocrx_word' id='word_1_187' title='bbox 1309 723 1432 756; x_wconf 87' lang='lat' dir='ltr'><strong>initiati.</strong></span> <span class='ocrx_word' id='word_1_188' title='bbox 1458 726 1545 756; x_wconf 90' lang='lat' dir='ltr'><strong>Tunc</strong></span> <span class='ocrx_word' id='word_1_189' title='bbox 1569 725 1650 756; x_wconf 86' lang='lat' dir='ltr'><strong>enim</strong></span> <span class='ocrx_word' id='word_1_190' title='bbox 1671 725 1755 757; x_wconf 84' lang='lat' dir='ltr'><strong>vobis</strong></span> 
     </span>
    </p>
   </div>
   <div class='ocr_carea' id='block_1_21' title="bbox 48 769 1755 814">
    <p class='ocr_par' dir='ltr' id='par_1_21' title="bbox 48 769 1755 814">
     <span class='ocr_line' id='line_1_21' title="bbox 48 769 1755 814; baseline 0.001 -12"><span class='ocrx_word' id='word_1_191' title='bbox 48 773 155 803; x_wconf 87' lang='lat' dir='ltr'><strong>coacti</strong></span> <span class='ocrx_word' id='word_1_192' title='bbox 174 772 326 811; x_wconf 86' lang='lat' dir='ltr'><strong>incedere,</strong></span> <span class='ocrx_word' id='word_1_193' title='bbox 346 774 492 804; x_wconf 87' lang='lat' dir='ltr'><strong>civitatem</strong></span> <span class='ocrx_word' id='word_1_194' title='bbox 512 773 601 805; x_wconf 82' lang='lat' dir='ltr'><strong>David</strong></span> <span class='ocrx_word' id='word_1_195' title='bbox 617 773 776 814; x_wconf 72' lang='lat' dir='ltr'><strong>attingere,</strong></span> <span class='ocrx_word' id='word_1_196' title='bbox 796 776 887 813; x_wconf 84' lang='lat' dir='ltr'><strong>atque</strong></span> <span class='ocrx_word' id='word_1_197' title='bbox 927 769 1011 809; x_wconf 88' lang='lat' dir='ltr'><strong>ipsis,</strong></span> <span class='ocrx_word' id='word_1_198' title='bbox 1024 770 1130 810; x_wconf 89' lang='lat' dir='ltr'><strong>inquit,</strong></span> <span class='ocrx_word' id='word_1_199' title='bbox 1146 773 1175 801; x_wconf 92' lang='lat' dir='ltr'><strong>et</strong></span> <span class='ocrx_word' id='word_1_200' title='bbox 1190 769 1332 810; x_wconf 81' lang='lat' dir='ltr'><strong>proximis</strong></span> <span class='ocrx_word' id='word_1_201' title='bbox 1353 769 1490 800; x_wconf 90' lang='lat' dir='ltr'><strong>doctores</strong></span> <span class='ocrx_word' id='word_1_202' title='bbox 1502 769 1597 808; x_wconf 85' lang='lat' dir='ltr'><strong>eritis,</strong></span> <span class='ocrx_word' id='word_1_203' title='bbox 1612 779 1710 811; x_wconf 86' lang='lat' dir='ltr'><strong>neque</strong></span> <span class='ocrx_word' id='word_1_204' title='bbox 1724 770 1755 802; x_wconf 87' lang='lat' dir='ltr'><strong>id</strong></span> 
     </span>
    </p>
   </div>
   <div class='ocr_carea' id='block_1_22' title="bbox 44 814 1757 858">
    <p class='ocr_par' dir='ltr' id='par_1_22' title="bbox 44 814 1757 858">
     <span class='ocr_line' id='line_1_22' title="bbox 44 814 1757 858; baseline 0.001 -11"><span class='ocrx_word' id='word_1_205' title='bbox 44 817 178 856; x_wconf 84' lang='lat' dir='ltr'><strong>ingredi</strong></span> <span class='ocrx_word' id='word_1_206' title='bbox 196 826 254 849; x_wconf 91' lang='lat' dir='ltr'><strong>non</strong></span> <span class='ocrx_word' id='word_1_207' title='bbox 271 818 428 858; x_wconf 90' lang='lat' dir='ltr'><strong>possimus.</strong></span> <span class='ocrx_word' id='word_1_208' title='bbox 445 817 575 849; x_wconf 90' lang='lat' dir='ltr'><strong>Obsecro</strong></span> <span class='ocrx_word' id='word_1_209' title='bbox 600 827 664 856; x_wconf 90' lang='lat' dir='ltr'><strong>vos,</strong></span> <span class='ocrx_word' id='word_1_210' title='bbox 690 827 743 858; x_wconf 90' lang='lat' dir='ltr'><strong>per</strong></span> <span class='ocrx_word' id='word_1_211' title='bbox 758 826 887 858; x_wconf 84' lang='lat' dir='ltr'><strong>Operan-</strong></span> <span class='ocrx_word' id='word_1_212' title='bbox 928 815 1035 853; x_wconf 90' lang='lat' dir='ltr'><strong>solum,</strong></span> <span class='ocrx_word' id='word_1_213' title='bbox 1053 814 1106 846; x_wconf 90' lang='lat' dir='ltr'><strong>sed</strong></span> <span class='ocrx_word' id='word_1_214' title='bbox 1123 818 1152 846; x_wconf 92' lang='lat' dir='ltr'><strong>et</strong></span> <span class='ocrx_word' id='word_1_215' title='bbox 1177 815 1227 846; x_wconf 81' lang='lat' dir='ltr'><strong>lux</strong></span> <span class='ocrx_word' id='word_1_216' title='bbox 1253 814 1397 846; x_wconf 40' lang='lat' dir='ltr'><strong>mundis&#39;tg</strong></span> <span class='ocrx_word' id='word_1_217' title='bbox 1410 839 1418 852; x_wconf 91' lang='lat'><strong>,</strong></span> <span class='ocrx_word' id='word_1_218' title='bbox 1443 818 1473 846; x_wconf 91' lang='lat' dir='ltr'><strong>et</strong></span> <span class='ocrx_word' id='word_1_219' title='bbox 1487 814 1692 849; x_wconf 54' lang='lat' dir='ltr'><strong>saltem-33.</strong></span> <span class='ocrx_word' id='word_1_220' title='bbox 1707 815 1757 848; x_wconf 89' lang='lat' dir='ltr'><strong>Illi</strong></span> 
     </span>
    </p>
   </div>
   <div class='ocr_carea' id='block_1_23' title="bbox 43 860 1754 906">
    <p class='ocr_par' dir='ltr' id='par_1_23' title="bbox 43 860 1754 906">
     <span class='ocr_line' id='line_1_23' title="bbox 43 860 1754 906; baseline 0.002 -15"><span class='ocrx_word' id='word_1_221' title='bbox 43 865 124 906; x_wconf 10' lang='lat' dir='ltr'><strong>tem,</strong></span> <span class='ocrx_word' id='word_1_222' title='bbox 138 861 171 892; x_wconf 93' lang='lat' dir='ltr'><strong>in</strong></span> <span class='ocrx_word' id='word_1_223' title='bbox 187 861 276 906; x_wconf 90' lang='lat' dir='ltr'><strong>nobis</strong></span> <span class='ocrx_word' id='word_1_224' title='bbox 285 864 420 901; x_wconf 78' lang='lat' dir='ltr'><strong>gratiam,</strong></span> <span class='ocrx_word' id='word_1_225' title='bbox 437 870 476 893; x_wconf 90' lang='lat' dir='ltr'><strong>ne</strong></span> <span class='ocrx_word' id='word_1_226' title='bbox 492 862 617 894; x_wconf 84' lang='lat' dir='ltr'><strong>salutem</strong></span> <span class='ocrx_word' id='word_1_227' title='bbox 633 866 763 893; x_wconf 90' lang='lat' dir='ltr'><strong>nostram</strong></span> <span class='ocrx_word' id='word_1_228' title='bbox 779 862 810 892; x_wconf 93' lang='lat' dir='ltr'><strong>in</strong></span> <span class='ocrx_word' id='word_1_229' title='bbox 826 862 881 892; x_wconf 88' lang='lat' dir='ltr'><strong>mi-</strong></span> <span class='ocrx_word' id='word_1_230' title='bbox 896 881 916 906; x_wconf 70' lang='grc' dir='ltr'>Β</span> <span class='ocrx_word' id='word_1_231' title='bbox 927 869 998 906; x_wconf 63' lang='lat' dir='ltr'><strong>ergo</strong></span> <span class='ocrx_word' id='word_1_232' title='bbox 1026 864 1094 891; x_wconf 87' lang='lat' dir='ltr'><strong>ante</strong></span> <span class='ocrx_word' id='word_1_233' title='bbox 1123 860 1246 906; x_wconf 78' lang='lat' dir='ltr'><strong>gratiam</strong></span> <span class='ocrx_word' id='word_1_234' title='bbox 1270 860 1351 906; x_wconf 79' lang='lat' dir='ltr'><strong>velut</strong></span> <span class='ocrx_word' id='word_1_235' title='bbox 1380 860 1434 892; x_wconf 86' lang='lat' dir='ltr'><strong>sub</strong></span> <span class='ocrx_word' id='word_1_236' title='bbox 1458 860 1526 901; x_wconf 84' lang='lat' dir='ltr'><strong>lege</strong></span> <span class='ocrx_word' id='word_1_237' title='bbox 1541 865 1640 901; x_wconf 89' lang='lat' dir='ltr'><strong>erant,</strong></span> <span class='ocrx_word' id='word_1_238' title='bbox 1656 865 1686 894; x_wconf 91' lang='lat' dir='ltr'><strong>et</strong></span> <span class='ocrx_word' id='word_1_239' title='bbox 1700 861 1754 894; x_wconf 90' lang='lat' dir='ltr'><strong>sub</strong></span> 
     </span>
    </p>
   </div>
   <div class='ocr_carea' id='block_1_24' title="bbox 45 904 1757 947">
    <p class='ocr_par' dir='ltr' id='par_1_24' title="bbox 45 904 1757 947">
     <span class='ocr_line' id='line_1_24' title="bbox 45 904 1757 947; baseline 0.001 -11"><span class='ocrx_word' id='word_1_240' title='bbox 45 905 146 937; x_wconf 85' lang='lat' dir='ltr'><strong>nimis</strong></span> <span class='ocrx_word' id='word_1_241' title='bbox 176 905 319 937; x_wconf 87' lang='lat' dir='ltr'><strong>ducamus</strong></span> <span class='ocrx_word' id='word_1_242' title='bbox 349 917 356 936; x_wconf 88' lang='lat'>:</span> <span class='ocrx_word' id='word_1_243' title='bbox 387 907 439 938; x_wconf 91' lang='lat' dir='ltr'><strong>sed</strong></span> <span class='ocrx_word' id='word_1_244' title='bbox 468 907 548 938; x_wconf 90' lang='lat' dir='ltr'><strong>velut</strong></span> <span class='ocrx_word' id='word_1_245' title='bbox 572 916 589 937; x_wconf 90' lang='lat' dir='ltr'><strong>a</strong></span> <span class='ocrx_word' id='word_1_246' title='bbox 610 916 714 938; x_wconf 90' lang='lat' dir='ltr'><strong>somno</strong></span> <span class='ocrx_word' id='word_1_247' title='bbox 740 904 913 946; x_wconf 49' lang='lat' dir='ltr'><strong>perversa‘,‘</strong></span> <span class='ocrx_word' id='word_1_248' title='bbox 927 905 1032 937; x_wconf 91' lang='lat' dir='ltr'><strong>umbra</strong></span> <span class='ocrx_word' id='word_1_249' title='bbox 1047 906 1112 946; x_wconf 89' lang='lat' dir='ltr'><strong>ejus</strong></span> <span class='ocrx_word' id='word_1_250' title='bbox 1127 905 1281 937; x_wconf 88' lang='lat' dir='ltr'><strong>sedebant.</strong></span> <span class='ocrx_word' id='word_1_251' title='bbox 1298 904 1357 936; x_wconf 83' lang='lat' dir='ltr'><strong>Nos</strong></span> <span class='ocrx_word' id='word_1_252' title='bbox 1372 909 1470 937; x_wconf 86' lang='lat' dir='ltr'><strong>autem</strong></span> <span class='ocrx_word' id='word_1_253' title='bbox 1495 909 1562 947; x_wconf 90' lang='lat' dir='ltr'><strong>post</strong></span> <span class='ocrx_word' id='word_1_254' title='bbox 1585 906 1709 947; x_wconf 81' lang='lat' dir='ltr'><strong>gratiam</strong></span> <span class='ocrx_word' id='word_1_255' title='bbox 1723 910 1757 938; x_wconf 92' lang='lat' dir='ltr'><strong>ut</strong></span> 
     </span>
    </p>
   </div>
   <div class='ocr_carea' id='block_1_25' title="bbox 45 950 1754 992">
    <p class='ocr_par' dir='ltr' id='par_1_25' title="bbox 45 950 1754 992">
     <span class='ocr_line' id='line_1_25' title="bbox 45 950 1754 992; baseline 0.002 -12"><span class='ocrx_word' id='word_1_256' title='bbox 45 950 247 991; x_wconf 74' lang='lat' dir='ltr'><strong>arrogantiae,</strong></span> <span class='ocrx_word' id='word_1_257' title='bbox 261 951 464 992; x_wconf 68' lang='lat' dir='ltr'><strong>socordiaeque</strong></span> <span class='ocrx_word' id='word_1_258' title='bbox 481 951 689 992; x_wconf 84' lang='lat' dir='ltr'><strong>expergefacti,</strong></span> <span class='ocrx_word' id='word_1_259' title='bbox 706 960 744 982; x_wconf 90' lang='lat' dir='ltr'><strong>ne</strong></span> <span class='ocrx_word' id='word_1_260' title='bbox 760 955 882 988; x_wconf 90' lang='lat' dir='ltr'><strong>stemus,</strong></span> <span class='ocrx_word' id='word_1_261' title='bbox 924 950 955 981; x_wconf 90' lang='lat' dir='ltr'><strong>in</strong></span> <span class='ocrx_word' id='word_1_262' title='bbox 971 950 1096 988; x_wconf 88' lang='lat' dir='ltr'><strong>lumine,</strong></span> <span class='ocrx_word' id='word_1_263' title='bbox 1113 954 1142 981; x_wconf 91' lang='lat' dir='ltr'><strong>et</strong></span> <span class='ocrx_word' id='word_1_264' title='bbox 1157 950 1206 982; x_wconf 91' lang='lat' dir='ltr'><strong>die</strong></span> <span class='ocrx_word' id='word_1_265' title='bbox 1224 950 1386 989; x_wconf 86' lang='lat' dir='ltr'><strong>constituti,</strong></span> <span class='ocrx_word' id='word_1_266' title='bbox 1408 950 1444 982; x_wconf 81' lang='lat' dir='ltr'><strong>ab</strong></span> <span class='ocrx_word' id='word_1_267' title='bbox 1458 950 1565 982; x_wconf 84' lang='lat' dir='ltr'><strong>umbra</strong></span> <span class='ocrx_word' id='word_1_268' title='bbox 1579 960 1634 982; x_wconf 86' lang='lat' dir='ltr'><strong>seu</strong></span> <span class='ocrx_word' id='word_1_269' title='bbox 1658 951 1754 983; x_wconf 87' lang='lat' dir='ltr'><strong>servi-</strong></span> 
     </span>
    </p>
   </div>
   <div class='ocr_carea' id='block_1_26' title="bbox 45 995 1757 1037">
    <p class='ocr_par' dir='ltr' id='par_1_26' title="bbox 45 995 1757 1037">
     <span class='ocr_line' id='line_1_26' title="bbox 45 995 1757 1037; baseline 0.001 -12"><span class='ocrx_word' id='word_1_270' title='bbox 45 1004 109 1025; x_wconf 89' lang='lat' dir='ltr'><strong>nec</strong></span> <span class='ocrx_word' id='word_1_271' title='bbox 126 995 300 1032; x_wconf 86' lang='lat' dir='ltr'><strong>sedeamus,</strong></span> <span class='ocrx_word' id='word_1_272' title='bbox 325 996 420 1027; x_wconf 91' lang='lat' dir='ltr'><strong>donec</strong></span> <span class='ocrx_word' id='word_1_273' title='bbox 446 1003 527 1027; x_wconf 80' lang='lat' dir='ltr'><strong>extra</strong></span> <span class='ocrx_word' id='word_1_274' title='bbox 554 997 633 1027; x_wconf 91' lang='lat' dir='ltr'><strong>hunc</strong></span> <span class='ocrx_word' id='word_1_275' title='bbox 662 995 806 1026; x_wconf 91' lang='lat' dir='ltr'><strong>mundum</strong></span> <span class='ocrx_word' id='word_1_276' title='bbox 823 999 883 1026; x_wconf 90' lang='lat' dir='ltr'><strong>toto</strong></span> <span class='ocrx_word' id='word_1_277' title='bbox 924 995 1079 1035; x_wconf 55' lang='lat' dir='ltr'><strong>tuteglegis</strong></span> <span class='ocrx_word' id='word_1_278' title='bbox 1095 995 1212 1026; x_wconf 89' lang='lat' dir='ltr'><strong>liberati</strong></span> <span class='ocrx_word' id='word_1_279' title='bbox 1228 1004 1341 1033; x_wconf 92' lang='lat' dir='ltr'><strong>sumus,</strong></span> <span class='ocrx_word' id='word_1_280' title='bbox 1372 995 1543 1037; x_wconf 88' lang='lat' dir='ltr'><strong>superiores</strong></span> <span class='ocrx_word' id='word_1_281' title='bbox 1565 995 1682 1028; x_wconf 80' lang='lat' dir='ltr'><strong>scilicet</strong></span> <span class='ocrx_word' id='word_1_282' title='bbox 1705 996 1757 1028; x_wconf 86' lang='lat' dir='ltr'><strong>illa</strong></span> 
     </span>
    </p>
   </div>
   <div class='ocr_carea' id='block_1_27' title="bbox 45 1039 1754 1081">
    <p class='ocr_par' dir='ltr' id='par_1_27' title="bbox 45 1039 1754 1081">
     <span class='ocr_line' id='line_1_27' title="bbox 45 1039 1754 1081; baseline 0.002 -12"><span class='ocrx_word' id='word_1_283' title='bbox 45 1039 154 1070; x_wconf 91' lang='lat' dir='ltr'><strong>animo</strong></span> <span class='ocrx_word' id='word_1_284' title='bbox 168 1039 522 1081; x_wconf 90' lang='lat' dir='ltr'><strong>simus,Salvatoremque</strong></span> <span class='ocrx_word' id='word_1_285' title='bbox 533 1050 565 1071; x_wconf 88' lang='lat' dir='ltr'><strong>ac</strong></span> <span class='ocrx_word' id='word_1_286' title='bbox 577 1040 737 1071; x_wconf 89' lang='lat' dir='ltr'><strong>Dominum</strong></span> <span class='ocrx_word' id='word_1_287' title='bbox 748 1043 882 1070; x_wconf 89' lang='lat' dir='ltr'><strong>nostrum</strong></span> <span class='ocrx_word' id='word_1_288' title='bbox 923 1040 1003 1081; x_wconf 84' lang='lat' dir='ltr'><strong>facti,</strong></span> <span class='ocrx_word' id='word_1_289' title='bbox 1020 1040 1104 1080; x_wconf 88' lang='lat' dir='ltr'><strong>quasi</strong></span> <span class='ocrx_word' id='word_1_290' title='bbox 1119 1049 1172 1081; x_wconf 88' lang='lat' dir='ltr'><strong>per</strong></span> <span class='ocrx_word' id='word_1_291' title='bbox 1185 1039 1293 1080; x_wconf 83' lang='lat' dir='ltr'><strong>gradus</strong></span> <span class='ocrx_word' id='word_1_292' title='bbox 1309 1040 1453 1081; x_wconf 89' lang='lat' dir='ltr'><strong>quosdam</strong></span> <span class='ocrx_word' id='word_1_293' title='bbox 1483 1040 1550 1072; x_wconf 58' lang='lat' dir='ltr'><strong>vita»,</strong></span> <span class='ocrx_word' id='word_1_294' title='bbox 1573 1041 1754 1081; x_wconf 68' lang='lat' dir='ltr'><strong>evangelicae</strong></span> 
     </span>
    </p>
   </div>
   <div class='ocr_carea' id='block_1_28' title="bbox 46 1080 1753 1126">
    <p class='ocr_par' dir='ltr' id='par_1_28' title="bbox 46 1080 1753 1126">
     <span class='ocr_line' id='line_1_28' title="bbox 46 1080 1753 1126; baseline 0.002 -12"><span class='ocrx_word' id='word_1_295' title='bbox 46 1084 222 1122; x_wconf 73' lang='lat' dir='ltr'><strong>inventum,</strong></span> <span class='ocrx_word' id='word_1_296' title='bbox 237 1089 268 1117; x_wconf 89' lang='lat' dir='ltr'><strong>et</strong></span> <span class='ocrx_word' id='word_1_297' title='bbox 283 1080 481 1126; x_wconf 16' lang='lat' dir='ltr'><strong>conspectum,</strong></span> <span class='ocrx_word' id='word_1_298' title='bbox 494 1086 555 1117; x_wconf 88' lang='lat' dir='ltr'><strong>illic</strong></span> <span class='ocrx_word' id='word_1_299' title='bbox 568 1085 756 1126; x_wconf 90' lang='lat' dir='ltr'><strong>procidentes</strong></span> <span class='ocrx_word' id='word_1_300' title='bbox 771 1085 879 1116; x_wconf 88' lang='lat' dir='ltr'><strong>adore-</strong></span> <span class='ocrx_word' id='word_1_301' title='bbox 923 1080 956 1115; x_wconf 75' lang='lat' dir='ltr'><strong>in</strong></span> <span class='ocrx_word' id='word_1_302' title='bbox 973 1080 1160 1116; x_wconf 87' lang='lat' dir='ltr'><strong>altitudinem</strong></span> <span class='ocrx_word' id='word_1_303' title='bbox 1175 1084 1295 1123; x_wconf 88' lang='lat' dir='ltr'><strong>sublati,</strong></span> <span class='ocrx_word' id='word_1_304' title='bbox 1312 1080 1342 1116; x_wconf 81' lang='lat' dir='ltr'><strong>et</strong></span> <span class='ocrx_word' id='word_1_305' title='bbox 1365 1094 1432 1116; x_wconf 92' lang='lat' dir='ltr'><strong>cum</strong></span> <span class='ocrx_word' id='word_1_306' title='bbox 1457 1084 1628 1124; x_wconf 78' lang='lat' dir='ltr'><strong>legislatore</strong></span> <span class='ocrx_word' id='word_1_307' title='bbox 1651 1080 1753 1117; x_wconf 82' lang='lat' dir='ltr'><strong>viven-</strong></span> 
     </span>
    </p>
   </div>
   <div class='ocr_carea' id='block_1_29' title="bbox 49 1129 1753 1172">
    <p class='ocr_par' dir='ltr' id='par_1_29' title="bbox 49 1129 1753 1172">
     <span class='ocr_line' id='line_1_29' title="bbox 49 1129 1753 1172; baseline 0.001 -12"><span class='ocrx_word' id='word_1_308' title='bbox 49 1138 134 1161; x_wconf 93' lang='lat' dir='ltr'><strong>mus.</strong></span> <span class='ocrx_word' id='word_1_309' title='bbox 150 1129 186 1160; x_wconf 90' lang='lat' dir='ltr'><strong>Et</strong></span> <span class='ocrx_word' id='word_1_310' title='bbox 202 1139 298 1171; x_wconf 86' lang='lat' dir='ltr'><strong>neque</strong></span> <span class='ocrx_word' id='word_1_311' title='bbox 316 1137 378 1161; x_wconf 89' lang='lat' dir='ltr'><strong>tum</strong></span> <span class='ocrx_word' id='word_1_312' title='bbox 395 1136 518 1171; x_wconf 79' lang='lat' dir='ltr'><strong>stemus,</strong></span> <span class='ocrx_word' id='word_1_313' title='bbox 537 1131 589 1162; x_wconf 88' lang='lat' dir='ltr'><strong>sed</strong></span> <span class='ocrx_word' id='word_1_314' title='bbox 610 1131 706 1161; x_wconf 87' lang='lat' dir='ltr'><strong>donec</strong></span> <span class='ocrx_word' id='word_1_315' title='bbox 730 1130 779 1161; x_wconf 91' lang='lat' dir='ltr'><strong>ille</strong></span> <span class='ocrx_word' id='word_1_316' title='bbox 794 1129 883 1161; x_wconf 89' lang='lat' dir='ltr'><strong>nobis</strong></span> <span class='ocrx_word' id='word_1_317' title='bbox 927 1133 982 1166; x_wconf 87' lang='lat' dir='ltr'><strong>tes,</strong></span> <span class='ocrx_word' id='word_1_318' title='bbox 999 1129 1044 1161; x_wconf 92' lang='lat' dir='ltr'><strong>vel</strong></span> <span class='ocrx_word' id='word_1_319' title='bbox 1059 1129 1158 1170; x_wconf 90' lang='lat' dir='ltr'><strong>potius</strong></span> <span class='ocrx_word' id='word_1_320' title='bbox 1174 1129 1336 1170; x_wconf 72' lang='lat' dir='ltr'><strong>etiamjipsi</strong></span> <span class='ocrx_word' id='word_1_321' title='bbox 1359 1129 1556 1171; x_wconf 80' lang='lat' dir='ltr'><strong>legislatores,</strong></span> <span class='ocrx_word' id='word_1_322' title='bbox 1577 1134 1630 1163; x_wconf 89' lang='lat' dir='ltr'><strong>aut</strong></span> <span class='ocrx_word' id='word_1_323' title='bbox 1654 1130 1753 1172; x_wconf 81' lang='lat' dir='ltr'><strong>legum</strong></span> 
     </span>
    </p>
   </div>
   <div class='ocr_carea' id='block_1_30' title="bbox 48 1173 1077 1215">
    <p class='ocr_par' dir='ltr' id='par_1_30' title="bbox 48 1173 1077 1215">
     <span class='ocr_line' id='line_1_30' title="bbox 48 1173 1077 1215; baseline 0.002 -11"><span class='ocrx_word' id='word_1_324' title='bbox 48 1173 134 1205; x_wconf 86' lang='lat' dir='ltr'><strong>dicat</strong></span> <span class='ocrx_word' id='word_1_325' title='bbox 148 1184 156 1204; x_wconf 89' lang='lat'><strong>:</strong></span> <span class='ocrx_word' id='word_1_326' title='bbox 175 1174 230 1206; x_wconf 85' lang='lat' dir='ltr'><strong>Vos</strong></span> <span class='ocrx_word' id='word_1_327' title='bbox 242 1184 304 1206; x_wconf 82' lang='lat' dir='ltr'><strong>non</strong></span> <span class='ocrx_word' id='word_1_328' title='bbox 325 1177 396 1207; x_wconf 76' lang='lat' dir='ltr'><strong>estis</strong></span> <span class='ocrx_word' id='word_1_329' title='bbox 412 1176 448 1207; x_wconf 87' lang='lat' dir='ltr'><strong>de</strong></span> <span class='ocrx_word' id='word_1_330' title='bbox 466 1176 522 1207; x_wconf 81' lang='lat' dir='ltr'><strong>hoc</strong></span> <span class='ocrx_word' id='word_1_331' title='bbox 535 1177 660 1215; x_wconf 83' lang='lat' dir='ltr'><strong>mundo,</strong></span> <span class='ocrx_word' id='word_1_332' title='bbox 677 1175 726 1206; x_wconf 81' lang='lat' dir='ltr'><strong>sed</strong></span> <span class='ocrx_word' id='word_1_333' title='bbox 741 1183 794 1215; x_wconf 88' lang='lat' dir='ltr'><strong>ego</strong></span> <span class='ocrx_word' id='word_1_334' title='bbox 808 1174 885 1215; x_wconf 79' lang='lat' dir='ltr'><strong>elegi</strong></span> <span class='ocrx_word' id='word_1_335' title='bbox 926 1174 1077 1206; x_wconf 88' lang='lat' dir='ltr'><strong>custodes.</strong></span> 
     </span>
    </p>
   </div>
   <div class='ocr_carea' id='block_1_31' title="bbox 48 1220 884 1261">
    <p class='ocr_par' dir='ltr' id='par_1_31' title="bbox 48 1220 884 1261">
     <span class='ocr_line' id='line_1_31' title="bbox 48 1220 884 1261; baseline 0.002 -11"><span class='ocrx_word' id='word_1_336' title='bbox 48 1227 106 1250; x_wconf 85' lang='lat' dir='ltr'><strong>vos</strong></span> <span class='ocrx_word' id='word_1_337' title='bbox 118 1220 157 1251; x_wconf 88' lang='lat' dir='ltr'><strong>de</strong></span> <span class='ocrx_word' id='word_1_338' title='bbox 167 1220 280 1251; x_wconf 85' lang='lat' dir='ltr'><strong>mundo</strong></span> <span class='ocrx_word' id='word_1_339' title='bbox 290 1220 340 1251; x_wconf 40' lang='lat'><strong>97‘.</strong></span> <span class='ocrx_word' id='word_1_340' title='bbox 358 1220 483 1256; x_wconf 86' lang='lat' dir='ltr'><strong>Quinam</strong></span> <span class='ocrx_word' id='word_1_341' title='bbox 497 1225 595 1251; x_wconf 88' lang='lat' dir='ltr'><strong>autem</strong></span> <span class='ocrx_word' id='word_1_342' title='bbox 607 1220 714 1261; x_wconf 88' lang='lat' dir='ltr'><strong>aliquis</strong></span> <span class='ocrx_word' id='word_1_343' title='bbox 726 1229 761 1251; x_wconf 92' lang='lat' dir='ltr'><strong>eo</strong></span> <span class='ocrx_word' id='word_1_344' title='bbox 776 1229 884 1260; x_wconf 89' lang='lat' dir='ltr'><strong>perve—</strong></span> 
     </span>
    </p>
   </div>
   <div class='ocr_carea' id='block_1_32' title="bbox 50 1263 1755 1306">
    <p class='ocr_par' dir='ltr' id='par_1_32' title="bbox 50 1263 1755 1306">
     <span class='ocr_line' id='line_1_32' title="bbox 50 1263 1755 1306; baseline 0.001 -12"><span class='ocrx_word' id='word_1_345' title='bbox 50 1264 127 1302; x_wconf 88' lang='lat' dir='ltr'><strong>niat,</strong></span> <span class='ocrx_word' id='word_1_346' title='bbox 142 1268 174 1295; x_wconf 91' lang='lat' dir='ltr'><strong>ut</strong></span> <span class='ocrx_word' id='word_1_347' title='bbox 189 1274 248 1295; x_wconf 92' lang='lat' dir='ltr'><strong>non</strong></span> <span class='ocrx_word' id='word_1_348' title='bbox 263 1265 301 1296; x_wconf 87' lang='lat' dir='ltr'><strong>sit</strong></span> <span class='ocrx_word' id='word_1_349' title='bbox 317 1265 354 1296; x_wconf 89' lang='lat' dir='ltr'><strong>de</strong></span> <span class='ocrx_word' id='word_1_350' title='bbox 369 1266 424 1297; x_wconf 86' lang='lat' dir='ltr'><strong>hoc</strong></span> <span class='ocrx_word' id='word_1_351' title='bbox 439 1265 572 1296; x_wconf 82' lang='lat' dir='ltr'><strong>mundo?</strong></span> <span class='ocrx_word' id='word_1_352' title='bbox 588 1265 613 1296; x_wconf 91' lang='lat' dir='ltr'><strong>si</strong></span> <span class='ocrx_word' id='word_1_353' title='bbox 626 1266 756 1305; x_wconf 90' lang='lat' dir='ltr'><strong>seipsum</strong></span> <span class='ocrx_word' id='word_1_354' title='bbox 774 1264 884 1295; x_wconf 92' lang='lat' dir='ltr'><strong>mundo</strong></span> <span class='ocrx_word' id='word_1_355' title='bbox 925 1273 1028 1295; x_wconf 88' lang='lat' dir='ltr'><strong>eorum</strong></span> <span class='ocrx_word' id='word_1_356' title='bbox 1044 1273 1110 1305; x_wconf 65' lang='lat' dir='ltr'><strong>qua:</strong></span> <span class='ocrx_word' id='word_1_357' title='bbox 1123 1273 1141 1295; x_wconf 89' lang='lat' dir='ltr'><strong>a</strong></span> <span class='ocrx_word' id='word_1_358' title='bbox 1154 1263 1267 1305; x_wconf 89' lang='lat' dir='ltr'><strong>Spiritu</strong></span> <span class='ocrx_word' id='word_1_359' title='bbox 1284 1264 1426 1295; x_wconf 90' lang='lat' dir='ltr'><strong>dicuntur</strong></span> <span class='ocrx_word' id='word_1_360' title='bbox 1437 1264 1496 1295; x_wconf 92' lang='lat' dir='ltr'><strong>vim</strong></span> <span class='ocrx_word' id='word_1_361' title='bbox 1504 1263 1657 1296; x_wconf 88' lang='lat' dir='ltr'><strong>auditione</strong></span> <span class='ocrx_word' id='word_1_362' title='bbox 1665 1267 1755 1306; x_wconf 87' lang='lat' dir='ltr'><strong>queat</strong></span> 
     </span>
    </p>
   </div>
   <div class='ocr_carea' id='block_1_33' title="bbox 51 1308 1752 1351">
    <p class='ocr_par' dir='ltr' id='par_1_33' title="bbox 51 1308 1752 1351">
     <span class='ocr_line' id='line_1_33' title="bbox 51 1308 1752 1351; baseline 0 -12"><span class='ocrx_word' id='word_1_363' title='bbox 51 1309 241 1340; x_wconf 81' lang='lat' dir='ltr'><strong>cruciﬁxerit</strong></span> <span class='ocrx_word' id='word_1_364' title='bbox 255 1314 284 1341; x_wconf 91' lang='lat' dir='ltr'><strong>et</strong></span> <span class='ocrx_word' id='word_1_365' title='bbox 301 1310 443 1342; x_wconf 91' lang='lat' dir='ltr'><strong>mundum</strong></span> <span class='ocrx_word' id='word_1_366' title='bbox 470 1311 500 1341; x_wconf 91' lang='lat' dir='ltr'><strong>in</strong></span> <span class='ocrx_word' id='word_1_367' title='bbox 515 1310 628 1351; x_wconf 85' lang='lat' dir='ltr'><strong>seipso,</strong></span> <span class='ocrx_word' id='word_1_368' title='bbox 652 1313 684 1340; x_wconf 92' lang='lat' dir='ltr'><strong>ut</strong></span> <span class='ocrx_word' id='word_1_369' title='bbox 700 1309 804 1340; x_wconf 85' lang='lat' dir='ltr'><strong>Paulus</strong></span> <span class='ocrx_word' id='word_1_370' title='bbox 819 1309 860 1340; x_wconf 87' lang='lat' dir='ltr'><strong>ait</strong></span> <span class='ocrx_word' id='word_1_371' title='bbox 875 1314 882 1335; x_wconf 77' lang='grc' dir='ltr'><strong>ε</strong></span> <span class='ocrx_word' id='word_1_372' title='bbox 926 1308 1104 1349; x_wconf 83' lang='lat' dir='ltr'><strong>percipere?</strong></span> <span class='ocrx_word' id='word_1_373' title='bbox 1119 1308 1194 1340; x_wconf 88' lang='lat' dir='ltr'><strong>Num</strong></span> <span class='ocrx_word' id='word_1_374' title='bbox 1211 1308 1300 1340; x_wconf 88' lang='lat' dir='ltr'><strong>etiam</strong></span> <span class='ocrx_word' id='word_1_375' title='bbox 1309 1312 1364 1343; x_wconf 91' lang='lat' dir='ltr'><strong>est,</strong></span> <span class='ocrx_word' id='word_1_376' title='bbox 1377 1308 1428 1350; x_wconf 91' lang='lat' dir='ltr'><strong>qui</strong></span> <span class='ocrx_word' id='word_1_377' title='bbox 1439 1317 1561 1340; x_wconf 88' lang='lat' dir='ltr'><strong>sensum</strong></span> <span class='ocrx_word' id='word_1_378' title='bbox 1569 1308 1680 1340; x_wconf 87' lang='lat' dir='ltr'><strong>Christi</strong></span> <span class='ocrx_word' id='word_1_379' title='bbox 1695 1309 1752 1340; x_wconf 87' lang='lat' dir='ltr'><strong>ha-</strong></span> 
     </span>
    </p>
   </div>
   <div class='ocr_carea' id='block_1_34' title="bbox 52 1353 1751 1395">
    <p class='ocr_par' dir='ltr' id='par_1_34' title="bbox 52 1353 1751 1395">
     <span class='ocr_line' id='line_1_34' title="bbox 52 1353 1751 1395; baseline 0 -10"><span class='ocrx_word' id='word_1_380' title='bbox 52 1354 131 1385; x_wconf 74' lang='grc' dir='ltr'><strong>Μίὴί</strong></span> <span class='ocrx_word' id='word_1_381' title='bbox 146 1355 279 1386; x_wconf 85' lang='lat' dir='ltr'><strong>mundus</strong></span> <span class='ocrx_word' id='word_1_382' title='bbox 293 1356 460 1395; x_wconf 72' lang='lat' dir='ltr'><strong>cruciﬁxus</strong></span> <span class='ocrx_word' id='word_1_383' title='bbox 480 1359 533 1391; x_wconf 85' lang='lat' dir='ltr'><strong>est,</strong></span> <span class='ocrx_word' id='word_1_384' title='bbox 551 1359 579 1386; x_wconf 72' lang='lat' dir='ltr'><strong>et</strong></span> <span class='ocrx_word' id='word_1_385' title='bbox 593 1364 647 1395; x_wconf 89' lang='lat' dir='ltr'><strong>ego</strong></span> <span class='ocrx_word' id='word_1_386' title='bbox 662 1354 832 1386; x_wconf 53' lang='lat' dir='ltr'><strong>mundogs.</strong></span> <span class='ocrx_word' id='word_1_387' title='bbox 849 1354 886 1385; x_wconf 88' lang='lat' dir='ltr'><strong>Et</strong></span> <span class='ocrx_word' id='word_1_388' title='bbox 926 1353 1005 1392; x_wconf 90' lang='lat' dir='ltr'><strong>beat,</strong></span> <span class='ocrx_word' id='word_1_389' title='bbox 1023 1359 1054 1384; x_wconf 92' lang='lat' dir='ltr'><strong>ut</strong></span> <span class='ocrx_word' id='word_1_390' title='bbox 1068 1353 1160 1395; x_wconf 90' lang='lat' dir='ltr'><strong>probe</strong></span> <span class='ocrx_word' id='word_1_391' title='bbox 1176 1357 1204 1385; x_wconf 94' lang='lat' dir='ltr'><strong>et</strong></span> <span class='ocrx_word' id='word_1_392' title='bbox 1217 1355 1279 1385; x_wconf 89' lang='lat' dir='ltr'><strong>Deo</strong></span> <span class='ocrx_word' id='word_1_393' title='bbox 1294 1353 1508 1385; x_wconf 87' lang='lat' dir='ltr'><strong>convenienter</strong></span> <span class='ocrx_word' id='word_1_394' title='bbox 1523 1353 1672 1393; x_wconf 81' lang='lat' dir='ltr'><strong>intelligat</strong></span> <span class='ocrx_word' id='word_1_395' title='bbox 1685 1362 1751 1394; x_wconf 70' lang='lat' dir='ltr'><strong>qua:</strong></span> 
     </span>
    </p>
   </div>
   <div class='ocr_carea' id='block_1_35' title="bbox 52 1397 1750 1440">
    <p class='ocr_par' dir='ltr' id='par_1_35' title="bbox 52 1397 1750 1440">
     <span class='ocr_line' id='line_1_35' title="bbox 52 1397 1750 1440; baseline -0.001 -11"><span class='ocrx_word' id='word_1_396' title='bbox 52 1399 206 1439; x_wconf 91' lang='lat' dir='ltr'><strong>quomodo</strong></span> <span class='ocrx_word' id='word_1_397' title='bbox 223 1400 286 1430; x_wconf 65' lang='lat' dir='ltr'><strong>haec</strong></span> <span class='ocrx_word' id='word_1_398' title='bbox 301 1400 392 1431; x_wconf 88' lang='lat' dir='ltr'><strong>verba</strong></span> <span class='ocrx_word' id='word_1_399' title='bbox 408 1410 474 1431; x_wconf 80' lang='lat' dir='ltr'><strong>cum</strong></span> <span class='ocrx_word' id='word_1_400' title='bbox 490 1400 548 1431; x_wconf 88' lang='lat' dir='ltr'><strong>illis</strong></span> <span class='ocrx_word' id='word_1_401' title='bbox 555 1399 744 1430; x_wconf 87' lang='lat' dir='ltr'><strong>consentiunt</strong></span> <span class='ocrx_word' id='word_1_402' title='bbox 756 1399 769 1431; x_wconf 81' lang='lat'><strong>?</strong></span> <span class='ocrx_word' id='word_1_403' title='bbox 785 1399 885 1431; x_wconf 88' lang='lat' dir='ltr'><strong>Verba</strong></span> <span class='ocrx_word' id='word_1_404' title='bbox 925 1398 961 1429; x_wconf 87' lang='lat' dir='ltr'><strong>ab</strong></span> <span class='ocrx_word' id='word_1_405' title='bbox 971 1408 1005 1429; x_wconf 93' lang='lat' dir='ltr'><strong>eo</strong></span> <span class='ocrx_word' id='word_1_406' title='bbox 1017 1398 1127 1440; x_wconf 87' lang='lat' dir='ltr'><strong>scripta</strong></span> <span class='ocrx_word' id='word_1_407' title='bbox 1139 1397 1303 1430; x_wconf 83' lang='lat' dir='ltr'><strong>sunt?Num</strong></span> <span class='ocrx_word' id='word_1_408' title='bbox 1314 1398 1405 1429; x_wconf 88' lang='lat' dir='ltr'><strong>etiam</strong></span> <span class='ocrx_word' id='word_1_409' title='bbox 1415 1397 1583 1429; x_wconf 89' lang='lat' dir='ltr'><strong>invenietur</strong></span> <span class='ocrx_word' id='word_1_410' title='bbox 1591 1397 1750 1440; x_wconf 81' lang='lat' dir='ltr'><strong>quispiam,</strong></span> 
     </span>
    </p>
   </div>
   <div class='ocr_carea' id='block_1_36' title="bbox 52 1442 1752 1485">
    <p class='ocr_par' dir='ltr' id='par_1_36' title="bbox 52 1442 1752 1485">
     <span class='ocr_line' id='line_1_36' title="bbox 52 1442 1752 1485; baseline 0.001 -12"><span class='ocrx_word' id='word_1_411' title='bbox 52 1443 190 1484; x_wconf 86' lang='lat' dir='ltr'><strong>quidem,</strong></span> <span class='ocrx_word' id='word_1_412' title='bbox 213 1444 320 1485; x_wconf 83' lang='lat' dir='ltr'><strong>inquit,</strong></span> <span class='ocrx_word' id='word_1_413' title='bbox 337 1445 394 1476; x_wconf 86' lang='lat' dir='ltr'><strong>alia</strong></span> <span class='ocrx_word' id='word_1_414' title='bbox 409 1449 488 1482; x_wconf 89' lang='lat' dir='ltr'><strong>sunt,</strong></span> <span class='ocrx_word' id='word_1_415' title='bbox 517 1444 560 1475; x_wconf 89' lang='lat' dir='ltr'><strong>vis</strong></span> <span class='ocrx_word' id='word_1_416' title='bbox 575 1444 731 1476; x_wconf 91' lang='lat' dir='ltr'><strong>amborum</strong></span> <span class='ocrx_word' id='word_1_417' title='bbox 756 1453 815 1475; x_wconf 90' lang='lat' dir='ltr'><strong>una</strong></span> <span class='ocrx_word' id='word_1_418' title='bbox 831 1453 884 1475; x_wconf 89' lang='lat' dir='ltr'><strong>ea-</strong></span> <span class='ocrx_word' id='word_1_419' title='bbox 925 1443 1076 1475; x_wconf 75' lang='lat' dir='ltr'><strong>Chiistum</strong></span> <span class='ocrx_word' id='word_1_420' title='bbox 1093 1443 1123 1474; x_wconf 91' lang='lat' dir='ltr'><strong>in</strong></span> <span class='ocrx_word' id='word_1_421' title='bbox 1136 1452 1168 1474; x_wconf 88' lang='lat' dir='ltr'><strong>se</strong></span> <span class='ocrx_word' id='word_1_422' title='bbox 1182 1443 1247 1484; x_wconf 89' lang='lat' dir='ltr'><strong>ipso</strong></span> <span class='ocrx_word' id='word_1_423' title='bbox 1271 1443 1444 1484; x_wconf 89' lang='lat' dir='ltr'><strong>loquentem</strong></span> <span class='ocrx_word' id='word_1_424' title='bbox 1466 1442 1591 1481; x_wconf 86' lang='lat' dir='ltr'><strong>habens,</strong></span> <span class='ocrx_word' id='word_1_425' title='bbox 1617 1445 1651 1474; x_wconf 87' lang='lat' dir='ltr'><strong>ut</strong></span> <span class='ocrx_word' id='word_1_426' title='bbox 1673 1442 1752 1475; x_wconf 83' lang='lat' dir='ltr'><strong>bene</strong></span> 
     </span>
    </p>
   </div>
   <div class='ocr_carea' id='block_1_37' title="bbox 53 1487 1750 1531">
    <p class='ocr_par' dir='ltr' id='par_1_37' title="bbox 53 1487 1750 1531">
     <span class='ocr_line' id='line_1_37' title="bbox 53 1487 1750 1531; baseline 0.002 -13"><span class='ocrx_word' id='word_1_427' title='bbox 53 1488 196 1528; x_wconf 86' lang='lat' dir='ltr'><strong>demque.</strong></span> <span class='ocrx_word' id='word_1_428' title='bbox 213 1489 469 1526; x_wconf 90' lang='lat' dir='ltr'><strong>Quemadmodum</strong></span> <span class='ocrx_word' id='word_1_429' title='bbox 497 1490 575 1521; x_wconf 91' lang='lat' dir='ltr'><strong>enim</strong></span> <span class='ocrx_word' id='word_1_430' title='bbox 599 1489 649 1530; x_wconf 89' lang='lat' dir='ltr'><strong>qui</strong></span> <span class='ocrx_word' id='word_1_431' title='bbox 666 1493 748 1520; x_wconf 85' lang='lat' dir='ltr'><strong>extra</strong></span> <span class='ocrx_word' id='word_1_432' title='bbox 762 1489 882 1520; x_wconf 92' lang='lat' dir='ltr'><strong>domum</strong></span> <span class='ocrx_word' id='word_1_433' title='bbox 893 1504 914 1531; x_wconf 74' lang='grc' dir='ltr'><strong>ρ</strong></span> <span class='ocrx_word' id='word_1_434' title='bbox 927 1489 1019 1530; x_wconf 89' lang='lat' dir='ltr'><strong>possit</strong></span> <span class='ocrx_word' id='word_1_435' title='bbox 1033 1488 1142 1530; x_wconf 88' lang='lat' dir='ltr'><strong>eloqui,</strong></span> <span class='ocrx_word' id='word_1_436' title='bbox 1159 1498 1224 1530; x_wconf 61' lang='lat' dir='ltr'><strong>quae</strong></span> <span class='ocrx_word' id='word_1_437' title='bbox 1238 1488 1337 1520; x_wconf 89' lang='lat' dir='ltr'><strong>verbis</strong></span> <span class='ocrx_word' id='word_1_438' title='bbox 1363 1489 1502 1528; x_wconf 83' lang='lat' dir='ltr'><strong>leguntur</strong></span> <span class='ocrx_word' id='word_1_439' title='bbox 1516 1488 1680 1530; x_wconf 78' lang='lat' dir='ltr'><strong>mysteria?</strong></span> <span class='ocrx_word' id='word_1_440' title='bbox 1694 1487 1750 1521; x_wconf 88' lang='lat' dir='ltr'><strong>Sa-</strong></span> 
     </span>
    </p>
   </div>
   <div class='ocr_carea' id='block_1_38' title="bbox 53 1532 1749 1575">
    <p class='ocr_par' dir='ltr' id='par_1_38' title="bbox 53 1532 1749 1575">
     <span class='ocr_line' id='line_1_38' title="bbox 53 1532 1749 1575; baseline 0.001 -12"><span class='ocrx_word' id='word_1_441' title='bbox 53 1537 111 1568; x_wconf 92' lang='lat' dir='ltr'><strong>est,</strong></span> <span class='ocrx_word' id='word_1_442' title='bbox 130 1533 211 1564; x_wconf 90' lang='lat' dir='ltr'><strong>intus</strong></span> <span class='ocrx_word' id='word_1_443' title='bbox 226 1534 383 1565; x_wconf 90' lang='lat' dir='ltr'><strong>conclusos</strong></span> <span class='ocrx_word' id='word_1_444' title='bbox 399 1544 457 1565; x_wconf 93' lang='lat' dir='ltr'><strong>non</strong></span> <span class='ocrx_word' id='word_1_445' title='bbox 473 1534 571 1572; x_wconf 85' lang='lat' dir='ltr'><strong>videt;</strong></span> <span class='ocrx_word' id='word_1_446' title='bbox 599 1533 642 1564; x_wconf 92' lang='lat' dir='ltr'><strong>sic</strong></span> <span class='ocrx_word' id='word_1_447' title='bbox 658 1533 767 1564; x_wconf 88' lang='lat' dir='ltr'><strong>mundo</strong></span> <span class='ocrx_word' id='word_1_448' title='bbox 784 1534 883 1565; x_wconf 91' lang='lat' dir='ltr'><strong>cruci-</strong></span> <span class='ocrx_word' id='word_1_449' title='bbox 923 1535 1070 1575; x_wconf 79' lang='lat' dir='ltr'><strong>pientiam</strong></span> <span class='ocrx_word' id='word_1_450' title='bbox 1084 1534 1166 1565; x_wconf 83' lang='lat' dir='ltr'><strong>enim</strong></span> <span class='ocrx_word' id='word_1_451' title='bbox 1181 1534 1346 1574; x_wconf 78' lang='lat' dir='ltr'><strong>loquimur,</strong></span> <span class='ocrx_word' id='word_1_452' title='bbox 1368 1533 1476 1574; x_wconf 87' lang='lat' dir='ltr'><strong>inquit,</strong></span> <span class='ocrx_word' id='word_1_453' title='bbox 1492 1542 1556 1564; x_wconf 82' lang='lat' dir='ltr'><strong>non</strong></span> <span class='ocrx_word' id='word_1_454' title='bbox 1568 1532 1673 1565; x_wconf 75' lang='grc' dir='ltr'><strong>δασαιί</strong></span> <span class='ocrx_word' id='word_1_455' title='bbox 1689 1532 1749 1565; x_wconf 78' lang='lat' dir='ltr'><strong>hu-</strong></span> 
     </span>
    </p>
   </div>
   <div class='ocr_carea' id='block_1_39' title="bbox 55 1577 1751 1619">
    <p class='ocr_par' dir='ltr' id='par_1_39' title="bbox 55 1577 1751 1619">
     <span class='ocr_line' id='line_1_39' title="bbox 55 1577 1751 1619; baseline 0.002 -12"><span class='ocrx_word' id='word_1_456' title='bbox 55 1577 143 1617; x_wconf 60' lang='lat' dir='ltr'><strong>tixus,</strong></span> <span class='ocrx_word' id='word_1_457' title='bbox 162 1582 212 1609; x_wconf 90' lang='lat' dir='ltr'><strong>aut</strong></span> <span class='ocrx_word' id='word_1_458' title='bbox 227 1580 432 1616; x_wconf 78' lang='lat' dir='ltr'><strong>mortiﬁcatus,</strong></span> <span class='ocrx_word' id='word_1_459' title='bbox 452 1588 551 1610; x_wconf 91' lang='lat' dir='ltr'><strong>rerum</strong></span> <span class='ocrx_word' id='word_1_460' title='bbox 579 1578 795 1609; x_wconf 88' lang='lat' dir='ltr'><strong>mundanarum</strong></span> <span class='ocrx_word' id='word_1_461' title='bbox 811 1587 883 1609; x_wconf 91' lang='lat' dir='ltr'><strong>sen-</strong></span> <span class='ocrx_word' id='word_1_462' title='bbox 919 1578 1751 1619; x_wconf 67' lang='lat' dir='ltr'><strong>jus,quaevacuatur,sedsapientiaminmysterio,quae</strong></span> 
     </span>
    </p>
   </div>
   <div class='ocr_carea' id='block_1_40' title="bbox 967 1218 1756 1260">
    <p class='ocr_par' dir='ltr' id='par_1_40' title="bbox 967 1218 1756 1260">
     <span class='ocr_line' id='line_1_40' title="bbox 967 1218 1756 1260; baseline 0 -10"><span class='ocrx_word' id='word_1_463' title='bbox 967 1219 1043 1250; x_wconf 90' lang='lat' dir='ltr'><strong>Num</strong></span> <span class='ocrx_word' id='word_1_464' title='bbox 1058 1219 1147 1259; x_wconf 84' lang='lat' dir='ltr'><strong>igitur</strong></span> <span class='ocrx_word' id='word_1_465' title='bbox 1157 1223 1215 1257; x_wconf 89' lang='lat' dir='ltr'><strong>est,</strong></span> <span class='ocrx_word' id='word_1_466' title='bbox 1246 1219 1296 1260; x_wconf 93' lang='lat' dir='ltr'><strong>qui</strong></span> <span class='ocrx_word' id='word_1_467' title='bbox 1318 1218 1408 1251; x_wconf 88' lang='lat' dir='ltr'><strong>habet</strong></span> <span class='ocrx_word' id='word_1_468' title='bbox 1436 1228 1524 1250; x_wconf 88' lang='lat' dir='ltr'><strong>aures</strong></span> <span class='ocrx_word' id='word_1_469' title='bbox 1550 1219 1707 1258; x_wconf 85' lang='lat' dir='ltr'><strong>audiendi,</strong></span> <span class='ocrx_word' id='word_1_470' title='bbox 1723 1222 1756 1251; x_wconf 90' lang='lat' dir='ltr'><strong>ut</strong></span> 
     </span>
    </p>
   </div>
   <div class='ocr_carea' id='block_1_41' title="bbox 56 1623 883 1663">
    <p class='ocr_par' dir='ltr' id='par_1_41' title="bbox 56 1623 883 1663">
     <span class='ocr_line' id='line_1_41' title="bbox 56 1623 883 1663; baseline 0.001 -11"><span class='ocrx_word' id='word_1_471' title='bbox 56 1631 122 1652; x_wconf 91' lang='lat' dir='ltr'><strong>sum</strong></span> <span class='ocrx_word' id='word_1_472' title='bbox 135 1623 247 1654; x_wconf 90' lang='lat' dir='ltr'><strong>nullum</strong></span> <span class='ocrx_word' id='word_1_473' title='bbox 261 1624 360 1655; x_wconf 86' lang='lat' dir='ltr'><strong>habet.</strong></span> <span class='ocrx_word' id='word_1_474' title='bbox 372 1623 498 1655; x_wconf 78' lang='lat' dir='ltr'><strong>Rursum</strong></span> <span class='ocrx_word' id='word_1_475' title='bbox 515 1624 601 1654; x_wconf 89' lang='lat' dir='ltr'><strong>sicuti</strong></span> <span class='ocrx_word' id='word_1_476' title='bbox 616 1632 724 1663; x_wconf 86' lang='lat' dir='ltr'><strong>corpus</strong></span> <span class='ocrx_word' id='word_1_477' title='bbox 736 1627 883 1654; x_wconf 87' lang='lat' dir='ltr'><strong>mortuum</strong></span> 
     </span>
    </p>
   </div>
   <div class='ocr_carea' id='block_1_42' title="bbox 56 1667 883 1710">
    <p class='ocr_par' dir='ltr' id='par_1_42' title="bbox 56 1667 883 1710">
     <span class='ocr_line' id='line_1_42' title="bbox 56 1667 883 1710; baseline 0.004 -14"><span class='ocrx_word' id='word_1_478' title='bbox 56 1676 112 1697; x_wconf 90' lang='lat' dir='ltr'><strong>nec</strong></span> <span class='ocrx_word' id='word_1_479' title='bbox 127 1667 200 1708; x_wconf 88' lang='lat' dir='ltr'><strong>viva,</strong></span> <span class='ocrx_word' id='word_1_480' title='bbox 213 1678 268 1699; x_wconf 87' lang='lat' dir='ltr'><strong>nec</strong></span> <span class='ocrx_word' id='word_1_481' title='bbox 278 1678 378 1700; x_wconf 91' lang='lat' dir='ltr'><strong>secum</strong></span> <span class='ocrx_word' id='word_1_482' title='bbox 391 1669 521 1710; x_wconf 86' lang='lat' dir='ltr'><strong>jacentia</strong></span> <span class='ocrx_word' id='word_1_483' title='bbox 533 1677 658 1709; x_wconf 90' lang='lat' dir='ltr'><strong>corpora</strong></span> <span class='ocrx_word' id='word_1_484' title='bbox 668 1671 783 1698; x_wconf 91' lang='lat' dir='ltr'><strong>mortua</strong></span> <span class='ocrx_word' id='word_1_485' title='bbox 794 1668 883 1700; x_wconf 88' lang='lat' dir='ltr'><strong>sentit</strong></span> 
     </span>
    </p>
   </div>
   <div class='ocr_carea' id='block_1_43' title="bbox 57 1712 883 1755">
    <p class='ocr_par' dir='ltr' id='par_1_43' title="bbox 57 1712 883 1755">
     <span class='ocr_line' id='line_1_43' title="bbox 57 1712 883 1755; baseline 0.001 -14"><span class='ocrx_word' id='word_1_486' title='bbox 57 1721 175 1751; x_wconf 91' lang='lat' dir='ltr'><strong>quoquo</strong></span> <span class='ocrx_word' id='word_1_487' title='bbox 192 1713 279 1744; x_wconf 89' lang='lat' dir='ltr'><strong>modo</strong></span> <span class='ocrx_word' id='word_1_488' title='bbox 296 1725 303 1744; x_wconf 90' lang='lat'><strong>:</strong></span> <span class='ocrx_word' id='word_1_489' title='bbox 322 1714 365 1745; x_wconf 88' lang='lat' dir='ltr'><strong>sic</strong></span> <span class='ocrx_word' id='word_1_490' title='bbox 381 1723 436 1745; x_wconf 86' lang='lat' dir='ltr'><strong>nec</strong></span> <span class='ocrx_word' id='word_1_491' title='bbox 452 1713 501 1755; x_wconf 90' lang='lat' dir='ltr'><strong>qui</strong></span> <span class='ocrx_word' id='word_1_492' title='bbox 518 1717 600 1744; x_wconf 85' lang='lat' dir='ltr'><strong>extra</strong></span> <span class='ocrx_word' id='word_1_493' title='bbox 615 1712 758 1743; x_wconf 90' lang='lat' dir='ltr'><strong>mundum</strong></span> <span class='ocrx_word' id='word_1_494' title='bbox 773 1712 802 1742; x_wconf 92' lang='lat' dir='ltr'><strong>in</strong></span> <span class='ocrx_word' id='word_1_495' title='bbox 820 1714 883 1753; x_wconf 88' lang='lat' dir='ltr'><strong>spi-</strong></span> 
     </span>
    </p>
   </div>
   <div class='ocr_carea' id='block_1_44' title="bbox 55 1756 885 1794">
    <p class='ocr_par' dir='ltr' id='par_1_44' title="bbox 55 1756 885 1794">
     <span class='ocr_line' id='line_1_44' title="bbox 55 1756 885 1794; baseline 0.002 -8"><span class='ocrx_word' id='word_1_496' title='bbox 55 1756 114 1786; x_wconf 90' lang='lat' dir='ltr'><strong>ritu</strong></span> <span class='ocrx_word' id='word_1_497' title='bbox 130 1756 181 1787; x_wconf 90' lang='lat' dir='ltr'><strong>Dci</strong></span> <span class='ocrx_word' id='word_1_498' title='bbox 197 1762 251 1794; x_wconf 86' lang='lat' dir='ltr'><strong>est.</strong></span> <span class='ocrx_word' id='word_1_499' title='bbox 268 1762 297 1789; x_wconf 91' lang='lat' dir='ltr'><strong>et</strong></span> <span class='ocrx_word' id='word_1_500' title='bbox 313 1768 380 1789; x_wconf 93' lang='lat' dir='ltr'><strong>cum</strong></span> <span class='ocrx_word' id='word_1_501' title='bbox 411 1758 472 1789; x_wconf 90' lang='lat' dir='ltr'><strong>Deo</strong></span> <span class='ocrx_word' id='word_1_502' title='bbox 494 1762 549 1794; x_wconf 85' lang='lat' dir='ltr'><strong>est,</strong></span> <span class='ocrx_word' id='word_1_503' title='bbox 576 1757 700 1794; x_wconf 90' lang='lat' dir='ltr'><strong>mundo,</strong></span> <span class='ocrx_word' id='word_1_504' title='bbox 730 1760 781 1788; x_wconf 87' lang='lat' dir='ltr'><strong>aut</strong></span> <span class='ocrx_word' id='word_1_505' title='bbox 794 1757 885 1793; x_wconf 79' lang='lat' dir='ltr'><strong>rebus</strong></span> 
     </span>
    </p>
   </div>
   <div class='ocr_carea' id='block_1_45' title="bbox 57 1801 884 1843">
    <p class='ocr_par' dir='ltr' id='par_1_45' title="bbox 57 1801 884 1843">
     <span class='ocr_line' id='line_1_45' title="bbox 57 1801 884 1843; baseline 0.006 -14"><span class='ocrx_word' id='word_1_506' title='bbox 57 1801 213 1832; x_wconf 85' lang='lat' dir='ltr'><strong>mundanis</strong></span> <span class='ocrx_word' id='word_1_507' title='bbox 227 1803 304 1833; x_wconf 83' lang='lat' dir='ltr'><strong>afﬁci</strong></span> <span class='ocrx_word' id='word_1_508' title='bbox 322 1807 426 1842; x_wconf 85' lang='lat' dir='ltr'><strong>potest.</strong></span> <span class='ocrx_word' id='word_1_509' title='bbox 458 1803 554 1843; x_wconf 81' lang='lat' dir='ltr'><strong>Atque</strong></span> <span class='ocrx_word' id='word_1_510' title='bbox 570 1802 621 1842; x_wconf 90' lang='lat' dir='ltr'><strong>ita,</strong></span> <span class='ocrx_word' id='word_1_511' title='bbox 638 1801 757 1840; x_wconf 85' lang='lat' dir='ltr'><strong>fratres,</strong></span> <span class='ocrx_word' id='word_1_512' title='bbox 775 1805 803 1832; x_wconf 80' lang='lat' dir='ltr'><strong>et</strong></span> <span class='ocrx_word' id='word_1_513' title='bbox 817 1806 884 1834; x_wconf 89' lang='lat' dir='ltr'><strong>ante</strong></span> 
     </span>
    </p>
   </div>
   <div class='ocr_carea' id='block_1_46' title="bbox 57 1845 883 1887">
    <p class='ocr_par' dir='ltr' id='par_1_46' title="bbox 57 1845 883 1887">
     <span class='ocr_line' id='line_1_46' title="bbox 57 1845 883 1887; baseline 0.002 -13"><span class='ocrx_word' id='word_1_514' title='bbox 57 1849 181 1875; x_wconf 91' lang='lat' dir='ltr'><strong>mortem</strong></span> <span class='ocrx_word' id='word_1_515' title='bbox 198 1856 288 1887; x_wconf 91' lang='lat' dir='ltr'><strong>mors,</strong></span> <span class='ocrx_word' id='word_1_516' title='bbox 306 1852 335 1878; x_wconf 91' lang='lat' dir='ltr'><strong>et</strong></span> <span class='ocrx_word' id='word_1_517' title='bbox 352 1851 420 1877; x_wconf 90' lang='lat' dir='ltr'><strong>ante</strong></span> <span class='ocrx_word' id='word_1_518' title='bbox 444 1855 604 1887; x_wconf 87' lang='lat' dir='ltr'><strong>corporum</strong></span> <span class='ocrx_word' id='word_1_519' title='bbox 628 1845 883 1877; x_wconf 85' lang='lat' dir='ltr'><strong>resurrectionem</strong></span> 
     </span>
    </p>
   </div>
   <div class='ocr_carea' id='block_1_47' title="bbox 57 1889 884 1932">
    <p class='ocr_par' dir='ltr' id='par_1_47' title="bbox 57 1889 884 1932">
     <span class='ocr_line' id='line_1_47' title="bbox 57 1889 884 1932; baseline 0.005 -14"><span class='ocrx_word' id='word_1_520' title='bbox 57 1889 220 1920; x_wconf 91' lang='lat' dir='ltr'><strong>animarum</strong></span> <span class='ocrx_word' id='word_1_521' title='bbox 235 1891 416 1922; x_wconf 85' lang='lat' dir='ltr'><strong>resurrectio</strong></span> <span class='ocrx_word' id='word_1_522' title='bbox 428 1893 459 1923; x_wconf 86' lang='lat' dir='ltr'><strong>tit</strong></span> <span class='ocrx_word' id='word_1_523' title='bbox 475 1901 577 1932; x_wconf 88' lang='lat' dir='ltr'><strong>opere,</strong></span> <span class='ocrx_word' id='word_1_524' title='bbox 593 1891 710 1927; x_wconf 89' lang='lat' dir='ltr'><strong>virtute,</strong></span> <span class='ocrx_word' id='word_1_525' title='bbox 729 1891 884 1931; x_wconf 84' lang='lat' dir='ltr'><strong>experien-</strong></span> 
     </span>
    </p>
   </div>
   <div class='ocr_carea' id='block_1_48' title="bbox 60 1933 882 1976">
    <p class='ocr_par' dir='ltr' id='par_1_48' title="bbox 60 1933 882 1976">
     <span class='ocr_line' id='line_1_48' title="bbox 60 1933 882 1976; baseline 0.004 -13"><span class='ocrx_word' id='word_1_526' title='bbox 60 1933 111 1971; x_wconf 87' lang='lat' dir='ltr'><strong>tia,</strong></span> <span class='ocrx_word' id='word_1_527' title='bbox 123 1935 253 1967; x_wconf 84' lang='lat' dir='ltr'><strong>veritate.</strong></span> <span class='ocrx_word' id='word_1_528' title='bbox 266 1936 382 1968; x_wconf 86' lang='lat' dir='ltr'><strong>Mortali</strong></span> <span class='ocrx_word' id='word_1_529' title='bbox 396 1936 476 1966; x_wconf 92' lang='lat' dir='ltr'><strong>enim</strong></span> <span class='ocrx_word' id='word_1_530' title='bbox 488 1936 666 1976; x_wconf 78' lang='lat' dir='ltr'><strong>cogitatione</strong></span> <span class='ocrx_word' id='word_1_531' title='bbox 674 1935 710 1966; x_wconf 88' lang='lat' dir='ltr'><strong>ab</strong></span> <span class='ocrx_word' id='word_1_532' title='bbox 722 1935 882 1967; x_wconf 89' lang='lat' dir='ltr'><strong>immortali</strong></span> 
     </span>
    </p>
   </div>
   <div class='ocr_carea' id='block_1_49' title="bbox 61 1979 883 2020">
    <p class='ocr_par' dir='ltr' id='par_1_49' title="bbox 61 1979 883 2020">
     <span class='ocr_line' id='line_1_49' title="bbox 61 1979 883 2020; baseline 0.006 -13"><span class='ocrx_word' id='word_1_533' title='bbox 61 1987 147 2009; x_wconf 88' lang='lat' dir='ltr'><strong>sensu</strong></span> <span class='ocrx_word' id='word_1_534' title='bbox 162 1979 258 2011; x_wconf 88' lang='lat' dir='ltr'><strong>deleta</strong></span> <span class='ocrx_word' id='word_1_535' title='bbox 278 1990 313 2011; x_wconf 88' lang='lat' dir='ltr'><strong>ac</strong></span> <span class='ocrx_word' id='word_1_536' title='bbox 336 1981 500 2020; x_wconf 78' lang='lat' dir='ltr'><strong>proﬂigata,</strong></span> <span class='ocrx_word' id='word_1_537' title='bbox 528 1984 556 2011; x_wconf 90' lang='lat' dir='ltr'><strong>et</strong></span> <span class='ocrx_word' id='word_1_538' title='bbox 586 1979 765 2011; x_wconf 86' lang='lat' dir='ltr'><strong>mortalitate</strong></span> <span class='ocrx_word' id='word_1_539' title='bbox 786 1989 804 2010; x_wconf 91' lang='lat' dir='ltr'><strong>a</strong></span> <span class='ocrx_word' id='word_1_540' title='bbox 823 1981 883 2012; x_wconf 85' lang='lat' dir='ltr'><strong>vita</strong></span> 
     </span>
    </p>
   </div>
   <div class='ocr_carea' id='block_1_50' title="bbox 61 2023 884 2063">
    <p class='ocr_par' dir='ltr' id='par_1_50' title="bbox 61 2023 884 2063">
     <span class='ocr_line' id='line_1_50' title="bbox 61 2023 884 2063; baseline 0.004 -10"><span class='ocrx_word' id='word_1_541' title='bbox 61 2023 192 2063; x_wconf 79' lang='lat' dir='ltr'><strong>eli‘ugata,</strong></span> <span class='ocrx_word' id='word_1_542' title='bbox 218 2025 317 2055; x_wconf 92' lang='lat' dir='ltr'><strong>anima</strong></span> <span class='ocrx_word' id='word_1_543' title='bbox 337 2030 397 2055; x_wconf 92' lang='lat' dir='ltr'><strong>tum</strong></span> <span class='ocrx_word' id='word_1_544' title='bbox 412 2025 491 2056; x_wconf 91' lang='lat' dir='ltr'><strong>velut</strong></span> <span class='ocrx_word' id='word_1_545' title='bbox 505 2035 521 2055; x_wconf 91' lang='lat' dir='ltr'><strong>a</strong></span> <span class='ocrx_word' id='word_1_546' title='bbox 536 2024 662 2055; x_wconf 87' lang='lat' dir='ltr'><strong>mortuis</strong></span> <span class='ocrx_word' id='word_1_547' title='bbox 678 2024 815 2062; x_wconf 84' lang='lat' dir='ltr'><strong>excitata,</strong></span> <span class='ocrx_word' id='word_1_548' title='bbox 833 2034 884 2056; x_wconf 89' lang='lat' dir='ltr'><strong>se-</strong></span> 
     </span>
    </p>
   </div>
   <div class='ocr_carea' id='block_1_51' title="bbox 63 2069 882 2110">
    <p class='ocr_par' dir='ltr' id='par_1_51' title="bbox 63 2069 882 2110">
     <span class='ocr_line' id='line_1_51' title="bbox 63 2069 882 2110; baseline 0.004 -13"><span class='ocrx_word' id='word_1_549' title='bbox 63 2072 120 2098; x_wconf 86' lang='lat' dir='ltr'><strong>met</strong></span> <span class='ocrx_word' id='word_1_550' title='bbox 134 2069 343 2100; x_wconf 86' lang='lat' dir='ltr'><strong>convenienter</strong></span> <span class='ocrx_word' id='word_1_551' title='bbox 357 2069 437 2100; x_wconf 87' lang='lat' dir='ltr'><strong>videt</strong></span> <span class='ocrx_word' id='word_1_552' title='bbox 448 2069 493 2109; x_wconf 91' lang='lat' dir='ltr'><strong>(ut</strong></span> <span class='ocrx_word' id='word_1_553' title='bbox 505 2069 555 2110; x_wconf 91' lang='lat' dir='ltr'><strong>qui</strong></span> <span class='ocrx_word' id='word_1_554' title='bbox 573 2069 611 2100; x_wconf 89' lang='lat' dir='ltr'><strong>de</strong></span> <span class='ocrx_word' id='word_1_555' title='bbox 628 2078 732 2099; x_wconf 89' lang='lat' dir='ltr'><strong>somno</strong></span> <span class='ocrx_word' id='word_1_556' title='bbox 742 2078 882 2101; x_wconf 82' lang='lat' dir='ltr'><strong>surrexe-</strong></span> 
     </span>
    </p>
   </div>
   <div class='ocr_carea' id='block_1_52' title="bbox 925 1622 1750 1663">
    <p class='ocr_par' dir='ltr' id='par_1_52' title="bbox 925 1622 1750 1663">
     <span class='ocr_line' id='line_1_52' title="bbox 925 1622 1750 1663; baseline 0.001 -9"><span class='ocrx_word' id='word_1_557' title='bbox 925 1623 1100 1654; x_wconf 78' lang='lat' dir='ltr'><strong>abscondita</strong></span> <span class='ocrx_word' id='word_1_558' title='bbox 1114 1623 1198 1653; x_wconf 56' lang='lat' dir='ltr'><strong>est“</strong></span> <span class='ocrx_word' id='word_1_559' title='bbox 1212 1622 1323 1662; x_wconf 89' lang='lat' dir='ltr'><strong>multis,</strong></span> <span class='ocrx_word' id='word_1_560' title='bbox 1340 1622 1427 1654; x_wconf 91' lang='lat' dir='ltr'><strong>nobis</strong></span> <span class='ocrx_word' id='word_1_561' title='bbox 1440 1626 1539 1653; x_wconf 91' lang='lat' dir='ltr'><strong>autem</strong></span> <span class='ocrx_word' id='word_1_562' title='bbox 1555 1622 1648 1663; x_wconf 89' lang='lat' dir='ltr'><strong>probe</strong></span> <span class='ocrx_word' id='word_1_563' title='bbox 1662 1632 1750 1656; x_wconf 83' lang='lat' dir='ltr'><strong>reve-</strong></span> 
     </span>
    </p>
   </div>
   <div class='ocr_carea' id='block_1_53' title="bbox 926 1666 1750 1708">
    <p class='ocr_par' dir='ltr' id='par_1_53' title="bbox 926 1666 1750 1708">
     <span class='ocr_line' id='line_1_53' title="bbox 926 1666 1750 1708; baseline 0.002 -10"><span class='ocrx_word' id='word_1_564' title='bbox 926 1668 995 1708; x_wconf 88' lang='lat' dir='ltr'><strong>lata,</strong></span> <span class='ocrx_word' id='word_1_565' title='bbox 1015 1671 1045 1698; x_wconf 92' lang='lat' dir='ltr'><strong>et</strong></span> <span class='ocrx_word' id='word_1_566' title='bbox 1059 1667 1186 1706; x_wconf 85' lang='lat' dir='ltr'><strong>cognita,</strong></span> <span class='ocrx_word' id='word_1_567' title='bbox 1203 1667 1254 1708; x_wconf 93' lang='lat' dir='ltr'><strong>qui</strong></span> <span class='ocrx_word' id='word_1_568' title='bbox 1269 1667 1300 1699; x_wconf 89' lang='lat' dir='ltr'><strong>in</strong></span> <span class='ocrx_word' id='word_1_569' title='bbox 1323 1667 1429 1700; x_wconf 86' lang='lat' dir='ltr'><strong>timore</strong></span> <span class='ocrx_word' id='word_1_570' title='bbox 1456 1667 1511 1699; x_wconf 89' lang='lat' dir='ltr'><strong>Dei</strong></span> <span class='ocrx_word' id='word_1_571' title='bbox 1529 1666 1610 1699; x_wconf 91' lang='lat' dir='ltr'><strong>velut</strong></span> <span class='ocrx_word' id='word_1_572' title='bbox 1636 1667 1673 1699; x_wconf 88' lang='lat' dir='ltr'><strong>ab</strong></span> <span class='ocrx_word' id='word_1_573' title='bbox 1685 1668 1750 1700; x_wconf 87' lang='lat' dir='ltr'><strong>ele-</strong></span> 
     </span>
    </p>
   </div>
   <div class='ocr_carea' id='block_1_54' title="bbox 926 1712 1749 1754">
    <p class='ocr_par' dir='ltr' id='par_1_54' title="bbox 926 1712 1749 1754">
     <span class='ocr_line' id='line_1_54' title="bbox 926 1712 1749 1754; baseline 0.001 -11"><span class='ocrx_word' id='word_1_574' title='bbox 926 1712 1034 1743; x_wconf 91' lang='lat' dir='ltr'><strong>mentis</strong></span> <span class='ocrx_word' id='word_1_575' title='bbox 1044 1712 1169 1744; x_wconf 91' lang='lat' dir='ltr'><strong>instituti</strong></span> <span class='ocrx_word' id='word_1_576' title='bbox 1189 1722 1303 1749; x_wconf 80' lang='lat' dir='ltr'><strong>sumus,</strong></span> <span class='ocrx_word' id='word_1_577' title='bbox 1324 1716 1354 1744; x_wconf 90' lang='lat' dir='ltr'><strong>et</strong></span> <span class='ocrx_word' id='word_1_578' title='bbox 1367 1712 1404 1743; x_wconf 88' lang='lat' dir='ltr'><strong>ad</strong></span> <span class='ocrx_word' id='word_1_579' title='bbox 1421 1712 1505 1743; x_wconf 90' lang='lat' dir='ltr'><strong>illum</strong></span> <span class='ocrx_word' id='word_1_580' title='bbox 1520 1721 1642 1753; x_wconf 91' lang='lat' dir='ltr'><strong>semper</strong></span> <span class='ocrx_word' id='word_1_581' title='bbox 1656 1713 1749 1754; x_wconf 87' lang='lat' dir='ltr'><strong>respi-</strong></span> 
     </span>
    </p>
   </div>
   <div class='ocr_carea' id='block_1_55' title="bbox 926 1756 1751 1799">
    <p class='ocr_par' dir='ltr' id='par_1_55' title="bbox 926 1756 1751 1799">
     <span class='ocr_line' id='line_1_55' title="bbox 926 1756 1751 1799; baseline 0.002 -11"><span class='ocrx_word' id='word_1_582' title='bbox 926 1757 1032 1789; x_wconf 87' lang='lat' dir='ltr'><strong>cimus.</strong></span> <span class='ocrx_word' id='word_1_583' title='bbox 1049 1756 1113 1788; x_wconf 86' lang='lat' dir='ltr'><strong>Non</strong></span> <span class='ocrx_word' id='word_1_584' title='bbox 1139 1757 1218 1788; x_wconf 91' lang='lat' dir='ltr'><strong>enim</strong></span> <span class='ocrx_word' id='word_1_585' title='bbox 1244 1757 1324 1799; x_wconf 92' lang='lat' dir='ltr'><strong>quod</strong></span> <span class='ocrx_word' id='word_1_586' title='bbox 1346 1757 1497 1789; x_wconf 89' lang='lat' dir='ltr'><strong>nescimus</strong></span> <span class='ocrx_word' id='word_1_587' title='bbox 1512 1757 1681 1798; x_wconf 88' lang='lat' dir='ltr'><strong>loquimur;</strong></span> <span class='ocrx_word' id='word_1_588' title='bbox 1698 1758 1751 1790; x_wconf 85' lang='lat' dir='ltr'><strong>sed</strong></span> 
     </span>
    </p>
   </div>
   <div class='ocr_carea' id='block_1_56' title="bbox 925 1801 1752 1844">
    <p class='ocr_par' dir='ltr' id='par_1_56' title="bbox 925 1801 1752 1844">
     <span class='ocr_line' id='line_1_56' title="bbox 925 1801 1752 1844; baseline 0.002 -12"><span class='ocrx_word' id='word_1_589' title='bbox 925 1802 1003 1843; x_wconf 89' lang='lat' dir='ltr'><strong>quod</strong></span> <span class='ocrx_word' id='word_1_590' title='bbox 1017 1801 1128 1833; x_wconf 89' lang='lat' dir='ltr'><strong>scimus</strong></span> <span class='ocrx_word' id='word_1_591' title='bbox 1143 1802 1350 1841; x_wconf 84' lang='lat' dir='ltr'><strong>testiﬁcamur,</strong></span> <span class='ocrx_word' id='word_1_592' title='bbox 1362 1803 1502 1844; x_wconf 86' lang='lat' dir='ltr'><strong>quoniam</strong></span> <span class='ocrx_word' id='word_1_593' title='bbox 1513 1802 1562 1833; x_wconf 84' lang='lat' dir='ltr'><strong>lux</strong></span> <span class='ocrx_word' id='word_1_594' title='bbox 1574 1802 1605 1833; x_wconf 93' lang='lat' dir='ltr'><strong>in</strong></span> <span class='ocrx_word' id='word_1_595' title='bbox 1619 1802 1752 1835; x_wconf 90' lang='lat' dir='ltr'><strong>tenebris</strong></span> 
     </span>
    </p>
   </div>
   <div class='ocr_carea' id='block_1_57' title="bbox 921 1846 1753 1886">
    <p class='ocr_par' dir='ltr' id='par_1_57' title="bbox 921 1846 1753 1886">
     <span class='ocr_line' id='line_1_57' title="bbox 921 1846 1753 1886; baseline 0.001 -8"><span class='ocrx_word' id='word_1_596' title='bbox 921 1848 983 1886; x_wconf 89' lang='lat' dir='ltr'><strong>jam</strong></span> <span class='ocrx_word' id='word_1_597' title='bbox 1000 1847 1119 1879; x_wconf 55' lang='lat' dir='ltr'><strong>lucet”</strong></span> <span class='ocrx_word' id='word_1_598' title='bbox 1130 1871 1138 1885; x_wconf 95' lang='lat'><strong>,</strong></span> <span class='ocrx_word' id='word_1_599' title='bbox 1152 1850 1182 1878; x_wconf 91' lang='lat' dir='ltr'><strong>et</strong></span> <span class='ocrx_word' id='word_1_600' title='bbox 1194 1847 1224 1878; x_wconf 92' lang='lat' dir='ltr'><strong>in</strong></span> <span class='ocrx_word' id='word_1_601' title='bbox 1241 1851 1340 1886; x_wconf 89' lang='lat' dir='ltr'><strong>nocte,</strong></span> <span class='ocrx_word' id='word_1_602' title='bbox 1353 1851 1382 1879; x_wconf 87' lang='lat' dir='ltr'><strong>et</strong></span> <span class='ocrx_word' id='word_1_603' title='bbox 1396 1847 1427 1878; x_wconf 92' lang='lat' dir='ltr'><strong>in</strong></span> <span class='ocrx_word' id='word_1_604' title='bbox 1437 1847 1498 1885; x_wconf 91' lang='lat' dir='ltr'><strong>die,</strong></span> <span class='ocrx_word' id='word_1_605' title='bbox 1510 1851 1539 1878; x_wconf 91' lang='lat' dir='ltr'><strong>et</strong></span> <span class='ocrx_word' id='word_1_606' title='bbox 1549 1846 1640 1886; x_wconf 90' lang='lat' dir='ltr'><strong>intus,</strong></span> <span class='ocrx_word' id='word_1_607' title='bbox 1658 1851 1688 1878; x_wconf 90' lang='lat' dir='ltr'><strong>et</strong></span> <span class='ocrx_word' id='word_1_608' title='bbox 1705 1856 1753 1880; x_wconf 83' lang='lat' dir='ltr'><strong>ex-</strong></span> 
     </span>
    </p>
   </div>
   <div class='ocr_carea' id='block_1_58' title="bbox 925 1891 1749 1933">
    <p class='ocr_par' dir='ltr' id='par_1_58' title="bbox 925 1891 1749 1933">
     <span class='ocr_line' id='line_1_58' title="bbox 925 1891 1749 1933; baseline 0.002 -10"><span class='ocrx_word' id='word_1_609' title='bbox 925 1897 980 1924; x_wconf 78' lang='lat' dir='ltr'><strong>tra.</strong></span> <span class='ocrx_word' id='word_1_610' title='bbox 998 1893 1079 1924; x_wconf 90' lang='lat' dir='ltr'><strong>Intus</strong></span> <span class='ocrx_word' id='word_1_611' title='bbox 1094 1891 1215 1933; x_wconf 91' lang='lat' dir='ltr'><strong>quidem</strong></span> <span class='ocrx_word' id='word_1_612' title='bbox 1236 1892 1267 1923; x_wconf 93' lang='lat' dir='ltr'><strong>in</strong></span> <span class='ocrx_word' id='word_1_613' title='bbox 1291 1892 1432 1924; x_wconf 88' lang='lat' dir='ltr'><strong>cordibus</strong></span> <span class='ocrx_word' id='word_1_614' title='bbox 1449 1892 1579 1931; x_wconf 87' lang='lat' dir='ltr'><strong>nostris;</strong></span> <span class='ocrx_word' id='word_1_615' title='bbox 1597 1897 1679 1924; x_wconf 84' lang='lat' dir='ltr'><strong>extra</strong></span> <span class='ocrx_word' id='word_1_616' title='bbox 1693 1901 1749 1925; x_wconf 88' lang='lat' dir='ltr'><strong>au-</strong></span> 
     </span>
    </p>
   </div>
   <div class='ocr_carea' id='block_1_59' title="bbox 924 1937 1748 1979">
    <p class='ocr_par' dir='ltr' id='par_1_59' title="bbox 924 1937 1748 1979">
     <span class='ocr_line' id='line_1_59' title="bbox 924 1937 1748 1979; baseline 0.002 -11"><span class='ocrx_word' id='word_1_617' title='bbox 924 1941 983 1969; x_wconf 90' lang='lat' dir='ltr'><strong>tem</strong></span> <span class='ocrx_word' id='word_1_618' title='bbox 999 1938 1029 1969; x_wconf 93' lang='lat' dir='ltr'><strong>in</strong></span> <span class='ocrx_word' id='word_1_619' title='bbox 1055 1938 1154 1968; x_wconf 89' lang='lat' dir='ltr'><strong>animo</strong></span> <span class='ocrx_word' id='word_1_620' title='bbox 1185 1937 1430 1970; x_wconf 78' lang='lat' dir='ltr'><strong>circumlustrans</strong></span> <span class='ocrx_word' id='word_1_621' title='bbox 1459 1946 1512 1968; x_wconf 90' lang='lat' dir='ltr'><strong>nos</strong></span> <span class='ocrx_word' id='word_1_622' title='bbox 1527 1938 1592 1969; x_wconf 91' lang='lat' dir='ltr'><strong>sine</strong></span> <span class='ocrx_word' id='word_1_623' title='bbox 1613 1947 1748 1979; x_wconf 88' lang='lat' dir='ltr'><strong>vespera,</strong></span> 
     </span>
    </p>
   </div>
   <div class='ocr_carea' id='block_1_60' title="bbox 923 1981 1750 2024">
    <p class='ocr_par' dir='ltr' id='par_1_60' title="bbox 923 1981 1750 2024">
     <span class='ocr_line' id='line_1_60' title="bbox 923 1981 1750 2024; baseline 0.001 -11"><span class='ocrx_word' id='word_1_624' title='bbox 923 1982 988 2013; x_wconf 90' lang='lat' dir='ltr'><strong>sine</strong></span> <span class='ocrx_word' id='word_1_625' title='bbox 997 1982 1168 2020; x_wconf 88' lang='lat' dir='ltr'><strong>mutatione,</strong></span> <span class='ocrx_word' id='word_1_626' title='bbox 1177 1981 1242 2013; x_wconf 90' lang='lat' dir='ltr'><strong>sine</strong></span> <span class='ocrx_word' id='word_1_627' title='bbox 1250 1982 1401 2021; x_wconf 87' lang='lat' dir='ltr'><strong>varietate,</strong></span> <span class='ocrx_word' id='word_1_628' title='bbox 1411 1982 1477 2013; x_wconf 92' lang='lat' dir='ltr'><strong>sine</strong></span> <span class='ocrx_word' id='word_1_629' title='bbox 1491 1982 1597 2022; x_wconf 83' lang='lat' dir='ltr'><strong>ﬁgura,</strong></span> <span class='ocrx_word' id='word_1_630' title='bbox 1611 1982 1750 2024; x_wconf 88' lang='lat' dir='ltr'><strong>loquens,</strong></span> 
     </span>
    </p>
   </div>
   <div class='ocr_carea' id='block_1_61' title="bbox 923 2026 1750 2067">
    <p class='ocr_par' dir='ltr' id='par_1_61' title="bbox 923 2026 1750 2067">
     <span class='ocr_line' id='line_1_61' title="bbox 923 2026 1750 2067; baseline 0 -9"><span class='ocrx_word' id='word_1_631' title='bbox 923 2035 1061 2067; x_wconf 88' lang='lat' dir='ltr'><strong>operans,</strong></span> <span class='ocrx_word' id='word_1_632' title='bbox 1076 2027 1187 2064; x_wconf 89' lang='lat' dir='ltr'><strong>vivens,</strong></span> <span class='ocrx_word' id='word_1_633' title='bbox 1205 2030 1233 2057; x_wconf 89' lang='lat' dir='ltr'><strong>et</strong></span> <span class='ocrx_word' id='word_1_634' title='bbox 1248 2026 1411 2064; x_wconf 84' lang='lat' dir='ltr'><strong>vivificans,</strong></span> <span class='ocrx_word' id='word_1_635' title='bbox 1436 2030 1466 2058; x_wconf 91' lang='lat' dir='ltr'><strong>et</strong></span> <span class='ocrx_word' id='word_1_636' title='bbox 1486 2026 1676 2058; x_wconf 88' lang='lat' dir='ltr'><strong>collustratos</strong></span> <span class='ocrx_word' id='word_1_637' title='bbox 1700 2027 1750 2058; x_wconf 91' lang='lat' dir='ltr'><strong>lu-</strong></span> 
     </span>
    </p>
   </div>
   <div class='ocr_carea' id='block_1_62' title="bbox 924 2070 1748 2112">
    <p class='ocr_par' dir='ltr' id='par_1_62' title="bbox 924 2070 1748 2112">
     <span class='ocr_line' id='line_1_62' title="bbox 924 2070 1748 2112; baseline 0.002 -11"><span class='ocrx_word' id='word_1_638' title='bbox 924 2071 1005 2102; x_wconf 89' lang='lat' dir='ltr'><strong>mine</strong></span> <span class='ocrx_word' id='word_1_639' title='bbox 1019 2070 1160 2102; x_wconf 90' lang='lat' dir='ltr'><strong>reddens.</strong></span> <span class='ocrx_word' id='word_1_640' title='bbox 1171 2070 1233 2102; x_wconf 87' lang='lat' dir='ltr'><strong>Nos</strong></span> <span class='ocrx_word' id='word_1_641' title='bbox 1245 2071 1438 2102; x_wconf 86' lang='lat' dir='ltr'><strong>testiﬁcamur</strong></span> <span class='ocrx_word' id='word_1_642' title='bbox 1452 2071 1591 2112; x_wconf 88' lang='lat' dir='ltr'><strong>quoniam</strong></span> <span class='ocrx_word' id='word_1_643' title='bbox 1604 2070 1682 2102; x_wconf 91' lang='lat' dir='ltr'><strong>Deus</strong></span> <span class='ocrx_word' id='word_1_644' title='bbox 1698 2071 1748 2103; x_wconf 81' lang='lat' dir='ltr'><strong>lux</strong></span> 
     </span>
    </p>
   </div>
   <div class='ocr_carea' id='block_1_63' title="bbox 62 2114 1746 2155">
    <p class='ocr_par' dir='ltr' id='par_1_63' title="bbox 62 2114 1746 2155">
     <span class='ocr_line' id='line_1_63' title="bbox 62 2114 1746 2155; baseline 0.002 -12"><span class='ocrx_word' id='word_1_645' title='bbox 62 2117 138 2151; x_wconf 87' lang='lat' dir='ltr'><strong>runt,</strong></span> <span class='ocrx_word' id='word_1_646' title='bbox 155 2115 330 2155; x_wconf 89' lang='lat' dir='ltr'><strong>semetipsos</strong></span> <span class='ocrx_word' id='word_1_647' title='bbox 340 2115 536 2155; x_wconf 82' lang='lat' dir='ltr'><strong>conspiciunt)</strong></span> <span class='ocrx_word' id='word_1_648' title='bbox 546 2119 575 2145; x_wconf 90' lang='lat' dir='ltr'><strong>et</strong></span> <span class='ocrx_word' id='word_1_649' title='bbox 590 2114 683 2145; x_wconf 91' lang='lat' dir='ltr'><strong>Deum</strong></span> <span class='ocrx_word' id='word_1_650' title='bbox 699 2123 716 2144; x_wconf 86' lang='lat' dir='ltr'><strong>a</strong></span> <span class='ocrx_word' id='word_1_651' title='bbox 731 2123 789 2154; x_wconf 93' lang='lat' dir='ltr'><strong>quo</strong></span> <span class='ocrx_word' id='word_1_652' title='bbox 805 2116 883 2146; x_wconf 85' lang='lat' dir='ltr'><strong>exci-</strong></span> <span class='ocrx_word' id='word_1_653' title='bbox 924 2119 979 2154; x_wconf 91' lang='lat' dir='ltr'><strong>est,</strong></span> <span class='ocrx_word' id='word_1_654' title='bbox 997 2119 1026 2146; x_wconf 91' lang='lat' dir='ltr'><strong>et</strong></span> <span class='ocrx_word' id='word_1_655' title='bbox 1041 2115 1092 2155; x_wconf 91' lang='lat' dir='ltr'><strong>qui</strong></span> <span class='ocrx_word' id='word_1_656' title='bbox 1107 2115 1189 2155; x_wconf 80' lang='lat' dir='ltr'><strong>digni</strong></span> <span class='ocrx_word' id='word_1_657' title='bbox 1212 2119 1282 2146; x_wconf 89' lang='lat' dir='ltr'><strong>sunt</strong></span> <span class='ocrx_word' id='word_1_658' title='bbox 1310 2115 1412 2153; x_wconf 90' lang='lat' dir='ltr'><strong>habiti,</strong></span> <span class='ocrx_word' id='word_1_659' title='bbox 1444 2119 1476 2146; x_wconf 91' lang='lat' dir='ltr'><strong>ut</strong></span> <span class='ocrx_word' id='word_1_660' title='bbox 1501 2125 1569 2147; x_wconf 89' lang='lat' dir='ltr'><strong>eum</strong></span> <span class='ocrx_word' id='word_1_661' title='bbox 1597 2115 1746 2154; x_wconf 86' lang='lat' dir='ltr'><strong>viderent,</strong></span> 
     </span>
    </p>
   </div>
   <div class='ocr_carea' id='block_1_64' title="bbox 64 2159 1746 2201">
    <p class='ocr_par' dir='ltr' id='par_1_64' title="bbox 64 2159 1746 2201">
     <span class='ocr_line' id='line_1_64' title="bbox 64 2159 1746 2201; baseline 0.002 -13"><span class='ocrx_word' id='word_1_662' title='bbox 64 2160 121 2187; x_wconf 86' lang='lat' dir='ltr'><strong>tata</strong></span> <span class='ocrx_word' id='word_1_663' title='bbox 136 2163 179 2189; x_wconf 87' lang='lat' dir='ltr'><strong>est</strong></span> <span class='ocrx_word' id='word_1_664' title='bbox 192 2160 343 2199; x_wconf 83' lang='lat' dir='ltr'><strong>agnoscit:</strong></span> <span class='ocrx_word' id='word_1_665' title='bbox 361 2169 448 2200; x_wconf 88' lang='lat' dir='ltr'><strong>quem</strong></span> <span class='ocrx_word' id='word_1_666' title='bbox 475 2159 656 2198; x_wconf 80' lang='lat' dir='ltr'><strong>intelligens,</strong></span> <span class='ocrx_word' id='word_1_667' title='bbox 681 2159 789 2198; x_wconf 86' lang='lat' dir='ltr'><strong>gratias</strong></span> <span class='ocrx_word' id='word_1_668' title='bbox 809 2160 879 2200; x_wconf 87' lang='lat' dir='ltr'><strong>agit,</strong></span> <span class='ocrx_word' id='word_1_669' title='bbox 892 2169 1027 2201; x_wconf 73' lang='lat' dir='ltr'><strong>homnes</strong></span> <span class='ocrx_word' id='word_1_670' title='bbox 1041 2163 1072 2190; x_wconf 92' lang='lat' dir='ltr'><strong>ut</strong></span> <span class='ocrx_word' id='word_1_671' title='bbox 1086 2160 1183 2191; x_wconf 87' lang='lat' dir='ltr'><strong>lucem</strong></span> <span class='ocrx_word' id='word_1_672' title='bbox 1199 2159 1348 2198; x_wconf 89' lang='lat' dir='ltr'><strong>viderunt,</strong></span> <span class='ocrx_word' id='word_1_673' title='bbox 1363 2164 1392 2191; x_wconf 92' lang='lat' dir='ltr'><strong>et</strong></span> <span class='ocrx_word' id='word_1_674' title='bbox 1405 2160 1456 2200; x_wconf 92' lang='lat' dir='ltr'><strong>qui</strong></span> <span class='ocrx_word' id='word_1_675' title='bbox 1469 2169 1538 2191; x_wconf 92' lang='lat' dir='ltr'><strong>eum</strong></span> <span class='ocrx_word' id='word_1_676' title='bbox 1554 2165 1746 2201; x_wconf 84' lang='lat' dir='ltr'><strong>acceperunt,</strong></span> 
     </span>
    </p>
   </div>
   <div class='ocr_carea' id='block_1_65' title="bbox 64 2202 1748 2245">
    <p class='ocr_par' dir='ltr' id='par_1_65' title="bbox 64 2202 1748 2245">
     <span class='ocr_line' id='line_1_65' title="bbox 64 2202 1748 2245; baseline 0.004 -13"><span class='ocrx_word' id='word_1_677' title='bbox 64 2202 173 2244; x_wconf 82' lang='lat' dir='ltr'><strong>adorat,</strong></span> <span class='ocrx_word' id='word_1_678' title='bbox 188 2208 217 2235; x_wconf 92' lang='lat' dir='ltr'><strong>et</strong></span> <span class='ocrx_word' id='word_1_679' title='bbox 231 2204 405 2235; x_wconf 87' lang='lat' dir='ltr'><strong>immensam</strong></span> <span class='ocrx_word' id='word_1_680' title='bbox 422 2205 485 2244; x_wconf 90' lang='lat' dir='ltr'><strong>ejus</strong></span> <span class='ocrx_word' id='word_1_681' title='bbox 507 2204 670 2235; x_wconf 88' lang='lat' dir='ltr'><strong>bonitatem</strong></span> <span class='ocrx_word' id='word_1_682' title='bbox 687 2203 828 2235; x_wconf 88' lang='lat' dir='ltr'><strong>dilaudat.</strong></span> <span class='ocrx_word' id='word_1_683' title='bbox 845 2202 955 2239; x_wconf 66' lang='lat' dir='ltr'><strong>At&#39;ut</strong></span> <span class='ocrx_word' id='word_1_684' title='bbox 985 2206 1080 2236; x_wconf 90' lang='lat' dir='ltr'><strong>lucem</strong></span> <span class='ocrx_word' id='word_1_685' title='bbox 1110 2209 1302 2244; x_wconf 84' lang='lat' dir='ltr'><strong>acceperunt.</strong></span> <span class='ocrx_word' id='word_1_686' title='bbox 1331 2205 1475 2242; x_wconf 86' lang='lat' dir='ltr'><strong>Quoniam</strong></span> <span class='ocrx_word' id='word_1_687' title='bbox 1514 2205 1655 2245; x_wconf 71' lang='lat' dir='ltr'><strong>praecedit</strong></span> <span class='ocrx_word' id='word_1_688' title='bbox 1677 2209 1748 2238; x_wconf 88' lang='lat' dir='ltr'><strong>ante</strong></span> 
     </span>
    </p>
   </div>
   <div class='ocr_carea' id='block_1_66' title="bbox 65 2247 1747 2291">
    <p class='ocr_par' dir='ltr' id='par_1_66' title="bbox 65 2247 1747 2291">
     <span class='ocr_line' id='line_1_66' title="bbox 65 2247 1747 2291; baseline 0.004 -15"><span class='ocrx_word' id='word_1_689' title='bbox 65 2255 132 2278; x_wconf 70' lang='lat' dir='ltr'><strong>vero</strong></span> <span class='ocrx_word' id='word_1_690' title='bbox 156 2257 260 2289; x_wconf 89' lang='lat' dir='ltr'><strong>corpus</strong></span> <span class='ocrx_word' id='word_1_691' title='bbox 287 2249 323 2280; x_wconf 92' lang='lat' dir='ltr'><strong>ad</strong></span> <span class='ocrx_word' id='word_1_692' title='bbox 347 2249 481 2290; x_wconf 89' lang='lat' dir='ltr'><strong>proprias</strong></span> <span class='ocrx_word' id='word_1_693' title='bbox 503 2247 680 2289; x_wconf 85' lang='lat' dir='ltr'><strong>cupiditates</strong></span> <span class='ocrx_word' id='word_1_694' title='bbox 704 2248 813 2279; x_wconf 90' lang='lat' dir='ltr'><strong>nullam</strong></span> <span class='ocrx_word' id='word_1_695' title='bbox 837 2249 880 2280; x_wconf 91' lang='lat' dir='ltr'><strong>vel</strong></span> <span class='ocrx_word' id='word_1_696' title='bbox 923 2250 1005 2281; x_wconf 87' lang='lat' dir='ltr'><strong>illum</strong></span> <span class='ocrx_word' id='word_1_697' title='bbox 1021 2249 1233 2289; x_wconf 85' lang='lat' dir='ltr'><strong>lumengloriae</strong></span> <span class='ocrx_word' id='word_1_698' title='bbox 1247 2250 1338 2289; x_wconf 91' lang='lat' dir='ltr'><strong>illius,</strong></span> <span class='ocrx_word' id='word_1_699' title='bbox 1350 2254 1380 2281; x_wconf 91' lang='lat' dir='ltr'><strong>et</strong></span> <span class='ocrx_word' id='word_1_700' title='bbox 1395 2249 1460 2281; x_wconf 89' lang='lat' dir='ltr'><strong>sine</strong></span> <span class='ocrx_word' id='word_1_701' title='bbox 1476 2249 1588 2280; x_wconf 92' lang='lat' dir='ltr'><strong>lumine</strong></span> <span class='ocrx_word' id='word_1_702' title='bbox 1603 2259 1747 2291; x_wconf 87' lang='lat' dir='ltr'><strong>apparere</strong></span> 
     </span>
    </p>
   </div>
   <div class='ocr_carea' id='block_1_67' title="bbox 63 2293 1747 2336">
    <p class='ocr_par' dir='ltr' id='par_1_67' title="bbox 63 2293 1747 2336">
     <span class='ocr_line' id='line_1_67' title="bbox 63 2293 1747 2336; baseline 0.004 -15"><span class='ocrx_word' id='word_1_703' title='bbox 63 2293 290 2334; x_wconf 90' lang='lat' dir='ltr'><strong>qualemcunque</strong></span> <span class='ocrx_word' id='word_1_704' title='bbox 306 2294 541 2334; x_wconf 88' lang='lat' dir='ltr'><strong>inspirationem,</strong></span> <span class='ocrx_word' id='word_1_705' title='bbox 569 2297 620 2324; x_wconf 81' lang='lat' dir='ltr'><strong>aut</strong></span> <span class='ocrx_word' id='word_1_706' title='bbox 639 2293 815 2331; x_wconf 89' lang='lat' dir='ltr'><strong>motionem,</strong></span> <span class='ocrx_word' id='word_1_707' title='bbox 833 2298 882 2325; x_wconf 92' lang='lat' dir='ltr'><strong>aut</strong></span> <span class='ocrx_word' id='word_1_708' title='bbox 923 2305 982 2326; x_wconf 92' lang='lat' dir='ltr'><strong>non</strong></span> <span class='ocrx_word' id='word_1_709' title='bbox 997 2298 1113 2335; x_wconf 89' lang='lat' dir='ltr'><strong>potest:</strong></span> <span class='ocrx_word' id='word_1_710' title='bbox 1131 2294 1240 2336; x_wconf 89' lang='lat' dir='ltr'><strong>quique</strong></span> <span class='ocrx_word' id='word_1_711' title='bbox 1256 2295 1321 2336; x_wconf 90' lang='lat' dir='ltr'><strong>ejus</strong></span> <span class='ocrx_word' id='word_1_712' title='bbox 1335 2296 1434 2327; x_wconf 90' lang='lat' dir='ltr'><strong>lumen</strong></span> <span class='ocrx_word' id='word_1_713' title='bbox 1451 2304 1511 2326; x_wconf 90' lang='lat' dir='ltr'><strong>non</strong></span> <span class='ocrx_word' id='word_1_714' title='bbox 1524 2294 1673 2333; x_wconf 88' lang='lat' dir='ltr'><strong>viderunt,</strong></span> <span class='ocrx_word' id='word_1_715' title='bbox 1690 2305 1747 2327; x_wconf 89' lang='lat' dir='ltr'><strong>nec</strong></span> 
     </span>
    </p>
   </div>
   <div class='ocr_carea' id='block_1_68' title="bbox 64 2337 1746 2381">
    <p class='ocr_par' dir='ltr' id='par_1_68' title="bbox 64 2337 1746 2381">
     <span class='ocr_line' id='line_1_68' title="bbox 64 2337 1746 2381; baseline 0.002 -14"><span class='ocrx_word' id='word_1_716' title='bbox 64 2337 262 2376; x_wconf 84' lang='lat' dir='ltr'><strong>cogitationem</strong></span> <span class='ocrx_word' id='word_1_717' title='bbox 277 2339 365 2370; x_wconf 85' lang='lat' dir='ltr'><strong>habet</strong></span> <span class='ocrx_word' id='word_1_718' title='bbox 381 2349 387 2368; x_wconf 89' lang='lat'>:</span> <span class='ocrx_word' id='word_1_719' title='bbox 406 2339 457 2370; x_wconf 92' lang='lat' dir='ltr'><strong>sed</strong></span> <span class='ocrx_word' id='word_1_720' title='bbox 484 2342 528 2369; x_wconf 91' lang='lat' dir='ltr'><strong>est</strong></span> <span class='ocrx_word' id='word_1_721' title='bbox 557 2337 587 2368; x_wconf 89' lang='lat' dir='ltr'><strong>in</strong></span> <span class='ocrx_word' id='word_1_722' title='bbox 617 2337 664 2369; x_wconf 89' lang='lat' dir='ltr'><strong>his</strong></span> <span class='ocrx_word' id='word_1_723' title='bbox 687 2342 781 2369; x_wconf 90' lang='lat' dir='ltr'><strong>totum</strong></span> <span class='ocrx_word' id='word_1_724' title='bbox 798 2348 881 2369; x_wconf 89' lang='lat' dir='ltr'><strong>mor-</strong></span> <span class='ocrx_word' id='word_1_725' title='bbox 922 2340 1004 2370; x_wconf 92' lang='lat' dir='ltr'><strong>illum</strong></span> <span class='ocrx_word' id='word_1_726' title='bbox 1019 2339 1170 2379; x_wconf 80' lang='lat' dir='ltr'><strong>viderunt,</strong></span> <span class='ocrx_word' id='word_1_727' title='bbox 1187 2340 1328 2381; x_wconf 89' lang='lat' dir='ltr'><strong>quoniam</strong></span> <span class='ocrx_word' id='word_1_728' title='bbox 1344 2341 1408 2381; x_wconf 90' lang='lat' dir='ltr'><strong>ipse</strong></span> <span class='ocrx_word' id='word_1_729' title='bbox 1429 2340 1479 2371; x_wconf 83' lang='lat' dir='ltr'><strong>lux</strong></span> <span class='ocrx_word' id='word_1_730' title='bbox 1494 2343 1549 2371; x_wconf 87' lang='lat' dir='ltr'><strong>est.</strong></span> <span class='ocrx_word' id='word_1_731' title='bbox 1565 2339 1601 2370; x_wconf 84' lang='lat' dir='ltr'><strong>Et</strong></span> <span class='ocrx_word' id='word_1_732' title='bbox 1624 2339 1676 2380; x_wconf 90' lang='lat' dir='ltr'><strong>qui</strong></span> <span class='ocrx_word' id='word_1_733' title='bbox 1697 2340 1746 2371; x_wconf 90' lang='lat' dir='ltr'><strong>lu-</strong></span> 
     </span>
    </p>
   </div>
   <div class='ocr_carea' id='block_1_69' title="bbox 64 2382 1745 2425">
    <p class='ocr_par' dir='ltr' id='par_1_69' title="bbox 64 2382 1745 2425">
     <span class='ocr_line' id='line_1_69' title="bbox 64 2382 1745 2425; baseline 0.002 -11"><span class='ocrx_word' id='word_1_734' title='bbox 64 2385 141 2414; x_wconf 91' lang='lat' dir='ltr'><strong>tuum</strong></span> <span class='ocrx_word' id='word_1_735' title='bbox 157 2387 183 2413; x_wconf 91' lang='lat' dir='ltr'><strong>et</strong></span> <span class='ocrx_word' id='word_1_736' title='bbox 197 2383 344 2414; x_wconf 84' lang='lat' dir='ltr'><strong>exanime.</strong></span> <span class='ocrx_word' id='word_1_737' title='bbox 359 2385 591 2424; x_wconf 90' lang='lat' dir='ltr'><strong>Nonnunquam,</strong></span> <span class='ocrx_word' id='word_1_738' title='bbox 609 2382 668 2413; x_wconf 91' lang='lat' dir='ltr'><strong>imo</strong></span> <span class='ocrx_word' id='word_1_739' title='bbox 681 2391 770 2423; x_wconf 71' lang='lat' dir='ltr'><strong>saepe,</strong></span> <span class='ocrx_word' id='word_1_740' title='bbox 790 2383 880 2414; x_wconf 91' lang='lat' dir='ltr'><strong>etiam</strong></span> <span class='ocrx_word' id='word_1_741' title='bbox 923 2394 991 2416; x_wconf 90' lang='lat' dir='ltr'><strong>men</strong></span> <span class='ocrx_word' id='word_1_742' title='bbox 1004 2394 1063 2415; x_wconf 89' lang='lat' dir='ltr'><strong>non</strong></span> <span class='ocrx_word' id='word_1_743' title='bbox 1074 2389 1265 2425; x_wconf 89' lang='lat' dir='ltr'><strong>acceperunt,</strong></span> <span class='ocrx_word' id='word_1_744' title='bbox 1278 2384 1409 2416; x_wconf 91' lang='lat' dir='ltr'><strong>nondum</strong></span> <span class='ocrx_word' id='word_1_745' title='bbox 1421 2384 1543 2425; x_wconf 80' lang='lat' dir='ltr'><strong>gratiam</strong></span> <span class='ocrx_word' id='word_1_746' title='bbox 1554 2388 1745 2425; x_wconf 83' lang='lat' dir='ltr'><strong>acceperunt.</strong></span> 
     </span>
    </p>
   </div>
   <div class='ocr_carea' id='block_1_70' title="bbox 65 2428 1746 2471">
    <p class='ocr_par' dir='ltr' id='par_1_70' title="bbox 65 2428 1746 2471">
     <span class='ocr_line' id='line_1_70' title="bbox 65 2428 1746 2471; baseline 0.003 -14"><span class='ocrx_word' id='word_1_747' title='bbox 65 2436 159 2458; x_wconf 89' lang='lat' dir='ltr'><strong>eorum</strong></span> <span class='ocrx_word' id='word_1_748' title='bbox 175 2438 238 2468; x_wconf 78' lang='lat' dir='ltr'><strong>quac</strong></span> <span class='ocrx_word' id='word_1_749' title='bbox 247 2428 411 2459; x_wconf 90' lang='lat' dir='ltr'><strong>secundum</strong></span> <span class='ocrx_word' id='word_1_750' title='bbox 428 2433 562 2459; x_wconf 86' lang='lat' dir='ltr'><strong>naturam</strong></span> <span class='ocrx_word' id='word_1_751' title='bbox 578 2431 656 2467; x_wconf 67' lang='lat' dir='ltr'><strong>sunt,</strong></span> <span class='ocrx_word' id='word_1_752' title='bbox 670 2430 792 2468; x_wconf 90' lang='lat' dir='ltr'><strong>propter</strong></span> <span class='ocrx_word' id='word_1_753' title='bbox 805 2428 881 2459; x_wconf 88' lang='lat' dir='ltr'><strong>assi-</strong></span> <span class='ocrx_word' id='word_1_754' title='bbox 923 2429 979 2465; x_wconf 90' lang='lat' dir='ltr'><strong>Qui</strong></span> <span class='ocrx_word' id='word_1_755' title='bbox 994 2439 1122 2470; x_wconf 87' lang='lat' dir='ltr'><strong>namque</strong></span> <span class='ocrx_word' id='word_1_756' title='bbox 1136 2429 1258 2469; x_wconf 83' lang='lat' dir='ltr'><strong>gratiam</strong></span> <span class='ocrx_word' id='word_1_757' title='bbox 1283 2433 1474 2471; x_wconf 88' lang='lat' dir='ltr'><strong>acceperunt,</strong></span> <span class='ocrx_word' id='word_1_758' title='bbox 1503 2429 1604 2460; x_wconf 91' lang='lat' dir='ltr'><strong>lumen</strong></span> <span class='ocrx_word' id='word_1_759' title='bbox 1631 2428 1685 2460; x_wconf 88' lang='lat' dir='ltr'><strong>Dei</strong></span> <span class='ocrx_word' id='word_1_760' title='bbox 1715 2433 1746 2462; x_wconf 90' lang='lat' dir='ltr'><strong>et</strong></span> 
     </span>
    </p>
   </div>
   <div class='ocr_carea' id='block_1_71' title="bbox 65 2472 1742 2516">
    <p class='ocr_par' dir='ltr' id='par_1_71' title="bbox 65 2472 1742 2516">
     <span class='ocr_line' id='line_1_71' title="bbox 65 2472 1742 2516; baseline 0.002 -13"><span class='ocrx_word' id='word_1_761' title='bbox 65 2472 145 2503; x_wconf 92' lang='lat' dir='ltr'><strong>duam</strong></span> <span class='ocrx_word' id='word_1_762' title='bbox 159 2473 263 2504; x_wconf 85' lang='lat' dir='ltr'><strong>animae</strong></span> <span class='ocrx_word' id='word_1_763' title='bbox 278 2474 307 2504; x_wconf 90' lang='lat' dir='ltr'><strong>in</strong></span> <span class='ocrx_word' id='word_1_764' title='bbox 337 2473 427 2505; x_wconf 88' lang='lat' dir='ltr'><strong>rebus</strong></span> <span class='ocrx_word' id='word_1_765' title='bbox 456 2483 522 2514; x_wconf 83' lang='lat' dir='ltr'><strong>quae</strong></span> <span class='ocrx_word' id='word_1_766' title='bbox 549 2482 638 2513; x_wconf 87' lang='lat' dir='ltr'><strong>supra</strong></span> <span class='ocrx_word' id='word_1_767' title='bbox 666 2477 799 2504; x_wconf 89' lang='lat' dir='ltr'><strong>naturam</strong></span> <span class='ocrx_word' id='word_1_768' title='bbox 814 2477 882 2505; x_wconf 91' lang='lat' dir='ltr'><strong>sunt</strong></span> <span class='ocrx_word' id='word_1_769' title='bbox 922 2474 1016 2506; x_wconf 91' lang='lat' dir='ltr'><strong>Denm</strong></span> <span class='ocrx_word' id='word_1_770' title='bbox 1031 2478 1221 2515; x_wconf 89' lang='lat' dir='ltr'><strong>acceperunt,</strong></span> <span class='ocrx_word' id='word_1_771' title='bbox 1251 2475 1328 2506; x_wconf 91' lang='lat' dir='ltr'><strong>sicut</strong></span> <span class='ocrx_word' id='word_1_772' title='bbox 1350 2474 1416 2516; x_wconf 89' lang='lat' dir='ltr'><strong>ipsa</strong></span> <span class='ocrx_word' id='word_1_773' title='bbox 1442 2474 1492 2505; x_wconf 79' lang='lat' dir='ltr'><strong>lux</strong></span> <span class='ocrx_word' id='word_1_774' title='bbox 1520 2473 1655 2505; x_wconf 87' lang='lat' dir='ltr'><strong>Christus</strong></span> <span class='ocrx_word' id='word_1_775' title='bbox 1677 2473 1742 2507; x_wconf 91' lang='lat' dir='ltr'><strong>ait:</strong></span> 
     </span>
    </p>
   </div>
   <div class='ocr_carea' id='block_1_72' title="bbox 68 2517 1744 2559">
    <p class='ocr_par' dir='ltr' id='par_1_72' title="bbox 68 2517 1744 2559">
     <span class='ocr_line' id='line_1_72' title="bbox 68 2517 1744 2559; baseline 0.002 -11"><span class='ocrx_word' id='word_1_776' title='bbox 68 2518 213 2549; x_wconf 84' lang='lat' dir='ltr'><strong>mentalem</strong></span> <span class='ocrx_word' id='word_1_777' title='bbox 230 2519 454 2559; x_wconf 85' lang='lat' dir='ltr'><strong>occupationem</strong></span> <span class='ocrx_word' id='word_1_778' title='bbox 474 2527 508 2549; x_wconf 89' lang='lat' dir='ltr'><strong>ac</strong></span> <span class='ocrx_word' id='word_1_779' title='bbox 534 2517 665 2549; x_wconf 89' lang='lat' dir='ltr'><strong>studium</strong></span> <span class='ocrx_word' id='word_1_780' title='bbox 682 2517 876 2550; x_wconf 88' lang='lat' dir='ltr'><strong>obliviscitur.</strong></span> <span class='ocrx_word' id='word_1_781' title='bbox 919 2519 1147 2558; x_wconf 79' lang='lat' dir='ltr'><strong>Inhabitabo,et</strong></span> <span class='ocrx_word' id='word_1_782' title='bbox 1159 2519 1354 2552; x_wconf 81' lang='lat' dir='ltr'><strong>inambulabo</strong></span> <span class='ocrx_word' id='word_1_783' title='bbox 1364 2520 1448 2551; x_wconf 79' lang='lat' dir='ltr'><strong>ineis</strong></span> <span class='ocrx_word' id='word_1_784' title='bbox 1459 2518 1487 2541; x_wconf 77' lang='grc'><strong>³⁸</strong></span> <span class='ocrx_word' id='word_1_785' title='bbox 1499 2544 1506 2550; x_wconf 95' lang='grc'><em>.</em></span> <span class='ocrx_word' id='word_1_786' title='bbox 1523 2517 1635 2555; x_wconf 88' lang='lat' dir='ltr'><strong>Quibus</strong></span> <span class='ocrx_word' id='word_1_787' title='bbox 1646 2522 1744 2551; x_wconf 90' lang='lat' dir='ltr'><strong>autem</strong></span> 
     </span>
    </p>
   </div>
   <div class='ocr_carea' id='block_1_73' title="bbox 66 2561 1743 2605">
    <p class='ocr_par' dir='ltr' id='par_1_73' title="bbox 66 2561 1743 2605">
     <span class='ocr_line' id='line_1_73' title="bbox 66 2561 1743 2605; baseline 0.002 -13"><span class='ocrx_word' id='word_1_788' title='bbox 66 2561 96 2593; x_wconf 88' lang='lat' dir='ltr'><strong>Et</strong></span> <span class='ocrx_word' id='word_1_789' title='bbox 105 2567 186 2603; x_wconf 87' lang='lat' dir='ltr'><strong>recte,</strong></span> <span class='ocrx_word' id='word_1_790' title='bbox 200 2563 400 2602; x_wconf 84' lang='lat' dir='ltr'><strong>inquitenim:</strong></span> <span class='ocrx_word' id='word_1_791' title='bbox 416 2563 534 2602; x_wconf 79' lang='lat' dir='ltr'><strong>Spiritu</strong></span> <span class='ocrx_word' id='word_1_792' title='bbox 546 2562 709 2598; x_wconf 84' lang='lat' dir='ltr'><strong>ambulate,</strong></span> <span class='ocrx_word' id='word_1_793' title='bbox 723 2566 752 2592; x_wconf 81' lang='lat' dir='ltr'><strong>et</strong></span> <span class='ocrx_word' id='word_1_794' title='bbox 763 2562 877 2595; x_wconf 77' lang='lat' dir='ltr'><strong>deside-</strong></span> <span class='ocrx_word' id='word_1_795' title='bbox 918 2564 976 2595; x_wconf 85' lang='lat' dir='ltr'><strong>hoc</strong></span> <span class='ocrx_word' id='word_1_796' title='bbox 993 2565 1124 2596; x_wconf 92' lang='lat' dir='ltr'><strong>nondum</strong></span> <span class='ocrx_word' id='word_1_797' title='bbox 1136 2565 1271 2605; x_wconf 85' lang='lat' dir='ltr'><strong>contigit,</strong></span> <span class='ocrx_word' id='word_1_798' title='bbox 1286 2574 1342 2597; x_wconf 89' lang='lat' dir='ltr'><strong>nec</strong></span> <span class='ocrx_word' id='word_1_799' title='bbox 1357 2563 1440 2604; x_wconf 86' lang='lat' dir='ltr'><strong>digni</strong></span> <span class='ocrx_word' id='word_1_800' title='bbox 1454 2567 1523 2596; x_wconf 90' lang='lat' dir='ltr'><strong>sunt</strong></span> <span class='ocrx_word' id='word_1_801' title='bbox 1534 2563 1639 2603; x_wconf 90' lang='lat' dir='ltr'><strong>habiti,</strong></span> <span class='ocrx_word' id='word_1_802' title='bbox 1651 2563 1702 2605; x_wconf 91' lang='lat' dir='ltr'><strong>qui</strong></span> <span class='ocrx_word' id='word_1_803' title='bbox 1712 2564 1743 2596; x_wconf 92' lang='lat' dir='ltr'><strong>id</strong></span> 
     </span>
    </p>
   </div>
   <div class='ocr_carea' id='block_1_74' title="bbox 68 2606 1743 2649">
    <p class='ocr_par' dir='ltr' id='par_1_74' title="bbox 68 2606 1743 2649">
     <span class='ocr_line' id='line_1_74' title="bbox 68 2606 1743 2649; baseline 0.001 -11"><span class='ocrx_word' id='word_1_804' title='bbox 68 2608 210 2638; x_wconf 80' lang='lat' dir='ltr'><strong>riacarnis</strong></span> <span class='ocrx_word' id='word_1_805' title='bbox 218 2607 491 2648; x_wconf 57' lang='lat' dir='ltr'><strong>nonperﬂcietis”.</strong></span> <span class='ocrx_word' id='word_1_806' title='bbox 510 2609 584 2639; x_wconf 89' lang='lat' dir='ltr'><strong>Caro</strong></span> <span class='ocrx_word' id='word_1_807' title='bbox 601 2606 700 2646; x_wconf 82' lang='lat' dir='ltr'><strong>igitur,</strong></span> <span class='ocrx_word' id='word_1_808' title='bbox 718 2610 749 2638; x_wconf 92' lang='lat' dir='ltr'><strong>ut</strong></span> <span class='ocrx_word' id='word_1_809' title='bbox 765 2607 876 2638; x_wconf 91' lang='lat' dir='ltr'><strong>dictum</strong></span> <span class='ocrx_word' id='word_1_810' title='bbox 918 2613 1161 2649; x_wconf 89' lang='lat' dir='ltr'><strong>assequerentur,</strong></span> <span class='ocrx_word' id='word_1_811' title='bbox 1177 2618 1280 2640; x_wconf 89' lang='lat' dir='ltr'><strong>omnes</strong></span> <span class='ocrx_word' id='word_1_812' title='bbox 1308 2609 1340 2640; x_wconf 89' lang='lat' dir='ltr'><strong>hi</strong></span> <span class='ocrx_word' id='word_1_813' title='bbox 1365 2608 1420 2640; x_wconf 90' lang='lat' dir='ltr'><strong>sub</strong></span> <span class='ocrx_word' id='word_1_814' title='bbox 1446 2608 1512 2649; x_wconf 85' lang='lat' dir='ltr'><strong>lege</strong></span> <span class='ocrx_word' id='word_1_815' title='bbox 1536 2612 1604 2639; x_wconf 87' lang='lat' dir='ltr'><strong>ante</strong></span> <span class='ocrx_word' id='word_1_816' title='bbox 1619 2608 1743 2649; x_wconf 79' lang='lat' dir='ltr'><strong>gratiam</strong></span> 
     </span>
    </p>
   </div>
   <div class='ocr_carea' id='block_1_75' title="bbox 69 2651 1743 2695">
    <p class='ocr_par' dir='ltr' id='par_1_75' title="bbox 69 2651 1743 2695">
     <span class='ocr_line' id='line_1_75' title="bbox 69 2651 1743 2695; baseline 0.001 -12"><span class='ocrx_word' id='word_1_817' title='bbox 69 2656 117 2689; x_wconf 89' lang='lat' dir='ltr'><strong>est,</strong></span> <span class='ocrx_word' id='word_1_818' title='bbox 133 2662 180 2692; x_wconf 89' lang='lat' dir='ltr'><strong>per</strong></span> <span class='ocrx_word' id='word_1_819' title='bbox 193 2653 350 2683; x_wconf 88' lang='lat' dir='ltr'><strong>adventum</strong></span> <span class='ocrx_word' id='word_1_820' title='bbox 374 2651 501 2692; x_wconf 90' lang='lat' dir='ltr'><strong>Spiritus</strong></span> <span class='ocrx_word' id='word_1_821' title='bbox 526 2653 602 2683; x_wconf 85' lang='lat' dir='ltr'><strong>facta</strong></span> <span class='ocrx_word' id='word_1_822' title='bbox 619 2657 745 2689; x_wconf 80' lang='lat' dir='ltr'><strong>mortua,</strong></span> <span class='ocrx_word' id='word_1_823' title='bbox 761 2651 876 2692; x_wconf 89' lang='lat' dir='ltr'><strong>imper-</strong></span> <span class='ocrx_word' id='word_1_824' title='bbox 917 2657 1089 2691; x_wconf 89' lang='lat' dir='ltr'><strong>censentur,</strong></span> <span class='ocrx_word' id='word_1_825' title='bbox 1114 2654 1204 2692; x_wconf 88' lang='lat' dir='ltr'><strong>servi,</strong></span> <span class='ocrx_word' id='word_1_826' title='bbox 1227 2663 1441 2695; x_wconf 88' lang='lat' dir='ltr'><strong>servorumque</strong></span> <span class='ocrx_word' id='word_1_827' title='bbox 1468 2652 1619 2693; x_wconf 90' lang='lat' dir='ltr'><strong>discipuli.</strong></span> <span class='ocrx_word' id='word_1_828' title='bbox 1635 2652 1671 2684; x_wconf 92' lang='lat' dir='ltr'><strong>Et</strong></span> <span class='ocrx_word' id='word_1_829' title='bbox 1685 2662 1743 2684; x_wconf 85' lang='lat' dir='ltr'><strong>au-</strong></span> 
     </span>
    </p>
   </div>
   <div class='ocr_carea' id='block_1_76' title="bbox 71 2695 1742 2740">
    <p class='ocr_par' dir='ltr' id='par_1_76' title="bbox 71 2695 1742 2740">
     <span class='ocr_line' id='line_1_76' title="bbox 71 2695 1742 2740; baseline 0.002 -13"><span class='ocrx_word' id='word_1_830' title='bbox 71 2697 187 2728; x_wconf 89' lang='lat' dir='ltr'><strong>turbatos</strong></span> <span class='ocrx_word' id='word_1_831' title='bbox 200 2697 238 2728; x_wconf 90' lang='lat' dir='ltr'><strong>de</strong></span> <span class='ocrx_word' id='word_1_832' title='bbox 252 2701 359 2728; x_wconf 69' lang='lat' dir='ltr'><strong>caetero</strong></span> <span class='ocrx_word' id='word_1_833' title='bbox 373 2706 424 2728; x_wconf 91' lang='lat' dir='ltr'><strong>vos</strong></span> <span class='ocrx_word' id='word_1_834' title='bbox 439 2696 598 2737; x_wconf 88' lang='lat' dir='ltr'><strong>relinquet,</strong></span> <span class='ocrx_word' id='word_1_835' title='bbox 613 2699 643 2728; x_wconf 90' lang='lat' dir='ltr'><strong>et</strong></span> <span class='ocrx_word' id='word_1_836' title='bbox 657 2695 876 2737; x_wconf 89' lang='lat' dir='ltr'><strong>citraimpedi—</strong></span> <span class='ocrx_word' id='word_1_837' title='bbox 917 2697 1028 2730; x_wconf 87' lang='lat' dir='ltr'><strong>ditores</strong></span> <span class='ocrx_word' id='word_1_838' title='bbox 1042 2698 1128 2740; x_wconf 81' lang='lat' dir='ltr'><strong>legis,</strong></span> <span class='ocrx_word' id='word_1_839' title='bbox 1154 2698 1267 2730; x_wconf 90' lang='lat' dir='ltr'><strong>circum</strong></span> <span class='ocrx_word' id='word_1_840' title='bbox 1293 2699 1431 2731; x_wconf 89' lang='lat' dir='ltr'><strong>umbram</strong></span> <span class='ocrx_word' id='word_1_841' title='bbox 1460 2702 1490 2730; x_wconf 89' lang='lat' dir='ltr'><strong>et</strong></span> <span class='ocrx_word' id='word_1_842' title='bbox 1513 2701 1616 2739; x_wconf 79' lang='lat' dir='ltr'><strong>typum</strong></span> <span class='ocrx_word' id='word_1_843' title='bbox 1644 2697 1742 2730; x_wconf 86' lang='lat' dir='ltr'><strong>adhuc</strong></span> 
     </span>
    </p>
   </div>
   <div class='ocr_carea' id='block_1_77' title="bbox 105 2788 1742 2832">
    <p class='ocr_par' dir='ltr' id='par_1_77' title="bbox 105 2788 1742 2832">
     <span class='ocr_line' id='line_1_77' title="bbox 105 2788 1742 2832; baseline 0.001 -11"><span class='ocrx_word' id='word_1_844' title='bbox 105 2790 224 2822; x_wconf 64' lang='lat' dir='ltr'><strong>Ziioan.</strong></span> <span class='ocrx_word' id='word_1_845' title='bbox 238 2799 270 2828; x_wconf 92' lang='lat' dir='ltr'><strong>v,</strong></span> <span class='ocrx_word' id='word_1_846' title='bbox 285 2789 350 2832; x_wconf 65' lang='lat'><strong>39._</strong></span> <span class='ocrx_word' id='word_1_847' title='bbox 377 2789 409 2816; x_wconf 67' lang='grc'><strong>28</strong></span> <span class='ocrx_word' id='word_1_848' title='bbox 423 2791 494 2823; x_wconf 91' lang='lat' dir='ltr'><strong>Luc.</strong></span> <span class='ocrx_word' id='word_1_849' title='bbox 511 2799 545 2830; x_wconf 78' lang='grc' dir='ltr'><strong>ιι,</strong></span> <span class='ocrx_word' id='word_1_850' title='bbox 563 2791 682 2832; x_wconf 27' lang='grc' dir='ltr'><strong>πολλιιι</strong></span> <span class='ocrx_word' id='word_1_851' title='bbox 722 2788 753 2832; x_wconf 49' lang='grc' dir='ltr'><strong>τι</strong></span> <span class='ocrx_word' id='word_1_852' title='bbox 766 2788 855 2832; x_wconf 67' lang='lat' dir='ltr'><strong>Joan,</strong></span> <span class='ocrx_word' id='word_1_853' title='bbox 870 2799 921 2832; x_wconf 71' lang='lat' dir='ltr'><strong>xv,</strong></span> <span class='ocrx_word' id='word_1_854' title='bbox 941 2792 988 2823; x_wconf 81' lang='lat'><strong>19.</strong></span> <span class='ocrx_word' id='word_1_855' title='bbox 1031 2793 1062 2819; x_wconf 67' lang='lat'><strong>98</strong></span> <span class='ocrx_word' id='word_1_856' title='bbox 1089 2792 1184 2827; x_wconf 84' lang='lat' dir='ltr'><strong>Galat.</strong></span> <span class='ocrx_word' id='word_1_857' title='bbox 1208 2801 1251 2832; x_wconf 79' lang='lat' dir='ltr'><strong>vr,</strong></span> <span class='ocrx_word' id='word_1_858' title='bbox 1267 2793 1318 2825; x_wconf 75' lang='grc'><strong>14.</strong></span> <span class='ocrx_word' id='word_1_859' title='bbox 1359 2793 1390 2819; x_wconf 65' lang='lat' dir='ltr'><strong>a9</strong></span> <span class='ocrx_word' id='word_1_860' title='bbox 1409 2792 1505 2826; x_wconf 85' lang='lat' dir='ltr'><strong>Galat.</strong></span> <span class='ocrx_word' id='word_1_861' title='bbox 1529 2791 1627 2832; x_wconf 75' lang='lat' dir='ltr'><strong>v,16.</strong></span> <span class='ocrx_word' id='word_1_862' title='bbox 1667 2792 1700 2819; x_wconf 69' lang='grc' dir='ltr'><strong>⁸ο</strong></span> <span class='ocrx_word' id='word_1_863' title='bbox 1715 2790 1742 2823; x_wconf 92' lang='lat' dir='ltr'>II</span> 
     </span>
    </p>
   </div>
   <div class='ocr_carea' id='block_1_78' title="bbox 69 2817 1739 2910">
    <p class='ocr_par' dir='ltr' id='par_1_78' title="bbox 69 2817 1739 2910">
     <span class='ocr_line' id='line_1_78' title="bbox 71 2817 1739 2875; baseline 0.002 -13"><span class='ocrx_word' id='word_1_864' title='bbox 71 2817 270 2870; x_wconf 52' lang='grc' dir='ltr'><strong>ροιῑιὶζῐϊ</strong></span> <span class='ocrx_word' id='word_1_865' title='bbox 287 2817 494 2868; x_wconf 56' lang='grc' dir='ltr'><strong>Ξῖζιοδηῖῦξ</strong></span> <span class='ocrx_word' id='word_1_866' title='bbox 509 2817 1068 2869; x_wconf 50' lang='lat' dir='ltr'><strong>it’s.&quot;=’a&#39;iiatn.&#39;i,&quot;i£&quot;Sintia.</strong></span> <span class='ocrx_word' id='word_1_867' title='bbox 1090 2817 1251 2866; x_wconf 68' lang='lat' dir='ltr'><strong>ié&#39;.&quot;&#39;«&#39;i’</strong></span> <span class='ocrx_word' id='word_1_868' title='bbox 1266 2817 1334 2866; x_wconf 58' lang='lat' dir='ltr'><strong>ea}.</strong></span> <span class='ocrx_word' id='word_1_869' title='bbox 1359 2817 1392 2873; x_wconf 66' lang='lat' dir='ltr'><strong>ii,</strong></span> <span class='ocrx_word' id='word_1_870' title='bbox 1411 2817 1631 2866; x_wconf 62' lang='grc' dir='ltr'><strong>νσῗ“’ὲδ’3οὶῖιὶ</strong></span> <span class='ocrx_word' id='word_1_871' title='bbox 1661 2817 1739 2875; x_wconf 63' lang='grc' dir='ltr'><strong>ιζέ</strong></span> 
     </span>
     <span class='ocr_line' id='line_1_79' title="bbox 69 2871 614 2910; baseline 0 -7"><span class='ocrx_word' id='word_1_872' title='bbox 69 2872 93 2895; x_wconf 69' lang='grc'><strong>³⁸</strong></span> <span class='ocrx_word' id='word_1_873' title='bbox 104 2871 185 2904; x_wconf 87' lang='lat' dir='ltr'><strong>Levit.</strong></span> <span class='ocrx_word' id='word_1_874' title='bbox 199 2879 281 2910; x_wconf 78' lang='lat' dir='ltr'><strong>xxvt,</strong></span> <span class='ocrx_word' id='word_1_875' title='bbox 296 2871 355 2909; x_wconf 80' lang='lat'><strong>12;</strong></span> <span class='ocrx_word' id='word_1_876' title='bbox 372 2871 400 2904; x_wconf 92' lang='grc' dir='ltr'><em>Π</em></span> <span class='ocrx_word' id='word_1_877' title='bbox 421 2872 489 2905; x_wconf 87' lang='lat' dir='ltr'><strong>Cor.</strong></span> <span class='ocrx_word' id='word_1_878' title='bbox 505 2881 547 2910; x_wconf 84' lang='lat' dir='ltr'><strong>v1,</strong></span> <span class='ocrx_word' id='word_1_879' title='bbox 565 2871 614 2904; x_wconf 80' lang='lat' dir='ltr'><strong>t6.</strong></span> 
     </span>
    </p>
   </div>
  </div>
