1983 3072
211 142 272 176 ιο7

863 138 1054 173 SYMEONIS
1073 138 1250 172 JUNIORIS

1840 129 1908 162 408

213 208 400 250 aberrantes,
418 207 472 240 tilii
487 208 616 246 ancilla,
637 210 666 239 et
681 206 734 239 filii
750 206 939 238 tenebrarum
955 210 1034 246 sunt,
1046 218 1068 236 Α
1079 203 1529 250 omniqueignominia-undique
1537 198 1908 250 replebnntur.Necistuc

214 254 276 285 sive
291 253 498 294 imperatores,
517 252 579 284 sive
601 251 787 293 patriarchae,
804 252 865 283 sive
889 251 1034 293 episc0pi,

213 298 275 330 sive
289 298 470 337 sacerdotes,
488 297 550 329 sive
575 297 737 338 principes,
754 296 815 328 sive
829 296 967 337 subjecti,
985 305 1036 328 seu

214 343 341 385 profani,
358 352 410 374 seu
425 342 574 381 monachi,
591 351 643 374 seu
659 348 776 381 ascetaa,
798 351 850 372 seu
875 341 1035 382 praepositi,

213 397 265 419 seu
281 396 440 428 pauperes,
459 396 511 418 seu
527 386 644 425 divites,
669 395 722 418 seu
751 386 863 426 aegroti,
894 395 947 417 seu
974 385 1037 416 sani

213 432 284 464 sint.
301 431 413 464 Omnes
428 432 520 470 enim,
536 431 587 473 qui
601 431 632 462 in
647 431 780 462 tenebris
795 430 910 468 sedent,
929 434 958 460 et
973 439 1038 470 pce-

214 477 311 509 nitere
326 477 440 515 nolunt,
451 477 505 507 ﬁlii
516 476 707 508 tenebrarum
724 479 929 506 numerantur.
943 474 1039 507 Pceni-

214 522 310 553 tentia
324 522 470 563 siquidem
487 525 531 552 est
542 521 645 563 janua,
661 530 725 562 quae
747 530 763 551 e
778 519 908 551 tenebris
928 519 1038 556 educit,

214 570 244 598 et
259 566 296 598 ad
311 566 414 598 lumen
429 566 563 598 deducit.
580 566 636 602 Qui
650 565 740 606 igitur
754 565 790 596 ad
805 565 906 595 lumen
922 564 1039 604 ingres-

213 621 265 644 sus
279 621 339 643 non
354 615 411 650 est,
429 612 550 652 januam
578 610 762 652 poenitentiae
790 619 849 641 non
878 610 955 641 bene
969 618 1038 650 per-

213 656 341 688 transiit.
358 656 434 688 Nam
450 656 475 687 si
493 656 713 697 pertransisset,
729 655 766 686 ad
781 655 882 686 lumen
899 654 1037 685 venisset.

215 701 271 738 Qui
286 705 383 732 autem
401 711 459 732 non
483 701 618 742 poenitet,
644 704 757 741 peccat,
788 703 947 740 propterea
971 698 1040 739 quia

215 756 275 778 non
291 746 413 787 paenitet
429 754 436 777 :
454 746 573 777 Scienti
587 748 669 776 mtm
683 744 804 782 bonum,
819 744 924 784 inquit,
938 747 1041 775 etnon

214 792 352 831 facienti,
357 794 513 831 peccatum
522 794 564 822 est
570 789 647 822 illi37
654 816 660 822 .
667 791 680 821 J
685 799 730 821 am
738 790 790 830 qui
796 789 869 828 facit
872 791 1040 829 peccatum,

1078 244 1203 291 tantum,
1219 244 1271 281 sed
1298 254 1328 280 et
1350 248 1447 280 omnis
1472 246 1632 287 cujuslibet
1647 244 1722 291 actio
1740 253 1794 275 seu
1809 244 1907 284 bona,

1079 305 1132 326 seu
1144 290 1230 335 mala,
1243 294 1340 326 omnis
1356 302 1466 334 sermo,
1484 291 1581 323 omnis
1595 290 1732 329 cogitatio
1749 299 1908 335 comment

1080 340 1208 380 tatioque
1224 334 1258 370 ab
1275 339 1338 379 ipso
1355 339 1500 378 cujusque
1515 340 1582 368 ortu
1596 335 1745 372 videlicet,
1758 344 1853 375 usque
1865 334 1907 365 ad

1080 385 1215 415 ultimum
1231 383 1355 415 halitum
1372 383 1433 414 illic
1449 381 1596 413 collectim
1613 381 1643 411 in
1654 389 1833 420 unoquoque
1850 380 1909 410 ho-

1081 429 1195 461 minum
1211 428 1375 470 apparebit.
1394 429 1429 458 Et
1442 437 1545 468 quam,
1562 435 1674 467 quaso,
1687 426 1803 460 fratres.
1818 425 1909 464 igno—

1081 474 1203 505 miniam
1220 484 1286 505 cum
1302 474 1367 509 hac,
1383 482 1448 514 quze
1471 481 1540 503 vere
1565 471 1626 502 sola
1653 477 1698 502 est
1723 469 1904 510 ignominia.

1081 523 1150 550 tunc
1175 517 1438 559 comparabimus?
1459 521 1511 548 aut
1525 526 1590 557 quae
1606 525 1694 556 pmna
1720 515 1827 546 timore
1850 514 1907 545 illo

1082 563 1256 603 pudoreque
1273 562 1376 603 major,
1389 571 1468 598 cum,
1485 564 1517 591 ut
1531 560 1645 591 dictum
1662 563 1717 596 est,
1734 559 1808 589 adeo
1819 563 1907 590 tene-

1080 606 1174 648 brosi,
1191 611 1220 638 et
1235 607 1299 638 sine
1314 606 1499 637 illuminante
1512 605 1618 646 spiritu
1634 604 1745 635 inventi
1764 603 1907 634 fuerint?

1081 651 1205 689 Qualem
1214 661 1302 692 porro
1308 651 1408 688 vitam,
1415 651 1501 691 quale
1511 649 1760 681 oblectamentum
1776 648 1909 679 habebit

1081 697 1184 738 homo,
1201 697 1251 737 qui
1267 697 1296 727 in
1313 695 1444 727 tenebris
1457 695 1552 733 sedet,
1568 704 1603 726 ac
1612 695 1729 731 metuit,
1743 703 1780 725 ne
1792 703 1906 734 repen-

1083 742 1145 773 tina
1168 742 1243 773 lucis
1264 740 1479 772 illuminatione
1496 739 1693 780 cogitationis,
1710 742 1759 770 aut
1774 738 1907 770 actionis

1083 786 1208 826 alicujus
1222 786 1326 817 sordes
1341 786 1371 816 in
1385 785 1450 825 ipso
1465 785 1674 825 reperiantur?

215 829 612 876 smusestpeccati,etodit
627 829 1069 875 lucem,ietnonvenitadlu—B
1120 831 1216 867 Quare
1238 831 1421 867 studeamus,
1448 829 1554 860 fratres
1579 829 1650 876 mei,
1674 829 1744 876 hinc
1770 829 1908 876 jam‘per

216 873 615 921 cem,neafguanniropera
623 873 731 920 ejus38.'
744 879 828 910 Nunc
838 879 918 910 enim
933 883 1039 919 sponte
1080 876 1283 917 paenitentiam
1297 880 1410 916 portam
1427 879 1579 921 augustam
1590 875 1702 905 intrare
1713 874 1753 912 ιο,
1764 873 1906 921 quodque

217 929 247 957 et
260 929 360 956 nostro
377 919 509 966 ipsorum
525 919 667 956 arbitratu
683 925 720 956 ad
746 925 847 955 lumen
873 932 926 964 per
940 924 1038 964 pmni-
1080 921 1160 952 intus
1176 925 1220 952 est
1236 921 1337 966 lumen
1353 924 1500 966 spectare.
1517 919 1621 957 Etiam,
1634 929 1716 959 rogo,
1730 929 1766 950 l'lt‘
1778 919 1905 950 deﬁcia—

217 970 341 1002 tentiam
357 970 485 1010 ingressi
499 970 717 1010 redarguimur,
734 973 762 1000 et
773 969 945 1009 judiramur
962 979 969 998 :
987 969 1039 1000 sed

219 1014 342 1055 mystice
354 1014 501 1054 judicium
510 1014 597 1052 istuc,
611 1019 640 1046 et
649 1014 835 1051 abscondite,
852 1013 882 1043 in
897 1013 1041 1044 interiore

218 1059 385 1090 animarum
401 1063 569 1090 nostrarum
584 1059 734 1096 cubiculo,
761 1058 797 1089 ad
824 1057 1040 1099 purgationem,

219 1107 248 1135 et
260 1103 470 1136 remissionem
486 1108 675 1145 peccatorum
691 1107 860 1135 nostrorum
876 1102 1045 1133 misericor—

219 1148 280 1187 dia,
299 1152 328 1179 et
341 1148 585 1189 henignitateDei
596 1149 742 1189 subimus,
756 1148 819 1179 solo
829 1147 971 1178 nimirum
983 1148 1044 1178 Deo

220 1202 269 1225 res
282 1196 398 1224 nostras
411 1193 526 1224 sciente
554 1201 588 1225 ac
613 1193 758 1224 intuente.
782 1191 845 1223 Hoc
867 1191 956 1231 igitur
986 1195 1043 1222 tam

219 1237 362 1279 praeclaro
387 1237 502 1277 judicio
532 1237 667 1278 quisquis
692 1236 740 1267 hic
765 1235 916 1276 judicatus
940 1235 1040 1277 fuerit,

217 1281 298 1313 aliud
315 1282 493 1323 supplicium
524 1287 575 1313 aut
603 1291 726 1313 examen
754 1290 814 1311 non
843 1280 969 1319 timebit,
987 1291 1042 1313 nec

217 1326 397 1358 tentationes
424 1326 482 1358 sibi
509 1330 738 1367 superventuras
759 1324 940 1356 formidabit.
967 1325 1040 1356 Tum

218 1380 299 1409 vero,
317 1371 375 1402 hoc
390 1376 447 1410 est,
472 1371 503 1402 in
532 1371 658 1402 adventu
674 1370 802 1411 Domini,
834 1369 870 1400 iis
897 1370 948 1410 qui
964 1379 1042 1401 nunc

219 1415 256 1446 ad
272 1415 372 1446 lumen
387 1416 500 1454 venire,
516 1420 546 1446 et
559 1415 595 1446 ab
611 1416 674 1456 ipso
698 1414 838 1455 judicari,
864 1414 1042 1455 purgarique

220 1459 336 1498 nolunt,
353 1459 406 1491 sed
420 1459 450 1491 id
466 1460 604 1499 oderunt,
630 1460 710 1501 quod
731 1459 819 1490 modo
835 1458 1040 1490 absconditum

1081 975 1150 997 mus
1175 965 1331 1006 pulsando,
1356 965 1527 1006 quaerendo,
1546 969 1574 996 et
1591 965 1718 1005 petendo
1743 969 1907 1004 antequam

1083 1010 1288 1047 exaudiamur,
1302 1014 1331 1041 et
1339 1010 1499 1050 aperiatur,
1511 1014 1539 1040 et
1550 1010 1638 1040 detur
1652 1009 1738 1040 nobis
1756 1020 1761 1039 :
1781 1009 1908 1049 insuper

1084 1055 1181 1086 donec
1196 1055 1321 1095 ingressi
1337 1054 1439 1085 lumen
1454 1053 1645 1094 accipiamus,
1657 1058 1686 1085 et
1703 1053 1775 1084 illud
1789 1054 1906 1084 exstin-

1084 1104 1164 1130 ctum
1180 1100 1210 1130 in
1226 1099 1364 1131 cordibus
1381 1100 1490 1129 nostris
1509 1098 1681 1129 habeamus.
1704 1097 1800 1129 Nolite
1815 1097 1907 1137 igitur

1087 1154 1197 1183 errare,
1214 1145 1332 1176 fratres.
1344 1144 1399 1180 Qui
1411 1144 1440 1174 in
1457 1144 1589 1174 tenebris
1603 1143 1682 1180 vivit,
1700 1148 1781 1174 extra
1795 1143 1905 1173 ostium

1085 1196 1140 1224 est.
1166 1191 1221 1228 Qui
1245 1196 1343 1223 antem
1365 1200 1398 1221 se
1416 1190 1582 1230 ingressum
1611 1190 1769 1226 existimat,
1794 1192 1823 1220 et
1852 1198 1907 1228 per

1085 1236 1193 1267 ostium
1210 1237 1362 1276 ingressus
1379 1245 1438 1266 non
1454 1239 1508 1272 est,
1526 1235 1615 1266 etiam
1631 1235 1696 1274 ipse
1720 1239 1803 1265 extra
1827 1233 1906 1263 ovile

1085 1285 1141 1313 est.
1157 1281 1189 1311 Si
1204 1281 1283 1312 enim
1298 1281 1346 1311 lux
1360 1279 1473 1317 mundi,
1492 1283 1520 1310 et
1548 1279 1655 1310 ostium
1685 1283 1730 1310 est
1758 1278 1902 1315 Christus,

1084 1326 1206 1357 omnino
1229 1325 1360 1357 lucidum
1376 1325 1482 1356 ostium
1499 1327 1554 1361 est,
1567 1334 1625 1354 non
1642 1323 1748 1354 ostium
1764 1323 1902 1363 simplex.

1083 1372 1118 1403 Et
1133 1372 1183 1413 qui
1198 1372 1229 1403 in
1244 1381 1279 1403 eo
1295 1376 1352 1413 est,
1368 1372 1398 1402 in
1420 1371 1487 1402 luce
1513 1370 1615 1401 mundi
1641 1375 1697 1402 est.
1720 1371 1779 1402 Lux
1805 1374 1904 1401 autem

1084 1417 1188 1448 mundi
1203 1421 1258 1454 est,
1275 1426 1334 1448 non
1350 1426 1436 1457 quam
1454 1416 1607 1447 oculorum
1623 1425 1729 1446 sensus
1744 1415 1903 1456 percipiat,

1083 1461 1136 1492 sed
1161 1472 1249 1502 quam
1274 1462 1391 1492 animus
1414 1461 1524 1499 videat,
1555 1466 1642 1501 atque
1671 1461 1903 1501 contempletur.

217 1508 265 1536 est
279 1504 381 1536 lumen
395 1505 584 1544 revelabitur,
608 1498 785 1546 occultaque
809 1504 916 1535 horum
941 1498 1070 1535 omniaC
1082 1507 1157 1538 Nam
1170 1498 1216 1538 sol
1232 1506 1292 1545 hic,
1308 1516 1396 1547 quem
1417 1498 1522 1537 sensus
1545 1498 1673 1546 attingit,
1698 1498 1904 1537 tantummodo

219 1549 497 1583 manifestabuntur.
512 1550 548 1581 Et
562 1550 664 1592 quales
680 1559 759 1581 nunc
770 1558 873 1580 sumus
880 1549 1041 1590 unusquis-

219 1603 278 1635 que
292 1598 438 1633 nostrum,
451 1604 506 1626 nos
526 1594 607 1635 ipsos
623 1594 815 1635 occultantes,
832 1598 861 1625 et
876 1603 929 1635 per
943 1594 1040 1633 poeni-

218 1639 341 1670 tentiam
359 1643 460 1671 nostra
483 1639 673 1671 manifestare
693 1639 839 1677 nolentes,
857 1643 926 1670 tunc
941 1649 956 1669 a
973 1639 1040 1670 luce

219 1684 380 1723 manifesti,
398 1688 427 1716 et
440 1685 535 1726 aperti
550 1685 611 1717 Deo
622 1689 651 1716 et
660 1684 797 1716 omnibus
811 1693 925 1723 sumus,
943 1688 972 1715 et
986 1685 1042 1716 eri-

216 1739 284 1761 mus
297 1741 305 1769 ;
317 1733 346 1761 et
360 1730 531 1770 magnitudo
546 1729 668 1772 pudoris
678 1739 713 1761 ac
722 1730 878 1761 dedecoris
892 1729 953 1761 illic
968 1739 1039 1771 pro-

215 1774 386 1815 spectaculo
400 1774 467 1806 erit.

255 1819 374 1851 Etenim
389 1819 465 1851 sicut
483 1819 514 1850 in
538 1819 626 1851 domo
652 1820 757 1859 januas
782 1818 863 1850 intus
889 1818 1040 1851 obseratas

216 1864 357 1903 habente,
373 1864 399 1895 si
414 1864 481 1905 quis
499 1864 621 1902 enobis,
638 1864 723 1905 quasi
739 1864 811 1895 foris
827 1872 843 1895 a
859 1863 979 1895 nemine
995 1865 1039 1896 vi-

217 1919 268 1941 sus
283 1909 375 1941 effuse
388 1913 502 1949 peccet,
519 1910 667 1941 adulteria
682 1909 808 1946 scilicet,
826 1913 876 1940 aut
891 1910 1040 1941 masculo—

217 1965 283 1987 rum
299 1954 484 1993 concubitus,
507 1958 557 1986 aut
571 1955 629 1987 alia
643 1954 828 1987 exsecranda
853 1963 1039 1996 perpetratis,

218 1999 328 2032 deinde
340 1999 438 2031 subito
453 1999 483 2031 in
498 2000 562 2041 ipso
578 2000 688 2040 ﬂagitio
704 2000 957 2041 deprehendatur,
974 2010 1039 2032 ma-

217 2054 305 2085 gnam
320 2044 448 2076 incurrit
462 2044 615 2076 infamiam
628 2053 636 2083 ;
651 2048 701 2076 aut
716 2046 763 2085 (ut
776 2044 855 2076 aliud
871 2045 1040 2086 exemplum

217 2089 349 2131 demus),
367 2089 392 2120 si
407 2090 473 2130 quis
483 2089 624 2121 adversus
637 2099 737 2130 regem
747 2089 870 2121 insidias
881 2089 1041 2122 meditetur

1082 1551 1217 1592 corporis
1239 1551 1340 1582 oculos
1361 1550 1510 1581 illuminat
1534 1550 1703 1588 hominum,
1726 1550 1901 1588 bestiarum,

1080 1597 1233 1627 volucrum
1251 1607 1258 1627 :
1276 1601 1306 1628 at
1319 1597 1363 1627 sol
1374 1596 1425 1637 qui
1440 1596 1493 1626 sub
1505 1596 1729 1636 intelligentiam
1745 1596 1834 1631 cadit,
1852 1596 1903 1636 qui

1085 1642 1195 1673 mundo
1210 1641 1317 1679 illuxit,
1335 1643 1448 1672 animas
1463 1641 1601 1672 duntaxat
1618 1640 1733 1671 ratione
1749 1641 1900 1681 praeditas,

1082 1696 1180 1727 neque
1199 1688 1251 1718 has
1275 1688 1350 1719 citra
1377 1686 1539 1717 discrimen
1563 1695 1680 1722 omnes,
1703 1690 1732 1716 et
1761 1686 1898 1725 intltgnas

1080 1732 1168 1762 etiam
1184 1732 1353 1763 illuminare
1366 1732 1457 1763 novit.
1474 1731 1558 1763 Haud
1569 1730 1648 1762 enim
1665 1731 1899 1772 inanimus,seu,

1079 1779 1112 1807 ut
1133 1777 1240 1808 melius
1254 1777 1361 1815 dicam,
1375 1786 1434 1807 non
1450 1776 1558 1807 animal
1576 1779 1631 1813 est,
1648 1785 1703 1807 nec
1718 1785 1832 1814 servus,
1851 1780 1901 1807 aut

1081 1825 1217 1852 creatura
1244 1822 1279 1853 ad
1305 1822 1371 1852 aliis
1385 1821 1614 1852 ministrandum
1636 1821 1807 1857 constituta,
1825 1821 1902 1852 sicut

1082 1876 1188 1907 nempe
1205 1867 1260 1898 iste
1275 1867 1319 1898 sol
1334 1876 1423 1907 quem
1442 1866 1603 1903 cernimus,
1621 1866 1730 1907 quique
1745 1865 1839 1896 oritur
1854 1875 1902 1896 su-

1085 1912 1239 1952 perjustos
1250 1911 1425 1952 etinjnstos,
1440 1911 1548 1952 probos
1559 1911 1648 1942 simul
1661 1918 1686 1942 et
1700 1911 1852 1951 improbos
1859 1912 1899 1941 41.

1084 1955 1141 1987 Sed
1157 1966 1322 1998 quanquam
1353 1956 1413 1995 lux,
1445 1961 1474 1986 et
1497 1956 1540 1986 sol
1560 1956 1740 1995 nominatur,
1758 1959 1856 1986 tamen
1871 1961 1901 1988 et

1082 2010 1171 2041 supra
1186 2001 1295 2039 lucem,
1312 2004 1340 2031 et
1356 2009 1445 2041 supra
1469 2000 1575 2036 solem,
1593 2003 1621 2030 et
1636 2004 1667 2030 ut
1689 1999 1764 2030 lucis
1778 2009 1812 2030 ac
1829 2000 1900 2030 solis

1081 2046 1220 2077 conditor
1232 2055 1266 2076 ac
1282 2045 1426 2076 Dominus
1441 2053 1496 2082 est,
1522 2044 1590 2082 vita,
1616 2044 1760 2082 viviﬁcus,
1778 2045 1897 2082 veritas,

1077 2090 1201 2131 justitia,
1215 2094 1244 2121 et
1258 2090 1450 2121 sanctiﬁcatio
1462 2090 1502 2126 ἃ,
1520 2089 1655 2129 simplex,
1672 2089 1708 2120 ab
1725 2090 1805 2120 omni
1821 2099 1900 2120 com-

217 2143 327 2176 easque
343 2134 386 2166 illi
406 2134 516 2175 scripto
532 2139 671 2176 exponat,
686 2138 736 2166 aut
750 2134 775 2165 si
790 2135 881 2169 dicat,
897 2137 1073 2167 statuaturD
1084 2135 1229 2176 positione
1244 2135 1330 2173 liber,
1357 2138 1385 2165 et
1410 2144 1498 2167 omne
1513 2134 1636 2172 bonum,
1655 2139 1680 2166 et
1696 2135 1803 2165 melior
1819 2136 1898 2166 omni

217 2180 300 2211 nefas
314 2179 444 2221 aliquod,
461 2179 583 2211 omnino
600 2180 679 2211 intra
701 2180 791 2218 aedes,
809 2184 841 2210 ut
853 2179 965 2211 dictum
982 2185 1037 2220 est,

214 2224 346 2262 latitans,
364 2228 430 2265 post
443 2234 496 2256 rex
511 2234 576 2256 cum
603 2228 662 2256 toto
677 2228 781 2256 senatu
794 2234 860 2262 suo,
877 2229 1038 2257 consueto-

213 2279 272 2310 que
287 2269 426 2301 satellitio
441 2269 589 2307 adveniat,
605 2274 634 2301 et
649 2270 770 2301 domum
796 2269 906 2309 cingat,
920 2270 1038 2301 statim-

213 2322 272 2356 que
286 2323 321 2345 ea
335 2317 398 2346 tota
413 2323 516 2346 eversa
535 2314 611 2356 ipse,
641 2318 672 2345 et
694 2314 796 2345 omnia
821 2315 886 2354 ejus
915 2314 1039 2346 consilia

212 2362 383 2400 appareant,
399 2368 516 2400 poenam
529 2369 664 2400 magnam
678 2359 958 2400 damnationemque
968 2369 1037 2391 sus-

213 2404 304 2441 tinet;
320 2405 357 2436 ad
373 2403 511 2436 eumdem
538 2404 659 2435 modum
684 2407 754 2435 tunc
779 2403 917 2435 omnibus
940 2405 1036 2445 quiin

211 2449 321 2480 mundo
336 2453 407 2480 sunt
422 2449 482 2481 ﬁet.
499 2448 543 2480 Et
552 2458 613 2480 nox
622 2449 742 2490 quidem
754 2449 903 2480 sicutdies
918 2448 1036 2482 illumi-

209 2494 336 2526 nabitur
345 2494 383 2531 39,
399 2493 506 2525 domus
520 2498 619 2525 autem
641 2493 750 2534 omnis,
767 2497 797 2526 et
824 2493 978 2535 spelunca,
1005 2500 1036 2528 et

207 2539 317 2570 ccelum
332 2539 430 2580 ipsum
457 2548 492 2570 ac
517 2542 597 2570 terra
622 2539 774 2576 tollentur,
802 2548 968 2579 omnesque
983 2540 1033 2581 qui

205 2584 359 2617 Christum
374 2593 433 2615 non
446 2584 616 2622 induerunt,
629 2593 682 2615 seu
694 2583 745 2625 qui
759 2584 860 2615 lumen
870 2593 930 2614 non
945 2593 1033 2616 acce-

204 2633 323 2670 perunt,
339 2633 374 2661 ut
388 2638 478 2670 supra
491 2629 685 2667 docebamus,
703 2633 733 2660 et
750 2628 782 2660 in
795 2629 860 2669 ipso
877 2628 959 2669 prius
974 2639 1034 2661 non

202 2673 334 2714 fuerunt,
352 2678 381 2707 et
396 2675 497 2706 lumen
511 2683 572 2706 non
586 2674 720 2713 fuerunt,
748 2675 820 2707 nudi
834 2673 1031 2716 apparebunt,

240 2778 344 2811 a"Jac.
368 2787 410 2818 Iv,
438 2779 487 2812 17.
530 2779 658 2812 38Joan.
684 2787 730 2818 ut,
753 2779 802 2812 21.

199 2817 255 2852 al
273 2818 342 2853 Cor.
358 2827 380 2860 ι,
397 2817 449 2853 30.

845 2779 968 2814 39Psal.
993 2789 1125 2821 cxxxvn,
1155 2779 1204 2812 l2.
1247 2779 1279 2805 ιο
1301 2779 1404 2812 Matth.
1432 2788 1483 2820 vn,
1509 2779 1559 2813 t3.

1082 2180 1171 2211 bono.
1186 2179 1224 2211 Ut
1238 2179 1326 2219 igitur
1343 2179 1451 2211 veritas
1480 2186 1524 2210 est
1550 2189 1584 2210 ac
1606 2179 1726 2220 dicitur,
1740 2189 1808 2210 vere
1823 2189 1898 2210 ccu-

1080 2224 1261 2256 vertentibus
1289 2234 1321 2255 se
1347 2224 1454 2255 veritas
1482 2224 1621 2256 efﬁcitur.
1647 2223 1685 2255 Ut
1703 2224 1819 2264 justitia
1841 2228 1895 2262 est,

1081 2279 1200 2302 omnem
1215 2269 1391 2310 injustitiam
1407 2269 1520 2301 exorsis
1531 2269 1646 2309 justitia
1661 2274 1715 2300 est.
1733 2269 1770 2301 Ut
1783 2270 1897 2301 sancti-

1080 2315 1190 2353 ﬁcatio,
1208 2314 1292 2346 elatis
1303 2324 1337 2345 ac
1348 2323 1401 2355 per
1411 2314 1555 2354 lacrymas
1566 2313 1703 2354 purgatis.
1713 2314 1749 2345 Ut
1758 2313 1896 2354 simplex,

1079 2360 1138 2391 illis
1149 2360 1198 2401 qui
1215 2359 1326 2391 nullam
1336 2359 1629 2400 perversitatem,a‘ut
1645 2359 1805 2399 nequitiam
1818 2359 1898 2392 intus

1079 2409 1193 2446 gestant
1208 2405 1238 2436 in
1255 2404 1426 2446 praecordiis
1455 2405 1494 2436 Ut
1511 2413 1569 2434 non
1582 2406 1774 2445 compositus,
1786 2406 1896 2438 nullum

1077 2450 1294 2491 duplicitatem,
1322 2453 1372 2481 aut
1400 2449 1634 2489 ambiguitatem,
1663 2453 1713 2480 aut
1732 2449 1895 2483 increduli~

1077 2499 1138 2526 tem
1154 2495 1245 2527 animi
1260 2495 1447 2526 habentibus.
1465 2493 1501 2526 Ut
1515 2494 1623 2534 bonus,
1640 2493 1676 2524 iis
1691 2495 1740 2535 qui
1757 2495 1896 2535 spiritua—

1074 2541 1153 2572 libus
1168 2540 1339 2581 penitentize
1354 2540 1507 2581 operibus,
1532 2538 1568 2570 ad
1589 2549 1707 2580 corpus,
1735 2545 1784 2571 aut
1809 2541 1895 2573 vitam

1075 2586 1160 2616 istam
1177 2586 1360 2626 pertinentes
1375 2594 1461 2616 curas
1485 2593 1519 2615 ac
1539 2584 1756 2616 sollicitudines
1772 2595 1830 2616 non
1846 2587 1895 2618 in-

1075 2630 1197 2668 ducunt,
1226 2630 1333 2671 quibus
1359 2639 1394 2660 ea
1419 2629 1563 2660 misceant
1590 2633 1677 2670 atque
1694 2630 1894 2669 confundant;

1074 2675 1127 2707 sed
1144 2675 1223 2706 nuda
1237 2676 1397 2712 voluntate,
1411 2678 1439 2705 et
1450 2674 1648 2715 applicatione
1659 2675 1750 2706 animi
1763 2675 1793 2706 in
1805 2677 1896 2708 malo-

1604 2781 1631 2807 41
1658 2781 1762 2814 Matth.
1789 2789 1821 2822 v,
1843 2782 1893 2815 45.
