1983 3072
99 169 170 202 409

845 170 986 202 ORATIO
1009 171 1075 203 XX.

1738 167 1798 202 410

95 244 175 266 rum
193 235 334 276 patientia
348 236 385 267 ad
400 245 470 268 eum
484 237 711 275 accedentibus;
724 246 849 277 quorum
867 238 931 268 sin—
941 247 962 266 Α
977 236 1133 267 sanctusin
1140 236 1291 267 hominem
1302 245 1362 267 non
1373 235 1500 273 venerit,
1515 244 1570 266 nec
1582 235 1653 266 ineo
1665 234 1800 266 habitare

95 280 264 311 ceritatem
280 281 460 322 approbans,
475 282 557 313 omni
567 281 646 314 bono
662 281 744 313 brevi
760 291 811 313 eos
827 291 934 313 cumu-

94 324 157 362 lat,
179 329 209 356 et
225 325 370 357 bonorum
387 326 584 365 intellectum,
597 327 864 367 cogitationemque
874 327 936 358 vin-

93 369 257 407 centibus,
274 371 345 401 dum
363 371 421 402 illis
437 372 597 409 revelatur,
615 377 807 413 apparetqua,
834 372 932 403 statim

96 415 271 456 participes
284 416 393 448 reddit.
410 417 442 448 Si
458 417 538 447 enim
562 417 650 454 bona,
669 426 735 457 quae
755 418 858 448 oculus
872 426 934 448 non

96 459 195 497 vidit,
205 469 259 491 nec
270 461 356 491 auris
363 461 494 499 audivit,
502 471 555 492 nec
567 462 598 492 in
606 471 657 492 cor
665 462 796 493 hominis
802 462 934 493 ascende-

96 509 190 540 runt,
206 513 272 544 qua:
286 507 469 546 prleparavit
485 506 568 537 Deus
584 506 779 546 diligentibus
791 516 822 538 se
829 507 931 545 βλω-

97 549 188 579 mani
204 550 314 589 ingenii
330 555 447 591 captum
460 551 615 588 excedunt,
634 556 662 582 ct
675 552 773 583 omnia
785 562 850 592 quae
862 561 930 583 cer-

97 594 301 626 nunturbona
311 601 501 636 exsuperant,
512 599 620 636 quanto
632 596 724 636 magis
733 596 797 636 ipse
806 597 856 636 qui
867 597 929 628 haec

99 640 284 679 praeparavit
306 639 385 671 Deus
403 650 409 669 :
428 650 482 671 nec
499 641 593 671 solum
609 641 684 681 ipse,
705 641 757 672 sed
776 641 863 672 etiam
880 641 929 682 qui

97 692 173 714 cum
192 684 304 722 videre,
318 687 344 716 ei
360 685 513 723 assistere,
527 689 628 716 etcum
641 695 675 716 eo
686 686 797 716 versari
810 695 930 717 merue-

97 732 176 758 runt
191 732 219 759 et
234 729 301 769 ejus
320 729 494 767 divinitatis,
521 730 692 770 gloriaeque,
709 735 871 769 consortes,
896 740 931 762 ac

102 773 269 814 participes
282 774 391 811 effecti,
403 774 572 814 superiores
585 775 706 806 omnino
720 775 817 815 bonis,
834 775 906 815 ipsis
915 785 931 806 a

101 817 172 848 Deo
188 818 310 858 paratis,
326 822 427 858 utpote
440 819 598 851 Dominum
614 819 779 860 ipsum,qui
794 819 870 851 bona
883 820 931 852 illa

977 281 1112 320 cognitus
1119 280 1218 319 fuerit,
1227 281 1253 311 al
1268 290 1356 311 enum
1366 279 1550 320 estquemvis
1557 279 1740 320 spiritualem
1749 288 1799 320 ap-

977 325 1093 366 pellavi.
1102 325 1158 362 Qui
1169 331 1269 356 autem
1279 325 1445 365 spiritualis
1458 325 1588 355 nondum
1601 323 1799 364 estquomodo

975 374 1095 401 sanctus
1114 370 1195 401 erit?
1217 370 1266 410 qui
1287 374 1407 400 sanctus
1418 369 1550 400 nondum
1565 373 1610 400 est
1620 369 1727 405 factus,
1746 377 1799 408 per

974 424 1108 455 quasnam
1124 415 1181 446 alia
1198 424 1300 455 opera,
1325 413 1517 454 actionesque
1544 413 1648 445 beatus
1670 412 1799 443 evadet?

972 459 1130 490 Beatitudo
1143 459 1223 490 Deus
1235 459 1384 499 est,cujus
1399 459 1450 500 qui
1464 468 1521 490 non
1533 462 1576 490 est
1586 459 1743 499 particeps,
1752 457 1796 488 vel

973 504 1070 544 potius
1084 514 1173 545 quem
1191 503 1242 545 qui
1258 508 1350 534 totum
1371 504 1401 535 in
1423 513 1455 535 se
1473 514 1531 534 non
1544 503 1643 539 habet,
1660 513 1717 544 quo
1729 506 1796 533 tan-

972 549 1041 580 dem
1061 549 1148 580 modo
1165 549 1290 580 beatus?
1305 549 1396 587 nullo,
1409 553 1441 580 ut
1453 549 1656 589 mihiquidem
1669 548 1794 579 videtur.

972 593 1022 625 Sol
1038 594 1102 624 sine
1118 594 1194 632 luce,
1210 603 1279 624 num
1297 594 1412 624 dicetur
1427 593 1496 624 sol?
1512 597 1542 624 et
1565 593 1653 624 homo
1670 591 1795 632 Spiritus

972 638 1066 669 sancti
1081 647 1198 678 expers,
1217 648 1286 669 num
1310 642 1429 669 sanctus
1444 638 1558 669 dicatur
1568 639 1583 669 ‘3
1598 637 1705 668 Estote
1719 645 1794 667 stm-

972 685 1025 720 cti,
1039 682 1078 713 ait
1089 683 1398 723 Dominus,quoniam
1408 691 1460 722 ego
1475 687 1596 714 sanctus
1606 681 1795 717 sum50.Qui-

972 726 1026 757 bus
1043 727 1143 759 verbis
1158 727 1379 768 nosjexplorate
1402 727 1535 767 cognitos
1558 731 1731 767 peccatores
1757 725 1793 756 ad

971 771 1166 803 imitationem
1183 782 1235 812 per
1252 781 1342 812 opera
1359 772 1529 804 misericors
1546 771 1596 802 ille
1607 771 1792 808 cohortatur;

971 826 1006 847 ac
1021 817 1047 847 si
1062 817 1174 848 diceret
1192 828 1199 847 :
1217 817 1356 848 Desistite
1380 826 1398 848 a
1421 816 1510 847 rebus
1536 815 1693 856 improbis,
1711 819 1740 845 et
1755 814 1791 845 ad

101 862 282 902 praeparavit
298 872 350 903 pro
366 863 538 894 haereditate
554 859 746 904 possidentes
757 866 918 896 evaserunt?

969 871 1088 892 omnem
1101 862 1276 902 probitatem
1287 861 1460 899 incumbite,
1472 870 1561 892 omne
1570 870 1664 900 genus
1676 859 1793 891 virtutis

100 905 194 936 Tales
209 912 307 938 autem
322 918 373 939 eos
389 910 528 946 evasisse,
546 913 574 939 et
587 918 680 949 usque
697 919 775 940 nunc
790 911 925 948 evadere,

103 960 169 981 non
185 951 251 982 dico
265 957 328 992 post
345 958 470 984 mortem
481 953 588 991 solum,
602 953 653 984 sed
668 954 764 986 adhuc
779 956 926 995 supersti-

102 999 165 1033 tes,
175 1000 233 1026 tota
240 997 381 1028 divinitus
391 998 534 1038 inspirata
543 999 695 1038 Scriptura
705 999 802 1037 docet,
811 1010 928 1032 omnes-

104 1049 168 1080 que
179 1050 232 1080 per
238 1041 325 1072 vitam
336 1048 365 1074 et
378 1052 475 1073 mores
484 1052 553 1074 suos
567 1043 751 1075 sanctitatem
763 1045 924 1083 consecuti,

106 1085 312 1117 testimonium
327 1087 436 1118 ferunt.
447 1088 537 1118 Porro
553 1092 722 1118 sanctorum
738 1089 801 1119 laus
816 1090 924 1128 omnis,

100 1135 132 1160 et
146 1129 300 1161 beatitudo
316 1131 363 1162 his
378 1131 492 1162 duobus
505 1136 629 1169 constat,
647 1134 809 1164 orthodoxa
820 1134 927 1171 ﬁde,et

100 1173 246 1205 laudabili
257 1175 325 1207 vita.
338 1175 409 1207 Item
426 1176 504 1206 dono
520 1177 614 1207 sancti
629 1177 924 1218 Spiritus,etcharis—

102 1223 217 1250 matum
233 1221 310 1261 ejus,
328 1220 444 1251 duobus
456 1221 535 1252 enim
553 1221 598 1252 his
608 1222 664 1252 hoc
675 1222 793 1253 tertium
806 1224 928 1264 copula-

104 1267 164 1293 tur.
182 1264 257 1295 Nam
273 1275 339 1296 cum
355 1265 421 1306 quis
433 1266 521 1296 vitam
539 1265 626 1305 bene,
643 1270 672 1297 et
686 1276 753 1298 cum
769 1277 868 1299 amore
876 1268 928 1300 Dei

105 1307 249 1346 traduxit,
267 1319 334 1340 cum
348 1318 438 1340 sensu
455 1309 633 1348 orthodoxo,
644 1314 673 1341 et
687 1311 779 1350 gratia
790 1311 925 1354 donatus,

105 1356 195 1392 atque
206 1362 222 1383 a
235 1354 295 1384 Deo
310 1363 362 1394 per
375 1354 469 1384 sancti
480 1354 606 1395 Spiritus
621 1355 733 1386 donum
749 1357 928 1395 gloriﬁcatus

107 1400 164 1434 est,
181 1397 336 1428 comitatur
351 1398 434 1429 illum
449 1398 524 1437 laus,
542 1406 570 1430 et
584 1399 621 1430 ab
637 1399 718 1430 omni
731 1400 862 1431 ﬁdelium
873 1403 927 1433 Ec-

104 1440 205 1480 clesia,
222 1442 259 1472 ab
276 1442 472 1484 omnibusque
487 1444 636 1482 magistris
651 1445 717 1484 ejus
732 1445 835 1477 beatus
851 1456 924 1487 prte-

105 1485 233 1531 dicatur.
248 1486 322 1518 Fide
332 1492 442 1526 autem,
453 1492 481 1519 et
492 1488 633 1529 operibus
648 1488 777 1530 perfecte
790 1485 926 1531 nonisup-

970 916 1022 946 pro
1033 906 1145 937 viribus
1156 907 1263 938 vestris
1275 906 1499 946 consectemini,
1513 910 1539 937 et
1549 912 1691 946 quantum
1706 908 1791 944 pote-

967 950 1031 988 stis,
1040 950 1134 981 sancti
1145 951 1270 991 evadite,
1279 951 1304 981 si
1315 951 1401 982 modo
1415 951 1655 982 communionem
1674 958 1790 980 mecum

968 995 1080 1026 habere
1102 996 1289 1028 desideratis.
1306 997 1366 1036 Ego
1394 998 1473 1028 enim
1498 1001 1616 1028 sanctus
1639 1005 1716 1031 sum,
1734 995 1790 1025 hoc

968 1044 1024 1077 est,
1041 1050 1143 1081 purus,
1161 1041 1422 1078 incontaminatus,
1439 1041 1526 1082 idque
1540 1040 1718 1072 natura.Vos
1733 1049 1789 1070 au-

968 1089 1025 1116 tem
1036 1085 1066 1116 in
1076 1086 1224 1117 mandatis
1236 1086 1311 1116 meis
1324 1085 1522 1126 exsequendis
1536 1085 1571 1115 ab
1583 1085 1790 1124 inquinamen-

968 1130 1006 1160 tis
1018 1134 1206 1170 peccatorum
1217 1130 1412 1170 abstinentes,
1426 1131 1542 1170 meique
1555 1130 1714 1170 participes
1729 1137 1792 1169 gra-

967 1174 1008 1206 tia
1031 1175 1158 1215 Spiritus
1181 1176 1239 1206 mei
1263 1175 1341 1215 facti,
1367 1176 1461 1206 sancti
1481 1185 1598 1216 quoque
1615 1174 1709 1205 eritis.
1727 1173 1790 1204 Hoc

971 1220 1050 1250 enim
1063 1220 1119 1250 sibi
1135 1220 1206 1257 vult,
1222 1220 1330 1251 Estote.
1345 1221 1420 1259 Ergo
1431 1220 1507 1250 mala
1520 1219 1659 1260 fugiendo
1673 1223 1701 1249 et
1714 1218 1792 1249 bona

971 1264 1121 1303 operando
1137 1265 1169 1295 ﬁt
1184 1269 1302 1295 sanctus
1318 1265 1406 1295 homo
1422 1275 1428 1295 :
1447 1274 1505 1295 non
1522 1264 1605 1304 quasi
1617 1263 1738 1295 omnino
1755 1271 1790 1293 ex

970 1309 1110 1349 operibus
1121 1310 1324 1341 sanctiﬂcetur
1333 1309 1416 1349 (Non
1436 1312 1515 1340 enim
1517 1308 1737 1349 justi/imbitur
1751 1316 1790 1338 ea;

970 1354 1110 1393 operibus
1124 1354 1198 1394 legis
1219 1355 1316 1385 omnis
1335 1357 1440 1385 animo
1452 1355 1507 1391 5|),
1524 1354 1574 1385 sed
1596 1355 1665 1394 quia
1687 1355 1789 1383 sancto

968 1398 1030 1429 Deo
1045 1408 1098 1439 per
1112 1399 1283 1439 hujusmodi
1305 1399 1454 1429 actionum
1471 1398 1738 1439 frequentationem
1756 1405 1787 1427 se

967 1443 1113 1484 adjungit,
1132 1453 1260 1483 eumque
1274 1443 1329 1474 sibi
1345 1444 1495 1475 conciliat.
1511 1443 1572 1474 Hoc
1589 1452 1676 1484 porro
1697 1441 1786 1471 etiam

967 1489 1002 1519 ad
1019 1498 1080 1526 eos,
1098 1488 1148 1529 qui
1160 1489 1223 1528 jam
1239 1487 1376 1528 :Spiritus
1399 1488 1521 1527 gratiam
1547 1489 1738 1527 acceperunt,
1757 1489 1786 1516 et

103 1530 220 1570 positis,
230 1532 412 1563 adorandum
427 1543 461 1563 ac
473 1533 604 1564 divinum
612 1534 755 1575 scriptum
771 1530 920 1577 advenire,
933 1548 952 1573 ρ
966 1534 1066 1574 magis
1079 1533 1198 1573 quidem
1215 1533 1372 1564 Dominum
1389 1534 1490 1564 dicere
1505 1533 1621 1573 Opinor.
1640 1531 1695 1568 Qui
1709 1540 1786 1571 prae-

101 1579 131 1605 et
167 1575 277 1606 donum
303 1577 366 1617 ejus
394 1579 528 1617 accipere
557 1587 734 1619 quemquam
764 1575 919 1612 hominum

99 1619 284 1660 impossibile
300 1626 359 1662 est;
377 1623 452 1653 sicut
467 1623 553 1653 etiam
570 1628 688 1654 sanctus
702 1624 830 1655 Jncobus
851 1626 893 1657 ait
910 1637 916 1657 :

103 1665 183 1701 Quid
195 1666 333 1705 proderit
345 1667 454 1706 fratres
470 1669 540 1707 mei,
565 1669 593 1699 si
608 1669 772 1707 quis‘dicat
785 1670 873 1708 ﬁdem
887 1680 919 1702 se

99 1708 318 1751 habere,opera
334 1716 435 1742 autem
450 1712 520 1751 ﬁdei
535 1721 597 1743 non
612 1712 742 1743 habeat?
757 1722 830 1744 num
842 1714 918 1754 ﬁdes

102 1762 169 1784 eum
185 1755 304 1786 salvare
314 1759 408 1796 potest
422 1758 434 1787 L7
447 1756 602 1794 Quomodo
626 1758 704 1788 enim
729 1766 838 1798 corpus
853 1760 919 1791 sine

100 1799 208 1838 spiritu
219 1804 371 1832 mortuum
383 1804 435 1837 est,
444 1804 487 1832 sic
495 1801 569 1840 ﬁdes
575 1802 641 1833 sine
650 1802 920 1842 operibusmortua

101 1847 142 1874 est
150 1843 181 1868 44
198 1844 237 1890 Et
248 1845 356 1876 iterum
372 1854 378 1876 :
397 1845 433 1877 Si
443 1847 542 1885 frater
557 1850 609 1878 aut
624 1848 718 1878 Soror
732 1849 808 1879 nudi
819 1852 921 1890 sint,ct
937 1861 945 1868 ·

101 1889 278 1928 quotidiano
286 1891 365 1920 victu
377 1893 498 1929 egeant,
515 1891 595 1922 dicat
611 1896 711 1922 autem
727 1892 838 1932 aliquis
852 1889 920 1926 ves-

101 1935 179 1964 trum
189 1933 260 1974 illis,
269 1933 314 1965 Ite
325 1935 448 1974 inpare,
460 1936 674 1974 calefacimini,
682 1940 709 1967 et
722 1940 919 1976 saturamiri,

98 1986 156 2008 non
164 1978 282 2009 dederit
292 1982 392 2010 autem
401 1981 442 2010 eis
456 1989 522 2020 quia
531 1982 703 2011 necessaria
711 1985 781 2012 sunt
789 1985 917 2024 corpori,

97 2023 168 2062 quid
174 2023 376 2062 proderit?sic
384 2027 410 2055 et
416 2025 499 2063 ﬁdes,
509 2034 526 2055 η
532 2025 568 2055 isi
574 2034 662 2065 opera
670 2025 788 2063 habeat,
796 2031 918 2059 mortua

97 2070 139 2098 est
149 2070 180 2098 in
190 2069 401 2108 semetipsa“.
412 2069 480 2100 Haec
493 2074 522 2100 et
533 2070 664 2101 Joannes
675 2072 839 2110 apostolus:
859 2072 917 2103 Fi-

98 2111 172 2148 lioli,
180 2121 240 2143 non
251 2112 420 2151 diligamus
431 2114 531 2151 verbo,
542 2124 636 2155 neque
646 2116 764 2155 lingua,
772 2117 824 2146 sed
831 2126 917 2156 opere

961 1582 1061 1622 cipere
1076 1580 1202 1617 videtur,
1229 1589 1288 1610 non
1314 1580 1466 1611 ﬁdendum
1479 1579 1569 1617 dono,
1584 1583 1612 1610 et
1623 1588 1676 1620 per
1699 1578 1787 1609 desi-

961 1628 1040 1658 diam
1057 1625 1093 1656 ad
1103 1624 1170 1655 vitia
1177 1629 1204 1655 et
1214 1629 1334 1665 peccata
1344 1625 1542 1665 redeundum,
1552 1631 1582 1655 et
1593 1624 1787 1664 quodammo-

961 1671 997 1702 do
1005 1670 1050 1701 his
1059 1669 1099 1700 uti
1108 1669 1215 1699 verbis.
1225 1670 1304 1700 Heus
1311 1673 1339 1699 tu
1349 1668 1522 1709 spiritualis,
1529 1679 1565 1700 ne
1575 1673 1603 1700 te
1611 1668 1669 1698 otio
1679 1667 1783 1704 dedas,

960 1715 1009 1755 qui
1023 1715 1145 1754 gratiam
1161 1713 1255 1744 sancti
1263 1713 1412 1754 Spiritus,
1425 1718 1454 1744 et
1473 1722 1525 1754 per
1536 1713 1617 1744 illam
1631 1722 1678 1744 me
1694 1721 1782 1742 acce-

961 1760 1041 1801 pisti.
1068 1758 1164 1790 Otium
1190 1759 1269 1790 enim
1299 1763 1420 1798 generat
1447 1759 1620 1800 nequitiam,
1651 1756 1783 1798 nequitia

962 1814 1050 1835 omne
1080 1813 1172 1843 genus
1198 1804 1333 1834 vitiorum
1362 1809 1510 1844 procreat.
1527 1803 1673 1835 Mandatis
1697 1802 1785 1842 igitur

962 1848 1095 1889 quotidie
1120 1848 1274 1879 servandis
1294 1852 1414 1879 sanctus
1429 1852 1502 1884 esto,
1521 1848 1669 1888 siquidem
1687 1856 1734 1877 mc
1751 1846 1781 1876 in

962 1898 1002 1930 te,
1022 1897 1052 1923 et
1069 1897 1179 1930 tecum,
1197 1894 1270 1931 etlte
1286 1893 1316 1923 in
1333 1903 1389 1928 me,
1405 1897 1434 1924 et
1451 1902 1566 1924 mecum
1583 1902 1649 1924 esse
1664 1891 1717 1923 vis.
1728 1891 1782 1922 Ni-

961 1937 1001 1968 hil
1018 1940 1098 1969 enim
1112 1940 1186 1968 adeo
1203 1947 1237 1968 ex
1253 1937 1391 1968 omnibus
1406 1937 1579 1968 inconstans
1595 1941 1623 1968 et
1641 1935 1783 1967 mutabile

961 1986 1015 2019 est,
1034 1986 1065 2012 ut
1088 1991 1171 2012 mens
1195 1983 1336 2019 humana,
1364 1986 1425 2012 tum
1450 1982 1579 2022 denique
1603 1981 1781 2018 consistens,

960 2036 1026 2057 cum
1043 2027 1130 2058 ﬂuxis
1145 2030 1175 2056 et
1190 2027 1308 2066 creatis,
1326 2033 1355 2057 e'.
1371 2036 1437 2067 quae
1451 2031 1616 2057 cernuntur
1640 2026 1782 2056 omnibus

959 2072 1090 2112 rejectis,
1107 2071 1246 2102 tenebras
1259 2071 1365 2111 quibus
1381 2072 1627 2102 circumfunditur
1644 2075 1782 2110 pertran-

960 2115 1044 2147 sierit

98 2159 127 2186 et
136 2157 354 2189 veritatewﬂt
366 2166 375 2188 .'
387 2158 423 2189 In
434 2158 488 2190 hoc
499 2154 710 2198 cognoscimus,
722 2154 866 2199 quoniam
877 2170 914 2192 ea;
925 2154 948 2179 D
996 2160 1141 2196 Quoniam
1154 2169 1222 2190 vero
1235 2160 1296 2191 haec
1309 2159 1349 2191 ita
1364 2169 1395 2191 se
1407 2160 1530 2198 habent,
1544 2164 1571 2191 et
1587 2169 1670 2190 mens
1680 2168 1729 2190 res
1738 2163 1783 2189 est

99 2201 221 2232 veritate
236 2207 387 2242 sumus,ct
409 2203 442 2233 in
462 2208 619 2243 conspectu
639 2205 703 2243 ejus
723 2205 915 2237 suadebimus

99 2245 185 2276 corda
194 2250 307 2282 nostra,
314 2249 457 2287 quoniam
468 2249 495 2279 si
499 2249 723 2288 reprehenderit
732 2259 786 2280 nos
794 2259 846 2281 eor
852 2260 915 2282 nos-

98 2293 188 2327 trum,
200 2293 300 2330 major
309 2295 353 2323 est
363 2292 438 2323 Deus
448 2293 535 2324 corde
543 2297 699 2330 nostro,‘et
706 2295 788 2325 novit
799 2297 912 2328 omnia.

96 2333 130 2365 Si
143 2337 220 2380 enim
227 2344 283 2380 cor
294 2339 432 2368 nostrum
445 2346 507 2368 non
523 2338 752 2377 reprehenderit
761 2348 826 2376 nos,
833 2340 914 2380 ﬁdu-

96 2379 169 2409 ciam
183 2379 328 2411 habemus
343 2382 381 2412 ad
399 2383 506 2421 Deum,
522 2385 550 2413 et
565 2383 714 2421 quidquid
730 2385 914 2423 petierimus,

97 2425 283 2463 accipiemus.
295 2427 438 2465 quoniam
449 2427 601 2458 mundata
617 2429 682 2465 eius
695 2429 879 2460 custodimus
891 2435 916 2462 et

97 2476 165 2498 eaea
172 2478 237 2508 qua
248 2474 318 2500 sunt
328 2471 444 2510 placita
450 2480 555 2502 coram
564 2481 599 2502 eo
608 2473 738 2510 facimus
749 2474 789 2502 47.
797 2476 828 2504 Et
838 2486 843 2506 :
852 2475 917 2506 Hoc

97 2515 137 2542 est
150 2514 329 2544 mandatum
340 2515 457 2553 ejus,ut
474 2515 635 2546 credamus
651 2517 683 2546 in
702 2518 829 2549 nomine
845 2519 917 2550 Filii

97 2557 157 2602 ejus
165 2557 236 2588 Jesu
248 2557 375 2591 Christi.
385 2563 412 2590 et
426 2569 535 2590 seruem
541 2569 576 2590 us
583 2561 726 2592 mandata
740 2563 851 2602 ejus“.
858 2564 911 2596 Et.

99 2601 151 2638 Qui
160 2606 258 2634 servat
267 2606 413 2635 mandatu
422 2605 495 2644 ejus,
511 2606 543 2636 in
558 2605 617 2636 Deo
630 2611 740 2645 manet,
751 2612 778 2638 et
792 2609 869 2640 Deus
883 2613 915 2640 in

96 2646 172 2677 βολῇ
179 2645 235 2678 hoc
245 2651 347 2679 autem
359 2650 570 2689 cognoscimus
585 2650 664 2689 quod
676 2654 706 2682 1n
718 2652 804 2682 nobis
817 2659 919 2685 manet

95 2690 257 2731 exSpiritu
276 2701 361 2731 quem
383 2693 466 2724 dedit
484 2693 569 2725 nobis
579 2693 703 2726 49.Nam
726 2696 750 2726 si
773 2695 913 2736 Spiritus,

127 2799 150 2841 ἔξ
175 2799 187 2841 l
214 2801 282 2836 Cor.
312 2810 343 2841 II,
373 2803 404 2833 9.

957 2214 1076 2245 semper
1093 2204 1224 2239 mobilis.
1239 2215 1389 2245 nunquam
1408 2206 1484 2246 potis
1495 2205 1697 2245 requiescere,
1714 2213 1779 2234 eam

957 2249 1126 2290 sallicitam,
1145 2250 1370 2290 divinarumque
1394 2251 1491 2290 legum
1521 2249 1684 2280 studiosam
1715 2257 1781 2278 esse

957 2299 1085 2332 oportet,
1103 2304 1169 2324 cum
1186 2294 1297 2334 alioqui
1311 2295 1367 2325 vita
1381 2295 1479 2325 omnis
1495 2295 1623 2325 liumuna
1638 2293 1781 2323 sollicitu-

957 2338 1059 2369 dinum
1077 2343 1104 2369 et
1116 2348 1252 2370 curarum
1271 2339 1358 2379 plena
1373 2340 1421 2376 sit,
1440 2344 1468 2370 et
1484 2349 1517 2370 ex
1534 2348 1566 2369 re
1588 2338 1669 2369 nulla
1685 2338 1780 2378 possit

957 2383 1087 2423 quietem
1115 2393 1231 2424 capere.
1260 2393 1427 2424 quanquam
1445 2384 1473 2414 id
1499 2383 1583 2414 multi
1599 2391 1688 2423 supra
1703 2382 1781 2412 vires

957 2437 1025 2458 suas
1044 2428 1273 2469 facultatemque
1299 2429 1518 2459 contenderunt
1548 2428 1623 2464 Quin
1639 2427 1675 2458 ab
1694 2426 1780 2457 initio

958 2481 992 2502 ea
1004 2473 1176 2504 conditione
1193 2474 1330 2504 COHlltlUS
1342 2480 1387 2504 est
1398 2474 1498 2504 homo.
1516 2473 1643 2513 Operari
1656 2472 1735 2503 enim
1748 2476 1777 2502 et

957 2517 1107 2549 custodire
1124 2517 1293 2558 paradisum
1306 2518 1406 2558 jussus
1422 2522 1466 2549 est
1488 2518 1629 2557 Adamus,
1655 2521 1683 2548 et
1706 2516 1776 2547 dnm

956 2564 992 2594 ad
1008 2564 1195 2596 honestatem
1219 2574 1384 2602 movemur,
1410 2569 1514 2596 natura
1539 2572 1707 2605 operemur.
1723 2562 1778 2599 Qui

957 2608 1068 2649 itaque,
1079 2609 1137 2640 otio
1147 2613 1176 2640 et
1187 2609 1304 2640 inertia!
1314 2610 1430 2650 seipsos
1440 2609 1636 2649 tradiderunt,
1649 2610 1777 2650 quicun-

957 2663 1014 2692 que
1029 2654 1148 2687 t'uerint.
1165 2653 1276 2694 aiioqui
1293 2654 1388 2685 sancti
1403 2658 1431 2685 et
1446 2654 1626 2694 spiritualcs,
1639 2654 1667 2684 in
1685 2653 1776 2684 atfec-

958 2699 1052 2730 tiones
1067 2702 1178 2729 natura:
1188 2707 1291 2738 parum
1303 2703 1520 2730 consentaneas
1531 2709 1562 2729 se
1579 2698 1774 2739 praecipitant.

448 2802 570 2848 Ἆπις...
588 2812 683 2848 _xxx_lt,
710 2804 816 2848 14126.
846 2806 918 2848 7475‘]

965 2808 993 2840 d.
1012 2808 1121 2840 15-17.
1165 2808 1223 2841 4⁸1
1252 2811 1335 2842 loan.
1366 2817 1410 2848 tn,
1429 2810 1478 2842 l8.
1521 2808 1551 2834 4⁷
1570 2807 1644 2840 Ibid.
1666 2807 1776 2841 19-29.

90 2841 118 2866 48
129 2839 200 2872 Ibid.
217 2841 267 2874 23.
311 2839 342 2868 ‘9
356 2841 433 2876 Ibid.
449 2842 499 2875 24.
541 2844 572 2870 50
587 2839 681 2877 Levit:
693 2853 734 2883 XI,
752 2846 802 2878 44.
844 2847 872 2872 δ¹
889 2846 918 2880 G;

965 2839 1035 2887 tiu,
1056 2839 1104 2882 16.
