1983 3072
165 150 221 185 411

817 153 1007 188 SYMEONIS
1025 151 1201 188 JUNIORIS

1794 156 1855 190 412

164 216 202 266 Iit
213 217 294 249 enim
304 218 370 266 fons
386 228 551 266 perennem
564 229 670 261 aquam
683 222 863 259 scaturiens,
876 222 901 253 si
914 231 989 263 pau-
999 231 1023 250 Α
1034 220 1198 264 denterque
1224 234 1356 266 oremus,
1374 226 1416 256 uti
1442 235 1564 266 prorsus
1574 234 1591 258 a
1607 225 1692 257 nobis
1712 235 1749 256 ne
1761 234 1852 266 sepa-

165 261 227 293 lum
255 264 432 302 constiterit,
463 264 640 306 exsiccatus,
666 275 722 297 nec
747 267 810 307 jam
833 261 989 305 fons,_sed

167 307 249 338 fovea
273 308 370 347 potius
395 312 440 339 est
467 318 474 340 :
499 308 541 340 ita
565 310 616 350 qui
645 311 794 342 mandatis
822 311 991 343 factitandis

164 360 285 390 semper
301 361 334 383 se
351 358 466 393 purgat,
485 359 514 385 et
532 364 565 385 ex
581 354 643 386 Deo
669 360 813 396 purgatus
828 366 862 388 ac
878 357 989 388 sancti-

164 396 267 428 ﬁcatus
282 401 338 434 est,
364 397 390 430 si
417 398 453 430 ab
480 399 671 431 exsecutione
686 401 806 441 paulum
822 401 987 438 deﬂexerit,

165 450 217 481 pro
235 442 374 482 portione
390 444 478 474 etiam
494 454 510 474 a
527 445 683 476 sanctitate
697 445 839 477 deﬂectit.
854 446 909 483 Qui
919 456 988 477 vero

165 495 231 516 cum
244 496 303 518 uno
319 488 447 528 quodam
460 494 580 529 peccato
598 490 696 521 sciens
713 491 800 521 simul
817 491 987 529 abducitur,

164 533 241 576 totus
257 541 273 562 e
286 532 413 572 puritate
428 533 539 565 excidit
554 545 561 572 ;
578 534 655 566 sicut
666 539 695 566 et
705 545 754 567 vas
771 545 854 576 aqua:
867 537 986 576 plenum

166 575 282 607 modico
299 586 383 608 coeno
399 581 492 609 totum
508 579 695 619 inquinatur.
721 581 783 611 Nec
800 575 902 611 solum
916 590 986 621 pec-

164 623 273 666 catum,
283 622 369 666 quod
386 632 439 663 per
454 633 562 664 corpus
577 624 754 660 admittitur,
771 625 825 656 sed
840 625 897 656 alia
910 635 986 666 quo-

165 672 223 710 que
237 665 319 704 vitia,
337 676 401 706 quae
413 667 491 698 intra
506 677 560 698 nos
573 677 627 708 per
639 678 693 699 nos
710 665 987 710 perpetrantur,nec

164 707 315 748 videntur,
341 711 488 752 intelligo,
515 707 619 743 vanum
648 707 787 753 gloriam,
818 715 988 746 hominibus

167 753 306 800 placendi
329 756 470 796 studium,
497 757 686 799 superbiam,
717 758 842 800 fastum,
870 760 988 799 jactan-

166 797 250 838 tiam,
279 799 466 840 hypocrisin,
494 809 628 833 amorem
659 797 842 841 dominandi,
871 797 986 840 dolum,

167 843 391 886 malignitatem,
416 845 531 883 odium,
561 847 729 887 perﬁdiam,
753 848 908 887 invidiam,
927 849 1018 886 ela-B

168 887 291 926 tionem,
304 889 414 928 zelum,
435 890 481 921 sui
496 892 754 931 complacentiam,
782 903 913 924 amorem
930 894 986 930 sui,

166 933 388 983 contentionem
403 960 410 970 ,
436 935 651 976 insipientiam,
678 941 707 967 et
730 937 860 978 reliquas
885 947 989 969 omnes

168 979 322 1017 passiones
346 979 528 1019 ignominim,
554 990 620 1021 qua].
643 981 674 1012 in
699 982 798 1012 anima
814 987 985 1022 operantur,

166 1029 183 1051 a
205 1022 312 1062 quibus
327 1028 356 1054 et
372 1025 514 1064 propheta
540 1025 629 1056 David
654 1025 775 1057 liberari
799 1027 987 1064 desiderans,

164 1065 258 1096 Deum
274 1067 396 1107 rogabat
416 1069 447 1099 in
461 1069 541 1100 hunc
559 1070 679 1101 modum
693 1080 700 1102 :
717 1071 764 1102 Ab
779 1072 903 1102 occultis
915 1073 989 1103 meis

166 1113 282 1142 munda
298 1121 357 1150 me,
370 1114 447 1145 etab
462 1115 573 1146 alienis
587 1124 682 1155 parce
701 1124 786 1147 servo
810 1119 869 1147 tuo.
887 1116 920 1149 Si
930 1118 990 1147 mei

167 1164 229 1186 non
257 1157 505 1196 dominabuntur,
533 1163 602 1189 tunc
631 1160 848 1191 immaculatus
872 1170 933 1196 ero,
959 1164 990 1192 et

166 1200 361 1232 mundabora
368 1202 473 1234 dilecto
488 1204 624 1234 maximo
634 1204 674 1235 59.
687 1204 722 1234 Et
736 1214 743 1234 :
755 1206 820 1236 Fiat
832 1214 883 1236 cor
892 1214 988 1236 meum

167 1247 437 1278 immaculatumin
447 1248 718 1288 iustificationibus
727 1250 796 1287 tuis,
811 1253 839 1280 et
854 1258 990 1280 noncon-

165 1290 286 1328 fundar
303 1292 345 1323 55.
367 1292 402 1323 Et
424 1301 540 1323 rursum
555 1301 562 1323 :
581 1293 639 1324 Cor
648 1294 796 1325 mundum
807 1303 876 1325 crea
887 1294 986 1332 inme,

164 1334 289 1373 Deus,et
296 1338 439 1376 spiritum
449 1341 567 1368 rectum
579 1338 692 1369 innova
703 1339 735 1369 in
746 1339 990 1370 visceribusmeis

163 1379 254 1411 54.Et:
270 1381 388 1421 Spiritu
398 1381 560 1421 principali
570 1382 718 1421 conﬁrma
730 1392 776 1414 me
786 1382 900 1419 55.0033
909 1383 988 1413 enim

165 1425 289 1464 utilitas,
301 1427 417 1464 fratres,
427 1427 561 1458 laborum
573 1427 818 1468 corporalium,si
830 1429 989 1468 opusinte-

167 1470 232 1500 rius
245 1471 463 1511 postponatur‘?
479 1474 523 1502 An
537 1481 595 1501 non
606 1472 744 1503 audimus
755 1472 876 1503 Paulum
890 1473 990 1503 dicen-

166 1518 242 1547 tem:
254 1517 428 1556 Corporalis
436 1517 611 1548 exercitatio
618 1517 656 1547 ad
666 1517 818 1548 modicum
827 1517 940 1549 utilitis
947 1521 990 1548 est
999 1527 1019 1552 (ι

164 1560 261 1598 pietas
280 1565 383 1592 autem
402 1561 442 1592 ad
452 1561 555 1592 omnia
567 1561 646 1592 56.Ει
658 1570 792 1593 rursum:
810 1561 991 1594 Mundemus

164 1609 281 1636 nosmet
291 1605 368 1645 ipsos
377 1606 414 1637 ab
425 1608 510 1637 omni
519 1606 862 1645 inquinamentoearnis
868 1609 895 1637 et
903 1606 991 1646 spiri-

168 1649 262 1679 tus57.
269 1649 379 1680 Eodem
386 1654 415 1680 et
425 1650 656 1680 sanctusl’etrus
666 1649 773 1680 clamat
782 1650 810 1681 in
818 1650 881 1680 haec
889 1649 987 1680 verba:

167 1693 320 1726 Succincti
340 1695 455 1726 lumbos
477 1698 586 1727 mentis
602 1698 717 1732 vestrae,
738 1695 834 1726 sobrii
847 1695 989 1735 perfecte,

166 1742 287 1777 sperate
295 1740 326 1770 in
335 1748 415 1777 eam,
426 1749 493 1779 quw
504 1740 635 1779 offertur
645 1740 726 1770 vobis
737 1741 883 1779 gratiam,
897 1741 927 1770 in
938 1747 988 1770 re-

167 1783 346 1815 uelationem
354 1785 425 1816 Jesu
436 1784 560 1822 Christi,
570 1787 657 1823 quasi
667 1784 725 1823 ﬁlii
735 1784 921 1820 obedientiaz,
931 1793 990 1815 non

168 1828 350 1868 conﬁguroti
358 1829 700 1869 prioribusignorantite
710 1833 816 1859 vestra;
822 1829 987 1860 desideriis.

168 1873 223 1903 sed
241 1873 405 1904 secundum
419 1882 498 1914 eum,
511 1874 565 1913 qui
585 1873 700 1903 vocavit
722 1881 783 1909 vos,
797 1876 946 1912 sanctum,
963 1875 992 1904 et

168 1917 267 1956 ipsiin
278 1921 362 1948 omni
370 1920 596 1949 conversatione
606 1917 704 1948 sancti
709 1918 786 1954 sitis,
796 1920 823 1947 et
831 1918 992 1948 Dominum

168 1960 270 1992 Jesum
280 1963 466 2003 sanctiﬁcata
476 1963 508 1993 in
520 1962 660 1993 cordibus
672 1961 911 1992 oestristcirco
917 1962 989 1992 scri-

167 2009 254 2046 ptum
266 2011 308 2038 est
320 2017 329 2038 :
343 2007 453 2038 Sancti
460 2010 552 2038 estote
561 2009 772 2047 quoniamtego
782 2011 906 2037 sanctus
913 2014 990 2036 sum.

169 2050 220 2083 Et.
235 2054 388 2091 sipatrem
409 2052 557 2083 invocatis
575 2060 654 2087 eum,
671 2053 724 2091 qui
735 2051 803 2082 sine
820 2051 993 2090 acceptione

166 2104 371 2135 personarum
400 2097 524 2136 judieat
556 2096 723 2127 secundum
758 2096 993 2135 uniuscujusque

168 2142 294 2181 opus,in
309 2143 418 2173 timore
429 2142 577 2173 incolatus
587 2142 680 2172 vestri
693 2146 824 2180 tempore
835 2149 993 2171 conversa-

1031 270 1125 305 retur,
1141 277 1216 299 neve
1232 270 1309 301 sinat
1324 279 1378 301 nos
1391 270 1473 302 abire
1488 279 1505 302 a
1520 270 1578 311 via,
1590 271 1641 311 qui
1656 273 1701 301 est
1711 270 1853 310 ipsemet,

1031 311 1082 351 qui
1098 312 1171 343 dixit
1181 324 1187 344 :
1200 313 1266 353 Ego
1277 324 1344 346 sum
1354 315 1603 354 via,resurrectio
1611 318 1640 347 et
1649 318 1714 346 vita
1721 314 1854 346 60.Hunc

1032 364 1101 395 ergo
1123 358 1323 400 exquiramus,
1341 360 1420 390 hunc
1437 361 1600 400 praevenire
1620 359 1803 399 Studeamus,
1822 363 1854 390 ut

1031 400 1119 431 etiam
1138 402 1220 433 illum
1238 407 1401 435 teneamus.
1424 404 1507 441 Quod
1531 405 1556 435 si
1575 406 1682 436 factum
1704 404 1804 444 fuerit,
1822 408 1853 435 et

1030 445 1066 475 ad
1083 446 1147 486 ejus
1171 448 1339 488 exemplum
1362 450 1448 480 vitam
1473 453 1604 480 nostram
1621 448 1851 488 instituerimus,

1031 499 1090 520 non
1115 491 1209 523 solum
1235 502 1303 524 cum
1327 494 1396 525 hinc
1423 494 1676 533 emigraverimus,
1693 493 1747 524 sed
1770 502 1850 523 nunc

1029 534 1118 565 etiam
1145 536 1176 567 in
1201 537 1307 568 coelum
1333 548 1399 570 cum
1427 538 1491 579 ipso
1515 537 1723 577 ascendemus,
1740 542 1770 568 et
1789 546 1852 568 una

1029 588 1217 612 assumemur
1234 591 1240 614 ε
1259 583 1319 614 imo
1331 584 1429 624 potius
1444 584 1508 624 ipse
1519 593 1572 614 nos
1583 592 1683 614 secum
1700 581 1849 619 sustollet,

1029 628 1058 654 et
1080 625 1273 666 gloriﬁcabit,
1305 632 1335 659 et
1360 628 1483 660 donabit
1506 628 1644 659 felicitate
1671 626 1854 667 sempiterna

1029 669 1152 713 perfrui.

1321 719 1461 751 ORATIO
1492 718 1569 750 XXI.

1341 774 1550 798 ARGEMENTUM.

1036 809 1214 853 Videndum,
1231 813 1336 853 ecquid
1358 814 1543 850 beatudines,
1566 813 1603 843 de
1617 811 1725 852 quibus
1740 810 1854 853 locutus

1069 855 1114 882 est
1124 852 1274 890 Grkistus,
1288 855 1320 884 in
1332 855 1418 885 nobis
1430 854 1593 884 habeamus
1606 864 1613 888 ;
1631 861 1682 883 eas
1698 852 1780 882 enim
1788 860 1854 882 esse

1070 891 1217 934 indicium
1232 894 1394 933 signaculi,
1410 899 1438 925 et
1455 893 1657 934 proprietates
1671 891 1854 923 characteris

1071 931 1145 973 ejus.
1175 933 1233 969 Qui
1249 931 1335 973 signo
1358 931 1473 966 Christi
1494 931 1633 971 signatus
1651 941 1711 963 non
1731 936 1787 968 est,
1800 940 1853 962 nec

1069 972 1285 1012 characterem
1297 974 1382 1005 illius
1403 977 1435 1005 in
1456 983 1487 1005 se
1506 975 1575 1012 fert,
1592 973 1672 1003 hunc
1685 973 1718 1003 in
1727 981 1854 1012 regnum

1070 1011 1213 1043 cwlorum
1231 1015 1363 1045 introire
1379 1011 1555 1054 neutiquam
1567 1021 1663 1053 posse.

1072 1064 1246 1107 Quicunque
1267 1067 1350 1107 signo
1375 1067 1493 1098 Domini
1517 1076 1551 1098 ac
1566 1066 1632 1103 Dei,
1651 1069 1679 1096 et
1691 1064 1852 1096 Salvatoris

1030 1109 1124 1140 nostri
1138 1110 1207 1140 .lesu
1221 1110 1341 1149 Christi,
1359 1111 1466 1151 signati
1481 1120 1540 1141 non
1557 1119 1670 1147 sumus,
1696 1118 1852 1140 curramus

1031 1158 1062 1184 ut
1077 1153 1238 1193 signentur.
1255 1155 1431 1197 Quicunque
1442 1155 1574 1195 insigniti
1587 1164 1646 1185 non
1658 1163 1771 1192 sumus,
1782 1157 1853 1184 nota

1030 1198 1151 1238 spiritus
1173 1199 1307 1238 insigniri
1323 1209 1529 1240 properemus.
1548 1201 1625 1230 Mors
1641 1198 1720 1230 enim
1736 1198 1766 1228 in
1784 1198 1852 1228 ani-

1031 1252 1093 1273 mas
1110 1244 1326 1283 primitivorutn
1353 1246 1379 1270 6¹
1407 1255 1460 1286 per
1482 1244 1656 1284 sanguinem
1682 1243 1805 1283 Christi,
1824 1247 1854 1273 et

1030 1286 1155 1325 gratiam
1170 1289 1347 1320 sanctissimi
1364 1290 1493 1330 Spiritus
1509 1298 1567 1320 non
1584 1287 1754 1318 dominatur
1771 1296 1777 1319 :
1797 1296 1853 1317 nec

1031 1331 1118 1370 lupus
1147 1333 1197 1372 qui
1222 1338 1321 1365 mente
1348 1335 1522 1375 percipitur,
1553 1332 1683 1372 sigillum
1711 1331 1854 1371 principis

1031 1380 1180 1416 pastorem
1196 1377 1316 1415 Christi,
1334 1389 1392 1419 quo
1415 1388 1484 1410 oves
1508 1382 1576 1409 suas
1591 1377 1708 1416 signare
1723 1385 1854 1407 consue-

1031 1421 1080 1456 vit,
1099 1426 1201 1452 conlra
1225 1423 1333 1453 intueri
1358 1424 1457 1455 audet.
1485 1423 1597 1463 Itaque,
1611 1422 1718 1453 fratres
1733 1420 1850 1459 fideles,

1032 1463 1256 1506 divinarumque
1278 1477 1377 1498 rerum
1394 1468 1507 1509 cupidi,
1524 1467 1713 1503 festinemus,
1730 1469 1852 1505 3833195

1031 1513 1060 1540 et
1076 1509 1232 1541 molientes
1245 1513 1346 1543 omnia
1360 1523 1424 1553 quae
1441 1513 1558 1544 Christo
1570 1514 1638 1541 Sunt
1648 1510 1765 1550 placita,
1774 1514 1806 1540 ut
1815 1509 1852 1540 ab

1032 1554 1095 1593 ipso
1107 1564 1224 1595 quoque
1236 1557 1353 1596 signati,
1367 1559 1404 1588 de
1413 1562 1518 1588 caetero
1531 1557 1596 1587 sine
1610 1559 1689 1586 metu
1700 1554 1830 1585 vivamus
1844 1563 1851 1585 :

1031 1598 1102 1639 quin
1119 1599 1219 1637 etiam,
1237 1607 1269 1632 ut
1284 1602 1321 1632 de
1338 1612 1426 1633 manu
1443 1603 1508 1642 ejus
1523 1599 1759 1631 misericordiam
1770 1598 1852 1629 acci-

1032 1643 1157 1683 piamus,
1171 1649 1199 1675 et
1212 1645 1292 1685 digni
1308 1647 1480 1683 habeamur,
1493 1646 1544 1687 qui
1559 1644 1731 1685 mysterium
1744 1642 1854 1675 Christi

1031 1698 1255 1728 cognoscamus.
1276 1691 1481 1731 Cognitionem
1506 1695 1604 1721 autem
1628 1688 1774 1727 intelligo,
1792 1697 1853 1718 non

1031 1743 1097 1773 quis
1119 1735 1208 1765 verbo
1234 1735 1373 1766 duntaxat
1401 1741 1430 1767 et
1457 1735 1606 1766 auditione
1631 1733 1755 1764 traditur
1773 1743 1779 1761 :
1797 1731 1854 1762 sed

1032 1787 1098 1818 quae
1112 1778 1142 1808 in
1155 1779 1218 1818 ipso
1234 1789 1325 1820 opere
1352 1785 1381 1811 et
1402 1782 1522 1812 actione
1545 1779 1653 1811 elucet.
1671 1776 1747 1808 Audi
1763 1776 1854 1815 igitur

1032 1824 1281 1863 quemadmodum
1315 1826 1442 1865 cognitio
1479 1824 1688 1865 mysteriorum
1716 1820 1770 1852 Dei
1800 1830 1856 1860 per

1033 1877 1118 1908 opus,
1136 1872 1163 1898 et
1179 1869 1323 1900 actionem
1340 1864 1370 1900 in
1387 1870 1472 1901 nobis
1488 1868 1692 1910 perspiciatur.
1719 1864 1855 1897 Christus

1034 1913 1114 1944 Deus
1129 1918 1229 1944 noster
1240 1923 1291 1954 per
1299 1915 1481 1954 evangelium
1498 1923 1582 1945 suum
1598 1910 1731 1953 quotidie
1745 1914 1852 1949 aperte

1033 1959 1154 1990 clamat:
1168 1959 1256 1990 Beati
1265 1969 1415 1999 pauperes
1424 1961 1546 1999 spiritu,
1558 1958 1705 1999 quoniam
1717 1956 1853 1994 ipsorum

1033 2007 1076 2034 est
1089 2013 1215 2044 regnum
1227 2004 1372 2035 certorum
1379 2005 1418 2036 62.
1432 2004 1493 2035 IIoc
1504 2003 1620 2044 quoties
1630 2000 1770 2044 audimus
1779 2008 1851 2044 con-

1033 2043 1177 2085 siderare,
1193 2052 1221 2079 et
1236 2058 1288 2078 nos
1300 2048 1379 2088 ipsos
1396 2043 1553 2087 diligenter
1574 2049 1731 2078 executere
1755 2043 1850 2074 debe-

1035 2102 1112 2132 mus,
1129 2102 1199 2123 num
1219 2102 1323 2123 revera
1347 2103 1491 2134 pauperes
1514 2090 1681 2123 istiusmodi
1697 2088 1802 2125 simus,
1823 2090 1857 2118 ut

1034 2137 1122 2167 etiam
1141 2142 1274 2168 nostrum
1291 2137 1328 2167 sit
1343 2133 1465 2177 regnum
1482 2137 1622 2168 ctelorum
1638 2146 1646 2173 ;
1661 2133 1735 2165 adeo
1753 2137 1783 2162 ut
1798 2141 1854 2177 nos

169 2176 273 2216 mini:
288 2187 417 2218 scientes
432 2186 511 2226 quod
525 2195 583 2217 non
594 2176 847 2225 corruptibilibus
857 2179 1064 2221 auro,relDid
1097 2187 1160 2213 tuto
1183 2181 1336 2221 possidere
1358 2176 1457 2213 animo
1482 2181 1646 2226 sentiamus
1671 2178 1772 2226 itaque
1790 2176 1856 2216 ejus

170 2233 300 2269 argento
319 2231 471 2271 redempti
480 2234 552 2262 estis
566 2231 605 2261 de
620 2239 699 2261 vana
714 2234 817 2261 ve~tra
828 2237 993 2260 conversa-

168 2275 250 2306 tione
268 2279 406 2315 paterme
428 2275 616 2311 traditionis,
629 2275 680 2306 sed
701 2275 832 2314 pretioso
843 2275 993 2313 sanguine

169 2323 260 2360 quasi
266 2321 339 2360 agni
350 2320 538 2352 inmaculati
550 2319 662 2351 Christi
673 2318 956 2359 53.0ptemusigitur
963 2322 993 2349 et

170 2374 224 2394 nos
235 2369 295 2396 toto
306 2365 416 2403 animo,
426 2369 454 2396 et
466 2365 523 2396 fixa
535 2365 573 2395 sit
584 2364 744 2404 sententia,
757 2373 815 2394 non
828 2363 994 2403 decipi,aut

170 2408 208 2439 ab
224 2409 323 2449 aliqua
334 2409 630 2450 corporis,animreve
646 2408 993 2449 perlurbationeinesca-

169 2453 207 2492 ri,
220 2458 249 2485 et
261 2454 385 2495 alligari,
403 2464 440 2485 ne
461 2463 514 2495 per
533 2463 620 2484 unam
637 2463 688 2484 seu
711 2463 840 2493 parvam,
861 2462 912 2483 seu
928 2461 991 2483 ma-

170 2508 257 2538 gnam
266 2499 396 2531 mandati
409 2499 675 2539 transgressionem
686 2498 767 2528 viain
777 2497 885 2528 ccelum
895 2497 994 2527 feren-

170 2547 199 2574 te
215 2544 396 2576 excidamus.
412 2544 469 2575 Sed
485 2554 552 2574 cum
572 2543 833 2577 ambulavernnus,
847 2551 901 2573 nec
913 2545 992 2572 retro

168 2588 400 2630 respexerimus,
412 2589 587 2620 festinemus
596 2587 821 2619 antecedentem
829 2595 883 2617 nos
890 2586 992 2617 Jesum

173 2634 348 2675 pravenire,
368 2634 495 2674 factique
506 2634 570 2674 ejus
581 2637 743 2673 compotes,
755 2636 823 2663 ante
839 2641 907 2662 eum
922 2639 993 2671 pro—

171 2679 318 2720 cidamus,
338 2683 367 2710 et
381 2688 482 2710 coram
501 2675 927 2719 ejuslbonitateploremus59,
943 2684 992 2706 ar-

206 2786 237 2813 53
263 2786 342 2818 Psal.
370 2794 454 2822 xvni,
486 2785 536 2821 i3,
567 2785 612 2819 14.
654 2785 686 2810 53
714 2783 791 2815 Psal.
821 2791 926 2818 CXVllI,
954 2782 1004 2814 80.

168 2827 200 2856 57
228 2825 255 2857 II
283 2827 350 2858 Cor.
381 2827 414 2866 7,
445 2828 472 2856 1.
518 2825 575 2857 581
603 2825 688 2866 Petr.
715 2833 736 2865 t,
767 2823 875 2856 13-19.

168 2866 202 2899 63
215 2866 317 2900 Matth.
335 2875 364 2909 v,
381 2865 412 2898 3.
453 2866 487 2892 33
502 2866 572 2899 Luc.
589 2874 662 2904 xvn,
678 2865 729 2897 21.

918 2823 950 2849 59
977 2821 1055 2854 Psal.
1084 2827 1162 2857 χειν,
1192 2819 1221 2850 6.

1036 2233 1139 2256 tenere
1155 2226 1281 2263 divitias,
1301 2227 1418 2258 utcitra
1446 2225 1660 2257 dubitationem
1684 2231 1739 2253 nos
1765 2221 1796 2251 in
1819 2230 1855 2251 eo

1035 2279 1100 2300 esse
1127 2272 1325 2310 experiamur,
1357 2275 1385 2302 et
1409 2271 1489 2301 illius
1518 2269 1604 2300 bonis
1627 2272 1715 2308 atque
1740 2265 1857 2310 deliciis
1881 2264 1889 2272 '

1035 2309 1229 2346 oblectemur.
1243 2315 1322 2346 Intra
1336 2324 1389 2347 nos
1401 2316 1481 2346 enim
1496 2314 1568 2345 illud
1583 2322 1661 2349 esse,
1675 2312 1738 2352 ipse
1757 2309 1856 2340 Domi-

1035 2368 1090 2389 nus
1113 2359 1313 2399 pronuntiavit
1326 2360 1367 2390 65.
1382 2361 1564 2399 Argumenta
1585 2366 1683 2397 porro,
1701 2354 1810 2399 quibus
1824 2353 1854 2399 id

1034 2397 1121 2434 intra
1138 2413 1193 2435 nos
1217 2413 1282 2435 esse
1306 2397 1540 2441 demonstretur,
1563 2403 1626 2433 hinc
1651 2407 1720 2431 sunt
1746 2410 1753 2429 :
1775 2397 1855 2429 Nihil

1035 2457 1140 2480 eorum
1155 2458 1221 2489 qua:
1235 2449 1327 2480 oculis
1343 2449 1541 2490 subjicrunlur
1551 2451 1581 2478 et
1596 2448 1733 2492 pereunt,
1746 2452 1855 2492 concu-

1035 2493 1169 2534 piscere;
1185 2502 1244 2529 res,
1263 2493 1385 2534 inquam
1402 2497 1430 2524 et
1445 2493 1664 2524 oblectamenta
1677 2489 1764 2528 hujus
1775 2489 1852 2534 vita},

1035 2531 1093 2568 non
1111 2546 1194 2578 opes,
1212 2547 1269 2568 non
1285 2531 1419 2578 gloriam,
1439 2547 1497 2568 non
1518 2535 1653 2572 delicias,
1679 2543 1737 2564 non
1761 2531 1853 2578 ullam

1035 2577 1164 2623 denique
1178 2582 1267 2613 aliam
1284 2584 1349 2613 vitae
1361 2582 1525 2622 praesentis,
1543 2585 1593 2612 aut
1607 2578 1740 2626 corporis
1751 2577 1856 2626 volup-

1037 2631 1125 2658 tatem
1145 2636 1151 2659 :
1169 2627 1221 2658 sed
1238 2627 1278 2658 ita
1303 2637 1336 2658 se
1363 2628 1410 2658 his
1435 2626 1575 2657 omnibus
1591 2624 1752 2662 abstinere,
1770 2626 1800 2652 et
1813 2624 1857 2652 sic

1032 2672 1158 2714 judicio,
1175 2682 1209 2703 ac
1225 2672 1372 2703 voluntate
1387 2672 1424 2703 ab
1440 2672 1499 2702 illis
1515 2670 1688 2707 abhorrere,
1706 2672 1738 2699 ut
1752 2670 1854 2708 potes-

1047 2778 1172 2812 54Psal.
1197 2777 1294 2816 1,,42.
1336 2779 1368 2803 55
1396 2777 1458 2808 Ibid
1489 2777 1538 2807 14.
1637 2771 1854 2816 I_Tim.1v,§.

1263 2818 1296 2843 60
1324 2819 1410 2850 Joan.
1426 2825 1458 2857 II,
1475 2817 1526 2849 95.
1567 2815 1595 2841 θί
1619 2814 1712 2847 Hebr.
1733 2820 1786 2844 xu.
1802 2812 1853 2844 23.
