1983 3072
144 161 180 193 44
188 160 207 192 3
893 161 965 193 ORA

1013 160 1036 192 Ο
1057 161 1138 192 XXI.
1777 158 1834 191 M4

141 230 204 259 tate
217 231 247 258 et
262 227 379 258 honore
392 228 473 267 regio
489 227 701 268 praecellentes
714 227 751 258 ab
767 227 811 258 his
821 227 873 268 qui
888 227 970 266 lupa-
979 229 1001 254 Δ
1010 226 1173 265 spiritualis
1184 226 1478 268 notitia,ibiquoque
1489 227 1587 257 luctus
1600 225 1710 266 gaudio
1720 225 1836 256 mistus.

145 272 232 303 naria
249 272 372 310 obeunt,
389 272 553 304 abhorrent
567 281 574 304 :
593 276 622 303 et
636 276 778 313 quantum
795 271 845 313 qui
861 280 932 313 pura
944 276 975 302 et
1014 270 1058 301 Ibi
1074 271 1144 302 item
1156 271 1268 312 jugiter
1281 275 1436 302 manantes
1455 271 1604 311 lacrymae,
1621 279 1686 311 quae
1707 270 1836 301 animam

147 316 260 346 munda
274 316 565 354 vestimentainduti,
581 320 610 348 et
639 317 879 347 suaveolentibus
916 325 974 346 un-

147 360 271 400 guentis
287 361 386 400 perliti
402 364 480 399 sunt,
492 361 722 400 graveolentiam
737 371 771 392 ac
788 361 882 392 lutum
893 369 973 391 aver-

146 410 261 436 santur.
281 405 336 442 Qui
353 405 432 436 enim
449 405 484 436 ad
502 415 592 436 unum
616 406 735 445 aliquod
753 405 972 437 uominatorum

146 459 215 481 sese
233 450 390 488 convertit,
402 459 526 490 regnum
542 451 613 481 illud
625 451 767 482 caelorum
780 460 878 491 neque
889 450 970 488 vidit,

146 503 246 535 neque
261 494 374 531 olfecit,
391 504 488 532 neque
499 495 721 535 jucunditatem
739 500 767 525 et
781 494 971 526 dulcedinem

145 539 214 579 ejus
227 539 403 579 degustavit.
421 539 535 571 Deinde
553 550 560 570 :
583 551 594 567 α
610 541 695 571 Beati
708 541 761 580 qui
774 540 888 580 lugent,
901 548 972 579 quo-

145 585 235 616 m'um
253 585 313 624 ipsi
327 584 562 616 consolabuntur
572 584 614 616 84.
629 597 642 613 ι)
657 584 818 616 Videamus
832 583 973 614 nuncite-

146 638 228 666 rum,
247 633 276 660 et
292 628 322 659 in
339 632 455 659 nosmet
470 629 670 670 inquiramus,
686 639 756 660 num
771 629 887 660 huncce
907 629 972 659 luc-

1015 315 1092 346 hanc
1113 320 1261 347 amantem
1278 320 1414 356 purgent,
1429 325 1463 346 ac
1479 325 1600 356 prorsus
1622 315 1836 346 lucidissimam

1015 361 1152 392 reddant.
1167 363 1224 393 Per
1236 361 1298 392 haec
1314 361 1402 400 igitur
1412 361 1511 391 anima
1525 369 1643 392 sursum
1656 359 1835 400 respiciens,

1016 410 1046 436 et
1066 405 1224 438 Dominum
1250 415 1336 436 suum
1362 415 1549 446 cognoscens
1569 405 1699 445 reliquas
1713 404 1837 435 virtutes

1015 450 1149 482 studiose
1166 451 1339 491 progignere
1355 450 1423 484 sibi,
1442 456 1471 482 et
1488 449 1604 481 Christo
1628 449 1754 480 orditur.
1775 450 1838 480 Nec

1016 495 1177 526 immerito.
1206 496 1326 534 lrrigata
1349 495 1428 526 enim
1451 496 1649 531 continenter,
1665 498 1693 525 et
1709 493 1835 534 pingue-

1015 549 1102 571 scens
1117 540 1266 580 lacrymis,
1284 544 1312 570 et
1324 539 1399 570 iram
1410 540 1440 570 in
1451 549 1484 570 se
1501 540 1618 579 pettitus
1633 538 1835 576 exstinguetis,

1016 584 1096 615 mitis
1112 589 1231 625 totaque
1246 585 1281 615 ad
1298 584 1487 616 irascendum
1511 583 1674 614 immobilis
1696 582 1834 613 eiIicitur.

1015 629 1205 670 Concupiwit
1219 634 1319 661 autem
1339 633 1367 660 et
1392 629 1515 670 appetit,
1532 628 1667 659 esuriens
1689 627 1790 664 simul,
1807 629 1838 656 et

148 677 211 704 tum
229 673 259 704 in
275 673 363 705 nobis
378 674 554 710 habeamus,
570 679 600 705 et
613 684 748 715 quamam
761 674 975 705 sitistaconso-
1015 674 1121 705 sitiens
1144 674 1260 705 discere
1283 673 1509 714 justiﬁcationes
1525 673 1589 704 Dei.
1613 671 1645 703 In
1662 672 1706 702 his
1723 680 1791 702 vero
1807 674 1837 701 et

146 717 234 756 latio,
251 728 316 759 quae
339 719 436 750 luctus
461 720 550 759 hujus
573 729 674 750 comes
697 719 816 751 dicitur.
843 719 974 749 Primum
1016 719 1200 757 misericors,
1214 723 1243 750 et
1259 719 1365 749 alienis
1379 717 1578 749 incommodis
1594 717 1699 748 dolens
1712 716 1836 755 ﬁt:quo

148 762 272 802 quidem
290 773 438 804 pauperes
453 764 559 803 spiritu
575 764 677 795 beatos
691 764 858 800 afﬁrmavit,
874 765 975 803 utpote
1017 772 1051 794 ex
1069 764 1114 794 his
1129 763 1268 795 omnibus
1282 763 1381 794 cordis
1398 763 1463 803 ejus
1480 762 1590 803 puritas
1613 760 1794 801 perﬁciatur,
1808 762 1837 790 et

146 815 274 846 quorum
285 807 322 838 sit
338 817 461 846 regnum
481 808 637 839 caelorum.
654 808 801 848 Pauperes
815 811 926 843 autem,
944 811 976 838 ut
1016 807 1080 848 ipsa
1095 809 1187 840 Deum
1197 808 1306 844 videat,
1320 809 1446 848 ejusque
1456 807 1578 847 gloriam
1595 804 1759 836 secundum
1772 813 1837 844 pro-

145 851 314 898 docuimus,
335 852 418 883 hisce
431 852 625 892 praesentibus
639 852 724 893 plane
737 861 794 885 non
805 852 971 893 capiuntur,
985 873 1004 898 Β
1017 854 1189 885 missionem
1216 854 1295 885 clare
1320 853 1479 884 intueatur.
1496 851 1563 898 Qui
1573 849 1697 898 hunc-in
1714 850 1834 898 modum

148 905 248 936 neque
265 897 396 928 animum
407 898 447 927 ita
458 906 524 927 cum
540 897 577 928 iis
590 898 739 938 copulant,
752 902 839 938 atque
850 898 974 936 conjun‘
985 893 1003 898 ”
1014 899 1128 930 animas
1143 908 1211 929 suas
1219 902 1438 939 compararunt,
1452 895 1565 937 paciﬁci
1579 899 1647 926 sunt
1658 894 1687 924 in
1700 893 1833 939 veritate,

148 945 234 980 gunt,
257 945 288 972 ut
306 941 351 972 vel
376 942 492 972 modica
507 942 707 973 delectatione
722 942 890 973 deliniatur.
908 940 971 977 Quo

144 985 238 1026 igitur
248 990 342 1026 pacto,
358 991 384 1018 et
397 996 484 1027 quam
497 986 534 1017 ob
547 996 667 1017 causam
683 987 806 1026 lugebit,
818 987 868 1027 qui
879 991 970 1017 totum

149 1031 293 1062 mundum
311 1031 473 1062 detestatus
488 1036 543 1068 est,
561 1035 591 1062 et
606 1033 694 1063 corde
711 1036 768 1062 tam
786 1032 871 1071 longe
888 1031 924 1061 ab
936 1040 970 1061 eo

145 1074 242 1112 abest,
259 1085 347 1116 quam
365 1085 490 1116 corpore
506 1076 549 1106 illi
565 1076 808 1117 appropinquat?
823 1076 873 1117 qui
889 1076 969 1106 nullo

146 1128 248 1150 rerum
277 1121 505 1161 aspectabilium
531 1130 633 1152 amore
663 1125 792 1158 tenetur,
821 1120 969 1161 quidest,

144 1164 286 1202 obsecro,
304 1175 358 1196 cur
370 1175 402 1197 se
418 1165 556 1206 tristitize,
573 1166 714 1197 laetitimve
729 1166 843 1197 dedat?
857 1165 970 1206 thuo-

145 1209 235 1240 modo
252 1210 374 1250 lugebit,
391 1210 564 1250 solatiisque
580 1211 769 1246 mulcebitur,
781 1210 831 1250 qui
843 1219 966 1249 regnum

146 1254 291 1285 caelorum
307 1255 407 1295 habet,
425 1254 494 1286 etin
510 1264 545 1285 eo
561 1255 676 1285 laetatur
691 1254 834 1285 assidue?

186 1299 342 1330 Attendite
358 1303 483 1337 mentes,
501 1309 584 1340 rogo,
602 1300 637 1330 iis
653 1309 718 1340 quae
733 1299 841 1336 dicam,
852 1302 880 1330 et
890 1308 968 1339 quae-

147 1345 195 1376 siti
209 1345 354 1376 rationem
371 1354 438 1376 cum
454 1346 518 1385 ejus
534 1346 681 1376 solutione
691 1345 855 1385 accipietis.
872 1344 966 1375 Homo

146 1390 255 1427 ﬁdelis,
283 1390 334 1430 qui
360 1391 397 1421 ad
421 1390 557 1421 mandata
572 1390 624 1420 Dei
640 1389 842 1420 exltaurienda
863 1389 966 1420 sedulo

147 1443 268 1474 semper
281 1434 440 1475 incumbit,
455 1444 521 1465 cum
538 1435 639 1466 omnia
649 1434 821 1471 servarit,et
833 1433 868 1465 ad
882 1433 966 1464 fasti-

1013 948 1043 974 et
1056 944 1109 974 ﬁlii
1123 943 1267 975 Altissimi
1285 937 1487 979 nominantur,
1505 941 1555 981 qui
1577 945 1607 971 et
1628 948 1701 980 pure
1715 937 1832 987 Patrem

1013 988 1233 1028 Dominumque
1254 997 1340 1018 suum
1365 991 1538 1026 agnoscunt,
1560 989 1588 1015 et
1603 994 1637 1014 ex
1655 986 1715 1028 tota
1735 986 1835 1012 anima

1013 1033 1097 1063 illum
1123 1027 1270 1071 diligunt;
1295 1031 1429 1072 quamvis
1453 1030 1585 1061 laborem
1608 1027 1835 1072 videlicet_:_et

1012 1077 1146 1118 quamvis
1160 1070 1350 1107 al‘ﬁictionem
1367 1077 1431 1116 ejus
1446 1084 1534 1106 causa
1550 1070 1833 1118 sustinentes,_inju-

1011 1114 1064 1152 riis
1078 1121 1184 1159 vexati,
1201 1114 1391 1152 contumeliis
1403 1119 1536 1160 appetiti,
1554 1115 1712 1156 augustiati
1724 1114 1834 1160 objus-

1012 1170 1073 1196 tum
1087 1166 1152 1206 ejus
1169 1166 1352 1202 mandatum,
1379 1159 1459 1206 quod
1484 1168 1512 1194 et
1538 1162 1624 1193 nobis
1649 1159 1832 1191 servandum

1009 1211 1162 1251 praecepit,
1174 1209 1673 1251 exprobrationes,persecutiones,
1697 1208 1726 1235 et
1745 1211 1833 1234 omne

1009 1256 1131 1287 verbum
1158 1256 1267 1286 malum
1290 1255 1362 1285 falso
1389 1258 1491 1285 contra
1515 1263 1547 1283 se
1569 1252 1695 1287 dictum,
1713 1252 1833 1289 propter

1009 1310 1120 1332 nomen
1146 1301 1210 1341 ejus
1234 1300 1395 1331 toleranter
1417 1299 1604 1335 suﬁ‘erentes,
1635 1294 1831 1332 exsultantes,

1009 1345 1148 1386 quoniam
1173 1346 1255 1385 digni
1277 1349 1345 1376 sunt
1368 1344 1471 1381 habiti,
1495 1343 1546 1384 qui
1573 1351 1626 1383 pro
1647 1341 1712 1380 ejus
1727 1345 1832 1386 amore

1008 1381 1172 1430 ignominia
1186 1381 1223 1420 ab
1237 1389 1408 1421 hominibus
1424 1381 1615 1420 afﬁcerentur
1627 1386 1671 1417 67.
1684 1381 1830 1430 Animad-

1008 1426 1147 1471 vertistis,
1163 1435 1280 1469 fratres,
1298 1434 1441 1473 signaculi
1457 1432 1567 1465 Christi
1579 1438 1751 1471 expressam
1764 1426 1829 1473 efﬁ-

145 1471 225 1518 gium
241 1479 359 1517 borum,
379 1479 407 1510 id
424 1471 478 1516 est,
497 1479 532 1509 ad
547 1479 725 1519 inculpatam
740 1479 876 1519 vitam,et
888 1478 967 1519 puri-
1007 1481 1084 1520 giem
1095 1480 1110 1510 ξ’
1128 1479 1294 1519 Agnovistis
1305 1471 1420 1516 ﬁdeles,
1434 1478 1629 1519 proprietates
1643 1471 1828 1520 characteris

146 1524 234 1554 tatem
263 1525 414 1563 ingressus
437 1523 536 1561 fuerit,
555 1518 637 1554 tunc,
649 1523 767 1554 modulo
783 1518 836 1554 suo
852 1518 965 1554 seime-
976 1539 996 1564 ο
1009 1518 1102 1565 ejus?
1118 1518 1215 1557 Unum
1232 1524 1363 1565 profecto
1377 1518 1558 1563 signaculum
1575 1518 1750 1565 illuminatio
1761 1518 1830 1556 Spi-

144 1569 234 1606 tiens,
258 1568 441 1600 imbecillum
467 1568 609 1606 inveniet,
626 1568 737 1609 quique
751 1569 787 1599 ad
803 1563 988 1600 celsitatem’
1009 1563 1084 1600 ritus
1107 1573 1163 1609 est,
1187 1572 1216 1600 et
1232 1563 1265 1600 isi
1290 1569 1389 1599 multa:
1413 1572 1482 1598 sunt
1506 1569 1607 1598 formae
1621 1563 1828 1609 operatiolum

147 1605 230 1644 illam
245 1613 450 1644 mandatorum
468 1605 643 1654 pertingere
653 1605 711 1644 no-n
730 1613 823 1654 possit
841 1623 848 1643 :
871 1613 922 1643 sed
941 1618 970 1644 et
1010 1605 1238 1645 illuminationis
1252 1614 1351 1654 hujus,
1366 1614 1514 1654 multaque
1526 1605 1664 1643 virtutum
1675 1605 1829 1654 ejusindtf

147 1667 308 1698 pauperem
325 1653 483 1698 imprimis,
501 1658 561 1688 sive
575 1658 728 1698 indignum
745 1658 780 1688 ad
799 1657 968 1698 suscipien-
1012 1659 1068 1699 cia,
1093 1667 1218 1699 quorum
1245 1653 1382 1698 primum,
1401 1663 1429 1689 et
1444 1653 1539 1699 magis
1565 1653 1832 1700 ttecessariumtfl

145 1695 376 1739 dumDeum,ad
387 1703 495 1742 gratias
510 1706 540 1733 et
552 1695 654 1733 laudes
667 1702 764 1732 eidem
779 1695 964 1739 tribuendas,
1012 1695 1152 1743 tanquam
1170 1695 1347 1743 principium
1363 1695 1397 1734 ac
1412 1695 1634 1734 fundamentum
1651 1703 1694 1730 est
1710 1695 1830 1743 humili-

145 1751 176 1778 ut
191 1748 242 1788 qui
258 1740 410 1788 nunquam
428 1746 592 1787 proprium,
610 1756 644 1778 ac
659 1756 745 1777 suum
769 1746 890 1785 aliquod
913 1746 966 1777 bo-
1009 1740 1829 1788 tas:Hdqu-einenimr'espiciam,inquitgiisisuperltil:

149 1783 219 1823 num
246 1783 510 1832 possederit-Heio
531 1783 590 1832 qui.
605 1795 726 1831 propter
740 1800 772 1822 se
787 1783 853 1822 cu'm
876 1790 968 1821 animi
1008 1792 1111 1824 mitem
1123 1783 1523 1832 etquietumxtti‘emeut'c'm
1532 1783 1682 1823 sermones
1691 1783 1832 1832 meoafis?

145 1846 238 1868 sensu
252 1841 382 1877 reputat,
398 1837 520 1867 omnino
535 1836 649 1876 lugebit
672 1836 751 1867 luctu
773 1845 843 1866 vere
860 1835 969 1867 beatis-

147 1881 236 1919 simo,
263 1881 314 1921 qui
338 1888 367 1913 et
393 1881 598 1911 consolatione
616 1881 763 1920 promis-sa
788 1880 912 1918 levatur,
943 1885 972 1912 et

146 1926 275 1957 animam
292 1925 393 1957 mitem
411 1925 502 1957 efﬁcit
522 1934 528 1957 :
543 1930 588 1956 est
605 1925 750 1966 siquidem
768 1925 875 1966 pignus
886 1924 970 1965 regni

147 1970 290 2002 caelorum
309 1979 345 2002 ex
361 1970 441 2001 luctu
454 1974 686 2011 progeneratum
702 1970 970 2001 solatiuni.«Fules

145 2024 285 2055 namque,
301 2015 467 2047 secundum
478 2015 665 2055 Apostolum,
674 2019 716 2046 es!
729 2023 835 2046 rerum
846 2023 970 2054 speran-

144 2069 212 2091 rum
224 2060 396 2091 substantia
407 2060 448 2091 65.
467 2059 634 2091 Consolatio
650 2069 750 2100 porro,
766 2069 853 2100 quam
866 2059 895 2089 in
907 2059 967 2090 ani-

147 2105 203 2136 mis
219 2105 387 2145 lugentibus
403 2105 557 2136 illustratio
569 2105 689 2146 spiritus
699 2105 831 2135 conciliat
841 2129 847 2142 ,
857 2105 966 2136 adven-

1050 1837 1133 1868 Alter
1148 1830 1244 1868 luctus
1267 1842 1311 1868 est
1336 1838 1530 1878 lacrymarum
1551 1837 1627 1870 fons.
1654 1834 1692 1865 de
1721 1830 1828 1873 quibus

1013 1890 1079 1914 cum
1101 1883 1222 1923 copiose
1236 1882 1326 1914 velim
1343 1883 1491 1914 disserere
1502 1881 1601 1913 verbis
1620 1880 1656 1910 ad
1673 1886 1761 1909 sensa
1775 1885 1828 1905 ex-

1013 1928 1150 1968 plicanda
1166 1928 1319 1959 destituor.
1338 1930 1397 1960 Res
1408 1928 1494 1966 mira,
1511 1931 1540 1959 et
1553 1936 1640 1968 quam
1654 1925 1754 1963 lingua
1770 1929 1832 1952 non

1012 1978 1108 2015 potest
1130 1973 1224 2004 effari.
1246 1975 1301 2005 Per
1318 1974 1420 2004 oculos
1443 1974 1534 2004 ﬁuere
1553 1971 1733 2007 sentiuntur,
1750 1970 1780 1998 et
1796 1974 1831 2015 ex

1011 2013 1110 2049 anima
1120 2028 1237 2049 caanum
1249 2023 1436 2059 peccatorum
1446 2019 1546 2049 eluere
1557 2016 1763 2055 intelliguntur
1781 2022 1788 2040 ι
1802 2013 1833 2041 et

1007 2063 1038 2094 in
1055 2068 1162 2094 terram
1179 2064 1332 2100 cadentes,
1349 2064 1500 2094 daztnones
1524 2065 1624 2098 urunt,
1646 2070 1680 2091 ac
1695 2061 1830 2106 proster-

1009 2112 1094 2145 nunt,
1110 2109 1299 2148 animamque
1314 2118 1330 2138 e
1346 2108 1470 2138 vinculis
1483 2106 1595 2147 peccati
1611 2100 1832 2148 inaspectabili-

145 2153 193 2181 tus
208 2141 264 2182 Dei
277 2154 331 2188 est,
350 2150 503 2191 praemium
520 2141 691 2181 certaminis
708 2150 905 2181 humilitatem
923 2141 997 2181 eisD
1008 2152 1064 2184 bus
1080 2141 1224 2183 eximunt.
1279 2153 1414 2192 lacrymze
1437 2161 1472 2182 ex
1483 2141 1591 2182 Idiviua
1606 2141 1828 2192 iltutninatione

146 2195 272 2235 donans,
285 2205 351 2235 quae
363 2200 391 2226 et
406 2205 521 2232 semen,
539 2199 567 2226 ct
582 2195 722 2226 talentum
740 2196 966 2226 vocatur.Aucta

86 2260 94 2270 .
145 2239 266 2280 quippe,
279 2243 308 2270 et
323 2240 514 2279 multiplicat»
531 2239 561 2270 in
577 2239 649 2280 ipsis
663 2239 840 2270 certantium
856 2239 966 2270 anima-

147 2285 211 2320 bus,
238 2284 345 2324 partim
375 2284 571 2320 tricesimum,
602 2284 708 2324 partim
738 2284 966 2322 sexagesimum,

146 2329 250 2369 partim
271 2329 465 2366 centesimum
482 2329 544 2360 Deo
561 2329 685 2360 fructum
706 2330 761 2360 fert
777 2329 820 2369 66,
838 2330 966 2360 fructum

145 2377 278 2404 sanctum
294 2373 518 2409 charismatum,
536 2383 570 2404 ac
585 2373 730 2404 donorum
752 2374 889 2414 Spiritus:
908 2374 965 2406 Ubi

146 2418 225 2449 enim
237 2427 296 2448 non
310 2418 406 2449 fucate
417 2419 468 2449 sed
486 2428 553 2449 vere
565 2418 685 2449 humilis
696 2429 729 2449 ac
739 2419 885 2450 demissus
897 2420 964 2450 ani-

146 2472 221 2499 mus,
238 2462 278 2493 ibi
295 2462 382 2493 etiam
401 2463 573 2494 humilitatis
589 2463 725 2494 fundum.
748 2463 847 2502 Et,ubi
864 2464 964 2495 humi-

145 2506 223 2542 litas,
239 2506 280 2537 ibi
301 2506 480 2538 illutninatio
497 2507 627 2547 spiritus.
643 2507 698 2539 Ubi
714 2508 835 2548 spiritus
851 2508 964 2540 illumi-

144 2551 236 2587 natio,
261 2551 301 2582 ibi
325 2551 561 2582 divini'luminis
589 2553 684 2592 Copia,
710 2557 739 2584 et
763 2553 842 2584 Deus
865 2554 894 2584 in
915 2564 965 2585 sa-

146 2595 257 2636 pientia
282 2599 310 2627 et
326 2597 498 2636 cognitione
509 2597 716 2637 mysteriorum
733 2598 807 2638 ejus.
824 2598 878 2630 Ubi
895 2593 965 2630 vero

147 2640 220 2678 haec,
249 2640 291 2671 ibi
311 2650 435 2680 regnum
462 2643 617 2681 cmlorum,
642 2647 670 2673 et
684 2643 768 2681 regni
783 2644 922 2683 cognitio,
941 2649 970 2675 et

145 2685 311 2716 absconditi
324 2686 454 2717 thesauri
470 2687 603 2718 scientiae
616 2687 681 2725 Dei,
706 2688 734 2718 in
758 2688 864 2728 quibus
881 2689 968 2720 etiam

146 2734 309 2771 paupertas
322 2731 447 2771 spiritus
459 2732 593 2771 patescit.
607 2732 662 2764 Ubi
675 2737 772 2764 autem
789 2735 970 2774 paupertatis

182 2827 215 2854 64
228 2829 333 2860 Matth.
353 2839 382 2867 v,
471 2829 504 2856 65
517 2830 614 2864 Hebr.
629 2839 671 2870 x1,
691 2831 718 2862 l.

761 2830 794 2856 θθ
808 2831 908 2865 Matth.
926 2840 988 2871 XIII,
1006 2832 1024 2865 8
1040 2841 1111 2874 seqq

1006 2197 1213 2234 scaturientes,
1231 2189 1350 2228 uelum'
1367 2197 1464 2237 ipsum
1482 2199 1661 2230 reserantes,
1684 2196 1713 2223 et
1728 2189 1832 2239 divina

1008 2242 1082 2273 mihi
1108 2241 1212 2272 solatia
1227 2242 1377 2282 parientes
1392 2252 1398 2273 :
1415 2241 1524 2272 iterum
1545 2239 1655 2280 quippe
1673 2242 1702 2282 et
1718 2242 1829 2282 saeptus

1009 2287 1112 2317 eadem
1129 2296 1190 2326 pra:
1201 2280 1358 2323 suavitate,
1372 2290 1401 2317 et
1414 2285 1563 2316 desiderio
1578 2284 1656 2314 dico.
1669 2281 1725 2313 Ubi
1738 2280 1832 2329 lacrly:

1010 2323 1242 2372 marum'copia,
1261 2332 1377 2368 fratres,
1404 2340 1472 2363 cum
1499 2328 1668 2369 cognitione
1689 2335 1771 2372 vera,
1786 2323 1830 2372 ibi

1007 2375 1093 2406 etiam
1112 2369 1203 2406 divini
1219 2376 1340 2406 luminis
1357 2375 1518 2415 splendor;
1536 2373 1586 2404 ubi
1605 2372 1724 2403 luminis
1741 2369 1830 2409 hujus

1007 2420 1163 2460 splendor,
1187 2420 1225 2451 ibi
1247 2420 1322 2451 bona
1337 2419 1529 2460 suppeditant
1551 2417 1664 2452 omnia,
1683 2420 1711 2446 et
1728 2415 1829 2454 signa-

1008 2465 1106 2495 culum
1124 2469 1216 2496 sancti
1232 2464 1359 2505 Spiritus
1375 2465 1520 2505 plantatur
1535 2463 1565 2493 iu
1581 2461 1684 2498 corde,
1704 2460 1785 2491 unde
1801 2462 1831 2488 et

1008 2519 1113 2540 omnes
1127 2510 1192 2540 vita:
1207 2510 1319 2540 fructus
1331 2510 1514 2540 exoriuntur.
1528 2509 1604 2539 Hinc
1619 2506 1736 2538 Christo
1753 2514 1831 2535 man-

1008 2554 1132 2585 suetudo
1147 2555 1327 2595 producitur,
1346 2563 1411 2594 pax,
1429 2554 1626 2592 i-leetnosyna,
1650 2549 1830 2595 compassio,

1010 2600 1183 2639 benignitas,
1199 2599 1326 2639 bonitas,
1342 2594 1723 2636 ﬁdes,‘continentia.l{inc
1733 2599 1832 2639 manat.

1010 2638 1146 2675 inimicos
1170 2644 1306 2684 diligere,
1333 2648 1361 2674 et
1377 2653 1428 2684 pro
1449 2642 1508 2673 illis
1522 2651 1618 2677 orare,
1637 2639 1766 2684 gaudere
1782 2638 1830 2668 iti-

1010 2689 1233 2725 tentationibus,
1261 2683 1382 2728 gloriari
1398 2688 1426 2718 in
1443 2685 1694 2722 tribulationibus,
1714 2683 1831 2714 alienos

1010 2735 1111 2775 lapsus
1127 2735 1236 2765 ducere
1257 2744 1337 2771 suos,
1353 2738 1382 2764 et
1395 2733 1507 2764 deﬂere
1524 2736 1661 2771 tanquam
1678 2729 1826 2770 proprios,

1165 2833 1197 2858 67
1219 2833 1284 2865 Act.
1302 2842 1331 2872 v,
1348 2833 1398 2866 41.
1441 2829 1542 2862 6815a.
1560 2837 1642 2867 LXVI,
1659 2829 1688 2864 2.
