1978 3078
242 185 303 220 403

893 187 1046 220 SYMEON
1049 185 1084 218 IS
1103 186 1280 221 JUNIORIS

1878 189 1940 221 404

241 258 298 293 tes,
316 264 411 296 eaque
426 254 630 287 custodientes
644 264 679 286 ac
694 254 851 294 facientes,
869 265 923 296 per
936 259 1069 297 apertam
1080 264 1101 284 Α
1112 265 1170 296 que
1184 255 1216 286 in
1231 255 1305 296 ipsis
1317 259 1362 287 est
1386 257 1509 296 gloriam
1531 257 1654 297 mystice
1677 257 1940 288 demonstrantem

241 308 353 338 arcam,
366 299 404 331 de
416 309 475 341 qua
491 299 582 331 locuti
599 309 714 337 sumus,
733 299 763 331 id
779 304 836 341 est,
852 310 906 341 per
915 301 1069 332 revelatio-

241 354 312 377 nem
326 344 559 384 intelligibilium
587 345 754 384 oculorum,
777 345 884 376 intuitu
912 346 943 377 in
970 345 1069 376 divina

242 389 560 431 Scripturalatentium
573 389 655 430 digni
676 389 836 427 habentur,
852 393 881 421 et
895 390 932 421 iis
946 390 1068 430 largiter

240 435 389 466 fruuntur.
405 433 510 466 Caeteri
521 434 621 475 omnia
636 444 701 475 qua),
722 434 832 476 scripta
847 439 916 466 sunt
931 435 1068 476 imperite

240 479 423 517 nescientes,
432 488 533 510 eorum
540 479 728 511 dulcedinem
738 479 824 510 vitam
836 484 977 510 aeternam
983 489 1067 511 com-

241 524 420 566 plectentem
447 534 505 555 non
534 527 735 564 gustaverunt,
762 524 818 556 soli
848 523 1066 565 Scripturarum

241 569 385 601 doctrinae
394 569 567 610 innitentes,
575 579 650 610 quos
660 569 725 610 ipsa
735 569 765 600 in
777 570 867 610 exitu,
882 571 1065 610 magisquam

242 624 293 646 eos
305 614 356 656 qui
369 614 490 645 omnino
501 623 560 645 non
574 614 744 652 audierunt,
758 615 938 654 judicatura,
952 619 981 645 et
992 624 1065 646 con-

242 659 419 691 demnatura
434 662 488 690 est.
505 659 547 690 Ex
562 659 609 690 his
622 660 700 690 enim
711 659 831 700 quidam
844 663 987 697 errantes,
1006 669 1066 690 om-

241 714 296 736 nes
312 704 426 735 divinas
454 703 622 744 Scripturas
638 708 819 745 pervertunt,
837 713 887 735 eas
902 705 1067 735 secundum

243 758 347 790 pravas
361 748 492 789 ipsorum
517 748 695 789 cupiditates
717 748 961 789 interpretantes,
983 758 1067 780 com-

244 793 387 825 mendare
401 793 533 824 volentes
549 793 686 835 seipsos;
714 793 798 834 quasi
822 793 963 825 nimirum
979 795 1067 824 etiam

243 838 309 870 sine
332 843 469 870 accurata
493 838 699 869 mandatorum
715 838 839 877 LChristi
863 837 1068 869 observatione

1109 300 1257 332 habuerit.
1276 303 1380 342 Neque
1391 302 1448 332 hoc
1459 302 1568 343 solum,
1580 302 1632 333 sed
1645 302 1732 333 etiam
1744 302 1774 332 in
1784 301 1830 332 his
1843 302 1941 332 laten~

1109 345 1160 383 tia,
1179 350 1207 376 et
1220 348 1334 378 aeterna
1349 347 1402 379 Dei
1417 346 1505 382 bona,
1523 356 1589 378 cum
1606 346 1670 387 ipsa
1685 347 1747 378 hazc
1763 346 1939 377 eﬂ‘undente

1107 390 1223 421 Deitate
1231 391 1426 423 revelantem:
1440 401 1504 432 quae
1515 392 1654 423 omnibus
1666 391 1937 431 contemptoribus,

1109 440 1138 466 et
1153 436 1419 476 negligentioribus
1443 441 1546 477 operta
1561 441 1592 468 et
1606 437 1731 468 obscura
1747 440 1817 468 sunt
1832 436 1936 467 omni-

1109 480 1217 512 modis.
1233 481 1293 512 Nec
1311 481 1430 521 injuria.
1447 482 1521 518 Quia
1536 482 1616 513 enim
1625 492 1732 514 sensus
1745 491 1816 513 suos
1829 490 1938 512 omnes

1108 526 1212 556 mundi
1239 526 1416 557 vanitatibus
1443 527 1615 564 afﬁxerunt,
1646 531 1674 558 et
1698 526 1938 567 jucunditatihus

1107 570 1184 611 vitae,
1195 580 1412 612 corporumque
1418 572 1639 611 pulchritudine
1645 571 1939 610 afficiuntur,animze

1108 615 1227 645 videndi
1239 616 1407 646 facultatem
1420 617 1878 657 caliginosamcircumferentes,
1892 616 1938 646 in-

1109 660 1319 691 enarrabilium
1331 661 1477 692 bonorum
1491 661 1661 702 elegantias,
1675 661 1711 693 ad
1732 671 1806 702 quas
1817 661 1938 692 intelli-

1109 705 1208 744 gentia
1224 709 1411 745 penetratur,
1427 706 1537 737 intueri
1551 711 1713 747 nequeunt.
1730 707 1768 738 Et
1782 705 1937 747 quomodo
1954 707 1955 712 ‘

1109 749 1156 780 cui
1172 749 1277 780 obtusa
1292 753 1337 780 est
1352 750 1431 781 acies
1456 751 1621 790 oculorum,
1648 761 1704 783 nec
1721 751 1825 782 leviter
1840 754 1940 791 potest

1110 794 1258 834 puriorem
1285 794 1355 825 solis
1380 795 1495 826 radium
1522 796 1666 836 aspicere,
1691 796 1743 827 sed
1759 796 1830 827 siin
1848 795 1955 826 illum‘

1109 839 1210 869 oculos
1234 839 1379 876 intendat,
1409 840 1507 871 statim
1532 851 1618 881 quem
1648 841 1750 872 habuit
1778 844 1936 881 aspectum

243 884 369 915 salutem
384 883 518 929 adepturi
534 883 604 921 sint,
619 883 757 929 virtut_em
773 887 941 929 sanctarum
957 883 1098 929 littera-B
1110 883 1196 923 plane
1210 883 1318 914 amittit
1334 894 1341 914 :
1359 884 1401 915 sic
1417 894 1524 926 nempe
1539 886 1589 926 qui
1609 886 1725 917 vitiatos
1749 885 1840 916 animi
1855 894 1934 915 ocu-

242 938 309 961 rum
325 928 456 960 funditus
480 928 672 968 abnegantes.
698 927 734 958 Et
761 927 879 960 merito.
909 927 1068 968 Obsignata

244 973 337 1012 enim,
356 977 385 1004 et
398 973 508 1014 clausa,
520 982 585 1014 quae
596 972 670 1004 nulli
680 972 848 1003 mortalium
866 982 921 1003 nec
936 973 997 1004 visa
1012 983 1068 1004 nec

243 1018 362 1058 cognita
372 1023 452 1056 sunt,
464 1027 482 1049 a
491 1018 554 1049 solo
573 1022 671 1050 autem
687 1021 788 1048 sancto
801 1017 911 1058 Spiritu
926 1022 1066 1056 reserata,

243 1067 273 1096 et
287 1063 328 1094 ita
342 1063 429 1094 nobis
456 1063 597 1099 revelata,
626 1061 761 1102 factaque
776 1061 972 1102 [spectabilia,
989 1067 1018 1093 et
1032 1063 1069 1093 ad

243 1108 484 1149 cognoscendum
501 1107 645 1149 exposita,
662 1107 813 1147 quomodo
844 1108 962 1138 tandem
979 1107 1068 1148 scire,

244 1157 294 1185 aut
304 1162 496 1193 cognoscere,
507 1156 556 1184 aut
567 1152 671 1183 saltem
686 1152 865 1192 aliquantem
881 1152 980 1183 animo
999 1161 1069 1192 per-

244 1201 372 1230 tractare
389 1201 540 1238 poterunt,
557 1197 608 1238 qui
631 1197 790 1228 adventum
816 1196 910 1227 sancti
929 1196 1069 1237 Spiritus,

245 1243 507 1283 illuminationem,
522 1241 762 1282 illustrationem,
779 1241 1024 1272 inhabitationem
1041 1242 1071 1272 in

245 1287 414 1329 semetipsis
438 1296 588 1328 nunquam
616 1295 648 1318 se
673 1286 845 1326 cognovisse
865 1286 992 1318 dicunt?
1008 1286 1071 1323 Quo

246 1337 330 1375 pacto
346 1333 415 1365 talia
439 1331 578 1374 mysteria
602 1336 808 1372 assequamur,
840 1331 891 1371 qui
921 1341 1071 1371 nunquam

247 1388 369 1420 prorsus
384 1388 450 1410 sesc
464 1378 501 1410 ab
522 1378 628 1410 eodem
654 1377 759 1418 spiritu
783 1377 892 1409 iterum
916 1377 1069 1415 conﬂatos,

246 1428 416 1461 renovatos,
432 1423 616 1461 immutatos,
632 1425 824 1461 regeneratos
851 1421 1071 1453 animadverte-

245 1468 340 1500 runt?
356 1468 440 1506 Quod
455 1468 480 1498 si
494 1467 627 1499 nondum
641 1467 672 1497 in
689 1466 801 1507 Spiritu
816 1471 918 1497 sancto
934 1466 1071 1507 baptizati

247 1517 328 1554 sunt,
343 1512 580 1544 immutationem
596 1511 627 1542 in
645 1520 680 1542 eo
696 1511 906 1551 baptizatorum
922 1512 1070 1551 quomodo

1109 931 1165 968 los,
1182 932 1211 958 et
1226 937 1331 959 sensus
1350 929 1431 969 ipsos
1447 930 1626 962 motionibus
1642 930 1820 961 turbulentis
1836 929 1936 960 obno-

1108 973 1172 1003 xios
1186 972 1287 1010 habet,
1304 973 1370 1004 sine
1394 975 1606 1014 commotione,
1631 976 1764 1016 citraque
1791 975 1937 1006 damnum

1108 1021 1292 1048 venustatem
1302 1017 1536 1059 elegantiamque
1552 1029 1707 1060 corporum
1725 1018 1863 1050 contueri
1880 1027 1937 1048 ne-

1110 1061 1195 1102 quit?
1210 1061 1262 1092 sed
1278 1065 1307 1092 et
1321 1072 1408 1103 quam
1424 1068 1492 1094 ante
1517 1063 1547 1094 id
1578 1067 1697 1105 tempus
1719 1063 1937 1103 cogitationum

1111 1115 1225 1146 pacem,
1253 1110 1281 1137 et
1303 1117 1319 1137 a
1336 1108 1432 1148 pravis
1456 1109 1665 1149 cupiditatibus
1689 1109 1935 1149 tranquillitatem

1111 1150 1273 1188 obtinebat,
1290 1152 1366 1182 hanc
1381 1153 1474 1193 ipsam
1491 1154 1520 1184 in
1545 1154 1735 1185 meditatione
1750 1155 1874 1185 allectus
1889 1153 1937 1183 sui

1112 1204 1299 1226 commorans
1315 1197 1431 1229 amittit.
1463 1198 1592 1230 Proinde
1621 1209 1675 1230 nec
1697 1199 1938 1230 imbecillitatem

1111 1249 1194 1270 suam
1210 1240 1276 1271 talis
1289 1241 1349 1272 ullo
1366 1243 1452 1273 modo
1476 1253 1653 1284 pernoscere
1680 1248 1784 1284 potest.
1804 1243 1835 1275 Si
1852 1243 1937 1274 enim

1113 1294 1145 1315 se
1156 1289 1248 1316 totum
1259 1292 1401 1326 :egrotare
1413 1288 1471 1319 sibi
1488 1289 1692 1328 persuasisset,
1706 1289 1780 1320 alios
1792 1288 1938 1329 quosdam

1113 1329 1189 1374 bene
1205 1330 1302 1361 valere
1317 1332 1502 1371 credidisset,
1529 1337 1558 1364 et
1583 1333 1703 1364 forsitan
1728 1333 1887 1374 aliquando
1903 1342 1939 1363 se

1111 1373 1390 1414 ipsumincusasset,
1403 1377 1620 1417 sequesibimet
1630 1388 1748 1409 causam
1761 1373 1856 1408 morbi
1869 1386 1938 1408 esse

1113 1418 1248 1457 dixisset,
1266 1424 1296 1450 et
1309 1430 1375 1461 quae
1389 1421 1425 1451 ad
1447 1422 1602 1453 sanitatem
1617 1422 1851 1462 recuperandam
1866 1422 1937 1452 atti-
1953 1440 1955 1442 -

1113 1466 1228 1500 nerent,
1239 1464 1338 1495 animo
1346 1469 1522 1505 reputasset.
1533 1466 1617 1497 Nunc
1628 1466 1836 1506 hujuscemodi
1847 1466 1938 1496 homo

1112 1516 1216 1538 omnes
1231 1508 1377 1540 arbitrans
1389 1511 1575 1550 passionibus
1589 1511 1717 1548 deditos,
1735 1521 1768 1542 se
1784 1511 1840 1542 illis
1856 1519 1938 1540 exae-

247 1553 326 1590 scire
335 1560 481 1599 possunt?
495 1556 551 1593 Qui
562 1557 659 1587 denuo
676 1556 737 1586 nati
748 1565 807 1587 non
823 1560 892 1586 sunt
903 1555 1001 1588 denuo
1015 1565 1071 1587 na-
1082 1557 1101 1582 C
1114 1556 1196 1599 quat,
1213 1556 1286 1599 etut
1301 1553 1364 1599 ipse
1378 1555 1460 1585 solus
1474 1556 1512 1586 sit
1532 1556 1669 1594 invictus,
1686 1560 1714 1587 et
1729 1556 1866 1587 omnibus
1881 1565 1937 1585 su-
1952 1582 1955 1585 .

248 1607 348 1635 torum
366 1603 410 1643 (ut
424 1603 463 1634 ait
476 1601 636 1642 Dominus)
658 1610 694 1633 ex
709 1602 782 1639 Deo,
800 1600 931 1641 inquam,
949 1605 978 1632 et
1000 1602 1076 1632 inter

249 1648 328 1680 ﬁlios
342 1647 396 1680 Dei
413 1647 613 1688 ascriptorum
627 1645 752 1687 gloriam
767 1645 916 1686 quomodo
932 1646 1074 1679 videant?

248 1694 304 1731 Qui
318 1693 376 1724 hoc
389 1692 446 1724 sibi
460 1691 634 1730 contingere
662 1691 834 1728 noluerunt,
851 1691 903 1721 sed
918 1691 994 1722 hanc
1008 1692 1073 1732 glo-

247 1739 324 1771 riam
340 1737 510 1778 neglectum
522 1737 649 1775 iverunt,
660 1738 699 1773 (et
707 1735 786 1766 enim
800 1739 976 1776 potestatem
992 1746 1076 1768 acce-

247 1787 364 1825 perant,
380 1786 412 1813 ut
425 1782 499 1814 tales
512 1781 628 1822 tierent)
646 1781 695 1812 dic
711 1780 795 1818 mihi,
812 1780 892 1821 quali
909 1782 1078 1821 cognitione

247 1827 432 1869 perspicere,
448 1830 499 1858 aut
514 1825 629 1864 fsaltem
653 1835 771 1866 quoquo
794 1825 882 1856 modo
898 1826 1078 1866 cogitatione

247 1873 408 1904 informare
423 1875 572 1912 poterunt,
589 1870 690 1911 quales
704 1869 748 1900 illi
763 1870 902 1910 appellati
915 1876 984 1902 sunt
998 1872 1010 1902 ἰν

288 1918 417 1958 Spiritus
432 1921 477 1949 est
491 1916 580 1955 Deus,
598 1917 648 1957 qui
663 1915 718 1946 sub
740 1919 894 1956 aspectum
909 1926 968 1947 non
982 1917 1076 1954 venit,

249 1962 438 2000 immortalis,
456 1962 637 1999 inaccessus,
654 1960 923 2001 incomprehensus
937 1972 944 1997 ;
959 1965 989 1992 et
1005 1962 1079 1993 tales

249 2009 350 2046 efﬁcit,
365 2017 402 2040 ex
415 2017 448 2039 se
463 2011 559 2045 natos,
575 2006 690 2038 similes
706 2006 780 2046 patri
796 2016 862 2044 suo,
879 2016 896 2038 a
910 2017 968 2048 quo
984 2005 1077 2048 geniti

1117 1597 1228 1636 perior,
1244 1598 1309 1629 fieri
1319 1599 1486 1640 neutiquam
1505 1611 1590 1641 posse
1604 1605 1745 1632 autumat.
1763 1601 1837 1637 Quid
1854 1601 1909 1631 hoc
1921 1604 1936 1632 ?

1117 1645 1148 1672 ut
1164 1651 1221 1673 una
1235 1652 1301 1673 cum
1317 1643 1451 1684 improbo
1478 1647 1583 1677 affectu
1609 1657 1661 1678 suo
1678 1647 1826 1677 moriatur;
1834 1645 1939 1681 miser,

1116 1686 1152 1717 ab
1169 1687 1225 1717 hoc
1240 1688 1317 1719 malo
1333 1688 1453 1720 liberari
1476 1691 1637 1730 refugiens.
1651 1691 1686 1722 Si
1700 1691 1779 1722 enim
1795 1690 1938 1721 voluisset

1120 1731 1250 1770 liberari,
1268 1733 1421 1772 potuisset,
1438 1738 1538 1775 utpote
1560 1736 1610 1777 qui
1635 1746 1652 1767 a
1675 1738 1736 1767 Deo
1763 1739 1940 1776 potestatem

1119 1781 1283 1817 acceperat.
1300 1777 1475 1819 Quicunque
1490 1780 1570 1812 enim
1587 1781 1618 1811 in
1633 1781 1754 1811 nomine
1768 1781 1832 1820 ejus
1848 1779 1942 1820 bapti-

1118 1830 1183 1852 smo
1198 1822 1291 1853 abluti
1306 1833 1418 1861 sumus,
1449 1826 1626 1866 praeteritam
1641 1825 1854 1865 ignobilitatem
1869 1834 1940 1855 cor-

1117 1867 1274 1907 ruptionis,
1291 1872 1322 1898 ut
1338 1869 1543 1900 vestimentum
1559 1875 1640 1902 vetus
1653 1870 1791 1906 exuendi,
1809 1874 1837 1901 et
1851 1869 1938 1900 Chri-

1120 1915 1197 1942 stum
1213 1913 1456 1952 superinduendi,
1475 1924 1509 1945 ac
1525 1915 1600 1946 filios
1624 1915 1678 1946 Dei
1702 1925 1756 1946 nos
1770 1914 1940 1955 appellandi

1120 1959 1323 1989 auctoritatem
1338 1958 1374 1988 ab
1391 1968 1425 1989 eo
1441 1960 1591 1991 consecuti
1603 1970 1715 1992 sumus.
1729 1959 1836 1990 Verum
1849 1960 1938 1997 absit,

1119 2001 1236 2040 fratres,
1247 2007 1278 2033 ut
1292 2003 1332 2034 ita
1347 2004 1469 2042 affectis,
1485 2010 1513 2036 et
1529 2006 1597 2036 talia
1611 2005 1795 2046 sapientibus
1803 2005 1940 2045 captivis,

249 2057 329 2092 sunt,
339 2061 465 2094 corpore
476 2052 539 2083 solo
552 2050 851 2091 comprehensibiles,
863 2056 891 2082 et
902 2047 1070 2093 aspectabi-
1120 2055 1154 2077 ac
1172 2047 1298 2094 l9rff3nis
1322 2048 1436 2080 Similes
1463 2051 1634 2082 evadamus.
1657 2051 1813 2089 Contingat
1838 2055 1939 2081 autem

249 2099 305 2138 les,
317 2091 423 2130 caetera
438 2097 493 2129 soli
503 2096 564 2128 Deo
586 2097 730 2136 cognitos,
752 2100 781 2127 et
795 2097 891 2127 solum
908 2091 1003 2129 Deum
1019 2108 1072 2129 co-
1113 2091 1197 2130 58qu
1210 2091 1371 2130 Chrismm»
1387 2094 1437 2134 (ιιιί
1458 2100 1559 2126 ηοείτᾶ
1574 2105 1661 2127 causa
1685 2100 1818 2126 mOFluus
1834 2099 1891 2129 θδιι
1912 2100 1942 2126 el

248 2146 438 2183 gnoscentes,
450 2141 495 2172 vel
509 2141 607 2182 potius
617 2140 915 2180 asoloDeocognosci
927 2143 1071 2182 volentes,
1113 2137 1329 2183 reSUl‘PeXiltel
1343 2148 1397 2169 nos
1410 2148 1510 2170 secum
1526 2140 1556 2170 in
1572 2140 1679 2171 coelum
1697 2140 1841 2176 exaltavit,
1855 2140 1939 2180 ejus-

250 2182 287 2220 ad
303 2197 392 2229 quem
408 2191 437 2218 et
451 2195 572 2227 semper
579 2186 742 2226 respicere,
760 2185 837 2216 etab
852 2194 887 2218 eo
902 2188 1011 2228 respici
1021 2188 1073 2219 de-
1084 2201 1106 2226 ι)
1116 2191 1174 2222 que
1185 2182 1320 2229 γεειὶεξὶξ
1333 2193 1452 2224 semper
1463 2184 1611 2225 insistere,
1632 2185 1762 2225 purgatis
1780 2194 1831 2225 per
1840 2186 1940 2224 poeni-

250 2227 393 2264 siderant.
410 2231 557 2263 Praeterea
570 2230 657 2262 sicuti
673 2234 810 2270 expertes
824 2231 1001 2270 litterarum,
1018 2243 1074 2274 pe-
1116 2227 1238 2274 tentiam
1252 2236 1271 2274 a
1283 2227 1350 2259 labe
1366 2230 1490 2268 peccati,
1521 2239 1555 2261 ac
1585 2231 1787 2269 superindutis
1810 2230 1942 2261 lucidam

250 2277 338 2310 rinde
352 2280 384 2308 ut
397 2285 498 2308 earum
515 2276 600 2315 gnari
620 2275 712 2306 libros
727 2275 827 2314 legere
841 2281 993 2317 nequeunt
1010 2271 1043 2309 ξε

1151 2271 1248 2302 nicam
1263 2272 1495 2314 incorruptionis
1517 2274 1649 2314 spiritus,
1680 2274 1710 2305 in
1738 2274 1802 2314 ipso
1824 2274 1942 2306 Christo

250 2332 349 2364 neque
377 2322 428 2363 qui
453 2322 539 2353 factis
567 2330 621 2362 per
646 2320 754 2352 Christi
768 2315 904 2352 mandata
926 2322 1043 2354 ambula

1151 2325 1180 2346 eo
1195 2320 1307 2364 nostro,
1325 2317 1371 2348 cui
1387 2318 1492 2358 gloria,
1507 2324 1535 2350 et
1545 2319 1703 2359 imperium
1720 2329 1786 2350 cum
1800 2318 1902 2356 Patre,
1916 2325 1944 2350 et

253 2361 426 2410 nol—uerum,
442 2376 537 2408 aeque,
555 2361 589 2397 ut
604 2366 653 2406 qui
678 2365 751 2405 ipsis
767 2365 968 2405 invigilarum,
985 2377 1080 2410 eaque
1120 2365 1221 2410 sancto
1233 2361 1343 2402 Spiritu
1359 2373 1437 2410 nunc
1459 2367 1487 2394 et
1499 2373 1627 2404 semper,
1643 2370 1671 2395 et
1686 2364 1831 2404 inpmnes
1845 2373 1943 2396 saecu-

250 2409 460 2455 impleverunt,
477 2405 506 2444 et
520 2421 573 2453 pro
596 2405 633 2441 iis
650 2410 825 2450 sanguinem
841 2421 925 2443 suum
942 2405 1082 2453 profude-
1124 2405 1221 2437 Ῑοΐυω
1229 2411 1339 2439 ἱειδιεεο
1352 2408 1458 2440 Amen.

253 2465 336 2498 runt,
350 2458 448 2490 sancti
454 2457 580 2498 SpiritUs
588 2455 780 2497 revelatione,
789 2457 913 2488 sicutilli
924 2458 1082 2500 aliquando

252 2505 465 2546 dignabuntur.
478 2502 552 2534 Nam
566 2506 598 2533 ut
608 2502 697 2533 homo
710 2505 831 2542 accepto
843 2501 921 2533 libro
933 2503 1044 2542 clauso,
1053 2510 1082 2538 et

254 2551 381 2592 signato,
398 2549 430 2580 in
445 2558 480 2580 eo
507 2547 619 2588 scripta
648 2546 750 2578 videre
772 2548 947 2592 authqualia
971 2551 1081 2591 scripta

1424 2455 1564 2489 ORATIO
1581 2457 1642 2489 XX.

1421 2497 1636 2529 Anoumsnruu.

1122 2535 1168 2567 De
1174 2545 1209 2567 ea
1216 2545 1283 2576 qua:
1289 2537 1474 2569 certantibus
1479 2538 1616 2577 ﬁdelibus
1622 2537 1762 2577 eSpiritu
1770 2537 1946 2568 incsteliam

1163 2581 1235 2608 ante
1247 2581 1370 2609 mortem
1384 2578 1503 2618 vivi/ica
1515 2588 1606 2614 mors,
1620 2581 1683 2609 sive
1692 2577 1884 2618 mortiﬁcatio
1899 2586 1906 2608 ;
1919 2582 1947 2608 et

1184 2617 1217 2648 ni
1234 2619 1267 2649 in
1280 2619 1384 2658 gratia
1400 2617 1493 2658 supra
1505 2620 1599 2658 legem
1614 2620 1678 2657 jam
1692 2622 1774 2654 sum,
1784 2626 1833 2648 eos
1848 2617 1948 2658 divini

1175 2657 1289 2699 uminis
1302 2657 1485 2698 gratiamin
1500 2657 1603 2699 seipsis
1623 2660 1771 2698 accipere.
1793 2657 1879 2699 Quod
1894 2659 1949 2697 qui

1162 2698 1196 2729 in
1202 2698 1257 2730 hac
1266 2697 1328 2730 vita
1336 2699 1442 2739 adepti
1449 2697 1582 2730 nondum
1590 2701 1672 2738 sunt,
1684 2697 1782 2738 neque
1789 2698 1820 2728 id
1832 2697 1948 2737 liquido

1165 2742 1302 2776 cernunt,
1312 2748 1362 2770 eos
1376 2739 1476 2770 adhuc
1495 2739 1549 2770 sub
1569 2739 1677 2771 umbra
1692 2739 1767 2777 tegis
1782 2746 1853 2775 esse,
1871 2741 1897 2769 et
1912 2739 1948 2770 ab

1166 2788 1202 2810 ea
1211 2779 1386 2819 judicatum
1396 2780 1448 2810 iri.
1468 2779 1723 2817 Quemadmodum
1735 2778 1839 2818 ﬁdeles
1849 2777 1950 2817 Spiri—

1167 2823 1228 2851 tum
1239 2823 1389 2857 sanctum,
1399 2821 1645 2853 sanctimoniam.
1664 2819 1947 2860 perturbationum-

1165 2868 1222 2900 que
1233 2862 1419 2892 vacuitatem
1433 2860 1665 2892 nanciseantur.

1164 2906 1359 2939 Scrutamini
1370 2906 1557 2948 Scriptura,
1569 2906 1666 2949 inquit
1673 2906 1856 2938 Dominusac
1868 2907 1948 2940 Deus

252 2590 324 2633 sint,
336 2593 465 2634 cogitare
476 2593 546 2632 non:
563 2595 669 2633 potest,
687 2591 817 2631 quandiu
832 2590 908 2624 liber
923 2590 1041 2625 clausus
1054 2596 1084 2626 et

253 2639 451 2681 signatusjest,
465 2636 654 2679 quantumvis
664 2635 832 2667 universam
849 2638 953 2669 mundi
965 2639 1083 2680 sapien-

253 2686 326 2718 tiam
340 2683 498 2716 didicerit:
516 2682 560 2714 sic
584 2690 683 2722 neque
697 2681 748 2722 qui
769 2690 882 2713 sacram
898 2683 1082 2724 Scripturam

253 2735 346 2763 totam
358 2729 390 2761 in
405 2737 458 2760 ore
480 2727 580 2765 habet,
603 2730 635 2758 ut
659 2726 843 2765 dicebamus,
870 2728 1034 2768 mysticam,
1051 2733 1080 2761 et

254 2775 386 2808 divinam
400 2773 540 2814 gloriam,
555 2771 758 2812 virtutemque
781 2771 812 2802 in
827 2771 901 2811 ipsis
917 2777 1085 2805 contectam

254 2826 355 2861 nosee,
370 2823 400 2850 et
412 2817 584 2859 perspicere
597 2816 755 2858 aliquando
777 2816 896 2857 poterit,
913 2817 971 2848 nisi
986 2818 1086 2850 omnia

254 2866 311 2900 Dei
325 2865 475 2904 mandata,
492 2872 528 2895 ea
549 2861 694 2894 servando
715 2862 802 2903 quasi
826 2863 1039 2905 peragraverit,
1055 2868 1086 2897 et

255 2910 440 2946 Paracletum
456 2916 545 2942 sensa
552 2907 609 2947 illi,
617 2910 650 2940 ut
660 2906 770 2940 librum
784 2907 982 2949 aperientem,
997 2917 1081 2950 quae-
