1978 3078
48 157 118 191 405

794 155 935 189 ORATIO
956 156 1011 187 XX

1688 155 1748 189 406

38 229 155 256 noster
170 225 258 257 Jesus
272 225 447 257 Christus”
459 249 467 262 ,
484 229 516 256 ut
544 229 612 256 ante
637 225 736 256 omnia
763 224 1052 256 scilicetAmentum
1064 222 1170 254 vivetis
1186 231 1193 254 :
1214 222 1270 255 Ubi
1297 223 1379 254 enim
1403 223 1533 263 spiritus
1549 221 1676 254 Domini
1691 226 1747 262 est,

37 270 123 300 viam
142 270 248 300 salutis
262 269 434 302 doceamur.
450 270 564 301 Deinde
580 270 668 301 etiam
684 269 715 301 in
730 268 878 301 mandatis

38 315 111 355 ejus
130 315 207 346 citra
233 314 459 346 conversionem
486 319 604 355 peracta
629 314 688 355 via,
718 314 755 346 ad
783 314 877 355 ipsam

37 359 218 390 animarum
238 364 405 391 nostrarum
427 359 550 390 salutem
574 359 790 400 perveniamus.
809 359 879 396 Qua

39 406 93 434 est
109 403 204 444 igitur
214 404 292 435 salus
310 404 435 436 nostra?
449 405 534 436 Jesus
543 404 690 442 Christus,
711 404 741 435 id
755 404 835 445 quod
851 408 880 435 et

41 449 176 488 angelus
187 448 356 489 pastoribus
368 453 465 480 astans
481 449 660 490 praedicabat
672 458 678 480 :
695 449 775 480 Ecce
785 458 878 480 evan-

39 494 150 533 gelizo
162 493 247 524 vobis
254 494 399 534 gaudium
412 503 564 533 magnum,
577 494 658 534 quod
665 495 722 526 erit
732 494 816 525 omni
829 502 881 534 po-

37 538 131 577 pulo,
146 539 221 578 quia
232 542 327 569 natus
339 541 394 575 est,
409 539 492 569 vobis
507 538 593 570 hodie
604 538 756 576 Salvator,
769 539 824 578 qui
837 540 880 570 est

39 582 191 613 Christus
200 582 360 623 Dominus,
368 582 666 614 incivitateDavid”
673 607 680 614 .
694 582 880 614 Festinamus

41 626 142 666 igitur
156 627 372 668 unusquisque,
403 627 523 668 dilecti;
551 637 704 658 curramus
727 631 878 665 contente,

40 671 120 701 nihil
136 671 250 708 oneris,
263 675 316 702 aut
329 671 364 702 ad
378 672 467 702 vitam
479 672 556 702 hanc
565 671 728 712 pertinens,
743 675 793 702 aut
808 679 880 711 por-

43 718 111 746 tatu
125 725 215 755 grave
231 715 386 747 nobiscum
410 720 579 756 gestantes;
595 725 633 748 ne
648 715 685 746 ob
702 716 757 747 hoc
771 715 881 747 lentius

46 760 149 791 coacti
167 760 319 798 incedere,
339 761 484 792 civitatem
504 760 594 793 David
610 761 768 801 attingere,
789 764 880 800 atque

43 804 172 844 ingredi
188 813 246 836 non
263 805 421 845 possimus.
438 804 568 837 Obsecro
593 815 658 843 vos,
682 814 736 845 per
751 813 880 845 operan-

918 266 1024 307 inquit,
1038 267 1081 298 ibi
1093 266 1280 308 libertasm,
1304 266 1426 298 libertas
1441 275 1476 298 ex
1491 265 1679 307 subjectione
1692 266 1746 298 sub

919 310 1016 351 legem
1031 320 1085 352 per
1100 310 1210 342 omnia.
1224 312 1286 343 Lex
1297 311 1408 352 quippe
1421 310 1480 342 dux
1488 310 1551 349 via),
1567 314 1597 342 et
1613 311 1748 352 paedago-

919 365 983 396 gus,
1004 359 1032 386 et
1043 355 1259 397 manuductrix,
1274 359 1304 387 et
1320 355 1459 396 magistra
1473 354 1597 396 justitiae
1609 359 1665 396 est,
1677 355 1748 387 dum

920 400 1003 437 dicit,
1016 400 1071 431 hoc
1086 404 1116 431 et
1142 400 1199 431 hoc
1222 399 1324 431 facies.
1341 399 1444 432 Gratia
1466 404 1565 431 autem
1586 404 1616 432 et
1638 400 1748 432 veritas

921 453 980 474 non
995 444 1052 474 ita:
1070 443 1122 475 sed
1133 444 1285 485 quamodo
1295 444 1310 475 ?
1325 448 1355 475 et
1365 443 1456 475 facies
1470 444 1583 486 omnia,
1596 448 1626 476 et
1639 444 1747 486 loque-

920 488 962 519 ris
974 488 1137 519 secundum
1155 489 1253 519 datam
1275 487 1339 527 tibi,
1356 492 1387 520 et
1400 488 1572 530 loquentem
1588 489 1618 520 in
1630 493 1660 521 te
1675 498 1744 530 gra-

921 533 1002 570 tiam,
1018 533 1096 564 sicut
1104 533 1249 574 scriptum
1260 536 1323 565 est:
1339 533 1380 565 Et
1391 537 1481 566 erunt
1495 542 1596 566 omnes
1606 534 1749 567 docibiles

920 579 1011 610 Dei?)1
1026 588 1034 616 ;
1051 588 1111 609 non
1126 586 1181 619 per
1209 578 1377 610 litterarum
1403 582 1499 615 notas,
1525 582 1555 610 et
1569 579 1654 620 signa
1667 579 1747 621 quod

920 622 1032 654 bonum
1060 626 1105 654 est
1133 622 1294 662 discentes,
1325 622 1377 654 sed
1403 622 1434 653 in
1461 622 1573 664 Spiritu
1601 628 1702 655 sancto
1716 623 1747 655 id

920 667 1018 699 edocti
1035 679 1041 697 :
1060 676 1116 699 nec
1126 667 1157 698 in
1172 667 1261 699 verbo
1273 667 1348 706 solo,
1364 667 1416 698 sed
1428 667 1459 698 in
1475 667 1588 699 lumine
1602 667 1693 700 Verbi
1705 668 1747 700 lu-

921 711 1149 752 minis‘mystice
1165 711 1273 743 divinis
1302 711 1425 743 initiati.
1451 713 1538 743 Tunc
1562 712 1643 744 enim
1664 712 1748 744 vobis

920 756 1004 796 ipsis,
1018 757 1123 797 inquit,
1139 760 1168 788 et
1183 756 1325 797 proximis
1346 755 1484 788 doctores
1495 756 1590 794 eritis,
1605 766 1702 799 neque
1716 757 1748 789 id

920 803 1028 840 solum,
1047 801 1099 833 sed
1117 805 1145 833 et
1171 802 1220 833 lux
1246 801 1390 833 mundi”
1403 826 1411 840 ,
1436 805 1466 833 et
1480 801 1685 836 saltemve-33.
1701 802 1750 835 Illi

41 852 120 894 tem,
133 848 164 879 in
179 849 268 894 nobis
277 851 413 889 gratiam,
430 858 468 881 ne
485 850 609 881 salutem
626 854 756 880 nostram
771 849 803 879 in
819 849 874 879 mit
889 868 909 894 Β
920 856 990 894 ergo
1019 852 1087 894 ante
1116 847 1239 894 gratiam
1263 847 1344 894 velut
1373 848 1427 880 sub
1451 847 1519 888 lege
1535 852 1633 888 erant,
1646 852 1680 894 et
1693 848 1748 881 sub

43 893 140 924 nimis
169 893 312 924 ducamus

43 938 240 979 arrogantiae,
255 939 456 980 socordiaeque
473 938 682 979 expergefacti,
699 947 737 969 ne
752 942 875 976 stemus,

43 991 104 1012 nec
120 982 292 1020 sedeamus,
317 983 413 1014 donec
438 990 519 1014 extra
546 984 626 1014 hunc
655 982 798 1013 mundum
816 986 876 1013 toto

43 1026 148 1057 animo
161 1027 514 1068 simus,Salvatoremque
525 1037 558 1058 ac
570 1027 730 1058 Dominum
742 1030 875 1058 nostrum

44 1071 215 1109 inventum,
230 1077 261 1104 et
275 1077 466 1113 c0nspectum
486 1073 547 1104 illic
561 1073 749 1113 procidentes
764 1072 872 1103 adore-

46 1125 128 1148 mus.
144 1116 180 1147 Et
195 1126 291 1158 neque
308 1123 370 1148 tum
387 1123 510 1158 stemus,
529 1118 581 1150 sed
603 1118 699 1149 donec
723 1117 772 1148 ille
787 1117 876 1148 nobis

45 1160 128 1192 dicat
142 1172 148 1192 :
168 1161 224 1193 Vos
235 1171 297 1193 non
318 1164 389 1194 estis
405 1163 440 1194 de
459 1164 514 1194 hoc
528 1164 653 1203 mundo,
669 1163 720 1194 sed
734 1171 787 1202 ego
801 1161 878 1202 elegi

45 1214 100 1237 vos
112 1207 150 1238 dc
161 1208 273 1238 mundo
283 1207 333 1238 ΞΤ.
351 1207 476 1244 Quinam
490 1212 588 1239 autem
600 1207 707 1248 aliquis
719 1217 753 1238 eo
769 1216 877 1248 perve-

46 1251 121 1289 niat,
136 1255 167 1282 ut
182 1262 241 1283 non
256 1252 294 1283 sit
310 1253 346 1283 de
362 1254 416 1284 hoc
432 1252 565 1284 mundo?
581 1253 605 1284 si
619 1253 749 1293 seipsum
767 1252 877 1283 mundo

47 1297 235 1328 cruciﬁxerit
249 1302 277 1328 et
293 1298 435 1329 mundum
462 1298 492 1329 in
508 1297 621 1338 seipso,
644 1301 677 1328 ut
693 1297 798 1328 Paulus
812 1297 852 1328 ait
868 1302 875 1322 ε

47 1341 125 1372 Mihi
139 1342 272 1374 mundus
286 1343 453 1383 crucifixus
473 1347 526 1379 est,
544 1347 572 1374 et
586 1351 639 1383 ego
655 1342 825 1374 mundo‘s.
842 1342 878 1373 Et

48 1387 199 1426 quomodo
216 1387 278 1418 haec
294 1387 385 1418 verba
401 1397 467 1419 cum
483 1388 540 1418 illis
549 1387 762 1418 consentiunt?
778 1387 878 1418 Verba

47 1431 184 1471 quidem,
206 1431 314 1472 inquit,
331 1433 386 1463 alia
401 1436 481 1470 sunt,
510 1433 553 1463 vis
568 1432 724 1464 amborum
749 1441 808 1463 una
824 1441 877 1464 ea-

342 905 348 924 :
379 894 431 925 sed
461 894 540 925 velut
565 903 581 924 a
603 903 707 925 somno
733 891 906 933 perversae—
920 892 1025 924 umbra
1040 893 1106 933 ejus
1120 892 1274 924 sedebant.
1291 891 1350 924 Nos
1366 896 1463 924 autem
1488 896 1555 934 post
1578 893 1702 934 gratiam
1717 897 1750 925 ut

917 937 947 968 in
964 938 1089 975 lumine,
1106 941 1136 968 et
1150 937 1200 969 die
1217 937 1380 976 constituti,
1401 938 1437 969 ab
1450 938 1558 970 umbra
1572 947 1627 970 seu
1651 938 1748 970 servi-

917 983 1072 1022 tuteglegis
1088 982 1206 1014 liberati
1221 991 1335 1020 sumus,
1365 982 1535 1024 superiores
1558 983 1676 1015 scilicet
1698 983 1750 1015 illa

917 1027 996 1069 iacti,
1013 1027 1096 1068 quasi
1111 1036 1165 1068 per
1178 1026 1286 1067 gradus
1302 1027 1446 1068 quosdam
1476 1027 1543 1059 vitae
1566 1028 1747 1069 evangelica:

917 1067 949 1102 in
966 1067 1153 1103 altitudinem
1168 1071 1288 1110 sublati,
1305 1067 1336 1103 et
1358 1081 1426 1103 cum
1450 1071 1621 1111 legislatore
1645 1067 1746 1105 viven-

920 1120 975 1153 tes,
992 1116 1036 1148 vel
1052 1116 1151 1157 potius
1166 1116 1329 1158 etiamlipsi
1352 1116 1549 1158 legislatures,
1570 1122 1623 1150 aut
1647 1117 1746 1159 legum

919 1161 1070 1193 custodes.

961 1206 1036 1238 Num
1051 1206 1140 1247 igitur
1151 1210 1208 1245 est,
1239 1207 1289 1248 qui
1311 1206 1402 1238 habet
1429 1215 1517 1238 aures
1543 1206 1700 1245 audiendi,
1716 1211 1749 1239 ut

918 1261 1022 1283 eorum
1037 1261 1103 1292 quae
1117 1261 1134 1282 a
1147 1251 1260 1293 Spiritu
1277 1251 1420 1283 dicuntur
1431 1251 1489 1283 vim
1497 1251 1650 1283 auditione
1658 1255 1748 1294 queat

919 1296 1098 1337 percipere?
1112 1296 1187 1327 Num
1204 1296 1292 1328 etiam
1302 1300 1357 1331 est,
1371 1296 1421 1337 qui
1432 1305 1554 1327 sensum
1563 1296 1674 1328 Christi
1688 1297 1745 1328 ha-

919 1341 998 1379 beat,
1015 1346 1047 1372 ut
1061 1341 1154 1382 probe
1169 1345 1198 1373 et
1210 1343 1272 1373 Deo
1287 1340 1501 1373 convenienter
1516 1340 1665 1381 intelligat
1678 1350 1745 1382 quas

918 1386 954 1417 ab
964 1395 998 1417 eo
1010 1386 1120 1428 scripta
1132 1385 1296 1418 sunt?Num
1307 1385 1397 1417 etiam
1408 1385 1576 1416 invenietur
1584 1385 1743 1427 quispiam,

918 1431 1069 1462 Christum
1086 1431 1116 1462 iu
1129 1440 1161 1462 se
1175 1431 1240 1472 ipso
1264 1431 1437 1472 loquentem
1459 1429 1584 1468 habens,
1611 1433 1644 1461 ut
1666 1429 1745 1462 bene

48 1475 189 1516 demque.
206 1476 462 1513 Quemadmodum
490 1477 568 1508 enim
592 1477 642 1517 qui
659 1480 740 1507 extra
755 1477 875 1508 domum
886 1492 907 1519 ο
920 1477 1012 1518 possit
1026 1476 1136 1518 eloqui,
1152 1486 1217 1518 quae
1231 1476 1330 1508 verbis
1357 1476 1495 1516 leguntur
1510 1475 1673 1517 mysteria?
1687 1475 1743 1508 Sa-

49 1525 104 1555 est,
123 1521 204 1552 intus
219 1521 375 1552 conclusos
392 1531 450 1552 non
467 1522 564 1560 videt;
592 1521 634 1553 sic
651 1521 761 1552 mundo
777 1521 876 1553 cruci-
916 1523 1064 1563 pientiam
1078 1522 1159 1553 enim
1174 1521 1339 1562 loquimur,
1361 1521 1469 1563 inquit,
1485 1529 1548 1552 non
1562 1520 1666 1552 saeculi
1682 1520 1742 1552 hu-

49 1564 136 1604 ﬁxus,
156 1570 205 1596 aut
220 1567 425 1603 mortiﬁcatus,
445 1576 545 1598 rerum
572 1566 788 1597 mundanarum
804 1575 876 1597 sen-

49 1618 115 1640 sum
128 1611 240 1642 nullum
254 1611 354 1643 habet.
366 1611 492 1642 Rursum
508 1611 594 1642 sicuti
609 1620 718 1651 corpus
729 1615 876 1642 mortuum

50 1663 105 1685 nec
119 1655 193 1695 viva,
206 1665 261 1687 nec
270 1666 371 1687 secum
385 1657 514 1697 jacentia
527 1665 651 1696 corpora
661 1659 776 1686 mortua
787 1656 876 1688 sentit

50 1708 168 1739 quoquo
185 1700 272 1731 modo
290 1712 297 1732 :
315 1701 358 1732 sic
374 1711 429 1732 nec
445 1701 495 1742 qui
511 1705 593 1731 extra
608 1699 751 1730 mundum
766 1700 795 1730 in
813 1702 876 1741 spi-

48 1743 106 1773 ritu
121 1743 174 1774 Dei
189 1749 244 1781 est,
261 1749 290 1776 et
307 1756 373 1776 cum
405 1746 465 1777 Deo
487 1749 542 1781 est,
570 1745 693 1781 mundo,
723 1748 774 1775 aut
787 1745 878 1781 rebus

49 1789 207 1819 mundanis
221 1790 298 1821 afﬁci
315 1794 420 1830 potest.
452 1790 548 1831 Atque
563 1790 614 1830 ita,
631 1789 750 1827 fratres,
768 1793 796 1820 et
810 1794 878 1821 ante

49 1837 174 1863 mortem
190 1843 282 1875 mors,
299 1839 329 1866 et
346 1839 413 1865 ante
437 1843 597 1875 corporum
622 1833 876 1864 resurrectionem

48 1876 213 1908 animarum
229 1879 410 1910 resurrectio
422 1881 453 1910 ﬁt
469 1888 570 1920 opere,
586 1878 703 1915 virtute,
722 1879 878 1918 experien-

51 1921 102 1958 tia,
114 1922 246 1955 veritate.
259 1924 375 1956 Mortali
389 1924 470 1955 enim
482 1923 659 1963 cogitatione
667 1922 703 1954 ab
715 1923 875 1954 immortali

51 1974 139 1996 sensu
154 1967 251 1999 deleta
272 1978 306 1999 ac
329 1969 494 2008 proﬂigata,
521 1972 550 1999 et
579 1967 759 1998 mortalitate
780 1977 797 1998 a
817 1968 877 2000 vita

51 2010 185 2050 etl'ugata,
211 2012 310 2043 anima
330 2018 390 2043 tum
405 2013 484 2043 velut
498 2022 514 2043 a
530 2012 655 2043 mortuis
671 2012 808 2050 excitata,
826 2022 877 2043 se-

53 2059 111 2085 met
125 2057 337 2088 convenienter
350 2057 430 2088 videt
441 2057 487 2097 (ut
498 2057 549 2097 qui
566 2057 604 2088 de
621 2066 726 2087 somno
736 2066 876 2088 surrexe-

51 2104 130 2138 runt,
146 2102 323 2143 semetipsos
333 2102 529 2143 conspiciunt)
539 2105 568 2133 et
583 2101 676 2133 Deum
692 2111 709 2132 a
725 2111 782 2142 quo
798 2103 876 2134 exci-

912 1566 1744 1607 jus,quaaevacuatur,sedsupientiaminmysterioguaa

918 1611 1094 1642 abscondita
1108 1611 1192 1642 est“
1205 1610 1316 1649 multis,
1334 1610 1419 1642 nobis
1433 1614 1532 1641 autem
1548 1609 1641 1651 probe
1655 1620 1744 1643 reve-

919 1656 988 1696 lata,
1008 1659 1038 1686 et
1052 1655 1180 1694 cognita,
1197 1655 1247 1696 qui
1263 1655 1294 1687 in
1316 1655 1422 1687 timore
1449 1654 1503 1687 Dei
1522 1654 1603 1686 velut
1629 1654 1666 1687 ab
1678 1655 1743 1688 ele-

919 1700 1027 1731 mentis
1037 1700 1163 1731 instituti
1182 1709 1296 1737 sumus,
1317 1703 1347 1731 et
1360 1699 1396 1731 ad
1413 1699 1497 1731 illum
1513 1708 1635 1741 semper
1649 1701 1743 1742 respi—

919 1745 1025 1777 cimus.
1042 1744 1106 1776 Non
1132 1745 1212 1776 enim
1237 1745 1317 1786 quod
1339 1745 1490 1776 nescimus
1506 1745 1674 1786 loquimur;
1691 1745 1744 1777 sed

919 1790 996 1831 quod
1011 1789 1121 1821 scimus
1136 1789 1343 1829 testiﬁcamur,
1355 1791 1495 1831 quoniam
1506 1790 1555 1821 lux
1567 1789 1598 1821 in
1612 1789 1745 1822 tenebris

915 1835 977 1874 jam
993 1835 1112 1867 lucet-$5
1123 1858 1131 1873 ,
1145 1838 1174 1866 et
1188 1835 1218 1866 in
1234 1839 1333 1873 nocte,
1346 1839 1375 1866 et
1389 1834 1420 1866 in
1430 1834 1491 1872 die,
1503 1838 1532 1866 et
1542 1834 1633 1873 intus,
1651 1838 1681 1866 et
1698 1843 1747 1867 ex~

918 1885 974 1912 tra.
991 1881 1072 1911 Intus
1087 1879 1208 1920 quidem
1229 1880 1261 1911 in
1284 1879 1425 1911 cordibus
1441 1879 1550 1910 nostris
1564 1890 1572 1918 ;
1589 1884 1672 1911 extra
1686 1889 1742 1912 au-

918 1930 976 1956 tem
992 1926 1022 1956 in
1048 1925 1148 1956 animo
1178 1925 1422 1957 circumlustrans
1451 1933 1505 1955 nos
1520 1925 1585 1956 sine
1606 1934 1741 1966 vespera,

916 1969 982 2000 sine
990 1970 1160 2008 mutatione,
1170 1969 1235 2000 sine
1243 1970 1394 2008 varietate,
1404 1969 1470 2001 sine
1484 1969 1590 2009 figura,
1604 1970 1742 2012 loquens,

916 2023 1055 2055 operans,
1069 2014 1180 2051 vivens,
1197 2018 1226 2045 et
1241 2014 1404 2052 viviﬁcans,
1429 2017 1459 2045 et
1479 2013 1669 2045 collustratos
1694 2014 1743 2046 lu-

917 2059 998 2089 mine
1012 2058 1152 2090 reddens.
1164 2057 1226 2090 Nos
1237 2059 1431 2090 testiﬁcamur
1444 2058 1584 2099 quoniam
1597 2057 1676 2089 Deus
1691 2059 1741 2090 lux

917 2107 972 2142 est,
990 2107 1020 2133 et
1034 2102 1085 2143 qui
1100 2103 1181 2143 digni
1205 2107 1274 2134 sunt
1303 2103 1405 2141 habiti,
1436 2106 1469 2134 ut
1493 2112 1562 2134 eum
1589 2103 1739 2141 viderent,

54 2147 112 2197 tata
127 2150 171 2176 est
185 2147 336 2197 agnoscit:
354 2157 441 2197 quem
468 2146 649 2197 intelligens,
674 2147 782 2197 gratias
803 2148 873 2197 agit,
885 2157 1021 2197 Domnes
1035 2151 1066 2178 ut
1079 2147 1176 2178 lucem
1192 2147 1343 2197 viderunt,
1356 2151 1385 2179 et
1398 2147 1449 2197 qui
1462 2156 1531 2178 eum
1547 2152 1739 2197 acceperunt,

53 2189 165 2231 adorat,
181 2195 210 2222 et
225 2191 398 2223 immensam
415 2192 479 2231 ejus
501 2192 664 2222 bonitatem
679 2191 822 2223 dilaudat.
839 2194 876 2226 At

54 2243 122 2265 vero
147 2245 254 2276 corpus
281 2236 316 2267 ad
340 2236 474 2277 proprias
496 2235 673 2276 cupiditates
697 2236 806 2267 nullam
830 2237 874 2268 vel

52 2280 284 2321 qualemcunque
299 2281 534 2322 inspirationem,
562 2284 613 2312 aut
633 2280 808 2319 motionem,
826 2286 876 2313 aut

51 2324 255 2364 cogitationem
271 2326 380 2357 habet:
399 2326 451 2357 sed
478 2330 522 2357 est
551 2325 580 2356 in
611 2325 657 2356 his
680 2329 774 2357 totum
792 2336 875 2357 mor-

51 2371 131 2401 tuum
148 2374 176 2400 et
190 2371 337 2402 exanime.
352 2372 584 2411 Nonnunquam,
602 2370 662 2401 imo
674 2379 764 2410 saepe,
783 2371 874 2402 etiam

52 2423 149 2445 eorum
167 2425 231 2456 qua:
240 2416 404 2446 secundum
421 2420 555 2446 naturam
571 2418 649 2455 sunt,
663 2418 785 2455 propter
798 2416 875 2446 assi-

51 2460 134 2490 duam
149 2461 256 2492 animae
270 2461 301 2492 in
330 2461 421 2492 rebus
449 2470 515 2502 quae
542 2470 631 2501 Supra
660 2464 793 2491 naturam
808 2465 876 2492 sunt

919 2198 949 2225 nt
977 2194 1073 2224 lucem
1103 2197 1295 2232 acceperunt.
1323 2192 1468 2229 Quoniam
1506 2192 1648 2233 praecedit
1670 2196 1741 2225 ante

916 2238 998 2268 illum
1015 2238 1115 2268 lumen
1123 2237 1225 2277 gloriae
1240 2238 1331 2276 illius,
1343 2241 1373 2269 et
1387 2237 1453 2269 sine
1468 2237 1581 2268 lumine
1595 2246 1740 2278 apparere

917 2293 975 2314 non
991 2286 1106 2323 potest:
1124 2282 1233 2324 quique
1249 2283 1314 2324 ejus
1328 2284 1426 2314 lumen
1444 2292 1504 2314 non
1517 2282 1666 2320 viderunt,
1683 2292 1740 2314 nec

915 2328 998 2358 illum
1012 2327 1163 2367 viderunt,
1180 2328 1321 2368 quoniam
1337 2328 1401 2368 ipse
1422 2327 1472 2359 lux
1487 2331 1542 2359 est.
1557 2327 1593 2358 Et
1617 2327 1669 2368 qui
1690 2327 1739 2359 lu-

917 2382 985 2403 men
997 2381 1056 2403 non
1067 2376 1257 2413 acceperunt,
1271 2372 1402 2404 nondum
1414 2372 1535 2413 gratiam
1547 2376 1738 2413 acceperunt.

916 2417 972 2453 Qui
987 2426 1115 2458 namque
1129 2417 1250 2457 gratiam
1276 2421 1467 2458 acceperunt,
1496 2417 1597 2448 lumen
1624 2416 1679 2448 Dei
1709 2421 1739 2449 et

916 2461 1009 2493 Denm
1025 2465 1214 2503 acceperunt,
1244 2462 1320 2494 sicut
1343 2462 1409 2503 ipsa
1435 2462 1484 2493 lux
1513 2461 1648 2493 Christus
1670 2461 1736 2495 ait:

54 2505 206 2536 mentalem
223 2506 447 2546 occupationem
468 2515 502 2537 ac
528 2505 658 2536 studium
675 2504 868 2537 obliviscitur.
912 2507 1140 2546 Inhabitabo,et
1152 2507 1347 2539 inambulabo
1357 2508 1441 2539 iueis
1452 2506 1479 2528 ³⁸
1492 2531 1499 2538 .
1516 2505 1628 2542 Quibus
1638 2510 1737 2538 autem

51 2549 84 2580 Et
93 2554 179 2590 recte,
193 2550 393 2589 inquitenim:
409 2550 527 2590 Spiritu
539 2549 702 2586 ambulate,
716 2553 745 2579 cl
756 2550 870 2582 deside-
911 2551 969 2583 hoc
986 2552 1118 2583 nondum
1129 2552 1264 2593 contigit,
1279 2561 1336 2584 nec
1350 2551 1433 2592 digni
1447 2554 1516 2583 sunt
1527 2551 1632 2590 habiti,
1645 2551 1696 2593 qui
1706 2551 1736 2583 id

54 2594 485 2635 riacarnisnonperﬂcietis”.
504 2596 577 2626 Caro
594 2593 693 2634 igitur,
712 2598 743 2625 ut
759 2594 869 2626 dictum
912 2601 1154 2637 assequerentur,
1170 2606 1273 2628 omnes
1301 2597 1332 2628 hi
1358 2596 1413 2628 sub
1439 2596 1505 2636 lege
1529 2599 1597 2627 ante
1612 2595 1736 2636 gratiam

55 2643 105 2677 est,
122 2649 173 2680 per
186 2639 344 2670 adventum
367 2639 494 2680 Spiritus
519 2640 595 2670 facta
612 2644 738 2676 mortua,
754 2639 869 2680 imper-
911 2645 1082 2679 censentur,
1107 2641 1197 2680 servi,
1220 2650 1434 2682 servorumque
1461 2640 1612 2681 discipuli.
1628 2639 1664 2671 Et
1679 2649 1736 2671 au-

57 2684 179 2715 turbatos
193 2684 231 2715 de
245 2688 352 2716 caetero
366 2693 417 2715 vos
432 2683 591 2725 relinquet,
606 2686 636 2715 et
650 2683 725 2714 citra
739 2683 869 2724 impedi-
910 2685 1022 2718 ditores
1035 2686 1121 2728 legis,
1147 2686 1260 2718 circum
1286 2686 1424 2718 umbram
1453 2689 1483 2718 et
1506 2688 1608 2726 typum
1637 2684 1736 2717 adhuc

92 2778 217 2810 ﬂloan.
232 2786 262 2816 v,
278 2777 342 2819 39._
371 2777 402 2804 εϐ
416 2778 488 2810 Luc.
505 2786 538 2817 n,
556 2778 604 2815 10,
614 2778 675 2819 tl,
715 2776 747 2819 τι
760 2776 848 2819 Joan.
865 2787 914 2819 xv,
934 2780 982 2811 19.
1025 2780 1055 2807 ³8
1082 2779 1177 2815 Galat.
1201 2789 1243 2819 vr,
1260 2781 1311 2813 14.
1352 2780 1383 2807 ³9
1402 2779 1498 2813 Galat.
1522 2779 1619 2819 v,16.
1660 2779 1693 2806 5°
1708 2777 1735 2810 Π

57 2804 118 2862 ροῇ
131 2804 262 2862 Iam."
279 2804 488 2862 ξῖξιοὲιξῦζ
502 2804 637 2862 iiii}!
646 2804 874 2856 iiauhfifii

938 2804 1062 2854 ῑτῖἰδίᾱ.
1083 2804 1243 2854 ἷΞῖ“”³ι’ἰ’
1259 2804 1327 2854 63}.
1352 2804 1385 2861 ιὶ,
1404 2804 1623 2854 ”6ῗ“’ἒδ’ἕοὶῖιῖ
1654 2804 1688 2862 .‘,‘
1703 2804 1733 2853 5:

53 2860 78 2883 36
91 2859 177 2892 Levit.
192 2867 274 2897 xxvr,
290 2859 348 2897 t2;
366 2858 393 2891 II
414 2860 482 2893 Cor.
498 2868 540 2898 vn,
558 2859 607 2892 16.
