1978 3078
214 147 276 182 ιο7

865 145 1019 178 SYMEON
1022 143 1056 176 IS
1076 142 1253 177 IUNIORIS

1844 134 1915 167 408

216 213 404 255 oberrantes,
422 212 476 245 ﬁlii
490 212 619 251 ancillaa,
640 215 670 244 et
684 211 737 244 ﬁlii
753 211 943 244 tenebrarum
958 215 1037 250 sunt,

1084 207 1532 251 omniqueignominiaxundique
1541 205 1747 255 replebantur.
1756 203 1820 255 Nec
1827 203 1916 234 istuc

217 259 280 290 sive
295 258 502 300 imperatores,
520 257 582 289 sive
604 257 790 298 patriarchae,
807 257 868 288 sive
892 256 1038 298 episcopi,

217 303 279 335 sive
293 303 473 342 sacerdotes,
492 302 554 334 sive
578 302 740 343 principes,
757 302 818 333 sive
832 301 970 342 subjecti,
988 311 1039 332 seu

218 348 344 390 profani,
361 357 413 379 seu
428 347 578 386 monachi,
594 357 646 378 seu
662 352 779 386 ascetae,
801 356 854 378 seu
879 346 1038 387 praepositi,

216 401 269 424 seu
284 401 444 433 pauperes,
462 401 514 423 seu
529 392 648 430 divites,
673 401 725 423 seu
754 391 866 431 aegroti,
897 399 950 422 seu
977 390 1041 421 sani

217 437 287 469 sint.
304 436 416 470 Omnes
431 437 523 475 enim,
540 436 590 478 qui
605 436 636 467 in
651 436 782 467 tenebris
798 435 913 473 sedent,
932 439 961 465 et
976 444 1041 475 poe-

217 482 315 514 nitere
329 482 444 520 nolunt,
454 482 508 512 filii
520 481 710 512 tenebrarum
728 484 933 511 numerantur.
946 479 1042 512 Poeni-

217 527 314 558 tentia
327 526 474 568 siquidem
490 530 535 557 est
545 526 648 568 janua,
665 535 729 566 quae
750 535 767 556 e
782 524 911 556 tenebris
931 524 1041 560 educit,

217 575 248 603 et
263 571 300 603 ad
315 571 417 603 lumen
433 571 566 603 deducit.
583 570 639 607 Qui
654 570 744 610 igitur
757 569 793 601 ad
808 570 910 600 lumen
925 569 1042 609 ingres-

217 626 268 648 sus
282 626 342 648 non
357 620 414 655 est,
433 617 554 657 januam
581 614 765 656 poenitentia:
793 624 852 646 non
881 615 958 646 bene
972 623 1042 655 per-

217 661 344 693 transiit.
361 661 437 693 Nam
454 661 479 692 si
496 660 716 702 pertransisset,
733 660 769 691 ad
784 660 886 691 lumen
902 659 1041 690 venisset.

218 706 274 743 Qui
290 710 387 738 autem
404 715 463 737 non
486 706 622 746 poenitet,
647 709 761 746 peccat,
791 708 950 745 propterea
975 703 1044 744 quia

218 761 279 782 non
294 751 417 792 pcenitet
433 759 440 782 :
458 750 576 783 Scienti
590 753 672 781 entm
687 749 808 787 bonum,
822 749 928 789 inquit,
942 752 1044 780 etnon

218 797 356 836 facienti,
361 799 517 836 peccatum
525 798 568 827 est
574 794 663 827 illi”.
671 795 684 826 ,Ι
688 804 734 826 am
741 795 794 835 qui
799 794 872 834 facit
876 796 1042 834 peccatum,

1081 249 1206 296 tantum,
1222 249 1274 286 sed
1301 258 1331 286 et
1353 253 1450 284 omnis
1475 251 1635 292 cujuslibet
1650 249 1726 296 actio
1744 258 1797 280 seu
1812 249 1914 289 bona,

1082 310 1135 331 seu
1147 294 1233 340 mala,
1246 298 1343 330 omnis
1359 307 1470 339 sermo,
1487 297 1584 328 omnis
1598 294 1736 334 cogitatio
1752 304 1916 340 comment

1083 345 1211 385 tatioque
1227 339 1262 375 ab
1278 344 1341 384 ipso
1357 343 1503 383 cujusque
1518 345 1585 372 ortu
1599 340 1748 377 videlicet,
1761 349 1859 385 usque
1869 339 1914 370 ad

1083 384 1218 420 ultimum
1235 388 1358 420 halitum
1375 387 1435 418 illic
1451 387 1599 419 collectim
1616 386 1646 416 in
1657 394 1837 425 unoquoque
1854 384 1915 414 ho-

1084 434 1198 466 minum
1214 433 1378 474 apparebit.
1397 434 1432 464 Et
1445 442 1548 473 quam,
1566 440 1677 472 quzeso,
1691 431 1806 463 fratres.
1821 429 1915 469 igno-

1084 479 1206 510 miniam
1223 488 1290 509 cum
1305 479 1371 514 hac,
1386 487 1451 518 quae
1474 486 1543 508 vere
1568 476 1630 508 sola
1657 481 1701 506 est
1726 475 1910 515 ignominia.

1085 528 1153 555 tunc
1178 522 1441 564 comparabimus?
1463 526 1514 553 aut
1528 531 1594 562 quae
1609 530 1697 560 pmna
1723 520 1830 551 timore
1854 519 1913 550 illo

1085 568 1259 608 pudoreque
1276 567 1379 607 major,
1392 575 1471 602 cum,
1488 569 1520 596 ut
1534 565 1648 596 dictum
1665 568 1720 601 est,
1738 564 1811 594 adeo
1822 568 1913 595 tene-

1083 611 1177 653 brosi,
1195 617 1224 643 et
1238 612 1302 642 sine
1318 611 1502 642 illuminante
1516 610 1621 650 spiritu
1636 609 1747 640 inventi
1767 608 1882 639 fuerint
1894 608 1913 638 ?

1084 656 1208 693 Qualem
1218 665 1306 696 porro
1312 656 1504 696 vitam,quale
1514 655 1764 686 oblectamentum
1780 653 1915 684 habebit

1085 702 1188 742 homo,
1204 702 1254 742 qui
1269 702 1300 732 in
1316 700 1447 732 tenebris
1460 700 1555 738 sedet,
1571 709 1606 730 ac
1615 699 1732 736 metuit,
1746 708 1784 730 ne
1795 707 1911 738 repen-

1087 747 1149 778 tina
1172 747 1245 778 lucis
1267 746 1483 777 illuminatione
1499 744 1696 785 cogitationis,
1713 747 1763 775 aut
1777 743 1912 775 actionis

1087 791 1211 832 alicujus
1225 791 1329 822 sordes
1344 791 1374 821 in
1389 790 1453 831 ipso
1469 789 1678 830 reperiantur?

219 833 615 881 smusestpeecati,etodit
631 833 1072 880 lucesn,_etnortvenitadlu-B
1123 835 1220 872 Quare
1241 835 1424 872 studeamus,
1451 835 1558 865 fratres
1583 834 1653 881 mei,
1677 833 1747 881 hinc
1773 834 1844 881 jam_
1853 842 1914 874 per

220 894 295 923 cem,
303 888 618 926 nearguanturopera
626 887 690 925 ejus
697 884 733 914 ³8.
748 884 832 915 Nunc
842 884 921 914 enim
937 888 1042 924 sponte

220 934 251 962 et
265 934 363 961 nostro
380 931 512 970 ipsorum
528 930 671 961 arbitratu
687 930 724 961 ad
749 929 850 960 lumen
877 937 930 969 per
943 929 1042 969 poeni-

221 975 344 1007 tentiam
361 975 489 1015 ingressi
502 975 720 1015 redarguimur,
737 978 765 1005 et
777 973 949 1014 judicamur
966 984 972 1004 :
990 974 1042 1004 sed

222 1019 345 1060 mystice
357 1018 504 1059 judicium
514 1019 600 1058 istuc,
614 1023 643 1050 et
652 1018 838 1056 abscondite,
856 1017 886 1048 in
900 1017 1044 1048 interiore

222 1064 389 1095 animarum
405 1068 572 1095 nostrarum
588 1064 737 1101 cubiculo,
764 1063 800 1094 ad
827 1062 1044 1104 purgationem,

222 1113 252 1140 et
263 1108 473 1140 remissionem
489 1113 678 1149 peccatorum
695 1112 864 1140 nostrorum
879 1107 1048 1138 misericor-

223 1153 283 1191 dia,
302 1157 332 1184 et
345 1153 587 1193 benignitateDei
599 1153 746 1194 subimus,
759 1153 822 1184 solo
833 1152 975 1183 nimirum
986 1153 1048 1184 Deo

224 1207 273 1230 res
285 1201 401 1229 nostras
415 1198 529 1229 sciente
557 1206 591 1230 ac
616 1198 762 1229 intuente.
786 1196 849 1228 Hoc
870 1195 960 1236 igitur
988 1200 1046 1226 tam

223 1241 366 1283 praeclaro
391 1242 506 1282 judicio
535 1242 670 1283 quisquis
695 1241 743 1272 hic
769 1240 920 1281 judicatus
943 1240 1044 1282 fuerit,

221 1286 301 1318 aliud
317 1286 496 1328 supplicium
527 1291 578 1318 aut
606 1296 729 1318 examen
757 1295 817 1316 non
846 1285 973 1324 timebit,
991 1295 1046 1318 nec

221 1331 400 1362 tentationes
427 1331 485 1362 sibi
512 1335 741 1372 superventuras
763 1329 944 1361 formidabit.
970 1330 1044 1362 Tum

221 1385 303 1414 vero,
320 1375 377 1407 hoc
394 1381 450 1414 est,
475 1376 507 1407 in
535 1376 662 1407 adventu
678 1375 805 1416 Domini,
837 1374 874 1405 iis
901 1375 952 1415 qui
967 1384 1045 1406 nunc

222 1420 260 1451 ad
275 1420 375 1451 lumen
390 1421 503 1459 venire,
519 1425 549 1452 et
562 1420 599 1452 ab
614 1421 678 1461 ipso
701 1419 842 1460 judicari,
868 1419 1046 1460 purgarique

223 1465 339 1503 nolunt,
356 1464 409 1496 sed
423 1465 453 1496 id
469 1465 607 1503 oderunt,
633 1465 714 1506 quod
735 1464 823 1495 modo
839 1463 1044 1495 absconditum

1083 881 1286 922 paenitentiam
1300 885 1413 921 portam
1430 884 1582 918 augustam
1594 879 1705 910 intrare
1716 879 1756 917 40,
1767 878 1912 919 quodque

1084 926 1164 957 intus
1180 930 1224 957 est
1240 926 1341 957 lumen
1356 929 1503 966 spectare.
1520 924 1625 962 Etiam,
1637 934 1719 965 rogo,
1733 934 1769 954 ne
1781 924 1911 955 deﬁcia-

1085 980 1153 1002 mus
1178 970 1334 1011 pulsando,
1359 970 1530 1010 quaerendo,
1549 974 1578 1001 et
1594 969 1721 1010 petendo
1746 973 1912 1010 antequam

1086 1015 1291 1052 exaudiamur,
1305 1019 1334 1046 et
1342 1014 1502 1055 aperiatur,
1514 1019 1543 1045 et
1554 1015 1641 1045 detur
1656 1014 1741 1044 nobis
1759 1025 1764 1043 :
1783 1014 1913 1054 insuper

1088 1059 1184 1091 donec
1199 1059 1324 1099 ingressi
1341 1059 1442 1090 lumen
1458 1058 1648 1099 accipiamus,
1660 1063 1690 1090 et
1706 1058 1778 1089 illud
1792 1059 1912 1088 exstin-

1088 1109 1167 1136 ctum
1183 1105 1213 1136 in
1229 1104 1368 1136 cordibus
1385 1105 1494 1135 nostris
1512 1103 1684 1134 habeamus.
1707 1103 1803 1133 Nolite
1819 1102 1913 1142 igitur

1090 1159 1200 1188 errare,
1217 1151 1335 1181 fratres.
1347 1149 1402 1185 Qui
1414 1148 1444 1179 in
1460 1148 1592 1179 tenebris
1607 1149 1685 1185 vivit,
1703 1152 1784 1178 extra
1799 1147 1911 1178 ostinm

1089 1201 1144 1228 est.
1169 1197 1224 1233 Qui
1248 1201 1346 1227 antem
1368 1205 1401 1226 se
1419 1195 1586 1235 ingressum
1615 1195 1772 1231 existimat,
1797 1198 1827 1225 et
1855 1202 1913 1233 per

1089 1241 1196 1272 ostium
1213 1241 1366 1281 ingressus
1382 1250 1441 1271 non
1457 1244 1511 1276 est,
1529 1239 1618 1271 etiam
1634 1239 1699 1280 ipse
1724 1243 1806 1270 extra
1831 1238 1911 1268 ovile

1088 1290 1144 1318 est.
1160 1286 1192 1317 Si
1208 1286 1286 1317 enim
1302 1286 1350 1316 lux
1363 1284 1477 1322 mundi,
1495 1288 1523 1315 et
1551 1284 1658 1315 ostium
1688 1288 1733 1314 est
1762 1282 1907 1321 Christus,

1088 1331 1210 1362 omnino
1232 1330 1363 1362 lucidum
1380 1330 1485 1360 ostium
1502 1332 1557 1366 est,
1570 1338 1628 1359 non
1645 1329 1751 1359 ostium
1768 1328 1907 1368 simplex.

1086 1377 1122 1408 Et
1137 1377 1187 1418 qui
1201 1377 1232 1408 in
1247 1386 1282 1408 eo
1299 1381 1355 1418 est,
1371 1377 1401 1407 in
1423 1376 1491 1407 luce
1515 1375 1618 1406 mundi
1644 1379 1700 1406 est.
1723 1376 1783 1407 Lux
1808 1379 1908 1405 autem

1087 1422 1191 1453 mundi
1206 1425 1261 1459 est,
1279 1431 1337 1452 non
1353 1430 1439 1462 quam
1457 1421 1611 1452 oculorum
1626 1430 1732 1451 sensus
1747 1420 1907 1461 percipiat,

1087 1466 1140 1497 sed
1165 1476 1252 1507 quam
1277 1467 1395 1497 animus
1417 1465 1528 1504 videat,
1558 1470 1645 1506 atque
1674 1466 1907 1506 contempletur.

221 1513 268 1541 est
282 1509 384 1541 lumen
398 1510 588 1549 revelabitur,
612 1503 788 1550 occultaque
813 1509 920 1540 horum
945 1503 1074 1540 omniaC
1086 1512 1160 1544 Nam
1173 1503 1220 1543 sol
1236 1511 1295 1550 hic,
1312 1521 1399 1552 quem
1421 1520 1525 1542 sensus
1549 1503 1676 1552 attingit,
1701 1503 1908 1542 tantummodo

222 1554 500 1588 manifestabuntur.
516 1555 552 1586 Et
566 1555 668 1596 quales
683 1564 763 1586 nunc
773 1563 876 1586 sumus
884 1554 1044 1595 unusquis-

222 1608 281 1640 que
295 1603 441 1638 nostrum,
455 1609 509 1631 nos
529 1599 610 1640 ipsos
627 1599 819 1640 occultantes,
836 1603 865 1630 et
880 1608 933 1640 per
947 1599 1043 1638 paeni-

221 1644 345 1675 tentiam
362 1649 464 1676 nostra
486 1644 677 1676 manifestare
697 1644 843 1682 nolentes,
862 1648 930 1675 tunc
944 1654 960 1674 a
977 1644 1044 1675 luce

223 1689 384 1728 manifesti,
401 1693 430 1721 et
444 1690 539 1731 aperti
554 1690 614 1722 Deo
625 1694 654 1722 et
664 1689 801 1721 omnibus
815 1698 929 1727 sumus,
947 1693 975 1720 et
989 1690 1045 1720 eri-

220 1743 287 1767 mus
300 1746 308 1774 ;
321 1738 349 1766 et
363 1735 534 1775 magnitudo
549 1734 671 1777 pudoris
681 1744 716 1766 ac
726 1734 882 1766 dedecoris
896 1734 956 1766 illic
971 1744 1042 1775 pro-

218 1779 389 1820 spectaculo
403 1780 470 1811 erit.

258 1824 377 1855 Etenim
391 1824 468 1856 sicut
486 1824 518 1855 in
541 1824 629 1856 domo
656 1825 760 1864 januas
785 1823 867 1854 intus
893 1823 1044 1855 obseratas

220 1869 360 1908 habente,
376 1869 403 1900 si
417 1869 485 1910 quis
502 1869 624 1907 enobis,
642 1869 726 1910 quasi
743 1868 815 1900 foris
830 1877 846 1900 a
862 1868 983 1900 nemine
998 1870 1042 1900 vi-

220 1923 271 1946 sus
287 1914 378 1946 effuse
392 1918 505 1954 peccet,
522 1915 670 1946 adulteria
685 1914 811 1951 scilicet,
829 1918 879 1945 aut
894 1915 1043 1946 masculo-

220 1969 287 1992 rum
302 1959 488 1997 concubitus,
510 1963 561 1991 aut
575 1960 633 1992 alia
647 1959 832 1992 exsecranda
856 1968 1042 2000 perpetrans,

221 2005 332 2037 deinde
344 2004 442 2036 subito
456 2005 486 2036 in
502 2005 566 2046 ipSO
582 2005 692 2045 ﬂagitio
707 2004 960 2046 deprehendatur,
978 2015 1043 2036 ma-

220 2059 309 2090 gnam
324 2049 451 2081 incurrit
465 2049 618 2080 infamiam
632 2058 640 2088 ;
655 2053 704 2081 aut
720 2050 767 2089 (ut
780 2049 858 2080 aliud
875 2050 1043 2090 exemplum

220 2095 353 2135 demus),
371 2094 396 2126 si
410 2095 477 2136 quis
487 2094 628 2126 adversus
640 2104 740 2135 regem
751 2094 874 2125 insidias
885 2094 1045 2127 meditetur

220 2149 330 2181 easque
346 2139 390 2172 illi
409 2139 520 2180 scripto
536 2144 674 2181 exponat,
690 2143 740 2171 aut
754 2139 778 2170 si
793 2139 884 2174 dicat.
901 2143 1045 2172 statuatur

219 2185 304 2217 nefas
317 2184 448 2226 aliquod,
465 2184 586 2216 omnino
604 2185 683 2216 intra
705 2185 795 2223 aedes,
813 2188 845 2215 ut
857 2184 968 2216 dictum
986 2190 1040 2225 est,

217 2229 349 2268 latitans,
367 2233 433 2270 post
447 2239 499 2261 rex
514 2239 580 2261 cum
606 2233 665 2261 toto
680 2233 785 2261 senatu
798 2239 863 2268 suo,
881 2234 1042 2262 consueto-

216 2284 275 2314 que
290 2274 429 2306 satellitio
444 2275 592 2312 adveniat,
608 2278 638 2306 et
652 2274 772 2305 domum
800 2274 909 2314 cingat,
923 2275 1041 2306 statim-

216 2328 275 2360 que
290 2328 325 2350 ea
338 2322 402 2351 tota
416 2327 520 2351 eversa
538 2319 614 2361 ipse,
644 2323 675 2350 et
698 2319 799 2350 omnia
825 2319 890 2359 ejus
919 2319 1042 2351 consilia

215 2367 387 2405 appareant,
403 2373 519 2405 poenam
532 2373 668 2405 magnam
681 2363 961 2405 damnationemque
972 2373 1041 2396 sus-

215 2408 307 2446 tinet;
324 2409 360 2441 ad
376 2408 514 2440 eumdem
541 2409 663 2440 modum
687 2412 758 2440 tunc
782 2408 921 2440 omnibus
943 2409 994 2450 qui
1009 2410 1040 2442 in

214 2453 325 2485 mundo
340 2457 411 2485 sunt
425 2454 486 2486 ﬁet.
502 2453 547 2485 Et
555 2463 617 2485 nox
625 2453 745 2494 quidem
757 2454 836 2485 sicut
843 2454 907 2484 dies
922 2453 1039 2486 illumi-

211 2499 340 2530 nabitur
349 2498 387 2536 39,
403 2498 509 2530 domus
523 2502 623 2530 autem
644 2499 753 2539 omnis,
771 2502 800 2530 et
827 2498 981 2539 spelunca,
1009 2504 1040 2532 et

211 2544 320 2575 ctelum
335 2543 434 2584 ipsum
461 2553 496 2575 ac
520 2548 600 2575 terra
625 2544 777 2580 tollentur,
805 2552 971 2584 omnesque
987 2545 1037 2585 qui

209 2589 362 2622 Christum
377 2598 436 2620 non
450 2588 620 2627 induerunt,
633 2598 685 2620 seu
697 2588 749 2630 qui
762 2589 864 2620 lumen
874 2597 933 2619 non
949 2598 1037 2621 acce—

207 2637 326 2675 perunt,
343 2638 377 2666 ut
391 2643 482 2675 supra
495 2633 688 2671 docebamus,
706 2637 736 2664 et
754 2633 785 2664 in
799 2634 864 2674 ipso
880 2633 963 2674 prius
978 2643 1037 2666 non

205 2679 338 2718 fuerunt,
355 2683 385 2712 et
400 2680 500 2711 lumen
515 2688 575 2711 non
590 2679 723 2718 fuerunt,
751 2680 824 2711 nudi
837 2678 1034 2720 apparebunt,

243 2783 348 2825 litae.
371 2791 413 2823 IV,
441 2783 491 2817 17,
534 2783 662 2817 attJoan.
688 2792 733 2822 ιη,
756 2784 806 2816 21.
849 2784 972 2818 39Psal.
997 2793 1129 2825 cnsui,
1159 2783 1208 2817 t2.
1251 2783 1283 2810 ιο
1305 2783 1407 2816 Matth.
1436 2792 1487 2824 vn,
1513 2784 1563 2817 13.

202 2822 258 2857 BI
277 2823 384 2864 (ἴοι-,1,
401 2822 453 2857 30.

1086 1556 1220 1597 corporis
1243 1556 1344 1587 oculos
1365 1555 1513 1586 illuminat
1538 1555 1706 1592 hominum,
1730 1554 1905 1593 bestiarum,

1084 1601 1236 1632 volucrum
1255 1612 1262 1632 :
1280 1606 1310 1632 at
1323 1602 1366 1632 sol
1378 1601 1428 1642 qui
1443 1601 1497 1632 sub
1508 1600 1732 1641 intelligentiam
1748 1600 1837 1637 cadit,
1855 1601 1907 1641 qui

1089 1647 1199 1678 mundo
1214 1646 1320 1684 illuxit,
1338 1647 1451 1678 animas
1467 1646 1604 1677 duntaxat
1622 1645 1736 1676 ratione
1753 1646 1902 1686 praeditas,

1086 1700 1183 1732 neque
1202 1692 1255 1723 has
1278 1693 1354 1724 citra
1380 1691 1541 1722 discrimen
1567 1700 1683 1727 omnes,
1706 1695 1735 1721 et
1764 1690 1901 1730 indtgnas

1083 1736 1172 1767 etiam
1188 1737 1356 1768 illuminare
1370 1736 1460 1768 novit.
1478 1736 1561 1768 Haud
1572 1735 1651 1767 enim
1668 1736 1901 1777 inanimus,seu,

1082 1784 1115 1813 ut
1137 1782 1243 1813 melius
1257 1782 1364 1819 dicam,
1379 1791 1437 1812 non
1453 1781 1561 1812 animal
1579 1784 1635 1818 est,
1652 1791 1706 1812 nec
1722 1790 1835 1819 servus,
1854 1784 1904 1812 aut

1085 1830 1220 1857 creatura
1247 1827 1283 1858 ad
1308 1826 1374 1857 aliis
1389 1825 1617 1857 ministrantium
1640 1826 1811 1862 constituta,
1828 1826 1905 1856 sicut

1085 1881 1192 1912 nempe
1209 1872 1264 1903 iste
1279 1872 1323 1903 sol
1338 1881 1426 1912 quem
1445 1870 1606 1908 cernimus,
1624 1871 1733 1911 quique
1749 1870 1842 1901 oritur
1857 1880 1905 1900 su-

1089 1917 1242 1957 perjustos
1254 1921 1282 1947 et
1291 1916 1429 1957 injustos,
1443 1916 1551 1957 probos
1563 1915 1690 1947 simulet
1704 1916 1854 1956 improbos
1862 1917 1903 1946 «li.

1087 1960 1144 1992 Sed
1160 1970 1326 2003 quanquam
1356 1961 1416 1999 lux,
1448 1965 1477 1991 et
1500 1960 1543 1990 sol
1564 1960 1743 2000 nominatur,
1762 1965 1858 1992 tamen
1874 1966 1905 1994 et

1086 2015 1175 2047 supra
1189 2006 1299 2044 lucem,
1316 2009 1344 2036 et
1359 2014 1448 2045 supra
1473 2005 1579 2041 solem,
1596 2008 1624 2035 et
1640 2009 1670 2035 ut
1693 2004 1767 2035 locis
1782 2014 1815 2035 ac
1832 2005 1903 2036 solis

1085 2051 1224 2082 conditor
1236 2060 1270 2081 ac
1286 2050 1429 2081 Dominus
1444 2057 1499 2086 est,
1526 2049 1593 2087 vita,
1619 2049 1763 2087 viviﬁcus,
1782 2050 1900 2087 veritas,

1081 2095 1204 2136 justitia,
1218 2099 1247 2126 et
1262 2094 1453 2126 sanctificatio
1465 2094 1506 2130 42,
1523 2094 1659 2134 simplex,
1676 2094 1712 2125 ab
1729 2095 1809 2125 omni
1824 2103 1903 2125 com-

1054 2147 1076 2172 D
1087 2140 1233 2181 positione
1247 2139 1334 2177 liber,
1360 2143 1389 2170 et
1413 2148 1501 2172 omne
1517 2139 1639 2177 bonum,
1658 2144 1684 2170 et
1700 2140 1806 2170 melior
1822 2141 1902 2171 omni

1085 2185 1174 2216 bono.
1189 2184 1228 2216 Ut
1242 2184 1330 2224 igitur
1347 2184 1455 2215 veritas
1484 2190 1527 2215 est
1554 2194 1588 2215 ac
1610 2183 1730 2224 dicitur,
1743 2193 1811 2214 vere
1827 2194 1901 2214 con-

1084 2229 1265 2261 vertentibus
1293 2239 1325 2259 se
1351 2228 1458 2260 veritas
1485 2229 1624 2260 efﬁcitur.
1651 2229 1689 2260 Ut
1706 2229 1822 2269 justitia
1844 2233 1898 2266 est,

1084 2285 1203 2306 omnem
1219 2273 1395 2315 injuslitiam
1411 2274 1523 2306 exorsis
1535 2273 1649 2314 justitia
1664 2279 1719 2306 est.
1737 2274 1773 2306 Ut
1787 2275 1899 2306 sancti-

1083 2320 1193 2358 ficatio,
1211 2319 1295 2350 elatis
1306 2328 1340 2349 ac
1352 2328 1404 2360 per
1415 2319 1558 2359 lacrymas
1568 2318 1707 2359 purgatis.
1717 2319 1753 2350 Ut
1762 2319 1898 2359 simplex,

1083 2365 1141 2396 illis
1153 2365 1201 2405 qui
1218 2364 1329 2396 nullam
1340 2364 1631 2404 perversitatem,aut
1648 2364 1809 2404 nequitiam
1821 2364 1900 2396 intus

1082 2414 1197 2450 gestant
1212 2409 1242 2440 in
1259 2409 1430 2450 praecordiis
1459 2410 1497 2440 Ut
1515 2418 1572 2439 non
1586 2411 1778 2450 compositus,
1789 2410 1897 2442 nullum

1081 2455 1297 2496 duplicitatem,
1326 2458 1376 2485 aut
1403 2454 1637 2494 ambiguitatem,
1667 2458 1716 2484 aut
1736 2454 1896 2487 increduli-

1081 2504 1141 2531 tem
1158 2499 1248 2531 animi
1264 2499 1450 2531 habentibus.
1468 2498 1504 2531 Ut
1519 2499 1626 2539 bonus,
1643 2498 1679 2529 iis
1694 2499 1743 2539 qui
1760 2500 1897 2540 spiritua-

1079 2545 1157 2576 libus
1172 2545 1343 2586 penitentite
1358 2544 1510 2585 operibus,
1535 2543 1571 2575 ad
1592 2553 1710 2584 corpus,
1739 2549 1788 2576 aut
1813 2545 1894 2577 vitam

1078 2590 1164 2621 istam
1180 2590 1364 2630 pertinentes
1379 2598 1465 2620 curas
1488 2598 1522 2620 ac
1542 2588 1760 2620 sollicitudines
1776 2600 1833 2622 non
1848 2591 1894 2622 in-

1078 2635 1201 2672 ducunt,
1229 2634 1337 2675 quibus
1363 2643 1398 2665 ea
1423 2633 1566 2664 misceant
1593 2638 1681 2675 atque
1698 2635 1894 2673 confundant;

1077 2679 1131 2711 sed
1147 2679 1227 2710 nuda
1240 2680 1400 2717 voluntate,
1414 2683 1443 2710 ct
1453 2679 1652 2720 applicatlone
1662 2680 1754 2711 animi
1767 2681 1798 2711 in
1809 2681 1895 2712 malo-

1607 2786 1634 2812 ιι
1662 2786 1766 2818 Matth.
1793 2794 1824 2827 v,
1846 2787 1893 2820 45.
