1978 3078
94 166 169 199 l£09

843 168 984 200 ORATIO
1006 169 1072 201 XX.

1737 166 1796 200 410

89 241 172 263 rum
190 232 332 274 patientia
345 233 382 265 ad
397 243 467 266 eum
481 234 709 273 accedentibus;
721 243 846 275 quorum
864 235 929 265 sin—
939 245 960 263 Α
975 234 1289 266 sanctusinbominem
1300 243 1359 265 non
1371 234 1498 271 venerit,
1512 242 1567 264 nec
1579 234 1651 264 ineo
1663 232 1798 264 habitare

89 278 261 309 ceritatem
278 278 457 319 approbans,
472 280 554 310 omni
564 279 643 312 bono
659 280 741 311 brevi
758 289 809 311 eos
824 289 932 311 cumu-

88 322 154 359 lat,
175 327 206 353 et
223 323 368 354 bonorum
384 323 581 363 intellectum,
593 325 862 366 cogitationemque
871 325 933 356 vin-

87 367 254 405 centibus,
271 368 342 399 dum
360 369 418 400 illis
434 369 594 406 revelatur,
612 375 805 411 apparetque,
832 369 929 401 statim

89 412 268 453 participes
281 413 390 445 reddit.
407 415 439 445 Si
455 414 535 445 enim
559 414 647 452 bona,
667 423 732 454 qua:
752 416 856 446 oculus
869 424 931 446 non

90 457 192 494 vidit,
203 466 256 488 nec
267 458 353 489 auris
360 459 491 497 audiuit,
499 468 552 490 nec
564 460 595 490 in
603 468 654 490 cor
662 459 794 491 hominis
799 460 931 491 ascende-

90 506 187 537 runt,
203 510 269 541 qua:
283 505 466 543 prwpa'ucit
482 504 565 535 Deus
581 504 776 544 diligentibus
788 514 819 536 se
827 505 928 542 Libu-

92 546 184 577 mani
201 547 311 587 ingenii
327 551 444 588 captum
457 548 612 585 excedunt,
631 553 659 580 et
672 550 770 581 omnia
781 559 847 590 quae
859 559 927 581 cer-

91 595 215 622 nuntur
221 591 298 623 bona
308 598 498 634 exsuperant,
509 597 617 633 quanto
630 593 721 633 magis
730 595 793 634 ipse
803 594 853 634 qui
864 595 927 626 haec

93 637 281 676 prteparavit
303 637 383 668 Deus
400 647 406 667 :
425 647 479 669 nec
496 638 590 668 solum
606 638 680 679 ipse,
702 639 754 669 sed
773 639 859 670 etiam
877 639 927 680 qui

91 689 169 711 cum
188 681 301 719 videre,
314 684 341 713 ei
357 682 510 720 assistere,
524 687 625 714 etcum
638 692 673 713 eo
683 683 793 714 versari
806 693 926 715 merue-

91 729 171 755 runt
187 729 216 756 et
231 726 298 766 ejus
317 726 490 764 divinitatis,
517 727 678 768 gloriaeque
705 733 868 766 consortes,
894 738 928 760 ac

96 769 266 811 participes
278 771 387 808 effecti,
400 771 569 811 superiores
582 772 703 803 omnino
717 773 814 813 bonis,
831 773 928 813 ipsisa

95 814 167 845 Deo
184 815 306 855 paratis,
323 819 424 856 utpote
436 816 595 848 Dominum
610 817 775 858 ipsum,qui
792 817 868 849 bona
880 818 928 849 illa

974 279 1109 318 cognitus
1116 278 1215 317 fuerit,
1224 279 1250 309 al
1265 288 1354 309 enum
1363 278 1547 319 estquemvis
1554 277 1738 318 spiritualem
1747 287 1797 318 ap-

974 323 1090 364 pellavi.
1100 323 1155 360 Qui
1166 329 1266 354 autem
1277 323 1443 364 spiritualis
1456 323 1586 354 nondum
1598 322 1796 363 estquomodo

972 372 1092 400 sanctus
1111 368 1193 399 erit?
1214 368 1263 408 qui
1284 372 1404 398 sanctus
1415 367 1548 398 nondum
1563 371 1608 398 est
1618 367 1725 404 factus,
1743 376 1797 407 per

971 422 1105 453 quienam
1121 413 1178 443 alia
1194 421 1297 453 opera,
1322 411 1515 453 actionesque
1542 411 1645 443 beatus
1667 411 1797 442 evadet?

969 457 1127 488 Beatitudo
1140 457 1220 488 Deus
1232 457 1381 498 est,cnjus
1397 457 1447 498 qui
1461 466 1519 488 non
1531 461 1573 488 est
1584 457 1741 497 particeps,
1750 456 1794 486 vel

970 503 1068 542 potius
1081 511 1170 543 quem
1187 501 1238 543 qui
1255 506 1347 532 totum
1368 502 1399 533 in
1420 511 1452 533 se
1471 512 1529 533 non
1542 501 1640 537 habet,
1657 511 1715 542 quo
1727 505 1794 531 lan-

969 547 1037 578 dem
1058 547 1145 579 modo
1162 547 1287 578 beatus?
1302 547 1394 585 nullo,
1406 552 1438 578 ut
1450 546 1521 578 mihi
1532 546 1654 587 quidem
1667 546 1792 577 videtur.

969 591 1019 623 Sol
1034 592 1099 622 sine
1115 592 1191 630 luce,
1207 601 1276 622 num
1294 592 1409 622 dicetur
1424 592 1468 622 sol
1480 595 1494 623 ?
1509 596 1539 622 et
1563 592 1651 622 homo
1667 590 1792 631 Spiritus

969 636 1063 666 sancti
1078 645 1194 676 expers,
1213 646 1283 667 num
1307 640 1426 667 sanctus
1441 636 1556 667 dicatur
1566 637 1580 666 Ξ)
1596 635 1702 666 Estote
1716 643 1791 666 san-

969 683 1022 718 cli,
1036 680 1075 711 ait
1086 681 1394 722 Dominus,quom’am
1405 690 1457 720 ego
1471 685 1593 712 sanclus
1603 679 1793 716 sum50.Qui-

969 724 1023 755 bus
1041 725 1139 756 verbis
1154 725 1376 766 nosjexplorale
1399 725 1532 765 cognitos
1555 729 1728 765 peccatores
1754 723 1790 754 ad

968 769 1162 801 imitationem
1180 780 1232 811 per
1249 780 1339 811 opera
1356 770 1526 802 misericors
1542 770 1593 801 ille
1604 769 1789 806 cohortatur;

968 824 1002 845 ac
1018 815 1043 845 si
1059 815 1171 846 diceret
1189 825 1196 846 :
1213 815 1353 846 Desistite
1377 824 1394 846 a
1417 815 1507 846 rebus
1533 813 1691 854 improbis,
1709 818 1737 844 et
1753 813 1789 843 ad

95 860 279 899 praeparavit
295 869 347 900 pro
362 860 534 891 haereditate
551 861 739 901 possidentes
754 864 924 894 evaserunt?
936 865 954 888 Β
965 869 1084 890 omnem
1098 860 1272 900 probitatem
1284 859 1457 897 incumbite,
1469 869 1558 890 omne
1567 868 1661 899 genus
1673 857 1790 890 virtutis

95 902 190 934 Tales
205 909 304 936 autem
319 915 369 936 eos
386 907 525 943 evasisse,
542 910 570 936 et
584 916 677 946 usque
693 917 772 938 nunc
787 908 922 946 evadere,

97 957 164 978 non
181 948 247 980 dico
261 954 325 988 post
341 956 467 981 mortem
478 951 585 988 solum,
598 951 650 982 sed
665 951 761 983 adhuc
776 954 923 992 supersti-

96 996 160 1030 tes,
170 997 230 1024 tota
237 994 377 1025 divinitus
387 995 530 1036 inspirata
539 996 691 1036 Scriptura
702 997 798 1035 docet,
808 1007 925 1029 omnes-

99 1047 162 1077 que
175 1039 321 1077 pervitam
332 1045 361 1071 et
375 1049 472 1071 mores
481 1049 550 1071 suos
563 1041 747 1072 sanctitatem
759 1043 921 1081 consecuti,

101 1081 308 1114 testimonium
324 1084 433 1116 lerunt.
443 1085 534 1116 Porro
550 1090 718 1116 sanctorum
735 1087 798 1117 laus
813 1088 921 1125 omnis,

95 1132 126 1156 et
141 1125 297 1159 beatitudo
312 1129 359 1159 his
375 1129 489 1160 duobus
501 1134 626 1167 constat,
643 1131 805 1162 orthodoxa
817 1132 924 1169 ﬁde,et

95 1170 242 1202 laudabili
254 1173 321 1204 vita.
334 1173 406 1204 Item
422 1173 501 1204 dono
517 1175 610 1205 sancti
626 1175 921 1215 Spiritus,etcharis-

98 1219 214 1247 matum
230 1218 306 1258 ejus,
324 1217 440 1248 duobus
453 1218 532 1250 enim
549 1219 595 1250 his
605 1220 660 1251 hoc
671 1220 790 1251 tertium
803 1222 925 1262 copula-

99 1264 160 1290 tur.
178 1262 253 1292 Nam
269 1272 335 1293 cum
351 1262 417 1303 quis
429 1263 517 1294 vitam
535 1263 622 1302 bene,
639 1268 668 1294 et
683 1274 749 1296 cum
765 1266 925 1298 amoreDei

100 1305 245 1343 traduxit,
264 1316 330 1337 cum
345 1316 434 1338 sensu
451 1307 629 1346 orthodoxo,
641 1312 669 1339 et
683 1309 775 1348 gratia
786 1309 922 1351 donatus,

101 1353 192 1389 atque
202 1359 219 1381 a
230 1351 292 1381 Deo
306 1360 359 1391 per
371 1352 465 1382 sancti
476 1351 602 1392 Spiritus
618 1352 729 1384 donum
745 1355 924 1393 glorificatus

102 1397 159 1431 est,
177 1394 332 1426 comitatur
347 1396 431 1427 illum
445 1396 520 1434 laus,
538 1404 566 1427 et
580 1396 617 1428 ab
633 1397 714 1428 omni
727 1398 859 1429 ﬁdelium
870 1401 924 1431 Ec-

99 1437 202 1484 clesia,
219 1439 255 1484 ab
272 1440 468 1482 omnibusque
484 1441 632 1480 magistris
648 1442 713 1482 ejus
728 1443 832 1474 beatus
847 1453 920 1484 pra:-

102 1482 228 1528 dicatur.
245 1483 318 1515 Fide
329 1489 439 1524 autem,
449 1490 477 1516 et
488 1485 629 1526 operibus
644 1486 773 1527 perfecte
786 1482 923 1528 που-ευρ-

966 913 1018 944 pro
1030 904 1142 935 viribus
1153 905 1260 936 vestris
1271 904 1496 944 eonsectemini,
1510 909 1536 935 et
1546 910 1688 944 quantum
1702 906 1788 943 pote-

964 948 1130 986 stis,sancti
1141 949 1267 989 evadite,
1276 949 1300 980 si
1311 950 1398 980 modo
1412 949 1652 980 communionem
1671 957 1787 978 mecum

965 993 1077 1025 habere
1099 994 1286 1026 desideratis.
1303 995 1363 1034 Ego
1391 996 1468 1026 enim
1495 999 1613 1025 sanctus
1636 1003 1713 1030 sum,
1731 994 1787 1023 hoc

965 1042 1020 1074 est,
1038 1048 1139 1079 purus,
1157 1039 1418 1076 incontaminatus,
1435 1039 1523 1080 idque
1537 1039 1715 1070 natura.Vos
1731 1047 1786 1068 au-

965 1087 1022 1113 tem
1033 1083 1062 1113 in
1073 1084 1220 1115 mandatis
1233 1084 1307 1114 meis
1320 1083 1518 1124 exsequendis
1532 1083 1568 1114 ab
1580 1083 1787 1122 inquinamen-

965 1127 1002 1158 tis
1014 1132 1202 1168 peccatorum
1213 1128 1409 1168 abstinentes,
1422 1129 1538 1169 meique
1551 1128 1711 1169 participes
1726 1136 1789 1167 gra-

965 1172 1004 1203 tia
1027 1173 1155 1213 Spiritus
1177 1174 1235 1204 mei
1259 1173 1338 1214 facti,
1363 1174 1457 1204 sancti
1477 1183 1594 1214 quoque
1612 1173 1706 1203 eritis.
1724 1172 1787 1202 Hoc

968 1217 1047 1248 enim
1059 1217 1115 1248 sibi
1131 1218 1203 1255 vult,
1218 1218 1327 1250 Estotc.
1341 1220 1416 1258 Ergo
1427 1218 1503 1249 mala
1516 1218 1656 1258 fugiendo
1670 1222 1698 1248 et
1711 1216 1788 1247 bona

967 1262 1117 1301 operando
1133 1263 1166 1293 ﬁt
1180 1267 1298 1293 sanctus
1314 1263 1402 1294 homo
1418 1273 1424 1294 :
1443 1272 1501 1293 non
1518 1262 1601 1303 quasi
1613 1261 1734 1293 omnino
1751 1270 1787 1292 ex

967 1307 1107 1347 operibus
1117 1308 1320 1340 sanctiﬁcetur
1329 1308 1412 1347 (Non
1432 1306 1733 1347 enimjustiflcabitur
1748 1314 1787 1337 ea;

966 1352 1106 1391 operibus
1120 1351 1194 1392 legis
1215 1353 1313 1384 omnis
1331 1355 1436 1383 anima
1449 1353 1503 1390 5t),
1520 1352 1571 1383 sed
1593 1354 1662 1392 quia
1683 1354 1785 1382 sancto

965 1396 1026 1427 Deo
1042 1406 1094 1437 per
1109 1397 1279 1437 hujusmodi
1301 1397 1450 1427 actionum
1467 1396 1734 1437 frequentationem
1752 1404 1784 1426 se

964 1441 1110 1481 adjungit,
1128 1451 1256 1482 eumque
1270 1441 1326 1472 sibi
1341 1442 1492 1473 conciliat.
1507 1441 1568 1473 Hoc
1585 1451 1672 1482 porro
1693 1439 1783 1470 etiam

963 1487 998 1516 ad
1015 1495 1077 1523 eos,
1095 1486 1145 1526 qui
1156 1487 1219 1526 jam
1235 1485 1372 1526 jSpiritus
1395 1486 1517 1526 gratiam
1543 1488 1734 1526 acceperunt,
1753 1487 1782 1515 et

99 1527 216 1567 positis,
226 1529 408 1560 adorandum
423 1540 457 1561 ac
469 1530 600 1561 divinum
608 1531 751 1572 scriptum
767 1527 916 1574 advenire,
929 1545 948 1571 ρ
963 1531 1063 1571 magis
1075 1531 1194 1571 quidem
1211 1531 1368 1562 Dominum
1385 1531 1485 1562 dicere
1501 1531 1618 1572 opinor.
1636 1529 1691 1567 Qui
1705 1539 1782 1570 prte—

97 1576 128 1602 et
162 1573 273 1604 donum
299 1575 363 1614 ejus
390 1577 524 1615 accipere
553 1585 730 1616 quemquam
760 1577 915 1610 hominum

96 1616 281 1657 impossibile
296 1623 355 1660 est;
372 1620 448 1650 sicut
463 1620 549 1651 etiam
566 1626 684 1651 sanctus
697 1622 826 1653 .lncobus
847 1624 889 1655 ait
906 1635 912 1654 :

100 1661 180 1706 Quid
192 1663 329 1702 proderit
341 1665 450 1703 fratres
466 1667 536 1705 mei,
561 1667 589 1696 si
604 1666 768 1705 quis'dit'at
781 1667 869 1706 ﬁdem
883 1678 915 1700 se

96 1705 314 1748 haberc,opera
330 1713 431 1740 autem
446 1710 516 1748 ﬁdei
531 1718 592 1741 non
607 1710 712 1741 habeat
725 1710 738 1741 .9
753 1705 826 1742 num
838 1712 914 1752 ﬁdes

99 1759 165 1782 eum
181 1752 300 1784 salvere
310 1756 403 1793 potest
417 1755 430 1784 ?
443 1753 598 1791 Quomodo
622 1755 699 1785 enim
725 1764 835 1796 corpus
849 1758 915 1788 sine

97 1796 203 1835 spiritu
215 1801 367 1829 mortuum
379 1801 431 1835 est,
440 1802 483 1829 sic
490 1799 637 1838 ﬁdessine
646 1800 916 1840 operibusynortuu

98 1841 176 1871 est“
194 1841 233 1887 νΕι
244 1842 351 1873 iterum
367 1852 374 1874 :
392 1843 429 1874 Si
439 1845 538 1882 frater
552 1848 605 1876 aut
620 1845 713 1875 Soror
728 1847 804 1877 nudi
815 1850 917 1887 sint,et
933 1859 941 1866 ~

98 1886 360 1924 quotidianovictu
372 1891 494 1927 egeant,
510 1889 590 1920 dicat
606 1893 706 1920 autem
723 1890 834 1930 aliquis
848 1886 916 1923 ves-

98 1932 175 1961 trum
185 1929 256 1971 illis,
266 1930 309 1962 Ite
321 1932 353 1962 in
360 1941 443 1972 pace,
455 1933 705 1972 calefacimini,et
717 1929 914 1974 salui'amiri,

95 1983 153 2005 non
161 1975 278 2006 dederit
288 1979 387 2007 autem
396 1978 437 2007 eis
452 1987 518 2017 qua:
527 1980 698 2009 necessaria
707 1983 776 2009 sun!
784 1982 913 2022 corpori,

95 2020 164 2060 quid
170 2021 323 2059 proderit?
328 2021 372 2052 sic
379 2025 405 2052 et
412 2022 495 2060 fidos,
504 2024 564 2053 nisi
569 2032 658 2062 opera
665 2024 783 2061 habeat,
791 2020 914 2057 mortua

95 2067 176 2108 estin
185 2066 397 2106 semetipsa“.
407 2066 476 2098 ch
489 2071 517 2097 et
528 2067 659 2099 Joannes
670 2070 835 2108 apostolus:
853 2071 912 2102 Fi-

96 2107 167 2146 lioli,
176 2119 235 2140 non
247 2109 416 2148 diligamus
426 2111 526 2148 uerbo,
537 2121 632 2152 neque
642 2113 759 2153 lingua,
767 2115 820 2144 sed
827 2124 913 2154 opere

958 1580 1057 1619 cipere
1073 1578 1198 1614 videtur,
1225 1587 1285 1608 non
1310 1578 1462 1609 ﬁdendum
1475 1578 1565 1615 dono,
1580 1582 1609 1609 et
1619 1587 1672 1619 per
1695 1576 1783 1608 desi-

957 1625 1036 1656 diam
1054 1622 1089 1654 ad
1099 1623 1201 1653 vitiaet
1210 1627 1330 1663 peccata
1340 1623 1538 1664 redeundum,
1549 1630 1578 1653 et
1590 1622 1768 1663 quodammo
1776 1638 1783 1643 ~

956 1669 993 1699 do
1001 1668 1047 1699 his
1055 1667 1095 1697 uti
1104 1667 1211 1697 verbis.
1221 1667 1300 1698 Heus
1307 1671 1335 1697 tu
1345 1667 1562 1707 spiritualisme
1572 1672 1599 1698 te
1607 1667 1665 1697 otio
1675 1666 1780 1702 dedas,

956 1713 1005 1753 qui
1019 1713 1141 1752 gratiam
1158 1711 1408 1752 sanctiSpiritus,
1422 1716 1450 1743 et
1469 1721 1522 1752 per
1532 1712 1613 1742 illam
1628 1720 1674 1742 me
1690 1719 1778 1741 acce-

957 1758 1037 1798 pisti.
1064 1756 1161 1789 Otium
1185 1757 1266 1788 enim
1295 1761 1416 1797 generat
1443 1757 1616 1798 nequitiam,
1647 1755 1779 1796 nequitia

958 1812 1046 1833 omne
1075 1811 1168 1841 genus
1193 1802 1329 1832 vitiorum
1358 1807 1506 1843 procreat.
1523 1802 1670 1834 Mandatis
1693 1801 1781 1840 igitur

959 1846 1091 1887 quotidie
1117 1846 1271 1877 servandis
1291 1851 1410 1877 sanctus
1426 1850 1499 1882 esto,
1517 1846 1665 1887 siquidem
1684 1855 1730 1876 mc
1747 1845 1778 1875 in

959 1896 998 1928 te,
1019 1895 1048 1921 et
1065 1895 1175 1927 tecum,
1193 1892 1266 1929 et',te
1282 1891 1312 1921 in
1329 1901 1385 1928 me,
1401 1895 1430 1922 et
1447 1901 1563 1922 mecum
1579 1901 1645 1922 esse
1660 1890 1713 1921 vis.
1725 1889 1778 1920 Ni-

957 1935 997 1966 hil
1014 1938 1093 1966 enim
1108 1938 1182 1966 adeo
1199 1944 1232 1966 ex
1249 1935 1387 1966 omnibus
1403 1935 1575 1967 inconstans
1591 1939 1620 1966 et
1637 1933 1779 1966 mutabile

957 1984 1012 2017 est,
1030 1985 1060 2010 ut
1084 1989 1167 2010 mens
1191 1981 1332 2017 humana,
1360 1984 1421 2010 tum
1447 1981 1575 2021 denique
1599 1980 1777 2017 consistens,

956 2034 1022 2056 cum
1039 2025 1126 2055 ﬂuxis
1140 2028 1170 2054 et
1186 2025 1304 2064 creatis,
1323 2031 1351 2056 et
1367 2034 1433 2065 quae
1448 2030 1612 2056 cernuntur
1636 2025 1778 2055 omnibus

955 2070 1086 2110 rejectis,
1103 2069 1242 2100 tenebras
1254 2070 1362 2110 quibus
1377 2070 1623 2100 circumfunditur
1640 2074 1777 2109 pertran-

955 2113 1040 2145 sierit

95 2156 124 2183 et
133 2154 350 2186 veritate-wit
361 2164 370 2185 :
382 2155 419 2186 In
430 2155 483 2187 hoc
495 2158 706 2194 cognoscimus,
717 2152 862 2196 quoniam
873 2168 910 2190 eo;
921 2152 943 2177 θ
992 2158 1136 2194 Quoniam
1150 2167 1217 2188 vero
1231 2158 1292 2190 haec
1305 2158 1345 2190 ita
1360 2168 1392 2190 se
1403 2159 1525 2196 habent,
1540 2162 1567 2189 et
1583 2167 1666 2188 mens
1676 2167 1724 2188 res
1733 2161 1779 2188 est

96 2198 216 2229 veritate
231 2204 383 2240 sumus,ct
404 2201 437 2231 in
457 2205 614 2241 conspectu
635 2202 699 2241 ejus
718 2203 911 2235 suadebimus

96 2243 181 2274 corda
190 2246 452 2284 uostra,qu0niam
463 2246 491 2276 si
495 2246 719 2286 reprehenderit
728 2256 782 2278 nos
789 2257 841 2279 cor
847 2258 910 2280 nos-

96 2290 184 2324 trum,
196 2290 295 2327 major
305 2293 348 2320 est
358 2289 434 2320 [)cus
443 2290 530 2321 corde
539 2292 784 2327 nastro,’etnovit
795 2295 908 2325 omnia.

94 2330 128 2378 Si
140 2334 216 2378 enim
222 2341 278 2378 cor
289 2337 428 2365 nostrum
440 2343 502 2365 non
518 2336 747 2374 reprehenderit
756 2338 910 2378 nos,ﬁ(1u-

95 2376 165 2406 ciam
179 2376 323 2408 habemus
338 2379 376 2409 ad
395 2379 501 2419 Deum,
517 2383 545 2410 ct
559 2381 710 2419 quidquid
726 2376 910 2421 petierimus,

95 2421 278 2460 accipiemus.
289 2424 433 2462 quoniam
445 2425 596 2455 mandata
613 2427 678 2463 eius
691 2427 875 2458 custodimus
886 2433 912 2460 et

95 2473 126 2495 ea
132 2473 162 2495 ea
168 2475 232 2505 quae
243 2471 312 2498 sunt
323 2468 439 2507 placita
445 2478 550 2499 coram
559 2478 594 2499 eo
603 2470 733 2508 facimus
744 2471 785 2500 47.
793 2474 823 2502 Et
833 2484 839 2504 :
848 2473 913 2504 [loc

96 2511 135 2539 est
148 2511 324 2542 mandatum
335 2512 453 2551 ejus,ut
469 2513 631 2544 credamus
647 2514 679 2544 in
698 2516 825 2547 nomine
841 2516 913 2548 Filii

97 2553 154 2599 ejus
162 2554 231 2585 Jesu
244 2554 370 2587 Christi.
381 2560 408 2587 et
421 2566 530 2588 seruem
536 2566 571 2588 us
578 2559 722 2590 mandata
736 2569 747 2590 ε
748 2561 799 2599 jus
805 2561 892 2593 48.1%
901 2586 907 2592 .

98 2597 490 2643 Quiservatmandatuejus,
506 2603 538 2634 in
553 2603 612 2634 Deo
625 2609 736 2643 manet,
747 2597 774 2636 Et
788 2607 864 2637 Deus
879 2610 910 2638 in

95 2642 170 2688 eain
176 2642 230 2675 hoc
240 2648 342 2676 autem
353 2647 564 2686 regnascimus
580 2648 660 2688 quod
671 2658 701 2679 ιη
713 2649 800 2680 nobis
812 2657 915 2683 mum»!

95 2687 252 2728 eaSpiritu
271 2698 356 2728 quem
377 2690 460 2722 dedit
479 2691 565 2722 nobis
574 2692 615 2723 49.
626 2691 698 2723 Nam
721 2693 745 2724 si
769 2693 909 2734 Spiritus,

125 2796 148 2838 {93
172 2796 184 2838 I
209 2798 277 2833 Cor.
307 2807 338 2838 ll,
368 2800 399 2830 9.

443 2799 468 2840 μ
494 2799 555 2832 Jac.
587 2810 678 2840 xxxn,
705 2802 812 2836 14—26.
855 2804 882 2825 4⁵
909 2804 988 2838 Ibid.
1008 2807 1117 2839 l5-l7.

952 2212 1072 2243 semper
1089 2203 1220 2238 mobilis,
1235 2213 1386 2244 nunquam
1404 2204 1479 2244 potis
1490 2203 1692 2244 requiescere,
1710 2212 1774 2232 eam

953 2247 1122 2288 sallicitam,
1141 2248 1366 2288 divinarumque
1390 2249 1487 2288 legum
1517 2247 1679 2278 studiosam
1711 2256 1776 2277 esse

952 2298 1080 2331 oportet,
1099 2302 1165 2323 cum
1182 2292 1292 2333 alioqui
1306 2293 1362 2324 vita
1377 2294 1475 2324 omnis
1490 2293 1619 2324 humana
1634 2291 1776 2322 sollicitu-

952 2336 1054 2368 dinum
1072 2341 1100 2367 et
1111 2347 1248 2368 curarum
1267 2337 1353 2377 plena
1368 2338 1417 2375 sit,
1435 2343 1464 2368 et
1479 2348 1512 2369 ex
1530 2347 1562 2368 re
1583 2337 1665 2368 nulla
1681 2337 1776 2376 possit

953 2381 1082 2421 quietem
1111 2391 1227 2422 capere,
1255 2392 1422 2423 quanquam
1441 2383 1469 2412 id
1495 2382 1579 2413 multi
1595 2390 1684 2422 supra
1699 2380 1777 2411 vires

953 2435 1020 2456 suas
1040 2427 1269 2467 facultatemque
1294 2427 1513 2458 contenderunt
1543 2427 1619 2463 Quin
1635 2425 1670 2456 ab
1690 2425 1776 2456 initio

953 2480 988 2501 ea
999 2471 1172 2502 conditione
1189 2472 1326 2502 conditus
1338 2478 1382 2502 est
1394 2472 1494 2502 homo.
1512 2471 1639 2512 Operari
1652 2471 1732 2501 enim
1744 2475 1773 2501 et

953 2515 1102 2547 custodire
1120 2516 1288 2556 paradisum
1302 2516 1402 2556 jussus
1418 2521 1461 2547 est
1483 2517 1624 2556 Adamus,
1651 2520 1679 2546 et
1701 2515 1772 2546 dnm

952 2562 987 2592 ad
1004 2562 1191 2594 honestatem
1215 2572 1380 2599 movemur,
1406 2568 1509 2594 natura
1534 2571 1703 2603 operamur.
1719 2561 1774 2598 Qui

952 2606 1064 2647 itaque,
1074 2607 1133 2638 otio
1142 2611 1172 2638 et
1183 2607 1299 2638 inertia:
1309 2608 1425 2648 seipsos
1436 2608 1632 2648 tradiderunt,
1645 2609 1773 2648 quicun-

952 2661 1010 2690 que
1024 2651 1143 2685 fueriiit.
1161 2651 1271 2692 aiioqui
1288 2653 1383 2683 sancti
1398 2657 1426 2683 et
1441 2652 1622 2692 spirituales,
1634 2652 1663 2682 in
1680 2652 1772 2682 allec-

953 2697 1048 2727 tioncs
1062 2700 1173 2727 natura:
1183 2705 1287 2736 parum
1298 2702 1516 2728 consentaneas
1527 2707 1558 2728 se
1575 2696 1770 2737 praecipitant.

1160 2807 1218 2840 “ll
1247 2809 1331 2840 Joan.
1361 2815 1405 2846 In,
1424 2808 1473 2841 48.
1516 2807 1547 2832 ιτ
1566 2806 1640 2839 Ibid.
1661 2806 1771 2840 19-22.

90 2837 118 2862 48
129 2836 195 2869 Ibid.
211 2838 262 2871 23.
306 2836 337 2865 ⁴9
351 2838 428 2872 Ibid.
443 2839 494 2872 24.
535 2841 568 2868 50
582 2836 676 2875 Levit:
688 2851 729 2881 XI,
747 2844 797 2876 44.
840 2845 867 2870 δί
885 2844 912 2878 G.

960 2836 1099 2886 ιξιιξιῧξ
