1978 3078
144 162 203 196 415

796 164 984 198 SYMEONIS
1005 165 1171 200 JUNIORIS

1773 167 1833 200 416

144 232 276 277 animam
288 242 341 272 pro
352 232 494 264 fratribus
503 236 638 273 prompte
650 233 686 264 ad
703 238 830 264 mortem
848 234 966 265 offerre.
980 239 1001 263 Α
1012 235 1101 267 Multo
1112 236 1201 276 igitur
1216 236 1294 276 ignis
1309 237 1502 276 iutelligibilis
1516 237 1547 267 in
1569 237 1641 277 ipsis
1656 236 1831 276 intelligibi-

143 276 255 307 Audite
270 277 370 317 igitur,
387 277 523 314 obsecro,
541 277 700 309 Christiani
716 278 835 317 fratres,
851 283 878 310 et
890 279 966 310 resi-

144 321 261 360 piscite,
278 326 309 353 et
323 322 429 360 videte,
448 332 517 353 num
534 323 634 354 lumen
656 322 686 354 in
702 323 844 355 cordibus
863 323 967 354 vestris

144 365 291 405 illuxerit;
308 376 379 397 num
402 376 540 407 magnum
566 367 640 398 illud
666 368 766 398 lumen
791 368 966 408 cognitionis

143 410 318 450 aspexeritis
337 422 344 440 :
363 421 434 442 num
451 411 610 443 visitaverit
633 421 682 443 vos
706 411 814 444 Oriens
840 423 874 444 ex
895 413 965 450 alto,

143 455 338 487 illuscescens
352 457 436 488 vobis
452 457 482 488 in
498 456 643 498 tenebris,
661 461 690 488 et
705 457 735 488 in
749 458 854 489 umbra
865 458 968 488 mortis

143 499 318 532 sedentibus
326 501 368 531 69.
377 501 456 532 Deus
466 502 546 532 enim
558 512 624 533 cum
638 501 749 533 nullius
761 506 855 543 egeat,
866 503 968 543 sitque

143 544 293 576 bonorum
320 547 437 587 plenus,
464 546 538 577 nihil
561 556 578 577 a
602 546 688 577 nobis
718 553 824 587 praeter
844 547 967 578 salutem

143 593 273 621 nostram
284 591 410 631 requirit
426 601 433 629 ;
449 600 506 631 qua
521 591 608 622 aliter
621 591 707 631 potiri
719 592 762 622 fas
775 601 833 622 non
845 592 968 632 est,nisi

145 643 229 666 mens
244 641 346 668 nostra
361 637 460 668 divina
479 639 586 668 virtute
602 637 788 675 immutctur,
814 641 844 668 ut
860 638 898 668 sit
913 647 967 668 en-

144 680 221 717 thea,
237 681 266 711 id
280 686 333 719 est,
345 681 464 712 Nimine
478 682 590 722 afﬂuta,
606 691 623 712 a
639 683 699 714 Deo
715 686 790 718 acta,
809 682 870 713 sive
885 682 966 714 omni

143 725 367 764 perturbatione
383 736 498 763 carens,
515 730 543 757 et
563 730 673 757 sancta.
697 729 779 758 Meus
805 727 883 758 enim
908 736 964 758 eu-

1009 281 1086 312 tibus
1103 281 1257 319 oecultior,
1276 285 1304 312 et
1319 291 1444 313 arcanus
1461 282 1563 322 magis,
1577 291 1663 323 quam
1680 281 1832 313 sensibilis

1008 325 1038 356 in
1055 326 1260 357 sensibilibus.

1050 371 1180 401 Proinde
1195 371 1400 411 inspiciamus,
1414 371 1529 411 fratres,
1547 371 1752 411 subtiliterque
1763 379 1830 401 nos-

1010 419 1308 456 metperscrulemur,
1320 421 1347 447 et
1360 425 1570 456 pernosramus
1578 416 1693 447 animos
1702 419 1828 455 nostros,

1011 469 1080 490 num
1104 461 1132 491 in
1157 461 1242 491 nodis
1267 461 1376 492 Christi
1401 461 1585 500 signaculum
1601 461 1648 491 sit.
1674 461 1830 492 Discamus

1009 513 1045 535 an
1061 505 1091 536 in
1108 505 1192 537 nobis
1208 506 1245 535 sit
1261 505 1448 543 Christus,ex
1466 505 1585 536 indiciis
1601 510 1629 536 et
1643 505 1745 545 signis,
1766 514 1831 545 quae

1011 549 1198 589 protulimus.
1216 550 1298 586 Quod
1316 550 1340 581 si
1355 550 1515 587 Christum,
1532 554 1582 580 aut
1600 551 1664 590 ejus
1689 550 1830 590 signacu-

1009 593 1070 624 lum
1088 594 1213 625 necdum
1231 596 1413 636 accepimus,
1430 594 1568 635 dictaque
1584 594 1665 635 signa
1688 594 1717 624 in
1743 593 1830 624 nobis

1008 638 1081 679 ipsis
1094 639 1171 670 haud
1187 639 1388 679 agnoscimus:
1408 640 1479 680 quin
1496 643 1598 670 contra
1614 639 1721 680 potius,
1739 648 1829 670 mun-

1009 683 1064 714 dus
1079 683 1166 714 fallax
1186 684 1216 715 in
1239 684 1326 716 nobis
1341 684 1422 722 vivit,
1440 693 1552 724 nosque
1568 684 1598 714 in
1613 684 1677 724 ipso
1693 683 1830 715 infelices

1006 729 1138 766 vivimus,
1154 730 1333 769 temporaria
1352 729 1450 768 magni
1466 729 1619 766 ducentes,
1638 733 1667 759 et
1680 729 1710 759 in
1727 728 1825 759 tribu-

143 769 212 800 thea
234 774 290 810 est,
312 780 377 811 qua:
393 771 486 802 Deum
506 772 537 802 in
562 781 594 802 se
610 771 707 802 habet.
732 772 810 803 Talis
833 776 931 802 autem
947 782 964 803 a
1006 772 1130 804 lationes
1154 773 1332 810 incidimus,
1361 777 1389 804 et
1416 778 1537 814 propter
1566 773 1756 813 ignominias,
1788 781 1824 804 ac

143 814 304 854 semetipso
317 816 380 846 fieri
391 816 466 847 haud
484 820 587 856 potest,
602 817 664 847 iam
677 817 726 857 qui
739 817 961 857 Deo;perfidem
1005 817 1183 849 detrimenta
1232 819 1398 849 cruciamur
1417 843 1425 856 ,
1471 818 1632 849 honoribus
1685 817 1793 848 divitiis
1817 842 1825 855 ,

144 859 712 908 coniunctusest,perquemandatorum
726 861 961 892 observationem
976 862 1120 908 Bdeliciis
1150 863 1312 902 gaudemus
1342 866 1371 893 et
1405 863 1606 899 exsultamus,
1641 863 1715 903 prob
1740 863 1826 893 dam-

142 901 225 934 illum
251 905 342 942 novit,
369 915 436 936 eum
460 915 576 946 quoque
605 915 657 946 per
681 901 1088 946 contemplationemunum,
1115 901 1190 947 proh
1215 907 1429 946 ignorantiam,
1456 908 1528 948 proh
1553 901 1730 943 cmcitatem,
1747 907 1822 947 proh

144 957 271 980 cernere
287 951 408 981 omnino
425 951 531 990 dignus
557 955 610 982 est.
634 951 690 982 Per
706 952 795 982 fidem
816 952 963 992 siquidem

143 997 254 1024 certam
271 995 404 1026 Christus
419 996 449 1026 in
467 1006 501 1027 eo
518 996 641 1033 habitat,
659 1000 686 1027 et
702 1006 786 1027 mens
795 998 904 1028 enthea
921 997 960 1028 fit

143 1039 282 1071 Servatur
297 1050 384 1080 porro
400 1041 507 1072 anthea
527 1045 555 1072 et
571 1051 617 1079 eo,
635 1042 712 1082 quod
730 1051 778 1072 res
801 1042 836 1072 ad
862 1042 965 1073 Chris-

143 1086 204 1114 tum
222 1086 404 1125 pertinentes
425 1096 545 1126 semper
571 1091 702 1127 exercet,
721 1092 749 1118 et
766 1087 880 1127 legibus
901 1088 965 1128 ejus

141 1129 278 1160 attendit.
290 1130 361 1162 Inde
371 1132 412 1168 fit,
427 1135 456 1162 ut
469 1131 555 1162 etiam
573 1132 710 1162 mandata
726 1132 791 1172 ejus
806 1133 963 1170 custodiat,

141 1175 392 1213 quemadmodum
405 1185 440 1207 ex
454 1186 487 1207 eo
501 1176 577 1216 quod
593 1181 723 1206 mentem
734 1176 875 1207 divinitus
887 1177 965 1207 affla-

140 1221 197 1248 tam
214 1219 314 1254 habet,
327 1221 467 1261 efficitur,
484 1221 661 1251 utmandata
679 1221 787 1252 Christi
799 1225 827 1252 et
842 1222 961 1259 cogitet,

140 1267 169 1293 et
186 1269 384 1304 exsequatur:
402 1265 520 1305 singula
532 1266 610 1296 enim
627 1269 654 1296 et
667 1265 817 1300 cohibent,
836 1266 964 1306 comple-

139 1310 318 1350 ctunturque
333 1310 412 1351 quod
433 1310 599 1350 proximum
614 1314 668 1347 est,
687 1314 715 1340 et
736 1310 912 1341 cohibentur
926 1310 962 1342 ab

1006 950 1169 991 miseriam,
1182 956 1394 992 stuporemque
1409 956 1557 990 nostrum,
1575 962 1591 982 a
1606 951 1713 992 quibus
1725 952 1828 982 subac-

1008 995 1040 1032 ti,
1059 996 1088 1026 in
1106 1003 1213 1026 terram
1229 996 1446 1036 proculcamur.
1462 997 1540 1027 Sane
1556 996 1744 1027 miserabiles
1759 997 1828 1026 lon-

1007 1050 1101 1081 geque
1112 1040 1322 1079 infelicissimi,
1339 1045 1427 1082 atque
1443 1041 1478 1072 ab
1495 1042 1559 1082 ipsa
1574 1046 1684 1072 aeterna
1700 1041 1757 1072 vita
1772 1046 1800 1072 et
1811 1051 1828 1071 ἢ

1006 1095 1100 1126 repno
1116 1085 1258 1116 caelorum
1276 1087 1408 1117 extranei
1435 1096 1550 1123 sumus,
1571 1096 1630 1117 non
1655 1086 1781 1126 amplius
1795 1085 1826 1116 in

1008 1130 1094 1160 nobis
1106 1131 1179 1170 ipsis
1191 1131 1340 1162 Christum
1358 1131 1555 1171 possidentes,
1571 1131 1623 1162 sed
1639 1131 1781 1162 mundum
1795 1131 1824 1161 in

1007 1176 1229 1215 nobismetipsis
1244 1176 1389 1206 viventem
1406 1177 1563 1213 habentes,
1582 1181 1612 1206 ut
1632 1180 1700 1216 pote
1715 1176 1745 1206 in
1762 1178 1824 1216 ipso

1006 1220 1146 1261 viventes,
1165 1225 1191 1251 et
1210 1225 1327 1252 terrana
1340 1221 1500 1261 sapientes.
1527 1222 1581 1258 Qui
1596 1222 1635 1252 ita
1652 1225 1695 1251 est
1710 1221 1824 1252 anima-

1008 1271 1066 1302 tus,
1083 1265 1222 1296 inimicus
1238 1265 1289 1297 Dei
1307 1270 1425 1306 apertus
1450 1271 1503 1298 est.
1528 1266 1600 1297 Nam
1622 1266 1735 1297 affectio
1753 1275 1825 1304 erga

1006 1309 1161 1346 mundum,
1178 1310 1299 1340 inimica
1314 1315 1358 1341 est
1373 1310 1433 1341 Deo
1446 1310 1657 1350 71.juxtaillu'l
1670 1310 1822 1350 Apostoli:

141 1351 217 1394 ipso,
234 1355 483 1396 continenturque
504 1360 532 1386 et
547 1355 712 1386 continent.
738 1354 958 1386 Conlendamus
1003 1354 1048 1385 Ne
1067 1354 1205 1394 diligo/is
1221 1355 1380 1392 mundum,
1403 1365 1498 1395 neque
1519 1365 1554 1386 ea
1579 1364 1645 1395 qua:
1663 1355 1824 1386 inmundo

140 1396 240 1438 itaque
254 1399 308 1430 Dei
323 1400 479 1440 praeceptis
499 1399 681 1430 facessendis
706 1399 773 1439 (per
788 1400 864 1439 quod
882 1399 958 1429 divi-
998 1399 1193 1435 suanQnia
1205 1409 1292 1430 nemo
1303 1404 1397 1438 potest
1408 1401 1468 1431 Deo
1481 1400 1602 1436 servire,
1613 1404 1641 1431 et
1653 1399 1817 1430 secundum

139 1450 210 1472 num
228 1443 328 1474 lumen
345 1444 472 1484 amplius
485 1453 638 1484 apparere,
655 1444 867 1483 etamplificnri
884 1454 957 1474 con-
1003 1444 1154 1474 hominem
1181 1443 1290 1475 vivere.
1309 1446 1386 1475 Vere
1408 1444 1481 1474 nihil
1504 1445 1620 1482 melius,
1645 1445 1761 1483 fratres,
1791 1443 1820 1474 in

138 1487 384 1526 suevit)divinum
402 1489 541 1528 ignemin
555 1489 640 1519 nobis
656 1487 853 1519 abundantius
868 1489 958 1519 alere.
1004 1488 1125 1525 mundo,
1147 1497 1232 1528 quam
1255 1488 1328 1519 nihil
1357 1488 1467 1519 habere
1492 1489 1606 1526 mundi,
1625 1498 1721 1528 neque
1746 1488 1822 1519 ultra

139 1531 175 1562 Ut
198 1532 277 1563 enim
303 1534 380 1573 apud
406 1543 460 1564 nos
482 1533 559 1573 ignis
585 1533 638 1564 sub
663 1543 783 1564 sensum
808 1533 917 1564 cadens
931 1534 990 1574 inc
1004 1543 1038 1567 ea
1052 1543 1116 1572 quin
1132 1533 1248 1573 corpori
1267 1533 1434 1564 necessaria
1449 1540 1527 1571 sunt,
1544 1534 1714 1564 desiderare
1730 1533 1819 1573 quid-

140 1575 221 1615 ligno
237 1578 430 1619 conspicitur,
444 1583 472 1610 et
488 1579 659 1618 scintillula,
677 1578 701 1608 si
718 1578 870 1609 materiam
883 1588 959 1608 comi
1003 1588 1100 1618 quam.
1117 1577 1282 1609 Necessitas
1297 1583 1396 1609 autem
1414 1580 1476 1615 ista,
1505 1579 1530 1609 si
1546 1578 1690 1609 rationem
1717 1578 1819 1610 audia-

138 1621 491 1662 prehenderit,magnam
503 1623 595 1654 facem
608 1623 751 1659 incendit,
768 1623 960 1664 oppositoque
1003 1633 1079 1660 mus,
1095 1627 1139 1654 est
1157 1623 1240 1662 panis
1255 1627 1283 1653 et
1297 1633 1382 1662 aqua,
1400 1623 1609 1654 vestimentum
1623 1628 1652 1654 et
1669 1628 1820 1662 tegumen-

137 1667 319 1698 nutrimento
345 1669 493 1699 flammam
521 1669 671 1708 ingentem
696 1668 818 1698 suscitat
835 1677 842 1699 ε
859 1668 903 1699 sic
927 1678 959 1699 se
1002 1672 1075 1705 tum,
1092 1667 1254 1698 secundum
1270 1668 1400 1698 divinum
1414 1668 1746 1708 ApostoluszubenteS
1759 1669 1819 1699 vic-

137 1711 227 1742 habet
242 1713 318 1752 ignis
333 1713 384 1744 ille
400 1713 574 1754 spiritualis,
587 1714 616 1743 in
639 1712 685 1743 bis
701 1722 765 1753 quae
774 1713 829 1743 soli
845 1712 958 1744 intelli-

136 1757 242 1795 gentiae
258 1762 369 1797 patent.
386 1758 469 1794 Quod
487 1758 575 1797 igitur
591 1758 702 1797 lignum
720 1761 762 1787 est
779 1757 838 1797 igni
855 1767 958 1798 corpo-

135 1806 210 1837 rato,
228 1803 284 1833 hoc
297 1803 395 1834 anima
410 1803 533 1833 rationis
548 1812 669 1843 compos
686 1803 800 1833 habens
823 1803 958 1833 mandata

134 1845 381 1885 igniDivinitatis.
396 1847 459 1878 Non
471 1848 549 1878 enim
562 1848 727 1879 secundum
742 1848 870 1886 seipsam
882 1847 958 1878 Divi-

134 1891 210 1922 nitas
236 1893 424 1932 perspicitur,
453 1893 477 1924 si
502 1893 532 1923 in
557 1892 598 1930 id,
625 1893 703 1932 quod
727 1896 771 1922 est
790 1893 914 1922 rationis
929 1897 959 1923 et

134 1937 251 1968 consilii
268 1939 424 1978 particeps,
449 1947 508 1968 non
534 1937 685 1968 inciderit.
713 1937 798 1968 Sicut
812 1942 909 1968 autem
926 1947 958 1968 se

135 1981 224 2012 habet
236 1981 311 2021 ignis
321 1982 368 2013 hic
380 1987 481 2014 noster
490 1982 520 2013 in
535 1983 591 2019 his,
600 1982 636 2012 ad
646 1991 710 2021 quae
721 1991 827 2012 sensus
841 1982 956 2016 pertin-

135 2025 198 2065 git:
216 2026 254 2056 ita
281 2026 358 2066 ignis
376 2027 570 2067 intelligibilis
590 2027 618 2057 in
646 2027 691 2057 his
707 2036 772 2067 quae
792 2027 827 2056 ad
845 2027 957 2058 intelli-

132 2071 265 2108 gentiam
280 2077 425 2112 spectant.
442 2072 477 2102 Et
489 2071 636 2112 quomodo
651 2071 726 2111 ignis
738 2071 888 2102 sensibilis
899 2081 956 2101 non

131 2115 260 2156 videtur,
278 2116 335 2147 nisi
348 2117 377 2148 in
394 2117 516 2148 materia
531 2117 618 2147 fuerit
631 2116 772 2147 excitatus
787 2116 956 2156 :itaheque

130 2160 330 2200 intelligibilis
342 2162 371 2192 in
385 2162 634 2201 intelligibilibus,
652 2162 708 2191 nisi
726 2161 755 2191 in
771 2161 893 2192 materia
907 2171 955 2191 sa-

1001 1715 1065 1742 tum
1081 1715 1107 1743 et
1123 1712 1272 1749 vcslifum,
1294 1711 1341 1742 his
1362 1713 1492 1742 contenti
1510 1713 1623 1743 erimus
1638 1713 1680 1743 73.
1692 1712 1776 1748 Quod
1793 1711 1818 1742 si

999 1765 1032 1786 re
1048 1756 1145 1796 aliqua
1161 1756 1283 1796 insuper
1298 1755 1464 1794 egebimus,
1485 1756 1548 1796 ipse
1565 1766 1615 1796 pro
1632 1761 1714 1787 certo
1741 1765 1816 1796 prae-

998 1800 1080 1831 bebit
1096 1800 1182 1831 nobis
1196 1801 1385 1840 credentiqus
1395 1805 1423 1831 et
1436 1801 1688 1842 sperantibus,qui
1706 1801 1820 1841 majora

999 1847 1119 1886 largitus
1128 1851 1182 1884 est,
1192 1852 1218 1878 εί
1227 1847 1324 1887 z’mpln'
1337 1856 1428 1878 omne
1440 1847 1560 1878 aninial
1567 1847 1818 1884 benedictiinie“,

1001 1892 1088 1922 modo
1113 1896 1218 1922 czetera
1239 1893 1338 1922 omnia
1361 1892 1449 1932 hujus
1473 1893 1558 1922 fluxae
1582 1897 1609 1923 et
1625 1893 1742 1924 caducae
1755 1893 1820 1923 vita:

999 1936 1222 1976 relinquamus;
1253 1942 1321 1977 puta
1351 1947 1452 1967 vanam
1482 1937 1620 1977 gleriam,
1650 1937 1818 1968 invidiam:

999 1982 1220 2013 contentionem
1237 1990 1382 2019 mu'uam,
1399 1983 1509 2019 dolum,
1539 1983 1816 2021 murmurationem,

999 2027 1088 2062 rixas,
1108 2027 1307 2064 mendacium,
1325 2028 1500 2067 perjurium,
1523 2028 1694 2068 injustitiam
1721 2029 1818 2059 avari—

1000 2071 1080 2108 tiam,
1099 2072 1319 2112 contumeliam,
1337 2072 1528 2109 calumniam,
1547 2073 1821 2110 inaledictum,con-

998 2120 1203 2152 certationem,
1227 2116 1486 2153 obtrectationem,
1502 2116 1751 2153 criminationem,
1770 2127 1819 2148 sn-

999 2160 1145 2200 perbiam,
1162 2160 1314 2192 hominum
1338 2161 1449 2197 odium,
1479 2161 1711 2201 improbitatem,
1728 2167 1817 2193 cente-

129 2215 248 2236 rrorum
279 2207 498 2244 mandatorum,
517 2207 600 2247 quasi
624 2206 653 2236 in
677 2205 765 2245 lignis
783 2206 930 2237 exstiterit
947 2212 1088 2244 :Draque
1101 2205 1249 2244 universa,
1261 2215 1324 2245 quae
1340 2205 1476 2236 diabolus
1491 2215 1583 2245 genus
1595 2206 1755 2237 humanum
1767 2207 1821 2238 do-

130 2250 187 2287 Qui
197 2251 298 2291 diligit
308 2261 367 2291 me,
381 2252 475 2292 inquit
490 2251 798 2291 Dominus,mamlatu
813 2259 876 2281 mea
888 2259 953 2281 ser-

129 2297 223 2333 vabit,
236 2300 265 2328 ct
277 2306 329 2335 ego
349 2297 476 2338 diligam
495 2306 573 2336 eunt,
585 2301 612 2327 et
635 2296 836 2335 nmuifestubo
848 2299 875 2326 ei
891 2305 956 2326 me-

128 2341 228 2381 ipsum
239 2342 280 2370 70.
295 2341 373 2381 Ignis
388 2351 476 2382 quem
490 2351 578 2372 sensu
593 2341 783 2381 percipimus,
799 2344 955 2380 antequam

128 2386 246 2423 emicet,
265 2386 334 2417 latet
352 2386 381 2416 in
398 2386 591 2417 sensibilibus
607 2395 614 2418 :
631 2391 659 2416 et
670 2385 802 2416 abditum
817 2389 860 2416 est
878 2385 951 2415 divi-

128 2440 196 2461 num
215 2431 327 2469 lumen,
339 2432 510 2472 priusquam
524 2431 652 2468 eluceat,
665 2431 694 2460 in
708 2430 754 2460 liis
769 2440 836 2470 quae
848 2429 956 2460 intelli~

126 2475 233 2515 gentize
250 2482 328 2507 sunt.
344 2476 423 2516 Ignis
438 2476 617 2516 principium
644 2485 703 2506 non
720 2474 953 2514 comprehendi-

126 2525 184 2561 tur,
202 2524 306 2561 estque
324 2521 472 2552 occullum
495 2521 524 2551 in
546 2520 755 2551 sensibilibus:
776 2523 806 2550 et
831 2518 952 2550 intelle-

124 2566 230 2597 ctualis
248 2566 325 2606 ignis
338 2566 528 2607 principium,
547 2570 591 2596 est
604 2565 754 2596 occultum
767 2565 794 2594 in
807 2563 898 2594 rebus
913 2563 949 2593 ad

122 2610 350 2650 intelligentiam
368 2611 697 2651 spectantbusA’erum
714 2607 950 2648 :ensibilisignis

123 2656 317 2687 sensibilibus
341 2655 505 2687 substantia
530 2655 636 2685 similis
667 2659 712 2685 est
729 2665 736 2684 :
755 2652 950 2692 intelligibilis

121 2705 219 2732 autem
246 2701 323 2741 ignis
347 2699 587 2738 intelligibilibus
611 2699 776 2730 substantia
796 2697 950 2728 dissimilis

122 2750 177 2782 est,
195 2746 264 2787 quia
279 2746 377 2787 opifex
404 2755 471 2776 cum
487 2744 605 2786 opificio
629 2754 682 2775 suo
708 2744 787 2774 idem
816 2752 875 2774 non
891 2747 947 2773 est.

161 2847 194 2873 69
209 2847 282 2879 Luc.
298 2856 318 2885 ι,
333 2848 384 2886 78,
403 2847 453 2880 79.
497 2847 528 2872 70
542 2847 628 2878 Joan.
646 2854 707 2884 XlY,
722 2845 773 2877 21.

125 2896 223 2929 cxuv,
239 2888 286 2921 16.

817 2845 843 2869 Ἢ
859 2844 923 2876 Jac.
940 2853 982 2886 1v,
1005 2844 1034 2874 4.

997 2249 1057 2279 cuit
1075 2249 1197 2288 Propter
1212 2249 1274 2280 haec
1288 2250 1367 2280 enim
1383 2260 1440 2280 non
1464 2250 1587 2289 diligere
1605 2251 1818 2289 mundum,nec

997 2303 1031 2324 ea
1049 2303 1114 2334 qua:
1130 2294 1159 2324 in
1175 2294 1285 2324 mundo
1302 2300 1381 2331 sunt,
1395 2295 1473 2334 jussi
1485 2305 1599 2325 sumus.
1616 2295 1679 2326 Non
1696 2301 1818 2327 utcrea-

998 2343 1078 2369 turas
1089 2339 1142 2369 Dei
1155 2339 1221 2369 sine
1235 2339 1294 2370 ullo
1308 2339 1482 2370 discrimine
1496 2340 1564 2370 odio
1576 2350 1815 2381 persequamur:

998 2385 1049 2414 sed
1072 2388 1102 2413 ut
1118 2383 1262 2414 malorum
1277 2384 1450 2415 occasiones
1466 2384 1672 2426 praecidamns,
1692 2387 1817 2427 Propter

998 2429 1060 2459 haec
1076 2429 1173 2468 itaque
1191 2429 1346 2467 mundum,
1365 2434 1391 2460 et
1407 2430 1507 2460 omnia
1522 2439 1539 2460 a
1553 2430 1613 2460 Deo
1640 2433 1815 2468 avertentia,

998 2477 1027 2504 et
1041 2473 1075 2504 ad
1095 2473 1258 2512 periculum
1272 2474 1377 2504 animae
1393 2473 1573 2505 deducentia
1587 2474 1732 2513 fugiamus
1748 2485 1814 2506 cen-

997 2527 1058 2548 seo.
1088 2517 1203 2548 Etenim
1231 2518 1297 2558 quis
1313 2519 1414 2557 gloria:
1429 2522 1458 2549 et
1473 2518 1596 2549 honoris
1611 2519 1733 2550 humani
1753 2521 1817 2551 avi-

992 2562 1058 2602 dus,
1089 2566 1255 2592 extremum
1286 2562 1521 2602 vilissimumque
1549 2563 1682 2594 omnium
1703 2574 1736 2595 se
1757 2575 1815 2595 uu-

991 2616 1079 2646 quam
1095 2606 1256 2647 reputabit,
1273 2612 1303 2638 et
1315 2607 1435 2638 humilis
1449 2607 1567 2648 spiritu,
1584 2612 1634 2638 aut
1648 2609 1737 2640 corde
1747 2619 1813 2641 con-

992 2651 1079 2681 tritus
1105 2652 1165 2687 fiet,
1183 2656 1231 2682 aut
1252 2652 1353 2691 lugere
1369 2661 1510 2693 unquam,
1537 2652 1659 2683 omnino
1685 2655 1816 2693 poterit?

991 2696 1062 2732 Quis
1072 2695 1142 2726 item
1154 2706 1256 2727 amans
1263 2697 1392 2736 divitias,
1403 2697 1563 2737 pecuniaru
1569 2705 1656 2737 mque
1663 2705 1692 2728 et
1701 2707 1815 2737 posses-

991 2741 1107 2772 sionum
1117 2741 1275 2782 cupiditate
1285 2741 1540 2782 pessumdatus,ad
1549 2741 1615 2772 aliis
1624 2742 1814 2774 tribuendum

1078 2842 1133 2874 721
1155 2843 1240 2875 Joan.
1259 2853 1292 2882 ll,
1312 2846 1359 2877 15.
1402 2846 1428 2868 73
1444 2847 1455 2878 ι
1470 2845 1547 2877 Tim.
1563 2854 1604 2887 Vl,
1621 2847 1651 2878 8.
1694 2845 1813 2876 7"Psal-
