1978 3078
93 160 153 192 417

799 160 940 196 ORATIO
962 149 1058 195 xin.

1723 159 1783 194 418

97 229 283 268 misericors,
307 234 336 262 et
359 231 457 262 aliena
482 231 557 262 mala
573 230 689 272 dolens,
707 234 736 262 et
749 240 809 262 non
823 231 951 271 potinsA
963 240 1015 271 per
1030 231 1073 270 id,
1086 239 1140 261 nec
1151 230 1245 261 videri
1263 229 1299 261 ab
1315 229 1373 261 alio
1391 239 1398 261 :
1415 229 1466 260 sed
1483 238 1519 260 ex
1535 228 1605 260 inde
1620 229 1691 260 solis
1707 231 1782 263 invi-

97 274 180 305 omni
202 275 264 306 fera
293 275 435 306 immitior
458 280 544 317 atque
561 276 711 307 credulior
726 275 920 307 invenietur?

96 316 169 353 Quis
183 327 264 350 vanae
280 319 381 358 gloriae
393 320 585 360 mancipium,
600 320 806 359 etarrogantia
818 320 920 350 obses-

97 371 160 399 sus,
179 364 338 405 aliquando
350 365 386 395 ab
404 365 576 401 invidentia.
591 365 848 396 etobtrrctatione
859 366 920 396 dis-

96 408 200 438 cedet?
215 408 270 445 Qui
281 413 380 441 autem
393 410 430 440 ad
442 411 576 450 corporis
585 411 671 441 etiam
682 411 846 451 voluptates
857 420 920 450 per-

99 452 241 484 fruendas
250 463 316 485 sese
324 454 512 495 dimiserit,et
519 456 549 486 in
557 465 639 486 cceno
650 455 804 486 libidinum
811 455 922 486 volula-

103 500 287 539 tur,quando
296 500 414 530 tandem
424 500 551 531 mundus
560 501 647 531 cordo
660 499 922 540 evadet,autquan-

96 540 135 571 do
144 544 326 582 etqnomodo
336 543 428 574 Deum
437 544 644 575 fabricatorem
653 553 738 574 suum
751 544 882 574 videbit?

138 586 202 617 Jam
219 588 360 628 paciﬁcus
376 599 433 628 quo
450 593 536 629 pacto
561 589 678 620 futurus
699 593 754 625 cst,
773 588 823 628 qui
839 588 920 628 seip-

96 641 162 662 sum
184 632 321 662 alienavit
346 642 361 663 a
387 633 459 673 Deo,
478 643 533 664 nec
559 633 708 664 dicentem
735 633 841 663 audit:
862 633 920 664 Pro

97 676 216 707 Christo
232 676 378 716 legatio-ne
387 678 561 717 fungimur,
572 682 718 718 tamquam
729 677 791 708 Deo
801 686 857 716 per
867 686 919 708 nos

97 722 286 757 earhortante,
303 722 544 754 reconciliammi
559 724 619 754 Deo
636 724 667 748 75
688 722 827 763 Quisquis
838 722 918 752 enim

98 775 152 806 per
168 767 374 797 mandatorum
391 767 580 798 violationem
598 778 664 798 cum
678 769 738 798 Deo
751 767 859 798 bellutn
870 777 920 806 ge-

96 811 148 847 rit,
165 811 280 842 etiamsi
297 822 400 842 omnes
416 812 493 842 inter
506 821 538 842 se
555 812 766 852 pacificaverit,
784 812 836 842 Dei
847 813 920 842 hos-

97 855 136 886 tis
152 861 214 886 est:
234 856 380 896 siquidem
398 866 453 887 nec
470 861 501 887 ut
525 857 593 897 ipsi,
620 857 698 888 inter
723 866 796 897 quos
819 866 919 895 pacem

97 900 247 931 conciliat.
265 902 326 932 Deo
343 901 488 941 placeant,
507 902 536 931 id
563 901 642 932 facit.
670 903 742 933 Nam
772 911 837 932 cum
858 902 921 941 ipse

961 275 1099 306 sibilibus
1114 275 1250 312 allicitnr,
1276 275 1434 315 nullusque
1452 274 1479 305 ei
1503 274 1606 304 harum
1625 285 1690 315 qua;
1704 278 1780 317 apud

962 329 1015 350 nos
1030 323 1098 350 sunt
1109 329 1207 350 rerum
1225 329 1340 356 sensus,
1354 324 1402 350 aut
1415 328 1485 349 cura
1495 323 1625 359 superat,
1642 329 1708 351 cum
1722 322 1782 354 illic

961 364 1111 404 duplicem
1126 365 1226 404 vitam,
1253 368 1282 394 et
1307 363 1458 402 geminum
1486 368 1635 395 certamen
1663 365 1780 405 habeat,

963 414 1013 440 aut
1029 408 1111 448 regni
1127 408 1265 445 cmlestis,
1279 412 1308 438 et
1323 412 1441 438 aeternae
1461 408 1582 447 gloriae;
1602 413 1651 438 aut
1665 410 1781 449 gehen-

964 463 1019 490 nae,
1036 463 1069 483 ac
1085 462 1178 493 poenae
1194 452 1282 492 ignis.
1308 452 1443 484 Alterura
1473 452 1583 492 quippe
1612 453 1717 485 horum
1743 456 1780 487 ad

963 497 1165 529 haereditatem
1183 497 1394 536 sempiternam
1413 506 1464 536 pro
1478 496 1590 528 meritis
1604 507 1619 528 a
1633 497 1693 530 Deo
1704 501 1781 531 reci-

964 543 1015 584 pit.
1029 542 1173 578 Quocirca
1189 542 1226 571 ob
1240 542 1301 572 hinc
1317 542 1462 572 fallaciam
1479 541 1568 581 hujus
1583 542 1658 581 vita),
1673 550 1701 575 et
1717 555 1782 586 quae

963 592 1092 628 putatur,
1104 587 1169 626 ejus
1181 587 1309 617 laetitiam
1322 586 1480 626 fugiamus.
1496 590 1524 616 et
1533 586 1569 617 ad
1581 587 1676 618 solum
1686 589 1783 621 Cbris~

963 638 1022 662 tum
1048 632 1214 662 animarum
1241 631 1422 662 Salvatorem
1450 640 1652 673 accurramus,
1670 643 1780 674 quaeso.

961 677 1045 708 Hunc
1071 675 1204 707 invenire
1228 675 1412 712 studeamus,
1438 675 1487 715 qui
1514 675 1624 716 ubique
1652 687 1783 717 praesens

961 723 1054 759 adest,
1073 725 1101 751 et
1117 720 1272 751 inventum
1294 724 1458 756 teneamus,
1477 721 1676 761 prostratique
1696 724 1782 763 pedi-

962 767 1017 797 bus
1032 768 1108 806 ejus,
1127 775 1177 796 eos
1191 765 1304 796 fervide
1320 765 1548 805 amplectamur.
1570 765 1623 796 Eia
1643 766 1782 809 obsecro,

962 812 1134 843 studean'us
1145 811 1214 841 dum
1232 819 1426 850 supersumus
1439 809 1536 850 ipsum
1549 810 1648 841 videre
1664 815 1692 842 et
1708 822 1781 843 con-

964 857 1109 897 lctrplari.
1131 856 1160 888 Si
1175 856 1254 887 enim
1275 855 1360 895 digni
1380 854 1568 896 habebimur,
1589 855 1640 896 qui
1653 865 1719 887 eum
1734 857 1784 888 hic

963 911 1053 932 sensu
1068 901 1178 941 vigenti
1193 901 1358 937 videamus,
1373 909 1431 930 non
1442 900 1617 940 moriemur,
1625 910 1704 932 mors
1713 912 1784 934 uos-

99 945 214 984 primus
235 946 273 977 sit
288 946 426 977 inimicus
448 946 493 976 sui
508 956 542 977 ac
558 946 623 983 Dei,
651 946 764 977 inimici
780 946 832 977 Dei
848 947 950 986 fiuntB
964 947 1001 977 tri
1027 955 1085 977 non
1111 945 1312 976 dominabitur
1334 945 1376 976 76.
1403 945 1447 976 Ne
1470 949 1676 984 exspectemus
1701 951 1733 977 ut
1751 947 1782 978 in

98 990 187 1021 etiam
203 991 244 1028 hi,
263 991 313 1031 qui
327 1000 378 1031 per
388 991 460 1022 tales
473 1000 576 1031 pacem
591 992 821 1031 amplectuntur.
836 993 920 1022 Pror-

962 992 1059 1022 futuro
1077 1000 1143 1021 eum
1156 991 1319 1030 videamus,
1337 990 1389 1020 sed
1406 999 1485 1020 nunc
1500 999 1567 1020 eum
1579 990 1681 1022 videre
1693 992 1782 1022 anni-

98 1044 150 1065 sus
165 1035 242 1066 enim
260 1035 310 1076 qui
325 1036 465 1066 adversus
490 1036 660 1076 quempiam
683 1036 821 1067 hostilem
847 1036 921 1075 gerit
963 1039 1069 1073 tamur,
1084 1045 1149 1066 cum
1157 1035 1323 1066 etJoannes
1333 1034 1500 1074 Theologus
1510 1034 1549 1064 ita
1561 1034 1782 1068 dicat:Scimus

97 1080 242 1117 animum,
259 1090 323 1120 quae
338 1081 415 1111 hosti
432 1080 568 1112 videntur
583 1085 612 1112 et
627 1081 744 1121 placent
759 1081 874 1111 caeteris
885 1090 919 1111 ex
962 1084 1073 1118 autem,
1088 1090 1166 1121 quon
1174 1082 1233 1111 iam
1245 1081 1338 1111 Deum
1349 1079 1491 1110 habet/tus
1503 1080 1535 1110 in
1552 1081 1690 1111 cordibus
1709 1091 1781 1113 nos-

97 1124 198 1155 animo
224 1125 361 1161 suadere,
393 1129 421 1156 et
446 1125 554 1157 docere
580 1135 631 1156 eos
654 1126 764 1166 facere,
790 1135 855 1165 quae
871 1125 921 1156 ille
963 1129 1029 1163 tris,
1054 1135 1093 1157 ex
1116 1126 1246 1166 Spiritu,
1269 1134 1358 1164 quem
1383 1125 1420 1155 ab
1447 1126 1508 1163 ipso
1540 1126 1712 1165 accepimus
1739 1128 1781 1159 77.

97 1169 171 1206 vult,
199 1170 303 1207 nescit,
330 1174 432 1210 utpote
461 1170 519 1200 alia
545 1170 604 1210 via,
628 1174 657 1200 et
680 1170 758 1200 illius
780 1170 922 1202 voluntati
963 1170 1137 1211 Quicunque
1163 1170 1250 1209 igitur
1275 1169 1364 1200 [idem
1396 1169 1423 1200 in
1454 1169 1550 1209 ipsum
1582 1179 1617 1200 ex
1643 1170 1785 1211 operibus

99 1214 248 1244 contraria
263 1215 418 1246 incedens.
435 1216 547 1255 Itaque,
561 1215 663 1246 dilecti
681 1215 797 1251 fratres,
819 1214 915 1245 oderi-
963 1215 1118 1246 infractam
1144 1224 1178 1246 ac
1200 1214 1336 1245 stabilem
1353 1213 1536 1252 ostendistis,
1554 1224 1620 1254 qua;
1634 1225 1651 1245 a
1666 1216 1753 1246 nobis
1768 1226 1785 1247 a

100 1267 167 1289 mus
194 1259 349 1296 mundum,
367 1263 396 1290 et
411 1269 447 1290 ea
463 1269 528 1300 quae
555 1260 585 1290 in
612 1259 722 1290 mundo
750 1263 818 1290 sunt
845 1258 921 1295 Quid
965 1260 1112 1300 principio
1129 1260 1208 1290 dicta
1219 1264 1288 1290 sunt
1304 1264 1451 1297 accurate,
1465 1258 1601 1299 beneque
1615 1260 1782 1300 dijudican-

99 1313 229 1343 namque
246 1303 330 1334 nobis
345 1313 412 1334 cum
429 1304 551 1341 mundo,
564 1307 593 1334 et
608 1313 674 1334 cum
687 1304 722 1334 iis
733 1304 782 1344 qui
796 1304 824 1334 in
840 1313 923 1334 mun-
965 1309 1019 1342 tes,
1037 1308 1150 1342 cavete,
1163 1314 1201 1334 ne
1212 1304 1280 1334 dum
1294 1303 1401 1343 putatis
1417 1313 1469 1334 vos
1482 1303 1626 1334 christum
1643 1305 1671 1335 in
1685 1305 1784 1336 vobis-

100 1347 138 1377 do
149 1347 247 1378 vivunt
262 1348 456 1379 hominibus?
471 1348 683 1380 Desideremus
696 1353 797 1379 contra
809 1348 923 1378 medul-
965 1355 1025 1379 met
1039 1348 1160 1386 habere,
1174 1358 1232 1378 non
1244 1347 1486 1378 animadverlatis
1502 1357 1552 1378 vos
1570 1348 1644 1379 nihil
1660 1349 1783 1387 habere,

99 1392 180 1432 litus,
197 1402 261 1433 quae
277 1393 356 1424 Deus
371 1393 510 1434 amplecti
527 1403 579 1424 nos
600 1393 697 1433 jubet.
718 1397 920 1434 paupertatem
963 1393 1120 1434 vacuisque
1136 1393 1272 1423 manibus
1288 1402 1304 1423 e
1315 1392 1372 1423 vita
1386 1392 1605 1431 subducamini,
1619 1398 1648 1425 et
1660 1394 1786 1426 audiatis

100 1437 232 1476 spiritus,
250 1447 337 1477 quam
354 1438 475 1469 divinus
491 1448 589 1469 sermo
609 1438 804 1468 humilitatem
822 1438 920 1468 nomi-
964 1438 1053 1478 (quod
1078 1438 1155 1468 Deus
1179 1438 1302 1477 avertat)
1332 1447 1434 1468 vocem
1461 1437 1541 1468 illam
1572 1439 1747 1470 horribilem
1776 1450 1782 1469 :

100 1487 171 1513 nat:
190 1482 300 1512 luctum
317 1487 491 1523 perpetuum
509 1483 556 1513 die
581 1492 614 1513 ac
633 1487 772 1522 nocte,ex
788 1492 845 1522 quo
861 1486 922 1512 tan-
967 1483 1072 1514 Tollite
1087 1483 1163 1522 quod
1186 1491 1292 1514 servus
1321 1491 1448 1521 nequam
1478 1483 1597 1514 videtur
1621 1483 1739 1521 habere,
1757 1487 1787 1515 et

101 1535 190 1566 quam
205 1536 220 1557 e
235 1526 314 1557 fonte
325 1528 466 1566 gaudium
478 1528 595 1565 animae,
613 1527 815 1558 etconsolatio
828 1527 920 1558 Deum
931 1557 950 1566 η
963 1528 1031 1558 date
1044 1528 1111 1566 plus
1124 1527 1249 1558 habenti
1263 1528 1304 1558 78.
1318 1528 1400 1558 Tunc
1414 1527 1443 1556 in
1455 1536 1575 1558 omnem
1591 1528 1783 1559 aeternitatem

100 1571 296 1610 diligentibus
312 1572 340 1602 in
359 1572 447 1603 horas
463 1573 594 1612 proﬂuit.
613 1573 652 1602 Ex
669 1573 724 1603 hoc
738 1572 876 1603 omnibus
892 1571 921 1602 in

101 1616 227 1647 veritate
257 1616 438 1647 certantibus
463 1617 657 1648 mansuetudo
682 1617 770 1648 etiam
796 1617 924 1647 feliciter

102 1661 246 1700 procedit,
275 1661 419 1700 justitiatn
451 1661 652 1692 esurientibus
676 1671 711 1692 ac
740 1661 921 1700 sitientibus,

100 1713 280 1745 semperque
294 1714 417 1743 regnum
433 1705 498 1742 Dei,
520 1705 597 1746 quod
615 1715 734 1736 omnem
761 1707 922 1736 humanum

103 1758 224 1780 sensum
241 1754 408 1790 exsuperat,
426 1751 639 1790 quazrentibus.
658 1752 760 1790 :‘quur
781 1751 837 1781 hoc
856 1754 922 1781 tan-

104 1796 179 1831 tum,
210 1794 262 1825 sed
293 1799 321 1825 et
343 1795 514 1835 quempiam
545 1795 768 1826 misericordem
794 1795 871 1832 fieri,
896 1799 925 1826 et

104 1838 214 1869 mundo
231 1839 332 1877 corde,
356 1839 476 1879 plenum
501 1840 591 1880 pacis,
609 1844 638 1870 ct
659 1839 826 1880 paciticum,
850 1849 924 1871 con-

103 1887 209 1924 traque
225 1884 402 1914 tentationes
418 1885 585 1915 animosum
602 1893 636 1914 ac
652 1884 765 1915 virilem
783 1885 851 1915 hinc
869 1889 923 1922 est,

104 1937 141 1958 ex
157 1928 331 1967 quotidiana
348 1929 427 1959 luctu
446 1929 594 1960 videlicet.
611 1929 687 1960 Hinc
704 1930 771 1960 item
789 1933 927 1969 peccato-

105 1982 171 2003 rum
198 1973 298 2003 odiuni
323 1974 352 2003 in
378 1973 464 2003 nobis
493 1975 633 2004 nascitur.
666 1973 739 2004 Ilinc
767 1973 882 2004 divinas
897 1974 926 2005 in

106 2017 206 2047 anima
220 2017 302 2048 zelus
317 2018 500 2055 accenditur,
518 2018 570 2058 qui
586 2018 665 2049 nullo
679 2018 766 2048 modo
783 2028 847 2048 enm
864 2019 926 2058 qui-

106 2071 222 2102 escere,
238 2066 287 2092 aut
305 2071 371 2092 cum
391 2062 534 2102 improbis
545 2063 580 2092 ad
593 2062 814 2103 improbitatem
830 2063 926 2093 decli-

107 2115 179 2137 nare
189 2107 315 2146 patitur:
334 2107 387 2137 sed
404 2116 467 2137 ram
483 2106 618 2138 virilitate
634 2117 668 2138 ac
685 2107 794 2137 virtute
810 2107 924 2148 implet,

107 2159 165 2190 quo
182 2150 211 2180 in
226 2150 315 2181 rebus
330 2151 470 2182 adversus
486 2161 582 2191 usque
592 2152 627 2182 ad
641 2151 732 2182 ﬁnem
748 2156 926 2192 perseveret.

964 1572 1128 1612 plorahitis.
1145 1576 1174 1602 et
1190 1571 1340 1611 lugebitis,
1359 1576 1388 1602 et
1401 1571 1604 1604 tristabimini.

1244 1625 1386 1657 ORATIO
1414 1625 1504 1657 XXII.

1267 1680 1480 1704 ARGUMENTUM.

965 1725 1036 1758 Quid
1058 1726 1112 1754 sibi
1135 1726 1200 1754 velit
1222 1735 1230 1753 :
1256 1737 1267 1752 ι
1295 1727 1349 1760 Qui
1372 1726 1540 1759 crediderit,
1569 1732 1595 1754 et
1624 1726 1786 1762 baptizalus

999 1763 1096 1798 fuerit,
1111 1763 1204 1790 salvus
1218 1763 1272 1790 erit
1294 1771 1303 1790 :
1323 1762 1372 1798 qui
1389 1769 1453 1790 vero
1467 1770 1523 1790 non
1543 1762 1703 1794 crediderit,
1720 1770 1785 1791 con-

1001 1798 1176 1826 demnabitur
1190 1798 1226 1824 79.
1247 1808 1256 1823 ι
1276 1799 1342 1832 Qum
1354 1798 1409 1826 sint
1427 1798 1574 1826 charitatis
1595 1806 1662 1834 erga
1686 1799 1786 1833 Deum,

1001 1836 1026 1862 et
1046 1834 1210 1869 proximum
1234 1837 1409 1866 argumenta.
1426 1835 1461 1861 De
1472 1834 1604 1869 perfecta,
1620 1836 1645 1862 et
1659 1842 1788 1862 consum-

1003 1872 1078 1897 mata
1093 1870 1239 1902 choritutc,
1255 1871 1365 1933 ejusgue
1382 1870 1538 1906 efﬁcientia.
1557 1869 1618 1898 Nisi
1633 1871 1677 1898 hic
1691 1871 1787 1898 chari~

1004 1906 1078 1933 tatis.
1095 1909 1118 1932 et
1131 1906 1299 1933 sanctissimi
1333 1906 1434 1933 uiritus
1449 1907 1594 1933 participes
1608 1907 1669 1933 ﬁeri
1679 1906 1786 1933 labore-

1004 1906 1078 1935 tatis.
1095 1909 1118 1932 et
1131 1906 1299 1934 sanctissimi
1313 1906 1434 1942 Spiritus
1447 1907 1594 1941 participes
1606 1907 1669 1942 ﬁeri
1679 1906 1786 1934 labore-

1002 1949 1074 1974 mus,
1091 1949 1146 1969 non
1160 1949 1246 1978 posse
1264 1949 1312 1969 nec
1326 1941 1496 1978 ﬁdelestnec
1509 1941 1699 1978 Christianos
1719 1949 1785 1978 esse.

1004 1977 1205 2014 necrﬁliosDei
1218 1977 1355 2014 appellari
1371 1989 1377 2004 :
1394 1977 1546 2014 sedrthlt'us
1558 1985 1610 2014 pro
1632 1977 1787 2013 inﬁdelibus

1003 2013 1033 2040 in
1043 2013 1087 2040 die
1096 2012 1199 2048 judicii
1213 2013 1424 2041 condemnatum
1438 2013 1486 2040 iri.

1007 2062 1150 2093 Dominus
1165 2071 1199 2092 ac
1212 2063 1290 2093 Deus
1306 2066 1407 2092 noster
1416 2062 1501 2092 Jesus
1513 2062 1658 2103 Christus,
1668 2072 1786 2102 germa-

967 2116 1022 2137 nus
1044 2106 1095 2137 Dei
1112 2106 1205 2137 Patris
1221 2106 1323 2143 Filius,
1342 2106 1476 2146 ejusdem
1492 2116 1560 2137 cum
1581 2106 1631 2137 illo
1646 2107 1784 2138 substan-

970 2151 1027 2189 tiae,
1045 2155 1168 2186 natura}.
1185 2150 1296 2190 gloriae,
1314 2151 1424 2181 sedens
1445 2151 1476 2180 in
1501 2150 1606 2181 eodem
1625 2152 1741 2188 throno,
1759 2156 1787 2182 et

107 2196 278 2225 Curramus.
297 2205 523 2236 persequamur,
544 2196 639 2227 donec
654 2196 805 2237 quippiam
823 2206 838 2227 e
851 2195 1070 2240 stan-Dthroni
1090 2195 1199 2231 socius.
1219 2195 1249 2225 in
1265 2195 1351 2226 Patre
1368 2204 1502 2240 manens,
1519 2195 1597 2226 sicut
1612 2200 1641 2226 et
1657 2195 1743 2227 Pater
1757 2196 1788 2226 in

109 2239 199 2279 tibus,
222 2249 255 2270 ac
285 2240 408 2270 minime
437 2241 597 2272 ﬂuentibus
625 2242 924 2281 comprehendamus.

87 2283 270 2315 ’Prtesentia
297 2289 402 2316 cuncta
426 2289 561 2325 pereunt,
579 2290 608 2315 et
633 2290 664 2316 ut
687 2286 802 2316 somnia
820 2290 927 2325 praete—

107 2333 206 2366 reunt,
224 2329 358 2370 nihilque
388 2330 468 2360 inter
497 2339 530 2360 ea
558 2339 622 2370 qua;
645 2330 739 2360 oculis
754 2330 926 2370 aspicimus,

109 2373 229 2404 ﬁrmum
244 2378 299 2411 est,
314 2384 347 2405 ac
363 2375 476 2405 stabile.
492 2374 551 2411 Sol,
566 2379 654 2412 astra,
668 2375 785 2412 caelum,
797 2379 826 2406 et
837 2379 926 2415 terra,

109 2418 208 2448 omnia
225 2423 399 2457 transeunt;
414 2419 494 2450 solus
510 2429 543 2449 ex
561 2419 698 2449 omnibus
714 2420 803 2450 homo
817 2424 927 2451 manet.

109 2461 186 2498 Quid
202 2473 271 2503 ergo
281 2473 313 2494 ex
324 2464 554 2503 aspectabilibus
565 2463 710 2494 universis
721 2465 860 2503 prodesse
873 2475 927 2495 no-

109 2507 156 2538 bis
171 2508 290 2548 potcrit,
308 2518 374 2539 cum
396 2508 555 2548 moriendie
569 2509 730 2539 necessitas
752 2509 929 2540 advenerit‘.l

109 2562 175 2584 cum
193 2553 262 2584 hinc
273 2553 308 2583 ad
321 2553 402 2583 illam
413 2553 492 2584 illius
507 2553 608 2584 saeculi
622 2553 755 2593 requiem
768 2554 927 2594 abibimus,

111 2601 141 2628 et
157 2598 272 2636 fugacia
285 2598 338 2628 ista
351 2602 415 2637 post
427 2607 481 2628 nos
492 2597 695 2638 relinquemus
705 2599 719 2628 ‘2
735 2597 818 2634 Quod
828 2599 852 2629 si
870 2598 931 2629 haec

112 2642 239 2674 visibilia
268 2643 401 2673 nondum
441 2642 626 2678 transibunt,
659 2642 727 2682 quid
756 2643 831 2673 lucri
861 2642 930 2673 inde

113 2686 211 2726 nobis,
228 2697 262 2718 ex
285 2687 341 2718 hoc
352 2687 458 2718 smculo
475 2691 568 2718 morte
584 2687 736 2726 digressis,
754 2692 782 2718 et
797 2689 845 2719 hic
861 2697 930 2719 exa-

112 2731 188 2762 nimi
210 2732 313 2763 relicto
339 2733 490 2772 corpore?
515 2734 556 2763 Ex
579 2740 638 2772 quo
654 2732 732 2762 enim
749 2733 847 2764 anima
864 2743 933 2764 cor-

969 2241 1046 2281 ipso,
1062 2240 1098 2271 ad
1115 2240 1277 2277 miseriam,
1293 2239 1546 2280 aﬂlictionemque
1561 2245 1702 2276 nostram,
1716 2241 1788 2281 quin

970 2286 1058 2316 etiam
1074 2285 1110 2316 ad
1126 2284 1310 2324 servitutem,
1327 2294 1414 2325 quam
1433 2293 1484 2325 per
1500 2289 1652 2325 peccatum
1669 2285 1705 2316 ab
1729 2286 1788 2316 ini-

971 2330 1047 2360 mico
1073 2330 1198 2362 seducti.
1225 2329 1323 2360 eidem
1349 2329 1469 2360 inimico
1492 2329 1705 2368 serviebamus,
1723 2339 1789 2361 cum

969 2374 1161 2414 respexisset,
1175 2373 1357 2413 benignitate
1367 2383 1420 2404 sua
1435 2377 1544 2414 quanta
1554 2373 1614 2406 dici
1624 2384 1683 2405 non
1695 2378 1792 2415 potest

970 2428 1023 2450 nos
1040 2419 1206 2458 miseratus,
1219 2418 1378 2459 volensque
1389 2428 1405 2449 e
1418 2419 1569 2456 servitute,
1578 2423 1607 2450 et
1618 2419 1791 2450 seductione

971 2463 1140 2503 turpissima
1150 2463 1279 2503 eripere,
1294 2468 1371 2494 totus
1384 2463 1456 2495 inde
1467 2463 1622 2494 descendit
1633 2470 1787 2504 paternum

970 2508 1067 2538 sinum
1084 2507 1161 2538 haud
1177 2507 1361 2548 relinquens,
1378 2512 1408 2538 ut
1424 2509 1486 2548 ipse
1505 2509 1597 2547 novit,
1608 2514 1636 2539 et
1648 2509 1792 2540 exsistens

971 2553 1002 2583 in
1018 2555 1108 2592 terra,
1125 2552 1155 2582 in
1171 2552 1314 2589 tenebris,
1333 2556 1361 2583 et
1377 2553 1406 2583 in
1424 2552 1527 2584 umbra
1545 2553 1650 2585 mortis
1664 2554 1794 2585 sedenti-
1812 2587 1813 2590 η

973 2597 1028 2627 bus
1056 2597 1192 2637 apparuit
1213 2597 1274 2637 79‘,
1290 2597 1327 2628 de
1353 2596 1465 2638 Spiritu
1495 2602 1609 2635 sancto,
1640 2602 1669 2629 et
1692 2602 1794 2630 sancta

973 2650 1092 2681 semper
1109 2640 1230 2681 Virgine
1245 2641 1336 2673 Maria
1350 2641 1487 2672 humanis
1502 2642 1625 2673 artubus
1639 2647 1794 2673 contectus

974 2686 1123 2717 videlicet.
1140 2687 1272 2727 Cumque
1288 2686 1481 2727 ambulasset,
1498 2691 1526 2717 et
1541 2696 1608 2718 cum
1624 2687 1794 2717 hominibus

975 2729 1063 2761 nobis
1077 2740 1111 2761 ac
1128 2731 1334 2771 peccatoribus
1353 2735 1544 2762 conversatus
1559 2734 1650 2768 esset,
1666 2740 1701 2762 ac
1716 2731 1794 2762 divi-

113 2786 170 2817 pus
196 2786 281 2807 suum
308 2776 486 2815 deseruerit,
504 2785 559 2808 nec
582 2776 684 2808 videre
699 2777 825 2817 amplius
840 2782 936 2818 potest
977 2784 1045 2806 nam
1060 2776 1176 2808 vivendi
1191 2776 1349 2814 rationem,
1366 2775 1547 2817 modumque
1563 2775 1650 2807 nobis
1668 2776 1792 2808 demon-

153 2843 224 2875 7511
241 2844 310 2874 Cor.
325 2852 356 2883 v,
371 2845 422 2876 20.

466 2843 497 2869 ⁷6
519 2845 605 2876 Rom.
622 2852 663 2881 v1,
679 2843 699 2875 8
714 2852 797 2884 seqq.

111 2885 145 2912 72
159 2885 216 2918 Isa.
233 2892 273 2916 1x.

841 2845 871 2869 77
884 2844 969 2877 Joan.
986 2853 1006 2882 l,
1025 2843 1075 2874 t3.

1118 2843 1149 2868 '78
1163 2844 1236 2874 Luc.
1262 2851 1322 2881 XIX,
1339 2841 1379 2874 24
1391 2850 1476 2883 seqq.
1519 2841 1551 2867 79
1564 2842 1654 2875 Marc.
1669 2851 1729 2883 xw,
1746 2843 1795 2875 l6.
