1978 3078
153 174 213 212 419

805 170 995 208 8ῩΜΕΟΝῘ8
1014 173 1190 210 JUNIORIS

1783 175 1844 209 420

152 251 286 286 strasset,
304 249 508 288 przeceptaque
524 244 665 275 salutaria
681 245 791 275 sanctis
816 243 1004 284 discipulisA
1015 244 1107 283 magis
1122 248 1154 274 ut
1168 243 1309 281 inﬁdelis,
1326 247 1375 274 aut
1391 243 1480 274 etiam
1502 243 1617 275 inﬁdeli
1641 243 1775 275 deterior
1786 243 1840 283 ju-

152 293 213 324 suis
226 292 378 331 edidisset,
392 299 495 322 rursus
510 289 546 320 ad
563 293 676 330 patrem
693 299 777 320 suum
795 299 862 320 cum
881 289 974 329 gloria

151 337 294 376 ascendit,
308 334 492 367 datoiisdem
508 334 659 371 mandato,
675 344 783 375 nempe
796 335 852 365 hoc
866 345 872 364 :
886 334 972 365 Eun.

151 386 193 413 tes
207 381 323 413 docetes
338 389 441 411 omnes
457 378 767 419 gentes,baptizantes
776 388 823 410 eos
832 381 863 409 in
871 378 973 409 nomi-

150 436 189 458 ne
199 426 313 463 Patris,
323 430 350 457 et
358 425 439 461 Filii,
448 429 476 455 et
488 424 621 464 Spiritus
643 427 756 462 sancti,
773 424 909 455 docentes
925 432 974 454 eos

149 479 276 503 servare
286 471 400 502 omnia.
409 470 474 501 Non
483 470 539 499 hoc
549 474 600 500 aut
613 469 686 499 illud
699 478 828 505 servare,
842 468 895 499 sed
906 477 972 499 om-

150 517 205 547 nia
213 523 408 556 qumcumque
418 514 563 545 mandavi
573 513 656 544 vobis
665 513 707 544 80.
718 513 862 549 Quoniam
873 517 972 543 autem

151 560 235 600 dixit,
248 559 374 595 Omnia,
388 558 462 589 nihil
472 558 670 598 praetermisit,
686 558 763 598 quod
777 567 835 588 non
852 566 973 588 servare

147 605 280 645 jusserit.
302 603 377 640 Quid
393 602 544 644 amplius?
557 602 618 640 Qui
634 603 809 638 crediderit,
824 602 928 642 inquit,
945 605 974 633 et

151 650 323 689 baptizatus
337 648 445 688 fuerit,
459 647 645 678 satvabitur:
656 648 709 687 qui
724 651 826 678 autem
841 655 903 677 non
914 655 973 677 cre-

150 694 270 731 diderit,
278 690 617 724 condemnabitur.Num
629 691 852 731 igitur,’fratres
863 690 973 722 charis-

149 738 230 779 simi,
239 737 310 778 quid
322 738 379 768 hoc
390 737 429 768 sit
440 737 544 770 nostis.
555 737 634 777 quod
645 737 703 767 ait:
718 736 780 774 Qui
799 736 970 771 crediderit,

1015 287 1182 326 dicabitur;
1199 288 1338 329 quoniam
1353 288 1384 318 in
1400 288 1563 328 majoribus
1575 288 1695 329 quidem
1709 288 1839 319 confite-

1015 336 1062 363 tur
1073 343 1106 364 se
1124 334 1241 365 Christo
1256 333 1389 371 credere,
1408 333 1439 364 in
1461 333 1594 364 minimis
1608 337 1708 364 autem
1725 334 1836 373 ipsum,

1014 377 1223 409 universorum
1245 377 1349 414 Deum,
1363 388 1396 409 ac
1418 377 1576 408 Dominum
1601 377 1790 410 contemnit:
1811 381 1842 408 et

1015 423 1158 462 profitens
1169 432 1202 453 se
1217 423 1247 453 in
1258 422 1324 454 aliis
1340 422 1463 453 credere
1478 426 1510 453 ut
1525 422 1596 462 Deo,
1612 431 1695 463 aeque
1718 426 1750 452 ut
1772 422 1820 452 cui
1831 439 1839 444 -

1016 467 1093 506 piam
1116 467 1244 507 plebeio,
1261 477 1295 498 ac
1320 467 1432 506 vulgari
1454 467 1541 498 ﬁdem
1558 467 1694 506 denegat,
1712 466 1837 502 dicenti,

1015 511 1102 542 etiam
1119 512 1156 542 de
1169 512 1260 542 verbo
1275 512 1369 542 otioso
1387 511 1524 542 homines
1539 511 1684 542 rationem
1701 511 1839 542 redditu—

1014 565 1063 586 ros
1078 556 1107 586 in
1124 556 1173 587 die
1185 556 1295 596 judicii
1310 566 1317 586 ε
1336 560 1478 596 putatque
1502 565 1534 587 se
1553 557 1713 593 ridentem,
1731 555 1839 586 obsce-

1015 605 1159 640 naque,et
1171 601 1270 632 inania
1281 600 1460 641 garrieutcm
1475 599 1582 630 salvari
1599 609 1772 640 posse,cum
1788 599 1839 629 ille

1016 645 1142 676 miseros
1165 646 1305 686 afﬁrmet,
1334 644 1385 685 qui
1410 644 1524 683 rident,
1550 644 1653 675 beatos
1667 649 1766 675 autem
1788 644 1839 684 qui

1015 689 1164 728 lugent85.
1178 690 1318 726 Quinimo
1334 690 1384 730 qui
1401 699 1431 720 se
1448 699 1506 720 non
1523 689 1649 729 abnegat
1661 690 1763 727 etiam,
1781 698 1837 719 ne-

1015 743 1072 774 que
1088 744 1207 766 crucem
1226 734 1347 775 bajulat,
1368 734 1398 764 in
1415 734 1546 765 omnium
1567 734 1760 765 tentationum
1776 734 1836 764 im-

151 787 180 816 et
196 783 368 824 baptizatus
382 782 489 821 fuerit;
497 781 605 812 deinde
617 781 724 812 iterum
739 781 814 818 :Oui
827 789 888 812 non
903 789 974 812 cre-
1016 788 1084 819 petu
1101 789 1195 820 usque
1210 779 1246 810 ad
1265 784 1389 810 mortem
1406 779 1546 810 alacriter
1561 779 1746 816 sustinendo,
1761 788 1833 824 quo-

150 823 263 860 dtderlt
274 829 290 858 9
303 826 440 857 Arbitror
461 826 539 856 enim
557 826 635 867 quod
653 826 765 856 dictum
786 826 839 865 est}
851 825 973 866 planum
1017 824 1104 854 modo
1119 834 1172 855 sua
1189 834 1276 855 causa
1291 824 1465 855 cruciﬁxum
1482 823 1566 864 sequi
1582 833 1613 855 se
1625 823 1792 854 existimat?
1804 823 1839 854 Et

151 882 231 910 esse,
249 881 283 904 ac
299 871 386 902 facile
397 871 433 902 ad
445 870 682 909 intelligendum.
700 870 905 901 Habettamen
916 869 972 900 ali-
1016 869 1065 909 qui
1083 869 1147 908 plus
1162 869 1213 900 illo
1231 873 1380 909 parentes,
1405 873 1606 908 cognatosque
1630 868 1735 907 diligit,
1761 878 1837 908 quo-

151 917 220 948 cubi
243 925 351 947 sensus
375 915 519 956 profunde
540 916 677 946 latentes.
705 914 808 945 Fidem
825 914 874 945 hic
889 914 970 952 dicit,
983 931 1003 955 B
1017 914 1103 944 modo
1121 924 1152 944 se
1165 913 1274 945 Christi
1291 913 1413 953 dignum
1430 913 1608 953 discipulum
1626 923 1659 944 ex
1675 913 1776 943 animo
1793 922 1837 943 re-

149 972 210 993 non
225 962 305 992 hunc
317 961 422 997 solam,
441 960 589 991 ChriS'um
607 969 672 990 esse
687 959 794 995 Deum,
811 960 863 990 sed
889 959 969 991 illam
1015 960 1117 998 putat?
1131 958 1166 989 Et
1180 959 1230 998 qui
1256 967 1314 988 non
1340 958 1489 998 abnegant
1517 957 1646 988 animam
1667 967 1763 994 suam,
1783 957 1836 988 sed

150 1006 288 1044 maxime,
318 1014 383 1045 qua:
412 1005 514 1035 omnia
537 1004 574 1034 de
605 1004 715 1034 sanctis
739 1003 885 1034 mandatis
906 1004 971 1043 ejus
1014 1003 1130 1043 Sripsos
1143 1007 1242 1034 amant
1261 1003 1370 1043 potius,
1388 1003 1509 1043 suisque
1523 1002 1837 1043 vi-luntatibus,mag‘s

150 1052 228 1083 dicta
255 1050 474 1091 complectitur,
498 1058 623 1089 quaeque
645 1049 675 1079 in
701 1058 734 1079 se
758 1048 857 1079 omnia
871 1048 971 1080 divina
1001 1052 1100 1088 quam
1115 1048 1168 1079 Dei
1183 1048 1399 1088 obsequuntur,
1421 1048 1529 1078 frustra
1544 1057 1575 1078 se
1591 1048 1657 1088 ejus
1672 1047 1836 1087 discipulos

148 1096 212 1136 ejus
235 1095 372 1126 mandata
396 1094 540 1130 continet,
568 1097 598 1124 et
624 1093 732 1133 credit,
755 1093 830 1124 nihil
854 1094 883 1124 in
898 1093 968 1131 illis,
1013 1102 1078 1124 esse
1094 1093 1256 1124 conﬁdunt.
1277 1093 1311 1123 Et
1323 1093 1372 1133 qui
1387 1092 1417 1123 in
1429 1093 1517 1123 horas
1534 1102 1592 1123 non
1606 1102 1709 1128 unum,
1729 1100 1754 1122 et
1775 1093 1833 1122 mi-

148 1149 242 1181 usque
257 1139 292 1170 ad
309 1139 447 1170 ultimum
473 1138 588 1178 apicem
616 1138 744 1168 otiosum
771 1149 776 1168 :
803 1138 855 1168 sed
872 1138 973 1168 omnia
1014 1138 1127 1168 nimum
1142 1139 1360 1174 mandatorum,
1377 1138 1430 1168 sed
1448 1138 1548 1174 multa,
1567 1143 1594 1168 et
1611 1138 1759 1178 praecipua
1770 1138 1833 1169 sul-

147 1194 242 1225 usque
258 1184 293 1214 ad
310 1193 401 1214 unum
415 1183 475 1213 iota
488 1183 589 1220 vitam,
607 1187 637 1213 et
651 1182 740 1213 vitam
757 1182 970 1222 sempiternam
1012 1187 1094 1220 vunt,
1109 1183 1183 1213 nihil
1199 1183 1333 1220 omnino,
1349 1183 1486 1213 illicitum
1504 1192 1535 1212 se
1547 1183 1746 1219 committere,
1759 1192 1833 1213 con-

148 1229 319 1260 conciliare.
336 1229 437 1267 Itaque
449 1228 472 1258 si
485 1228 550 1268 quis
564 1227 670 1263 credit,
683 1227 722 1257 ita
739 1237 770 1258 se
786 1227 835 1257 illa
848 1227 968 1267 habere,

147 1277 177 1303 et
191 1282 244 1313 per
258 1281 375 1303 sacrum
392 1271 539 1311 baptisma
553 1271 589 1301 ad
616 1271 679 1302 haec
697 1272 796 1301 omnia
810 1270 968 1307 sorvanda,

147 1327 181 1348 ac
196 1318 261 1348 sine
283 1315 536 1356 praetermissione
563 1315 699 1346 facienda
720 1314 890 1355 descriptus
913 1318 967 1351 est,

146 1361 317 1393 salvabitur.
329 1361 461 1396 Quivero
476 1368 632 1390 sermones
647 1360 712 1399 ejus
727 1360 816 1390 etiam
828 1368 922 1399 usque
932 1358 969 1389 ad

146 1416 237 1437 unum
254 1406 381 1445 apicem,
398 1409 552 1435 autunum
568 1405 638 1442 iota,
658 1408 688 1434 ut
708 1403 820 1434 dictum
837 1411 893 1441 est,
909 1413 969 1434 non

148 1450 321 1487 crediderit,
340 1459 398 1480 non
415 1457 510 1488 secus,
528 1457 618 1488 quam
641 1449 667 1479 si
683 1452 775 1479 totum
791 1449 967 1487 negavisset,

148 1494 347 1526 damnabitur.
366 1493 401 1524 Et
420 1493 539 1524 merito.
567 1493 623 1529 Qui
649 1493 729 1524 enim
754 1493 785 1524 in
811 1494 924 1532 magnis
942 1493 968 1523 ei

1013 1227 1129 1258 mittere
1154 1227 1273 1258 autem?
1301 1227 1361 1257 imo
1385 1227 1428 1257 sic
1455 1226 1603 1257 constituti
1620 1236 1741 1266 magnos
1756 1236 1788 1257 se
1803 1227 1834 1257 in

1012 1281 1104 1310 regno
1126 1271 1269 1302 calorum
1285 1271 1349 1302 fore
1364 1271 1556 1302 arbitrantur.
1580 1271 1618 1302 Et
1641 1271 1720 1311 quod
1746 1275 1835 1312 caput

1012 1316 1156 1346 malorum
1167 1320 1210 1346 est
1221 1316 1366 1353 omnium,
1380 1316 1501 1346 omnino
1514 1325 1552 1346 ne
1563 1317 1701 1347 mandata
1712 1316 1833 1357 quidem

1010 1369 1042 1390 se
1057 1360 1103 1391 his
1119 1360 1215 1390 modis
1240 1360 1350 1391 violare
1374 1364 1537 1397 autumant,
1563 1366 1593 1392 et
1622 1370 1676 1392 nos
1702 1361 1835 1401 patroci-

1010 1404 1104 1441 nium,
1122 1405 1254 1436 veritatis
1272 1404 1463 1445 sucipientes,
1491 1406 1528 1436 ad
1543 1405 1622 1436 idem
1642 1406 1833 1437 sentiendum

1011 1449 1153 1480 inducere
1167 1450 1276 1480 stolide
1292 1454 1448 1482 conantur.

1051 1495 1115 1525 Duo
1132 1494 1212 1525 enim
1236 1499 1304 1525 sunt
1320 1494 1390 1525 mali
1413 1503 1533 1534 genera,
1557 1504 1661 1533 unum,
1685 1505 1752 1526 cum
1769 1495 1834 1536 quis

151 1538 452 1576 credidit,nimirum,
467 1537 547 1578 quod
559 1538 637 1568 Deus
652 1547 721 1569 cum
737 1542 825 1575 esset,
839 1539 905 1568 sine
915 1538 998 1578 im-c
1010 1538 1042 1569 in
1068 1538 1290 1570 multitudinem
1320 1544 1510 1578 peccatorum
1540 1539 1681 1580 delapsus
1706 1540 1833 1571 salutem

150 1584 313 1615 mutatione
328 1583 423 1614 factus
437 1583 474 1613 sit
485 1583 588 1621 homo;
612 1583 690 1623 quod
700 1583 731 1613 in
743 1592 863 1614 crucem
873 1588 967 1620 actus;

148 1628 228 1669 quod
251 1631 394 1665 mortuus,
423 1627 503 1667 quod
531 1626 567 1658 ab
594 1627 698 1658 inferis
721 1627 863 1665 redierit;
890 1627 968 1668 quod

145 1673 298 1705 redivivus
319 1673 416 1704 clausa
438 1673 530 1712 janua
556 1672 722 1712 ingressus,
738 1672 893 1713 discipulis
908 1673 969 1703 suis

145 1719 176 1749 in
192 1722 384 1759 conspectum
395 1727 427 1748 se
443 1717 571 1755 dederit;
589 1717 667 1758 quod
685 1717 716 1748 in
731 1718 839 1748 ctelum
856 1717 970 1758 profec-

145 1768 203 1801 tus,
221 1763 258 1794 ad
273 1763 405 1793 dextram
422 1762 476 1793 Dei
492 1761 588 1793 Patris
602 1762 715 1801 sedeat;
731 1762 809 1802 quod
825 1765 967 1793 venturus

140 1808 278 1849 judicare
290 1808 370 1838 vivos
379 1811 407 1838 et
421 1811 565 1845 mortuos,
578 1811 607 1838 et
623 1807 784 1847 unicuique
800 1807 966 1838 secundum

145 1863 234 1893 opera
251 1862 304 1884 sua
314 1852 484 1883 redditurus
498 1861 504 1883 :
522 1852 668 1882 restitutis
684 1851 822 1882 videlicet
836 1851 867 1881 in
878 1851 964 1882 vitam

144 1897 227 1938 prius
255 1897 342 1928 nobis
371 1896 511 1927 omnibus
534 1896 640 1927 Adami
663 1896 800 1936 posteris,
819 1905 914 1936 usque
929 1897 965 1927 ad

144 1942 281 1972 ultimum
295 1942 379 1972 illum
389 1941 468 1972 diem
482 1941 648 1972 nascituris.
658 1940 709 1981 qui
718 1941 748 1971 in
761 1940 818 1978 his,
831 1940 963 1981 inquam.

143 1987 170 2017 ei
187 1987 325 2025 credidit,
341 1986 453 2017 dicenti
464 1990 581 2017 autem:
597 1987 697 2017 Amen
704 1986 770 2017 dico
781 1986 873 2024 vobis,
892 1987 966 2026 quia

145 2034 237 2063 etiam
252 2031 289 2063 de
303 2032 391 2062 verbo
406 2033 500 2062 otioso
514 2031 646 2062 reddent
660 2030 797 2062 homines
812 2031 966 2062 rationm

143 2077 177 2107 in
189 2077 237 2107 die
250 2076 357 2113 iudicii
371 2076 411 2114 8i,
423 2075 474 2116 qui
484 2075 572 2112 istuc,
584 2075 717 2116 inquam,
738 2075 766 2106 ei
781 2085 840 2106 non
856 2075 964 2115 credit,

143 2121 194 2161 qui
210 2121 330 2152 tandem
348 2120 444 2151 ﬁdelis
464 2120 531 2157 erit,
549 2121 685 2160 interque
700 2120 805 2151 ﬁdeles
821 2129 962 2151 numera-

145 2166 226 2197 bitur
239 2169 253 2197 ?
268 2165 322 2201 Qui
338 2175 408 2204 ergo
424 2165 455 2195 in
471 2165 650 2196 venerandis
675 2165 746 2203 illis,
774 2169 964 2205 mentemque

144 2214 174 2241 et
189 2211 348 2241 humanam
369 2218 488 2240 omnem
509 2209 720 2249 cogitationem
749 2209 996 2252 excedentibusD

147 2255 264 2286 Christo
290 2254 396 2292 credit,
420 2254 582 2294 factisque,
613 2258 642 2284 et
664 2254 808 2285 faciendis
833 2254 869 2285 ab
898 2254 964 2294 ipso

143 2299 269 2330 Domino
292 2303 396 2330 nostro
419 2299 488 2330 .lesu
511 2299 628 2330 Christo
651 2298 920 2339 obtemperantem,
937 2302 966 2329 et

143 2344 382 2376 consentientem
409 2344 486 2383 gerit
510 2344 654 2382 animum,
672 2353 732 2374 non
746 2343 840 2375 credit
864 2349 963 2374 autem

1010 1593 1093 1614 suam
1120 1583 1279 1623 desperat;
1306 1584 1447 1624 alterum,
1474 1594 1539 1614 cum
1566 1585 1643 1615 malo
1670 1586 1734 1616 loco
1763 1585 1834 1615 boni

1010 1628 1111 1666 habet,
1140 1633 1282 1669 certoque
1308 1628 1365 1659 sibi
1394 1629 1561 1669 persuadet,
1579 1639 1612 1660 se
1630 1630 1707 1661 mala
1721 1639 1833 1671 perpe-

1011 1674 1115 1704 trando
1130 1673 1320 1705 benefacere.
1338 1674 1380 1704 Ac
1393 1673 1473 1714 prior
1489 1673 1621 1714 quidem,
1639 1674 1665 1705 si
1679 1675 1716 1706 de
1732 1675 1832 1715 paeni-

1011 1719 1111 1756 tentia,
1130 1724 1159 1749 et
1174 1718 1357 1757 benignitate
1374 1718 1427 1749 Dei
1442 1718 1547 1755 doctus
1562 1719 1830 1760 didicerit,nullam

1010 1773 1076 1794 esse
1090 1767 1277 1803 peccatorum
1291 1767 1402 1794 tantam
1418 1763 1655 1801 multitudinem,
1671 1773 1759 1804 quam
1772 1773 1833 1804 pce-

1008 1808 1132 1839 nitentia
1143 1817 1201 1838 non
1210 1808 1308 1838 deleat
1319 1817 1325 1839 :
1336 1808 1376 1839 Et
1386 1808 1439 1839 ubi
1449 1808 1618 1840 abundavit
1629 1809 1833 1845 delictum,ibi

1007 1856 1036 1884 et
1045 1853 1303 1892 superabundasse
1320 1856 1458 1893 gratiam
1475 1853 1524 1891 86;
1546 1854 1617 1884 item
1639 1854 1732 1885 illud:
1746 1854 1831 1886 Gau-

1006 1898 1090 1928 dium
1103 1901 1146 1928 est
1157 1899 1191 1928 in
1199 1897 1271 1928 cado
1282 1906 1374 1938 super
1385 1907 1447 1929 uno
1456 1903 1612 1937 peccatore
1621 1900 1832 1938 pwnitentiam

1006 1947 1115 1982 agente
1134 1943 1176 1980 87,
1193 1942 1316 1973 forsitan
1337 1952 1370 1973 se
1394 1943 1550 1982 colligans,
1577 1947 1606 1973 et
1623 1949 1829 1984 compunctus,

1007 1988 1194 2028 concupiscet
1207 1987 1367 2027 aliquando
1384 1987 1514 2028 peccatis
1530 1987 1663 2029 liberari,
1674 1998 1708 2019 ac
1730 1990 1829 2029 poeni-

1007 2033 1130 2063 tentiam
1154 2032 1305 2063 ferventer
1329 2032 1485 2072 amplexus
1501 2036 1650 2071 exsurget,
1667 2033 1830 2064 intoleran-

1006 2077 1105 2117 doque
1120 2077 1311 2108 conscientia:
1321 2085 1412 2107 onere
1426 2076 1580 2108 levabitur.
1594 2077 1679 2108 Alter
1690 2084 1830 2110 revocata

1005 2121 1162 2159 difﬁcilior,
1173 2131 1294 2161 prorsus
1309 2121 1536 2152 medicamentis
1545 2122 1717 2162 hujusmodi
1729 2126 1826 2156 curari

1004 2171 1132 2198 recusat.
1149 2166 1205 2203 Qui
1215 2167 1295 2197 enim
1308 2166 1494 2197 curationem
1507 2166 1654 2204 admittat,
1669 2168 1719 2208 qui
1731 2169 1828 2208 poeni-

1006 2214 1053 2241 tus
1063 2220 1100 2242 ne
1111 2212 1140 2242 in
1153 2211 1257 2242 morbo
1271 2211 1389 2251 quidem
1401 2220 1434 2241 se
1445 2220 1522 2246 esse.
1539 2215 1589 2242 aut
1600 2212 1715 2252 lapsum
1727 2213 1830 2252 jacere

1005 2256 1124 2286 credit?
1140 2255 1319 2296 Neutiquam
1335 2255 1478 2296 profecto.
1496 2255 1589 2286 Nemo
1607 2256 1696 2296 igitur
1711 2267 1762 2288 vos
1776 2267 1828 2289 se-

1004 2301 1102 2341 ducat,
1120 2300 1236 2331 fratres.
1254 2299 1361 2332 Omnia
1376 2300 1485 2340 quippe
1511 2309 1577 2340 quae
1591 2302 1724 2333 Christus
1746 2303 1828 2334 Deus

1003 2346 1147 2384 apostolis
1163 2345 1316 2386 praecepit,
1343 2354 1397 2376 nos
1423 2354 1540 2385 quoque
1556 2345 1693 2377 similiter
1708 2356 1830 2379 servare

145 2389 200 2428 illi,
217 2399 285 2421 cum
301 2389 338 2420 ab
352 2399 387 2420 eo
402 2389 486 2420 audit
502 2397 509 2420 :
528 2389 586 2426 Qui
608 2388 670 2420 vult
694 2391 798 2420 venire
818 2392 886 2429 post
904 2397 962 2426 me,
1001 2390 1110 2431 jussit;
1127 2399 1195 2430 qum
1216 2391 1338 2430 quidem
1365 2390 1396 2420 in
1421 2390 1477 2420 hoc
1493 2390 1603 2421 mundo
1623 2400 1742 2423 servare
1758 2402 1828 2433 pos-

143 2435 270 2475 abneget
292 2435 497 2475 semetipsum,
520 2438 547 2466 et
571 2433 655 2465 tollat
678 2443 798 2465 crucem
817 2442 917 2468 suam.
934 2437 964 2464 et

137 2482 284 2520 sequatur
294 2487 342 2510 me
349 2478 429 2510 89.Et
440 2489 446 2509 ε
459 2479 516 2516 Qui
530 2478 771 2519 ditigitpatrem,
780 2482 810 2510 et
821 2483 964 2517 matrem,

139 2527 168 2555 et
182 2525 306 2564 fratres,
332 2528 361 2555 et
382 2532 510 2560 sorores,
524 2527 550 2553 et
562 2532 703 2561 uxorem,
719 2527 750 2554 et
762 2523 852 2563 filios,
865 2523 966 2554 adhuc

140 2571 242 2600 autem
256 2571 286 2600 et
299 2569 437 2599 animam
447 2576 532 2599 suam
543 2569 614 2608 plus
625 2577 717 2608 quam
726 2577 784 2606 me,
796 2577 859 2599 non
866 2572 966 2608 potest

139 2621 222 2644 meus
236 2621 298 2644 esse
307 2613 479 2652 discipulus
487 2613 529 2642 83.
541 2612 593 2644 Et:
608 2614 669 2651 Qui
682 2613 801 2645 solverit
822 2622 916 2644 unum
929 2613 966 2645 de

139 2658 298 2690 mandatis
322 2657 389 2689 istis
405 2658 554 2698 minimis,
575 2658 723 2689 minimus
748 2657 905 2689 vocabitur
931 2661 965 2689 in

139 2711 233 2744 regno
257 2701 402 2735 caelorum
411 2701 455 2734 84.
472 2701 627 2739 Quomodo
652 2702 702 2733 hic
720 2702 828 2744 ﬁdelis,
853 2706 884 2734 et
903 2712 964 2735 non

175 2797 208 2822 80
221 2797 323 2838 Matth.
341 2805 446 2838 xxvm,
464 2797 512 2836 18,
533 2797 580 2838 197.

139 2838 190 2870 19.
233 2838 266 2863 85
279 2837 351 2869 Luc.
366 2845 408 2876 vx,
425 2837 477 2869 25.

624 2799 652 2824 81
669 2799 773 2830 Matth.
802 2807 856 2837 xu,
873 2799 923 2832 36.

1005 2444 1118 2466 sumus.
1135 2434 1194 2465 Sed
1211 2436 1239 2465 in
1261 2435 1348 2475 plane
1375 2434 1574 2465 deliberatum
1592 2435 1677 2466 nobis
1695 2446 1754 2467 non
1769 2441 1826 2478 est,

1006 2479 1075 2520 quia
1091 2479 1149 2510 ﬁde
1163 2479 1371 2520 charitateque
1386 2479 1416 2510 in
1432 2479 1700 2512 Christuminﬁrmi
1712 2491 1827 2513 sumus.

1005 2524 1042 2555 Et
1058 2524 1114 2555 hoc
1129 2533 1230 2555 verum
1254 2533 1320 2555 esse
1339 2528 1483 2555 testantur
1502 2534 1617 2562 omnes,
1634 2525 1686 2565 qui
1700 2530 1768 2556 ante
1780 2527 1828 2557 le-

1005 2578 1083 2609 gem,
1102 2572 1131 2600 et
1146 2569 1176 2599 in
1192 2568 1269 2608 lege,
1283 2573 1312 2600 et
1328 2574 1394 2609 post
1410 2568 1567 2601 Salvatoris
1587 2570 1743 2601 adventum
1760 2581 1827 2602 cum

1005 2614 1109 2645 liberis
1125 2617 1153 2645 et
1167 2613 1356 2654 conjugibns,
1373 2618 1403 2644 et
1417 2615 1549 2646 omnium
1565 2615 1602 2646 ad
1617 2614 1705 2645 vitam
1720 2616 1827 2655 requi-

1005 2659 1128 2690 sitorum
1144 2658 1235 2696 curis,
1253 2668 1286 2689 ac
1299 2659 1554 2691 sollicitudinibns
1566 2660 1628 2691 Deo
1640 2659 1826 2700 placuerunt,

1005 2713 1072 2735 cum
1088 2713 1120 2735 se
1134 2703 1284 2734 voluntate
1306 2707 1337 2735 et
1346 2703 1464 2742 aﬁ‘ectu,
1477 2714 1535 2745 quo
1552 2704 1612 2735 illis
1627 2704 1824 2743 inhaerebant,

967 2800 1000 2825 82
1012 2799 1117 2830 Matth.
1145 2798 1274 2837 “1,24.
1316 2799 1348 2824 85
1370 2799 1474 2831 Matth.
1490 2807 1521 2838 x,
1537 2798 1586 2831 37.
1630 2796 1827 2841 3‘Matth.v,

519 2837 552 2863 83
566 2837 653 2872 Rom.
670 2848 702 2881 ν,
715 2839 765 2870 20.
809 2840 839 2864 87
853 2840 924 2872 Luc.
942 2848 993 2879 xv,
1009 2841 1039 2871 9.
