1978 3078
178 171 238 206 423

836 163 1027 202 SYMEONIS
1047 166 1223 202 JUNIORIS

1809 172 1869 204 424

178 239 346 272 Laudabilis
359 239 409 279 qui
420 242 448 269 te
461 238 576 278 quaerit,
590 238 766 269 laudabilior
775 239 824 279 qui
836 243 863 272 le
873 240 998 273 invenit.
1010 243 1032 267 Α
1042 236 1106 277 ipse
1119 237 1254 270 Christus
1266 238 1454 279 loquebatur-
1471 239 1611 280 Quinque
1626 239 1705 271 enim
1721 239 1869 272 excellen-

178 285 297 317 Beatior
307 284 358 325 qui
373 288 527 324 susceptus
554 288 682 321 estate,
700 284 749 324 qui
770 284 873 316 doctus
894 288 948 318 abs
961 292 1000 324 te,

177 330 229 371 qui
244 329 385 360 habitavit
399 329 429 359 in
447 333 487 367 te,
505 329 556 369 qui
572 338 626 369 per
636 329 807 359 alimentum
821 333 903 361 tuum
917 332 1002 363 Chri-

176 380 253 406 stum
268 374 466 405 immortalem
483 373 612 405 nutritus
629 377 685 404 est.
703 372 726 404 Ο
743 373 841 405 divina
860 376 998 417 Charitas,

174 419 227 451 ubi
243 419 390 450 Christum
409 418 545 450 contines
559 418 571 449 ?
587 418 637 449 ubi
653 428 719 448 eum
736 417 916 450 abscondis?
927 420 998 452 Cur-

174 468 295 505 arrepto
305 463 460 494 Salvatore
477 462 581 493 mundi
600 463 685 502 longe
701 472 717 493 a
734 463 818 494 nobis
833 465 1000 496 recessisti?

175 509 268 549 Aperi
284 508 373 539 etiam
390 508 476 538 nobis
498 507 628 546 indignis
656 507 795 538 ostiolum
819 513 910 548 tuum,
924 514 956 540 ut
972 514 1000 541 et

173 563 228 585 nos
238 563 304 584 eum
319 553 484 593 videamus,
499 552 658 584 Christum.
671 553 802 592 inquam,
812 557 934 594 propter
944 563 999 586 nos

174 608 305 639 passum,
333 602 362 629 et
387 598 542 629 credamus
571 596 783 627 misericordiae
808 597 897 636 illius,
917 603 947 629 ut
964 607 998 631 eo

174 647 335 684 conspecto
345 652 383 673 ne
394 642 524 683 amplius
534 641 707 672 moriamur.
721 641 812 681 Aperi
824 642 921 681 nobis,
934 653 1000 684 quae

173 689 249 719 facta
264 692 308 718 est
325 688 389 728 ejus
401 688 503 727 janua,
517 686 586 718 utin
601 695 690 717 carne
707 691 874 726 appareret,
888 694 916 718 et
931 698 997 728 quae

173 733 264 773 larga,
292 737 321 763 et
345 742 412 772 quas
429 732 494 772 cogi
513 741 572 762 non
590 735 726 771 poterant
748 732 861 762 viscera
877 734 997 764 Domini

172 778 278 818 nostri,
307 781 427 817 peccata
455 781 482 807 et
507 776 694 806 inﬁrmitates
719 776 853 806 omnium
880 782 997 817 portare

173 822 308 861 coegisti.
323 822 366 853 Ne
377 821 500 862 abjicias
512 830 577 859 nos,
587 821 691 851 dicens
705 831 711 849 ε
727 820 796 851 Non
807 822 879 852 novi
890 831 940 852 vos
951 822 994 853 94.

172 867 242 898 Esto
264 867 431 903 nobiscum,
447 871 480 897 ut
493 866 611 897 noveris
626 874 697 903 nos;
716 866 824 897 etenim
844 866 894 897 libi
910 867 994 898 inco-

1045 281 1084 312 tia
1097 282 1366 325 donacomplexus,
1381 290 1412 315 et
1422 285 1496 315 citra
1510 285 1683 316 charitatem
1695 286 1821 323 inutilia,
1839 289 1868 316 et

1043 327 1210 366 periculosa
1222 338 1287 359 esse
1298 329 1394 367 docet,
1411 330 1588 370 linguarum,
1600 331 1772 371 prophetiae,
1783 329 1866 368 ﬁdei,

1043 371 1251 412 eleemosynze,
1271 377 1300 403 et
1313 374 1460 414 martyrii:
1474 374 1507 406 Si
1519 374 1632 413 linguis
1651 375 1819 412 hominum,
1838 378 1868 405 et

1041 416 1217 455 angelorum
1228 417 1346 457 loquar,
1360 417 1468 458 inquit,
1484 421 1512 449 si
1521 418 1653 450 habuero
1660 419 1863 459 prophetiam,

1041 463 1210 492 etnove-rim
1217 463 1359 502 mysteria
1369 465 1481 501 omnia,
1492 467 1519 495 et
1529 472 1644 494 omnem
1655 465 1828 495 scientiam:
1839 464 1866 494 si

1041 504 1173 536 habuero
1188 515 1306 537 omnem
1324 507 1594 546 ﬁdem,utmontes
1609 509 1793 547 transferam
1813 518 1820 536 :
1839 508 1867 538 si

1041 549 1222 581 distribuero
1245 552 1278 581 in
1298 551 1377 582 cibos
1394 561 1564 592 pauperum
1589 561 1691 583 omnes
1704 552 1865 591 farultates

1040 602 1123 624 meas
1133 595 1209 626 :etsi
1224 595 1377 627 tradidero
1395 605 1505 636 corpus
1520 606 1619 628 meum
1631 598 1674 628 ita
1685 601 1717 628 ut
1727 597 1863 633 ardeam,

1040 637 1216 670 charitatem
1224 645 1327 671 autem
1334 650 1393 672 non
1401 641 1628 679 habueromihil
1634 641 1694 673 mih
1699 643 1709 671 ί
1711 641 1864 681 prodest97

1039 682 1094 718 Qui
1107 688 1204 714 autem
1226 693 1294 716 vere
1305 694 1339 715 ea
1353 686 1495 726 praeditus
1508 687 1556 722 sit,
1568 696 1601 717 ex
1613 685 1753 727 operibus
1765 686 1863 716 mani—

1038 727 1112 758 feste
1126 728 1293 769 declarans,
1305 730 1345 760 ait
1358 739 1364 761 :
1379 730 1521 762 Charitas
1534 735 1653 771 patiens
1670 734 1722 767 est,
1733 730 1862 770 benigna

1038 776 1093 809 est,
1102 774 1405 811 nonwmulaturmon
1412 776 1713 816 ngitperperam,non
1721 774 1858 814 inﬂatur,

1036 825 1095 847 non
1103 821 1144 848 est
1155 817 1326 858 ambitiosa,
1337 828 1396 850 non
1405 821 1583 859 quaeritque:
1590 829 1646 851 sua
1657 823 1737 856 sunt,
1745 828 1806 850 non
1818 822 1860 849 ir-

1037 863 1162 899 ritatur,
1170 870 1232 893 non
1248 865 1360 904 cogitat
1371 864 1496 905 malum,
1506 873 1565 895 non
1577 865 1689 904 gaudet
1697 873 1789 904 super
1797 864 1859 894 ini-

174 912 246 951 gnili
263 921 376 943 sumus.
399 911 505 942 Habita
516 912 544 941 in
561 910 657 947 nobis,
672 913 704 940 ut
717 915 837 950 propter
850 915 877 941 te
890 911 993 942 Domi-
1005 906 1024 930 Β
1036 908 1158 947 quitate,
1178 910 1340 949 congaudet
1355 915 1456 942 autem
1472 912 1598 942 veritati
1611 921 1617 941 ε
1631 911 1732 942 omnia
1743 910 1858 950 suffert,

175 965 243 994 nus,
260 965 327 987 cum
340 956 383 986 illi
394 955 572 992 occurreris,
591 964 644 985 nos
656 964 772 995 quoque
785 955 913 986 humiles
927 956 994 987 visi-
1035 953 1858 996 omniacredit,ommasperat,omniasustz’net.Charitas

171 1005 212 1032 tet
227 1001 297 1041 (nos
316 1001 425 1041 quippe
444 1000 531 1031 simul
553 1004 582 1030 et
592 1000 685 1030 semel
704 1000 817 1039 indigni
833 1002 946 1040 sumus)
963 1005 994 1031 ut
1035 1006 1191 1036 nunquam
1201 999 1313 1030 excidit
1324 1000 1365 1029 98.
1380 1002 1507 1040 Propter
1518 1001 1594 1032 hanc
1606 1005 1635 1031 et
1652 1001 1774 1031 Verbum
1788 1008 1857 1031 caro

171 1051 300 1083 maneat,
312 1046 461 1086 paululum
476 1049 573 1076 tecum
585 1045 768 1084 colloquens,
780 1048 809 1075 et
819 1045 989 1076 sinatetiam

169 1099 224 1121 nos
239 1095 412 1131 peccatores
427 1100 461 1121 ac
476 1090 681 1120 immaculatos
697 1089 760 1129 ejus
777 1090 867 1130 pedes
888 1090 987 1130 proci-

168 1135 241 1166 dere
261 1146 267 1166 :
286 1139 315 1166 et
325 1135 448 1175 loquere
464 1144 517 1175 pro
533 1134 620 1165 nobis
635 1134 724 1171 bona,
741 1143 870 1175 rogaque
880 1140 911 1166 ut
921 1145 989 1176 pec-

168 1184 301 1212 catorum
319 1180 419 1211 debita
434 1179 520 1210 nobis
535 1180 744 1210 remittantur:
758 1185 791 1210 ιιι
806 1180 863 1220 ipsi
884 1189 936 1220 per
962 1185 990 1211 te

165 1234 270 1256 rursus
285 1225 365 1264 digni
381 1233 495 1260 sumus,
514 1224 561 1264 qui
575 1223 701 1254 Domino
718 1224 891 1262 serviamus,
913 1229 942 1256 et
963 1225 989 1256 is

168 1270 309 1301 alimenta
325 1269 410 1300 nobis
427 1269 588 1310 provideat.
607 1268 680 1299 Nam
696 1269 769 1300 nihil
790 1269 909 1309 quidem
934 1269 988 1300 de-

168 1314 252 1350 bere,
269 1315 346 1346 fame
355 1319 454 1346 autem
464 1323 498 1345 ex
511 1313 702 1344 mendicitate
715 1315 820 1352 emori,
835 1323 928 1354 poenae
937 1324 989 1354 par

166 1359 344 1399 supplicium
366 1359 514 1399 importat.
534 1360 590 1388 Per
605 1362 646 1394 te,
663 1361 764 1388 sancta
779 1358 918 1395 charitas,
934 1368 987 1389 ve-

168 1403 246 1435 niam
269 1412 498 1444 consequamur.
521 1404 578 1433 Per
604 1407 631 1433 te
654 1402 740 1433 bonis
760 1402 878 1433 Domini
895 1403 988 1434 nostri

169 1448 365 1488 perfruamur,
376 1457 500 1488 quorum
513 1447 698 1484 suavitatem,
714 1447 770 1477 nisi
787 1457 839 1487 per
856 1452 883 1478 te
899 1457 986 1478 nemo

166 1492 305 1531 gustabit.
320 1492 376 1528 Qui
394 1492 473 1522 enim
490 1496 518 1522 te
534 1501 604 1528 non,
621 1496 653 1522 ut
668 1491 809 1532 oportuit,
828 1492 939 1532 dilexit,
958 1496 986 1523 et

167 1536 219 1567 abs
236 1541 264 1568 te
280 1546 338 1567 non
357 1541 401 1568 est
421 1537 547 1568 dilectus
561 1540 593 1566 ut
608 1535 720 1573 debuit,
749 1536 841 1566 currit
863 1536 983 1576 quidem

163 1581 298 1619 fortasse,
316 1581 368 1612 sed
386 1591 444 1612 non
455 1580 691 1621 comprehendit.
702 1579 806 1612 Omnis
821 1585 918 1612 autem
934 1581 984 1621 qui

1031 1042 1143 1080 factum
1151 1043 1393 1080 est,ethubitavit
1400 1045 1433 1076 in
1439 1045 1536 1076 nobis.
1546 1045 1759 1085 Proptcrquam
1767 1045 1855 1075 homo

1030 1084 1124 1117 factus
1142 1087 1195 1118 Dei
1212 1087 1316 1126 Filius,
1330 1099 1434 1120 omnes
1451 1089 1582 1121 vivilicos
1593 1084 1740 1121 cruciatus
1751 1094 1856 1129 sponte

1030 1139 1064 1161 ac
1076 1131 1173 1162 libens
1185 1133 1316 1172 pertulit,
1328 1138 1359 1164 ut
1371 1135 1483 1175 plasma
1493 1144 1590 1171 suum,
1602 1135 1758 1165 humanam
1772 1138 1852 1164 natu}

1030 1184 1092 1205 ram
1107 1176 1138 1206 in
1154 1177 1263 1208 multas
1277 1183 1375 1218 partes
1394 1188 1411 1209 a
1431 1179 1549 1210 diabolo
1570 1179 1733 1210 dissectum
1754 1188 1788 1209 ac
1805 1178 1854 1209 di-

1028 1225 1190 1260 remptum,
1203 1231 1256 1262 per
1268 1223 1355 1254 ﬁdem
1365 1228 1475 1254 rectam
1489 1228 1518 1255 et
1529 1224 1701 1255 charitatem
1714 1223 1854 1263 spiritua-

1030 1263 1089 1309 lem
1102 1265 1132 1296 in
1143 1275 1234 1297 unum
1247 1273 1451 1309 congregaret,
1467 1273 1496 1299 et
1512 1278 1529 1300 a
1543 1268 1670 1299 vinculis
1684 1268 1796 1298 inferni
1814 1267 1852 1298 li-

1029 1308 1162 1354 beratum
1189 1308 1455 1354 recuperatumque
1475 1314 1506 1344 in
1527 1314 1634 1345 cuzlum
1659 1312 1850 1344 subveheret.

1028 1352 1154 1394 Propter
1164 1356 1240 1387 hanc
1250 1362 1279 1388 et
1291 1352 1418 1398 apostoli
1429 1359 1625 1399 irrequielum
1634 1358 1716 1388 illum
1728 1367 1850 1389 cursum

1029 1404 1236 1438 cucurrerunt,
1250 1406 1278 1432 et
1289 1412 1355 1432 cum
1369 1407 1459 1433 totum
1476 1404 1618 1434 mundum
1627 1403 1683 1433 reti
1693 1412 1728 1433 ac
1741 1412 1852 1442 sagena

1029 1443 1108 1474 verbi
1122 1445 1348 1487 conclusissem,
1363 1457 1378 1478 e
1396 1447 1541 1488 profundo
1551 1447 1739 1478 idolomaniae
1752 1448 1788 1478 ad
1801 1447 1849 1477 lit-

1027 1491 1074 1518 tus
1081 1489 1165 1528 regni
1176 1490 1317 1521 caelorum
1328 1491 1510 1523 incolumem
1519 1491 1850 1532 extraxerunt.Propter

1026 1532 1102 1563 hanc
1121 1533 1230 1565 Christi
1250 1539 1393 1576 martyres
1406 1561 1414 1575 ,
1437 1546 1475 1568 ne
1492 1537 1643 1568 Christum
1663 1536 1847 1577 amitterent,

1025 1578 1198 1616 sanguinem
1214 1589 1299 1611 suum
1317 1581 1653 1622 profuderunt.Propter
1665 1582 1741 1612 hanc
1757 1581 1850 1612 divini

163 1626 268 1666 currit,
284 1631 354 1657 ante
366 1626 532 1657 coniectum
546 1625 725 1656 curriculum
736 1625 772 1655 de
779 1626 876 1666 palma
886 1626 985 1657 incer.
1025 1622 1127 1653 Patres
1142 1623 1245 1661 nostri,
1272 1629 1301 1655 et
1322 1625 1403 1656 orbis
1420 1630 1566 1657 terrarum
1584 1626 1715 1666 magistri
1730 1627 1847 1658 animas

163 1675 210 1702 ius
223 1671 320 1702 estea,
331 1673 382 1702 Ast
393 1670 443 1711 qui
455 1674 482 1701 te
494 1669 731 1710 comprehendit,
744 1674 794 1700 aut
804 1669 856 1701 abs
867 1674 895 1701 te
906 1680 986 1702 com-
1027 1674 1096 1711 suas
1109 1676 1162 1707 pro
1171 1668 1317 1700 catholica
1328 1674 1357 1701 et
1369 1671 1530 1710 apostolica
1544 1671 1681 1702 Ecclesia
1694 1680 1753 1702 non
1764 1671 1850 1702 inviti

160 1716 328 1756 prehensus
340 1710 527 1747 esljmnino
545 1718 644 1746 certus
665 1719 719 1751 est,
743 1710 1210 1760 quandoquidemCabjeceruttl.
1240 1715 1366 1760 Propter
1400 1715 1573 1746 charitatem
1610 1716 1704 1746 sancti
1742 1725 1848 1748 omnes

159 1761 227 1792 ﬁnis
244 1761 319 1799 legis
336 1764 366 1791 tu
384 1769 425 1791 es,
443 1760 486 1791 Tu
502 1761 582 1791 enim
600 1761 814 1800 prophetarum
831 1760 980 1800 magistra,
997 1757 1013 1760 “
1024 1764 1119 1795 usque
1138 1757 1174 1787 ad
1194 1758 1369 1797 sanguinem
1386 1763 1506 1799 peccato
1527 1761 1711 1798 restiterunt,
1735 1761 1847 1792 nullam

157 1805 312 1845 apostolici
329 1814 434 1836 cursus
451 1804 542 1842 socia,
561 1808 724 1845 martyrum
737 1804 844 1845 virtus,
862 1806 981 1836 Patrum

1030 1800 1171 1831 rationem
1188 1803 1343 1842 praesentis
1361 1803 1427 1834 vitae
1444 1804 1598 1842 ducentes,
1613 1805 1732 1836 etvaria
1742 1806 1847 1836 mortis

158 1854 187 1880 et
200 1850 354 1880 doctorum
371 1849 539 1890 inspiratio.

198 1892 358 1924 Curramus
374 1893 464 1933 igitur
482 1897 511 1924 et
524 1903 577 1924 nos
588 1893 705 1934 fratres,
724 1897 866 1934 quantum
877 1903 983 1934 possu-

158 1947 224 1968 mus
240 1947 365 1978 eamque
387 1947 453 1969 cum
479 1938 538 1969 ﬁde
563 1937 823 1974 etobservatione
848 1939 981 1970 omnium

158 1982 268 2013 Christi
299 1982 503 2013 mandatorum
527 1986 748 2014 consectemur.
769 1983 824 2019 Qui
853 1993 982 2024 namque

157 2028 234 2059 hanc
245 2027 502 2068 comprehendere
517 2031 705 2068 meruerunt,
721 2037 775 2068 spe
797 2037 850 2059 sua
866 2037 981 2069 nequa-

157 2081 247 2113 quam
268 2072 426 2113 aliquando
443 2072 628 2104 exciderunt.
649 2072 892 2111 Enitamurvero,
907 2073 983 2104 sicut

1023 1853 1133 1890 genera
1146 1846 1360 1883 sustinuerunt,
1375 1852 1406 1878 ut
1423 1857 1440 1879 a
1455 1849 1564 1880 mundo
1576 1849 1613 1879 ad
1623 1849 1749 1890 seipsos,
1767 1854 1796 1882 et
1810 1849 1847 1881 ad

1022 1888 1116 1920 Deum
1130 1891 1353 1931 colligerenter,
1366 1896 1396 1923 et
1406 1898 1518 1924 naturae
1528 1894 1616 1924 verba
1626 1894 1656 1924 in
1669 1888 1775 1934 seipsis
1782 1895 1847 1925 uni-

1022 1938 1090 1979 rent
1100 1934 1222 1975 (8).Hzec
1233 1940 1278 1967 est
1289 1937 1368 1968 enim
1377 1947 1458 1978 vera,
1469 1942 1497 1968 et
1505 1938 1656 1978 inculpata
1666 1940 1718 1970 Del
1730 1939 1848 1979 sapien-

1023 1978 1074 2024 tia,
1092 1980 1176 2024 cujus
1188 1980 1255 2010 ﬁnis
1271 1981 1343 2012 illud
1369 1981 1480 2012 bonum
1495 1987 1549 2019 est,
1563 1987 1592 2013 et
1606 1983 1713 2014 veritas
1727 1994 1733 2013 :
1749 1978 1846 2024 siqui-

1023 2023 1092 2054 dem
1104 2023 1213 2055 bonum
1226 2025 1408 2064 humanitas,
1422 2031 1450 2057 et
1462 2028 1570 2058 veritas
1579 2037 1665 2058 amor
1678 2027 1731 2060 Dei
1741 2023 1848 2059 secun-
1882 2030 1887 2035 '

1024 2067 1094 2098 dum
1110 2069 1217 2107 ﬁdem;
1234 2075 1408 2110 argumenta
1428 2072 1591 2110 charitatis,
1619 2073 1680 2104 Deo
1696 2073 1844 2111 homines,

157 2126 212 2158 per
222 2117 384 2153 omnia,ila
395 2117 481 2148 etiam
495 2121 691 2157 pel-mutuam
703 2117 877 2148 duritatem
888 2117 981 2149 Deum
1024 2116 1052 2158 ρι
1072 2112 1140 2144 illos
1162 2114 1240 2145 inter
1264 2124 1295 2145 se
1315 2116 1492 2156 copulantis,
1515 2120 1544 2147 et
1563 2116 1676 2147 idcirco
1704 2117 1842 2148 stabilem

156 2156 266 2192 colere.
280 2162 376 2193 Omne
390 2156 538 2202 siquidem
561 2161 702 2200 studium,
725 2162 882 2202 omnisque
898 2162 981 2194 exci—
992 2198 1012 2203 κ
1024 2156 1169 2203 bonorum
1184 2159 1423 2199 permansionem
1439 2160 1658 2192 habentisliaac
1670 2166 1725 2203 est,
1737 2163 1846 2194 ostium

157 2206 229 2236 tatio
245 2215 311 2237 cum
325 2198 599 2246 multis-conjuncta
618 2198 781 2248 laboribus,
794 2198 859 2247 quas
877 2216 935 2237 non
951 2198 1053 2237 inDel
1067 2201 1111 2232 Via
1126 2198 1213 2243 quam
1229 2205 1282 2235 Dei
1298 2203 1430 2235 Verbum
1443 2205 1574 2245 seipsum
1589 2198 1759 2246 appellavit,
1777 2207 1847 2238 etin

158 2251 337 2281 charitatum
350 2259 416 2281 cum
429 2251 534 2291 spiritu
546 2251 673 2282 contrito
686 2251 792 2287 tendit,
809 2252 906 2282 inanis
925 2256 981 2293 est,
1023 2255 1057 2293 θξι
1072 2248 1279 2288 Ρΐοεθάεηῑθε,
1296 2248 1356 2279 Deo
1373 2254 1402 2280 et
1417 2250 1497 2281 Patri
1513 2259 1602 2290 puros
1617 2251 1653 2282 ab
1669 2252 1751 2282 omni
1770 2261 1845 2283 con-

156 2295 227 2326 etin
240 2295 315 2326 nihil
330 2295 513 2326 fructuosum
526 2294 799 2336 desiuit.Discipuli
811 2296 890 2327 enim
902 2291 981 2328 Chri-
1023 2291 1153 2333 Ciialala,
1168 2300 1197 2324 ει
1212 2293 1331 2324 sinislra
1347 2294 1476 2326 motione
1491 2295 1623 2326 exhibet.

155 2340 193 2371 sti
206 2350 240 2371 ex
253 2340 413 2371 dilectione
426 2344 536 2376 mutua,
561 2344 701 2381 tanquam
724 2345 839 2372 tessera
860 2351 985 2380 cognos-
1068 2336 1134 2367 Vidi
1150 2346 1204 2377 ego
1230 2338 1393 2377 hominem,
1415 2339 1532 2377 fratreS,
1549 2340 1600 2380 qui
1619 2340 1747 2380 diligens
1762 2341 1793 2372 in
1809 2350 1844 2372 eo

158 2389 278 2416 cuntur:
290 2394 346 2416 nec
357 2388 453 2425 potest
463 2385 610 2426 quispiam
620 2385 650 2415 in
658 2385 713 2416 alia
721 2385 857 2427 quapiam
864 2386 981 2425 virtute,
1025 2381 1155 2427 S_iUdium
1169 2387 1303 2423 poneret,
1315 2385 1471 2424 variosque
1483 2384 1586 2419 modos
1598 2386 1794 2426 experiretur,
1813 2389 1846 2417 ιη

156 2424 986 2471 ειιιοὺεεινειῐὶοηθῡοιηίιιίοἱΠιειιάειιίόἱεέἰρυιιιεϐιιιὶη
1026 2424 1160 2464 1Τίλίωῐῐὶ,
1192 2427 1366 2467 quibuscum
1397 2428 1582 2460 familiariter
1609 2424 1736 2467 vivebat,
1764 2430 1845 2461 hunc

153 2475 191 2506 sti
203 2473 465 2515 agnoscizlnlzoc,
475 2474 583 2515 inquit,
594 2476 984 2516 cognoscentomnes,quod
1025 2471 1146 2512 quidem
1169 2481 1318 2510 sermone,
1344 2472 1434 2503 alium
1463 2474 1646 2512 ηιθηεΐίιιυεν
1673 2474 1762 2506 alium
1788 2474 1846 2505 alia

153 2519 302 2560 discipuli
318 2520 379 2550 mei
395 2520 479 2557 estis,
503 2523 532 2550 si
545 2519 734 2552 dilectionem
755 2521 926 2552 habueritis
943 2521 984 2552 ad
1025 2517 1154 2557 quadam
1170 2516 1476 2548 occasioneavitiosis
1487 2518 1654 2550 actionibus
1665 2524 1695 2550 et
1709 2519 1844 2559 cogitatis

151 2565 283 2597 invicem
290 2563 334 2595 96.
346 2563 430 2600 Quod
443 2563 524 2595 idem
535 2565 608 2597 etB.
622 2565 731 2596 Paulus
746 2565 868 2604 indicat,
881 2565 912 2596 in
924 2575 981 2606 quo
1024 2562 1198 2594 abduceret.
1214 2563 1253 2595 Et
1263 2563 1323 2594 vidi
1337 2563 1425 2595 talem
1436 2573 1514 2596 nunc
1523 2565 1643 2605 quidem
1656 2566 1777 2598 ﬂentem
1786 2566 1842 2597 hu-

190 2694 224 2721 θι
238 2694 340 2727 Matth.
356 2703 426 2734 xxv,
445 2696 493 2727 12.
535 2695 567 2722 95
582 2694 595 2726 Ι
610 2695 678 2728 Cor.
695 2704 736 2735 Iv,
752 2696 802 2736 24,
817 2696 866 2728 25.
909 2695 942 2722 96
955 2694 1043 2727 Joau.
1059 2701 1123 2733 xm,
1141 2692 1191 2726 35.
1234 2693 1265 2719 97
1280 2693 1292 2725 Ι
1307 2695 1374 2727 Cor.
1390 2703 1453 2735 xm,
1471 2695 1532 2729 1-3.
1575 2696 1607 2722 98
1621 2695 1698 2728 Ibid.
1715 2697 1785 2728 4-8.

192 2824 350 2869 (8)_Crmce
377 2828 421 2856 καὶ
440 2826 483 2869 ’τὰ
503 2829 553 2860 τῆς
582 2826 684 2869 φύσεως
696 2868 701 2869 7
714 2827 755 2869 ἐφ’
777 2827 974 2869 ἑαιιτῶνηένώ-

1030 2834 1094 2869 eges
1107 2827 1136 2869 et
1145 2824 1262 2869 decreta
1281 2829 1412 2866 naturae,
1426 2837 1478 2860 seu
1489 2829 1687 2869 appetitiones
1706 2831 1839 2861 natura-

149 2865 215 2894 σωὰι
229 2866 349 2907 ῥήματα,
362 2875 421 2907 per
434 2867 541 2906 ῥήματα
556 2865 657 2907 quam):
670 2865 792 2899 videtur
803 2868 978 2908 intelligere

1030 2865 1110 2899 ales.
1117 2865 1180 2898 Ista
1189 2867 1359 2906 enimsunt,
1368 2869 1458 2910 quasi
1467 2865 1562 2902 verba
1575 2873 1603 2901 et
1610 2877 1696 2901 vace:
1705 2873 1837 2903 naturae.
