1978 3078
62 221 120 254 425

791 224 932 256 ORATIO
954 224 1050 255 XXII.

1694 222 1754 258 ἃῖὃ

59 290 118 328 jus.
135 299 214 320 nunc
225 289 442 320 lamen'antem
455 290 536 320 illius
551 299 639 321 causa
656 299 662 321 :
680 290 840 330 aliquando
857 295 885 321 et
897 290 1008 321 Asolus
1031 299 1132 321 eorum
1161 290 1323 327 miseriam,
1350 290 1461 330 quibus
1476 290 1534 322 illa;
1548 291 1751 329 dominantur,

63 334 165 364 faciem
176 344 269 364 suam.
282 339 311 365 et
320 339 421 374 pectus
433 334 639 366 vcrberantem
655 340 775 375 propter
782 336 884 372 alium,

64 378 112 418 qui
127 378 228 416 verbo,
242 383 290 409 aut
300 389 390 418 opere
404 379 580 417 oll'enloral;
597 380 810 419 suscipientem
823 380 887 420 ejus

64 432 218 462 personam
243 423 392 461 videlicet,
408 428 436 455 et
449 433 481 454 se
496 424 580 454 illum
601 426 710 464 ipsum,
737 424 787 464 qui
809 424 886 455 deli-

63 472 165 507 querat
190 472 388 508 reputantem,
412 478 447 499 ac
474 468 533 499 Deo
559 469 762 506 conﬁtentem,
790 473 818 499 et
843 469 887 499 illi

64 512 498 554 procumbentemsuppliciter,
511 513 887 553 lugentemquevehemen-

63 560 117 588 ter.
135 556 201 588 Vidi
217 557 306 588 alium
324 567 415 598 super
439 558 622 588 certantibus
645 562 675 589 et
699 558 886 589 vincentibus

63 605 216 641 tantopore
231 602 421 642 gaudentem,
439 602 616 643 iliorumque
638 602 668 633 in
691 603 798 633 virtute
814 612 884 643 pro—

63 655 181 685 gressus
196 646 420 686 approbantem.
437 651 469 677 ut
483 651 650 687 appareret,
676 648 774 687 ipsum
800 648 883 678 illum

64 691 171 731 potius,
197 701 284 731 quam
310 701 361 722 eos
387 692 525 722 virtutum
552 692 745 732 laboremque
763 692 883 732 praemia

63 741 266 775 accepturum.
298 737 422 776 Propter
443 746 496 767 eos
516 741 626 774 autem,
644 737 693 778 qui
710 737 810 777 verbo,
837 741 885 767 aut

63 789 153 820 opere
169 780 389 821 delinquerent,
407 785 434 812 et
451 781 479 811 in
498 781 626 820 peccatis
648 785 883 822 perseverarent,

62 825 136 856 adeo
152 825 265 856 tristem
282 835 316 856 ac
332 826 564 865 gemebundum,
577 826 713 865 utipsum
725 826 818 856 solum
832 835 881 856 re-

63 879 130 900 vera
146 879 198 909 pro
215 869 250 900 iis
265 870 403 901 omnibus
428 871 574 900 rationem
599 871 827 910 reposcendum,
854 875 884 900 et

63 915 156 954 poenis
170 915 346 946 tradendum
357 915 554 946 existimares.
563 916 599 946 Et
610 915 669 946 vidi
680 916 768 946 alium
780 915 882 946 salutis
895 932 912 955 Β

62 959 182 989 fratrum
191 963 399 990 suorumtanto
412 960 583 998 flagrantem
594 959 754 995 desiderio,
768 963 882 999 utszepe

62 1003 227 1034 calentibus
253 1004 400 1044 lacrymis,
427 1008 489 1035 toto
513 1009 646 1044 pectore,
663 1004 835 1044 tliviuoque,
854 1008 883 1034 et

61 1048 188 1078 Mosaico
204 1048 267 1079 zelo
279 1048 438 1088 benignum
449 1048 542 1079 Deum
553 1053 660 1086 oraret,
673 1054 722 1080 aut
732 1049 790 1079 illis
798 1048 880 1079 salu-

62 1097 120 1123 tem
136 1093 211 1133 dari,
229 1097 278 1124 aut
301 1102 332 1123 se
357 1103 473 1133 quoque
497 1103 562 1123 cum
582 1093 656 1133 ipsis
672 1093 879 1124 condemnari.

62 1137 167 1168 Sancta
183 1138 262 1168 enim
275 1138 417 1169 charitate
429 1138 458 1168 in
475 1142 576 1169 sancto
591 1138 702 1178 Spiritu
718 1138 881 1178 spirituali-

62 1186 107 1212 ter
121 1182 158 1212 iis
180 1182 345 1221 colligatus,
373 1192 410 1213 ne
430 1183 460 1213 in
486 1182 583 1223 ipsum
611 1182 731 1222 quidem
755 1192 882 1222 regnum

62 1226 204 1257 ccelorum
221 1227 343 1263 intrare,
360 1232 388 1258 et
401 1228 437 1257 ab
455 1227 498 1259 eis
511 1228 625 1266 sejungi
642 1227 769 1258 volebat.

102 1271 126 1302 Ο
143 1275 279 1302 sanctum
296 1271 455 1309 vinculum,
474 1282 490 1302 ο
507 1272 549 1301 vis
564 1271 783 1309 inenarrabilis,
795 1281 811 1302 ο
827 1280 885 1302 cce-

63 1315 148 1347 lestia
164 1316 307 1356 cogitans,
321 1317 365 1347 vel
384 1317 480 1357 potius
492 1316 591 1347 divino
606 1316 704 1346 afﬂatu
727 1316 883 1349 concitata.

62 1365 148 1401 atque
165 1361 195 1391 in
212 1361 265 1391 Dei
283 1361 469 1401 proximique
493 1361 635 1392 charitate
651 1361 769 1400 egregie
785 1361 884 1399 perfe-

60 1410 106 1435 cta
121 1406 239 1437 animal
256 1406 311 1441 Qui
322 1405 412 1445 igitur
423 1406 458 1436 ad
472 1406 548 1436 hanc
563 1405 736 1436 charitatem
752 1406 883 1436 nondum

63 1450 210 1491 pervenit,
223 1459 279 1481 nec
290 1450 445 1490 vestigium
455 1451 520 1490 ejus
532 1450 561 1480 in
570 1450 669 1481 anima
679 1450 819 1489 suavidit,
830 1460 883 1481 nec

61 1495 129 1534 ejus
141 1495 327 1535 praesentiam
340 1496 399 1526 ulla
411 1505 444 1526 ex
457 1500 540 1535 parte
551 1494 644 1526 sensit
656 1495 753 1527 adhuc
765 1495 792 1525 in
805 1500 883 1525 terra

61 1543 89 1569 et
103 1540 242 1577 terrenis,
257 1539 317 1570 imo
328 1540 468 1570 subterra
479 1540 573 1570 instar
584 1540 771 1580 talpzejacet,
787 1549 882 1570 caicus

60 1583 214 1620 nimirum,
228 1590 258 1615 ut
275 1585 325 1615 illa
340 1584 476 1624 bestiola,
490 1589 518 1615 et
534 1584 596 1615 solo
613 1593 700 1615 sensu
717 1585 831 1615 aurium
850 1586 877 1614 in
889 1592 908 1616 c

61 1632 140 1659 terra
156 1629 311 1669 loquentes
325 1631 504 1660 auscultans.
529 1628 552 1660 Ο
579 1629 787 1664 calamitatem,
805 1639 881 1669 quo-

61 1674 141 1703 niam
161 1683 195 1704 ex
211 1673 271 1704 Deo
288 1671 358 1714 nati,
375 1678 403 1704 ct
420 1674 643 1705 immortalitate
669 1674 779 1713 donati,
793 1683 881 1704 νοω-

60 1717 151 1748 tionis
166 1718 294 1749 caelestis
310 1718 663 1758 participes,etl1:eredes
677 1718 741 1758 Dei,
752 1719 883 1748 coluere-

60 1762 115 1792 des
129 1767 227 1793 autem
238 1762 358 1800 Christi,
375 1767 403 1793 et
413 1763 491 1793 cives
501 1763 643 1793 caelorum
659 1762 738 1798 facti,
748 1763 881 1793 nondum

60 1810 207 1837 tantorum
234 1807 378 1838 bonorum
405 1817 525 1838 Sensum
552 1807 729 1838 hausimus:
749 1807 802 1838 sed
817 1807 882 1837 sine

59 1861 162 1892 sensu,
179 1856 211 1882 ut
225 1852 266 1882 ita
280 1852 389 1890 dicam,
402 1852 478 1882 sicut
494 1853 607 1882 ferrum
625 1852 654 1882 in
671 1851 769 1892 ignem
788 1852 882 1881 mitti—

61 1900 119 1934 tur,
136 1900 232 1927 autut
248 1896 379 1927 inanima
396 1897 481 1936 pellis
497 1898 597 1927 colore
612 1905 761 1936 purpureo
777 1895 884 1926 imbui-

60 1945 119 1977 tur,
134 1949 191 1970 nec
205 1941 313 1970 sentit:
327 1941 366 1970 ita
376 1945 466 1970 elnos
479 1940 576 1971 adhuc
591 1940 621 1970 in
637 1945 694 1970 tam
716 1940 815 1970 multis
831 1939 882 1970 Dei

60 1985 149 2016 bonis
165 1995 320 2016 manemus
335 1989 363 2016 et
378 1994 543 2023 versamur,
561 1994 615 2015 nos
627 1985 655 2015 in
672 1984 730 2015 illis
745 1984 825 2015 nullo
837 1985 882 2014 af—

59 2030 108 2060 ﬁci
123 2039 213 2060 sensu
222 2030 410 2065 conﬁtentes,
423 2036 452 2061 et
465 2038 496 2061 ut
508 2031 570 2070 jam
584 2029 698 2069 salvati,
713 2029 882 2069 sanctisque

59 2075 182 2115 ascripti
209 2075 372 2115 eﬁ'eritnur,
399 2079 427 2106 et
451 2076 528 2105 velut
552 2075 704 2105 schemate
720 2074 750 2104 in
767 2074 882 2104 theatro

60 2120 199 2157 obvelati,
223 2120 448 2151 sanctimoniam
465 2125 496 2151 ut
512 2120 673 2151 histriones
695 2119 881 2158 simulamus,

59 2165 148 2196 vitam
162 2165 299 2195 miseram
310 2165 465 2203 ducentes;
476 2164 633 2205 mimisque
644 2168 674 2194 ot
684 2165 792 2195 scortis
804 2164 884 2194 simi-

929 335 1069 375 przeclare
1081 335 1242 374 cognoscit.
1257 334 1438 375 Principium
1456 336 1553 376 itaque
1566 336 1595 367 in
1613 337 1753 368 Christia-

929 380 1024 410 nismo
1040 380 1208 420 quempiam
1223 379 1367 410 consendi
1383 380 1439 410 hoc
1461 384 1518 411 est.
1543 380 1686 412 Ceterum
1702 382 1752 422 qui

928 423 1039 455 bonum
1057 424 1113 455 tale
1126 424 1256 454 nondum
1269 429 1481 464 cognoverunt,
1499 430 1528 456 et
1543 425 1749 467 inspexerunt,

930 477 984 499 nec
1000 468 1095 509 ipsum
1108 468 1328 508 perseverantia
1343 469 1443 500 multa.
1461 470 1658 510 lamentisque
1671 474 1700 501 et
1711 471 1752 501 la-

929 513 1038 552 crymis
1054 513 1262 553 quaesiverunt,
1275 517 1305 543 ut
1322 522 1376 553 per
1397 513 1603 552 hujuscemodi
1619 515 1752 546 actiones

928 557 1045 597 purgati
1059 567 1093 588 eo
1107 557 1285 597 potirentur,
1298 561 1325 588 et
1339 558 1469 597 perfecte
1479 558 1521 588 illi
1535 559 1622 599 uniti,
1636 569 1701 590 cum
1716 569 1751 590 eo

927 602 1166 633 communionem
1181 602 1336 642 haberent,
1350 603 1664 643 quomodo,dicmil1i,
1678 604 1751 635 sim-

928 646 1055 685 pliciter,
1071 651 1100 677 et
1115 646 1249 677 absolute
1274 647 1445 686 spirituales
1460 648 1652 679 nominentur
1663 650 1677 679 ?
1692 657 1750 680 non

927 690 1005 721 enim
1029 696 1107 728 sunt,
1126 692 1228 731 quales
1252 701 1318 722 esse
1341 696 1468 731 oportet.
1495 691 1526 723 Si
1550 693 1628 723 enim
1645 694 1753 732 quode

925 744 1017 766 carne
1027 740 1132 766 natum
1143 739 1197 771 est,
1207 745 1278 767 caro
1288 740 1332 767 est
1337 739 1376 773 ,ει
1386 737 1464 775 quod
1475 738 1632 776 exspiritu
1643 741 1752 769 natum

926 783 969 810 est
986 780 1119 820 spiritus
1137 785 1180 811 est
1200 781 1243 817 99,
1253 781 1304 820 qui
1320 781 1485 811 secundum
1508 791 1617 821 corpus
1631 782 1752 822 genitus

925 829 978 861 est,
997 829 1028 855 et
1044 825 1160 855 virilem
1177 830 1292 856 aetatem
1308 825 1416 865 attigit,
1434 825 1629 866 spiritualiter
1651 830 1750 858 autem

924 878 955 899 se
967 869 1047 899 nasci
1056 869 1167 900 debere
1177 877 1225 900 aut
1239 870 1388 910 cogitavit,
1403 879 1456 901 nec
1470 871 1610 908 credidit,
1626 880 1680 902 nec
1691 881 1749 902 un-

924 923 1011 953 quam
1029 914 1146 954 staduit,
1160 915 1309 955 quomodo
1323 915 1440 946 tandem
1455 915 1619 955 spiritua'is
1630 916 1749 954 ﬁdet,et

923 958 1126 998 spiritualibus
1142 968 1208 990 sese
1224 959 1456 990 annumerabit‘!
1476 959 1532 990 nisi
1552 960 1641 1000 clam,
1654 964 1685 990 ut
1699 961 1751 1000 qui

923 1002 1057 1033 sordidas
1072 1008 1170 1034 vestes
1182 1003 1289 1041 induit,
1301 1013 1368 1034 sese
1380 1005 1489 1034 sanctis
1504 1004 1661 1044 splendide
1674 1005 1749 1035 ami-

924 1047 978 1077 ctis
993 1047 1114 1078 intersei
1123 1052 1162 1086 at,
1178 1053 1206 1078 ct
1220 1048 1250 1079 in
1264 1057 1365 1079 mensa
1379 1049 1460 1088 regia
1471 1058 1537 1079 cum
1551 1049 1609 1079 illis
1619 1049 1750 1081 discum-

925 1091 1011 1127 bens.
1024 1093 1166 1132 ejiciatur
1181 1093 1270 1131 foras,
1284 1094 1390 1132 ligatus
1402 1103 1506 1124 manus
1517 1098 1546 1124 et
1558 1094 1651 1134 pedes
1662 1095 1750 1132 ‘,non

924 1141 956 1166 ut.
971 1137 1145 1173 ﬁliuslucis,
1163 1138 1216 1168 sed
1237 1139 1335 1169 carnis
1352 1143 1381 1168 et
1395 1138 1561 1178 sanguinis,
1574 1143 1602 1169 et
1617 1139 1749 1170 mittatur

924 1181 957 1211 in
974 1182 1069 1220 ignem
1081 1186 1239 1219 internum,
1251 1184 1303 1222 qui
1315 1187 1513 1223 praeparatus
1528 1187 1571 1214 est
1589 1184 1709 1215 diabolo
1721 1191 1749 1215 et

926 1226 1045 1266 angelis
1059 1227 1124 1265 eius
1138 1226 1163 1255 2.

967 1271 1231 1310 Ψυτταῐηυεῄᾳίιω·
1247 1270 1350 1301 ﬁdeles
1360 1272 1428 1302 totis
1436 1271 1560 1310 viribus;
1572 1272 1747 1305 festinemus

927 1315 1002 1355 pigri
1014 1315 1043 1345 in
1055 1315 1188 1346 laborum
1201 1315 1362 1356 patientia;
1375 1325 1565 1355 resurgamus
1583 1318 1702 1355 mortui,
1717 1322 1749 1349 ut

926 1360 1124 1397 obtineamus,
1138 1369 1189 1391 seu
1202 1360 1299 1400 potius
1310 1365 1342 1391 ut
1353 1360 1513 1400 participes
1528 1361 1633 1392 ﬁamus
1647 1362 1747 1393 chari-

925 1408 1002 1442 tat.s,
1027 1409 1056 1435 et
1070 1404 1110 1435 ita
1125 1414 1190 1435 cum
1215 1404 1280 1444 ipsa
1301 1405 1337 1435 ab
1363 1404 1409 1436 his
1430 1405 1520 1436 rebus
1544 1406 1747 1445 demigrantes

925 1449 1058 1480 Creatori
1080 1459 1115 1480 ac
1137 1449 1262 1480 Domino
1286 1450 1470 1487 assistamus,
1489 1454 1571 1481 extra
1597 1455 1747 1481 creaturas

924 1493 1120 1533 aspectabiles
1133 1503 1200 1524 cum
1224 1494 1288 1534 ipsa
1303 1494 1467 1531 constituti,
1485 1498 1514 1525 et
1530 1495 1745 1535 inaspectabili,

925 1539 1082 1576 increato,t
1095 1539 1223 1578 texperti
1234 1539 1332 1569 omnis
1344 1539 1481 1579 principii
1492 1539 1553 1570 Deo
1570 1541 1658 1578 uniti,
1677 1549 1745 1571 cum

923 1586 988 1622 ipso
997 1583 1304 1623 inaspectabilibus,et
1313 1583 1745 1624 incorruptibilibusuniamur:

925 1627 1061 1659 l’rwterit
1077 1629 1155 1658 enim
1169 1628 1269 1668 ﬁgura
1284 1628 1374 1665 huius
1391 1628 1498 1659 mundi
1507 1629 1534 1664 3,
1545 1632 1573 1660 et
1592 1629 1699 1660 calum
1713 1638 1748 1661 ac

924 1675 1004 1702 terra
1020 1681 1131 1712 magno
1146 1674 1261 1712 impetu
1273 1673 1462 1704 transibunt.
1476 1673 1620 1705 elementa
1631 1683 1704 1705 vero
1715 1678 1749 1705 in

923 1717 1020 1748 medio
1036 1718 1180 1747 ardentia
1192 1716 1381 1748 solventurt.
1400 1718 1434 1747 Et
1449 1717 1500 1757 qui
1516 1718 1660 1749 cbaritate
1683 1723 1744 1749 tum

922 1762 1103 1798 vacaverint,
1122 1771 1188 1792 cum
1205 1761 1373 1793 visibilibus
1388 1762 1533 1793 creaturis
1548 1767 1579 1793 ut
1600 1768 1745 1794 creaturae

923 1806 1068 1846 derelicti,
1084 1807 1114 1837 in
1131 1807 1199 1845 igne
1219 1811 1251 1837 et
1272 1806 1464 1838 horribilibus
1487 1808 1641 1848 suppliciis
1658 1808 1743 1840 inve-

926 1851 1064 1890 nientur;
1082 1851 1210 1882 Charitas
1223 1852 1303 1882 enim
1318 1852 1397 1883 Deus
1412 1857 1466 1888 est,
1481 1856 1509 1883 et
1521 1862 1579 1883 non
1591 1858 1745 1884 creatura:

924 1896 964 1927 Et
975 1897 1028 1936 qui
1039 1901 1139 1928 manet
1155 1897 1187 1927 in
1203 1897 1364 1934 charitate,
1381 1898 1415 1927 in
1427 1896 1486 1928 Deo
1497 1901 1611 1938 manet,
1623 1902 1650 1928 et
1667 1898 1748 1928 Deus

926 1942 956 1971 in
965 1950 1009 1977 eo,
1021 1941 1184 1972 utdilectus
1193 1941 1242 1972 ille
1252 1941 1382 1973 Joannes
1393 1941 1465 1973 ait5.
1476 1942 1534 1973 Sed
1546 1942 1667 1973 forsitan
1679 1943 1751 1973 :ali-

925 1986 991 2026 quis
1002 1986 1178 2026 insipienter
1186 1991 1309 2026 quaerat,
1317 1986 1466 2026 quomodo
1478 1991 1559 2017 extra
1569 1987 1745 2026 lbalatnum,

925 2034 954 2060 et
964 2040 1100 2069 regnum,
1111 2035 1140 2062 et
1151 2031 1427 2071 chorumjustorum
1444 2031 1518 2061 alius
1530 2031 1652 2071 insuper
1663 2033 1750 2062 locus

925 2074 1038 2112 salutis,
1052 2079 1101 2106 aut
1118 2076 1234 2116 requiei
1252 2085 1311 2106 non
1328 2075 1394 2106 est?
1409 2075 1516 2113 Stulte,
1532 2080 1646 2106 sacram
1665 2075 1748 2106 Scri-

925 2123 1040 2159 pturam
1059 2120 1207 2151 dicentem
1229 2129 1288 2150 non
1304 2119 1401 2160 audis,
1424 2120 1521 2150 locum
1547 2121 1680 2150 omnium
1697 2119 1748 2160 qui

925 2163 1075 2195 salvantur
1087 2165 1178 2196 Deum
1188 2173 1254 2195 esse
1264 2166 1278 2194 ?
1293 2165 1366 2196 Esto
1380 2165 1468 2204 mihi,
1478 2164 1584 2204 inquit,
1602 2165 1636 2195 in
1650 2164 1747 2195 Deum

59 2210 115 2246 les,
132 2219 198 2250 quae
209 2210 334 2241 naturali
349 2213 484 2240 (arentes
501 2209 732 2250 pulchritudine,
745 2209 818 2240 fucis
833 2209 884 2239 iii-
894 2244 913 2250 ἢ
924 2213 1129 2249 protectorem,
1144 2213 1171 2240 et
1185 2210 1218 2240 in
1228 2211 1325 2240 locum
1333 2209 1458 2249 refugit,
1471 2212 1503 2240 ut
1514 2209 1631 2239 salvum
1643 2211 1748 2248 mafo—

57 2255 213 2292 fricandis,
228 2259 257 2285 et
272 2255 396 2285 exoticis
412 2254 571 2294 pigmentis
588 2254 701 2294 seipsas
721 2253 809 2284 stulte
833 2263 882 2284 or-

56 2309 131 2331 nare
144 2299 318 2330 creduntur.
330 2299 366 2330 At
376 2309 434 2329 non
450 2305 620 2330 sanctorum
633 2300 730 2330 denuo
745 2303 881 2330 natorum

56 2344 436 2384 charactereshujusmodi.
449 2343 609 2375 Sciendum
618 2344 882 2383 autem,quomodo

56 2391 158 2422 infans
179 2393 262 2420 utero
286 2393 421 2420 materno
442 2398 590 2427 egressus,
608 2398 674 2419 cum
686 2397 786 2419 aerem
804 2389 882 2419 hunc

56 2445 117 2466 non
134 2435 267 2465 sentiens
283 2433 383 2473 sentit,
402 2433 504 2464 statim
518 2433 553 2464 ad
571 2433 671 2464 ﬁetum
699 2437 727 2463 et
751 2432 881 2472 vagitum

56 2479 171 2511 nullius
184 2479 315 2520 impulsu
330 2482 482 2509 movetur:
500 2478 543 2509 sic
563 2482 591 2509 et
615 2477 665 2517 qui
683 2477 781 2508 denuo
796 2482 881 2508 natus

56 2530 113 2560 est.
134 2528 164 2555 et
175 2533 190 2555 e
202 2523 312 2554 mundo
325 2524 394 2560 hoc,
408 2528 478 2554 utex
491 2527 576 2554 utero
587 2522 746 2553 tenebroso
760 2523 878 2563 prodiit,

54 2575 86 2602 et
102 2571 134 2600 in
149 2569 392 2605 ccelestelumen,
410 2568 487 2609 quod
506 2572 604 2598 mente
629 2567 761 2598 cernitur
776 2567 879 2606 ingre-

56 2616 154 2651 diens,
169 2614 288 2655 paulum
304 2613 419 2644 inillud
434 2613 518 2653 quasi
530 2611 690 2653 prospexit,
705 2620 772 2642 mox
783 2611 881 2642 incre-

56 2659 144 2689 dibili
168 2658 275 2698 gaudio
304 2657 450 2698 repletur,
480 2660 511 2688 et
533 2656 598 2687 sine
613 2655 722 2695 ldolore
738 2656 881 2695 lacrymas

55 2703 208 2744 profundit
223 2703 355 2742 cogitans
371 2707 404 2733 ut
414 2705 646 2733 consentaneum
674 2704 728 2741 est,
744 2700 882 2741 qualibus

56 2758 72 2779 e
89 2748 225 2779 tenebris
241 2748 394 2784 liberatus,
412 2747 443 2778 in
458 2747 539 2788 quali
554 2747 620 2778 luce
642 2746 753 2777 versari
775 2746 883 2785 dignus

54 2793 94 2824 sit
109 2793 308 2825 existimatus.
331 2792 404 2823 Nam
417 2792 467 2833 qui
483 2801 499 2823 e
512 2791 646 2823 tenebris
667 2791 818 2832 eximitur,
834 2790 883 2822 hic

92 2860 127 2886 99
141 2859 231 2892 Joan.
248 2861 345 2901 111,6.
372 2899 379 2901 Α
398 2859 420 2901 _1
435 2858 540 2901 Matth.
562 2866 634 2901 ιδῃ,
661 2859 707 2890 13.
770 2858 785 2880 ί
798 2858 902 2890 Matth.

52 2902 67 2928 5
82 2901 95 2934 Ι
108 2901 197 2945 Joan.
215 2909 257 2941 1v,
274 2899 324 2933 l6.
367 2899 384 2926 6
398 2899 477 2931 Psal.
492 2907 563 2937 xxx,
577 2899 609 2931 3.

214 2955 342 2988 ΡΑτιιοι..
358 2953 414 2987 Gn.
429 2951 513 2987 CXX.

894 2244 915 2268 D

924 2254 1020 2285 ciust}.
1034 2253 1120 2285 Salus
1132 2257 1229 2284 autem
1243 2258 1296 2290 est,
1314 2263 1379 2294 quae
1391 2263 1407 2284 a
1419 2253 1482 2284 Deo
1504 2252 1621 2284 dabitur
1637 2252 1746 2291 dignis,

926 2298 1096 2338 plenissima
1106 2298 1301 2329 deiﬁcationis
1313 2297 1416 2338 gratia,
1436 2307 1524 2338 quam
1541 2299 1586 2328 vix
1601 2306 1746 2337 asseque—

926 2348 981 2384 tur,
1011 2344 1062 2384 qui
1086 2349 1236 2384 acceptam
1260 2344 1290 2374 in
1315 2351 1401 2375 sacro
1427 2343 1605 2384 baptismate
1621 2343 1744 2381 gratiam

924 2389 1053 2419 ﬁdeliter
1067 2388 1235 2426 custodivit,
1264 2395 1294 2419 et
1317 2397 1370 2428 per
1394 2388 1486 2419 multa
1503 2398 1568 2428 quae
1582 2397 1686 2428 passus
1702 2392 1747 2418 est

923 2433 1011 2473 mala,
1027 2433 1217 2473 adoptionem
1235 2433 1362 2465 ﬁliorum
1381 2441 1433 2472 per
1446 2432 1590 2472 Spiritum
1609 2436 1748 2463 sanctum

922 2478 953 2508 in
973 2478 1029 2508 hoc
1052 2478 1161 2508 mundo
1178 2482 1285 2508 sariam
1303 2481 1410 2508 tectam
1437 2477 1634 2508 conservavit.
1655 2476 1750 2508 Pauci

922 2523 1001 2553 enim
1018 2527 1086 2553 sunt
1102 2522 1243 2563 profecto,
1261 2523 1312 2563 qui
1324 2523 1406 2563 quasi
1423 2522 1599 2553 decumanis
1615 2521 1682 2552 vita;
1694 2521 1749 2552 flu-

922 2567 1018 2598 ctibus
1032 2564 1099 2598 noif
1108 2568 1271 2606 jactentur,
1287 2576 1384 2607 neque
1400 2567 1495 2608 spinis
1511 2567 1576 2607 ejus
1591 2567 1750 2597 sulfocen-

922 2619 979 2650 tur,
994 2616 1022 2642 et
1033 2612 1099 2651 ejus
1106 2611 1483 2652 voluptatibusinescentur
1493 2621 1526 2642 ac
1535 2612 1678 2643 serviant.
1688 2611 1749 2641 Do-

923 2665 990 2687 mus
1001 2660 1099 2688 autem
1112 2656 1175 2694 Dei,
1190 2656 1347 2694 thalamus,
1363 2660 1391 2687 et
1411 2665 1538 2696 regnum
1550 2656 1650 2687 omnia
1662 2665 1745 2686 com-

923 2701 1010 2742 plexu
1020 2700 1155 2732 ambiens
1164 2701 1298 2741 suo.ej~us
1307 2701 1402 2732 deitas
1413 2701 1543 2739 est,solis
1550 2699 1747 2737 daemonibus,

925 2750 953 2776 et
960 2745 1165 2786 peccatoribus
1172 2745 1467 2777 inaccessa.Videtur
1477 2745 1596 2786 quidem
1606 2744 1750 2785 praeclusa

925 2790 1064 2821 omnibus
1080 2791 1131 2821 sed
1146 2789 1285 2822 ﬁdelibus
1300 2800 1334 2822 ac
1355 2800 1408 2831 pro
1424 2790 1511 2822 nobis
1526 2794 1640 2821 tantum
1654 2792 1746 2830 patet.

925 2866 996 2898 xxv,
1013 2857 1062 2889 40.
1124 2856 1168 2888 31
1184 2858 1250 2888 Cor.
1275 2863 1327 2896 VII,
1344 2858 1396 2890 31.
1459 2857 1501 2888 ⁴Ι
1523 2856 1604 2888 Petr.
1629 2864 1672 2906 111,
1700 2856 1748 2888 to.

1470 2952 1506 2984 14
