1978 3078
222 200 277 232 431

874 198 1062 231 SYMEONIS
1082 200 1257 232 JUNIORIS

1853 198 1914 230 432

223 265 326 307 Neque
341 275 408 297 vero
421 273 473 306 per
481 263 678 304 arrogantiam
694 263 807 305 primus
821 273 889 295 cum
906 264 969 304 ipsc
981 273 1043 294 ma-
1054 270 1075 294 Α
1085 275 1150 296 sum
1167 270 1195 296 te
1210 267 1331 304 vocarit,
1349 270 1377 297 et
1393 267 1428 297 ad
1446 266 1658 307 quiescendum
1675 266 1914 304 hortatus,dixe-

223 321 296 342 num
317 311 348 342 in
364 310 534 352 parosidem
550 309 679 348 intinges
702 320 709 340 :
735 309 820 349 cujus
835 309 915 340 enim
931 309 968 340 sit
984 310 1046 340 hmc

224 355 359 396 audacia,
377 365 435 386 nou
451 358 478 386 te
487 354 570 394 fugit.
588 353 620 385 Si
635 353 689 384 tibi
706 353 797 394 pedes
812 353 934 385 abluere
948 353 1048 384 volue-

223 399 273 437 rit,
300 409 369 431 eum
392 401 426 431 ut
450 399 604 430 dominum
620 402 649 428 et
663 398 836 437 magistrum
853 407 1003 438 reverere,
1020 402 1049 428 et

225 444 368 476 renitere.
390 443 444 475 Sin
460 443 583 474 dixerit:
598 442 666 473 Nisi
679 443 770 482 pedes
786 443 842 474 tibi
855 443 972 480 lavero,
990 451 1048 473 non

225 488 347 520 habebis
352 492 472 529 partem
478 487 640 525 mecumiﬂ,
649 487 737 518 etiam
749 491 840 518 totum
847 496 955 527 corpus
967 491 1048 518 tuum

224 533 406 564 abluendum
430 532 569 563 alacriter
584 540 719 571 expone:
737 535 769 562 ut
784 541 819 562 ex
844 532 892 563 his
917 541 983 572 quae
999 531 1051 562 tibi

224 578 309 618 ﬁunt,
325 577 537 608 sublimitatem
559 580 588 607 et
612 585 746 615 magnam
760 576 944 613 humilitatis,
963 577 1052 607 etiam

225 623 299 654 deos
308 623 456 660 facientis,
474 621 636 660 intelligas,
653 626 682 652 ct
698 622 842 661 majorem
861 626 930 652 tunc
944 622 1053 652 utilite-

227 671 285 698 lem
294 667 418 705 referas,
435 666 461 697 si
479 666 710 703 animadvertas,
722 675 809 706 quam
823 665 850 696 si
863 670 893 696 tu
905 666 996 706 patris
1011 667 1052 697 tui

226 711 319 752 pedes
333 711 491 742 abluisses.
509 709 540 741 Si
555 710 663 741 dixerit
683 710 764 741 inter
790 710 1026 741 accumbendum
1043 720 1049 741 :

230 755 313 788 Unus
323 765 363 788 ea;
370 756 453 787 vobis
463 765 510 787 me
524 756 624 786 tradet
633 755 675 796 77,
686 755 921 786 autscandalizat
938 764 997 795 me,
1015 765 1052 786 ne

227 805 309 841 tegas
318 800 436 832 dolum:
450 800 502 831 sed
513 800 539 830 si
549 801 687 831 conscius
708 800 759 830 tibi
776 809 819 836 es,
832 800 992 831 confitere:
1005 800 1052 830 sin

1088 312 1145 342 rit:
1160 311 1230 342 sedc
1246 312 1305 349 hic,
1326 316 1355 342 et
1371 312 1488 352 publico
1505 312 1634 348 abstine,
1659 313 1752 343 donec
1767 312 1915 343 induaris

1088 357 1201 387 virtute
1212 365 1251 387 ea:
1261 356 1366 394 (111031,
1380 366 1446 387 cum
1457 358 1540 387 ﬁrma
1553 366 1605 397 spe
1617 361 1644 387 et
1655 356 1833 396 inexplebili
1843 365 1913 396 gau-

1090 400 1138 431 dio
1158 400 1246 431 obedi
1259 409 1266 432 ;
1280 410 1368 431 verax
1383 401 1544 441 siquidem,
1558 401 1662 431 fratres
1679 401 1748 441 mei,
1768 401 1835 431 talis
1848 409 1914 431 ma-

1089 445 1191 484 gister,
1205 450 1233 476 et
1244 456 1260 475 a
1273 445 1428 477 mendacio
1440 446 1556 476 alienus
1564 445 1823 486 est.Superveniet
1832 455 1916 476 nam-

1091 500 1147 529 que
1163 490 1193 520 in
1209 494 1237 520 te
1247 491 1336 522 etiam
1350 500 1428 521 nunc
1445 500 1496 531 par
1510 491 1690 521 sanctissimi
1711 491 1839 531 Spiritus
1852 490 1916 521 vir-

1095 539 1151 572 tus,
1165 545 1223 565 non
1245 535 1274 565 in
1290 535 1391 576 specie
1416 535 1503 574 ignis,
1527 540 1557 566 ut
1574 545 1663 566 sensu
1679 535 1792 576 percipi
1809 536 1913 575 possit,

1093 589 1254 619 apparens;
1270 589 1323 610 nec
1340 589 1406 610 cum
1422 580 1514 610 multo
1530 580 1641 616 sonitu,
1653 580 1683 610 in
1700 580 1805 620 spiritu
1822 579 1915 610 vehe-

1096 625 1270 664 nienti(haec
1279 625 1489 664 enimpropter
1504 625 1675 655 incredulos
1691 625 1851 662 factasunt)
1860 625 1914 654 sed

1094 669 1124 699 in
1140 670 1240 709 specie
1256 669 1389 705 luminis,
1412 669 1490 709 quod
1518 669 1609 700 menti
1637 674 1725 709 patet,
1750 679 1817 700 cum
1832 668 1916 699 omni

1094 713 1306 754 tranquillitate
1327 717 1355 744 et
1367 714 1552 753 jucunditate
1568 714 1670 750 animi,
1686 714 1739 752 sic,
1754 718 1786 744 ut
1799 713 1917 744 intelli-

1093 767 1154 796 gas,
1170 757 1221 788 tibi
1238 758 1410 798 apparebit:
1426 759 1502 799 quod
1514 759 1616 789 interni
1629 768 1662 789 ac
1674 758 1762 798 primi
1777 758 1857 789 illius
1868 758 1916 788 lu-

1094 803 1182 833 minis
1199 803 1388 843 piomniium,
1409 808 1438 833 et
1463 803 1559 842 fulgor
1583 807 1612 833 at
1634 803 1763 833 scintilla
1780 802 1917 843 quasdam

227 849 339 893 autem,
361 845 399 876 ad
416 845 508 893 pedes
523 845 589 884 ejus
608 844 637 875 in
654 844 762 893 faciem
778 848 856 893 tuam
875 848 1049 893 prostratus,
1063 869 1081 893 Β
1093 847 1283 893 sempiternae
1295 847 1463 877 beatudinis
1475 852 1529 878 ρει.
1542 847 1604 878 Hoc
1613 847 1818 878 nunclucente
1831 847 1920 877 lumi-

228 899 296 921 cum
312 890 446 930 lacrymis
461 890 630 928 interroga:
645 889 804 929 Numquid
824 898 879 928 ego
898 898 975 926 sum,
988 890 1050 920 Do-
1063 889 1081 893 ”
1093 901 1142 930 ne,
1155 892 1253 922 omnis
1269 891 1402 932 inquieta
1417 901 1451 922 ac
1469 892 1638 923 turbulenta
1652 892 1792 932 cogitatio
1808 891 1915 931 dispe-

227 935 367 966 mine”?
385 934 503 966 Etenim
515 935 545 965 in
558 934 712 974 plurimis,
728 937 756 964 et
771 943 827 974 per
842 935 1051 973 ignorantiam
1092 937 1141 973 rit,
1160 941 1188 966 et
1203 935 1301 966 omnis
1317 935 1492 966 concitatior
1516 936 1607 966 animi
1634 936 1724 967 motio
1742 936 1917 976 dissipatur,

228 981 457 1022 offendimus”.
470 982 560 1011 Porro
582 981 611 1011 in
634 985 737 1021 pectus
760 979 853 1011 Patris
874 981 1050 1011 recumbere
1093 981 1190 1011 omnis
1204 980 1337 1021 corporis
1354 980 1475 1010 morbus
1490 981 1710 1012 sanatur.Tunc
1723 980 1801 1011 oculi
1817 980 1920 1011 cordis

228 1035 288 1056 non
297 1025 435 1057 conducit
447 1025 511 1056 tibi.
523 1024 596 1056 Nam
605 1024 659 1055 etsi
670 1026 800 1056 Joannes
813 1034 873 1065 prie
881 1025 972 1056 multa
981 1035 1050 1064 erga
1092 1025 1132 1056 tui
1150 1030 1321 1066 purgantur,
1337 1029 1522 1065 cernuntque
1537 1026 1733 1066 Deum,quod
1744 1025 1774 1055 in
1791 1024 1920 1056 beatitu-

228 1071 377 1102 Christem
400 1070 556 1108 charitate,
577 1073 608 1100 ut
629 1079 697 1100 cum
723 1069 844 1100 homine
869 1070 927 1109 egit
942 1069 1047 1107 libere,
1092 1069 1212 1101 dinibus
1224 1070 1366 1110 scriptum
1376 1069 1554 1101 est5'2.Tunc
1568 1070 1682 1101 velutin
1695 1070 1815 1110 speculo
1829 1079 1920 1110 parva

229 1115 424 1146 nihilominus
440 1121 471 1146 et
484 1114 550 1155 ipse
565 1123 632 1145 cum
645 1114 794 1152 omnibus,
813 1123 879 1144 cum
896 1114 997 1144 omnia
1011 1113 1052 1144 fe-
1094 1119 1191 1146 errata
1205 1124 1258 1145 sua
1273 1115 1391 1145 intuens
1409 1115 1518 1151 anima,
1539 1115 1567 1145 in
1587 1114 1723 1154 abyssum
1740 1114 1919 1145 humilitatis

229 1159 328 1198 cisset,
339 1161 472 1200 seipsum
482 1158 618 1190 inutilem
631 1168 748 1189 serium
764 1167 869 1189 vocare
882 1159 983 1198 jussus
994 1162 1049 1190 est.
1094 1160 1467 1199 dejicitur,perspectaque
1485 1159 1588 1198 gloria
1602 1158 1817 1197 magnitudine,
1834 1159 1919 1189 omni

229 1203 262 1235 Si
276 1204 386 1235 videris
397 1204 503 1235 ducem
519 1208 601 1234 tuum
617 1212 707 1244 supra
721 1208 832 1234 natura:
847 1212 961 1234 morem
978 1203 1053 1234 mira
1094 1204 1194 1234 laetitia
1202 1203 1384 1242 etVuluptate
1393 1203 1570 1244 repletur,et
1583 1203 1613 1234 in
1626 1203 1776 1243 insperato
1793 1203 1919 1233 attonita

230 1248 331 1286 edere,
348 1249 486 1288 famaque
500 1248 675 1285 clarescere,
688 1248 790 1288 crede,
802 1251 832 1279 et
847 1248 960 1285 laetare,
973 1249 1051 1279 Deo-

230 1303 288 1334 que
302 1293 410 1333 gratias
424 1302 489 1333 age,
506 1293 585 1333 quod
602 1292 774 1332 hujusmodi
797 1292 969 1332 magistrum
984 1301 1051 1323 sor-

231 1337 302 1369 titus
318 1347 361 1370 es.
379 1337 443 1369 Sed
458 1347 496 1368 ne
518 1337 616 1368 invidi
640 1336 813 1368 scandalum
839 1336 893 1367 tibi
923 1336 1050 1376 pariant,

230 1391 298 1414 cum
314 1392 382 1414 eum
397 1382 434 1413 ab
454 1382 514 1413 illis
533 1382 657 1412 fortasse
681 1380 852 1421 ignominiis
877 1380 1006 1421 multari,
1024 1385 1054 1412 et

231 1427 323 1468 alapis
333 1427 418 1465 caedi,
429 1431 459 1458 et
468 1425 577 1466 raptari
590 1426 756 1466 conspicies
772 1436 778 1456 :
795 1425 866 1466 quin
876 1430 910 1457 ut
923 1426 1053 1456 fervidus

230 1472 282 1503 ille
306 1472 411 1503 Petrus
435 1471 565 1511 gladium
594 1470 703 1511 arripe,
736 1471 859 1511 ejusque
875 1470 926 1511 qui
950 1475 1054 1501 contra

231 1520 346 1558 patrem
374 1521 457 1548 tuum
486 1515 645 1554 blaterare,
671 1519 722 1546 aut
744 1524 812 1546 eum
835 1515 978 1554 attingere
992 1524 1052 1545 non

1094 1248 1249 1279 miraculo.
1272 1247 1408 1288 lacrymis
1423 1248 1552 1279 ubertim
1566 1252 1666 1278 rorat:
1680 1251 1769 1287 atque
1785 1247 1825 1277 ita
1841 1251 1919 1277 totus

1095 1293 1182 1323 homo
1208 1293 1393 1329 immolatur,
1419 1295 1448 1322 et
1472 1292 1566 1323 Deum
1586 1292 1749 1331 cognoscit,
1766 1291 1804 1322 ali
1820 1300 1918 1332 eoque

1095 1338 1223 1377 primum
1239 1337 1437 1376 cognoscitur.
1463 1337 1531 1368 Haec
1557 1346 1685 1376 namque
1702 1336 1764 1366 sola
1779 1336 1915 1366 omnium

1095 1381 1257 1413 ccelestium
1274 1391 1307 1412 ac
1325 1381 1718 1421 Iorrestrium,praesentium
1745 1384 1774 1411 et
1798 1380 1918 1411 futuro-

1094 1435 1171 1463 rum,
1187 1425 1401 1463 tristiﬁcorum,
1410 1426 1653 1466 lietiﬁcorumque
1663 1425 1919 1465 contemptionem

1096 1470 1207 1501 homini
1220 1470 1384 1510 ingenerat,
1396 1479 1484 1510 quem
1500 1470 1588 1501 simul
1606 1470 1735 1501 amicum
1750 1469 1918 1508 Dei,etFi-

1094 1515 1165 1546 lium
1183 1514 1338 1553 Altissimi,
1358 1519 1387 1546 et
1404 1517 1496 1546 Deum
1515 1515 1668 1556 (quantum
1684 1514 1804 1555 quidem
1819 1516 1850 1546 in
1865 1515 1920 1545 ho-
1971 1538 1973 1543 ι

231 1566 349 1593 veretur
373 1570 433 1592 non
458 1559 620 1591 auriculam
647 1560 755 1597 solum,
776 1559 828 1590 sed
845 1563 873 1590 et
889 1569 1008 1590 manum
1024 1563 1082 1598 etc
1095 1560 1206 1590 minem
1220 1559 1309 1599 cadit)
1327 1559 1428 1591 efficit.

231 1606 363 1646 linguam
379 1609 510 1646 amputa.
527 1603 611 1641 Quod
626 1604 650 1634 si
663 1605 764 1641 etiam,
778 1608 811 1634 ut
822 1604 883 1642 ille,
893 1603 1050 1643 castigere,

232 1651 354 1682 omnino
370 1654 473 1682 tamen
488 1649 525 1680 ob
541 1649 689 1688 egregiam
715 1648 804 1679 ﬁdem
826 1653 855 1679 et
878 1648 1051 1679 charilatem

233 1695 324 1734 magis
335 1694 509 1726 laudabere.
521 1693 584 1730 Sin,
594 1698 625 1724 ut
636 1694 736 1732 homo,
753 1694 912 1734 perteritus
921 1693 1030 1724 dixeris
1043 1705 1049 1722 :

231 1740 379 1772 Νοηηουί
393 1739 544 1770 hominem
554 1739 596 1779 50,
614 1747 732 1769 rursum
763 1747 853 1778 super
882 1738 938 1769 hoc
952 1747 1052 1769 amare

234 1784 327 1824 plora,
352 1787 381 1815 et
405 1792 443 1814 ne
468 1782 676 1823 desperatione
698 1782 889 1813 absorbeare.
914 1782 998 1818 Quod
1027 1783 1052 1813 si

230 1829 314 1867 faxis,
329 1836 503 1869 persuasum
519 1826 614 1857 habeo
630 1826 702 1863 fore,
719 1830 750 1856 ut
762 1826 811 1857 ille
828 1830 856 1857 te
870 1826 999 1866 primum
1015 1826 1051 1857 ad

232 1882 265 1904 se
280 1872 420 1904 attrahat.
437 1871 469 1902 Si
484 1881 551 1902 eum
578 1875 716 1911 tanquam
742 1870 919 1901 sceleratum
935 1870 966 1901 in
981 1881 1051 1901 cru-

232 1926 297 1948 cem
312 1917 404 1957 afﬁgi,
419 1921 447 1947 et
459 1925 511 1957 pro
527 1916 680 1946 sceleratis
695 1915 771 1945 mori
787 1915 948 1955 aspexeris,
964 1915 990 1946 si
998 1925 1052 1956 po-

233 1966 287 2000 tes,
305 1969 490 1993 commorere
511 1971 517 1990 :
538 1964 588 1991 aut
602 1963 683 1990 certe
698 1969 737 1990 ne
752 1959 837 1991 malis
853 1964 884 1990 ut
900 1960 1004 2000 malus,
1023 1964 1052 1991 et

232 2006 366 2047 proditor
381 2010 409 2036 te
419 2006 558 2045 adjunge,
577 2013 675 2044 neque
693 2013 760 2035 cum
773 2004 845 2044 ipsis
857 2004 888 2034 in
907 2004 1052 2044 sanguine

231 2050 386 2082 innocenti
401 2049 603 2087 communica;
619 2048 670 2079 sed
686 2052 718 2079 ut
729 2049 781 2089 qui
792 2057 826 2079 ex
839 2048 1007 2089 timiditate,
1026 2053 1054 2080 et

230 2097 409 2128 infractione
424 2096 516 2127 animi
533 2095 683 2135 paulisper
697 2100 845 2135 pastorem
869 2095 1052 2136 deserueris,

232 2142 322 2173 ﬁdem
337 2142 368 2172 in
391 2141 474 2172 illum
490 2140 528 2171 de
543 2140 658 2179 integro
674 2139 802 2170 custodi.
819 2138 851 2170 Si
866 2139 992 2170 vinculis
1008 2141 1052 2171 le-

233 2187 358 2228 vabitur,
385 2195 419 2217 ac
442 2186 619 2223 dimittetur,
645 2185 766 2216 itterum
790 2184 911 2220 accede,
926 2194 960 2216 ac
974 2186 1054 2216 velut

232 2235 392 2272 martyrem
408 2230 537 2270 amplius
552 2238 706 2261 venerare.
716 2228 799 2265 Quod
808 2229 834 2259 si
845 2229 875 2259 in
886 2229 1052 2261 tentationi-

232 2276 287 2308 bus
297 2277 426 2307 animam
437 2273 614 2311 reddiderit,
630 2283 738 2314 corpus
752 2274 818 2313 ejus
832 2273 898 2304 sine
912 2277 991 2304 metu
1002 2283 1054 2304 re—

233 2321 330 2362 quire,
350 2325 379 2353 et
393 2320 467 2351 illud
484 2319 576 2350 multo
592 2318 685 2358 magis
700 2327 788 2358 quam
804 2318 905 2349 vivens
924 2327 1055 2358 prasens

232 2367 574 2405 honora,unguentoque
585 2363 761 2401 delibutum,
770 2366 943 2403 sumptuose
956 2367 1054 2395 tumu-

232 2410 454 2450 la.Quauquam
466 2408 545 2440 enim
563 2417 623 2438 non
640 2411 704 2448 post
715 2407 845 2438 triduum
863 2411 994 2439 extremo
1007 2408 1055 2438 die

233 2456 367 2496 profecto
393 2463 460 2485 cum
483 2452 636 2484 universis
661 2455 807 2492 resurget.
831 2452 926 2483 Crede
941 2457 1051 2491 autem,

233 2501 317 2531 illum
333 2509 401 2531 cum
417 2498 525 2530 fiducia
534 2503 631 2529 astare
643 2498 714 2535 Deo,
727 2496 844 2528 tametsi
865 2505 972 2537 corpus
988 2498 1054 2537 ejus

233 2545 373 2586 sepulcro
387 2545 440 2575 abs
455 2548 483 2574 te
498 2543 650 2574 conditum
671 2542 779 2582 jaceat,
796 2551 830 2572 ac
845 2542 910 2572 sine
934 2542 1054 2572 dubita-

233 2590 315 2622 tione
331 2597 434 2630 preces
447 2587 583 2628 ejusdem
598 2596 736 2627 exposce,
752 2591 782 2617 et
796 2586 989 2627 opilulabitur
1001 2586 1055 2618 tibi

233 2635 292 2673 hic,
302 2639 390 2676 atque
400 2634 431 2664 in
442 2632 576 2664 adversis
591 2631 730 2663 omnibus
741 2631 871 2662 tuebitur
881 2635 910 2661 te
922 2640 937 2662 e
951 2640 1056 2672 corpo-

232 2690 265 2712 re
280 2680 474 2711 excedentem
488 2677 629 2718 recepiet,
646 2681 847 2716 aeternamque
869 2676 1054 2707 mansionem

233 2724 411 2766 praeparabit
422 2723 487 2755 tibi.
503 2723 534 2755 Si
548 2725 614 2763 post
622 2721 722 2753 omnia
731 2731 798 2762 quae
816 2720 956 2761 diximus,
969 2730 1055 2752 seor-

274 2809 306 2836 26
318 2810 385 2842 Jan.
401 2816 467 2847 nn,
486 2808 536 2841 1’8.

233 2858 297 2890 xxx,
316 2851 366 2882 t9.
408 2849 436 2871 ³³
451 2849 554 2882 Matth.
570 2857 599 2887 v,
615 2849 630 2880 1
650 2857 736 2889 seqq.

578 2807 608 2833 ’7
623 2807 727 2840 Matth.
740 2814 821 2844 xxvr,
836 2806 869 2838 2|
879 2830 886 2838 .

777 2846 892 2878 331bid.
908 2855 961 2886 vn,
980 2849 1027 2878 I5.

929 2806 959 2832 98
983 2805 1061 2838 Ibid.
1075 2805 1124 2839 22.

1134 1603 1208 1635 Vide
1222 1603 1322 1644 igitur,
1339 1603 1441 1641 frater,
1456 1613 1494 1634 ne
1520 1603 1595 1634 forte
1612 1608 1718 1644 praeter
1728 1604 1912 1634 voluntatem

1093 1649 1259 1680 deteriores
1276 1649 1419 1689 sequaris.
1441 1647 1514 1678 Nam
1530 1650 1580 1688 qui
1597 1648 1807 1689 perspicientia
1822 1648 1913 1688 valet,

1094 1693 1197 1733 lupum
1212 1692 1248 1723 ab
1271 1702 1336 1730 ove,
1360 1692 1502 1723 latronem
1520 1702 1536 1723 a
1562 1697 1679 1732 pastore
1702 1693 1886 1724 internoscet
1905 1701 1911 1723 ε

1093 1738 1170 1769 sicut
1185 1737 1325 1768 nimirum
1341 1737 1405 1778 ipse
1423 1737 1566 1768 Dominus
1581 1746 1614 1768 ac
1629 1737 1708 1768 Deus
1724 1741 1824 1768 noster
1838 1737 1920 1767 affir—

1093 1783 1197 1813 mavit:
1210 1782 1370 1819 Altenditc,
1383 1781 1489 1822 inquit,
1504 1791 1522 1812 a
1534 1782 1623 1820 falsis
1631 1783 1796 1822 prophetis,
1807 1785 1859 1821 qui
1870 1791 1919 1812 ve-

1092 1829 1181 1858 niunt
1193 1827 1232 1858 ad
1243 1836 1294 1858 vos
1305 1827 1338 1858 in
1350 1827 1535 1858 vestimentis
1547 1828 1848 1867 ovium,intrinsecus
1859 1836 1919 1858 au-

1094 1876 1152 1903 tem
1163 1874 1234 1903 sunt
1245 1872 1310 1912 lupi.
1318 1872 1477 1911 rapaces.A
1488 1871 1638 1910 fructibus
1649 1881 1751 1903 eorum
1758 1880 1921 1912 cognosce-

1094 1919 1131 1949 tis
1142 1926 1190 1948 eos
1197 1916 1280 1948 53.Ut
1291 1917 1370 1947 enim
1384 1916 1472 1947 arbor
1483 1925 1519 1946 ex
1530 1916 1637 1957 fructu,
1646 1917 1688 1947 sic
1702 1917 1790 1947 homo
1804 1925 1839 1946 ex
1851 1925 1920 1947 ser-

1094 1972 1181 1994 mone
1196 1967 1325 2002 etopere
1336 1971 1388 1992 suo
1410 1961 1505 2001 qualis
1524 1961 1563 1993 sit
1579 1961 1783 2000 cognoscitur:
1798 1960 1850 1991 sed
1864 1971 1921 1992 co-

1093 2007 1245 2047 gnoscitur
1253 2006 1289 2037 ab
1301 2006 1336 2036 iis
1349 2006 1378 2036 in
1391 2005 1499 2046 quibus
1513 2015 1584 2037 sana
1600 2010 1644 2037 est
1659 2006 1748 2044 ratio,
1765 2010 1794 2036 et
1808 2006 1921 2037 anima)

1094 2061 1199 2083 sensus
1214 2054 1339 2082 constat.
1358 2050 1463 2082 Cmteri
1479 2061 1606 2092 namque
1622 2051 1760 2082 homines
1775 2052 1862 2082 etiam
1880 2052 1918 2082 ad

1094 2096 1158 2137 ipsa
1183 2105 1274 2136 opera
1298 2095 1496 2126 discernenda
1521 2095 1631 2136 stupidi
1655 2106 1689 2126 ac
1715 2096 1815 2126 stolidi
1833 2101 1917 2128 sunt.

1094 2140 1268 2180 Quempiam
1282 2149 1316 2170 ex
1327 2139 1427 2170 inedia
1442 2144 1607 2180 captantem
1624 2149 1725 2171 auram
1742 2139 1920 2181 popularem
1970 2176 1972 2179 η

1095 2185 1229 2216 videntes
1237 2183 1460 2224 commendant,
1469 2189 1570 2215 etcum
1585 2184 1748 2215 humilitate
1758 2185 1921 2215 comeden-

1096 2233 1155 2260 tem
1167 2229 1422 2260 damnant.Alium
1430 2229 1460 2259 in
1471 2229 1635 2259 humilitata
1644 2228 1709 2260 cibo
1716 2228 1919 2260 abstinentem

1096 2283 1149 2315 pro
1165 2274 1324 2314 hypocryta
1339 2273 1471 2311 habent;
1486 2277 1588 2304 contra
1604 2273 1743 2313 ingluviei
1768 2273 1918 2312 deditum,

1095 2317 1444 2358 simplicem,etminime
1456 2318 1487 2348 in
1499 2318 1595 2358 epulis
1609 2322 1778 2349 accuratum
1792 2317 1918 2356 ducunt,

1097 2362 1147 2403 qui
1165 2372 1230 2393 cum
1247 2362 1351 2393 crebro
1375 2362 1551 2393 accumbere
1573 2363 1773 2400 delectantur,
1796 2362 1922 2393 vitiosas

1096 2407 1166 2438 inde
1181 2405 1354 2437 atl‘ectiones
1370 2416 1437 2437 suas
1453 2407 1652 2438 consolantes.
1670 2406 1746 2442 Quin
1762 2405 1851 2436 etiam
1869 2415 1920 2437 sa-

1095 2451 1154 2482 lem
1179 2450 1364 2489 simulantes,
1392 2451 1559 2492 facetasque
1589 2461 1682 2491 nugas
1710 2451 1921 2490 intempestive

1097 2496 1275 2532 etfutientes,
1293 2499 1322 2526 et
1337 2495 1468 2535 gestibus
1483 2497 1634 2527 indecoris
1658 2496 1752 2526 risum
1767 2495 1835 2526 aliis
1850 2504 1919 2526 mo-

1096 2545 1207 2577 ventes,
1225 2540 1304 2571 velut
1319 2541 1368 2581 qui
1390 2550 1442 2580 per
1457 2541 1554 2572 studia
1568 2540 1746 2578 istiusmodi,
1762 2544 1872 2579 gestus,
1891 2544 1922 2570 et

1095 2594 1251 2616 sermones
1275 2584 1413 2616 virtutem
1437 2595 1533 2619 suam,
1551 2590 1580 2617 et
1595 2586 1721 2614 ἀπέοειπιν
1746 2589 1845 2624 legere
1862 2594 1918 2614 co-

1096 2634 1204 2660 nentur
1218 2630 1288 2660 dum
1304 2634 1453 2670 reputant,
1467 2639 1518 2661 eos
1531 2631 1663 2671 quicum
1679 2629 1834 2669 religione,
1849 2638 1917 2659 cum

1095 2676 1203 2706 virtute
1227 2678 1256 2705 et
1280 2674 1469 2714 simplicitate
1502 2675 1600 2706 cordis
1627 2675 1715 2705 vitam
1746 2673 1918 2712 traducunt,

1096 2729 1165 2752 vere
1181 2723 1310 2759 sanctos,
1323 2725 1355 2750 ut
1369 2719 1484 2760 aliquos
1494 2719 1532 2752 de
1542 2720 1614 2751 faece
1622 2719 1700 2759 vulgi
1711 2718 1791 2750 falsis
1806 2718 1921 2749 ratiun-

1167 2805 1198 2829 99
1224 2805 1286 2837 Jac.
1311 2812 1354 2844 n1,
1371 2807 1400 2837 2.
1444 2805 1471 2827 3°
1493 2805 1597 2837 Matth.
1613 2812 1694 2844 xxvx,
1712 2804 1760 2836 '72.
1803 2803 1829 2825 31
1845 2805 1919 2841 Luc,
