1978 3078
53 148 120 181 433

795 149 942 181 ORATIO
965 150 1073 182 XXIV.

1684 152 1742 185 434

53 216 138 247 culis
154 216 316 256 decipiant,
335 216 433 256 iisque
450 220 648 248 antevortunt.
666 216 775 247 Adhmc
790 216 841 246 alii
852 215 896 246 lo-
907 219 926 244 Α
938 215 973 246 Et
987 217 1082 247 sancti
1097 218 1197 248 Patres
1210 217 1347 248 Ecclesiaa
1357 217 1470 248 lumina
1479 227 1514 248 ac
1525 218 1666 258 magistri,
1679 218 1754 250 nihil

54 271 203 299 quacem,
219 265 247 292 et
265 260 709 301 ostendabundum,appositum
725 261 761 291 ad
778 260 890 291 docen-

54 305 146 342 dum,
164 310 192 335 et
207 305 393 344 spiritualem
414 315 479 335 esse
496 305 685 336 existimant:
701 305 889 335 taciturnum.

56 355 88 380 et
100 351 199 380 otiosa
215 349 304 380 verba
314 354 469 380 caventem
488 350 602 387 scdulo,
620 354 764 386 agrestem
786 353 814 379 et
830 359 891 379 mu-

57 399 124 424 tum
143 394 411 434 pronuntiant.Alii
427 394 455 424 in
471 394 582 433 Spiritu
596 395 889 434 sancloloquentem.

58 443 91 469 ut
108 439 169 469 alta
183 438 349 478 sapientem
365 449 398 469 ac
413 439 576 479 superbum
592 444 775 474 aversantur,
794 438 891 469 verbis

58 484 131 523 ejus
147 483 265 514 attoniti
284 483 389 522 magis,
404 493 493 523 quam
511 484 680 523 compuncli
695 495 701 513 :
716 487 818 514 natura
834 493 891 514 au-

59 532 138 566 tem,
157 532 209 558 aut
224 537 257 558 ex
270 528 496 568 disciplinarum
514 527 619 568 peritia
630 537 682 558 ore
696 527 823 558 rotundo
832 527 892 558 dis-

59 577 230 610 serentem,
240 577 378 604 etcontra
392 572 515 604 salutem
528 581 610 603 suam
623 573 828 610 mentientem,
839 582 889 602 su-

60 627 117 658 pra
135 618 255 649 modum
271 617 462 649 commedant
476 621 505 648 et
518 616 653 657 probant.
671 618 816 658 Atqueita
825 617 891 648 nul-

60 663 110 693 lus
128 662 206 693 inter
218 663 271 693 hos
284 666 339 698 est,
354 661 403 702 qui
416 665 509 701 recte,
521 665 551 693 et
570 667 600 692 ut
612 671 644 692 se
656 661 755 699 habet,
771 671 835 693 rem
847 662 891 692 vi-

60 706 150 746 dere,
165 706 392 746 dijudicareque
413 705 514 746 possit.
535 706 604 736 Rari
621 706 792 744 suntenim,
805 711 833 737 et
847 706 893 737 his

62 751 253 790 temporibus
269 750 467 791 potissimum,
480 751 530 791 qui
543 751 658 781 animos
678 751 755 782 bene
775 760 892 790 regere,

61 805 232 836 eorumque
255 795 376 826 morbos
399 794 490 835 probe
520 804 624 826 curare
646 795 755 826 sciant.
776 795 895 835 Jejunia

62 840 197 877 enim,et
212 839 325 879 vigilias
339 844 366 870 et
388 839 519 880 speciem
533 840 648 879 pietatis
664 840 751 870 inulti
768 840 893 871 fortasse

61 885 256 922 simularunt,
270 884 418 915 autetiam
430 893 521 924 opere
530 888 738 919 exercuerunt.
757 894 811 916 nec
825 894 892 924 pau‘

64 939 99 959 ca
119 938 135 958 e
147 933 267 969 pectore
282 930 469 969 depromere,
497 933 528 960 et
552 929 649 959 verbis
667 929 776 960 docere
792 929 892 969 plures

65 973 156 1004 facile
173 978 314 1014 possunt:
331 978 376 1004 ast
390 974 440 1014 qui
455 984 522 1004 cum
541 974 680 1014 lacrymis
697 978 793 1004 motus
807 983 825 1004 a
839 983 889 1004 ra-

64 1019 149 1049 tione
165 1028 283 1049 aversos
298 1019 483 1057 exscindant,
496 1019 678 1058 virtutesque
690 1019 890 1059 comprehen-

63 1063 144 1094 sivas
161 1063 200 1093 ita
218 1063 388 1102 possideant
405 1067 436 1093 ut
453 1063 486 1093 Iis
502 1063 623 1103 spoliari
649 1068 808 1104 nequeant,
827 1073 892 1103 per-

64 1107 205 1139 liensivas
221 1108 260 1138 ita
277 1107 447 1148 possideant
470 1112 501 1138 ut
527 1108 563 1138 iis
590 1108 711 1148 spoliari
729 1112 888 1148 nequeant.

63 1151 208 1192 perpauci
237 1152 437 1192 reperiuntur.
464 1152 595 1183 Virtutes
631 1151 892 1192 comprehensivas

63 1197 250 1237 appellamus
275 1197 485 1237 humilitatem,
502 1197 674 1227 vitiosarum
700 1197 889 1228 atfectionum

62 1241 288 1282 jugulatricem,
310 1246 338 1272 et
355 1241 484 1273 cwlestis
499 1246 588 1282 atque
610 1241 752 1281 angelica;
766 1242 892 1281 apatliia‘,

66 1286 315 1317 conciliatricem.
342 1287 414 1317 [lem
440 1287 624 1324 charitatem,
648 1295 713 1326 quze
739 1294 889 1326 nunquam

66 1335 138 1368 stat,
152 1340 249 1371 neque
261 1331 351 1368 cadit;
361 1331 412 1362 sed
429 1331 578 1370 prioribus
588 1339 708 1370 semper
718 1330 832 1370 adjicit,
841 1330 891 1360 de-

67 1375 212 1405 siderium
225 1375 386 1413 desiderio,
403 1384 534 1406 amorem
549 1384 651 1406 amore
666 1375 832 1406 cumulans.
850 1374 891 1405 Ex

68 1429 128 1460 qua
140 1420 279 1450 discretio
296 1420 422 1455 exsistit,
439 1430 506 1459 qua:
518 1424 547 1450 et
563 1420 705 1460 seipsam,
723 1424 752 1450 et
766 1429 891 1460 sequen-

68 1469 111 1495 tes
123 1474 156 1494 se
172 1469 252 1496 recta
268 1464 360 1502 ducit,
386 1469 414 1495 et
435 1464 512 1495 bene
534 1464 724 1505 procedendo
747 1475 781 1495 ac
798 1465 890 1505 proti-

67 1509 175 1540 ciendo
193 1518 285 1546 mare,
310 1509 387 1550 quod
413 1510 476 1540 sola
497 1509 694 1548 intelligentia
714 1509 888 1550 percipitur,

67 1554 192 1593 trajicit;
213 1563 300 1594 quam
318 1560 348 1584 et
365 1558 393 1584 tu
418 1554 512 1584 Dnuin
540 1563 663 1594 poscere
688 1553 791 1590 debes,
814 1563 893 1584 nunc

932 260 1052 300 scriptis
1064 261 1255 301 mandarunt,
1268 266 1318 292 aut
1333 271 1406 293 voce
1422 262 1599 301 docuerunt,
1612 263 1756 305 quodipsi

934 305 1015 345 prius
1038 305 1113 335 facto
1138 315 1201 336 non
1220 305 1420 345 prtetitissent,
1440 310 1468 337 et
1483 307 1533 338 ubi
1549 309 1756 347 prastiterunt,

933 359 982 380 res
998 350 1055 380 illis
1071 350 1220 382 successit
1243 360 1277 381 ex
1304 351 1459 382 sententia.
1483 351 1598 382 Etenim
1621 352 1759 393 discipuli

934 394 1073 434 magistro
1089 395 1138 425 tali
1155 404 1279 435 operam
1297 395 1412 432 dantes,
1430 396 1467 426 ad
1483 397 1548 436 ejus
1561 397 1758 428 imitationem

933 439 1093 470 incitantur
1107 448 1113 470 :
1128 449 1182 470 nec
1209 444 1325 470 tantum
1341 449 1376 471 ex
1390 440 1450 470 illis
1463 441 1652 472 sermonibus
1666 442 1757 482 proti-

933 483 1027 520 ciunt,
1051 488 1192 524 quantum
1220 484 1370 524 prmclaris
1392 485 1528 525 ejusdem
1551 485 1716 517 actionibus
1730 491 1760 518 et

933 528 1069 568 exemplo
1085 528 1121 559 ad
1155 528 1293 559 virtutem
1315 529 1529 569 capessendam
1553 530 1759 572 exardescunt,

935 576 964 602 et
975 572 1079 603 iisdem
1096 573 1233 612 vestigiis
1244 573 1386 604 incedere
1397 580 1551 613 coguntur.
1566 574 1703 612 Atenim,
1717 583 1760 605 va;

935 617 1032 655 nobis,
1055 617 1172 658 fratres,
1195 627 1262 648 cum
1288 617 1317 648 in
1343 617 1429 648 istam
1445 618 1667 658 confidenttam,
1684 618 1756 650 etin

937 662 990 692 has
1015 661 1154 692 tenebras
1176 662 1502 699 monachi-incidimus,
1525 667 1556 693 ut
1578 672 1628 694 vos
1648 663 1758 695 Christi

936 715 1005 737 Oves
1021 706 1086 737 sine
1101 707 1217 738 Christo
1230 716 1353 747 pascere
1363 707 1603 747 aggrederemnr,
1615 717 1648 738 ac
1664 717 1754 748 prop-

937 757 981 782 ter
991 751 1170 791 voluptatem
1177 777 1184 791 ,
1193 751 1406 792 commodaque
1415 751 1558 792 corporis,
1567 752 1756 792 etacquiren—

935 795 1002 825 dam
1015 796 1183 836 pecuniam,
1193 795 1395 836 honoremque
1411 795 1447 826 ab
1459 795 1630 826 hominibus
1643 796 1696 836 (rte
1706 795 1755 827 ab-

931 840 1012 880 jecto
1035 840 1105 870 mihi
1125 845 1213 881 atque
1234 840 1560 880 misero)apostolicam
1581 840 1753 880 dignitatem

935 885 1112 916 omnimodis
1121 894 1273 916 assumere
1284 884 1502 922 contendimus,
1517 885 1694 925 illorumque
1706 894 1755 925 po-

934 933 1067 960 testatem
1080 939 1151 960 anro
1162 939 1339 966 mercamur,
1357 939 1412 960 nec
1428 929 1521 960 Deum
1539 930 1689 967 timentes,
1700 939 1756 960 nec

933 973 1069 1004 homines
1084 984 1138 1005 nos
1154 974 1303 1006 intuentes
1318 974 1448 1005 reveriti.
1464 976 1504 1005 Ac
1516 974 1622 1004 solium
1635 974 1756 1014 quidem

933 1018 1011 1058 regis
1024 1019 1072 1049 illo
1089 1019 1179 1049 invito
1191 1018 1394 1050 conscendere
1412 1028 1499 1049 nemo
1515 1019 1614 1050 audet.
1629 1018 1687 1050 Sed
1699 1028 1756 1049 ne-

933 1072 990 1102 que
1016 1063 1213 1102 grammatici,
1236 1067 1285 1093 aut
1309 1063 1437 1093 rhetoris
1460 1063 1584 1102 alicujus
1608 1072 1756 1103 occupare

933 1107 1042 1143 locum,
1056 1107 1106 1146 qui
1122 1107 1212 1138 idiota
1227 1107 1275 1141 sit,
1289 1116 1386 1147 neque
1400 1106 1541 1137 audiente
1559 1107 1667 1147 populo
1677 1106 1755 1138 Scri-

933 1155 1032 1192 pturas
1042 1151 1178 1185 recitare.
1192 1152 1240 1192 qui
1253 1151 1365 1182 litteras
1378 1151 1485 1188 ne~cit,
1493 1160 1562 1182 cum
1570 1161 1624 1182 nos
1634 1151 1754 1182 interim

932 1196 1087 1236 apostolici
1111 1197 1244 1227 muneris
1267 1196 1494 1236 amplitudinem
1511 1196 1689 1236 quaerimus;
1705 1201 1756 1227 aut

933 1241 1021 1272 etiam
1033 1241 1159 1271 delatam
1172 1251 1229 1271 non
1246 1241 1411 1280 rejicimus,
1427 1240 1477 1281 qui
1493 1242 1617 1280 gratiam
1632 1245 1754 1281 aposto-

933 1286 1027 1316 lorum
1045 1286 1175 1316 nonduin
1188 1286 1356 1325 accepimus
1364 1295 1460 1325 neque
1470 1286 1580 1316 fructus
1587 1286 1651 1326 ejus
1664 1286 1694 1316 in
1706 1295 1757 1317 no-

933 1330 978 1360 his
989 1330 1143 1360 demessos
1154 1330 1333 1370 aspeximus.
1346 1329 1380 1359 Et
1392 1330 1552 1370 quomodo,
1565 1330 1682 1368 fratres,
1692 1335 1758 1362 tan-

935 1378 991 1404 tam
1003 1374 1134 1405 audacia)
1148 1374 1381 1414 magnitudinem
1397 1374 1561 1414 concipere
1574 1384 1633 1405 non
1652 1375 1757 1406 formi-

933 1419 1062 1449 damus?
1079 1418 1172 1449 Dicite
1196 1419 1281 1455 mihi,
1306 1419 1465 1463 dilecti,_si
1487 1419 1628 1458 frequens
1642 1420 1710 1458 ista,
1729 1423 1758 1451 et

932 1463 1028 1504 ampla
1044 1463 1144 1494 civitas
1156 1463 1324 1504 quempiam
1336 1464 1502 1500 advocaret,
1516 1472 1553 1494 ac
1567 1464 1700 1495 diceret:
1714 1464 1757 1495 Te

936 1508 1135 1548 praepositum,
1147 1513 1175 1538 et
1185 1508 1374 1548 imperatoris
1386 1508 1633 1548 protovestiarum
1645 1508 1758 1540 creabi-

935 1562 1012 1589 mus,
1031 1557 1061 1583 tu
1076 1553 1157 1583 solus
1178 1552 1306 1583 ascende
1328 1553 1358 1583 in
1384 1553 1508 1592 regiam,
1533 1553 1756 1594 ingressusque,

67 1598 204 1635 maxime,
217 1608 274 1639 quo
286 1603 403 1629 restitas
416 1598 581 1629 secundum
595 1599 660 1637 ejus
672 1598 893 1636 beneplacitum
903 1611 923 1636 ρ
936 1607 1057 1628 causam
1074 1601 1204 1627 nostram
1219 1598 1296 1638 apud
1313 1597 1522 1638 imperatorem
1533 1598 1759 1639 age,ipsumque

69 1643 224 1673 discernas
235 1647 321 1682 atque
330 1643 489 1682 dijudices,
504 1647 533 1673 et
544 1643 581 1672 ita
592 1643 709 1673 labores
719 1642 894 1673 contendas-

69 1697 136 1728 que,
160 1692 191 1718 ut
213 1687 360 1718 Ctiristum
377 1691 409 1718 et
428 1687 457 1717 in
482 1688 535 1717 hac
552 1692 609 1717 vlta
623 1688 804 1726 adjutorem;
820 1687 894 1718 etin

71 1734 167 1762 futura
193 1732 336 1763 claritatis
363 1741 423 1762 suae
446 1733 623 1772 voluptatem
648 1732 759 1763 affatim
785 1738 816 1764 et
840 1731 894 1762 tibi

68 1777 287 1817 impertientem
304 1777 449 1808 invunias.
466 1779 501 1808 Et
516 1787 613 1817 neque
629 1781 660 1806 ut
677 1781 825 1816 pastorem
841 1786 892 1807 se-

70 1821 168 1861 quaris
186 1822 298 1860 lupum,
309 1830 405 1861 neque
422 1821 556 1852 morbido
572 1821 653 1861 gregi
671 1825 698 1852 te
713 1820 892 1858 immisceas,

70 1876 164 1906 neque
187 1867 267 1897 solus
292 1875 426 1897 seorsum
456 1866 626 1906 reperiare;
645 1870 676 1896 ut
701 1875 798 1906 neque
814 1870 863 1896 aut
878 1875 895 1896 a

70 1911 137 1950 lupo
153 1910 319 1941 animarum
336 1910 501 1950 perditore,
524 1916 575 1941 aut
594 1920 611 1941 τι
626 1910 724 1941 bellua
741 1911 894 1950 intercep-

72 1960 117 1986 tus
133 1955 317 1995 conspiciare
332 1965 339 1993 ;
352 1960 401 1985 aut
417 1956 475 1986 alio
491 1961 578 1995 atque
593 1955 651 1986 alio
669 1956 774 1986 morlio
797 1964 893 1994 a'gro-

73 2003 129 2035 tus,
148 1999 311 2030 secundum
335 2000 463 2031 animam
488 1999 639 2035 intereas;
656 2003 706 2030 aut
729 2009 796 2029 cum
813 1999 894 2030 solus

75 2043 232 2080 cecideris,
254 2044 326 2074 illud
357 2044 402 2075 ι’(ε
427 2043 457 2073 in
488 2049 515 2074 te
544 2044 711 2084 quadret“
735 2043 790 2080 Qui
814 2043 894 2074 enim

75 2089 148 2119 bono
165 2098 196 2118 se
213 2089 385 2128 praeceptori
413 2088 579 2125 tradiderit,
606 2089 679 2119 nihil
703 2089 825 2119 istorum
842 2098 894 2118 cu-

74 2133 161 2169 rabit,
186 2133 236 2163 sed
265 2133 475 2164 sollicitudinis
503 2142 621 2173 expers,
636 2133 694 2164 vita
719 2137 849 2174 peracta,
866 2133 896 2163 in

75 2177 189 2210 Christo
205 2179 274 2210 Jesu
290 2177 414 2208 Domino
427 2181 528 2208 nostro
545 2178 714 2208 salvabitur.

346 2222 489 2254 ORATIO
517 2222 620 2254 XXIV.

377 2271 590 2294 ARGUMENTUM.

78 2303 176 2331 Ducem
193 2303 299 2331 Christi
312 2304 403 2339 gregis
417 2304 526 2331 ratione
536 2303 649 2339 praediti
667 2303 788 2338 primunt
800 2304 896 2339 semet-

110 2339 207 2373 ipsnm_
222 2342 351 2367 accurate
364 2338 552 2366 considerare
572 2343 596 2367 et
620 2339 767 2375 explorare
781 2338 898 2371 drbere;

110 2375 206 2410 quippe
233 2382 312 2410 quem
343 2375 440 2404 dicere.
472 2377 497 2402 et
525 2379 636 2410 exsequi
654 2374 708 2402 ’Du'
730 2375 898 2402 voluntatem

108 2417 212 2445 semper
236 2413 351 2445 oportet,
376 2413 402 2438 et
425 2411 466 2438 ita
488 2410 599 2438 demum
622 2411 689 2438 alios
714 2411 835 2445 idipsum
848 2410 898 2437 d0-

108 2453 165 2473 ctrre
182 2453 235 2481 quo
244 2454 336 2482 sermo
350 2446 484 2474 d-ictrinw
503 2447 561 2482 rjus
576 2454 638 2474 cum
653 2446 760 2474 actione
778 2446 896 2481 conjun-

109 2484 177 2518 συιδ,
193 2481 366 2510 auditoribus
389 2484 486 2517 gratus
507 2482 623 2510 act-idat.
648 2482 758 2518 Alioqui
779 2482 896 2518 salutem

108 2517 160 2545 sibi
185 2525 266 2545 suam
291 2518 347 2553 ipse
381 2519 469 2550 curet,
493 2526 527 2545 ne
551 2519 610 2545 tam
633 2518 697 2550 sibi,
725 2520 783 2545 tum
797 2517 895 2553 quibus

106 2555 215 2589 pi'wrst,
227 2554 372 2588 perniciem
383 2555 464 2589 atque
476 2553 616 2580 interitum
630 2556 714 2581 creet.

118 2589 259 2619 Dominus
276 2593 376 2619 noster
399 2588 485 2619 Jesus
507 2589 641 2620 Christus
657 2598 714 2622 non
731 2589 825 2620 solum
838 2588 894 2620 do-

78 2638 190 2664 centem
216 2633 333 2664 beatum
362 2633 522 2673 praedicat:
543 2633 595 2664 sed
616 2643 682 2664 eum
699 2642 829 2675 quoque,
845 2635 893 2674 qui

79 2678 154 2714 fecit,
167 2682 235 2708 ante
245 2687 331 2719 quam
341 2677 476 2708 doceret:
486 2678 776 2719 Beatus,inquit,qui
786 2679 859 2717 fecit
867 2681 896 2708 et

79 2722 173 2754 docuit
190 2723 239 2754 hic
253 2731 384 2763 magnus
398 2722 842 2763 vocabiturinregnocwlorum
851 2722 894 2754 ⁵5.

117 2816 141 2838 ³4
156 2815 243 2848 Eccle
258 2824 298 2854 IV,
319 2815 364 2848 t0.
409 2815 437 2837 35
450 2815 554 2847 Matth.
572 2825 603 2857 ν,
624 2817 670 2850 19.

936 1655 1068 1686 precare,
1080 1650 1111 1676 ut
1123 1646 1186 1676 hinc
1197 1650 1225 1676 et
1237 1646 1287 1676 illa
1296 1645 1382 1676 nobis
1394 1650 1522 1686 praestet.
1536 1646 1567 1677 Si
1580 1647 1605 1677 is
1617 1647 1757 1687 palatium

936 1700 1086 1731 nunquam
1103 1690 1283 1728 intravisset;
1301 1690 1353 1721 sed
1371 1695 1428 1721 tam
1444 1691 1517 1731 ipsis
1530 1691 1645 1722 audicis
1658 1692 1758 1722 omni-

936 1736 1003 1773 bus,
1031 1745 1117 1775 quam
1144 1735 1316 1775 imperatori
1337 1735 1454 1774 ignotus
1479 1740 1568 1773 esset,
1586 1745 1656 1766 num
1682 1736 1758 1767 istuc

937 1790 1065 1820 unquam
1081 1780 1189 1818 facere,
1206 1784 1255 1810 aut
1269 1780 1442 1818 dignitatem
1461 1780 1543 1810 istam
1560 1780 1637 1811 inire
1663 1781 1754 1812 susti-

937 1824 1041 1855 neret?
1052 1824 1135 1855 Adeo
1148 1825 1312 1864 projectum
1329 1824 1392 1855 fore
1407 1825 1557 1855 neminem
1571 1834 1675 1855 omnes
1687 1835 1756 1865 pro-

937 1869 983 1899 cul
1000 1868 1090 1899 dubio
1107 1867 1278 1905 fatebimur,
1293 1873 1321 1899 et
1336 1878 1474 1900 suasores
1498 1870 1570 1900 istos
1591 1874 1621 1900 ut
1638 1870 1757 1901 insanos

937 1918 966 1944 et
981 1918 1114 1944 amentes
1127 1914 1381 1953 reprehensorum
1397 1917 1423 1944 et
1442 1913 1611 1955 irrisurum,
1628 1914 1757 1954 dignita-

939 1963 1057 1998 temque
1069 1967 1128 1988 non
1145 1962 1178 1990 ut
1193 1958 1325 1996 honoris,
1341 1958 1393 1989 sed
1409 1962 1441 1988 ut
1456 1959 1624 1996 dedecoris,
1641 1964 1669 1990 et
1684 1968 1757 1998 sup-

938 2003 1017 2043 ριίι-ὶὶ
1034 2002 1187 2033 materiam
1204 2002 1440 2042 repudiaturum.
1459 2001 1488 2033 Si
1504 2002 1593 2041 igitur
1617 2003 1646 2033 in
1668 2003 1759 2035 rebus

937 2047 1074 2078 humanis
1099 2047 1171 2083 haec,
1199 2051 1228 2077 et
1253 2046 1362 2077 similia
1389 2047 1576 2077 committere
1597 2048 1679 2078 uetas
1702 2052 1758 2086 est,

938 2102 1015 2123 none
1031 2091 1175 2122 horribile
1187 2095 1232 2122 est
1246 2101 1280 2122 ac
1297 2091 1422 2129 videtur,
1436 2091 1553 2128 fratres,
1566 2092 1758 2132 apostolicam

938 2136 1111 2177 dignitatem
1140 2136 1362 2167 inconsiderate
1392 2136 1554 2176 suscipere,
1572 2140 1601 2166 et
1614 2137 1650 2167 ad
1677 2137 1758 2168 inac-

939 2182 1077 2214 cessibile
1099 2182 1197 2212 lemen
1221 2181 1377 2218 accedere,
1395 2181 1648 2221 mediatoresque,
1666 2187 1696 2212 et
1709 2183 1758 2213 iu-

939 2231 1085 2268 terpretes
1101 2226 1151 2257 Dei
1167 2229 1196 2256 et
1212 2225 1365 2256 hominum
1382 2225 1446 2256 ficri
1457 2226 1471 2255 ?
1490 2225 1565 2256 Num
1591 2226 1655 2257 leve
1670 2227 1758 2267 quid-

938 2273 1018 2308 dam,
1035 2277 1063 2302 et
1081 2270 1254 2311 dispicabile
1270 2271 1359 2310 hujus
1374 2270 1417 2302 rei
1434 2274 1572 2301 conatum
1597 2271 1734 2302 ducimus
1745 2271 1761 2301 ?

941 2318 1017 2349 l'roh
1034 2316 1119 2347 dolo!
1138 2317 1254 2352 fratres,
1267 2317 1419 2356 quoniam,
1435 2321 1466 2346 ut
1477 2325 1593 2356 vereor,
1607 2316 1637 2347 in
1651 2326 1760 2357 quam-

939 2363 1005 2394 dam
1033 2361 1221 2392 tenebrarum
1248 2361 1468 2392 universitatem
1494 2361 1624 2392 devoluti
1641 2371 1756 2401 sumus,

939 2412 1027 2447 atque
1043 2406 1155 2437 idcirco
1168 2415 1255 2446 quam
1267 2405 1371 2436 audaci
1384 2415 1438 2436 nos
1449 2405 1581 2437 facinore
1593 2405 1760 2438 obstrinxe-

937 2453 1042 2488 rimus,
1057 2460 1115 2482 non
1130 2450 1359 2482 videmus.Nam
1374 2450 1399 2481 si
1414 2450 1587 2487 viderimus,
1607 2459 1758 2491 nunquam

938 2506 973 2528 eo
989 2495 1173 2535 arrogantiae,
1185 2494 1432 2535 coufidentiaepue
1450 2494 1713 2535 processissemus,
1729 2499 1761 2526 ut

937 2541 1045 2572 divinis
1059 2540 1149 2571 rebus
1168 2539 1392 2578 insultaremus,
1412 2540 1582 2580 majoreque
1599 2540 1710 2570 honore
1725 2549 1760 2570 ac

938 2587 1044 2616 timore
1059 2589 1223 2624 terrenum,
1240 2594 1327 2625 quam
1343 2585 1540 2615 immortalem
1556 2594 1656 2624 regem
1672 2584 1759 2616 Chri-

937 2635 1013 2662 stum
1030 2630 1207 2661 Coleremus.
1221 2629 1367 2665 Quocirca
1379 2639 1432 2661 nos
1442 2629 1522 2668 ipsos
1537 2633 1688 2667 excutere,
1705 2639 1759 2659 ex-

937 2675 1140 2715 aminareque,
1164 2677 1192 2704 et
1207 2674 1243 2704 ad
1261 2675 1340 2705 hunc
1364 2674 1537 2713 magistrum
1559 2673 1681 2713 indigne
1706 2682 1760 2704 co-

937 2724 1045 2751 nantes
1052 2718 1316 2757 ascendere,omni
1325 2719 1439 2750 ratione
1447 2722 1760 2758 evertere,eorumque
