1978 3078
223 169 282 202 435
883 170 1032 203 SYMEON
1037 170 1070 203 IS

1089 171 1264 203 JUNIORIS
1861 169 1881 201 4
1888 168 1909 201 3
1917 169 1938 201 6

224 235 356 266 consiliis
371 235 487 266 obviam
501 234 546 265 ire
563 243 599 265 ne
616 234 799 271 desinamus,
816 235 868 266 sed
890 244 942 275 pro
964 234 1040 265 virili
1052 244 1072 263 Α
1084 237 1445 273 tuum,etcommissarum
1457 237 1509 268 tibi
1522 236 1681 274 ovium,v«~l
1691 236 1788 276 potius
1800 240 1934 276 patrum

225 283 325 309 nostra
339 278 470 319 appetitu
487 279 594 309 rationi
607 279 683 310 haud
696 283 896 310 consentaneo
912 289 964 310 eos
982 288 1046 319 pro-

227 323 330 354 hibere
344 324 528 364 Studeamus,
545 329 578 354 ut
592 328 620 355 et
637 324 716 364 ipsos
729 325 920 355 damnatione
932 325 1044 355 libere-

226 377 303 405 mus,
319 372 347 398 et
365 378 419 399 nos
435 370 521 399 vitam
537 369 720 399 securiorem
735 369 893 409 agitemus.

265 413 357 444 Porro
374 413 423 453 qui
439 413 470 444 in
486 417 581 444 semet
607 413 765 453 diligenter
782 413 948 454 inquirens,
967 412 1046 443 omni

225 457 326 496 gloria:
341 457 490 489 desiderio
499 458 638 494 solutum,
656 468 711 489 nec
723 458 815 488 ullum
828 459 856 488 in
869 467 900 489 se
916 458 1046 497 volupta-

226 502 273 539 tis,
291 507 341 533 aut
356 512 489 543 corporeo
504 503 649 543 cupidatis
664 503 819 542 vestigium
835 503 959 542 invenit,
977 511 1045 532 ava-

223 546 363 588 ritiaque,
377 552 407 578 et
422 547 630 579 malevolentia
646 547 683 578 ob
698 548 808 578 illatam
827 547 964 586 injuriam
982 555 1047 586 pur-

223 596 336 632 gatum,
363 592 491 632 perfecte
509 596 708 623 mansuetum.
734 596 762 622 et
787 592 876 622 irasci
898 591 1044 627 nescium,

225 640 257 666 ut
273 637 336 667 sola
350 637 502 668 auditione
524 637 653 667 nominis
677 637 785 668 Christi
810 637 874 676 ejus
897 645 997 667 amore
1013 644 1046 665 ac

225 680 376 712 desiderio
394 682 584 717 accendatur,
601 687 630 712 et
646 682 781 722 opleatur
797 682 943 722 Iacrymis,
961 685 989 711 et
1000 681 1047 711 in-

226 733 317 764 super
333 726 534 765 proximorum
552 726 614 756 vice
633 727 742 766 lugeat,
759 725 916 766 alienaque
941 725 1049 755 delicta

225 778 279 799 sua
293 770 430 808 aestimet,
443 780 477 801 ac
493 780 524 801 se
541 772 683 809 majorem
705 770 844 800 omnibus
863 774 1049 810 peccatorem

227 822 261 844 ex
277 815 376 845 animo
391 819 518 854 reputet,
533 825 565 846 ac
583 819 742 855 postremo,
765 815 788 845 si
817 815 940 845 uberem
956 817 1051 847 sancti

227 857 355 904 _Spiritus
369 859 504 899 gratiam,
522 860 594 890 snlis
611 859 702 889 instar
718 861 746 889 in
771 868 802 889 se
823 858 995 893 micantem,
1019 864 1048 889 et
1061 880 1079 904 Β

227 902 369 934 interiora
379 904 477 934 cordis
488 905 552 944 ejus
565 904 770 944 perﬁcientem
783 904 873 939 videt,
889 907 917 934 et
930 903 979 933 ubi
990 904 1047 934 mi-

227 948 360 978 raculum
376 948 406 978 in
421 958 453 979 se
469 949 624 980 manifeste
645 949 809 989 perpetrari
827 948 1045 984 animadvertit,

226 996 258 1022 ut
272 993 372 1024 ardeat
387 993 506 1034 quidem
530 993 559 1024 in
585 1003 628 1025 ea.
657 994 736 1034 quod
760 993 820 1033 igni
836 993 1047 1023 inacccssibilii

226 1037 355 1074 uniatur,
375 1048 433 1068 non
451 1042 547 1069 autem
565 1038 766 1074 comburatur,
784 1038 812 1068 in
830 1048 876 1076 eo,
890 1037 968 1078 quod
982 1038 1048 1077 ejus

225 1081 323 1113 anima
339 1083 419 1113 omni
441 1083 559 1113 turbido
576 1088 656 1114 motu
673 1087 775 1114 vacet:
796 1086 949 1122 praeterea,
968 1083 992 1112 si
1006 1083 1048 1112 sic

226 1126 410 1166 humiliatur,
423 1132 454 1158 ut
464 1136 496 1158 se
507 1127 585 1158 haud
597 1127 749 1162 idoneum,
763 1132 792 1158 et
807 1127 971 1166 indignum.
987 1128 1046 1157 hu—

227 1181 321 1202 manae
337 1176 448 1203 naturae
462 1172 782 1208 inﬁrmitatemsriens,
798 1172 968 1206 arbitretur,
984 1172 1047 1202 ﬁdit

226 1225 295 1246 vero
310 1225 446 1256 supernae
461 1218 572 1257 gratiae,
590 1220 617 1247 et
632 1217 800 1257 aptitudini,
819 1225 904 1256 quam
920 1216 969 1246 illa
986 1216 1045 1246 lar-

227 1260 316 1300 gitur,
327 1265 355 1291 et
371 1261 474 1292 eadem
489 1261 529 1292 ita
545 1261 712 1300 postulante
730 1271 838 1291 munus
853 1261 990 1291 alacriter
1001 1271 1047 1291 ca-

229 1306 329 1345 pessit,
348 1315 467 1336 omnem
491 1306 647 1336 humanam
672 1305 928 1336 ratiocinationem
949 1308 1049 1345 repet-

227 1349 304 1385 lens,
321 1350 510 1391 animamque
526 1351 619 1390 ipsam
638 1357 760 1390 propter
782 1350 877 1381 Solum
891 1349 944 1379 Dei
961 1359 1049 1380 man-

228 1393 340 1430 datum,
354 1395 591 1435 charitatemque
608 1394 735 1435 proximi
747 1403 800 1434 pro
814 1393 952 1424 fratribus
966 1395 1053 1425 morti

229 1438 357 1478 objectat
372 1448 378 1470 :
398 1439 423 1470 si
436 1439 559 1479 insuper
575 1443 704 1469 mentem
717 1439 797 1469 omni
814 1438 961 1468 mundana
969 1438 1053 1477 cogi-

229 1483 339 1514 talione
353 1484 518 1515 immunem
534 1484 632 1524 habet,
649 1488 678 1514 et
697 1483 794 1513 lucida
811 1482 986 1513 humilitatis
1002 1488 1051 1514 tu-

229 1526 296 1558 nica
311 1532 468 1568 coopertus
485 1532 539 1565 est,
557 1533 588 1559 ut
603 1537 655 1568 ega
666 1528 817 1567 adjutores
833 1536 902 1557 suos
918 1536 972 1557 nec
985 1537 1050 1557 mo-

229 1571 294 1603 dice
323 1573 482 1610 efﬁciatur,
511 1573 563 1604 sed
596 1573 658 1613 pari
690 1572 832 1609 bonitate,
860 1572 999 1609 candore,
1023 1576 1052 1602 et

228 1616 399 1648 innocentia
410 1618 509 1649 cordis
520 1618 581 1648 suis
592 1618 622 1648 in
635 1626 740 1648 omnes
750 1621 812 1654 est;
827 1625 881 1647 nec
901 1621 969 1647 tunc
981 1617 1049 1657 qui—

228 1660 296 1692 dem
309 1661 383 1693 citra
402 1662 492 1702 patris
503 1662 547 1693 sui
559 1662 716 1693 consilium
736 1671 771 1692 ac
783 1661 961 1691 voluntatem
979 1670 1050 1700 pro-

228 1705 355 1738 vinciam
371 1707 523 1748 suscipere
538 1707 646 1738 audeat
663 1718 670 1738 :
688 1705 740 1737 sed
756 1705 894 1736 humiliet
909 1714 951 1742 se,
970 1710 998 1735 et
1014 1715 1049 1736 eo

228 1750 306 1782 bene
316 1757 456 1790 precante
468 1752 650 1792 jubenteque
669 1751 697 1782 id
710 1751 808 1786 faciat,
824 1750 1049 1790 praefecturam-

229 1805 286 1836 que
306 1796 343 1826 ob
368 1797 460 1827 solom
487 1797 609 1827 fratrum
626 1796 750 1827 salutem
766 1793 1019 1835 accipiat.Verum
1030 1795 1054 1825 si

229 1845 344 1881 patrem
364 1851 451 1872 suum
466 1841 649 1882 spiritualem
667 1840 802 1880 ejusdem
826 1839 947 1879 spiritus
959 1840 1053 1879 parti-

229 1887 337 1928 cipem,
356 1891 387 1920 et
403 1888 507 1919 eadem
536 1888 708 1927 cognitione
735 1896 768 1917 ac
793 1886 870 1916 dono
902 1886 1053 1925 (lignatum

229 1931 321 1972 novit,
335 1937 431 1963 utnon
451 1932 558 1963 divina:
578 1931 721 1963 voluntati
751 1930 911 1970 contraria,
933 1930 984 1960 sed
1005 1939 1055 1960 se-

231 1976 361 2007 cundum
379 1978 474 2017 ipsum
496 1977 606 2008 donum
626 1981 652 2008 et
670 1985 841 2007 mansuram
866 1975 1000 2015 loquatur
1016 1974 1054 2012 ei,

230 2031 296 2062 quae
312 2021 372 2052 Deo
388 2022 516 2062 placent,
531 2026 559 2052 et
581 2022 647 2061 ejus
664 2021 772 2051 animas
797 2019 975 2055 conducant,
998 2029 1056 2059 quo

230 2076 288 2097 non
307 2068 379 2104 Deo,
390 2067 442 2098 sed
455 2067 569 2098 homini
582 2066 726 2097 obediens
739 2064 1057 2104 inveniatur,ctgloria

230 2111 398 2152 collataque
412 2112 469 2142 sibi
491 2113 569 2143 dono
593 2115 728 2142 exuatur.
747 2110 777 2141 Si
798 2110 877 2140 enim
891 2109 1057 2149 adjutorem

1061 1520 1080 1544 C

231 2156 390 2205 bonum,et
399 2157 584 2205 spiritualem
594 2154 952 2205 consiliaruminve‘nerit,
966 2154 1058 2204 tutius
1068 2181 1090 2205 Β

229 2201 305 2232 istuc
317 2211 424 2232 munus
434 2201 648 2242 auspicabitur,
660 2205 688 2231 et
699 2199 842 2230 humilius
849 2199 885 2229 de
896 2208 928 2230 se
937 2198 1054 2229 sentiet.

229 2246 298 2277 Haec
311 2246 410 2286 itaque
426 2246 526 2276 omnia
543 2249 573 2277 et
589 2246 634 2276 his
661 2245 744 2285 plura
768 2244 793 2274 si
817 2243 921 2273 videns
936 2243 1056 2280 viderit,

229 2300 299 2322 vere
314 2290 457 2327 inveniet,
472 2295 499 2321 et
517 2299 570 2330 per
579 2289 711 2330 seipsum
731 2292 901 2328 cognoscet,
920 2287 979 2317 imo
989 2296 1057 2317 vero

232 2345 250 2366 a
261 2335 331 2366 Sole
343 2335 466 2375 justitize
480 2334 587 2370 discet,
604 2334 629 2364 si
643 2334 719 2364 forte
735 2333 824 2363 etiam
840 2333 869 2362 in
886 2332 979 2362 solem
999 2331 1056 2361 ali—

231 2380 349 2421 quando
366 2380 468 2411 oculos
483 2379 620 2410 intendit.
635 2378 718 2414 Quod
743 2377 768 2408 si
791 2387 857 2417 qua:
872 2379 1056 2416 praitextun~

232 2420 280 2455 tur
296 2424 365 2455 talia
380 2430 409 2455 et
424 2428 482 2454 tam
499 2423 632 2454 difﬁcilia
648 2427 726 2460 sunt,
744 2431 799 2452 nec
812 2421 897 2452 facile
911 2425 956 2451 est
971 2420 1058 2451 intel-

231 2469 334 2508 ligere,
358 2468 507 2510 quomodo
538 2467 700 2499 secundum
732 2467 805 2497 Dum
837 2465 917 2502 ﬁant,
931 2466 1055 2505 {quanto

230 2514 350 2545 tandem
378 2513 531 2553 operosior
555 2513 611 2543 erit
635 2512 678 2543 rei
708 2511 802 2552 ipsius
830 2510 997 2550 aggressio,
1029 2514 1058 2540 et

230 2558 458 2594 administratio,
468 2558 539 2588 ctad
552 2557 729 2588 tentationes
740 2555 926 2586 suﬁ‘erendas
942 2554 1057 2594 patien-

231 2603 284 2642 tia,
294 2603 362 2634 etin
376 2603 462 2634 bellis
473 2601 640 2633 istiusmodi
657 2600 851 2632 subtilissima
871 2599 1054 2640 dijudicatio.

270 2648 378 2688 Quare,
397 2652 479 2688 pater
503 2646 664 2687 spiritualis
681 2645 770 2677 etiam
789 2649 876 2685 atque
900 2644 987 2674 etiam
1005 2653 1057 2674 cor

232 2699 313 2724 tuum
323 2692 591 2733 inspecta,oculum
598 2690 689 2722 animi
697 2690 739 2720 tui
748 2689 841 2728 magis
851 2698 970 2729 semper
978 2688 1052 2725 lava,

229 2747 396 2779 purumque
412 2742 440 2768 et
455 2736 599 2768 mundum
615 2744 770 2773 conserva,
784 2743 838 2775 per
853 2743 942 2775 quem
959 2738 988 2764 et
999 2742 1052 2764 cor

270 2822 297 2844 ³⁵
310 2821 398 2855 Rom.
411 2831 463 2861 xn,
481 2822 499 2855 4
515 2831 600 2863 seqq.
642 2821 670 2844 35
684 2820 759 2851 Psal.
770 2828 878 2874 ἰχινι,
896 2819 945 2850 ll.

1088 286 1116 312 et
1129 282 1251 312 fratrum
1266 285 1380 312 tuorum
1395 282 1565 321 perspicere
1579 281 1701 321 poteris,
1712 280 1789 311 bene
1800 281 1874 311 illos
1886 280 1938 310 in-

1089 331 1275 366 ternoscens,
1287 335 1321 356 ac
1334 335 1385 366 pro
1396 336 1430 357 eo
1443 330 1474 356 ut
1490 325 1576 356 decet
1591 325 1773 363 gubernans.
1783 324 1933 355 Ecclesia

1089 371 1180 408 enim,
1203 380 1255 401 seu
1275 375 1439 401 conventus
1454 376 1483 400 et
1496 369 1683 409 congregatio
1696 370 1928 400 monachorum

1088 423 1195 454 corpus
1207 414 1354 455 quoddam
1363 418 1418 449 est,
1428 418 1460 444 ut
1470 414 1555 444 audis
1566 423 1600 444 ex
1614 414 1701 444 Paulo
1709 414 1751 439 ἥδ’
1761 413 1799 444 de
1811 413 1928 444 Chris-

1090 458 1237 490 tianorum
1258 458 1402 498 Ecclesia,
1417 458 1521 498 etejus
1543 462 1631 498 caput
1650 457 1836 498 praepositus.
1854 458 1928 489 Jam

1089 503 1341 544 quemadmodum
1365 507 1473 533 czetera
1496 502 1631 542 corporis
1647 502 1782 533 membra
1803 502 1932 541 singula

1089 556 1222 578 seorsum
1236 557 1317 578 suam
1332 548 1481 588 propriam
1493 547 1672 578 fonctionem
1686 547 1808 587 habent,
1818 551 1853 577 ut
1869 556 1929 586 pes

1089 592 1277 629 ambulandi,
1292 601 1397 622 manus
1416 591 1538 622 tenendi
1555 596 1583 622 et
1596 591 1750 631 operandi,
1766 595 1857 632 caput
1874 601 1931 622 au-

1089 641 1149 667 tem
1166 636 1256 667 totius
1271 637 1365 667 instar
1379 641 1436 674 cst,
1448 640 1548 676 utpote
1562 637 1592 666 in
1606 646 1664 676 quo
1680 645 1784 666 omnes
1800 645 1929 672 sensus,

1090 684 1118 711 et
1137 689 1234 721 mens,
1258 685 1287 712 et
1312 681 1386 711 ratio
1411 681 1566 719 habitant;
1590 680 1632 711 sic
1648 679 1720 711 etin
1739 680 1929 711 monasterio

1091 723 1196 758 fratres
1212 737 1269 758 non
1281 737 1385 758 omnes
1401 728 1512 764 omnia,
1525 727 1577 758 sed
1588 727 1664 758 alius
1679 727 1759 758 aliud
1773 727 1926 768 quiddam

1091 772 1221 809 efﬁcere,
1235 777 1264 803 et
1284 772 1312 802 in
1336 773 1392 803 hoc
1413 772 1457 803 vel
1481 772 1531 802 illo
1558 772 1728 803 ministrare
1747 772 1922 803 consuevit.

1091 815 1175 848 Unde
1187 817 1217 846 in
1228 821 1305 847 cmtu
1319 817 1373 847 sub
1392 816 1480 847 unius
1492 816 1665 847 obedientia
1680 817 1854 856 degentium
1873 817 1922 847 vix

1092 870 1193 898 unam,
1211 865 1260 891 aut
1274 861 1347 892 duas
1364 861 1488 891 virtutes
1511 861 1540 891 in
1563 862 1668 892 eodem
1691 861 1839 893 invenias.
1855 863 1922 893 Nec

1091 905 1212 943 mirum,
1232 905 1363 936 membra
1380 907 1459 936 enim
1484 905 1681 945 parttculatim
1698 910 1766 936 sunt
1781 916 1788 943 ;
1805 915 1923 945 praeses

1089 954 1201 986 autem,
1229 950 1290 981 sive
1311 950 1485 990 praepositus
1503 959 1608 981 omnes
1624 951 1744 982 virtutes
1763 951 1920 990 poscitur;

1091 1003 1146 1025 nec
1161 995 1257 1024 solum
1274 995 1338 1025 illas
1359 1005 1425 1035 quae
1440 995 1469 1024 in
1485 994 1594 1033 anima,
1612 995 1664 1026 sed
1690 994 1777 1025 etiam
1802 1005 1871 1035 quae
1886 995 1918 1025 in

1089 1049 1215 1080 corpore
1233 1039 1443 1079 subjuciuntur
1459 1048 1465 1070 :
1494 1043 1522 1069 et
1539 1039 1660 1079 insuper
1676 1049 1742 1070 cum
1759 1039 1921 1070 virtutibus

1091 1083 1155 1124 ipsa
1171 1084 1303 1124 mystica,
1322 1093 1485 1124 magnaque
1510 1084 1700 1114 charismata.
1729 1084 1812 1114 Sicut
1829 1093 1920 1114 nam-

1090 1137 1148 1168 que
1162 1128 1217 1158 viri
1235 1133 1332 1168 caput,
1347 1128 1383 1158 ab
1395 1133 1515 1158 externa
1529 1128 1774 1165 conformatione,
1786 1132 1813 1158 ct
1823 1128 1920 1159 deco—

1089 1173 1227 1212 raspccie
1243 1172 1513 1209 eximiam,honore
1524 1171 1642 1211 dignam
1659 1172 1778 1211 praefert
1792 1173 1919 1212 elegan—

1089 1217 1159 1247 tiam
1175 1227 1181 1246 :
1203 1221 1409 1247 verumtamen
1440 1216 1497 1247 nisi
1522 1226 1606 1247 mens
1624 1217 1653 1246 in
1671 1226 1705 1246 eo
1721 1216 1827 1256 vigeat,
1846 1227 1921 1247 sen-

1093 1261 1316 1301 susquesalvos,
1327 1261 1494 1300 etintegros
1505 1260 1621 1299 habeat,
1637 1260 1740 1291 inutile
1753 1262 1920 1300 judicatur,

1093 1306 1304 1345 sperniturque
1319 1305 1356 1335 ab
1373 1305 1511 1336 omnibus
1530 1316 1535 1334 :
1555 1305 1594 1336 ita
1615 1314 1686 1335 sane
1702 1310 1730 1336 et
1747 1306 1918 1346 prmfectus.

1093 1349 1156 1380 Non
1187 1350 1265 1380 enim
1298 1350 1501 1380 tantummodo
1529 1350 1566 1380 ab
1595 1349 1703 1380 animae
1729 1354 1758 1380 ct
1782 1351 1921 1390 corporis

1096 1394 1216 1425 do'ibus
1232 1395 1332 1424 ornari
1347 1399 1376 1425 ct
1392 1394 1517 1433 fulgere,
1540 1403 1641 1425 verum
1667 1394 1755 1425 etiam
1771 1404 1788 1424 a
1803 1395 1920 1425 charis-

1096 1438 1182 1469 matis
1194 1438 1399 1479 spiritualibus
1410 1439 1475 1479 plus
1485 1439 1558 1469 honc
1565 1439 1635 1469 stari
1648 1438 1756 1470 debet:
1771 1439 1920 1479 siquidem

1095 1483 1176 1514 aliud
1206 1491 1248 1513 est
1279 1483 1384 1521 virtus,
1413 1487 1443 1514 et
1463 1483 1542 1513 aliud
1569 1483 1728 1514 charisma.
1753 1483 1920 1515 Virtutibus

1094 1529 1172 1558 enim
1190 1528 1288 1558 studio
1305 1537 1337 1558 ac
1354 1528 1508 1567 diligentia
1531 1533 1632 1558 nostra
1653 1532 1734 1558 recte
1758 1528 1918 1567 fungimur,

1093 1577 1123 1602 et
1148 1573 1243 1602 nostri
1268 1582 1308 1603 ea}
1333 1572 1484 1603 laboribus
1507 1576 1739 1612 comparantur:
1757 1573 1921 1612 spiritualia

1093 1626 1161 1647 vero
1177 1616 1358 1647 charismata
1373 1617 1452 1647 dona
1466 1621 1534 1647 sunt
1562 1626 1626 1656 qua:
1643 1617 1848 1648 certantibusa
1859 1619 1919 1649 Deo

1092 1661 1212 1692 dantur.
1231 1661 1323 1692 Verbi
1340 1671 1439 1698 causa,
1462 1661 1621 1702 jejunium,
1638 1666 1666 1691 et
1687 1662 1807 1692 castitas
1823 1661 1917 1693 virtu-

1094 1713 1137 1740 tes
1153 1710 1233 1743 sunt,
1257 1705 1389 1736 marcida
1415 1706 1522 1736 etenim
1548 1706 1678 1737 reddunt
1697 1706 1871 1746 voluptates,
1889 1711 1919 1737 et

1095 1750 1236 1790 conporis
1251 1750 1393 1781 incendia
1410 1754 1604 1790 compescunt
1620 1760 1627 1780 :
1645 1759 1710 1790 quae
1721 1750 1840 1790 quidem
1856 1760 1922 1780 nos~

1098 1799 1150 1826 trte
1164 1795 1326 1825 voluntatis
1341 1799 1370 1825 et
1386 1797 1427 1825 arl
1443 1795 1502 1825 itrii
1517 1804 1608 1835 opera
1623 1803 1700 1826 sunt.
1716 1796 1755 1826 At
1770 1804 1837 1825 vero
1854 1795 1918 1826 sine

1097 1839 1269 1876 afﬂictione,
1296 1849 1329 1870 ac
1354 1839 1454 1870 labore
1480 1840 1532 1870 has
1557 1848 1708 1876 exercere,
1726 1843 1755 1870 et
1769 1840 1804 1869 ad
1829 1839 1918 1870 casti-

1099 1884 1241 1922 moniam,
1257 1884 1480 1924 absolutamque
1507 1883 1765 1924 perturbationum
1789 1884 1920 1914 vacuita-

1102 1933 1159 1959 tem
1172 1929 1340 1969 pervenire,
1356 1929 1410 1959 hoc
1426 1929 1535 1958 donum
1552 1928 1615 1965 Dei,
1630 1933 1659 1958 et
1675 1928 1822 1958 charisma
1837 1938 1915 1959 sum-

1100 1983 1179 2003 mum
1196 1977 1250 2003 est.
1267 1972 1406 2009 Rursum,
1428 1972 1489 2010 irze,
1512 1977 1540 2002 ct
1556 1972 1810 2003 excandescentia:
1826 1974 1918 2014 impe-

1099 2027 1176 2054 rare,
1194 2017 1291 2056 magni
1311 2017 1486 2047 certaminis
1511 2020 1565 2053 est,
1593 2017 1762 2056 laborisque
1778 2027 1836 2047 non
1852 2027 1915 2048 me—

1099 2062 1219 2092 diocris.
1237 2061 1278 2092 Eo
1288 2065 1385 2092 autem
1399 2061 1511 2101 venire,
1526 2066 1556 2091 nt
1567 2061 1602 2092 ab
1618 2062 1664 2091 his
1676 2067 1786 2092 motum
1801 2061 1910 2092 nullum

1099 2106 1220 2144 sentias,
1251 2110 1279 2136 et
1299 2106 1398 2136 cordis
1420 2105 1675 2146 tranquillitatem,
1694 2106 1910 2146 perfectamque

1101 2151 1359 2181 mansuetudinem
1385 2150 1550 2190 possideas,
1581 2150 1672 2180 solius
1703 2150 1755 2181 Dei
1784 2160 1867 2190 opus,
1889 2156 1916 2182 et

1100 2196 1177 2227 illius
1192 2197 1301 2227 dextrae
1329 2196 1449 2226 mutatio
1466 2200 1509 2226 est
1522 2196 1564 2226 56.
1588 2197 1730 2236 Rursum,
1749 2196 1915 2236 dispergere

1099 2250 1133 2271 ac
1149 2241 1330 2271 distribuere
1345 2241 1497 2271 facaltates
1512 2250 1617 2271 omnes
1634 2240 1825 2281 pauperibus,
1838 2251 1915 2272 men-

1099 2286 1258 2326 dicumque
1281 2285 1356 2323 ﬁeri,
1374 2290 1402 2316 et
1417 2286 1525 2325 stipem
1542 2295 1659 2325 cogere,
1681 2286 1773 2316 nostri
1789 2291 1833 2316 est
1848 2295 1914 2326 pro—

1100 2330 1186 2371 positi
1199 2339 1287 2371 alque
1305 2330 1432 2361 consilii.
1445 2330 1503 2360 Sed
1520 2329 1593 2360 nihil
1610 2329 1834 2370 concupiscere,
1848 2331 1915 2371 quin

1098 2385 1165 2406 cum
1187 2375 1294 2415 gaudio
1319 2379 1348 2405 et
1368 2375 1518 2414 voluptate
1542 2374 1742 2405 mendicitatis
1761 2375 1914 2406 durissima

1099 2420 1230 2459 perferre
1254 2419 1455 2457 incommoda,
1475 2418 1597 2459 mystica
1612 2419 1758 2459 quaedam,
1777 2424 1805 2450 et
1820 2419 1911 2451 divina

1098 2465 1229 2505 operatio
1247 2468 1301 2496 est.
1325 2463 1374 2495 Sic
1393 2463 1532 2503 quaelibet
1546 2463 1623 2494 actio
1640 2463 1716 2494 bona
1736 2468 1764 2494 et
1781 2465 1910 2503 honesta,

1098 2510 1262 2540 secundum
1274 2509 1326 2540 Dei
1338 2509 1434 2548 legem
1456 2507 1702 2548 suscepta,virtus
1719 2507 1837 2539 dicitur.
1854 2511 1910 2539 Ta-

1099 2563 1167 2584 men
1195 2554 1272 2584 sicut
1294 2554 1423 2594 agricola
1449 2553 1545 2583 solum
1572 2553 1695 2590 arando,
1720 2553 1866 2590 fodiendo,
1883 2561 1913 2585 et

1098 2598 1212 2630 semina
1228 2598 1315 2628 homo
1331 2597 1485 2628 obrucndo
1498 2596 1623 2633 laborat,
1638 2596 1690 2627 Dei
1702 2601 1799 2627 autem
1813 2608 1912 2628 munus

1099 2647 1153 2681 est,
1170 2647 1201 2674 ut
1212 2643 1316 2673 eadem
1333 2642 1445 2672 semina
1460 2641 1730 2681 comprehendant,
1743 2646 1771 2671 et
1793 2642 1908 2673 fructum

1096 2687 1191 2718 ferant
1214 2689 1389 2718 matutinum
1416 2695 1450 2716 ac
1470 2685 1633 2716 serotinum
1652 2697 1658 2716 :
1677 2685 1717 2716 ita
1732 2691 1760 2716 et
1776 2686 1805 2716 in
1826 2687 1911 2727 spiri-

1095 2732 1222 2764 tualibus
1236 2732 1357 2763 omnino
1372 2731 1531 2762 usuvenire
1545 2731 1860 2772 comperies.l\'ostruxn
1870 2735 1912 2762 est
