1978 3078
39 127 107 160 43Ἶ

773 131 914 163 ORATIO
934 132 1043 163 XXIV.

1697 129 1755 162 438

42 196 168 227 nullam
194 197 339 228 actionem
364 198 582 239 subterfugere,
600 205 628 232 et
643 211 710 232 cum
726 201 827 232 labore
851 204 917 230 acA
929 198 1076 240 perfectos
1097 198 1240 236 reddens,
1259 198 1372 230 nemini
1387 199 1418 229 in
1434 198 1495 230 ullo
1511 198 1663 238 cedentes,
1680 202 1756 230 totos

42 241 167 271 sudore
185 241 323 272 virtutum
337 247 502 274 sementem
519 245 636 277 facere:
655 246 706 277 Dei
723 246 814 276 solius
830 245 882 275 do-

43 295 124 316 num
144 290 172 316 et
190 287 395 318 misericordia
411 289 678 330 utimberquoque
690 290 881 327 benignitatis

45 331 134 370 ejus,
148 335 176 361 et
188 332 289 369 gratiae
305 337 412 363 terram
427 334 560 364 cordium
583 341 751 365 uestrorum
768 335 880 373 irriget,

46 380 79 405 et
103 385 143 406 ex
173 377 269 407 sterili
301 377 470 415 frugiferam
499 379 630 410 efﬁciat:
657 384 686 409 ιιι
711 380 734 409 si
760 389 881 419 granum

47 421 219 461 sertnonis,
238 422 315 461 quod
339 422 368 452 in
389 422 502 453 animas
525 427 625 454 nolras
641 424 759 461 cetidit,
778 424 884 454 divina:

47 465 227 496 clementiae
254 468 408 497 humorem
439 468 602 508 acceperit,
632 469 759 505 oriatur,
792 473 880 508 atque

47 514 209 549 augescat,
228 516 257 541 et
275 521 304 541 tu
331 511 468 542 arborem
494 521 646 552 proceratn
674 517 834 550 excrest'al,
852 513 882 543 in

47 554 177 585 virilem
204 555 343 586 videlicet
372 556 584 595 perfectionem
616 566 764 588 mensurae
791 558 884 588 aetatis

51 599 256 638 plenitudinis
271 599 378 631 Christi
388 601 431 632 37.

96 643 144 675 Te
159 644 245 685 igitu,
263 649 411 685 pastorem
427 645 524 676 ovium
543 646 649 678 Christi
669 646 750 677 omni
767 646 885 686 virtute,

52 693 85 719 ut
101 689 234 719 diximus
245 699 303 729 qua
317 690 451 730 spiritus,
465 700 523 731 qua
536 691 670 731 corporis
684 691 881 730 conspicuum

54 743 127 764 esse
144 739 272 773 opm-tet,
286 739 317 765 ut
328 739 417 775 caput
430 736 537 776 reliqui
553 736 706 776 corporis;
723 736 789 775 ejus
802 745 881 765 nem-

54 788 93 818 pe
108 788 177 819 quas
193 779 244 809 tibi
258 779 359 810 subest
370 780 519 811 Israelitico
535 780 676 811 Ecclesiae
689 791 695 812 :
708 790 764 820 quo
780 779 884 811 fratres

57 828 201 863 tanquam
220 823 248 854 in
264 824 455 865 archetypum
470 825 610 856 bonitatis
629 825 659 856 in
677 830 704 856 te
721 825 881 862 intuentes,

56 869 114 908 ipsi
141 878 259 909 quoque
275 868 380 906 bonos,
397 879 431 900 ac
447 872 560 910 regales
584 871 771 901 characteres
796 879 883 910 quam

59 913 193 943 maxime
209 913 328 944 sibimet
343 914 522 954 insculpunt.
536 914 578 946 Ne
591 924 660 954 ergo
671 915 739 945 tuba
748 923 888 945 resonare

58 958 88 988 in
108 962 137 987 te
153 967 282 997 unquam
299 958 415 989 desinat
431 968 438 990 :
457 959 508 989 sed
525 960 591 990 aliis
602 959 724 1000 quidem
736 963 888 989 venturam

59 1011 164 1041 super,
191 1002 410 1039 inobedientes,
443 1009 470 1034 et
500 1003 669 1043 preefractos
686 1004 888 1044 rhompbazam

60 1047 255 1086 praenuntia:
274 1051 302 1078 et
326 1049 350 1078 si
376 1048 428 1078 tibi
459 1058 477 1078 ιι
500 1058 517 1078 n
547 1049 782 1088 oblemperetur,
810 1052 887 1078 tuam

59 1092 168 1122 saltem
186 1091 343 1122 aterribili
369 1093 413 1123 ira
437 1093 490 1124 Dei
518 1103 618 1123 serves
639 1093 779 1123 animam.
808 1093 889 1128 Alios

60 1140 161 1166 autem
178 1136 318 1173 admone,
346 1137 432 1174 doce,
459 1147 539 1177 roga.
557 1137 586 1169 Si
604 1137 653 1178 qui
672 1137 821 1175 interdum
838 1146 887 1169 re-

63 1180 316 1220 p.ehensionibus
336 1186 364 1211 et
383 1182 640 1222 objurgationibus
669 1185 785 1221 egeant,
813 1182 890 1212 insta

61 1230 242 1266 opportune,
271 1226 452 1266 importune,
475 1236 578 1265 argue,
605 1227 740 1267 increpa,
767 1230 890 1256 conatus

62 1271 210 1300 eorumad
222 1271 330 1301 tnalum
343 1271 518 1311 comprime,
530 1275 561 1301 ut
575 1271 625 1301 tibi
641 1271 762 1301 mandat
772 1270 891 1301 divinus

62 1315 272 1354 Apostolus38.
294 1314 414 1346 Viscera
439 1320 487 1346 tua
510 1315 648 1346 omnibus
671 1314 814 1346 fratribus
833 1314 891 1345 tuis

62 1359 217 1399 aaqualitar
232 1361 325 1400 aperi,
340 1364 491 1400 totumque
509 1360 666 1400 collegium
678 1359 779 1398 dilige,
797 1363 825 1389 et
839 1359 890 1390 ho-

64 1413 169 1434 norent
187 1405 295 1444 cuique
313 1414 364 1444 pro
377 1405 519 1444 dignitate
536 1405 689 1445 (quantum
701 1404 815 1434 scilicet
828 1405 891 1443 ejus

65 1449 156 1479 virtus
170 1450 310 1489 meretur)
325 1449 588 1489 tribue,spirituali
602 1458 634 1479 ac
647 1450 751 1479 virtute
768 1449 891 1488 praedito

923 249 1029 282 castos,
1052 249 1082 276 et
1106 255 1121 276 a
1143 245 1274 276 sordidis
1300 244 1442 286 operibus
1458 254 1547 286 puros
1563 245 1680 277 Christo
1695 248 1750 276 tuo

923 291 1071 325 offerens;
1089 294 1175 330 teque
1198 289 1297 330 ipsum
1322 290 1436 329 tnagnis
1461 290 1491 320 in
1512 289 1685 321 cmlestibus
1695 299 1747 321 re-

925 335 1184 366 munerationibus
1199 335 1319 373 dignum
1343 335 1507 373 praestabis,
1526 334 1747 366 contubernalis

924 379 1127 419 apostolorum
1153 384 1181 409 et
1207 384 1357 418 pastorum
1389 379 1498 410 Christi
1527 379 1631 420 factus,
1648 384 1676 410 et
1691 389 1750 410 una

924 433 991 454 cum
1008 423 1070 464 ipso
1085 423 1138 453 Dei
1154 423 1229 453 Filio
1247 423 1277 453 in
1294 423 1410 454 inﬁnita
1424 424 1531 454 saecula
1555 428 1744 464 regnaturus.

964 467 1029 498 Vita
1045 472 1093 498 tua
1108 467 1266 508 inculpata,
1286 472 1314 498 et
1329 472 1409 498 recta
1434 468 1463 498 in
1492 469 1590 499 medio
1612 468 1747 505 fratrum,

924 521 958 543 ac
990 516 1105 552 patrum
1129 517 1245 543 turrum
1277 522 1328 552 pro
1356 522 1469 544 canone
1495 522 1547 544 seu
1572 513 1674 554 regula
1688 517 1752 544 esto

927 557 1088 598 proposita,
1111 557 1146 587 ad
1171 565 1258 597 quam
1276 557 1400 588 aliorum
1417 557 1616 598 obliquitates,
1635 562 1751 589 tortuo-

927 602 1088 642 sitatesque
1113 602 1288 641 dirigantur.
1317 601 1360 632 Ne
1389 601 1549 633 vanitatum
1579 602 1682 633 mundi
1711 601 1752 633 sis

927 656 1041 686 amans,
1067 655 1104 677 ne
1128 646 1241 686 glorias,
1257 656 1294 677 ne
1310 647 1476 687 voluptatis,
1504 656 1541 678 ne
1566 656 1751 684 mensarum,

928 701 966 722 ne
982 691 1053 722 vini.
1070 690 1113 721 Ne
1128 691 1169 721 sis
1184 696 1318 729 nugator,
1335 695 1385 721 aut
1397 691 1543 731 scurrilis,
1560 695 1608 721 aut
1619 700 1724 722 avarus
1742 700 1749 722 :

926 745 963 767 ne
978 735 1148 773 iracundus,
1169 745 1206 766 ne
1223 736 1320 766 inanis
1342 736 1447 776 gloria;
1471 736 1606 776 cupidus,
1626 745 1663 767 ne
1678 745 1754 767 con-

927 780 1113 815 tumeliosus.
1146 790 1183 811 ne
1209 781 1326 821 injuria:
1352 790 1476 821 memor,
1499 785 1529 812 et
1559 781 1669 811 malum
1701 789 1754 821 pro

928 826 1006 856 malo
1017 826 1202 866 rependens:
1221 826 1273 856 sed
1284 830 1346 856 esto
1359 825 1458 865 potius
1473 835 1597 866 pauper,
1614 825 1753 865 gloriam,

901 889 918 912 Β
930 879 1108 910 omnemque
1124 870 1190 901 vitze
1205 871 1292 910 hujus
1304 871 1498 911 voluptatem,
1515 878 1544 901 et
1560 870 1659 901 carnis
1674 869 1754 901 deli-

930 914 990 945 cias
1017 914 1084 944 odio
1114 915 1237 949 habens,
1267 915 1396 945 demisso
1418 914 1527 952 animo,
1555 914 1687 955 frugalis,
1718 914 1754 945 ad

930 958 1189 999 compunctionem
1207 959 1313 996 facilis,
1331 959 1474 999 placidus,
1499 963 1682 996 mansuetus,
1700 968 1754 989 ex-

931 1012 999 1043 pers
1016 1003 1075 1033 irae.
1095 1013 1154 1033 non
1166 1007 1280 1040 avarus,
1293 1003 1471 1038 incuriosus,
1483 1003 1601 1044 quietus
1613 1003 1756 1033 decenter

931 1047 1063 1084 vestitus,
1078 1048 1203 1087 patiens,
1221 1048 1329 1088 fide'is,
1345 1049 1510 1082 continens,
1529 1047 1594 1077 sine
1611 1047 1756 1078 sollicitu~

931 1092 1014 1128 dine,
1031 1092 1167 1131 vigilans,
1185 1092 1323 1131 diligens,
1339 1092 1504 1129 aemulator,
1529 1091 1754 1122 commendata-

931 1146 995 1167 rum
1017 1136 1070 1167 tibi
1085 1136 1265 1177 animarum,
1283 1146 1341 1166 non
1359 1145 1446 1167 secus
1467 1146 1555 1176 quam
1572 1139 1689 1166 tuorum
1705 1135 1754 1176 ip-

931 1182 993 1212 sius
1009 1181 1207 1212 membrarum
1224 1190 1324 1212 curam
1337 1189 1457 1219 gerens;
1468 1185 1508 1218 et,
1519 1181 1599 1212 sires
1613 1179 1755 1220 postulet,

933 1235 984 1266 pro
1001 1235 1175 1266 unaquaque
1200 1225 1317 1256 illarum
1335 1227 1422 1256 etiam
1446 1229 1524 1256 tuam
1548 1224 1677 1255 animam
1699 1234 1754 1265 po-

932 1280 1017 1311 nens,
1036 1271 1107 1301 nihil
1135 1271 1286 1311 quidpiam
1314 1271 1497 1300 rnundauum
1523 1269 1658 1300 charitati
1684 1279 1754 1309 erga

933 1315 999 1345 illos
1011 1316 1181 1354 przef'erens.
1193 1314 1308 1345 Etenim
1326 1319 1478 1355 postquam
1489 1314 1564 1355 aliis,
1577 1314 1613 1345 ad
1631 1323 1753 1353 gregem

933 1359 1049 1390 Domini
1066 1370 1099 1390 ac
1115 1359 1167 1390 Dei
1181 1360 1220 1390 tui
1235 1359 1361 1391 rationis
1376 1364 1541 1400 compotem
1559 1359 1754 1399 pascendum,

932 1404 1157 1447 regcndiuuque
1174 1404 1311 1444 praelatus
1331 1413 1374 1440 es,
1398 1408 1514 1444 oportet
1539 1408 1566 1434 te
1591 1403 1674 1443 juxta
1688 1412 1755 1434 ver—

934 1449 1003 1479 bum
1028 1449 1104 1489 ejus,
1132 1449 1238 1489 spiritu
1267 1453 1296 1480 et
1321 1449 1488 1479 humilitate
1516 1451 1563 1478 tua
1587 1447 1754 1479 secundum

65 1503 103 1524 ne
125 1494 208 1524 illum
221 1495 341 1533 quidem
354 1498 549 1534 anteponens,
567 1503 656 1534 quem
671 1494 701 1524 in
716 1492 920 1524 ministeriisC
933 1495 1039 1530 Deum,
1057 1493 1194 1524 ultimum
1212 1503 1277 1524 esse
1299 1493 1446 1533 omnium,
1463 1496 1494 1523 ut
1517 1496 1654 1533 tanquam
1680 1492 1755 1522 vali-

65 1538 162 1578 gregis
177 1539 218 1569 tui
237 1539 401 1579 principem
418 1539 519 1570 habes.
536 1538 591 1575 Qui
611 1539 690 1569 enim
707 1538 887 1574 ministrant,
931 1537 986 1568 dus
1002 1537 1190 1568 infirmitates
1205 1538 1401 1568 invalidorum
1420 1541 1589 1575 sustentes;
1607 1542 1638 1568 ut
1656 1537 1754 1568 medi-

65 1590 179 1623 septem
197 1583 404 1620 diaconorum,
423 1584 460 1613 de
475 1583 583 1623 quibus
600 1588 643 1613 est
658 1583 687 1613 in
701 1583 781 1613 Actis
792 1583 887 1623 Apos-
931 1592 982 1613 cus
997 1587 1096 1614 autem
1113 1583 1275 1615 secundum
1298 1583 1427 1613 animam
1442 1581 1648 1622 aegrotantiqu
1670 1590 1753 1612 mor-

67 1627 163 1658 to'icis
173 1627 216 1662 59,
229 1628 403 1667 dignitatem
418 1627 607 1668 ofﬁciumque
624 1627 802 1658 adumbrant
816 1637 823 1665 ;
839 1627 888 1667 qui
931 1628 997 1665 bos,
1014 1633 1042 1659 et
1058 1628 1231 1660 affectiones
1246 1637 1352 1664 cures;
1369 1632 1400 1658 ut
1416 1631 1527 1668 pastor,
1545 1627 1622 1668 quod
1635 1630 1714 1658 errat
1724 1627 1753 1657 in

67 1672 153 1702 etiam
179 1672 256 1702 velut
276 1672 403 1712 Spiritus
425 1672 672 1703 adtuinistratorii
688 1676 766 1707 sunt,
783 1672 812 1701 in
829 1672 888 1701 mi-
930 1673 1005 1704 viam
1023 1674 1161 1708 reducas,
1178 1677 1206 1704 et
1222 1673 1299 1713 quod
1325 1673 1401 1703 bene
1426 1673 1513 1709 valet,
1536 1671 1695 1702 virtutibus
1710 1671 1755 1702 fe-

67 1716 220 1746 nisterium
238 1717 332 1756 missi,
359 1722 390 1747 et
414 1717 543 1757 sincere,
561 1723 593 1747 ut
615 1716 669 1757 illi,
687 1716 886 1756 fideliterque,
930 1717 1060 1748 cundum
1076 1718 1195 1757 reddas,
1218 1717 1320 1748 scabie
1334 1726 1403 1748 vero
1418 1721 1567 1758 opertum,
1584 1721 1613 1747 et
1634 1717 1754 1747 incura-

67 1771 101 1791 ac
117 1761 228 1792 nullius
243 1761 336 1801 turpis
352 1761 424 1792 lucri
440 1761 531 1800 gratia
545 1761 758 1793 ministrantes.
773 1770 886 1790 merce-
932 1762 1001 1802 bile,
1019 1772 1036 1793 a
1050 1772 1139 1802 grege
1156 1768 1204 1793 tuo
1220 1762 1390 1795 abscindas.
1410 1772 1445 1792 ne
1458 1761 1546 1792 etiam
1560 1761 1639 1791 sanis
1652 1760 1756 1792 ovibus

68 1807 134 1836 dem
155 1806 260 1836 merito
279 1810 308 1836 et
329 1815 462 1844 magnam
487 1811 547 1836 tum
570 1806 629 1842 hic,
653 1810 712 1836 tum
732 1805 793 1835 illic
809 1805 886 1835 reci-
931 1807 1072 1838 tuisluem
1081 1806 1325 1838 affricet.Domini
1336 1807 1376 1837 tui
1388 1815 1506 1846 gregem
1519 1815 1626 1846 augere
1642 1805 1754 1836 labora.

69 1851 162 1890 piunt.
179 1851 320 1882 Caeterum
343 1851 392 1890 qui
405 1850 542 1886 orationi,
560 1850 653 1890 quieti
678 1854 705 1880 et
723 1849 888 1880 ministerio
930 1851 1014 1882 Nead
1023 1851 1447 1886 remissiones,autsuavitates
1456 1852 1589 1891 corporis
1601 1850 1752 1888 deflectas,

70 1896 148 1926 verbi
174 1895 296 1932 instant,
317 1895 346 1925 in
366 1895 506 1936 patientia
529 1894 748 1925 exercitationis
763 1903 886 1934 operum
930 1905 1028 1936 neque
1051 1896 1160 1930 lanam.
1175 1899 1204 1927 et
1218 1896 1336 1936 adipem
1353 1896 1450 1926 ovium
1467 1895 1577 1927 Christi
1601 1904 1754 1935 perperam

71 1940 389 1981 praestantissimorum,
407 1940 538 1980 ipsorum
554 1939 753 1979 apostolorum
765 1943 793 1970 et
809 1948 888 1979 cory-
931 1950 1099 1980 consumas,
1118 1940 1170 1970 tibi
1186 1941 1278 1980 magis
1294 1950 1382 1980 quam
1398 1940 1538 1970 fratribus
1555 1940 1612 1970 tuis
1631 1949 1752 1970 monas-

72 1986 219 2025 phzeorum
234 1985 436 2015 excellentiam
455 1989 550 2015 tecum
565 1988 799 2024 repraesentant;
816 1993 890 2023 quos
932 1984 999 2014 terii
1014 1993 1086 2024 opes
1100 1984 1137 2014 ad
1151 1985 1318 2024 voluptates
1335 1988 1398 2015 tuas
1413 1984 1442 2014 in
1460 1984 1629 2014 thesaurum
1645 1992 1753 2014 recon—

71 2030 142 2060 etin
159 2029 315 2068 Evangelia
331 2029 492 2069 spiritualis
507 2028 650 2059 doctrina;
667 2033 721 2059 tua:
733 2029 890 2059 auxiliares
932 2029 1019 2058 deus.
1050 2027 1092 2058 Ne
1117 2033 1239 2068 propter
1263 2027 1416 2058 hominum
1441 2027 1564 2067 gloriam
1592 2027 1753 2067 quidquam

72 2074 202 2110 habebis,
219 2075 340 2104 fratrum
355 2083 447 2104 onera
463 2074 670 2114 suscipientes,
688 2077 716 2103 et
739 2073 890 2103 laboribus
932 2082 1032 2103 rerum
1047 2072 1083 2103 ad
1099 2073 1311 2103 monasterium
1339 2077 1419 2103 tuum
1447 2072 1662 2112 pertinentium
1685 2080 1754 2110 agas

74 2125 99 2150 te
113 2120 253 2156 levantes,
267 2120 296 2149 in
311 2119 409 2149 medio
425 2118 564 2149 videlicet
578 2118 774 2158 reliquorum,
798 2121 829 2147 ut
844 2117 1135 2158 la-“autcorrigas,
1162 2116 1204 2148 Ne
1228 2126 1312 2148 ames
1327 2116 1433 2147 crebro
1460 2116 1580 2156 prodire
1611 2117 1639 2145 in
1664 2115 1753 2145 mulis

74 2164 154 2205 pides
169 2153 314 2203 pretiosas
329 2167 489 2194 versantes.
501 2163 532 2193 ln
545 2163 600 2194 hoc
613 2153 736 2193 munere
747 2163 826 2193 nulla
837 2162 889 2193 tibi
901 2153 923 2177 D
933 2153 1091 2201 splendide
1107 2162 1251 2200 instratis,
1265 2171 1331 2192 cum
1344 2171 1449 2201 magno
1460 2153 1694 2201 praecedentium
1705 2168 1750 2205 se-

74 2204 188 2249 requies
205 2208 352 2249 corporis,
369 2208 448 2238 nulla
459 2207 629 2238 oblectatio.
642 2207 748 2237 Noctes
765 2207 889 2247 perinde
931 2207 1145 2247 quentiumque
1172 2207 1348 2238 famulorum
1372 2206 1527 2237 comitatu.
1550 2205 1684 2237 Sufficiat
1700 2204 1753 2235 tibi

74 2259 103 2284 ut
118 2254 179 2283 dies
205 2253 234 2283 in
258 2262 358 2284 curam
383 2252 621 2283 concreilitarum
647 2252 700 2282 tibi
722 2252 889 2282 animarum
932 2252 975 2282 vel
991 2252 1125 2282 semelin
1139 2261 1240 2282 mense
1256 2252 1333 2282 foras
1345 2252 1439 2288 exire,
1453 2255 1484 2281 et
1495 2250 1593 2290 gregis
1606 2251 1648 2281 tui
1662 2259 1752 2288 nego-

74 2298 236 2338 impendes,
251 2307 287 2328 ne
303 2307 360 2337 qua
378 2307 411 2327 ex
428 2297 501 2337 ipsis
516 2307 532 2327 a
547 2297 641 2327 bestia
652 2297 827 2336 excipiatur;
840 2301 890 2326 aut
932 2296 971 2326 tia
987 2296 1107 2336 majoris
1123 2296 1265 2327 momenti
1282 2296 1377 2328 obire.
1403 2298 1514 2328 Caetera
1537 2294 1682 2326 curabunt
1704 2294 1755 2334 qui

76 2343 110 2373 ab
126 2352 191 2373 urso
208 2341 450 2382 concupiscentia
476 2342 625 2376 devorata.
647 2345 696 2372 aut
719 2351 736 2372 a
761 2341 890 2372 dracone
933 2340 1110 2377 ministrant,
1130 2340 1180 2380 qui
1193 2341 1245 2371 abs
1262 2345 1289 2371 te
1306 2341 1470 2372 tninisterio
1488 2340 1581 2377 verbi,
1606 2344 1634 2370 et
1649 2347 1755 2379 procu-

76 2387 231 2418 iracundiaa
244 2387 393 2426 absorpta,
411 2391 461 2416 aut
476 2397 492 2416 ει
507 2386 668 2426 gryphibus
693 2385 887 2425 superbarum
931 2385 1059 2416 rationis
1076 2385 1211 2426 fratrum,
1228 2395 1293 2416 cum
1312 2385 1451 2426 precibus
1461 2386 1586 2422 intento,
1604 2393 1753 2424 nunquam

77 2432 279 2472 cogitationum
297 2431 440 2471 discepla,
454 2434 482 2460 et
494 2440 552 2460 una
568 2430 655 2460 unius
670 2430 890 2461 diversitatibus
931 2429 1144 2460 distrahuntur.
1161 2429 1204 2460 Ne
1222 2430 1276 2461 tibi
1292 2431 1394 2471 epulas
1404 2428 1677 2471 sumptuosas,filiis
1699 2427 1754 2458 ab-

78 2476 277 2517 hujuscemodi
301 2475 442 2506 distracta
466 2485 499 2505 ac
523 2475 673 2515 dissipata,
701 2475 792 2505 multa
815 2475 864 2505 fiat
882 2484 888 2506 :
928 2475 1034 2515 jectas,
1053 2474 1198 2514 plebeias,
1216 2479 1244 2505 et
1259 2475 1428 2506 inconditas
1443 2484 1514 2515 para
1532 2485 1539 2504 :
1557 2473 1609 2504 sed
1621 2482 1753 2504 commu-

77 2522 125 2552 sed
136 2526 165 2552 ut
181 2531 300 2561 gregem
317 2521 398 2551 luutn
412 2520 602 2555 incolumem,
616 2520 786 2557 fecundum,
798 2524 889 2550 totum

78 2567 230 2598 virtutibus
256 2565 356 2596 multis
377 2563 579 2600 fructuarium,
599 2564 698 2594 divina
722 2564 891 2603 cognitione

78 2612 260 2648 illustratum,
280 2619 336 2640 non
349 2609 530 2646 scabiosum,
549 2619 606 2640 non
624 2614 740 2639 trucum
757 2608 888 2646 auribus,

78 2661 123 2687 aut
134 2655 217 2697 plane
227 2655 365 2686 claudum
378 2653 503 2695 principi
520 2659 667 2694 pastorum
679 2654 708 2678 40
720 2663 735 2684 c
749 2662 889 2684 utserves.

79 2701 123 2733 Sic
136 2701 213 2731 enim
231 2705 259 2731 et
276 2699 382 2730 multos
397 2698 539 2735 servabis,
552 2700 579 2729 in
597 2698 739 2738 operibus
751 2698 891 2738 perfectis

113 2787 137 2809 37
151 2785 261 2826 Ephes.
279 2792 319 2823 tv,
339 2785 385 2816 13.
427 2783 492 2815 ³811
505 2783 582 2814 Tim.
601 2792 641 2824 tv,
658 2785 670 2815 1
692 2792 775 2824 seqq.

932 2519 978 2550 nis
994 2528 1108 2557 mensa,
1124 2519 1188 2549 sine
1209 2519 1307 2559 aliquo
1331 2519 1427 2550 morbi
1441 2518 1586 2560 periculo,
1604 2522 1631 2548 et
1648 2517 1753 2548 invita-

933 2563 1013 2594 tione
1030 2564 1205 2601 amicorutn,
1223 2563 1276 2594 tibi
1288 2573 1354 2595 cum
1377 2563 1446 2594 filiis
1467 2564 1525 2594 tuis
1540 2567 1614 2599 esto,
1631 2571 1754 2602 quorum

932 2608 1011 2638 idern
1028 2612 1124 2639 tecum
1140 2617 1256 2648 sensus,
1274 2607 1353 2638 idem
1370 2608 1538 2639 institutum
1554 2607 1630 2643 vitm,
1644 2606 1705 2637 sive
1721 2615 1755 2637 ex

933 2652 1024 2682 coctis
1032 2652 1175 2687 oleribus,
1186 2657 1215 2683 et
1226 2652 1436 2692 leguminibus,
1448 2653 1510 2683 sive
1519 2661 1553 2682 ex
1570 2651 1651 2692 pisce
1664 2650 1757 2682 semel

933 2706 986 2737 per
1002 2696 1231 2735 ltebdomadem,
1258 2697 1413 2728 Dominico
1428 2697 1490 2734 die,
1507 2703 1537 2727 et
1553 2697 1628 2727 festo
1644 2695 1754 2736 despe-

819 2783 846 2804 39
861 2782 927 2814 Aet.
943 2790 985 2819 vt,
1003 2781 1016 2812 1
1032 2790 1115 2822 seqq.
1159 2781 1185 2803 ⁴ο
1199 2781 1211 2813 I
1227 2781 1304 2814 Petr.
1323 2791 1353 2823 v,
1371 2784 1400 2820 4,
