1978 3078
199 119 259 153 439

849 122 924 153 SYM
929 122 1001 153 EON
1005 118 1039 152 IS
1060 119 1237 153 JUNIORIS

1833 121 1895 153 440

200 188 258 219 lico
273 188 341 225 (hoc
358 191 413 228 est,
425 186 657 219 solemnioribus
672 186 790 218 Domini
808 187 894 217 festis
904 196 957 226 per
967 195 1023 217 an-
1033 190 1054 214 A
1067 186 1143 226 piam
1156 190 1261 220 affixus
1272 199 1313 226 es,
1327 195 1354 221 et
1363 190 1474 230 idcirco
1492 190 1673 221 horrendum
1683 191 1734 222 Dei
1744 190 1890 230 judicium

200 233 287 272 num)
298 242 314 263 a
328 232 450 263 cellario
466 231 668 262 communiter
680 231 869 272 paretur.Ubi
885 232 957 261 n:hil
970 240 1023 261 ex-

200 279 291 315 sistit,
303 279 381 318 quod
396 279 504 309 animae
516 278 682 318 periculum
700 279 815 315 afferat,
833 278 952 309 cavebis
968 278 1021 315 ira,

199 328 228 354 et
242 324 372 354 clamore
387 328 490 354 contra
504 323 609 354 fratres
624 333 658 353 ac
675 323 750 354 ﬁlios
767 327 832 353 tuos
849 323 1021 361 insurgere;

199 368 251 399 sed
269 367 331 398 miti
343 377 481 399 sermone
493 372 522 399 et
532 368 662 408 alloquio
674 367 796 398 docebis
807 367 1021 407 eos,quomodo

199 422 442 453 unumquemque
467 413 632 450 ambulare,
656 417 685 443 et
714 413 744 443 in
774 413 872 443 medio
898 412 1021 442 fratrum

199 460 367 489 conversari
383 458 497 489 deceat.
514 458 662 495 Juniores,
674 462 702 488 et
717 458 851 488 nondum
863 457 1021 488 conﬁrma-

199 506 244 533 tos
267 502 404 533 monebis
429 512 551 543 parcere
569 502 625 533 sibi
643 503 726 543 ipsis.
745 506 773 532 et
790 502 856 533 aliis
871 501 1022 538 fratribus,

200 557 236 578 ne
257 547 470 588 aspicientibus
491 548 622 585 incessu,
644 547 849 587 moribusque,
867 555 901 576 ac
917 546 1023 577 studiis

199 592 405 633 incompositis
417 592 596 623 offendiculo
609 592 737 628 sint.Qui
753 591 782 622 in
795 596 871 622 statu
885 591 1024 629 religioso

200 638 312 669 diutius
327 637 474 674 vixerunt,
494 647 545 668 eos
561 638 701 677 prudenti
718 638 853 667 oratione
865 637 900 667 ad
914 637 1025 676 patien-

199 684 268 713 tiam
281 682 457 713 tetationum
472 682 508 712 ab
524 682 647 712 inimico
664 681 952 722 supervenientium,
967 681 1025 711 hu-

200 727 367 764 militatem,
384 727 593 757 contritionem
620 727 730 765 cordis,
746 726 1022 765 compunctionem,

201 771 280 811 lacry
287 771 614 812 mas,diligentiam,per
620 771 798 802 solutionem
806 770 1020 811 precationum,

201 815 319 847 beatum
330 815 455 852 luctum,
466 820 495 846 et
505 816 541 846 ad
554 816 642 846 verbo
656 824 804 855 opereque
818 815 934 845 caeteris
946 824 1025 845 com-

201 860 382 891 modandum
396 860 527 890 erudies.
545 860 721 891 Sacerdotes
736 860 875 900 pietatem
890 859 1021 896 docebis,

201 905 344 946 quietem,
359 904 526 935 divinarum
546 904 769 944 Scripturarum
787 903 1022 941 meditationem,

199 952 367 980 accuratam
383 949 611 989 apostolicorum
636 959 795 985 canonum,
813 948 1023 979 traditionum—

200 1003 258 1034 que
284 994 451 1030 scientiam,
480 994 648 1033 dogmalum
682 993 896 1030 sinceritatem,
926 994 1024 1024 cordis

201 1039 370 1080 puritatem,
387 1039 418 1069 in
436 1039 576 1078 precibus
600 1038 799 1069 constantiam
817 1042 842 1068 et
860 1048 1022 1078 compunc—

199 1084 323 1122 tionem,
348 1085 376 1114 in
393 1084 500 1114 timore
516 1088 545 1114 et
560 1088 690 1115 tremore
708 1093 724 1113 a
738 1083 791 1114 Dei
806 1083 911 1114 solium
928 1083 1022 1114 assis—

201 1129 334 1166 tentiam,
349 1128 488 1159 sacriﬁcii
509 1129 694 1168 mysterium,
712 1128 923 1158 revelationem
946 1137 1025 1168 mys-

202 1173 344 1205 teriorum
366 1173 437 1210 Dei,
467 1173 606 1214 quoniam
637 1173 802 1203 secundum
828 1172 947 1204 Domini
971 1182 1024 1203 vo-

200 1227 264 1249 cem
276 1218 316 1256 “,
329 1218 402 1257 ipsis
415 1218 515 1248 datum
527 1222 571 1248 est
581 1227 669 1248 nosse
680 1219 851 1257 mysterium
864 1217 947 1256 regni
960 1217 1023 1254 Dei,

199 1266 232 1293 ut
244 1263 295 1293 loti
311 1262 435 1293 fratrum
462 1262 657 1298 multitudini,
675 1267 703 1293 et
724 1262 871 1292 extraneis
894 1262 1024 1292 divinum

201 1308 257 1346 sal,
271 1312 300 1338 et
319 1308 433 1343 lumen,
448 1307 569 1338 verbum
586 1307 651 1337 vitm
663 1307 692 1337 in
716 1306 822 1347 seipsis
838 1307 1026 1338 continentes

201 1352 282 1384 ﬁant.
300 1352 385 1388 Quod
407 1352 432 1383 si
460 1353 548 1382 etiam
562 1356 665 1382 contra
682 1351 879 1392 turbulentos,
896 1358 926 1382 et
941 1351 1026 1382 inor-

199 1397 317 1428 dinatos
330 1397 490 1437 aliquando
505 1402 531 1428 te
544 1397 572 1427 in
586 1397 667 1436 virga
682 1401 711 1427 et
722 1396 825 1427 baculo
837 1407 903 1427 cum
914 1397 1027 1427 ratione

200 1442 291 1473 irasci
308 1447 436 1482 oportet,
467 1450 498 1473 ut
529 1442 639 1472 malum
668 1441 787 1481 aliquod
813 1441 983 1482 prohibeas,
1000 1445 1029 1471 et

200 1487 372 1527 pestiferam
403 1487 482 1517 inter
513 1495 564 1517 eos
593 1485 689 1517 labem
716 1488 876 1526 reprimas,
894 1495 930 1516 ne
954 1495 1028 1526 opus

200 1534 321 1571 malum,
334 1537 363 1564 et
374 1533 481 1564 affectu
496 1533 657 1563 vitiosusin
667 1532 797 1563 deterius
806 1536 916 1572 serpat,
930 1541 1027 1572 neque

199 1578 276 1608 istuc
291 1577 463 1618 apostolicis
479 1577 757 1614 Constitutionibus,
777 1581 806 1608 et
820 1577 928 1607 divinis
938 1577 1029 1608 Patri-

200 1623 257 1652 bus
271 1622 400 1653 alienum
414 1622 578 1661 judicatur.
592 1621 697 1653 Omnis
715 1621 864 1662 siquidem
881 1621 982 1658 motio,
1000 1626 1029 1652 et

199 1666 275 1697 actio
305 1670 417 1703 nostra,
447 1676 513 1706 qum
540 1666 761 1706 improbitatem
795 1666 969 1706 compescit,
995 1675 1029 1697 ac

200 1712 397 1751 persequitur,
407 1711 531 1751 justitiae
541 1716 639 1742 autem
648 1721 682 1742 ac
695 1711 807 1750 virtuti_
816 1710 1026 1750 patrocinatur,

199 1754 360 1786 laudabilis
377 1760 433 1793 est,
458 1761 487 1787 et
503 1757 564 1788 Deo
584 1756 691 1796 placet,
714 1755 862 1795 justisque
889 1755 1028 1785 omnibus

200 1800 345 1840 probatur
372 1801 509 1832 maxime.
539 1801 636 1833 Testis
659 1801 746 1832 Jesus
772 1801 822 1841 qui
839 1805 1029 1830 contumaces

198 1845 317 1876 Judaeos
339 1855 375 1876 ex
400 1845 489 1876 domo
505 1845 651 1876 orationis
675 1846 797 1876 domum
820 1845 1028 1883 negotiationis

200 1889 355 1927 facientes,
374 1890 491 1929 ﬂagello
510 1890 668 1931 percussit,
685 1894 714 1920 et
730 1899 847 1921 mensas
865 1890 1028 1920 nummula-

202 1934 316 1965 riorum
335 1935 493 1978 evertit”.
512 1935 553 1966 Ne
565 1935 654 1974 igitur
675 1939 838 1974 prmtexens
855 1938 1025 1964 mansuetu—

201 1979 316 2017 dinem,
335 1985 456 2021 propter
471 1981 563 2012 solam
574 1980 692 2011 laudem
704 1981 862 2011 humanam
875 1979 1024 2009 modicum

200 2025 354 2065 quidpiam
369 2030 476 2066 praeter
485 2026 537 2057 Dei
554 2026 726 2056 mandatum
739 2025 902 2056 admissum
912 2023 947 2054 ad
961 2024 1025 2054 sub.

199 2069 369 2101 versionem
382 2071 611 2110 apostoticorum
628 2079 788 2107 canonum,
803 2075 833 2100 et
844 2068 1028 2100 constitutio-

202 2125 283 2153 num,
310 2117 581 2157 contumeliamque
602 2117 668 2147 vita),
683 2115 871 2155 evangelicm,
890 2119 918 2145 et
934 2118 1026 2144 status

201 2161 358 2192 monastici
381 2162 571 2201 neglexeris;
599 2162 651 2192 sed
681 2162 781 2191 .lesum
808 2169 842 2190 ac
867 2159 1025 2189 Dominum

201 2207 284 2235 tuum
302 2205 445 2244 imitatus,
459 2207 635 2246 infremens,
652 2215 686 2236 ac
700 2205 826 2245 teipsum
841 2204 906 2234 sine
925 2202 1026 2234 turba-

200 2249 280 2280 tione
298 2249 430 2288 turbans,
458 2251 595 2281 mandata
614 2251 677 2288 Dei,
698 2254 729 2281 et
751 2257 880 2280 canones
905 2248 941 2278 ab
965 2248 1028 2287 ejus

200 2294 344 2334 apostolis
357 2295 548 2336 praescriptus
560 2295 717 2326 ulciscere.
731 2296 801 2326 Cum
814 2292 953 2324 omnibus
964 2292 1028 2322 istis

203 2339 292 2370 etiam
307 2340 453 2380 cujusque
479 2341 674 2380 cogitationes
697 2339 856 2378 diligenter
871 2337 1025 2376 investiga,

201 2387 233 2414 ut
248 2383 343 2420 noris,
361 2385 412 2425 qui
425 2394 460 2416 ex
472 2385 546 2425 ipsis
562 2385 597 2415 ad
615 2383 882 2425 comprecantium,
901 2389 929 2412 et
946 2391 1027 2412 com-

203 2429 419 2460 municantium
433 2435 541 2461 cretum
554 2429 743 2469 admittendi,
756 2432 784 2459 et
796 2427 904 2468 quibus
915 2436 1029 2458 excom-

203 2473 407 2505 municatione
418 2484 451 2505 ac
463 2474 637 2515 poenitentia
647 2483 714 2505 cum
727 2473 875 2513 lacrymis,
888 2471 1029 2502 statione-

201 2527 259 2558 que
275 2518 484 2558 ptenitentium
502 2529 575 2560 opus
590 2519 640 2556 sit,
657 2528 695 2550 ne
708 2517 870 2549 Ecclesiam
889 2525 940 2556 pro
957 2519 1028 2546 tem-

203 2564 252 2603 plo
268 2568 372 2595 sancto
389 2565 561 2605 speluncam
579 2565 740 2599 latronum,
767 2566 816 2594 aut
837 2562 961 2602 lupanar
982 2560 1028 2591 vel

203 2608 281 2640 scias
297 2608 344 2640 vel
360 2609 491 2641 insciens
509 2610 631 2647 faciens,
649 2609 720 2640 dum
741 2617 794 2649 per
810 2606 945 2638 affectum
963 2605 1027 2636 cui-

242 2689 267 2712 “
283 2691 356 2722 Luc.
375 2699 437 2729 Vl",
456 2691 505 2722 t0.
551 2691 577 2716 49
590 2690 676 2722 Joan.
695 2698 726 2727 ιι,
745 2689 758 2719 1
777 2698 861 2729 seqq.

201 2731 233 2756 45
247 2730 332 2762 Deut.
350 2739 390 2769 1v,
406 2731 456 2764 24,

244 2811 285 2851 (9)
300 2812 343 2842 De
353 2811 419 2843 loco
435 2811 641 2852 poenitentium
656 2811 723 2843 vide
738 2810 824 2851 epist.
842 2809 873 2840 5.
889 2806 1027 2848 Gregorii

203 2854 413 2897 Thaumaturgi
430 2866 495 2888 can.
508 2866 548 2888 ιι.
564 2857 627 2890 Bal.
638 2857 722 2889 Sum.
737 2856 768 2887 in
779 2853 902 2886 scholiis
909 2852 946 2884 ad
959 2861 1025 2884 can.

904 2687 930 2708 43
944 2687 1028 2718 Prov.
1043 2693 1148 2723 xxvul,
1166 2685 1214 2716 14.

1068 243 1126 264 non
1151 234 1283 273 effugias.
1306 234 1383 265 Scito
1405 235 1483 265 enim
1502 236 1664 275 unicuique
1682 235 1783 265 talium
1800 234 1836 265 ab
1855 233 1893 263 iis

1066 279 1116 318 qui
1139 284 1332 319 spectatores,
1367 284 1395 310 et
1419 280 1557 320 discipuli
1581 280 1729 311 scrtnonis
1758 280 1890 312 fuerunt,

1066 319 1160 354 locum
1176 324 1402 355 convenientem
1417 325 1475 363 (9),
1485 319 1519 355 ac
1531 325 1598 364 jure
1615 325 1794 355 destinatum
1811 332 1890 360 esse,

1064 377 1188 408 quorum
1215 368 1388 405 canonibus,
1412 369 1734 410 constitutionibusque
1755 367 1893 408 legendis

1064 411 1238 443 incumbere
1253 413 1422 444 necessario
1439 413 1532 444 debes
1556 418 1588 444 ut
1613 423 1651 444 ne
1675 414 1808 454 ignores,
1823 421 1891 453 quae

1065 457 1249 488 credentium
1266 457 1296 488 in
1312 458 1463 489 Christum
1480 458 1653 489 abscondita
1663 459 1723 489 sint
1736 457 1888 498 mysteria,

1066 505 1094 531 et
1105 511 1141 531 ne
1158 511 1275 541 pecces,
1293 502 1362 533 dum
1384 503 1485 542 pietati
1501 512 1571 542 erga
1587 503 1678 533 Deum
1695 511 1797 543 parum
1814 511 1892 532 con-

1067 551 1209 576 sentanea
1224 547 1312 586 geris.
1338 547 1512 587 Spirituales
1537 547 1614 578 ﬁlios
1640 554 1706 578 tuos
1721 547 1890 578 secundum

1067 590 1234 631 Scripturas
1249 591 1396 631 religiosis
1409 592 1512 629 redde,
1531 602 1642 633 eosque
1654 602 1671 623 a
1683 592 1774 622 sacris
1790 595 1820 622 et
1838 591 1890 621 di-

1067 636 1144 667 vinis
1160 636 1242 673 locis,
1259 637 1346 667 simul
1364 641 1393 668 et
1408 637 1486 668 vasis
1502 638 1604 678 templi
1621 637 1673 668 Dei
1697 635 1889 672 Sanctiﬁcati,

1067 685 1094 711 et
1107 681 1263 711 ministerii
1271 681 1335 720 ejus
1342 681 1572 713 abstineredoce
1587 681 1735 722 siquidem
1743 681 1889 721 scriptum

1068 729 1111 755 est
1123 735 1130 756 :
1148 725 1365 763 Beutushomo,
1375 729 1552 766 quisemper
1564 725 1785 766 estpocidus‘",
1797 734 1893 765 quan-

1067 769 1227 810 doquidem
1237 770 1309 801 solis
1321 771 1513 808 consecratis,
1530 775 1559 801 et
1568 772 1618 811 qui
1628 780 1663 801 ex
1675 769 1890 801 certaminibus

1066 823 1099 845 ac
1116 815 1288 855 poenitentia
1303 825 1354 856 per
1370 817 1512 855 lacrymas
1524 817 1629 846 multas
1644 816 1770 856 purgati,
1783 816 1891 846 imma-

1066 859 1293 900 culatorumque
1300 860 1406 891 Christi
1416 861 1621 900 mysteriorum
1639 860 1796 900 participes
1805 869 1858 890 sun
1866 865 1872 890 t
1881 883 1889 896 ,

1065 904 1266 944 sanctificatis,
1279 909 1308 935 et
1318 905 1552 944 religiosissimis
1569 907 1781 936 monachorum
1795 905 1889 935 mini-

1065 949 1186 981 sterium
1205 950 1319 987 talium,
1335 954 1366 981 et
1381 950 1602 991 contrectatioa
1613 950 1760 987 Patribus,
1779 953 1808 980 et
1818 959 1891 989 apo-

1065 995 1148 1026 stolis
1165 996 1261 1026 dicata
1279 1000 1332 1027 est.
1350 996 1414 1027 Non
1430 996 1580 1037 omnibus,
1597 1001 1626 1027 et
1647 997 1755 1036 cuique
1776 996 1891 1027 volenti

1065 1040 1230 1080 ingressum
1257 1041 1348 1071 divini
1374 1041 1567 1078 tabernaculi,
1591 1041 1641 1072 sed
1667 1042 1791 1071 sacratis
1807 1041 1889 1071 dun-

1066 1089 1153 1122 taxat,
1172 1089 1202 1115 ut
1218 1085 1330 1116 dictum
1351 1090 1407 1122 est,
1426 1091 1453 1116 et
1469 1085 1671 1123 sanctiﬁcatis,
1692 1086 1888 1125 religiosissi-

1067 1130 1180 1169 misque
1199 1131 1238 1160 fro
1246 1130 1351 1167 tribus,
1373 1135 1401 1161 (ί
1417 1131 1549 1170 patribus
1565 1131 1622 1161 tuis
1636 1131 1809 1172 permittite.
1826 1130 1890 1161 Re-

1068 1175 1168 1214 liquis,
1184 1179 1212 1205 et
1234 1175 1401 1206 inordinate
1421 1175 1639 1206 ambulantibus
1657 1176 1735 1216 (vide
1750 1175 1819 1215 quid
1837 1176 1892 1206 tibi

1067 1219 1191 1259 dicatur)
1210 1219 1306 1260 ipsum
1324 1220 1454 1250 claudes.
1467 1220 1548 1251 Multi
1561 1221 1682 1260 quippe,
1696 1220 1768 1250 mihi
1783 1220 1887 1258 crede,

1067 1268 1188 1304 propter
1203 1269 1405 1304 contemptum
1433 1264 1584 1295 itiusmodi
1599 1274 1700 1295 rerum
1715 1274 1731 1295 e
1743 1265 1799 1294 vita
1807 1274 1888 1304 prae-

1067 1309 1144 1339 senti
1167 1308 1318 1339 tolluntur.
1336 1308 1370 1338 Et
1388 1309 1484 1348 plane,
1502 1309 1526 1339 si
1542 1309 1598 1340 hoc
1623 1313 1801 1350 praeceptum
1818 1309 1889 1340 vili-

1070 1353 1221 1393 penderis,
1237 1353 1357 1392 sanguis
1373 1354 1409 1383 de
1426 1354 1478 1384 hac
1494 1354 1552 1384 vita
1567 1353 1752 1385 sublatorum
1768 1354 1805 1384 de
1822 1363 1888 1384 ma-

1069 1397 1156 1428 nibus
1172 1397 1228 1428 tuis
1244 1397 1412 1437 requiretur
1424 1397 1477 1428 43".

1108 1441 1177 1472 Haec
1191 1446 1270 1478 sunt,
1284 1447 1312 1472 et
1328 1442 1410 1482 plura
1426 1442 1482 1482 his,
1501 1453 1517 1474 ο
1534 1446 1633 1484 pastor
1648 1443 1745 1473 ovium
1762 1443 1887 1479 Christi,

1069 1496 1134 1527 qua),
1148 1487 1184 1517 ad
1201 1488 1298 1526 gregis
1308 1487 1352 1518 tui
1363 1487 1527 1518 custodiam
1547 1488 1678 1528 perfecte
1688 1488 1775 1522 scire.
1789 1493 1817 1518 et
1827 1492 1889 1518 stu-

1070 1532 1155 1562 diose
1170 1531 1267 1562 facere
1282 1532 1386 1562 debes.
1404 1532 1531 1563 Proinde
1547 1533 1571 1563 si
1585 1534 1674 1571 nosti,
1691 1538 1718 1564 te
1729 1533 1764 1564 ad
1777 1537 1887 1564 tantam

1070 1576 1275 1608 sufficientiam
1294 1586 1495 1618 progressum,
1509 1582 1647 1618 tantaque
1658 1578 1836 1609 charismata
1847 1579 1889 1609 fe-

1070 1622 1166 1652 liciter
1190 1621 1341 1662 adeptum,
1368 1631 1402 1653 ex
1427 1623 1489 1652 solo
1519 1623 1656 1654 elucente
1681 1633 1716 1654 ex
1732 1628 1760 1653 te
1776 1623 1889 1653 lumine

1070 1666 1214 1697 bonorum
1232 1676 1367 1706 operum,
1386 1671 1413 1697 et
1429 1667 1535 1698 divina:
1549 1668 1701 1707 sapientiae
1715 1678 1749 1698 ac
1765 1668 1887 1705 notitiae,

1070 1711 1106 1742 ad
1123 1711 1348 1742 illuminandum
1367 1721 1470 1742 omnes
1486 1712 1671 1743 familiariter
1695 1715 1838 1743 adeuntes
1852 1713 1888 1743 ad

1071 1760 1098 1786 te
1116 1760 1190 1791 tuos,
1209 1756 1382 1796 alienasque
1406 1761 1434 1786 et
1459 1766 1530 1796 rege
1557 1757 1684 1787 ﬁdenter
1699 1766 1767 1787 oves
1782 1757 1890 1788 Christi

1071 1800 1177 1831 scienti
1189 1810 1328 1831 sermone
1345 1801 1451 1832 collate
1467 1801 1519 1831 tibi
1539 1802 1640 1840 gratia:
1655 1806 1684 1832 et
1697 1802 1814 1833 actione
1828 1801 1888 1831 vir-

1071 1845 1139 1876 tutis
1152 1846 1314 1876 secundum
1334 1845 1453 1876 modum
1470 1850 1498 1876 et
1510 1846 1605 1885 legem
1622 1846 1673 1876 tibi
1696 1846 1776 1886 prius
1791 1846 1889 1876 datam

1070 1891 1214 1930 desuper;
1231 1896 1260 1921 et
1275 1898 1363 1930 pasce
1380 1890 1541 1930 agnosejus
1558 1893 1585 1920 in
1597 1891 1716 1930 pascuis
1731 1890 1891 1921 salutiferis

1070 1935 1275 1966 mandotorum
1292 1934 1381 1973 illius,
1399 1935 1494 1965 donec
1510 1939 1656 1972 crescant,
1673 1940 1702 1966 et
1719 1936 1747 1965 in
1765 1945 1888 1965 mensu—

1067 1989 1129 2010 ram
1141 1979 1234 2010 aztalis
1250 1979 1443 2019 plenitudinis
1455 1980 1562 2011 Christi
1574 1981 1764 2018 occurant“,
1778 1985 1806 2010 et
1817 1981 1888 2011 inde

1069 2025 1220 2064 praemium
1237 2033 1430 2064 consequere,
1449 2024 1565 2064 quando
1581 2035 1646 2055 cum
1663 2025 1802 2065 apostolis
1814 2035 1889 2055 con-

1069 2068 1181 2099 sidebis
1198 2067 1356 2098 ethabitis.
1375 2067 1423 2098 Siti
1441 2068 1551 2105 minus,
1568 2069 1645 2108 apud
1664 2074 1692 2099 te
1711 2070 1807 2110 ipsum
1835 2079 1889 2110 pa-

1071 2113 1140 2149 vita,
1158 2113 1182 2143 si
1198 2112 1267 2153 quid
1291 2112 1364 2142 mihi
1379 2113 1478 2143 credis
1497 2113 1534 2143 de
1550 2113 1643 2144 salute
1666 2118 1716 2144 tua
1734 2115 1862 2145 sollicito
1880 2125 1887 2145 :

1069 2158 1218 2197 siquidem
1244 2157 1321 2188 Deus
1343 2162 1444 2188 noster
1465 2158 1541 2198 ignis
1566 2168 1745 2189 consumens
1774 2163 1819 2189 est
1847 2160 1888 2196 45,

1069 2212 1158 2243 quem
1183 2202 1269 2233 decet
1294 2203 1390 2233 omnis
1415 2203 1522 2243 gloria,
1550 2203 1645 2233 honor
1668 2208 1696 2234 et
1710 2205 1843 2235 adoralio
1859 2204 1890 2235 in

1069 2248 1185 2278 saecula.
1203 2248 1312 2278 Amen.

1358 2291 1492 2324 ORATiO
1521 2292 1607 2324 XXV.

1376 2333 1590 2364 Anounsmcn.

1069 2381 1109 2409 De
1126 2379 1378 2421 primordiisuoitte
1398 2380 1550 2421 _odmodum
1574 2380 1722 2421 fregi/eris
1737 2388 1770 2408 ac
1783 2381 1891 2421 satum.

1104 2416 1193 2446 ribus.
1221 2423 1273 2451 pro
1294 2416 1329 2443 iis
1354 2416 1403 2451 qui
1430 2424 1513 2451 nuper
1536 2417 1656 2447 mundo.
1685 2418 1709 2444 et
1740 2417 1891 2446 mundanis

1106 2452 1313 2488 renuntiantes,
1329 2451 1376 2488 rod
1396 2452 1482 2480 citam
1510 2451 1669 2480 solitariam
1697 2453 1891 2488 ron/ttgct'ur-t,

1105 2490 1130 2529 et
1155 2487 1283 2515 doctrina
1297 2487 1332 2514 ad
1347 2490 1466 2523 tyrones,
1493 2495 1540 2515 seu
1561 2487 1678 2515 nouitio:
1702 2487 1892 2524 longe'utitt'x-

1104 2531 1186 2551 sima.

1110 2559 1296 2598 Quicunque,
1312 2559 1428 2596 fratres,
1446 2559 1555 2590 mundo
1570 2562 1599 2589 et
1612 2558 1648 2588 iis
1662 2568 1726 2599 qua:
1737 2558 1767 2589 in
1781 2561 1890 2592 mundo

1070 2608 1138 2634 sunt
1154 2604 1300 2634 universis
1314 2613 1419 2634 recens
1433 2603 1622 2644 renuntiavit,
1640 2613 1732 2644 seque
1749 2604 1785 2634 ad
1803 2604 1889 2636 vitam

1258 2685 1295 2706 43'
1311 2684 1420 2716 Ezech.
1438 2693 1480 2722 ιιι,
1500 2684 1549 2717 18.
1605 2685 1638 2710 44
1651 2685 1764 2726 Ephes.
1781 2693 1822 2721 ιγ,
1843 2686 1880 2718 13

1068 2806 1119 2838 cit.
1136 2806 1203 2838 Ant.
1223 2806 1418 2847 Augustinum
1435 2807 1464 2838 in
1485 2806 1561 2838 notis
1582 2806 1618 2838 ad
1641 2806 1778 2838 eumdem
1797 2816 1890 2838 εειηο-

1071 2860 1151 2882 nem.
