1978 3078
195 146 256 179 443

837 146 913 177 SYM
921 146 1029 177 EONIS
1049 145 1234 178 JUNIORIS.

1818 141 1876 174 444

198 212 298 244 dicere
315 222 374 244 non
391 207 520 253 potuisti,
545 216 643 243 tamen
665 212 775 243 sensim
793 212 880 243 etiam
897 212 933 243 ad
949 212 1016 248 hoc,
1031 216 1050 240 Α
1061 212 1229 252 quempiam
1246 212 1353 242 sedere
1368 211 1567 251 conspiceris;
1581 210 1705 252 perinde
1719 220 1754 242 ac
1769 210 1794 240 si
1813 218 1880 240 om-

196 259 289 296 gratia
305 258 356 288 tibi
372 261 550 297 cooperante
567 258 734 296 pervenies.
747 258 871 287 Tantum
887 256 954 287 audi
972 266 1018 286 me

197 302 360 338 humilem;
378 306 487 332 tantum
504 302 548 332 fac
560 302 665 332 borum
682 302 812 337 initium,
831 302 932 341 frater,
950 306 1016 331 tan-

197 351 257 377 tum
271 347 333 377 haec
348 347 458 386 ficere,
478 351 506 376 et
521 355 620 386 agere,
638 351 665 377 et
681 346 761 386 loqui
775 346 885 383 ordire,
898 351 925 376 et
938 346 1017 376 Deus

198 395 225 421 te
241 400 298 421 non
315 391 433 422 deseret
448 402 454 421 :
468 392 542 422 mire
560 391 639 421 enim
652 396 679 421 te
688 395 776 428 amat,
792 395 877 430 teque
890 391 925 421 ad
936 391 1016 428 agni-

196 436 305 466 tionem
318 436 449 466 veritatis
461 436 562 466 venire
569 436 610 470 50,
622 439 650 466 et
661 435 766 467 salvari
779 435 928 466 desiderat
943 437 1014 466 Cum

195 484 312 520 tempus
327 490 420 521 usque
440 481 477 511 ad
501 481 604 512 horam
623 480 760 520 liturgiaa,
777 490 828 510 seu
855 479 951 510 missa:
973 479 1016 511 sic

195 526 388 565 transegeris,
407 525 516 556 iterum
528 535 633 564 magno
644 525 756 565 studio,
769 529 798 555 et
813 524 965 555 alacritate
979 524 1017 554 ad

195 570 317 610 synaxin
347 571 432 602 vade.
458 571 509 601 Sta
534 579 567 601 ea
593 570 698 607 forma,
722 578 808 610 quam
829 569 858 600 in
876 569 1018 600 matutina

195 614 349 655 doxologia
366 615 417 646 tibi
434 615 684 655 praescripsimus,
697 618 725 646 et
741 614 836 645 luctus
846 614 1017 654 neutiquam

195 659 387 691 obliviscere.
401 660 471 690 Asta
481 669 548 690 cum
567 664 708 695 tremoro,
724 662 825 699 utpote
840 658 947 689 Filium
965 656 1018 689 Dei

195 708 316 744 propter
332 708 358 734 te
376 703 536 734 sacriﬁcari
553 702 753 743 conspiciens,
771 707 800 733 et
811 703 836 733 si
851 703 955 742 dignos
971 712 1015 742 es,

195 751 282 788 atque
294 748 331 779 ad
344 749 399 779 hoc
415 748 560 788 expiatus,
578 748 606 778 in
624 748 729 780 timore
745 751 772 778 et
785 747 891 786 gaudio
907 747 1017 778 accede

196 793 467 824 communicaturus
488 793 574 823 bonis
597 792 857 824 inenarrabilibus.
878 793 947 823 Post
963 802 1015 823 ex—

1060 266 1113 287 nes
1128 257 1170 287 illi
1186 257 1291 287 divites
1303 257 1361 287 sint
1373 256 1542 291 virtutibus,
1557 261 1586 287 tu
1597 260 1694 286 autem
1712 255 1878 291 mendicus,

1060 307 1088 332 et
1104 303 1211 337 nudus,
1228 306 1257 332 et
1271 302 1320 342 qui
1336 303 1413 333 inter
1426 311 1476 332 eos
1491 310 1621 340 versare,
1639 309 1799 340 eorumque
1814 299 1880 329 vul-

1060 350 1105 376 tus
1117 347 1255 386 aspicias,
1274 346 1508 384 indignissimus.

1098 390 1240 422 Caeterum
1264 391 1362 422 cibum
1380 395 1520 427 tacturus,
1538 399 1653 421 rursum
1670 390 1724 420 ista
1740 393 1878 430 peccato—

1059 445 1122 466 rum
1151 442 1267 467 tuorum
1295 437 1467 466 recordatus
1497 435 1660 475 cogitabis:
1691 435 1735 465 An
1764 443 1822 464 non
1848 433 1879 463 in

1054 480 1201 520 judicium
1219 484 1247 511 et
1263 481 1542 511 condemnationem
1560 481 1620 517 fiat,
1638 480 1662 510 si
1682 479 1751 520 quid
1776 488 1810 509 ex
1825 487 1879 518 ap-

1059 525 1162 564 positis
1185 525 1362 564 contigero?
1380 525 1442 556 Deo
1461 526 1541 556 enim
1559 525 1608 566 qni
1624 526 1686 556 haec
1702 523 1878 565 procreavit,

1062 569 1206 610 nobisque
1231 570 1377 601 vcscenda
1401 570 1522 610 largitus
1547 574 1603 607 est,
1627 579 1681 609 ego
1697 569 1734 599 ab
1756 569 1882 598 infantia

1061 623 1127 644 mea
1142 614 1319 646 inobediens
1333 615 1385 652 fui,
1402 619 1431 645 et
1446 619 1561 646 sanctas
1576 615 1656 654 leges
1674 615 1737 654 ejus
1752 623 1810 644 non
1826 622 1882 643 cu-

1059 660 1178 692 stodivi.
1190 660 1226 692 Et
1241 661 1390 701 quomodo
1402 660 1488 692 bonis
1499 661 1592 700 ipsius
1604 660 1726 700 proinde
1737 663 1770 689 ut
1785 657 1881 689 sancti

1058 703 1159 735 Patres
1174 705 1220 735 isti
1238 715 1291 744 ego
1303 715 1420 746 quoque
1437 705 1576 744 indignus
1590 710 1618 736 et
1634 713 1704 736 reus
1724 702 1882 744 perfruar?

1058 748 1121 784 Quo
1138 750 1216 780 vultu
1232 753 1300 780 ante
1316 750 1420 780 oculus
1433 749 1551 779 Domini
1568 749 1626 779 mei
1641 758 1694 788 ego
1711 757 1837 788 nequam
1852 751 1884 777 et

1059 793 1212 833 improbus
1237 799 1264 825 et
1290 794 1422 834 ingratus
1443 804 1556 831 servus,
1574 794 1744 834 priusquam
1771 801 1881 832 pecca-

196 842 306 868 tremas
322 847 426 877 preces
442 841 603 876 ingressus,
617 847 682 868 cum
695 837 833 868 omnibus
848 837 1016 868 accubitum
1029 841 1047 865 Β
1061 843 1157 869 torum
1182 848 1229 870 me
1254 839 1445 879 pmnituerit,
1471 843 1500 869 et
1524 839 1560 869 ab
1590 839 1669 869 illius
1698 837 1883 876 benignit‘te

195 883 248 919 ite,
260 891 315 913 nec
327 887 354 913 te
368 892 384 912 a
393 883 534 913 fratribus
547 883 604 913 tuis
615 891 731 922 separa.
744 881 779 913 Et
794 882 942 922 siquidem
961 883 1016 912 mi-

198 927 324 958 nistrare
335 927 503 967 jubeberis,
517 931 580 958 asta
592 927 758 959 utChristo.
773 936 830 957 non
843 931 873 957 ut
883 926 1016 957 homini-

195 971 261 1009 bus,
279 973 396 1002 sincero
411 973 529 1009 affectu,
547 976 575 1002 et
591 981 625 1003 ex
647 972 802 1008 cliarilate,
819 971 968 1003 omnibus.
987 975 1018 1002 ut

193 1017 315 1057 sanctis,
326 1017 369 1047 vel
385 1017 492 1057 potius,
507 1017 584 1047 sicut
597 1017 779 1051 dicebamus,
792 1021 822 1046 ut
833 1016 890 1056 ipsi
901 1016 1016 1047 Christo

193 1061 430 1092 ministraturus:
448 1062 547 1092 animo
563 1061 695 1100 singulos
711 1061 799 1091 veluti
813 1061 1014 1101 complexans,

193 1110 221 1136 et
237 1106 363 1146 teipsum
377 1105 558 1137 intentiones
566 1115 599 1136 ac
612 1106 762 1136 voluntate
776 1109 866 1136 totum
881 1115 933 1146 per
947 1106 1016 1136 cha-

192 1150 308 1181 ritatem
320 1152 363 1181 eis
379 1151 570 1191 impendens,
586 1155 614 1180 et
631 1155 658 1181 te
674 1160 707 1181 ex
725 1150 891 1181 ministerio
908 1151 963 1181 isto
978 1151 1014 1182 ad

192 1195 376 1225 sarctimonii
404 1195 531 1226 fructum
566 1195 792 1235 percipiendum
824 1195 1014 1226 conﬁrmans.

193 1239 274 1276 Quod
287 1240 312 1269 si
326 1250 427 1271 mense
440 1250 506 1270 cum
519 1240 634 1270 caeteris
652 1244 681 1270 tu
696 1249 813 1279 quoque
829 1240 1015 1280 accubueris,

193 1294 230 1315 en
245 1285 316 1324 quid
335 1285 399 1321 tibi,
417 1289 448 1315 ut
462 1285 571 1315 dilecto
589 1284 676 1324 patri,
692 1293 725 1314 ac
741 1284 823 1314 fratri
847 1294 911 1314 meo
930 1294 1016 1314 man-

193 1329 271 1360 dem.
284 1329 326 1359 Ad
343 1329 493 1369 appositas
509 1329 612 1368 epulas
635 1338 671 1359 ne
690 1328 815 1359 festinus
836 1338 870 1358 ac
887 1338 1017 1368 princeps

193 1383 314 1405 manum
336 1374 490 1411 extendas,
504 1379 661 1414 antequam
675 1373 809 1404 seniores
825 1373 861 1403 de
878 1373 1017 1404 fratribus

194 1419 350 1450 comedere
369 1418 522 1458 incipiant,
539 1422 567 1449 et
579 1423 734 1458 antequam
747 1427 876 1457 superne
887 1427 902 1448 a
915 1427 1016 1449 sacer-

193 1463 263 1494 dote
272 1463 396 1494 recilata
407 1463 446 1493 sit
458 1463 777 1503 benedictioﬁumqne
788 1463 874 1493 simul
885 1472 950 1493 cum
962 1464 1016 1493 fra-

1059 883 1172 913 veniam
1187 883 1316 923 perfecte
1333 884 1513 924 acceperim,
1535 885 1611 914 sicut
1630 884 1680 922 qui
1699 893 1755 913 non
1774 891 1883 922 pecca-

1058 933 1173 965 verunt,
1191 933 1240 959 aut
1260 938 1326 959 cum
1346 934 1530 969 peccassent.
1553 938 1604 969 per
1617 928 1822 968 penitentiam
1832 936 1883 957 ve-

1061 973 1140 1003 niam
1151 973 1358 1012 impetrarunt,
1369 974 1433 1013 ipse
1449 974 1558 1013 pariter
1567 973 1733 1009 comedam,
1742 977 1770 1002 et
1783 972 1883 1002 bibam

1060 1021 1088 1047 et
1101 1027 1167 1047 cum
1181 1021 1293 1049 sanctis
1314 1018 1480 1057 gaudeant?
1492 1018 1580 1049 Nullo
1593 1019 1681 1048 modo
1706 1017 1756 1047 sed
1770 1017 1836 1047 cibo
1853 1021 1884 1046 et

1061 1062 1180 1101 potione
1191 1062 1287 1093 solum
1304 1071 1380 1099 mar,
1395 1072 1432 1093 ne
1447 1063 1505 1094 vita
1521 1062 1668 1099 deficiam,
1686 1066 1714 1092 et
1733 1062 1880 1100 meipsum

1060 1107 1227 1146 macerabo,
1241 1107 1380 1138 cruciabo
1394 1112 1422 1137 et
1441 1106 1598 1143 damnabo,
1611 1111 1644 1137 ut
1659 1109 1736 1138 Deus
1752 1106 1883 1145 desuper

1058 1152 1235 1192 respiciens,
1259 1157 1288 1183 et
1308 1153 1456 1192 angustias
1472 1153 1724 1192 voluntariamqne
1739 1152 1880 1183 afflictio—

1059 1205 1126 1226 nem
1155 1206 1248 1227 meam
1274 1197 1403 1232 intuens,
1431 1197 1618 1232 misereatur,
1644 1202 1672 1227 et
1695 1197 1788 1227 multa
1808 1197 1882 1226 mihi

1059 1245 1179 1279 peccata
1205 1250 1268 1271 mea
1292 1241 1434 1281 ignoscat.
1458 1241 1525 1272 Ilmc
1542 1242 1628 1281 igitur
1643 1241 1750 1280 cogita,
1776 1241 1882 1271 horum

1064 1283 1194 1314 identem
1211 1291 1374 1316 memento.
1391 1286 1502 1316 Adhzec
1519 1286 1633 1324 impr-ra
1659 1286 1710 1315 tibi
1735 1290 1776 1315 tot
1798 1285 1884 1315 bolos

1059 1328 1159 1369 edere,
1173 1333 1203 1359 ut
1219 1331 1357 1360 saturitas
1372 1339 1429 1360 non
1446 1334 1597 1370 sequatur,
1611 1330 1701 1360 multo
1728 1332 1884 1370 pauciores

1059 1373 1172 1413 utique,
1183 1384 1271 1414 quam
1285 1384 1337 1414 pro
1349 1375 1539 1414 necessiiate,
1551 1379 1579 1405 et
1591 1384 1678 1414 quam
1696 1384 1882 1414 concoquere

1058 1418 1253 1457 possesltem
1266 1429 1368 1455 unum,
1386 1425 1434 1450 aut
1450 1419 1507 1449 duo
1520 1420 1635 1458 pocula,
1646 1425 1674 1449 et
1691 1419 1720 1449 id
1739 1429 1796 1449 una
1808 1419 1882 1449 hora

1057 1461 1117 1492 diei
1129 1463 1273 1493 constitua
1298 1473 1429 1494 sumere.
1449 1464 1520 1494 Cum
1548 1463 1691 1499 comedis,
1713 1473 1749 1494 ne
1765 1464 1879 1502 cogita-

194 1508 288 1538 tribus
297 1517 330 1538 ac
339 1507 471 1547 patribus
483 1508 540 1538 tuis
548 1517 655 1548 corpus
662 1507 728 1538 cibo
740 1508 864 1538 reficere
875 1508 1011 1548 coeperis,
1024 1521 1044 1546 ε
1058 1505 1130 1536 tioni
1144 1506 1282 1538 subeunti
1299 1507 1397 1544 cedas,
1408 1508 1557 1548 utaliquid
1567 1508 1603 1538 de
1615 1508 1757 1548 appositis
1774 1509 1877 1548 eligas,

193 1552 312 1583 attende
332 1552 396 1589 tibi,
420 1562 508 1592 quam
525 1552 784 1591 compositissime,
801 1552 948 1589 ettacitns
963 1562 1012 1582 se-

193 1597 278 1637 dens,
296 1607 362 1628 cum
380 1598 461 1628 nullo
487 1597 603 1637 penitus
618 1598 751 1637 loquens,
769 1597 798 1627 in
816 1597 943 1628 lectione
958 1597 1014 1627 de-

194 1643 281 1680 ﬁxus,
298 1646 327 1672 et
343 1648 374 1672 ut
389 1651 508 1682 corpus,
522 1642 565 1672 sic
581 1642 713 1672 aninuun
730 1651 845 1682 quoque
861 1651 895 1672 ex
908 1642 1015 1672 divinis

193 1687 288 1717 sancti
309 1686 438 1726 Spiritus
464 1687 593 1717 oraculis
617 1687 711 1716 alens.
729 1686 852 1726 Oportet
879 1687 958 1717 enim
976 1692 1015 1723 te,

194 1741 261 1762 cum
284 1731 421 1770 geminus
438 1731 491 1771 sis,
509 1741 542 1762 ex
557 1731 668 1767 animo,
686 1731 818 1771 inquam,
844 1736 872 1762 et
893 1741 1017 1771 corpore

193 1781 342 1812 constans,
357 1776 570 1806 convenienter
582 1776 702 1815 gemino
715 1776 856 1807 alimento
872 1785 906 1807 ac
916 1785 1016 1807 mensa

193 1820 247 1851 uti.
270 1820 384 1851 Etcum
402 1830 510 1861 corpus
527 1821 579 1852 tibi
600 1821 637 1850 sit
659 1825 668 1851 t
688 1826 812 1857 rreslre,
830 1821 907 1861 quod
930 1831 1020 1852 sensu

194 1865 358 1905 percipitur
371 1865 488 1895 animus
500 1875 543 1896 vei
554 1875 582 1901 o,
601 1865 651 1905 qui
672 1865 734 1895 sola
749 1865 863 1895 ratione
878 1875 1018 1904 compre-

194 1909 344 1949 henditur,
362 1918 397 1940 ac
411 1909 530 1940 divinus
545 1913 600 1947 est,
616 1910 689 1940 illud
708 1909 796 1940 etiam
815 1909 1018 1950 sensibilibus,

195 1957 224 1984 et
239 1963 254 1983 e
270 1958 349 1984 terra
365 1954 556 1984 nascentibus
582 1955 701 1994 eduliis,
727 1955 807 1985 hunc
832 1954 1019 1984 intellectua-

194 1997 283 2036 libus,
301 1998 470 2038 divinisque
492 1998 713 2039 Scripturarum
741 1999 867 2039 dapibus
892 1999 1017 2029 nutrire.

194 2042 297 2082 Itaque
314 2046 412 2082 partes
428 2043 457 2073 in
476 2053 578 2074 mensa
592 2044 753 2083 appositas,
766 2054 823 2084 qne
839 2044 914 2074 forte
928 2044 1021 2084 major

193 2091 243 2117 aut
268 2087 365 2117 minor
380 2088 416 2118 sit
434 2088 551 2118 curiose
573 2098 610 2118 ne
635 2088 795 2128 inspicias:
818 2089 869 2119 sed
887 2099 952 2128 qua:
969 2088 1021 2119 tibi

196 2131 319 2172 praebita
338 2132 436 2170 fuerit,
450 2142 514 2163 eam
531 2143 597 2163 cum
624 2133 705 2164 omni
729 2135 887 2172 gratiarum
905 2134 1021 2163 actione

195 2181 363 2216 susceptain
381 2177 516 2214 comede,
531 2178 621 2218 idque
638 2182 851 2218 temperanter,
867 2178 896 2208 in
920 2177 1019 2208 omni-

196 2220 252 2251 bus
277 2223 460 2252 saturitatem
488 2222 618 2261 fugiens;
644 2223 799 2262 indignum
830 2223 967 2252 videlicet
993 2226 1020 2253 te.

195 2266 320 2295 fratrum
338 2275 441 2296 mensa
455 2271 608 2306 reputans,
626 2267 753 2307 taliaque
768 2272 865 2298 tecum
879 2267 1016 2297 volvens:

196 2309 268 2346 Quis
288 2319 352 2340 Sum
371 2320 425 2349 ego
445 2310 578 2350 abje'ctus
593 2315 621 2342 et
638 2312 746 2342 nullius
764 2311 861 2352 pretii,
887 2316 918 2342 ut
938 2311 1021 2342 hisce

194 2354 307 2385 sanctis
323 2355 483 2396 assideam,
495 2361 524 2386 et
535 2357 633 2387 cibum
646 2366 704 2387 una
714 2359 827 2397 capiam
838 2357 852 2386 2’
866 2356 912 2387 Sic
922 2360 1018 2386 tecum

195 2398 333 2439 loquens,
357 2404 416 2430 toto
433 2401 523 2431 corde
540 2406 568 2431 te
583 2401 678 2431 solum
701 2405 885 2441 peccatorem
906 2400 1017 2431 ducito.

193 2443 450 2479 Quemadmodum
464 2445 619 2476 mendicus
634 2445 753 2486 aliquis,
771 2450 800 2476 et
815 2446 924 2485 pannis
938 2445 1021 2475 obsi-

196 2492 253 2525 tus,
267 2488 334 2519 siin
347 2489 478 2520 medium
497 2490 664 2531 principum
677 2500 711 2521 ac
725 2490 847 2521 divitum
865 2490 1021 2530 splendide

196 2538 432 2574 sumptuoseque
452 2535 623 2565 vestitorum
640 2535 790 2574 inciderit,
811 2535 969 2574 erubescit,
987 2544 1021 2565 ac

197 2577 304 2608 timore
321 2579 469 2619 perfusus,
496 2589 532 2610 ne
555 2582 794 2620 appropinquare
820 2579 952 2620 quidem,
971 2583 1021 2609 aut

196 2622 320 2654 liberius
335 2623 478 2654 accedere
494 2625 529 2654 ad
546 2634 726 2664 quemquam
743 2634 849 2656 eorum
866 2624 963 2654 audet.
977 2623 1020 2655 Si-

196 2668 308 2699 militer
323 2672 352 2698 tu
369 2678 438 2708 erga
451 2678 555 2700 omnes
574 2673 601 2700 te
617 2679 698 2709 gere,
715 2670 812 2700 locum
838 2673 1020 2709 postremum

197 2721 316 2753 semper
329 2712 454 2752 eligens,
467 2723 492 2745 e=
507 2723 539 2744 ns
550 2714 662 2754 pudore
674 2714 858 2751 suffundens,
875 2723 940 2743 cum
952 2721 1021 2744 ante

235 2794 264 2823 se
286 2793 297 2825 1
313 2793 392 2826 Tim.
409 2803 441 2833 ιι,
460 2796 488 2828 4.

1056 1550 1133 1590 quod
1159 1551 1315 1582 absumas:
1330 1553 1381 1582 sed
1407 1562 1475 1583 cave
1494 1562 1530 1582 ne
1546 1552 1615 1593 quid
1633 1553 1782 1589 comedas,
1800 1553 1879 1592 quod

1058 1595 1110 1625 tibi
1133 1596 1269 1634 sapidum
1292 1597 1354 1627 fore
1375 1597 1468 1627 visum
1494 1597 1632 1627 est:sola
1647 1607 1715 1628 vero
1731 1607 1795 1637 quae
1810 1604 1880 1628 ante

1059 1644 1087 1670 te
1102 1645 1182 1677 sunt,
1200 1641 1336 1672 comede.
1362 1642 1439 1678 Quin
1456 1642 1544 1672 etiam
1563 1641 1586 1671 si
1603 1642 1676 1672 forte
1692 1642 1816 1678 fructus,
1830 1647 1881 1672 aut

1058 1685 1115 1715 alia
1140 1685 1274 1724 quaedam
1299 1685 1422 1716 bellaria
1443 1686 1563 1722 fuerint,
1581 1691 1610 1716 et
1627 1696 1718 1717 unum
1737 1686 1879 1726 quiddam

1059 1729 1112 1759 tibi
1127 1730 1543 1770 arriserit,dixerilquetacita
1553 1731 1707 1768 cogitatio:
1722 1731 1880 1762 Pulchrum

1060 1779 1105 1804 est
1120 1774 1204 1810 illud,
1217 1777 1318 1814 accipe
1328 1779 1358 1806 et
1368 1775 1503 1812 comede,
1516 1775 1553 1806 da
1565 1785 1685 1815 operam
1698 1785 1735 1806 ne
1747 1776 1881 1817 vincare,

1062 1828 1135 1849 neve
1147 1824 1247 1858 tangas
1257 1819 1329 1850 illud
1345 1821 1483 1859 ;quando
1495 1829 1547 1860 per
1558 1820 1637 1850 aliud
1661 1820 1735 1851 nihil
1751 1821 1883 1852 Ada'nus

1062 1872 1078 1893 e
1104 1864 1238 1901 paradiso
1268 1865 1479 1895 exterminatus
1510 1869 1566 1901 est,
1589 1865 1645 1895 nisi
1673 1866 1741 1905 quia
1768 1865 1884 1897 arboris

1061 1907 1172 1938 fructus
1195 1909 1319 1948 pulcher
1335 1909 1373 1947 ei,
1391 1914 1419 1940 et
1436 1909 1531 1939 bonus
1546 1909 1581 1939 ad
1597 1910 1775 1940 vescendum
1788 1919 1883 1950 appa-

1061 1952 1130 1989 ruit,
1149 1956 1177 1983 et
1190 1954 1319 1984 comedit
1332 1963 1368 1984 ex
1379 1954 1454 1993 ipso,
1468 1954 1595 1994 ideoque
1611 1954 1722 1993 ejectus
1734 1959 1762 1984 et
1777 1955 1884 1994 expul-

1061 2006 1122 2033 sus,
1141 2002 1293 2037 morteque
1310 2004 1338 2029 et
1354 1999 1543 2038 corruptione
1569 1999 1725 2029 damnatus
1751 2003 1804 2029 cst.
1828 1999 1884 2035 Qui

1062 2051 1131 2080 ergo
1148 2042 1176 2072 in
1201 2043 1368 2082 paradisum
1391 2043 1487 2080 illum,
1514 2044 1557 2074 vel
1583 2043 1678 2083 potius
1702 2044 1731 2074 in
1757 2054 1883 2077 regnum

1062 2086 1203 2117 caelorum
1230 2088 1336 2117 reverti
1366 2088 1477 2122 volunt,
1495 2088 1707 2118 continentiam
1735 2089 1798 2119 sine
1825 2089 1887 2119 ulla

1064 2132 1297 2170 tranSgressione
1308 2133 1395 2162 etiam
1407 2133 1442 2162 ad
1457 2133 1519 2163 haec
1532 2142 1623 2173 usque
1634 2142 1750 2164 servare
1761 2133 1883 2170 debent,

1064 2185 1100 2206 ne
1118 2177 1255 2215 paulatim
1270 2177 1299 2206 in
1317 2178 1455 2216 majores.
1479 2182 1508 2208 et
1522 2177 1624 2208 noxias
1645 2177 1821 2217 cupiditates
1836 2178 1885 2208 in-

1063 2225 1193 2251 currant.
1211 2220 1241 2251 Si
1256 2225 1284 2251 te
1300 2221 1405 2251 fratres
1429 2222 1516 2252 simul
1539 2222 1747 2252 accumbentes
1761 2223 1885 2252 hortan-

1063 2270 1120 2301 tur,
1142 2271 1173 2296 ut
1195 2265 1322 2305 amplius
1346 2267 1495 2302 comedas,
1519 2271 1571 2296 aut
1590 2266 1684 2306 bibas,
1712 2266 1784 2297 nihil
1806 2267 1885 2298 aliud

1063 2310 1269 2351 respondebis,
1297 2311 1354 2341 nisi
1379 2311 1457 2350 quod
1479 2311 1591 2351 junctis
1615 2311 1750 2341 manibus
1766 2312 1885 2351 paulum

1062 2365 1232 2394 assurgens,
1257 2355 1396 2385 inclinato
1422 2360 1528 2395 capite.
1553 2365 1585 2385 ac
1613 2355 1883 2387 vocelenidices:

1061 2399 1195 2439 Ignosce.
1208 2399 1257 2430 Sic
1280 2409 1400 2439 seraper
1414 2399 1444 2430 in
1461 2400 1600 2430 omnibus
1616 2401 1806 2440 respondeto.
1825 2401 1887 2432 Nec

1063 2454 1243 2485 quemquam
1266 2445 1303 2474 de
1325 2444 1383 2475 tuis
1403 2444 1537 2484 reliquiis
1555 2445 1677 2480 honora,
1696 2455 1750 2476 nec
1766 2445 1804 2476 ab
1820 2446 1887 2477 aliis

1063 2490 1224 2530 quidquam
1249 2489 1361 2528 accipe.
1389 2488 1418 2519 Si
1447 2489 1546 2519 vinum
1569 2499 1627 2519 non
1652 2489 1739 2526 bibis,
1761 2490 1832 2520 illud
1850 2501 1887 2522 ne

1064 2544 1179 2574 poscas;
1192 2535 1244 2565 sed
1261 2543 1315 2564 nec
1331 2534 1415 2564 alteri
1437 2534 1563 2574 cuipiam
1581 2543 1614 2564 ex
1633 2534 1770 2565 fratribus
1787 2535 1886 2574 porri-

1062 2589 1124 2619 gas,
1149 2579 1205 2609 nisi
1227 2580 1301 2609 forte
1327 2579 1511 2618 peregrinius
1537 2583 1592 2613 est,
1618 2583 1646 2609 et
1670 2589 1742 2609 usus
1761 2580 1887 2620 alicujus

1061 2624 1156 2663 gratia
1173 2624 1208 2654 ad
1226 2627 1253 2654 te
1266 2624 1356 2653 venit.
1375 2623 1441 2654 Noli
1458 2632 1584 2663 unquam
1602 2633 1668 2652 cum
1695 2624 1795 2664 aliquo
1818 2630 1887 2655 ante

1063 2673 1180 2708 tempus
1191 2672 1318 2706 gustare,
1330 2677 1385 2698 nec
1399 2668 1515 2708 vesperi
1528 2668 1698 2708 comedere,
1707 2673 1756 2699 aut
1769 2668 1888 2707 hibere,

1063 2717 1113 2744 aut
1127 2721 1247 2744 ccenare
1263 2711 1385 2749 iterum;
1403 2712 1471 2742 hinc
1489 2712 1569 2743 enim
1586 2712 1662 2742 mala
1678 2713 1778 2744 omnia
1794 2715 1887 2754 proﬁ-
