  <div class='ocr_page' id='page_1' title='image "/cluster/home/n/w/nwhite01/storage/ocr_20150623/120/njp.32101010943973/298.png"; bbox 0 0 1978 3078; ppageno 0'>
   <div class='ocr_carea' id='block_1_1' title="bbox 78 136 149 169">
    <p class='ocr_par' dir='ltr' id='par_1_1' title="bbox 78 136 149 169">
     <span class='ocr_line' id='line_1_1' title="bbox 78 136 149 169; baseline 0.014 -1"><span class='ocrx_word' id='word_1_1' title='bbox 78 136 149 169; x_wconf 74' lang='grc'><strong>445</strong></span> 
     </span>
    </p>
   </div>
   <div class='ocr_carea' id='block_1_2' title="bbox 806 138 1061 170">
    <p class='ocr_par' dir='ltr' id='par_1_2' title="bbox 806 138 1061 170">
     <span class='ocr_line' id='line_1_2' title="bbox 806 138 1061 170; baseline -0.004 -1"><span class='ocrx_word' id='word_1_2' title='bbox 806 138 946 170; x_wconf 71' lang='lat' dir='ltr'><strong>ORATIO</strong></span> <span class='ocrx_word' id='word_1_3' title='bbox 969 138 1061 168; x_wconf 82' lang='lat' dir='ltr'><strong>XXV.</strong></span> 
     </span>
    </p>
   </div>
   <div class='ocr_carea' id='block_1_3' title="bbox 1713 139 1771 171">
    <p class='ocr_par' dir='ltr' id='par_1_3' title="bbox 1713 139 1771 171">
     <span class='ocr_line' id='line_1_3' title="bbox 1713 139 1771 171; baseline 0.017 -1"><span class='ocrx_word' id='word_1_4' title='bbox 1713 139 1771 171; x_wconf 74' lang='grc'><strong>446</strong></span> 
     </span>
    </p>
   </div>
   <div class='ocr_carea' id='block_1_4' title="bbox 76 203 1772 245">
    <p class='ocr_par' dir='ltr' id='par_1_4' title="bbox 76 203 1772 245">
     <span class='ocr_line' id='line_1_4' title="bbox 76 203 1772 245; baseline 0 -10"><span class='ocrx_word' id='word_1_5' title='bbox 76 205 253 235; x_wconf 88' lang='lat' dir='ltr'><strong>ciscuntur.</strong></span> <span class='ocrx_word' id='word_1_6' title='bbox 291 204 387 245; x_wconf 83' lang='lat' dir='ltr'><strong>Atque</strong></span> <span class='ocrx_word' id='word_1_7' title='bbox 413 205 458 236; x_wconf 64' lang='lat' dir='ltr'><strong>lia:</strong></span> <span class='ocrx_word' id='word_1_8' title='bbox 483 209 551 236; x_wconf 85' lang='lat' dir='ltr'><strong>sunt</strong></span> <span class='ocrx_word' id='word_1_9' title='bbox 574 204 699 240; x_wconf 59' lang='lat' dir='ltr'><strong>insidia},</strong></span> <span class='ocrx_word' id='word_1_10' title='bbox 717 208 742 235; x_wconf 91' lang='lat' dir='ltr'><strong>et</strong></span> <span class='ocrx_word' id='word_1_11' title='bbox 762 203 942 234; x_wconf 69' lang='lat' dir='ltr'><strong>tiudiculaeA</strong></span> <span class='ocrx_word' id='word_1_12' title='bbox 954 213 1052 234; x_wconf 89' lang='lat' dir='ltr'><strong>coram</strong></span> <span class='ocrx_word' id='word_1_13' title='bbox 1070 204 1130 235; x_wconf 87' lang='lat' dir='ltr'><strong>Deo</strong></span> <span class='ocrx_word' id='word_1_14' title='bbox 1147 205 1286 245; x_wconf 79' lang='lat' dir='ltr'><strong>psallens,</strong></span> <span class='ocrx_word' id='word_1_15' title='bbox 1303 206 1342 241; x_wconf 81' lang='lat' dir='ltr'><strong>ei,</strong></span> <span class='ocrx_word' id='word_1_16' title='bbox 1361 209 1389 236; x_wconf 90' lang='lat' dir='ltr'><strong>et</strong></span> <span class='ocrx_word' id='word_1_17' title='bbox 1405 206 1560 241; x_wconf 93' lang='lat' dir='ltr'><strong>conﬁtens,</strong></span> <span class='ocrx_word' id='word_1_18' title='bbox 1574 205 1707 244; x_wconf 90' lang='lat' dir='ltr'><strong>nihilque</strong></span> <span class='ocrx_word' id='word_1_19' title='bbox 1717 213 1772 245; x_wconf 89' lang='lat' dir='ltr'><strong>pe-</strong></span> 
     </span>
    </p>
   </div>
   <div class='ocr_carea' id='block_1_5' title="bbox 77 249 911 290">
    <p class='ocr_par' dir='ltr' id='par_1_5' title="bbox 77 249 911 290">
     <span class='ocr_line' id='line_1_5' title="bbox 77 249 911 290; baseline -0.002 -10"><span class='ocrx_word' id='word_1_20' title='bbox 77 249 291 290; x_wconf 67' lang='lat' dir='ltr'><strong>diaboli,quw</strong></span> <span class='ocrx_word' id='word_1_21' title='bbox 311 259 376 280; x_wconf 87' lang='lat' dir='ltr'><strong>cum</strong></span> <span class='ocrx_word' id='word_1_22' title='bbox 400 249 530 289; x_wconf 90' lang='lat' dir='ltr'><strong>speciem</strong></span> <span class='ocrx_word' id='word_1_23' title='bbox 553 249 622 280; x_wconf 88' lang='lat' dir='ltr'><strong>boni</strong></span> <span class='ocrx_word' id='word_1_24' title='bbox 648 249 785 285; x_wconf 84' lang='lat' dir='ltr'><strong>habeant,</strong></span> <span class='ocrx_word' id='word_1_25' title='bbox 814 253 911 279; x_wconf 89' lang='lat' dir='ltr'><strong>tamen</strong></span> 
     </span>
    </p>
   </div>
   <div class='ocr_carea' id='block_1_6' title="bbox 77 293 912 335">
    <p class='ocr_par' dir='ltr' id='par_1_6' title="bbox 77 293 912 335">
     <span class='ocr_line' id='line_1_6' title="bbox 77 293 912 335; baseline -0.002 -10"><span class='ocrx_word' id='word_1_26' title='bbox 77 304 236 325; x_wconf 87' lang='lat' dir='ltr'><strong>venenttm</strong></span> <span class='ocrx_word' id='word_1_27' title='bbox 253 299 354 335; x_wconf 82' lang='lat' dir='ltr'><strong>tegunt</strong></span> <span class='ocrx_word' id='word_1_28' title='bbox 371 295 570 332; x_wconf 86' lang='lat' dir='ltr'><strong>mortiferum,</strong></span> <span class='ocrx_word' id='word_1_29' title='bbox 586 304 670 334; x_wconf 87' lang='lat' dir='ltr'><strong>quas,</strong></span> <span class='ocrx_word' id='word_1_30' title='bbox 688 294 736 334; x_wconf 86' lang='lat' dir='ltr'><strong>qui</strong></span> <span class='ocrx_word' id='word_1_31' title='bbox 755 293 848 324; x_wconf 87' lang='lat' dir='ltr'><strong>credit</strong></span> <span class='ocrx_word' id='word_1_32' title='bbox 862 302 912 323; x_wconf 95' lang='lat' dir='ltr'><strong>no-</strong></span> 
     </span>
    </p>
   </div>
   <div class='ocr_carea' id='block_1_7' title="bbox 77 338 912 380">
    <p class='ocr_par' dir='ltr' id='par_1_7' title="bbox 77 338 912 380">
     <span class='ocr_line' id='line_1_7' title="bbox 77 338 912 380; baseline -0.001 -10"><span class='ocrx_word' id='word_1_33' title='bbox 77 339 257 379; x_wconf 82' lang='lat' dir='ltr'><strong>bis,fugiet,</strong></span> <span class='ocrx_word' id='word_1_34' title='bbox 267 344 295 370; x_wconf 93' lang='lat' dir='ltr'><strong>et</strong></span> <span class='ocrx_word' id='word_1_35' title='bbox 310 339 360 380; x_wconf 85' lang='lat' dir='ltr'><strong>qui</strong></span> <span class='ocrx_word' id='word_1_36' title='bbox 373 343 455 380; x_wconf 74' lang='lat' dir='ltr'><strong>paret</strong></span> <span class='ocrx_word' id='word_1_37' title='bbox 465 338 645 370; x_wconf 82' lang='lat' dir='ltr'><strong>verbismeis</strong></span> <span class='ocrx_word' id='word_1_38' title='bbox 655 339 740 375; x_wconf 82' lang='lat' dir='ltr'><strong>meis,</strong></span> <span class='ocrx_word' id='word_1_39' title='bbox 753 338 912 378; x_wconf 82' lang='lat' dir='ltr'><strong>adjuvante</strong></span> 
     </span>
    </p>
   </div>
   <div class='ocr_carea' id='block_1_8' title="bbox 77 383 910 425">
    <p class='ocr_par' dir='ltr' id='par_1_8' title="bbox 77 383 910 425">
     <span class='ocr_line' id='line_1_8' title="bbox 77 383 910 425; baseline -0.002 -10"><span class='ocrx_word' id='word_1_40' title='bbox 77 383 161 422; x_wconf 87' lang='lat' dir='ltr'><strong>Deo,</strong></span> <span class='ocrx_word' id='word_1_41' title='bbox 182 389 210 415; x_wconf 90' lang='lat' dir='ltr'><strong>et</strong></span> <span class='ocrx_word' id='word_1_42' title='bbox 222 384 350 425; x_wconf 86' lang='lat' dir='ltr'><strong>Spiritus</strong></span> <span class='ocrx_word' id='word_1_43' title='bbox 369 384 462 414; x_wconf 90' lang='lat' dir='ltr'><strong>sancti</strong></span> <span class='ocrx_word' id='word_1_44' title='bbox 476 384 580 423; x_wconf 85' lang='lat' dir='ltr'><strong>gratia,</strong></span> <span class='ocrx_word' id='word_1_45' title='bbox 599 383 712 414; x_wconf 88' lang='lat' dir='ltr'><strong>nullum</strong></span> <span class='ocrx_word' id='word_1_46' title='bbox 729 383 765 413; x_wconf 88' lang='lat' dir='ltr'><strong>ab</strong></span> <span class='ocrx_word' id='word_1_47' title='bbox 783 383 826 414; x_wconf 90' lang='lat' dir='ltr'><strong>eis</strong></span> <span class='ocrx_word' id='word_1_48' title='bbox 842 383 910 413; x_wconf 89' lang='lat' dir='ltr'><strong>vul—</strong></span> 
     </span>
    </p>
   </div>
   <div class='ocr_carea' id='block_1_9' title="bbox 78 428 912 468">
    <p class='ocr_par' dir='ltr' id='par_1_9' title="bbox 78 428 912 468">
     <span class='ocr_line' id='line_1_9' title="bbox 78 428 912 468; baseline -0.002 -9"><span class='ocrx_word' id='word_1_49' title='bbox 78 438 144 460; x_wconf 85' lang='lat' dir='ltr'><strong>nus</strong></span> <span class='ocrx_word' id='word_1_50' title='bbox 156 429 406 460; x_wconf 81' lang='lat' dir='ltr'><strong>detrimentumve</strong></span> <span class='ocrx_word' id='word_1_51' title='bbox 421 428 592 468; x_wconf 84' lang='lat' dir='ltr'><strong>reportabit.</strong></span> <span class='ocrx_word' id='word_1_52' title='bbox 603 428 706 460; x_wconf 64' lang='lat' dir='ltr'><strong>Caneri</strong></span> <span class='ocrx_word' id='word_1_53' title='bbox 723 428 810 458; x_wconf 86' lang='lat' dir='ltr'><strong>vitam</strong></span> <span class='ocrx_word' id='word_1_54' title='bbox 827 436 912 457; x_wconf 90' lang='lat' dir='ltr'><strong>mun-</strong></span> 
     </span>
    </p>
   </div>
   <div class='ocr_carea' id='block_1_10' title="bbox 78 472 908 508">
    <p class='ocr_par' dir='ltr' id='par_1_10' title="bbox 78 472 908 508">
     <span class='ocr_line' id='line_1_10' title="bbox 78 472 908 508; baseline -0.002 -4"><span class='ocrx_word' id='word_1_55' title='bbox 78 473 195 504; x_wconf 83' lang='lat' dir='ltr'><strong>danam</strong></span> <span class='ocrx_word' id='word_1_56' title='bbox 207 474 262 505; x_wconf 90' lang='lat' dir='ltr'><strong>sub</strong></span> <span class='ocrx_word' id='word_1_57' title='bbox 272 473 372 504; x_wconf 88' lang='lat' dir='ltr'><strong>habitu</strong></span> <span class='ocrx_word' id='word_1_58' title='bbox 389 472 526 503; x_wconf 84' lang='lat' dir='ltr'><strong>monachi</strong></span> <span class='ocrx_word' id='word_1_59' title='bbox 543 482 575 503; x_wconf 92' lang='lat' dir='ltr'><strong>se</strong></span> <span class='ocrx_word' id='word_1_60' title='bbox 586 472 751 503; x_wconf 88' lang='lat' dir='ltr'><strong>consectari</strong></span> <span class='ocrx_word' id='word_1_61' title='bbox 763 473 908 508; x_wconf 75' lang='lat' dir='ltr'><strong>neSciunt,</strong></span> 
     </span>
    </p>
   </div>
   <div class='ocr_carea' id='block_1_11' title="bbox 78 516 910 558">
    <p class='ocr_par' dir='ltr' id='par_1_11' title="bbox 78 516 910 558">
     <span class='ocr_line' id='line_1_11' title="bbox 78 516 910 558; baseline -0.002 -9"><span class='ocrx_word' id='word_1_62' title='bbox 78 527 143 549; x_wconf 89' lang='lat' dir='ltr'><strong>nec</strong></span> <span class='ocrx_word' id='word_1_63' title='bbox 168 527 201 549; x_wconf 89' lang='lat' dir='ltr'><strong>se</strong></span> <span class='ocrx_word' id='word_1_64' title='bbox 225 518 256 549; x_wconf 91' lang='lat' dir='ltr'><strong>in</strong></span> <span class='ocrx_word' id='word_1_65' title='bbox 281 518 419 549; x_wconf 86' lang='lat' dir='ltr'><strong>barathra</strong></span> <span class='ocrx_word' id='word_1_66' title='bbox 444 522 473 548; x_wconf 92' lang='lat' dir='ltr'><strong>et</strong></span> <span class='ocrx_word' id='word_1_67' title='bbox 496 517 658 558; x_wconf 75' lang='lat' dir='ltr'><strong>prtecipitia</strong></span> <span class='ocrx_word' id='word_1_68' title='bbox 683 516 823 548; x_wconf 81' lang='lat' dir='ltr'><strong>incedere</strong></span> <span class='ocrx_word' id='word_1_69' title='bbox 838 526 910 547; x_wconf 89' lang='lat' dir='ltr'><strong>sen-</strong></span> 
     </span>
    </p>
   </div>
   <div class='ocr_carea' id='block_1_12' title="bbox 79 563 176 595">
    <p class='ocr_par' dir='ltr' id='par_1_12' title="bbox 79 563 176 595">
     <span class='ocr_line' id='line_1_12' title="bbox 79 563 176 595; baseline 0.021 -2"><span class='ocrx_word' id='word_1_70' title='bbox 79 563 176 595; x_wconf 87' lang='lat' dir='ltr'><strong>tiunt.</strong></span> 
     </span>
    </p>
   </div>
   <div class='ocr_carea' id='block_1_13' title="bbox 126 606 908 648">
    <p class='ocr_par' dir='ltr' id='par_1_13' title="bbox 126 606 908 648">
     <span class='ocr_line' id='line_1_13' title="bbox 126 606 908 648; baseline -0.003 -10"><span class='ocrx_word' id='word_1_71' title='bbox 126 608 173 638; x_wconf 91' lang='lat' dir='ltr'><strong>Tu</strong></span> <span class='ocrx_word' id='word_1_72' title='bbox 185 607 284 648; x_wconf 79' lang='lat' dir='ltr'><strong>igitur,</strong></span> <span class='ocrx_word' id='word_1_73' title='bbox 294 607 383 638; x_wconf 82' lang='lat' dir='ltr'><strong>frater</strong></span> <span class='ocrx_word' id='word_1_74' title='bbox 393 607 606 644; x_wconf 85' lang='lat' dir='ltr'><strong>amantissime,</strong></span> <span class='ocrx_word' id='word_1_75' title='bbox 620 607 682 637; x_wconf 77' lang='lat' dir='ltr'><strong>haec</strong></span> <span class='ocrx_word' id='word_1_76' title='bbox 695 615 814 637; x_wconf 88' lang='lat' dir='ltr'><strong>servare</strong></span> <span class='ocrx_word' id='word_1_77' title='bbox 825 606 908 644; x_wconf 88' lang='lat' dir='ltr'><strong>velis,</strong></span> 
     </span>
    </p>
   </div>
   <div class='ocr_carea' id='block_1_14' title="bbox 80 647 908 692">
    <p class='ocr_par' dir='ltr' id='par_1_14' title="bbox 80 647 908 692">
     <span class='ocr_line' id='line_1_14' title="bbox 80 647 908 692; baseline -0.002 -9"><span class='ocrx_word' id='word_1_78' title='bbox 80 647 205 683; x_wconf 83' lang='lat' dir='ltr'><strong>etiamsi</strong></span> <span class='ocrx_word' id='word_1_79' title='bbox 230 647 283 683; x_wconf 83' lang='lat' dir='ltr'><strong>tibi</strong></span> <span class='ocrx_word' id='word_1_80' title='bbox 308 652 496 683; x_wconf 92' lang='lat' dir='ltr'><strong>moriendum</strong></span> <span class='ocrx_word' id='word_1_81' title='bbox 519 651 577 688; x_wconf 87' lang='lat' dir='ltr'><strong>sit;</strong></span> <span class='ocrx_word' id='word_1_82' title='bbox 603 651 713 692; x_wconf 90' lang='lat' dir='ltr'><strong>alioqui</strong></span> <span class='ocrx_word' id='word_1_83' title='bbox 742 651 908 682; x_wconf 75' lang='lat' dir='ltr'><strong>daemonem</strong></span> 
     </span>
    </p>
   </div>
   <div class='ocr_carea' id='block_1_15' title="bbox 79 694 909 737">
    <p class='ocr_par' dir='ltr' id='par_1_15' title="bbox 79 694 909 737">
     <span class='ocr_line' id='line_1_15' title="bbox 79 694 909 737; baseline -0.002 -10"><span class='ocrx_word' id='word_1_84' title='bbox 79 697 311 737; x_wconf 76' lang='lat' dir='ltr'><strong>gastrimargite,</strong></span> <span class='ocrx_word' id='word_1_85' title='bbox 326 706 379 727; x_wconf 90' lang='lat' dir='ltr'><strong>seu</strong></span> <span class='ocrx_word' id='word_1_86' title='bbox 404 697 480 736; x_wconf 63' lang='lat' dir='ltr'><strong>gulae</strong></span> <span class='ocrx_word' id='word_1_87' title='bbox 503 696 634 736; x_wconf 79' lang='lat' dir='ltr'><strong>effugere</strong></span> <span class='ocrx_word' id='word_1_88' title='bbox 657 705 715 726; x_wconf 92' lang='lat' dir='ltr'><strong>non</strong></span> <span class='ocrx_word' id='word_1_89' title='bbox 739 695 860 736; x_wconf 89' lang='lat' dir='ltr'><strong>poteris.</strong></span> <span class='ocrx_word' id='word_1_90' title='bbox 877 694 909 726; x_wconf 92' lang='lat' dir='ltr'><strong>Si</strong></span> 
     </span>
    </p>
   </div>
   <div class='ocr_carea' id='block_1_16' title="bbox 80 741 907 781">
    <p class='ocr_par' dir='ltr' id='par_1_16' title="bbox 80 741 907 781">
     <span class='ocr_line' id='line_1_16' title="bbox 80 741 907 781; baseline -0.001 -10"><span class='ocrx_word' id='word_1_91' title='bbox 80 742 262 779; x_wconf 87' lang='lat' dir='ltr'><strong>servaveris,</strong></span> <span class='ocrx_word' id='word_1_92' title='bbox 288 743 362 772; x_wconf 86' lang='lat' dir='ltr'><strong>scito</strong></span> <span class='ocrx_word' id='word_1_93' title='bbox 378 741 528 772; x_wconf 89' lang='lat' dir='ltr'><strong>diabolum</strong></span> <span class='ocrx_word' id='word_1_94' title='bbox 544 745 736 781; x_wconf 87' lang='lat' dir='ltr'><strong>conspectum</strong></span> <span class='ocrx_word' id='word_1_95' title='bbox 753 744 834 771; x_wconf 92' lang='lat' dir='ltr'><strong>tuum</strong></span> <span class='ocrx_word' id='word_1_96' title='bbox 849 749 907 770; x_wconf 91' lang='lat' dir='ltr'><strong>non</strong></span> 
     </span>
    </p>
   </div>
   <div class='ocr_carea' id='block_1_17' title="bbox 954 248 1772 290">
    <p class='ocr_par' dir='ltr' id='par_1_17' title="bbox 954 248 1772 290">
     <span class='ocr_line' id='line_1_17' title="bbox 954 248 1772 290; baseline 0.001 -12"><span class='ocrx_word' id='word_1_97' title='bbox 954 248 1033 279; x_wconf 91' lang='lat' dir='ltr'><strong>nilus</strong></span> <span class='ocrx_word' id='word_1_98' title='bbox 1050 249 1214 289; x_wconf 70' lang='lat' dir='ltr'><strong>negligens.</strong></span> <span class='ocrx_word' id='word_1_99' title='bbox 1243 250 1418 290; x_wconf 78' lang='lat' dir='ltr'><strong>Vcspertino</strong></span> <span class='ocrx_word' id='word_1_100' title='bbox 1444 250 1542 281; x_wconf 89' lang='lat' dir='ltr'><strong>ofﬁcio</strong></span> <span class='ocrx_word' id='word_1_101' title='bbox 1569 251 1729 288; x_wconf 85' lang='lat' dir='ltr'><strong>completo,</strong></span> <span class='ocrx_word' id='word_1_102' title='bbox 1748 249 1772 279; x_wconf 84' lang='lat' dir='ltr'><strong>si</strong></span> 
     </span>
    </p>
   </div>
   <div class='ocr_carea' id='block_1_18' title="bbox 953 293 1771 334">
    <p class='ocr_par' dir='ltr' id='par_1_18' title="bbox 953 293 1771 334">
     <span class='ocr_line' id='line_1_18' title="bbox 953 293 1771 334; baseline 0 -11"><span class='ocrx_word' id='word_1_103' title='bbox 953 297 1037 332; x_wconf 83' lang='lat' dir='ltr'><strong>potes</strong></span> <span class='ocrx_word' id='word_1_104' title='bbox 1049 304 1063 322; x_wconf 75' lang='grc' dir='ltr'>η</span> <span class='ocrx_word' id='word_1_105' title='bbox 1080 293 1148 324; x_wconf 87' lang='lat' dir='ltr'><strong>cibo</strong></span> <span class='ocrx_word' id='word_1_106' title='bbox 1164 297 1193 324; x_wconf 88' lang='lat' dir='ltr'><strong>et</strong></span> <span class='ocrx_word' id='word_1_107' title='bbox 1211 298 1279 334; x_wconf 91' lang='lat' dir='ltr'><strong>potu</strong></span> <span class='ocrx_word' id='word_1_108' title='bbox 1304 295 1457 325; x_wconf 87' lang='lat' dir='ltr'><strong>abstinere</strong></span> <span class='ocrx_word' id='word_1_109' title='bbox 1477 294 1610 331; x_wconf 88' lang='lat' dir='ltr'><strong>omnino,</strong></span> <span class='ocrx_word' id='word_1_110' title='bbox 1629 294 1771 324; x_wconf 84' lang='lat' dir='ltr'><strong>decreve-</strong></span> 
     </span>
    </p>
   </div>
   <div class='ocr_carea' id='block_1_19' title="bbox 951 337 1773 378">
    <p class='ocr_par' dir='ltr' id='par_1_19' title="bbox 951 337 1773 378">
     <span class='ocr_line' id='line_1_19' title="bbox 951 337 1773 378; baseline 0.001 -11"><span class='ocrx_word' id='word_1_111' title='bbox 951 337 1052 378; x_wconf 86' lang='lat' dir='ltr'><strong>risque</strong></span> <span class='ocrx_word' id='word_1_112' title='bbox 1060 341 1151 369; x_wconf 88' lang='lat' dir='ltr'><strong>semel</strong></span> <span class='ocrx_word' id='word_1_113' title='bbox 1165 339 1195 369; x_wconf 90' lang='lat' dir='ltr'><strong>in</strong></span> <span class='ocrx_word' id='word_1_114' title='bbox 1204 339 1252 369; x_wconf 89' lang='lat' dir='ltr'><strong>die</strong></span> <span class='ocrx_word' id='word_1_115' title='bbox 1261 339 1359 370; x_wconf 88' lang='lat' dir='ltr'><strong>cibum</strong></span> <span class='ocrx_word' id='word_1_116' title='bbox 1367 349 1500 376; x_wconf 79' lang='lat' dir='ltr'><strong>sumere,</strong></span> <span class='ocrx_word' id='word_1_117' title='bbox 1513 349 1570 369; x_wconf 90' lang='lat' dir='ltr'><strong>non</strong></span> <span class='ocrx_word' id='word_1_118' title='bbox 1580 339 1730 378; x_wconf 76' lang='lat' dir='ltr'><strong>vulgarem</strong></span> <span class='ocrx_word' id='word_1_119' title='bbox 1743 338 1773 368; x_wconf 90' lang='lat' dir='ltr'><strong>in</strong></span> 
     </span>
    </p>
   </div>
   <div class='ocr_carea' id='block_1_20' title="bbox 954 383 1774 424">
    <p class='ocr_par' dir='ltr' id='par_1_20' title="bbox 954 383 1774 424">
     <span class='ocr_line' id='line_1_20' title="bbox 954 383 1774 424; baseline 0.001 -12"><span class='ocrx_word' id='word_1_120' title='bbox 954 383 1150 422; x_wconf 83' lang='lat' dir='ltr'><strong>persolvendo</strong></span> <span class='ocrx_word' id='word_1_121' title='bbox 1165 384 1336 424; x_wconf 89' lang='lat' dir='ltr'><strong>vespertino</strong></span> <span class='ocrx_word' id='word_1_122' title='bbox 1348 384 1445 414; x_wconf 86' lang='lat' dir='ltr'><strong>ofﬁcio</strong></span> <span class='ocrx_word' id='word_1_123' title='bbox 1462 388 1523 420; x_wconf 93' lang='lat' dir='ltr'><strong>tuo,</strong></span> <span class='ocrx_word' id='word_1_124' title='bbox 1536 388 1565 414; x_wconf 90' lang='lat' dir='ltr'><strong>et</strong></span> <span class='ocrx_word' id='word_1_125' title='bbox 1582 385 1611 413; x_wconf 95' lang='lat' dir='ltr'><strong>in</strong></span> <span class='ocrx_word' id='word_1_126' title='bbox 1628 387 1774 414; x_wconf 83' lang='lat' dir='ltr'><strong>nocturna</strong></span> 
     </span>
    </p>
   </div>
   <div class='ocr_carea' id='block_1_21' title="bbox 950 427 1773 468">
    <p class='ocr_par' dir='ltr' id='par_1_21' title="bbox 950 427 1773 468">
     <span class='ocr_line' id='line_1_21' title="bbox 950 427 1773 468; baseline 0.001 -12"><span class='ocrx_word' id='word_1_127' title='bbox 950 427 1134 466; x_wconf 82' lang='lat' dir='ltr'><strong>precatione,</strong></span> <span class='ocrx_word' id='word_1_128' title='bbox 1147 428 1308 468; x_wconf 81' lang='lat' dir='ltr'><strong>vigiliaque</strong></span> <span class='ocrx_word' id='word_1_129' title='bbox 1318 428 1476 460; x_wconf 86' lang='lat' dir='ltr'><strong>utilitatem</strong></span> <span class='ocrx_word' id='word_1_130' title='bbox 1493 429 1638 460; x_wconf 83' lang='lat' dir='ltr'><strong>invenies.</strong></span> <span class='ocrx_word' id='word_1_131' title='bbox 1650 427 1701 459; x_wconf 90' lang='lat' dir='ltr'><strong>Sin</strong></span> <span class='ocrx_word' id='word_1_132' title='bbox 1717 437 1773 458; x_wconf 90' lang='lat' dir='ltr'><strong>au-</strong></span> 
     </span>
    </p>
   </div>
   <div class='ocr_carea' id='block_1_22' title="bbox 952 472 1771 514">
    <p class='ocr_par' dir='ltr' id='par_1_22' title="bbox 952 472 1771 514">
     <span class='ocr_line' id='line_1_22' title="bbox 952 472 1771 514; baseline 0.002 -13"><span class='ocrx_word' id='word_1_133' title='bbox 952 475 1024 511; x_wconf 88' lang='lat' dir='ltr'><strong>tem,</strong></span> <span class='ocrx_word' id='word_1_134' title='bbox 1035 481 1094 502; x_wconf 90' lang='lat' dir='ltr'><strong>llltO</strong></span> <span class='ocrx_word' id='word_1_135' title='bbox 1109 472 1267 512; x_wconf 88' lang='lat' dir='ltr'><strong>paximatio</strong></span> <span class='ocrx_word' id='word_1_136' title='bbox 1283 482 1333 503; x_wconf 84' lang='lat' dir='ltr'><strong>seu</strong></span> <span class='ocrx_word' id='word_1_137' title='bbox 1347 483 1434 514; x_wconf 86' lang='lat' dir='ltr'><strong>pane,</strong></span> <span class='ocrx_word' id='word_1_138' title='bbox 1447 478 1540 504; x_wconf 85' lang='lat' dir='ltr'><strong>etuno</strong></span> <span class='ocrx_word' id='word_1_139' title='bbox 1553 482 1636 513; x_wconf 62' lang='lat' dir='ltr'><strong>aqua;</strong></span> <span class='ocrx_word' id='word_1_140' title='bbox 1652 472 1771 512; x_wconf 87' lang='lat' dir='ltr'><strong>poculo,</strong></span> 
     </span>
    </p>
   </div>
   <div class='ocr_carea' id='block_1_23' title="bbox 952 516 1772 558">
    <p class='ocr_par' dir='ltr' id='par_1_23' title="bbox 952 516 1772 558">
     <span class='ocr_line' id='line_1_23' title="bbox 952 516 1772 558; baseline 0.001 -12"><span class='ocrx_word' id='word_1_141' title='bbox 952 520 1032 546; x_wconf 86' lang='lat' dir='ltr'><strong>extra</strong></span> <span class='ocrx_word' id='word_1_142' title='bbox 1043 516 1073 547; x_wconf 92' lang='lat' dir='ltr'><strong>iu</strong></span> <span class='ocrx_word' id='word_1_143' title='bbox 1086 517 1277 548; x_wconf 87' lang='lat' dir='ltr'><strong>valitudinem</strong></span> <span class='ocrx_word' id='word_1_144' title='bbox 1290 517 1419 558; x_wconf 86' lang='lat' dir='ltr'><strong>aliquam</strong></span> <span class='ocrx_word' id='word_1_145' title='bbox 1444 524 1474 549; x_wconf 85' lang='lat' dir='ltr'><strong>et.</strong></span> <span class='ocrx_word' id='word_1_146' title='bbox 1496 518 1647 557; x_wconf 84' lang='lat' dir='ltr'><strong>langorem</strong></span> <span class='ocrx_word' id='word_1_147' title='bbox 1660 522 1772 547; x_wconf 89' lang='lat' dir='ltr'><strong>stoma-</strong></span> 
     </span>
    </p>
   </div>
   <div class='ocr_carea' id='block_1_24' title="bbox 952 560 1773 602">
    <p class='ocr_par' dir='ltr' id='par_1_24' title="bbox 952 560 1773 602">
     <span class='ocr_line' id='line_1_24' title="bbox 952 560 1773 602; baseline 0.001 -12"><span class='ocrx_word' id='word_1_148' title='bbox 952 560 1011 595; x_wconf 84' lang='lat' dir='ltr'><strong>chi,</strong></span> <span class='ocrx_word' id='word_1_149' title='bbox 1037 565 1195 593; x_wconf 88' lang='lat' dir='ltr'><strong>contentus</strong></span> <span class='ocrx_word' id='word_1_150' title='bbox 1219 567 1294 593; x_wconf 87' lang='lat' dir='ltr'><strong>esto.</strong></span> <span class='ocrx_word' id='word_1_151' title='bbox 1324 562 1381 593; x_wconf 89' lang='lat' dir='ltr'><strong>Ubi</strong></span> <span class='ocrx_word' id='word_1_152' title='bbox 1408 572 1474 593; x_wconf 93' lang='lat' dir='ltr'><strong>cum</strong></span> <span class='ocrx_word' id='word_1_153' title='bbox 1506 562 1645 593; x_wconf 76' lang='lat' dir='ltr'><strong>fratribus</strong></span> <span class='ocrx_word' id='word_1_154' title='bbox 1667 570 1773 602; x_wconf 85' lang='lat' dir='ltr'><strong>preces</strong></span> 
     </span>
    </p>
   </div>
   <div class='ocr_carea' id='block_1_25' title="bbox 950 605 1773 647">
    <p class='ocr_par' dir='ltr' id='par_1_25' title="bbox 950 605 1773 647">
     <span class='ocr_line' id='line_1_25' title="bbox 950 605 1773 647; baseline 0.002 -13"><span class='ocrx_word' id='word_1_155' title='bbox 950 605 1136 645; x_wconf 87' lang='lat' dir='ltr'><strong>vespertinas</strong></span> <span class='ocrx_word' id='word_1_156' title='bbox 1161 607 1220 637; x_wconf 89' lang='lat' dir='ltr'><strong>Dea</strong></span> <span class='ocrx_word' id='word_1_157' title='bbox 1239 606 1420 646; x_wconf 75' lang='lat' dir='ltr'><strong>reddideris,</strong></span> <span class='ocrx_word' id='word_1_158' title='bbox 1445 607 1482 638; x_wconf 91' lang='lat' dir='ltr'><strong>ad</strong></span> <span class='ocrx_word' id='word_1_159' title='bbox 1513 607 1603 646; x_wconf 86' lang='lat' dir='ltr'><strong>pedes</strong></span> <span class='ocrx_word' id='word_1_160' title='bbox 1624 605 1773 647; x_wconf 75' lang='lat' dir='ltr'><strong>przepositi</strong></span> 
     </span>
    </p>
   </div>
   <div class='ocr_carea' id='block_1_26' title="bbox 953 649 1774 692">
    <p class='ocr_par' dir='ltr' id='par_1_26' title="bbox 953 649 1774 692">
     <span class='ocr_line' id='line_1_26' title="bbox 953 649 1774 692; baseline 0 -12"><span class='ocrx_word' id='word_1_161' title='bbox 953 649 1077 689; x_wconf 85' lang='lat' dir='ltr'><strong>perinde</strong></span> <span class='ocrx_word' id='word_1_162' title='bbox 1092 655 1123 682; x_wconf 91' lang='lat' dir='ltr'><strong>ut</strong></span> <span class='ocrx_word' id='word_1_163' title='bbox 1138 651 1175 682; x_wconf 89' lang='lat' dir='ltr'><strong>ad</strong></span> <span class='ocrx_word' id='word_1_164' title='bbox 1199 651 1281 692; x_wconf 89' lang='lat' dir='ltr'><strong>ipsos</strong></span> <span class='ocrx_word' id='word_1_165' title='bbox 1304 651 1412 682; x_wconf 89' lang='lat' dir='ltr'><strong>Christi</strong></span> <span class='ocrx_word' id='word_1_166' title='bbox 1438 651 1528 692; x_wconf 88' lang='lat' dir='ltr'><strong>pedes</strong></span> <span class='ocrx_word' id='word_1_167' title='bbox 1552 651 1731 691; x_wconf 75' lang='lat' dir='ltr'><strong>prOCumbes</strong></span> <span class='ocrx_word' id='word_1_168' title='bbox 1745 654 1774 680; x_wconf 89' lang='lat' dir='ltr'><strong>et</strong></span> 
     </span>
    </p>
   </div>
   <div class='ocr_carea' id='block_1_27' title="bbox 950 693 1773 736">
    <p class='ocr_par' dir='ltr' id='par_1_27' title="bbox 950 693 1773 736">
     <span class='ocr_line' id='line_1_27' title="bbox 950 693 1773 736; baseline 0 -12"><span class='ocrx_word' id='word_1_169' title='bbox 950 693 1161 726; x_wconf 90' lang='lat' dir='ltr'><strong>benedictione</strong></span> <span class='ocrx_word' id='word_1_170' title='bbox 1175 695 1212 727; x_wconf 85' lang='lat' dir='ltr'><strong>ab</strong></span> <span class='ocrx_word' id='word_1_171' title='bbox 1228 705 1265 727; x_wconf 93' lang='lat' dir='ltr'><strong>eo</strong></span> <span class='ocrx_word' id='word_1_172' title='bbox 1281 699 1433 736; x_wconf 87' lang='lat' dir='ltr'><strong>percepta,</strong></span> <span class='ocrx_word' id='word_1_173' title='bbox 1451 696 1645 735; x_wconf 67' lang='lat' dir='ltr'><strong>salutatisque</strong></span> <span class='ocrx_word' id='word_1_174' title='bbox 1664 694 1773 725; x_wconf 87' lang='lat' dir='ltr'><strong>sanctis</strong></span> 
     </span>
    </p>
   </div>
   <div class='ocr_carea' id='block_1_28' title="bbox 948 737 1770 777">
    <p class='ocr_par' dir='ltr' id='par_1_28' title="bbox 948 737 1770 777">
     <span class='ocr_line' id='line_1_28' title="bbox 948 737 1770 777; baseline 0.001 -9"><span class='ocrx_word' id='word_1_175' title='bbox 948 737 1100 777; x_wconf 84' lang='lat' dir='ltr'><strong>fratribus,</strong></span> <span class='ocrx_word' id='word_1_176' title='bbox 1116 742 1231 777; x_wconf 87' lang='lat' dir='ltr'><strong>tacitus,</strong></span> <span class='ocrx_word' id='word_1_177' title='bbox 1246 741 1358 772; x_wconf 89' lang='lat' dir='ltr'><strong>nemini</strong></span> <span class='ocrx_word' id='word_1_178' title='bbox 1370 740 1490 771; x_wconf 87' lang='lat' dir='ltr'><strong>verbum</strong></span> <span class='ocrx_word' id='word_1_179' title='bbox 1501 740 1613 771; x_wconf 79' lang='lat' dir='ltr'><strong>faciens</strong></span> <span class='ocrx_word' id='word_1_180' title='bbox 1624 740 1652 770; x_wconf 91' lang='lat' dir='ltr'><strong>in</strong></span> <span class='ocrx_word' id='word_1_181' title='bbox 1665 739 1770 770; x_wconf 88' lang='lat' dir='ltr'><strong>cellam</strong></span> 
     </span>
    </p>
   </div>
   <div class='ocr_carea' id='block_1_29' title="bbox 80 783 1773 826">
    <p class='ocr_par' dir='ltr' id='par_1_29' title="bbox 80 783 1773 826">
     <span class='ocr_line' id='line_1_29' title="bbox 80 783 1773 826; baseline -0.002 -10"><span class='ocrx_word' id='word_1_182' title='bbox 80 787 243 824; x_wconf 80' lang='lat' dir='ltr'><strong>ferentem,</strong></span> <span class='ocrx_word' id='word_1_183' title='bbox 271 795 374 816; x_wconf 90' lang='lat' dir='ltr'><strong>omnes</strong></span> <span class='ocrx_word' id='word_1_184' title='bbox 399 789 501 816; x_wconf 90' lang='lat' dir='ltr'><strong>contra</strong></span> <span class='ocrx_word' id='word_1_185' title='bbox 530 791 557 816; x_wconf 87' lang='lat' dir='ltr'><strong>te</strong></span> <span class='ocrx_word' id='word_1_186' title='bbox 582 785 702 825; x_wconf 85' lang='lat' dir='ltr'><strong>ignavos</strong></span> <span class='ocrx_word' id='word_1_187' title='bbox 728 794 764 816; x_wconf 83' lang='lat' dir='ltr'><strong>ac</strong></span> <span class='ocrx_word' id='word_1_188' title='bbox 786 785 1028 815; x_wconf 69' lang='lat' dir='ltr'><strong>«lesidethuam</strong></span> <span class='ocrx_word' id='word_1_189' title='bbox 1046 785 1166 822; x_wconf 88' lang='lat' dir='ltr'><strong>recede,</strong></span> <span class='ocrx_word' id='word_1_190' title='bbox 1188 785 1385 826; x_wconf 87' lang='lat' dir='ltr'><strong>obseratoque</strong></span> <span class='ocrx_word' id='word_1_191' title='bbox 1406 786 1491 822; x_wconf 90' lang='lat' dir='ltr'><strong>ostio,</strong></span> <span class='ocrx_word' id='word_1_192' title='bbox 1514 785 1632 825; x_wconf 90' lang='lat' dir='ltr'><strong>corripe</strong></span> <span class='ocrx_word' id='word_1_193' title='bbox 1645 783 1773 824; x_wconf 88' lang='lat' dir='ltr'><strong>primum</strong></span> 
     </span>
    </p>
   </div>
   <div class='ocr_carea' id='block_1_30' title="bbox 81 829 910 871">
    <p class='ocr_par' dir='ltr' id='par_1_30' title="bbox 81 829 910 871">
     <span class='ocr_line' id='line_1_30' title="bbox 81 829 910 871; baseline -0.001 -10"><span class='ocrx_word' id='word_1_194' title='bbox 81 831 346 870; x_wconf 79' lang='lat' dir='ltr'><strong>cxcitatorum,qui</strong></span> <span class='ocrx_word' id='word_1_195' title='bbox 355 829 504 871; x_wconf 82' lang='lat' dir='ltr'><strong>pterohris</strong></span> <span class='ocrx_word' id='word_1_196' title='bbox 517 829 910 868; x_wconf 75' lang='lat' dir='ltr'><strong>conscindent,irredebunt,</strong></span> 
     </span>
    </p>
   </div>
   <div class='ocr_carea' id='block_1_31' title="bbox 82 875 911 916">
    <p class='ocr_par' dir='ltr' id='par_1_31' title="bbox 82 875 911 916">
     <span class='ocr_line' id='line_1_31' title="bbox 82 875 911 916; baseline -0.001 -10"><span class='ocrx_word' id='word_1_197' title='bbox 82 875 279 909; x_wconf 85' lang='lat' dir='ltr'><strong>invidebunt,</strong></span> <span class='ocrx_word' id='word_1_198' title='bbox 295 876 433 914; x_wconf 91' lang='lat' dir='ltr'><strong>illudent,</strong></span> <span class='ocrx_word' id='word_1_199' title='bbox 446 876 650 916; x_wconf 81' lang='lat' dir='ltr'><strong>vexahuntque</strong></span> <span class='ocrx_word' id='word_1_200' title='bbox 669 875 792 915; x_wconf 88' lang='lat' dir='ltr'><strong>millies,</strong></span> <span class='ocrx_word' id='word_1_201' title='bbox 807 879 838 905; x_wconf 93' lang='lat' dir='ltr'><strong>ut</strong></span> <span class='ocrx_word' id='word_1_202' title='bbox 856 879 884 906; x_wconf 88' lang='lat' dir='ltr'><strong>te</strong></span> <span class='ocrx_word' id='word_1_203' title='bbox 895 884 911 905; x_wconf 88' lang='lat' dir='ltr'><strong>a</strong></span> 
     </span>
    </p>
   </div>
   <div class='ocr_carea' id='block_1_32' title="bbox 81 919 907 957">
    <p class='ocr_par' dir='ltr' id='par_1_32' title="bbox 81 919 907 957">
     <span class='ocr_line' id='line_1_32' title="bbox 81 919 907 957; baseline 0 -6"><span class='ocrx_word' id='word_1_204' title='bbox 81 920 166 951; x_wconf 83' lang='lat' dir='ltr'><strong>bono</strong></span> <span class='ocrx_word' id='word_1_205' title='bbox 188 921 325 957; x_wconf 88' lang='lat' dir='ltr'><strong>consilio,</strong></span> <span class='ocrx_word' id='word_1_206' title='bbox 343 924 371 951; x_wconf 92' lang='lat' dir='ltr'><strong>et</strong></span> <span class='ocrx_word' id='word_1_207' title='bbox 387 921 555 952; x_wconf 80' lang='lat' dir='ltr'><strong>actionibus</strong></span> <span class='ocrx_word' id='word_1_208' title='bbox 579 919 742 951; x_wconf 81' lang='lat' dir='ltr'><strong>salutiferis</strong></span> <span class='ocrx_word' id='word_1_209' title='bbox 759 925 883 951; x_wconf 85' lang='lat' dir='ltr'><strong>avocent</strong></span> <span class='ocrx_word' id='word_1_210' title='bbox 901 929 907 951; x_wconf 93' lang='lat'>:</span> 
     </span>
    </p>
   </div>
   <div class='ocr_carea' id='block_1_33' title="bbox 83 965 912 1006">
    <p class='ocr_par' dir='ltr' id='par_1_33' title="bbox 83 965 912 1006">
     <span class='ocr_line' id='line_1_33' title="bbox 83 965 912 1006; baseline 0 -11"><span class='ocrx_word' id='word_1_211' title='bbox 83 975 153 1005; x_wconf 66' lang='lat' dir='ltr'><strong>qua}</strong></span> <span class='ocrx_word' id='word_1_212' title='bbox 171 965 196 996; x_wconf 89' lang='lat' dir='ltr'><strong>si</strong></span> <span class='ocrx_word' id='word_1_213' title='bbox 213 975 296 1006; x_wconf 83' lang='lat' dir='ltr'><strong>aequo</strong></span> <span class='ocrx_word' id='word_1_214' title='bbox 322 965 421 996; x_wconf 90' lang='lat' dir='ltr'><strong>animo</strong></span> <span class='ocrx_word' id='word_1_215' title='bbox 444 965 563 1001; x_wconf 84' lang='lat' dir='ltr'><strong>toleres,</strong></span> <span class='ocrx_word' id='word_1_216' title='bbox 592 974 730 1004; x_wconf 85' lang='lat' dir='ltr'><strong>magnum</strong></span> <span class='ocrx_word' id='word_1_217' title='bbox 755 974 771 994; x_wconf 87' lang='lat' dir='ltr'><strong>a</strong></span> <span class='ocrx_word' id='word_1_218' title='bbox 797 965 857 996; x_wconf 90' lang='lat' dir='ltr'><strong>Deo</strong></span> <span class='ocrx_word' id='word_1_219' title='bbox 882 969 912 995; x_wconf 82' lang='lat' dir='ltr'><strong>ot</strong></span> 
     </span>
    </p>
   </div>
   <div class='ocr_carea' id='block_1_34' title="bbox 83 1009 909 1049">
    <p class='ocr_par' dir='ltr' id='par_1_34' title="bbox 83 1009 909 1049">
     <span class='ocr_line' id='line_1_34' title="bbox 83 1009 909 1049; baseline -0.002 -8"><span class='ocrx_word' id='word_1_220' title='bbox 83 1009 240 1041; x_wconf 87' lang='lat' dir='ltr'><strong>Satvatore</strong></span> <span class='ocrx_word' id='word_1_221' title='bbox 268 1014 368 1040; x_wconf 91' lang='lat' dir='ltr'><strong>nostro</strong></span> <span class='ocrx_word' id='word_1_222' title='bbox 393 1010 547 1047; x_wconf 86' lang='lat' dir='ltr'><strong>auxilium,</strong></span> <span class='ocrx_word' id='word_1_223' title='bbox 573 1009 772 1049; x_wconf 88' lang='lat' dir='ltr'><strong>solatiumque</strong></span> <span class='ocrx_word' id='word_1_224' title='bbox 800 1017 909 1040; x_wconf 84' lang='lat' dir='ltr'><strong>conse—</strong></span> 
     </span>
    </p>
   </div>
   <div class='ocr_carea' id='block_1_35' title="bbox 84 1053 910 1094">
    <p class='ocr_par' dir='ltr' id='par_1_35' title="bbox 84 1053 910 1094">
     <span class='ocr_line' id='line_1_35' title="bbox 84 1053 910 1094; baseline -0.001 -9"><span class='ocrx_word' id='word_1_225' title='bbox 84 1063 191 1094; x_wconf 86' lang='lat' dir='ltr'><strong>quere.</strong></span> <span class='ocrx_word' id='word_1_226' title='bbox 209 1054 337 1085; x_wconf 86' lang='lat' dir='ltr'><strong>Proinde</strong></span> <span class='ocrx_word' id='word_1_227' title='bbox 352 1059 381 1085; x_wconf 90' lang='lat' dir='ltr'><strong>et</strong></span> <span class='ocrx_word' id='word_1_228' title='bbox 392 1055 457 1085; x_wconf 91' lang='lat' dir='ltr'><strong>aliis</strong></span> <span class='ocrx_word' id='word_1_229' title='bbox 471 1054 501 1085; x_wconf 91' lang='lat' dir='ltr'><strong>in</strong></span> <span class='ocrx_word' id='word_1_230' title='bbox 517 1063 601 1085; x_wconf 80' lang='lat' dir='ltr'><strong>ccena</strong></span> <span class='ocrx_word' id='word_1_231' title='bbox 615 1053 787 1084; x_wconf 84' lang='lat' dir='ltr'><strong>sedentibus</strong></span> <span class='ocrx_word' id='word_1_232' title='bbox 804 1063 837 1084; x_wconf 88' lang='lat' dir='ltr'><strong>ac</strong></span> <span class='ocrx_word' id='word_1_233' title='bbox 850 1063 910 1084; x_wconf 87' lang='lat' dir='ltr'><strong>ves-</strong></span> 
     </span>
    </p>
   </div>
   <div class='ocr_carea' id='block_1_36' title="bbox 84 1098 908 1139">
    <p class='ocr_par' dir='ltr' id='par_1_36' title="bbox 84 1098 908 1139">
     <span class='ocr_line' id='line_1_36' title="bbox 84 1098 908 1139; baseline -0.001 -10"><span class='ocrx_word' id='word_1_234' title='bbox 84 1099 236 1139; x_wconf 90' lang='lat' dir='ltr'><strong>centibus,</strong></span> <span class='ocrx_word' id='word_1_235' title='bbox 265 1103 292 1129; x_wconf 91' lang='lat' dir='ltr'><strong>te</strong></span> <span class='ocrx_word' id='word_1_236' title='bbox 313 1104 411 1130; x_wconf 89' lang='lat' dir='ltr'><strong>autetn</strong></span> <span class='ocrx_word' id='word_1_237' title='bbox 439 1108 510 1135; x_wconf 89' lang='lat' dir='ltr'><strong>non,</strong></span> <span class='ocrx_word' id='word_1_238' title='bbox 537 1099 588 1129; x_wconf 93' lang='lat' dir='ltr'><strong>sed</strong></span> <span class='ocrx_word' id='word_1_239' title='bbox 618 1098 679 1129; x_wconf 77' lang='lat' dir='ltr'><strong>sive</strong></span> <span class='ocrx_word' id='word_1_240' title='bbox 711 1098 908 1134; x_wconf 85' lang='lat' dir='ltr'><strong>ministrante,</strong></span> 
     </span>
    </p>
   </div>
   <div class='ocr_carea' id='block_1_37' title="bbox 87 1143 908 1184">
    <p class='ocr_par' dir='ltr' id='par_1_37' title="bbox 87 1143 908 1184">
     <span class='ocr_line' id='line_1_37' title="bbox 87 1143 908 1184; baseline -0.001 -10"><span class='ocrx_word' id='word_1_241' title='bbox 87 1144 152 1174; x_wconf 89' lang='lat' dir='ltr'><strong>sive</strong></span> <span class='ocrx_word' id='word_1_242' title='bbox 169 1143 248 1174; x_wconf 87' lang='lat' dir='ltr'><strong>aliud</strong></span> <span class='ocrx_word' id='word_1_243' title='bbox 265 1148 380 1183; x_wconf 79' lang='lat' dir='ltr'><strong>agente,</strong></span> <span class='ocrx_word' id='word_1_244' title='bbox 400 1153 436 1174; x_wconf 94' lang='lat' dir='ltr'><strong>ne</strong></span> <span class='ocrx_word' id='word_1_245' title='bbox 447 1143 634 1184; x_wconf 78' lang='lat' dir='ltr'><strong>obliviscare,</strong></span> <span class='ocrx_word' id='word_1_246' title='bbox 653 1143 741 1173; x_wconf 89' lang='lat' dir='ltr'><strong>etiam</strong></span> <span class='ocrx_word' id='word_1_247' title='bbox 758 1143 820 1174; x_wconf 73' lang='lat' dir='ltr'><strong>haec</strong></span> <span class='ocrx_word' id='word_1_248' title='bbox 837 1143 908 1174; x_wconf 89' lang='lat' dir='ltr'><strong>tibi—</strong></span> 
     </span>
    </p>
   </div>
   <div class='ocr_carea' id='block_1_38' title="bbox 86 1187 910 1227">
    <p class='ocr_par' dir='ltr' id='par_1_38' title="bbox 86 1187 910 1227">
     <span class='ocr_line' id='line_1_38' title="bbox 86 1187 910 1227; baseline 0 -9"><span class='ocrx_word' id='word_1_249' title='bbox 86 1192 148 1218; x_wconf 88' lang='lat' dir='ltr'><strong>met</strong></span> <span class='ocrx_word' id='word_1_250' title='bbox 164 1188 268 1218; x_wconf 87' lang='lat' dir='ltr'><strong>lacitus</strong></span> <span class='ocrx_word' id='word_1_251' title='bbox 284 1192 420 1219; x_wconf 86' lang='lat' dir='ltr'><strong>cantare:</strong></span> <span class='ocrx_word' id='word_1_252' title='bbox 435 1187 463 1219; x_wconf 90' lang='lat' dir='ltr'><strong>Si</strong></span> <span class='ocrx_word' id='word_1_253' title='bbox 478 1187 550 1218; x_wconf 84' lang='lat' dir='ltr'><strong>satis</strong></span> <span class='ocrx_word' id='word_1_254' title='bbox 566 1192 594 1218; x_wconf 92' lang='lat' dir='ltr'><strong>et</strong></span> <span class='ocrx_word' id='word_1_255' title='bbox 608 1197 654 1218; x_wconf 92' lang='lat' dir='ltr'><strong>me</strong></span> <span class='ocrx_word' id='word_1_256' title='bbox 671 1187 870 1227; x_wconf 74' lang='lat' dir='ltr'><strong>pcenituisset.</strong></span> <span class='ocrx_word' id='word_1_257' title='bbox 881 1192 910 1218; x_wconf 91' lang='lat' dir='ltr'><strong>et</strong></span> 
     </span>
    </p>
   </div>
   <div class='ocr_carea' id='block_1_39' title="bbox 87 1232 909 1273">
    <p class='ocr_par' dir='ltr' id='par_1_39' title="bbox 87 1232 909 1273">
     <span class='ocr_line' id='line_1_39' title="bbox 87 1232 909 1273; baseline 0.001 -11"><span class='ocrx_word' id='word_1_258' title='bbox 87 1232 290 1273; x_wconf 90' lang='lat' dir='ltr'><strong>mihiquoque</strong></span> <span class='ocrx_word' id='word_1_259' title='bbox 310 1238 427 1272; x_wconf 89' lang='lat' dir='ltr'><strong>peccata</strong></span> <span class='ocrx_word' id='word_1_260' title='bbox 448 1242 514 1263; x_wconf 89' lang='lat' dir='ltr'><strong>mea</strong></span> <span class='ocrx_word' id='word_1_261' title='bbox 534 1233 658 1263; x_wconf 88' lang='lat' dir='ltr'><strong>remissa</strong></span> <span class='ocrx_word' id='word_1_262' title='bbox 669 1237 780 1269; x_wconf 79' lang='lat' dir='ltr'><strong>essent,</strong></span> <span class='ocrx_word' id='word_1_263' title='bbox 798 1232 909 1271; x_wconf 83' lang='lat' dir='ltr'><strong>gaude-</strong></span> 
     </span>
    </p>
   </div>
   <div class='ocr_carea' id='block_1_40' title="bbox 86 1277 905 1317">
    <p class='ocr_par' dir='ltr' id='par_1_40' title="bbox 86 1277 905 1317">
     <span class='ocr_line' id='line_1_40' title="bbox 86 1277 905 1317; baseline -0.001 -10"><span class='ocrx_word' id='word_1_264' title='bbox 86 1286 152 1307; x_wconf 86' lang='lat' dir='ltr'><strong>rem</strong></span> <span class='ocrx_word' id='word_1_265' title='bbox 170 1281 198 1307; x_wconf 90' lang='lat' dir='ltr'><strong>et</strong></span> <span class='ocrx_word' id='word_1_266' title='bbox 214 1287 279 1317; x_wconf 85' lang='lat' dir='ltr'><strong>ego,</strong></span> <span class='ocrx_word' id='word_1_267' title='bbox 298 1282 326 1308; x_wconf 90' lang='lat' dir='ltr'><strong>et</strong></span> <span class='ocrx_word' id='word_1_268' title='bbox 342 1287 408 1308; x_wconf 90' lang='lat' dir='ltr'><strong>cum</strong></span> <span class='ocrx_word' id='word_1_269' title='bbox 427 1277 566 1308; x_wconf 87' lang='lat' dir='ltr'><strong>fratribus</strong></span> <span class='ocrx_word' id='word_1_270' title='bbox 589 1277 662 1307; x_wconf 88' lang='lat' dir='ltr'><strong>meis</strong></span> <span class='ocrx_word' id='word_1_271' title='bbox 686 1277 905 1308; x_wconf 89' lang='lat' dir='ltr'><strong>accumberem.</strong></span> 
     </span>
    </p>
   </div>
   <div class='ocr_carea' id='block_1_41' title="bbox 87 1322 908 1362">
    <p class='ocr_par' dir='ltr' id='par_1_41' title="bbox 87 1322 908 1362">
     <span class='ocr_line' id='line_1_41' title="bbox 87 1322 908 1362; baseline -0.002 -10"><span class='ocrx_word' id='word_1_272' title='bbox 87 1322 234 1358; x_wconf 88' lang='lat' dir='ltr'><strong>Quoniam</strong></span> <span class='ocrx_word' id='word_1_273' title='bbox 251 1329 350 1352; x_wconf 90' lang='lat' dir='ltr'><strong>autem</strong></span> <span class='ocrx_word' id='word_1_274' title='bbox 368 1331 420 1362; x_wconf 85' lang='lat' dir='ltr'><strong>per</strong></span> <span class='ocrx_word' id='word_1_275' title='bbox 434 1322 509 1353; x_wconf 74' lang='lat' dir='ltr'><strong>fceda</strong></span> <span class='ocrx_word' id='word_1_276' title='bbox 527 1323 657 1353; x_wconf 81' lang='lat' dir='ltr'><strong>facinora</strong></span> <span class='ocrx_word' id='word_1_277' title='bbox 672 1331 738 1353; x_wconf 86' lang='lat' dir='ltr'><strong>mea</strong></span> <span class='ocrx_word' id='word_1_278' title='bbox 753 1322 908 1361; x_wconf 85' lang='lat' dir='ltr'><strong>indignum</strong></span> 
     </span>
    </p>
   </div>
   <div class='ocr_carea' id='block_1_42' title="bbox 87 1366 908 1406">
    <p class='ocr_par' dir='ltr' id='par_1_42' title="bbox 87 1366 908 1406">
     <span class='ocr_line' id='line_1_42' title="bbox 87 1366 908 1406; baseline -0.002 -8"><span class='ocrx_word' id='word_1_279' title='bbox 87 1376 136 1398; x_wconf 91' lang='lat' dir='ltr'><strong>me</strong></span> <span class='ocrx_word' id='word_1_280' title='bbox 153 1366 269 1397; x_wconf 89' lang='lat' dir='ltr'><strong>reddidi</strong></span> <span class='ocrx_word' id='word_1_281' title='bbox 286 1367 387 1404; x_wconf 88' lang='lat' dir='ltr'><strong>miser,</strong></span> <span class='ocrx_word' id='word_1_282' title='bbox 404 1367 452 1397; x_wconf 83' lang='lat' dir='ltr'><strong>hic</strong></span> <span class='ocrx_word' id='word_1_283' title='bbox 468 1367 629 1398; x_wconf 79' lang='lat' dir='ltr'><strong>secundem</strong></span> <span class='ocrx_word' id='word_1_284' title='bbox 646 1375 736 1406; x_wconf 87' lang='lat' dir='ltr'><strong>opera</strong></span> <span class='ocrx_word' id='word_1_285' title='bbox 749 1375 813 1397; x_wconf 90' lang='lat' dir='ltr'><strong>mea</strong></span> <span class='ocrx_word' id='word_1_286' title='bbox 829 1366 908 1396; x_wconf 91' lang='lat' dir='ltr'><strong>reci-</strong></span> 
     </span>
    </p>
   </div>
   <div class='ocr_carea' id='block_1_43' title="bbox 954 827 1772 870">
    <p class='ocr_par' dir='ltr' id='par_1_43' title="bbox 954 827 1772 870">
     <span class='ocr_line' id='line_1_43' title="bbox 954 827 1772 870; baseline 0 -13"><span class='ocrx_word' id='word_1_287' title='bbox 954 827 1101 866; x_wconf 89' lang='lat' dir='ltr'><strong>codicem,</strong></span> <span class='ocrx_word' id='word_1_288' title='bbox 1110 834 1138 860; x_wconf 89' lang='lat' dir='ltr'><strong>et</strong></span> <span class='ocrx_word' id='word_1_289' title='bbox 1147 830 1260 870; x_wconf 81' lang='lat' dir='ltr'><strong>paginis</strong></span> <span class='ocrx_word' id='word_1_290' title='bbox 1268 830 1492 862; x_wconf 89' lang='lat' dir='ltr'><strong>circitertribus</strong></span> <span class='ocrx_word' id='word_1_291' title='bbox 1503 834 1614 860; x_wconf 87' lang='lat' dir='ltr'><strong>attente</strong></span> <span class='ocrx_word' id='word_1_292' title='bbox 1622 828 1772 869; x_wconf 84' lang='lat' dir='ltr'><strong>perlectis,</strong></span> 
     </span>
    </p>
   </div>
   <div class='ocr_carea' id='block_1_44' title="bbox 953 873 1773 915">
    <p class='ocr_par' dir='ltr' id='par_1_44' title="bbox 953 873 1773 915">
     <span class='ocr_line' id='line_1_44' title="bbox 953 873 1773 915; baseline 0.001 -13"><span class='ocrx_word' id='word_1_293' title='bbox 953 877 997 903; x_wconf 89' lang='lat' dir='ltr'><strong>sta</strong></span> <span class='ocrx_word' id='word_1_294' title='bbox 1008 873 1044 903; x_wconf 88' lang='lat' dir='ltr'><strong>ad</strong></span> <span class='ocrx_word' id='word_1_295' title='bbox 1056 875 1211 915; x_wconf 91' lang='lat' dir='ltr'><strong>orandum,</strong></span> <span class='ocrx_word' id='word_1_296' title='bbox 1233 876 1335 915; x_wconf 82' lang='lat' dir='ltr'><strong>psal&#39;e,</strong></span> <span class='ocrx_word' id='word_1_297' title='bbox 1349 880 1378 907; x_wconf 92' lang='lat' dir='ltr'><strong>et</strong></span> <span class='ocrx_word' id='word_1_298' title='bbox 1392 877 1484 906; x_wconf 81' lang='lat' dir='ltr'><strong>adora</strong></span> <span class='ocrx_word' id='word_1_299' title='bbox 1504 877 1594 907; x_wconf 84' lang='lat' dir='ltr'><strong>Deum</strong></span> <span class='ocrx_word' id='word_1_300' title='bbox 1612 874 1722 915; x_wconf 79' lang='lat' dir='ltr'><strong>quiete,</strong></span> <span class='ocrx_word' id='word_1_301' title='bbox 1742 878 1773 904; x_wconf 92' lang='lat' dir='ltr'><strong>ut</strong></span> 
     </span>
    </p>
   </div>
   <div class='ocr_carea' id='block_1_45' title="bbox 951 918 1773 958">
    <p class='ocr_par' dir='ltr' id='par_1_45' title="bbox 951 918 1773 958">
     <span class='ocr_line' id='line_1_45' title="bbox 951 918 1773 958; baseline 0.001 -11"><span class='ocrx_word' id='word_1_302' title='bbox 951 926 969 947; x_wconf 86' lang='lat' dir='ltr'><strong>a</strong></span> <span class='ocrx_word' id='word_1_303' title='bbox 981 918 1060 948; x_wconf 94' lang='lat' dir='ltr'><strong>nullo</strong></span> <span class='ocrx_word' id='word_1_304' title='bbox 1071 919 1212 951; x_wconf 86' lang='lat' dir='ltr'><strong>audiaris.</strong></span> <span class='ocrx_word' id='word_1_305' title='bbox 1226 919 1276 950; x_wconf 88' lang='lat' dir='ltr'><strong>Sta</strong></span> <span class='ocrx_word' id='word_1_306' title='bbox 1288 925 1385 950; x_wconf 82' lang='lat' dir='ltr'><strong>autem</strong></span> <span class='ocrx_word' id='word_1_307' title='bbox 1397 921 1532 956; x_wconf 72' lang='lat' dir='ltr'><strong>honeste,</strong></span> <span class='ocrx_word' id='word_1_308' title='bbox 1545 929 1600 950; x_wconf 88' lang='lat' dir='ltr'><strong>nec</strong></span> <span class='ocrx_word' id='word_1_309' title='bbox 1617 918 1773 958; x_wconf 79' lang='lat' dir='ltr'><strong>cogitatio-</strong></span> 
     </span>
    </p>
   </div>
   <div class='ocr_carea' id='block_1_46' title="bbox 952 962 1773 1003">
    <p class='ocr_par' dir='ltr' id='par_1_46' title="bbox 952 962 1773 1003">
     <span class='ocr_line' id='line_1_46' title="bbox 952 962 1773 1003; baseline 0.001 -11"><span class='ocrx_word' id='word_1_310' title='bbox 952 970 1005 992; x_wconf 87' lang='lat' dir='ltr'><strong>nes</strong></span> <span class='ocrx_word' id='word_1_311' title='bbox 1021 962 1091 993; x_wconf 87' lang='lat' dir='ltr'><strong>alibi</strong></span> <span class='ocrx_word' id='word_1_312' title='bbox 1108 967 1220 994; x_wconf 82' lang='lat' dir='ltr'><strong>temere</strong></span> <span class='ocrx_word' id='word_1_313' title='bbox 1237 966 1331 1003; x_wconf 72' lang='lat' dir='ltr'><strong>vagari</strong></span> <span class='ocrx_word' id='word_1_314' title='bbox 1348 965 1425 1002; x_wconf 89' lang='lat' dir='ltr'><strong>sine,</strong></span> <span class='ocrx_word' id='word_1_315' title='bbox 1439 966 1489 995; x_wconf 90' lang='lat' dir='ltr'><strong>sed</strong></span> <span class='ocrx_word' id='word_1_316' title='bbox 1505 975 1554 996; x_wconf 88' lang='lat' dir='ltr'><strong>eas</strong></span> <span class='ocrx_word' id='word_1_317' title='bbox 1565 964 1682 1002; x_wconf 78' lang='lat' dir='ltr'><strong>collige.</strong></span> <span class='ocrx_word' id='word_1_318' title='bbox 1694 964 1773 994; x_wconf 84' lang='lat' dir='ltr'><strong>Con-</strong></span> 
     </span>
    </p>
   </div>
   <div class='ocr_carea' id='block_1_47' title="bbox 947 1007 1774 1050">
    <p class='ocr_par' dir='ltr' id='par_1_47' title="bbox 947 1007 1774 1050">
     <span class='ocr_line' id='line_1_47' title="bbox 947 1007 1774 1050; baseline 0.002 -14"><span class='ocrx_word' id='word_1_319' title='bbox 947 1007 1040 1046; x_wconf 83' lang='lat' dir='ltr'><strong>junge</strong></span> <span class='ocrx_word' id='word_1_320' title='bbox 1051 1017 1167 1048; x_wconf 90' lang='lat' dir='ltr'><strong>manus,</strong></span> <span class='ocrx_word' id='word_1_321' title='bbox 1182 1009 1328 1049; x_wconf 79' lang='lat' dir='ltr'><strong>conjunge</strong></span> <span class='ocrx_word' id='word_1_322' title='bbox 1344 1010 1436 1050; x_wconf 86' lang='lat' dir='ltr'><strong>pedes</strong></span> <span class='ocrx_word' id='word_1_323' title='bbox 1451 1009 1616 1050; x_wconf 71' lang='lat' dir='ltr'><strong>mqualiter,</strong></span> <span class='ocrx_word' id='word_1_324' title='bbox 1628 1009 1774 1039; x_wconf 88' lang='lat' dir='ltr'><strong>etimmo-</strong></span> 
     </span>
    </p>
   </div>
   <div class='ocr_carea' id='block_1_48' title="bbox 951 1051 1772 1093">
    <p class='ocr_par' dir='ltr' id='par_1_48' title="bbox 951 1051 1772 1093">
     <span class='ocr_line' id='line_1_48' title="bbox 951 1051 1772 1093; baseline 0 -12"><span class='ocrx_word' id='word_1_325' title='bbox 951 1051 1062 1092; x_wconf 89' lang='lat' dir='ltr'><strong>biliter,</strong></span> <span class='ocrx_word' id='word_1_326' title='bbox 1080 1053 1142 1092; x_wconf 92' lang='lat' dir='ltr'><strong>pari</strong></span> <span class='ocrx_word' id='word_1_327' title='bbox 1153 1054 1286 1093; x_wconf 82' lang='lat' dir='ltr'><strong>vestigio.</strong></span> <span class='ocrx_word' id='word_1_328' title='bbox 1299 1053 1408 1084; x_wconf 89' lang='lat' dir='ltr'><strong>Oculos</strong></span> <span class='ocrx_word' id='word_1_329' title='bbox 1418 1054 1534 1091; x_wconf 89' lang='lat' dir='ltr'><strong>claude,</strong></span> <span class='ocrx_word' id='word_1_330' title='bbox 1550 1063 1586 1084; x_wconf 86' lang='lat' dir='ltr'><strong>ne.</strong></span> <span class='ocrx_word' id='word_1_331' title='bbox 1599 1053 1677 1084; x_wconf 90' lang='lat' dir='ltr'><strong>aliud</strong></span> <span class='ocrx_word' id='word_1_332' title='bbox 1693 1051 1772 1092; x_wconf 86' lang='lat' dir='ltr'><strong>aspi-</strong></span> 
     </span>
    </p>
   </div>
   <div class='ocr_carea' id='block_1_49' title="bbox 951 1096 1771 1138">
    <p class='ocr_par' dir='ltr' id='par_1_49' title="bbox 951 1096 1771 1138">
     <span class='ocr_line' id='line_1_49' title="bbox 951 1096 1771 1138; baseline 0 -12"><span class='ocrx_word' id='word_1_333' title='bbox 951 1096 1042 1134; x_wconf 87' lang='lat' dir='ltr'><strong>ciant,</strong></span> <span class='ocrx_word' id='word_1_334' title='bbox 1063 1102 1253 1138; x_wconf 90' lang='lat' dir='ltr'><strong>mentemque</strong></span> <span class='ocrx_word' id='word_1_335' title='bbox 1273 1099 1448 1130; x_wconf 89' lang='lat' dir='ltr'><strong>distrahant.</strong></span> <span class='ocrx_word' id='word_1_336' title='bbox 1477 1100 1606 1130; x_wconf 86' lang='lat' dir='ltr'><strong>Mentem</strong></span> <span class='ocrx_word' id='word_1_337' title='bbox 1625 1097 1771 1138; x_wconf 89' lang='lat' dir='ltr'><strong>porroip-</strong></span> 
     </span>
    </p>
   </div>
   <div class='ocr_carea' id='block_1_50' title="bbox 951 1142 1771 1183">
    <p class='ocr_par' dir='ltr' id='par_1_50' title="bbox 951 1142 1771 1183">
     <span class='ocr_line' id='line_1_50' title="bbox 951 1142 1771 1183; baseline 0.004 -12"><span class='ocrx_word' id='word_1_338' title='bbox 951 1147 1195 1183; x_wconf 81' lang='lat' dir='ltr'><strong>sam,‘_totumque</strong></span> <span class='ocrx_word' id='word_1_339' title='bbox 1207 1147 1348 1173; x_wconf 88' lang='lat' dir='ltr'><strong>cortuutn</strong></span> <span class='ocrx_word' id='word_1_340' title='bbox 1361 1143 1389 1173; x_wconf 92' lang='lat' dir='ltr'><strong>in</strong></span> <span class='ocrx_word' id='word_1_341' title='bbox 1407 1143 1513 1174; x_wconf 80' lang='lat' dir='ltr'><strong>ccelum</strong></span> <span class='ocrx_word' id='word_1_342' title='bbox 1529 1143 1564 1174; x_wconf 87' lang='lat' dir='ltr'><strong>ad</strong></span> <span class='ocrx_word' id='word_1_343' title='bbox 1576 1142 1668 1173; x_wconf 89' lang='lat' dir='ltr'><strong>Deum</strong></span> <span class='ocrx_word' id='word_1_344' title='bbox 1679 1142 1771 1174; x_wconf 86' lang='lat' dir='ltr'><strong>eleva.</strong></span> 
     </span>
    </p>
   </div>
   <div class='ocr_carea' id='block_1_51' title="bbox 951 1185 1772 1228">
    <p class='ocr_par' dir='ltr' id='par_1_51' title="bbox 951 1185 1772 1228">
     <span class='ocr_line' id='line_1_51' title="bbox 951 1185 1772 1228; baseline 0 -12"><span class='ocrx_word' id='word_1_345' title='bbox 951 1185 1020 1216; x_wconf 87' lang='lat' dir='ltr'><strong>inde</strong></span> <span class='ocrx_word' id='word_1_346' title='bbox 1045 1196 1110 1216; x_wconf 89' lang='lat' dir='ltr'><strong>cum</strong></span> <span class='ocrx_word' id='word_1_347' title='bbox 1133 1187 1291 1226; x_wconf 73' lang='lat' dir='ltr'><strong>gemitibus</strong></span> <span class='ocrx_word' id='word_1_348' title='bbox 1319 1192 1348 1218; x_wconf 86' lang='lat' dir='ltr'><strong>et</strong></span> <span class='ocrx_word' id='word_1_349' title='bbox 1371 1188 1508 1228; x_wconf 78' lang='lat' dir='ltr'><strong>lacrymis</strong></span> <span class='ocrx_word' id='word_1_350' title='bbox 1533 1187 1772 1218; x_wconf 86' lang='lat' dir='ltr'><strong>misericordiam</strong></span> 
     </span>
    </p>
   </div>
   <div class='ocr_carea' id='block_1_52' title="bbox 951 1230 1773 1273">
    <p class='ocr_par' dir='ltr' id='par_1_52' title="bbox 951 1230 1773 1273">
     <span class='ocr_line' id='line_1_52' title="bbox 951 1230 1773 1273; baseline 0.001 -13"><span class='ocrx_word' id='word_1_351' title='bbox 951 1230 1124 1270; x_wconf 87' lang='lat' dir='ltr'><strong>implorans.</strong></span> <span class='ocrx_word' id='word_1_352' title='bbox 1139 1232 1269 1262; x_wconf 71' lang='lat' dir='ltr'><strong>l’saltnos</strong></span> <span class='ocrx_word' id='word_1_353' title='bbox 1285 1242 1300 1262; x_wconf 90' lang='lat' dir='ltr'><strong>a</strong></span> <span class='ocrx_word' id='word_1_354' title='bbox 1318 1235 1400 1264; x_wconf 83' lang='lat' dir='ltr'><strong>Patre</strong></span> <span class='ocrx_word' id='word_1_355' title='bbox 1413 1238 1460 1263; x_wconf 89' lang='lat' dir='ltr'><strong>tuo</strong></span> <span class='ocrx_word' id='word_1_356' title='bbox 1473 1232 1621 1273; x_wconf 90' lang='lat' dir='ltr'><strong>spirituali</strong></span> <span class='ocrx_word' id='word_1_357' title='bbox 1637 1231 1690 1261; x_wconf 93' lang='lat' dir='ltr'><strong>tibi</strong></span> <span class='ocrx_word' id='word_1_358' title='bbox 1703 1240 1773 1261; x_wconf 89' lang='lat' dir='ltr'><strong>con-</strong></span> 
     </span>
    </p>
   </div>
   <div class='ocr_carea' id='block_1_53' title="bbox 952 1276 1773 1318">
    <p class='ocr_par' dir='ltr' id='par_1_53' title="bbox 952 1276 1773 1318">
     <span class='ocr_line' id='line_1_53' title="bbox 952 1276 1773 1318; baseline 0 -12"><span class='ocrx_word' id='word_1_359' title='bbox 952 1276 1070 1307; x_wconf 93' lang='lat' dir='ltr'><strong>stitutos</strong></span> <span class='ocrx_word' id='word_1_360' title='bbox 1086 1276 1173 1310; x_wconf 83' lang='lat' dir='ltr'><strong>habe.</strong></span> <span class='ocrx_word' id='word_1_361' title='bbox 1200 1277 1251 1316; x_wconf 93' lang='lat' dir='ltr'><strong>qui</strong></span> <span class='ocrx_word' id='word_1_362' title='bbox 1278 1278 1418 1308; x_wconf 90' lang='lat' dir='ltr'><strong>nimirum</strong></span> <span class='ocrx_word' id='word_1_363' title='bbox 1442 1278 1532 1309; x_wconf 84' lang='lat' dir='ltr'><strong>verba</strong></span> <span class='ocrx_word' id='word_1_364' title='bbox 1548 1276 1729 1318; x_wconf 74' lang='lat' dir='ltr'><strong>poenitentiae</strong></span> <span class='ocrx_word' id='word_1_365' title='bbox 1744 1279 1773 1306; x_wconf 92' lang='lat' dir='ltr'><strong>et</strong></span> 
     </span>
    </p>
   </div>
   <div class='ocr_carea' id='block_1_54' title="bbox 952 1320 1772 1363">
    <p class='ocr_par' dir='ltr' id='par_1_54' title="bbox 952 1320 1772 1363">
     <span class='ocr_line' id='line_1_54' title="bbox 952 1320 1772 1363; baseline 0 -13"><span class='ocrx_word' id='word_1_366' title='bbox 952 1320 1190 1359; x_wconf 86' lang='lat' dir='ltr'><strong>compunctionis</strong></span> <span class='ocrx_word' id='word_1_367' title='bbox 1206 1322 1370 1360; x_wconf 89' lang='lat' dir='ltr'><strong>continent,</strong></span> <span class='ocrx_word' id='word_1_368' title='bbox 1389 1327 1417 1353; x_wconf 85' lang='lat' dir='ltr'><strong>et</strong></span> <span class='ocrx_word' id='word_1_369' title='bbox 1432 1326 1575 1363; x_wconf 88' lang='lat' dir='ltr'><strong>quotquot</strong></span> <span class='ocrx_word' id='word_1_370' title='bbox 1589 1322 1712 1361; x_wconf 89' lang='lat' dir='ltr'><strong>viribus,</strong></span> <span class='ocrx_word' id='word_1_371' title='bbox 1727 1330 1772 1351; x_wconf 76' lang='lat' dir='ltr'><strong>vo-</strong></span> 
     </span>
    </p>
   </div>
   <div class='ocr_carea' id='block_1_55' title="bbox 951 1364 1771 1406">
    <p class='ocr_par' dir='ltr' id='par_1_55' title="bbox 951 1364 1771 1406">
     <span class='ocr_line' id='line_1_55' title="bbox 951 1364 1771 1406; baseline 0.002 -12"><span class='ocrx_word' id='word_1_372' title='bbox 951 1364 1116 1406; x_wconf 88' lang='lat' dir='ltr'><strong>luntatique</strong></span> <span class='ocrx_word' id='word_1_373' title='bbox 1139 1366 1301 1397; x_wconf 90' lang='lat' dir='ltr'><strong>sufﬁciunt.</strong></span> <span class='ocrx_word' id='word_1_374' title='bbox 1327 1367 1456 1398; x_wconf 89' lang='lat' dir='ltr'><strong>Necesse</strong></span> <span class='ocrx_word' id='word_1_375' title='bbox 1481 1373 1526 1398; x_wconf 90' lang='lat' dir='ltr'><strong>est</strong></span> <span class='ocrx_word' id='word_1_376' title='bbox 1542 1367 1622 1397; x_wconf 88' lang='lat' dir='ltr'><strong>enim</strong></span> <span class='ocrx_word' id='word_1_377' title='bbox 1640 1370 1668 1396; x_wconf 85' lang='lat' dir='ltr'><strong>te</strong></span> <span class='ocrx_word' id='word_1_378' title='bbox 1690 1366 1771 1406; x_wconf 89' lang='lat' dir='ltr'><strong>psal-</strong></span> 
     </span>
    </p>
   </div>
   <div class='ocr_carea' id='block_1_56' title="bbox 88 1411 1770 1452">
    <p class='ocr_par' dir='ltr' id='par_1_56' title="bbox 88 1411 1770 1452">
     <span class='ocr_line' id='line_1_56' title="bbox 88 1411 1770 1452; baseline -0.001 -11"><span class='ocrx_word' id='word_1_379' title='bbox 88 1411 149 1452; x_wconf 91' lang='lat' dir='ltr'><strong>pio.</strong></span> <span class='ocrx_word' id='word_1_380' title='bbox 175 1412 244 1442; x_wconf 71' lang='lat' dir='ltr'><strong>Haec</strong></span> <span class='ocrx_word' id='word_1_381' title='bbox 268 1411 322 1442; x_wconf 91' lang='lat' dir='ltr'><strong>tibi</strong></span> <span class='ocrx_word' id='word_1_382' title='bbox 346 1411 448 1452; x_wconf 86' lang='lat' dir='ltr'><strong>dicito,</strong></span> <span class='ocrx_word' id='word_1_383' title='bbox 474 1416 502 1442; x_wconf 92' lang='lat' dir='ltr'><strong>et</strong></span> <span class='ocrx_word' id='word_1_384' title='bbox 525 1412 639 1451; x_wconf 87' lang='lat' dir='ltr'><strong>impera</strong></span> <span class='ocrx_word' id='word_1_385' title='bbox 654 1411 749 1442; x_wconf 88' lang='lat' dir='ltr'><strong>ventri</strong></span> <span class='ocrx_word' id='word_1_386' title='bbox 764 1411 937 1451; x_wconf 87' lang='lat' dir='ltr'><strong>quantumC</strong></span> <span class='ocrx_word' id='word_1_387' title='bbox 953 1419 1068 1440; x_wconf 90' lang='lat' dir='ltr'><strong>morum</strong></span> <span class='ocrx_word' id='word_1_388' title='bbox 1093 1411 1335 1451; x_wconf 79' lang='lat' dir='ltr'><strong>hymnodiam,ct</strong></span> <span class='ocrx_word' id='word_1_389' title='bbox 1350 1412 1523 1443; x_wconf 89' lang='lat' dir='ltr'><strong>crebitatem</strong></span> <span class='ocrx_word' id='word_1_390' title='bbox 1544 1411 1770 1451; x_wconf 79' lang='lat' dir='ltr'><strong>getiuﬁexionis,</strong></span> 
     </span>
    </p>
   </div>
   <div class='ocr_carea' id='block_1_57' title="bbox 89 1456 909 1496">
    <p class='ocr_par' dir='ltr' id='par_1_57' title="bbox 89 1456 909 1496">
     <span class='ocr_line' id='line_1_57' title="bbox 89 1456 909 1496; baseline 0 -10"><span class='ocrx_word' id='word_1_391' title='bbox 89 1460 183 1496; x_wconf 89' lang='lat' dir='ltr'><strong>potes.</strong></span> <span class='ocrx_word' id='word_1_392' title='bbox 207 1456 321 1486; x_wconf 80' lang='lat' dir='ltr'><strong>Primos</strong></span> <span class='ocrx_word' id='word_1_393' title='bbox 336 1456 488 1487; x_wconf 90' lang='lat' dir='ltr'><strong>accubitus</strong></span> <span class='ocrx_word' id='word_1_394' title='bbox 513 1466 662 1496; x_wconf 87' lang='lat' dir='ltr'><strong>nunquam</strong></span> <span class='ocrx_word' id='word_1_395' title='bbox 686 1456 840 1492; x_wconf 83' lang='lat' dir='ltr'><strong>desidera;</strong></span> <span class='ocrx_word' id='word_1_396' title='bbox 857 1456 909 1486; x_wconf 86' lang='lat' dir='ltr'><strong>sed</strong></span> 
     </span>
    </p>
   </div>
   <div class='ocr_carea' id='block_1_58' title="bbox 89 1500 910 1540">
    <p class='ocr_par' dir='ltr' id='par_1_58' title="bbox 89 1500 910 1540">
     <span class='ocr_line' id='line_1_58' title="bbox 89 1500 910 1540; baseline 0 -9"><span class='ocrx_word' id='word_1_397' title='bbox 89 1501 140 1531; x_wconf 90' lang='lat' dir='ltr'><strong>odi</strong></span> <span class='ocrx_word' id='word_1_398' title='bbox 160 1510 194 1531; x_wconf 78' lang='lat' dir='ltr'><strong>ex</strong></span> <span class='ocrx_word' id='word_1_399' title='bbox 217 1502 327 1538; x_wconf 87' lang='lat' dir='ltr'><strong>animo,</strong></span> <span class='ocrx_word' id='word_1_400' title='bbox 345 1505 376 1530; x_wconf 94' lang='lat' dir='ltr'><strong>ut</strong></span> <span class='ocrx_word' id='word_1_401' title='bbox 391 1500 539 1540; x_wconf 61' lang='lat' dir='ltr'><strong>superbire</strong></span> <span class='ocrx_word' id='word_1_402' title='bbox 559 1501 724 1531; x_wconf 90' lang='lat' dir='ltr'><strong>materiam.</strong></span> <span class='ocrx_word' id='word_1_403' title='bbox 752 1500 910 1532; x_wconf 83' lang='lat' dir='ltr'><strong>llumilitas</strong></span> 
     </span>
    </p>
   </div>
   <div class='ocr_carea' id='block_1_59' title="bbox 90 1544 907 1582">
    <p class='ocr_par' dir='ltr' id='par_1_59' title="bbox 90 1544 907 1582">
     <span class='ocr_line' id='line_1_59' title="bbox 90 1544 907 1582; baseline -0.001 -7"><span class='ocrx_word' id='word_1_404' title='bbox 90 1545 170 1576; x_wconf 88' lang='lat' dir='ltr'><strong>enim</strong></span> <span class='ocrx_word' id='word_1_405' title='bbox 188 1549 238 1576; x_wconf 87' lang='lat' dir='ltr'><strong>tua</strong></span> <span class='ocrx_word' id='word_1_406' title='bbox 249 1544 388 1576; x_wconf 76' lang='lat' dir='ltr'><strong>exaltabit</strong></span> <span class='ocrx_word' id='word_1_407' title='bbox 411 1549 458 1575; x_wconf 90' lang='lat' dir='ltr'><strong>te:</strong></span> <span class='ocrx_word' id='word_1_408' title='bbox 476 1550 504 1575; x_wconf 86' lang='lat' dir='ltr'><strong>et</strong></span> <span class='ocrx_word' id='word_1_409' title='bbox 519 1545 653 1575; x_wconf 89' lang='lat' dir='ltr'><strong>inﬁmum</strong></span> <span class='ocrx_word' id='word_1_410' title='bbox 678 1554 742 1575; x_wconf 88' lang='lat' dir='ltr'><strong>esse</strong></span> <span class='ocrx_word' id='word_1_411' title='bbox 763 1545 907 1582; x_wconf 88' lang='lat' dir='ltr'><strong>omnium,</strong></span> 
     </span>
    </p>
   </div>
   <div class='ocr_carea' id='block_1_60' title="bbox 74 1589 910 1630">
    <p class='ocr_par' dir='ltr' id='par_1_60' title="bbox 74 1589 910 1630">
     <span class='ocr_line' id='line_1_60' title="bbox 74 1589 910 1630; baseline 0 -11"><span class='ocrx_word' id='word_1_412' title='bbox 74 1590 218 1630; x_wconf 80' lang='lat' dir='ltr'><strong>primum</strong></span> <span class='ocrx_word' id='word_1_413' title='bbox 230 1593 259 1619; x_wconf 87' lang='lat' dir='ltr'><strong>te</strong></span> <span class='ocrx_word' id='word_1_414' title='bbox 274 1589 404 1626; x_wconf 88' lang='lat' dir='ltr'><strong>efﬁciet;</strong></span> <span class='ocrx_word' id='word_1_415' title='bbox 421 1590 489 1630; x_wconf 90' lang='lat' dir='ltr'><strong>quia</strong></span> <span class='ocrx_word' id='word_1_416' title='bbox 500 1589 641 1628; x_wconf 79' lang='lat' dir='ltr'><strong>scriptum</strong></span> <span class='ocrx_word' id='word_1_417' title='bbox 657 1595 720 1620; x_wconf 86' lang='lat' dir='ltr'><strong>est:</strong></span> <span class='ocrx_word' id='word_1_418' title='bbox 734 1589 842 1620; x_wconf 82' lang='lat' dir='ltr'><strong>Omnis</strong></span> <span class='ocrx_word' id='word_1_419' title='bbox 857 1590 910 1629; x_wconf 77' lang='lat' dir='ltr'><strong>qui</strong></span> 
     </span>
    </p>
   </div>
   <div class='ocr_carea' id='block_1_61' title="bbox 89 1633 910 1674">
    <p class='ocr_par' dir='ltr' id='par_1_61' title="bbox 89 1633 910 1674">
     <span class='ocr_line' id='line_1_61' title="bbox 89 1633 910 1674; baseline -0.001 -9"><span class='ocrx_word' id='word_1_420' title='bbox 89 1635 219 1674; x_wconf 76' lang='lat' dir='ltr'><strong>scipsum</strong></span> <span class='ocrx_word' id='word_1_421' title='bbox 228 1634 577 1670; x_wconf 68' lang='lat' dir='ltr'><strong>emaltathumilt&#39;abt‘tm&#39;,</strong></span> <span class='ocrx_word' id='word_1_422' title='bbox 584 1638 612 1663; x_wconf 78' lang='lat' dir='ltr'><strong>et</strong></span> <span class='ocrx_word' id='word_1_423' title='bbox 619 1634 807 1674; x_wconf 73' lang='lat' dir='ltr'><strong>quiseipsum</strong></span> <span class='ocrx_word' id='word_1_424' title='bbox 814 1633 910 1664; x_wconf 85' lang='lat' dir='ltr'><strong>humi-</strong></span> 
     </span>
    </p>
   </div>
   <div class='ocr_carea' id='block_1_62' title="bbox 90 1678 911 1710">
    <p class='ocr_par' dir='ltr' id='par_1_62' title="bbox 90 1678 911 1710">
     <span class='ocr_line' id='line_1_62' title="bbox 90 1678 911 1710; baseline -0.001 -1"><span class='ocrx_word' id='word_1_425' title='bbox 90 1679 388 1710; x_wconf 54' lang='lat' dir='ltr'><strong>liatualtabituriﬁ.</strong></span> <span class='ocrx_word' id='word_1_426' title='bbox 401 1678 455 1710; x_wconf 89' lang='lat' dir='ltr'><strong>Ubi</strong></span> <span class='ocrx_word' id='word_1_427' title='bbox 469 1688 536 1709; x_wconf 90' lang='lat' dir='ltr'><strong>vero</strong></span> <span class='ocrx_word' id='word_1_428' title='bbox 556 1688 620 1709; x_wconf 85' lang='lat' dir='ltr'><strong>cum</strong></span> <span class='ocrx_word' id='word_1_429' title='bbox 639 1679 780 1709; x_wconf 85' lang='lat' dir='ltr'><strong>fratribus</strong></span> <span class='ocrx_word' id='word_1_430' title='bbox 792 1678 911 1708; x_wconf 89' lang='lat' dir='ltr'><strong>univer-</strong></span> 
     </span>
    </p>
   </div>
   <div class='ocr_carea' id='block_1_63' title="bbox 91 1722 910 1763">
    <p class='ocr_par' dir='ltr' id='par_1_63' title="bbox 91 1722 910 1763">
     <span class='ocr_line' id='line_1_63' title="bbox 91 1722 910 1763; baseline -0.001 -10"><span class='ocrx_word' id='word_1_431' title='bbox 91 1723 132 1753; x_wconf 90' lang='lat' dir='ltr'><strong>sis</strong></span> <span class='ocrx_word' id='word_1_432' title='bbox 147 1723 184 1753; x_wconf 91' lang='lat' dir='ltr'><strong>de</strong></span> <span class='ocrx_word' id='word_1_433' title='bbox 201 1732 303 1753; x_wconf 79' lang='lat' dir='ltr'><strong>mensa</strong></span> <span class='ocrx_word' id='word_1_434' title='bbox 331 1723 507 1759; x_wconf 56' lang='lat' dir='ltr'><strong>surrexeris,</strong></span> <span class='ocrx_word' id='word_1_435' title='bbox 534 1723 654 1763; x_wconf 89' lang='lat' dir='ltr'><strong>Deoque</strong></span> <span class='ocrx_word' id='word_1_436' title='bbox 673 1723 781 1761; x_wconf 78' lang='lat' dir='ltr'><strong>gratias</strong></span> <span class='ocrx_word' id='word_1_437' title='bbox 801 1722 910 1762; x_wconf 87' lang='lat' dir='ltr'><strong>egeris,</strong></span> 
     </span>
    </p>
   </div>
   <div class='ocr_carea' id='block_1_64' title="bbox 90 1767 909 1808">
    <p class='ocr_par' dir='ltr' id='par_1_64' title="bbox 90 1767 909 1808">
     <span class='ocr_line' id='line_1_64' title="bbox 90 1767 909 1808; baseline -0.001 -11"><span class='ocrx_word' id='word_1_438' title='bbox 90 1772 177 1808; x_wconf 84' lang='lat' dir='ltr'><strong>atque</strong></span> <span class='ocrx_word' id='word_1_439' title='bbox 192 1777 206 1798; x_wconf 91' lang='lat' dir='ltr'><strong>a</strong></span> <span class='ocrx_word' id='word_1_440' title='bbox 220 1767 373 1799; x_wconf 87' lang='lat' dir='ltr'><strong>sacerdote</strong></span> <span class='ocrx_word' id='word_1_441' title='bbox 385 1767 525 1798; x_wconf 83' lang='lat' dir='ltr'><strong>dimissus</strong></span> <span class='ocrx_word' id='word_1_442' title='bbox 546 1767 648 1804; x_wconf 85' lang='lat' dir='ltr'><strong>fueris,</strong></span> <span class='ocrx_word' id='word_1_443' title='bbox 668 1777 736 1797; x_wconf 83' lang='lat' dir='ltr'><strong>cum</strong></span> <span class='ocrx_word' id='word_1_444' title='bbox 749 1767 867 1797; x_wconf 89' lang='lat' dir='ltr'><strong>silentio</strong></span> <span class='ocrx_word' id='word_1_445' title='bbox 880 1767 909 1797; x_wconf 93' lang='lat' dir='ltr'><strong>in</strong></span> 
     </span>
    </p>
   </div>
   <div class='ocr_carea' id='block_1_65' title="bbox 91 1812 906 1852">
    <p class='ocr_par' dir='ltr' id='par_1_65' title="bbox 91 1812 906 1852">
     <span class='ocr_line' id='line_1_65' title="bbox 91 1812 906 1852; baseline -0.002 -9"><span class='ocrx_word' id='word_1_446' title='bbox 91 1813 193 1843; x_wconf 90' lang='lat' dir='ltr'><strong>cellam</strong></span> <span class='ocrx_word' id='word_1_447' title='bbox 205 1816 283 1842; x_wconf 87' lang='lat' dir='ltr'><strong>tuatn</strong></span> <span class='ocrx_word' id='word_1_448' title='bbox 296 1812 412 1852; x_wconf 88' lang='lat' dir='ltr'><strong>festina,</strong></span> <span class='ocrx_word' id='word_1_449' title='bbox 425 1813 584 1852; x_wconf 90' lang='lat' dir='ltr'><strong>clausoque</strong></span> <span class='ocrx_word' id='word_1_450' title='bbox 597 1813 670 1842; x_wconf 88' lang='lat' dir='ltr'><strong>ostio</strong></span> <span class='ocrx_word' id='word_1_451' title='bbox 679 1812 787 1842; x_wconf 89' lang='lat' dir='ltr'><strong>librum</strong></span> <span class='ocrx_word' id='word_1_452' title='bbox 798 1812 906 1851; x_wconf 86' lang='lat' dir='ltr'><strong>arripe,</strong></span> 
     </span>
    </p>
   </div>
   <div class='ocr_carea' id='block_1_66' title="bbox 92 1857 910 1897">
    <p class='ocr_par' dir='ltr' id='par_1_66' title="bbox 92 1857 910 1897">
     <span class='ocr_line' id='line_1_66' title="bbox 92 1857 910 1897; baseline 0 -10"><span class='ocrx_word' id='word_1_453' title='bbox 92 1861 120 1888; x_wconf 88' lang='lat' dir='ltr'><strong>et</strong></span> <span class='ocrx_word' id='word_1_454' title='bbox 136 1860 201 1897; x_wconf 87' lang='lat' dir='ltr'><strong>post</strong></span> <span class='ocrx_word' id='word_1_455' title='bbox 216 1857 336 1888; x_wconf 76' lang='lat' dir='ltr'><strong>brevem</strong></span> <span class='ocrx_word' id='word_1_456' title='bbox 354 1857 525 1893; x_wconf 70' lang='lat' dir='ltr'><strong>lectiotem,</strong></span> <span class='ocrx_word' id='word_1_457' title='bbox 548 1858 572 1887; x_wconf 91' lang='lat' dir='ltr'><strong>si</strong></span> <span class='ocrx_word' id='word_1_458' title='bbox 594 1857 714 1897; x_wconf 88' lang='lat' dir='ltr'><strong>quidem</strong></span> <span class='ocrx_word' id='word_1_459' title='bbox 736 1857 799 1888; x_wconf 85' lang='lat' dir='ltr'><strong>dies</strong></span> <span class='ocrx_word' id='word_1_460' title='bbox 818 1857 910 1887; x_wconf 61' lang='lat' dir='ltr'><strong>aestivi</strong></span> 
     </span>
    </p>
   </div>
   <div class='ocr_carea' id='block_1_67' title="bbox 91 1901 909 1941">
    <p class='ocr_par' dir='ltr' id='par_1_67' title="bbox 91 1901 909 1941">
     <span class='ocr_line' id='line_1_67' title="bbox 91 1901 909 1941; baseline 0 -9"><span class='ocrx_word' id='word_1_461' title='bbox 91 1906 169 1938; x_wconf 83' lang='lat' dir='ltr'><strong>sunt,</strong></span> <span class='ocrx_word' id='word_1_462' title='bbox 182 1910 273 1941; x_wconf 87' lang='lat' dir='ltr'><strong>super</strong></span> <span class='ocrx_word' id='word_1_463' title='bbox 283 1902 440 1932; x_wconf 83' lang='lat' dir='ltr'><strong>storeolam</strong></span> <span class='ocrx_word' id='word_1_464' title='bbox 454 1906 531 1932; x_wconf 87' lang='lat' dir='ltr'><strong>tuam</strong></span> <span class='ocrx_word' id='word_1_465' title='bbox 546 1901 705 1938; x_wconf 84' lang='lat' dir='ltr'><strong>recubans,</strong></span> <span class='ocrx_word' id='word_1_466' title='bbox 727 1901 909 1932; x_wconf 89' lang='lat' dir='ltr'><strong>breviculum</strong></span> 
     </span>
    </p>
   </div>
   <div class='ocr_carea' id='block_1_68' title="bbox 92 1946 911 1985">
    <p class='ocr_par' dir='ltr' id='par_1_68' title="bbox 92 1946 911 1985">
     <span class='ocr_line' id='line_1_68' title="bbox 92 1946 911 1985; baseline 0.001 -10"><span class='ocrx_word' id='word_1_467' title='bbox 92 1955 225 1976; x_wconf 83' lang='lat' dir='ltr'><strong>somnum</strong></span> <span class='ocrx_word' id='word_1_468' title='bbox 256 1955 354 1985; x_wconf 83' lang='lat' dir='ltr'><strong>carpe.</strong></span> <span class='ocrx_word' id='word_1_469' title='bbox 391 1946 506 1977; x_wconf 69' lang='lat' dir='ltr'><strong>litenitn</strong></span> <span class='ocrx_word' id='word_1_470' title='bbox 534 1947 715 1977; x_wconf 87' lang='lat' dir='ltr'><strong>saturitatem</strong></span> <span class='ocrx_word' id='word_1_471' title='bbox 746 1946 851 1982; x_wconf 85' lang='lat' dir='ltr'><strong>vitans,</strong></span> <span class='ocrx_word' id='word_1_472' title='bbox 882 1950 911 1976; x_wconf 88' lang='lat' dir='ltr'><strong>et</strong></span> 
     </span>
    </p>
   </div>
   <div class='ocr_carea' id='block_1_69' title="bbox 92 1991 912 2031">
    <p class='ocr_par' dir='ltr' id='par_1_69' title="bbox 92 1991 912 2031">
     <span class='ocr_line' id='line_1_69' title="bbox 92 1991 912 2031; baseline 0.001 -10"><span class='ocrx_word' id='word_1_473' title='bbox 92 1995 209 2022; x_wconf 89' lang='lat' dir='ltr'><strong>tenuem</strong></span> <span class='ocrx_word' id='word_1_474' title='bbox 234 1991 379 2021; x_wconf 90' lang='lat' dir='ltr'><strong>adhibens</strong></span> <span class='ocrx_word' id='word_1_475' title='bbox 402 1991 573 2021; x_wconf 81' lang='lat' dir='ltr'><strong>alimoniam</strong></span> <span class='ocrx_word' id='word_1_476' title='bbox 613 2000 718 2031; x_wconf 91' lang='lat' dir='ltr'><strong>panem</strong></span> <span class='ocrx_word' id='word_1_477' title='bbox 743 1991 857 2021; x_wconf 89' lang='lat' dir='ltr'><strong>scilicet</strong></span> <span class='ocrx_word' id='word_1_478' title='bbox 883 1995 912 2022; x_wconf 87' lang='lat' dir='ltr'><strong>et</strong></span> 
     </span>
    </p>
   </div>
   <div class='ocr_carea' id='block_1_70' title="bbox 951 1455 1770 1495">
    <p class='ocr_par' dir='ltr' id='par_1_70' title="bbox 951 1455 1770 1495">
     <span class='ocr_line' id='line_1_70' title="bbox 951 1455 1770 1495; baseline 0 -11"><span class='ocrx_word' id='word_1_479' title='bbox 951 1458 1069 1495; x_wconf 90' lang='lat' dir='ltr'><strong>tempus</strong></span> <span class='ocrx_word' id='word_1_480' title='bbox 1084 1456 1218 1486; x_wconf 89' lang='lat' dir='ltr'><strong>stationis</strong></span> <span class='ocrx_word' id='word_1_481' title='bbox 1233 1456 1268 1486; x_wconf 91' lang='lat' dir='ltr'><strong>ad</strong></span> <span class='ocrx_word' id='word_1_482' title='bbox 1286 1457 1372 1493; x_wconf 87' lang='lat' dir='ltr'><strong>vires,</strong></span> <span class='ocrx_word' id='word_1_483' title='bbox 1390 1461 1419 1487; x_wconf 90' lang='lat' dir='ltr'><strong>et</strong></span> <span class='ocrx_word' id='word_1_484' title='bbox 1434 1458 1527 1487; x_wconf 83' lang='lat' dir='ltr'><strong>robur</strong></span> <span class='ocrx_word' id='word_1_485' title='bbox 1542 1461 1623 1487; x_wconf 90' lang='lat' dir='ltr'><strong>tuum</strong></span> <span class='ocrx_word' id='word_1_486' title='bbox 1640 1455 1770 1495; x_wconf 63' lang='lat' dir='ltr'><strong>exigere,</strong></span> 
     </span>
    </p>
   </div>
   <div class='ocr_carea' id='block_1_71' title="bbox 952 1500 1774 1542">
    <p class='ocr_par' dir='ltr' id='par_1_71' title="bbox 952 1500 1774 1542">
     <span class='ocr_line' id='line_1_71' title="bbox 952 1500 1774 1542; baseline 0 -12"><span class='ocrx_word' id='word_1_487' title='bbox 952 1509 989 1530; x_wconf 89' lang='lat' dir='ltr'><strong>ne</strong></span> <span class='ocrx_word' id='word_1_488' title='bbox 1005 1504 1033 1531; x_wconf 88' lang='lat' dir='ltr'><strong>te</strong></span> <span class='ocrx_word' id='word_1_489' title='bbox 1057 1500 1240 1532; x_wconf 88' lang='lat' dir='ltr'><strong>conscientia</strong></span> <span class='ocrx_word' id='word_1_490' title='bbox 1262 1505 1312 1532; x_wconf 91' lang='lat' dir='ltr'><strong>tua</strong></span> <span class='ocrx_word' id='word_1_491' title='bbox 1337 1502 1540 1542; x_wconf 85' lang='lat' dir='ltr'><strong>reprehendes</strong></span> <span class='ocrx_word' id='word_1_492' title='bbox 1555 1501 1651 1531; x_wconf 81' lang='lat' dir='ltr'><strong>dicat:</strong></span> <span class='ocrx_word' id='word_1_493' title='bbox 1667 1500 1774 1531; x_wconf 87' lang='lat' dir='ltr'><strong>Adhuc</strong></span> 
     </span>
    </p>
   </div>
   <div class='ocr_carea' id='block_1_72' title="bbox 952 1545 1770 1586">
    <p class='ocr_par' dir='ltr' id='par_1_72' title="bbox 952 1545 1770 1586">
     <span class='ocr_line' id='line_1_72' title="bbox 952 1545 1770 1586; baseline 0.001 -12"><span class='ocrx_word' id='word_1_494' title='bbox 952 1549 1042 1584; x_wconf 86' lang='lat' dir='ltr'><strong>stare,</strong></span> <span class='ocrx_word' id='word_1_495' title='bbox 1055 1545 1180 1585; x_wconf 80' lang='lat' dir='ltr'><strong>hymnos</strong></span> <span class='ocrx_word' id='word_1_496' title='bbox 1199 1555 1348 1586; x_wconf 89' lang='lat' dir='ltr'><strong>promere,</strong></span> <span class='ocrx_word' id='word_1_497' title='bbox 1365 1556 1398 1577; x_wconf 90' lang='lat' dir='ltr'><strong>ac</strong></span> <span class='ocrx_word' id='word_1_498' title='bbox 1414 1547 1475 1578; x_wconf 92' lang='lat' dir='ltr'><strong>Deo</strong></span> <span class='ocrx_word' id='word_1_499' title='bbox 1490 1546 1624 1577; x_wconf 81' lang='lat' dir='ltr'><strong>confiteri</strong></span> <span class='ocrx_word' id='word_1_500' title='bbox 1641 1550 1770 1586; x_wconf 88' lang='lat' dir='ltr'><strong>poteras.</strong></span> 
     </span>
    </p>
   </div>
   <div class='ocr_carea' id='block_1_73' title="bbox 952 1589 1773 1632">
    <p class='ocr_par' dir='ltr' id='par_1_73' title="bbox 952 1589 1773 1632">
     <span class='ocr_line' id='line_1_73' title="bbox 952 1589 1773 1632; baseline 0.002 -14"><span class='ocrx_word' id='word_1_501' title='bbox 952 1590 1061 1620; x_wconf 76' lang='lat' dir='ltr'><strong>Atlhaec</strong></span> <span class='ocrx_word' id='word_1_502' title='bbox 1072 1589 1131 1620; x_wconf 91' lang='lat' dir='ltr'><strong>sint</strong></span> <span class='ocrx_word' id='word_1_503' title='bbox 1143 1590 1194 1621; x_wconf 91' lang='lat' dir='ltr'><strong>tibi</strong></span> <span class='ocrx_word' id='word_1_504' title='bbox 1206 1592 1292 1622; x_wconf 88' lang='lat' dir='ltr'><strong>etiam</strong></span> <span class='ocrx_word' id='word_1_505' title='bbox 1306 1601 1409 1631; x_wconf 84' lang='lat' dir='ltr'><strong>preces</strong></span> <span class='ocrx_word' id='word_1_506' title='bbox 1420 1591 1492 1632; x_wconf 62' lang='lat' dir='ltr'><strong>ipsa;</strong></span> <span class='ocrx_word' id='word_1_507' title='bbox 1504 1591 1644 1630; x_wconf 74' lang='lat' dir='ltr'><strong>deﬁnitm,</strong></span> <span class='ocrx_word' id='word_1_508' title='bbox 1655 1589 1773 1620; x_wconf 84' lang='lat' dir='ltr'><strong>matuti-</strong></span> 
     </span>
    </p>
   </div>
   <div class='ocr_carea' id='block_1_74' title="bbox 952 1635 1771 1673">
    <p class='ocr_par' dir='ltr' id='par_1_74' title="bbox 952 1635 1771 1673">
     <span class='ocr_line' id='line_1_74' title="bbox 952 1635 1771 1673; baseline 0 -9"><span class='ocrx_word' id='word_1_509' title='bbox 952 1643 1019 1664; x_wconf 87' lang='lat' dir='ltr'><strong>natn</strong></span> <span class='ocrx_word' id='word_1_510' title='bbox 1032 1638 1062 1664; x_wconf 86' lang='lat' dir='ltr'><strong>et</strong></span> <span class='ocrx_word' id='word_1_511' title='bbox 1075 1635 1274 1673; x_wconf 87' lang='lat' dir='ltr'><strong>vespertinam</strong></span> <span class='ocrx_word' id='word_1_512' title='bbox 1291 1636 1326 1665; x_wconf 90' lang='lat' dir='ltr'><strong>ad</strong></span> <span class='ocrx_word' id='word_1_513' title='bbox 1345 1635 1436 1666; x_wconf 89' lang='lat' dir='ltr'><strong>Deum</strong></span> <span class='ocrx_word' id='word_1_514' title='bbox 1456 1635 1676 1666; x_wconf 86' lang='lat' dir='ltr'><strong>confessionem</strong></span> <span class='ocrx_word' id='word_1_515' title='bbox 1697 1644 1771 1665; x_wconf 90' lang='lat' dir='ltr'><strong>con-</strong></span> 
     </span>
    </p>
   </div>
   <div class='ocr_carea' id='block_1_75' title="bbox 953 1678 1773 1720">
    <p class='ocr_par' dir='ltr' id='par_1_75' title="bbox 953 1678 1773 1720">
     <span class='ocr_line' id='line_1_75' title="bbox 953 1678 1773 1720; baseline 0.001 -12"><span class='ocrx_word' id='word_1_516' title='bbox 953 1678 1092 1710; x_wconf 88' lang='lat' dir='ltr'><strong>tinentes.</strong></span> <span class='ocrx_word' id='word_1_517' title='bbox 1118 1679 1282 1710; x_wconf 83' lang='lat' dir='ltr'><strong>Defunctus</strong></span> <span class='ocrx_word' id='word_1_518' title='bbox 1312 1681 1463 1720; x_wconf 87' lang='lat' dir='ltr'><strong>precibus,</strong></span> <span class='ocrx_word' id='word_1_519' title='bbox 1494 1681 1592 1711; x_wconf 90' lang='lat' dir='ltr'><strong>denuo</strong></span> <span class='ocrx_word' id='word_1_520' title='bbox 1623 1679 1773 1720; x_wconf 90' lang='lat' dir='ltr'><strong>paulisper</strong></span> 
     </span>
    </p>
   </div>
   <div class='ocr_carea' id='block_1_76' title="bbox 953 1723 1771 1765">
    <p class='ocr_par' dir='ltr' id='par_1_76' title="bbox 953 1723 1771 1765">
     <span class='ocr_line' id='line_1_76' title="bbox 953 1723 1771 1765; baseline 0 -12"><span class='ocrx_word' id='word_1_521' title='bbox 953 1723 1029 1762; x_wconf 82' lang='lat' dir='ltr'><strong>lege.</strong></span> <span class='ocrx_word' id='word_1_522' title='bbox 1047 1723 1161 1754; x_wconf 87' lang='lat' dir='ltr'><strong>Deinde</strong></span> <span class='ocrx_word' id='word_1_523' title='bbox 1179 1734 1254 1764; x_wconf 91' lang='lat' dir='ltr'><strong>opus</strong></span> <span class='ocrx_word' id='word_1_524' title='bbox 1271 1735 1409 1756; x_wconf 91' lang='lat' dir='ltr'><strong>manuum</strong></span> <span class='ocrx_word' id='word_1_525' title='bbox 1427 1734 1562 1765; x_wconf 88' lang='lat' dir='ltr'><strong>capesse,</strong></span> <span class='ocrx_word' id='word_1_526' title='bbox 1579 1729 1607 1755; x_wconf 92' lang='lat' dir='ltr'><strong>et</strong></span> <span class='ocrx_word' id='word_1_527' title='bbox 1625 1733 1718 1764; x_wconf 88' lang='lat' dir='ltr'><strong>usque</strong></span> <span class='ocrx_word' id='word_1_528' title='bbox 1733 1723 1771 1754; x_wconf 83' lang='lat' dir='ltr'><strong>ad</strong></span> 
     </span>
    </p>
   </div>
   <div class='ocr_carea' id='block_1_77' title="bbox 954 1768 1770 1809">
    <p class='ocr_par' dir='ltr' id='par_1_77' title="bbox 954 1768 1770 1809">
     <span class='ocr_line' id='line_1_77' title="bbox 954 1768 1770 1809; baseline -0.001 -10"><span class='ocrx_word' id='word_1_529' title='bbox 954 1768 1078 1808; x_wconf 90' lang='lat' dir='ltr'><strong>primam</strong></span> <span class='ocrx_word' id='word_1_530' title='bbox 1091 1769 1218 1808; x_wconf 82' lang='lat' dir='ltr'><strong>vigiliam</strong></span> <span class='ocrx_word' id='word_1_531' title='bbox 1236 1769 1360 1807; x_wconf 90' lang='lat' dir='ltr'><strong>ﬁnitam,</strong></span> <span class='ocrx_word' id='word_1_532' title='bbox 1373 1769 1403 1800; x_wconf 90' lang='lat' dir='ltr'><strong>id</strong></span> <span class='ocrx_word' id='word_1_533' title='bbox 1421 1774 1477 1805; x_wconf 87' lang='lat' dir='ltr'><strong>est,</strong></span> <span class='ocrx_word' id='word_1_534' title='bbox 1497 1779 1590 1809; x_wconf 88' lang='lat' dir='ltr'><strong>usque</strong></span> <span class='ocrx_word' id='word_1_535' title='bbox 1601 1769 1637 1799; x_wconf 89' lang='lat' dir='ltr'><strong>ad</strong></span> <span class='ocrx_word' id='word_1_536' title='bbox 1654 1768 1770 1799; x_wconf 87' lang='lat' dir='ltr'><strong>tertiam</strong></span> 
     </span>
    </p>
   </div>
   <div class='ocr_carea' id='block_1_78' title="bbox 952 1813 1771 1853">
    <p class='ocr_par' dir='ltr' id='par_1_78' title="bbox 952 1813 1771 1853">
     <span class='ocr_line' id='line_1_78' title="bbox 952 1813 1771 1853; baseline 0.001 -10"><span class='ocrx_word' id='word_1_537' title='bbox 952 1814 1055 1844; x_wconf 89' lang='lat' dir='ltr'><strong>horam</strong></span> <span class='ocrx_word' id='word_1_538' title='bbox 1072 1814 1166 1845; x_wconf 87' lang='lat' dir='ltr'><strong>noctis</strong></span> <span class='ocrx_word' id='word_1_539' title='bbox 1177 1814 1233 1844; x_wconf 90' lang='lat' dir='ltr'><strong>hoc</strong></span> <span class='ocrx_word' id='word_1_540' title='bbox 1247 1824 1310 1853; x_wconf 82' lang='lat' dir='ltr'><strong>age.</strong></span> <span class='ocrx_word' id='word_1_541' title='bbox 1325 1814 1396 1846; x_wconf 85' lang='lat' dir='ltr'><strong>Cum</strong></span> <span class='ocrx_word' id='word_1_542' title='bbox 1407 1817 1450 1845; x_wconf 78' lang='lat' dir='ltr'><strong>sic</strong></span> <span class='ocrx_word' id='word_1_543' title='bbox 1463 1814 1640 1850; x_wconf 89' lang='lat' dir='ltr'><strong>surrexeris,</strong></span> <span class='ocrx_word' id='word_1_544' title='bbox 1651 1818 1678 1843; x_wconf 84' lang='lat' dir='ltr'><strong>ct</strong></span> <span class='ocrx_word' id='word_1_545' title='bbox 1689 1813 1771 1844; x_wconf 87' lang='lat' dir='ltr'><strong>fece-</strong></span> 
     </span>
    </p>
   </div>
   <div class='ocr_carea' id='block_1_79' title="bbox 952 1857 1773 1899">
    <p class='ocr_par' dir='ltr' id='par_1_79' title="bbox 952 1857 1773 1899">
     <span class='ocr_line' id='line_1_79' title="bbox 952 1857 1773 1899; baseline 0 -12"><span class='ocrx_word' id='word_1_546' title='bbox 952 1857 993 1887; x_wconf 91' lang='lat' dir='ltr'><strong>ris</strong></span> <span class='ocrx_word' id='word_1_547' title='bbox 1007 1859 1052 1886; x_wconf 71' lang='grc' dir='ltr'><strong>τὸν</strong></span> <span class='ocrx_word' id='word_1_548' title='bbox 1074 1858 1192 1899; x_wconf 54' lang='lat' dir='ltr'><strong>iunium,</strong></span> <span class='ocrx_word' id='word_1_549' title='bbox 1209 1859 1391 1898; x_wconf 69' lang='lat' dir='ltr'><strong>(psalmodiaa</strong></span> <span class='ocrx_word' id='word_1_550' title='bbox 1406 1868 1499 1897; x_wconf 83' lang='lat' dir='ltr'><strong>genus</strong></span> <span class='ocrx_word' id='word_1_551' title='bbox 1514 1862 1567 1894; x_wconf 85' lang='lat' dir='ltr'><strong>est)</strong></span> <span class='ocrx_word' id='word_1_552' title='bbox 1582 1858 1696 1897; x_wconf 81' lang='lat' dir='ltr'><strong>signato</strong></span> <span class='ocrx_word' id='word_1_553' title='bbox 1709 1867 1773 1888; x_wconf 86' lang='lat' dir='ltr'><strong>cor-</strong></span> 
     </span>
    </p>
   </div>
   <div class='ocr_carea' id='block_1_80' title="bbox 954 1903 1769 1943">
    <p class='ocr_par' dir='ltr' id='par_1_80' title="bbox 954 1903 1769 1943">
     <span class='ocr_line' id='line_1_80' title="bbox 954 1903 1769 1943; baseline -0.001 -11"><span class='ocrx_word' id='word_1_554' title='bbox 954 1911 1024 1941; x_wconf 88' lang='lat' dir='ltr'><strong>pore</strong></span> <span class='ocrx_word' id='word_1_555' title='bbox 1039 1904 1100 1933; x_wconf 86' lang='lat' dir='ltr'><strong>toto</strong></span> <span class='ocrx_word' id='word_1_556' title='bbox 1117 1912 1209 1943; x_wconf 89' lang='lat' dir='ltr'><strong>super</strong></span> <span class='ocrx_word' id='word_1_557' title='bbox 1228 1907 1356 1933; x_wconf 89' lang='lat' dir='ltr'><strong>storeatn</strong></span> <span class='ocrx_word' id='word_1_558' title='bbox 1382 1908 1460 1933; x_wconf 89' lang='lat' dir='ltr'><strong>luam</strong></span> <span class='ocrx_word' id='word_1_559' title='bbox 1477 1903 1563 1939; x_wconf 90' lang='lat' dir='ltr'><strong>cuba,</strong></span> <span class='ocrx_word' id='word_1_560' title='bbox 1581 1908 1610 1933; x_wconf 88' lang='lat' dir='ltr'><strong>et</strong></span> <span class='ocrx_word' id='word_1_561' title='bbox 1625 1911 1718 1943; x_wconf 86' lang='lat' dir='ltr'><strong>usque</strong></span> <span class='ocrx_word' id='word_1_562' title='bbox 1733 1903 1769 1932; x_wconf 84' lang='lat' dir='ltr'><strong>ad</strong></span> 
     </span>
    </p>
   </div>
   <div class='ocr_carea' id='block_1_81' title="bbox 952 1948 1772 1988">
    <p class='ocr_par' dir='ltr' id='par_1_81' title="bbox 952 1948 1772 1988">
     <span class='ocr_line' id='line_1_81' title="bbox 952 1948 1772 1988; baseline 0.001 -12"><span class='ocrx_word' id='word_1_563' title='bbox 952 1950 1069 1977; x_wconf 92' lang='lat' dir='ltr'><strong>noctem</strong></span> <span class='ocrx_word' id='word_1_564' title='bbox 1090 1948 1219 1978; x_wconf 84' lang='lat' dir='ltr'><strong>mediam</strong></span> <span class='ocrx_word' id='word_1_565' title='bbox 1244 1956 1349 1980; x_wconf 89' lang='lat' dir='ltr'><strong>somno</strong></span> <span class='ocrx_word' id='word_1_566' title='bbox 1375 1953 1471 1988; x_wconf 87' lang='lat' dir='ltr'><strong>capto,</strong></span> <span class='ocrx_word' id='word_1_567' title='bbox 1499 1948 1641 1988; x_wconf 84' lang='lat' dir='ltr'><strong>deinceps</strong></span> <span class='ocrx_word' id='word_1_568' title='bbox 1667 1949 1722 1984; x_wconf 89' lang='lat' dir='ltr'><strong>fac,</strong></span> <span class='ocrx_word' id='word_1_569' title='bbox 1740 1951 1772 1977; x_wconf 89' lang='lat' dir='ltr'><strong>ut</strong></span> 
     </span>
    </p>
   </div>
   <div class='ocr_carea' id='block_1_82' title="bbox 952 1990 1608 2032">
    <p class='ocr_par' dir='ltr' id='par_1_82' title="bbox 952 1990 1608 2032">
     <span class='ocr_line' id='line_1_82' title="bbox 952 1990 1608 2032; baseline 0.003 -11"><span class='ocrx_word' id='word_1_570' title='bbox 952 1990 1003 2021; x_wconf 91' lang='lat' dir='ltr'><strong>tibi</strong></span> <span class='ocrx_word' id='word_1_571' title='bbox 1019 2001 1034 2021; x_wconf 92' lang='lat' dir='ltr'><strong>a</strong></span> <span class='ocrx_word' id='word_1_572' title='bbox 1051 1992 1197 2032; x_wconf 83' lang='lat' dir='ltr'><strong>principio</strong></span> <span class='ocrx_word' id='word_1_573' title='bbox 1213 1992 1337 2022; x_wconf 88' lang='lat' dir='ltr'><strong>formam</strong></span> <span class='ocrx_word' id='word_1_574' title='bbox 1355 1993 1520 2023; x_wconf 89' lang='lat' dir='ltr'><strong>traddimus</strong></span> <span class='ocrx_word' id='word_1_575' title='bbox 1533 1992 1608 2032; x_wconf 76' lang='lat'><strong>(12}.</strong></span> 
     </span>
    </p>
   </div>
   <div class='ocr_carea' id='block_1_83' title="bbox 90 2035 1770 2076">
    <p class='ocr_par' dir='ltr' id='par_1_83' title="bbox 90 2035 1770 2076">
     <span class='ocr_line' id='line_1_83' title="bbox 90 2035 1770 2076; baseline -0.001 -10"><span class='ocrx_word' id='word_1_576' title='bbox 90 2045 194 2076; x_wconf 88' lang='lat' dir='ltr'><strong>aquam</strong></span> <span class='ocrx_word' id='word_1_577' title='bbox 211 2045 277 2066; x_wconf 89' lang='lat' dir='ltr'><strong>cum</strong></span> <span class='ocrx_word' id='word_1_578' title='bbox 293 2045 444 2072; x_wconf 85' lang='lat' dir='ltr'><strong>mensura,</strong></span> <span class='ocrx_word' id='word_1_579' title='bbox 459 2037 591 2073; x_wconf 89' lang='lat' dir='ltr'><strong>etolora,</strong></span> <span class='ocrx_word' id='word_1_580' title='bbox 608 2040 656 2066; x_wconf 91' lang='lat' dir='ltr'><strong>aut</strong></span> <span class='ocrx_word' id='word_1_581' title='bbox 673 2036 831 2073; x_wconf 61' lang='lat' dir='ltr'><strong>legumina,</strong></span> <span class='ocrx_word' id='word_1_582' title='bbox 850 2037 890 2067; x_wconf 89' lang='lat' dir='ltr'><strong>mi</strong></span> <span class='ocrx_word' id='word_1_583' title='bbox 920 2045 941 2069; x_wconf 85' lang='lat'><strong>1)</strong></span> <span class='ocrx_word' id='word_1_584' title='bbox 993 2035 1138 2066; x_wconf 70' lang='lat' dir='ltr'><strong>Przeterea</strong></span> <span class='ocrx_word' id='word_1_585' title='bbox 1160 2036 1285 2076; x_wconf 79' lang='lat' dir='ltr'><strong>cogitata</strong></span> <span class='ocrx_word' id='word_1_586' title='bbox 1308 2037 1407 2067; x_wconf 86' lang='lat' dir='ltr'><strong>cordis</strong></span> <span class='ocrx_word' id='word_1_587' title='bbox 1430 2037 1470 2067; x_wconf 90' lang='lat' dir='ltr'><strong>tui</strong></span> <span class='ocrx_word' id='word_1_588' title='bbox 1489 2037 1564 2067; x_wconf 82' lang='lat' dir='ltr'><strong>l‘atri</strong></span> <span class='ocrx_word' id='word_1_589' title='bbox 1582 2042 1629 2066; x_wconf 88' lang='lat' dir='ltr'><strong>tuo</strong></span> <span class='ocrx_word' id='word_1_590' title='bbox 1645 2035 1770 2076; x_wconf 88' lang='lat' dir='ltr'><strong>spiritu-</strong></span> 
     </span>
    </p>
   </div>
   <div class='ocr_carea' id='block_1_84' title="bbox 92 2080 905 2119">
    <p class='ocr_par' dir='ltr' id='par_1_84' title="bbox 92 2080 905 2119">
     <span class='ocr_line' id='line_1_84' title="bbox 92 2080 905 2119; baseline 0.001 -8"><span class='ocrx_word' id='word_1_591' title='bbox 92 2090 145 2111; x_wconf 90' lang='lat' dir='ltr'><strong>nus</strong></span> <span class='ocrx_word' id='word_1_592' title='bbox 160 2081 300 2115; x_wconf 83' lang='lat' dir='ltr'><strong>dormies,</strong></span> <span class='ocrx_word' id='word_1_593' title='bbox 326 2085 353 2111; x_wconf 89' lang='lat' dir='ltr'><strong>et</strong></span> <span class='ocrx_word' id='word_1_594' title='bbox 369 2081 457 2111; x_wconf 89' lang='lat' dir='ltr'><strong>citius</strong></span> <span class='ocrx_word' id='word_1_595' title='bbox 474 2090 624 2119; x_wconf 67' lang='lat' dir='ltr'><strong>exsurges.</strong></span> <span class='ocrx_word' id='word_1_596' title='bbox 643 2080 673 2111; x_wconf 86' lang='lat' dir='ltr'><strong>Si</strong></span> <span class='ocrx_word' id='word_1_597' title='bbox 690 2081 784 2110; x_wconf 91' lang='lat' dir='ltr'><strong>hiems</strong></span> <span class='ocrx_word' id='word_1_598' title='bbox 806 2081 905 2118; x_wconf 90' lang='lat' dir='ltr'><strong>fuerit,</strong></span> 
     </span>
    </p>
   </div>
   <div class='ocr_carea' id='block_1_85' title="bbox 91 2125 905 2165">
    <p class='ocr_par' dir='ltr' id='par_1_85' title="bbox 91 2125 905 2165">
     <span class='ocr_line' id='line_1_85' title="bbox 91 2125 905 2165; baseline 0.002 -11"><span class='ocrx_word' id='word_1_599' title='bbox 91 2130 242 2165; x_wconf 88' lang='lat' dir='ltr'><strong>postquam</strong></span> <span class='ocrx_word' id='word_1_600' title='bbox 260 2134 350 2165; x_wconf 86' lang='lat' dir='ltr'><strong>pauca</strong></span> <span class='ocrx_word' id='word_1_601' title='bbox 362 2125 481 2163; x_wconf 71' lang='lat' dir='ltr'><strong>legeris,</strong></span> <span class='ocrx_word' id='word_1_602' title='bbox 493 2126 575 2165; x_wconf 84' lang='lat' dir='ltr'><strong>operi</strong></span> <span class='ocrx_word' id='word_1_603' title='bbox 586 2135 724 2156; x_wconf 89' lang='lat' dir='ltr'><strong>tnanuum</strong></span> <span class='ocrx_word' id='word_1_604' title='bbox 738 2125 905 2164; x_wconf 80' lang='lat' dir='ltr'><strong>accingere,</strong></span> 
     </span>
    </p>
   </div>
   <div class='ocr_carea' id='block_1_86' title="bbox 90 2170 904 2210">
    <p class='ocr_par' dir='ltr' id='par_1_86' title="bbox 90 2170 904 2210">
     <span class='ocr_line' id='line_1_86' title="bbox 90 2170 904 2210; baseline 0 -10"><span class='ocrx_word' id='word_1_605' title='bbox 90 2170 156 2200; x_wconf 88' lang='lat' dir='ltr'><strong>etin</strong></span> <span class='ocrx_word' id='word_1_606' title='bbox 169 2179 202 2199; x_wconf 93' lang='lat' dir='ltr'><strong>eo</strong></span> <span class='ocrx_word' id='word_1_607' title='bbox 217 2179 385 2209; x_wconf 76' lang='lat' dir='ltr'><strong>perseveta,</strong></span> <span class='ocrx_word' id='word_1_608' title='bbox 399 2171 494 2210; x_wconf 88' lang='lat' dir='ltr'><strong>quoad</strong></span> <span class='ocrx_word' id='word_1_609' title='bbox 519 2170 628 2209; x_wconf 84' lang='lat' dir='ltr'><strong>lignum</strong></span> <span class='ocrx_word' id='word_1_610' title='bbox 648 2171 684 2200; x_wconf 88' lang='lat' dir='ltr'><strong>ad</strong></span> <span class='ocrx_word' id='word_1_611' title='bbox 707 2170 904 2210; x_wconf 83' lang='lat' dir='ltr'><strong>\espet&#39;tinam</strong></span> 
     </span>
    </p>
   </div>
   <div class='ocr_carea' id='block_1_87' title="bbox 91 2214 906 2254">
    <p class='ocr_par' dir='ltr' id='par_1_87' title="bbox 91 2214 906 2254">
     <span class='ocr_line' id='line_1_87' title="bbox 91 2214 906 2254; baseline 0.001 -10"><span class='ocrx_word' id='word_1_612' title='bbox 91 2214 274 2254; x_wconf 75' lang='lat' dir='ltr'><strong>hymttodiam</strong></span> <span class='ocrx_word' id='word_1_613' title='bbox 301 2223 350 2244; x_wconf 89' lang='lat' dir='ltr'><strong>vos</strong></span> <span class='ocrx_word' id='word_1_614' title='bbox 374 2215 579 2244; x_wconf 83' lang='lat' dir='ltr'><strong>convocaverit</strong></span> <span class='ocrx_word' id='word_1_615' title='bbox 607 2216 630 2253; x_wconf 72' lang='grc' dir='ltr'>(Ι</span> <span class='ocrx_word' id='word_1_616' title='bbox 645 2217 684 2254; x_wconf 71' lang='grc' dir='ltr'><strong>ι).</strong></span> <span class='ocrx_word' id='word_1_617' title='bbox 704 2214 777 2244; x_wconf 89' lang='lat' dir='ltr'><strong>Tum</strong></span> <span class='ocrx_word' id='word_1_618' title='bbox 803 2224 906 2245; x_wconf 91' lang='lat' dir='ltr'><strong>rursus</strong></span> 
     </span>
    </p>
   </div>
   <div class='ocr_carea' id='block_1_88' title="bbox 90 2259 905 2299">
    <p class='ocr_par' dir='ltr' id='par_1_88' title="bbox 90 2259 905 2299">
     <span class='ocr_line' id='line_1_88' title="bbox 90 2259 905 2299; baseline 0 -10"><span class='ocrx_word' id='word_1_619' title='bbox 90 2259 206 2299; x_wconf 76' lang='lat' dir='ltr'><strong>synaxin</strong></span> <span class='ocrx_word' id='word_1_620' title='bbox 222 2259 384 2298; x_wconf 81' lang='lat' dir='ltr'><strong>ingressus,</strong></span> <span class='ocrx_word' id='word_1_621' title='bbox 407 2264 450 2289; x_wconf 90' lang='lat' dir='ltr'><strong>sta</strong></span> <span class='ocrx_word' id='word_1_622' title='bbox 466 2269 533 2290; x_wconf 91' lang='lat' dir='ltr'><strong>cum</strong></span> <span class='ocrx_word' id='word_1_623' title='bbox 557 2259 662 2290; x_wconf 84' lang='lat' dir='ltr'><strong>timore</strong></span> <span class='ocrx_word' id='word_1_624' title='bbox 689 2263 717 2289; x_wconf 90' lang='lat' dir='ltr'><strong>et</strong></span> <span class='ocrx_word' id='word_1_625' title='bbox 741 2259 905 2290; x_wconf 87' lang='lat' dir='ltr'><strong>attentione</strong></span> 
     </span>
    </p>
   </div>
   <div class='ocr_carea' id='block_1_89' title="bbox 125 2352 438 2389">
    <p class='ocr_par' dir='ltr' id='par_1_89' title="bbox 125 2352 438 2389">
     <span class='ocr_line' id='line_1_89' title="bbox 125 2352 438 2389; baseline 0.013 -9"><span class='ocrx_word' id='word_1_626' title='bbox 125 2352 150 2377; x_wconf 66' lang='lat' dir='ltr'><strong>‘al</strong></span> <span class='ocrx_word' id='word_1_627' title='bbox 169 2352 269 2383; x_wconf 85' lang='lat' dir='ltr'><strong>Matth.</strong></span> <span class='ocrx_word' id='word_1_628' title='bbox 288 2361 370 2389; x_wconf 84' lang='lat' dir='ltr'><strong>xxut,</strong></span> <span class='ocrx_word' id='word_1_629' title='bbox 393 2353 438 2384; x_wconf 79' lang='lat'><strong>1‘2.</strong></span> 
     </span>
    </p>
   </div>
   <div class='ocr_carea' id='block_1_90' title="bbox 128 2426 905 2472">
    <p class='ocr_par' dir='ltr' id='par_1_90' title="bbox 128 2426 905 2472">
     <span class='ocr_line' id='line_1_90' title="bbox 128 2426 905 2472; baseline 0 -10"><span class='ocrx_word' id='word_1_630' title='bbox 128 2432 166 2472; x_wconf 80' lang='grc' dir='ltr'><strong>(Ι)</strong></span> <span class='ocrx_word' id='word_1_631' title='bbox 204 2426 268 2466; x_wconf 22' lang='lat' dir='ltr'><strong>“Eoo:</strong></span> <span class='ocrx_word' id='word_1_632' title='bbox 299 2446 328 2462; x_wconf 80' lang='grc' dir='ltr'><strong>το</strong></span> <span class='ocrx_word' id='word_1_633' title='bbox 365 2433 438 2466; x_wconf 69' lang='grc' dir='ltr'>Ξύλον</span> <span class='ocrx_word' id='word_1_634' title='bbox 474 2435 523 2467; x_wconf 75' lang='grc' dir='ltr'><strong>τὴν</strong></span> <span class='ocrx_word' id='word_1_635' title='bbox 558 2433 686 2471; x_wconf 70' lang='grc' dir='ltr'><strong>ὑμνῳόἷκν</strong></span> <span class='ocrx_word' id='word_1_636' title='bbox 722 2434 830 2472; x_wconf 74' lang='grc' dir='ltr'><strong>σημάνῃ</strong></span> <span class='ocrx_word' id='word_1_637' title='bbox 860 2437 905 2462; x_wconf 75' lang='grc' dir='ltr'><strong>τοῦ</strong></span> 
     </span>
    </p>
   </div>
   <div class='ocr_carea' id='block_1_91' title="bbox 86 2472 902 2514">
    <p class='ocr_par' dir='ltr' id='par_1_91' title="bbox 86 2472 902 2514">
     <span class='ocr_line' id='line_1_91' title="bbox 86 2472 902 2514; baseline 0.005 -14"><span class='ocrx_word' id='word_1_638' title='bbox 86 2472 228 2512; x_wconf 47' lang='lat' dir='ltr'><strong>inriguo-3</strong></span> <span class='ocrx_word' id='word_1_639' title='bbox 253 2473 321 2514; x_wconf 79' lang='lat' dir='ltr'><strong>Syn.</strong></span> <span class='ocrx_word' id='word_1_640' title='bbox 344 2475 385 2514; x_wconf 18' lang='lat' dir='ltr'><strong>7r:</strong></span> <span class='ocrx_word' id='word_1_641' title='bbox 406 2477 462 2504; x_wconf 86' lang='lat' dir='ltr'><strong>act.</strong></span> <span class='ocrx_word' id='word_1_642' title='bbox 485 2474 502 2505; x_wconf 80' lang='grc'>4</span> <span class='ocrx_word' id='word_1_643' title='bbox 524 2483 611 2504; x_wconf 74' lang='lat' dir='ltr'><strong>sacra</strong></span> <span class='ocrx_word' id='word_1_644' title='bbox 629 2474 713 2511; x_wconf 81' lang='lat' dir='ltr'><strong>tigna</strong></span> <span class='ocrx_word' id='word_1_645' title='bbox 735 2473 902 2512; x_wconf 44' lang='lat' dir='ltr'><strong>pulsantes:</strong></span> 
     </span>
    </p>
   </div>
   <div class='ocr_carea' id='block_1_92' title="bbox 87 2513 905 2553">
    <p class='ocr_par' dir='ltr' id='par_1_92' title="bbox 87 2513 905 2553">
     <span class='ocr_line' id='line_1_92' title="bbox 87 2513 905 2553; baseline 0.001 -10"><span class='ocrx_word' id='word_1_646' title='bbox 87 2522 179 2553; x_wconf 88' lang='lat' dir='ltr'><strong>neque</strong></span> <span class='ocrx_word' id='word_1_647' title='bbox 195 2513 273 2543; x_wconf 86' lang='lat' dir='ltr'><strong>enim</strong></span> <span class='ocrx_word' id='word_1_648' title='bbox 289 2513 485 2546; x_wconf 86' lang='lat' dir='ltr'><strong>olitninhunc</strong></span> <span class='ocrx_word' id='word_1_649' title='bbox 497 2523 580 2544; x_wconf 89' lang='lat' dir='ltr'><strong>usum</strong></span> <span class='ocrx_word' id='word_1_650' title='bbox 598 2518 680 2544; x_wconf 82' lang='lat' dir='ltr'><strong>erant</strong></span> <span class='ocrx_word' id='word_1_651' title='bbox 697 2518 804 2548; x_wconf 71' lang='lat' dir='ltr'><strong>tera,ut</strong></span> <span class='ocrx_word' id='word_1_652' title='bbox 815 2514 905 2544; x_wconf 84' lang='lat' dir='ltr'><strong>hodie</strong></span> 
     </span>
    </p>
   </div>
   <div class='ocr_carea' id='block_1_93' title="bbox 124 2553 906 2594">
    <p class='ocr_par' dir='ltr' id='par_1_93' title="bbox 124 2553 906 2594">
     <span class='ocr_line' id='line_1_93' title="bbox 124 2553 906 2594; baseline 0.001 -11"><span class='ocrx_word' id='word_1_653' title='bbox 124 2553 182 2594; x_wconf 61' lang='lat' dir='ltr'><strong>(fit</strong></span> <span class='ocrx_word' id='word_1_654' title='bbox 198 2553 410 2594; x_wconf 63' lang='lat' dir='ltr'><strong>Prgecipiebant</strong></span> <span class='ocrx_word' id='word_1_655' title='bbox 427 2555 489 2585; x_wconf 73' lang='lat' dir='ltr'><strong>hmo</strong></span> <span class='ocrx_word' id='word_1_656' title='bbox 502 2559 531 2584; x_wconf 87' lang='lat' dir='ltr'><strong>et</strong></span> <span class='ocrx_word' id='word_1_657' title='bbox 543 2554 652 2584; x_wconf 88' lang='lat' dir='ltr'><strong>sitnilia</strong></span> <span class='ocrx_word' id='word_1_658' title='bbox 663 2559 751 2584; x_wconf 79' lang='lat' dir='ltr'><strong>veter-</strong></span> <span class='ocrx_word' id='word_1_659' title='bbox 765 2554 829 2584; x_wconf 88' lang='lat' dir='ltr'><strong>silli</strong></span> <span class='ocrx_word' id='word_1_660' title='bbox 844 2563 906 2584; x_wconf 94' lang='lat' dir='ltr'><strong>mo-</strong></span> 
     </span>
    </p>
   </div>
   <div class='ocr_carea' id='block_1_94' title="bbox 87 2593 903 2632">
    <p class='ocr_par' dir='ltr' id='par_1_94' title="bbox 87 2593 903 2632">
     <span class='ocr_line' id='line_1_94' title="bbox 87 2593 903 2632; baseline 0 -8"><span class='ocrx_word' id='word_1_661' title='bbox 87 2593 202 2624; x_wconf 58' lang='lat' dir='ltr'><strong>nasticae</strong></span> <span class='ocrx_word' id='word_1_662' title='bbox 217 2593 282 2624; x_wconf 60' lang='lat' dir='ltr'><strong>vita</strong></span> <span class='ocrx_word' id='word_1_663' title='bbox 294 2593 441 2632; x_wconf 75' lang='lat' dir='ltr'><strong>magistri,</strong></span> <span class='ocrx_word' id='word_1_664' title='bbox 459 2598 520 2624; x_wconf 87' lang='lat' dir='ltr'><strong>tum</strong></span> <span class='ocrx_word' id='word_1_665' title='bbox 541 2594 716 2624; x_wconf 68' lang='lat' dir='ltr'><strong>reverentur:</strong></span> <span class='ocrx_word' id='word_1_666' title='bbox 733 2603 821 2624; x_wconf 85' lang='lat' dir='ltr'><strong>causa</strong></span> <span class='ocrx_word' id='word_1_667' title='bbox 834 2603 903 2632; x_wconf 83' lang='lat' dir='ltr'><strong>erga</strong></span> 
     </span>
    </p>
   </div>
   <div class='ocr_carea' id='block_1_95' title="bbox 87 2633 902 2674">
    <p class='ocr_par' dir='ltr' id='par_1_95' title="bbox 87 2633 902 2674">
     <span class='ocr_line' id='line_1_95' title="bbox 87 2633 902 2674; baseline 0 -10"><span class='ocrx_word' id='word_1_668' title='bbox 87 2633 272 2674; x_wconf 83' lang='lat' dir='ltr'><strong>superiores;</strong></span> <span class='ocrx_word' id='word_1_669' title='bbox 291 2638 352 2664; x_wconf 87' lang='lat' dir='ltr'><strong>tum</strong></span> <span class='ocrx_word' id='word_1_670' title='bbox 369 2638 399 2664; x_wconf 93' lang='lat' dir='ltr'><strong>ut</strong></span> <span class='ocrx_word' id='word_1_671' title='bbox 415 2634 549 2665; x_wconf 90' lang='lat' dir='ltr'><strong>subditos</strong></span> <span class='ocrx_word' id='word_1_672' title='bbox 565 2644 581 2664; x_wconf 90' lang='lat' dir='ltr'><strong>a</strong></span> <span class='ocrx_word' id='word_1_673' title='bbox 604 2634 768 2665; x_wconf 82' lang='lat' dir='ltr'><strong>temerariis</strong></span> <span class='ocrx_word' id='word_1_674' title='bbox 781 2634 902 2673; x_wconf 88' lang='lat' dir='ltr'><strong>judiciis</strong></span> 
     </span>
    </p>
   </div>
   <div class='ocr_carea' id='block_1_96' title="bbox 87 2674 901 2713">
    <p class='ocr_par' dir='ltr' id='par_1_96' title="bbox 87 2674 901 2713">
     <span class='ocr_line' id='line_1_96' title="bbox 87 2674 901 2713; baseline 0 -9"><span class='ocrx_word' id='word_1_675' title='bbox 87 2678 238 2704; x_wconf 83' lang='lat' dir='ltr'><strong>arcerent:</strong></span> <span class='ocrx_word' id='word_1_676' title='bbox 256 2684 272 2704; x_wconf 74' lang='grc' dir='ltr'><em>ε</em></span> <span class='ocrx_word' id='word_1_677' title='bbox 289 2674 399 2713; x_wconf 87' lang='lat' dir='ltr'><strong>quibus</strong></span> <span class='ocrx_word' id='word_1_678' title='bbox 424 2684 511 2705; x_wconf 90' lang='lat' dir='ltr'><strong>nemo</strong></span> <span class='ocrx_word' id='word_1_679' title='bbox 536 2676 679 2706; x_wconf 85' lang='lat' dir='ltr'><strong>remotius</strong></span> <span class='ocrx_word' id='word_1_680' title='bbox 706 2675 798 2705; x_wconf 88' lang='lat' dir='ltr'><strong>distat</strong></span> <span class='ocrx_word' id='word_1_681' title='bbox 814 2684 901 2713; x_wconf 87' lang='lat' dir='ltr'><strong>quam</strong></span> 
     </span>
    </p>
   </div>
   <div class='ocr_carea' id='block_1_97' title="bbox 87 2714 904 2755">
    <p class='ocr_par' dir='ltr' id='par_1_97' title="bbox 87 2714 904 2755">
     <span class='ocr_line' id='line_1_97' title="bbox 87 2714 904 2755; baseline 0.001 -11"><span class='ocrx_word' id='word_1_682' title='bbox 87 2714 132 2755; x_wconf 78' lang='lat' dir='ltr'><strong>ille</strong></span> <span class='ocrx_word' id='word_1_683' title='bbox 145 2714 247 2755; x_wconf 73' lang='lat' dir='ltr'><strong>quine</strong></span> <span class='ocrx_word' id='word_1_684' title='bbox 263 2714 488 2755; x_wconf 16' lang='lat' dir='ltr'><strong>dermanifestis</strong></span> <span class='ocrx_word' id='word_1_685' title='bbox 510 2715 630 2755; x_wconf 89' lang='lat' dir='ltr'><strong>quidem</strong></span> <span class='ocrx_word' id='word_1_686' title='bbox 653 2714 800 2755; x_wconf 88' lang='lat' dir='ltr'><strong>judicium</strong></span> <span class='ocrx_word' id='word_1_687' title='bbox 825 2714 904 2745; x_wconf 88' lang='lat' dir='ltr'><strong>ferre</strong></span> 
     </span>
    </p>
   </div>
   <div class='ocr_carea' id='block_1_98' title="bbox 86 2753 904 2796">
    <p class='ocr_par' dir='ltr' id='par_1_98' title="bbox 86 2753 904 2796">
     <span class='ocr_line' id='line_1_98' title="bbox 86 2753 904 2796; baseline 0 -11"><span class='ocrx_word' id='word_1_688' title='bbox 86 2753 165 2796; x_wconf 79' lang='lat' dir='ltr'><strong>solet.</strong></span> <span class='ocrx_word' id='word_1_689' title='bbox 188 2753 249 2796; x_wconf 82' lang='lat' dir='ltr'><strong>Nec</strong></span> <span class='ocrx_word' id='word_1_690' title='bbox 274 2754 393 2796; x_wconf 74' lang='lat' dir='ltr'><strong>mirum,</strong></span> <span class='ocrx_word' id='word_1_691' title='bbox 413 2756 480 2796; x_wconf 83' lang='lat' dir='ltr'><strong>talia</strong></span> <span class='ocrx_word' id='word_1_692' title='bbox 503 2753 662 2796; x_wconf 64' lang='lat' dir='ltr'><strong>praecepta</strong></span> <span class='ocrx_word' id='word_1_693' title='bbox 676 2754 823 2796; x_wconf 65' lang='lat' dir='ltr'><strong>religiosae</strong></span> <span class='ocrx_word' id='word_1_694' title='bbox 838 2754 904 2796; x_wconf 65' lang='lat' dir='ltr'><strong>vita:</strong></span> 
     </span>
    </p>
   </div>
   <div class='ocr_carea' id='block_1_99' title="bbox 86 2794 903 2836">
    <p class='ocr_par' dir='ltr' id='par_1_99' title="bbox 86 2794 903 2836">
     <span class='ocr_line' id='line_1_99' title="bbox 86 2794 903 2836; baseline -0.001 -10"><span class='ocrx_word' id='word_1_695' title='bbox 86 2795 297 2836; x_wconf 84' lang='lat' dir='ltr'><strong>professoribus</strong></span> <span class='ocrx_word' id='word_1_696' title='bbox 312 2795 404 2826; x_wconf 90' lang='lat' dir='ltr'><strong>fuisse</strong></span> <span class='ocrx_word' id='word_1_697' title='bbox 421 2794 511 2832; x_wconf 55' lang='lat' dir='ltr'><strong>data,&#39;</strong></span> <span class='ocrx_word' id='word_1_698' title='bbox 523 2794 641 2836; x_wconf 83' lang='lat' dir='ltr'><strong>quando</strong></span> <span class='ocrx_word' id='word_1_699' title='bbox 654 2799 685 2836; x_wconf 87' lang='lat' dir='ltr'><strong>ut</strong></span> <span class='ocrx_word' id='word_1_700' title='bbox 700 2794 903 2836; x_wconf 69' lang='lat' dir='ltr'><strong>Constantium</strong></span> 
     </span>
    </p>
   </div>
   <div class='ocr_carea' id='block_1_100' title="bbox 87 2805 906 2876">
    <p class='ocr_par' dir='ltr' id='par_1_100' title="bbox 87 2805 906 2876">
     <span class='ocr_line' id='line_1_100' title="bbox 87 2805 903 2866; baseline -0.001 -40"><span class='ocrx_word' id='word_1_701' title='bbox 87 2805 297 2836; x_wconf 79' lang='lat' dir='ltr'><strong>PI&#39;OIeSSOI&#39;IDUS</strong></span> <span class='ocrx_word' id='word_1_702' title='bbox 312 2805 404 2826; x_wconf 69' lang='lat' dir='ltr'><strong>IUISSG</strong></span> <span class='ocrx_word' id='word_1_703' title='bbox 421 2805 499 2832; x_wconf 88' lang='lat' dir='ltr'><strong>uata,</strong></span> <span class='ocrx_word' id='word_1_704' title='bbox 523 2805 641 2866; x_wconf 84' lang='lat' dir='ltr'><strong>quanoo</strong></span> <span class='ocrx_word' id='word_1_705' title='bbox 654 2805 685 2825; x_wconf 82' lang='grc' dir='ltr'>υι</span> <span class='ocrx_word' id='word_1_706' title='bbox 700 2805 903 2826; x_wconf 67' lang='lat' dir='ltr'><strong>bonsmnuum</strong></span> 
     </span>
     <span class='ocr_line' id='line_1_101' title="bbox 87 2834 906 2876; baseline -0.001 -9"><span class='ocrx_word' id='word_1_707' title='bbox 87 2837 217 2875; x_wconf 76' lang='lat' dir='ltr'><strong>Magnum</strong></span> <span class='ocrx_word' id='word_1_708' title='bbox 234 2835 446 2875; x_wconf 86' lang='lat' dir='ltr'><strong>imperatorem</strong></span> <span class='ocrx_word' id='word_1_709' title='bbox 460 2836 527 2867; x_wconf 86' lang='lat' dir='ltr'><strong>simi</strong></span> <span class='ocrx_word' id='word_1_710' title='bbox 542 2846 557 2866; x_wconf 88' lang='lat' dir='ltr'><strong>e</strong></span> <span class='ocrx_word' id='word_1_711' title='bbox 570 2835 641 2876; x_wconf 88' lang='lat' dir='ltr'><strong>quid</strong></span> <span class='ocrx_word' id='word_1_712' title='bbox 656 2834 807 2867; x_wconf 86' lang='lat' dir='ltr'><strong>factitasse</strong></span> <span class='ocrx_word' id='word_1_713' title='bbox 822 2844 906 2866; x_wconf 84' lang='lat' dir='ltr'><strong>acce-</strong></span> 
     </span>
    </p>
   </div>
   <div class='ocr_carea' id='block_1_101' title="bbox 949 2081 1770 2121">
    <p class='ocr_par' dir='ltr' id='par_1_101' title="bbox 949 2081 1770 2121">
     <span class='ocr_line' id='line_1_102' title="bbox 949 2081 1770 2121; baseline -0.002 -10"><span class='ocrx_word' id='word_1_714' title='bbox 949 2081 987 2111; x_wconf 91' lang='lat' dir='ltr'><strong>ali</strong></span> <span class='ocrx_word' id='word_1_715' title='bbox 1003 2081 1032 2111; x_wconf 92' lang='lat' dir='ltr'><strong>in</strong></span> <span class='ocrx_word' id='word_1_716' title='bbox 1047 2082 1146 2118; x_wconf 91' lang='lat' dir='ltr'><strong>horas,</strong></span> <span class='ocrx_word' id='word_1_717' title='bbox 1158 2081 1182 2111; x_wconf 92' lang='lat' dir='ltr'><strong>si</strong></span> <span class='ocrx_word' id='word_1_718' title='bbox 1198 2087 1304 2121; x_wconf 90' lang='lat' dir='ltr'><strong>potest,</strong></span> <span class='ocrx_word' id='word_1_719' title='bbox 1318 2081 1418 2111; x_wconf 88' lang='lat' dir='ltr'><strong>indica</strong></span> <span class='ocrx_word' id='word_1_720' title='bbox 1442 2081 1487 2111; x_wconf 90' lang='lat' dir='ltr'><strong>sin</strong></span> <span class='ocrx_word' id='word_1_721' title='bbox 1499 2083 1610 2117; x_wconf 91' lang='lat' dir='ltr'><strong>minus,</strong></span> <span class='ocrx_word' id='word_1_722' title='bbox 1628 2090 1665 2110; x_wconf 89' lang='lat' dir='ltr'><strong>ne</strong></span> <span class='ocrx_word' id='word_1_723' title='bbox 1682 2089 1770 2110; x_wconf 87' lang='lat' dir='ltr'><strong>unam</strong></span> 
     </span>
    </p>
   </div>
   <div class='ocr_carea' id='block_1_102' title="bbox 948 2123 1770 2165">
    <p class='ocr_par' dir='ltr' id='par_1_102' title="bbox 948 2123 1770 2165">
     <span class='ocr_line' id='line_1_103' title="bbox 948 2123 1770 2165; baseline -0.001 -12"><span class='ocrx_word' id='word_1_724' title='bbox 948 2134 1113 2165; x_wconf 90' lang='lat' dir='ltr'><strong>vesperam,</strong></span> <span class='ocrx_word' id='word_1_725' title='bbox 1145 2125 1263 2162; x_wconf 81' lang='lat' dir='ltr'><strong>dilecte,</strong></span> <span class='ocrx_word' id='word_1_726' title='bbox 1292 2125 1461 2165; x_wconf 66' lang='lat' dir='ltr'><strong>prmtei‘eas,</strong></span> <span class='ocrx_word' id='word_1_727' title='bbox 1488 2124 1539 2155; x_wconf 87' lang='lat' dir='ltr'><strong>sed</strong></span> <span class='ocrx_word' id='word_1_728' title='bbox 1566 2129 1630 2164; x_wconf 79' lang='lat' dir='ltr'><strong>pOst</strong></span> <span class='ocrx_word' id='word_1_729' title='bbox 1651 2123 1770 2153; x_wconf 90' lang='lat' dir='ltr'><strong>matuti-</strong></span> 
     </span>
    </p>
   </div>
   <div class='ocr_carea' id='block_1_103' title="bbox 949 2168 1769 2210">
    <p class='ocr_par' dir='ltr' id='par_1_103' title="bbox 949 2168 1769 2210">
     <span class='ocr_line' id='line_1_104' title="bbox 949 2168 1769 2210; baseline -0.002 -11"><span class='ocrx_word' id='word_1_730' title='bbox 949 2179 1029 2207; x_wconf 86' lang='lat' dir='ltr'><strong>num,</strong></span> <span class='ocrx_word' id='word_1_731' title='bbox 1053 2169 1180 2200; x_wconf 87' lang='lat' dir='ltr'><strong>dicussis</strong></span> <span class='ocrx_word' id='word_1_732' title='bbox 1204 2170 1344 2200; x_wconf 85' lang='lat' dir='ltr'><strong>omnibus</strong></span> <span class='ocrx_word' id='word_1_733' title='bbox 1368 2179 1434 2210; x_wconf 70' lang='lat' dir='ltr'><strong>qua:</strong></span> <span class='ocrx_word' id='word_1_734' title='bbox 1450 2169 1501 2199; x_wconf 79' lang='lat' dir='ltr'><strong>tilti</strong></span> <span class='ocrx_word' id='word_1_735' title='bbox 1518 2174 1616 2208; x_wconf 59' lang='lat' dir='ltr'><strong>couttg</strong></span> <span class='ocrx_word' id='word_1_736' title='bbox 1637 2173 1715 2204; x_wconf 81' lang='lat' dir='ltr'><strong>runt,</strong></span> <span class='ocrx_word' id='word_1_737' title='bbox 1744 2168 1769 2198; x_wconf 88' lang='lat' dir='ltr'><strong>ei</strong></span> 
     </span>
    </p>
   </div>
   <div class='ocr_carea' id='block_1_104' title="bbox 948 2213 1771 2254">
    <p class='ocr_par' dir='ltr' id='par_1_104' title="bbox 948 2213 1771 2254">
     <span class='ocr_line' id='line_1_105' title="bbox 948 2213 1771 2254; baseline -0.005 -9"><span class='ocrx_word' id='word_1_738' title='bbox 948 2222 1103 2254; x_wconf 70' lang='lat' dir='ltr'><strong>expone,et</strong></span> <span class='ocrx_word' id='word_1_739' title='bbox 1128 2215 1215 2245; x_wconf 89' lang='lat' dir='ltr'><strong>ﬁdem</strong></span> <span class='ocrx_word' id='word_1_740' title='bbox 1237 2215 1430 2245; x_wconf 87' lang='lat' dir='ltr'><strong>indubitatam</strong></span> <span class='ocrx_word' id='word_1_741' title='bbox 1443 2223 1511 2252; x_wconf 73' lang='lat' dir='ltr'><strong>erga</strong></span> <span class='ocrx_word' id='word_1_742' title='bbox 1527 2214 1608 2244; x_wconf 90' lang='lat' dir='ltr'><strong>illum</strong></span> <span class='ocrx_word' id='word_1_743' title='bbox 1635 2213 1722 2249; x_wconf 84' lang='lat' dir='ltr'><strong>habe,</strong></span> <span class='ocrx_word' id='word_1_744' title='bbox 1742 2217 1771 2242; x_wconf 89' lang='lat' dir='ltr'><strong>et</strong></span> 
     </span>
    </p>
   </div>
   <div class='ocr_carea' id='block_1_105' title="bbox 947 2258 1772 2299">
    <p class='ocr_par' dir='ltr' id='par_1_105' title="bbox 947 2258 1772 2299">
     <span class='ocr_line' id='line_1_106' title="bbox 947 2258 1772 2299; baseline -0.004 -9"><span class='ocrx_word' id='word_1_745' title='bbox 947 2260 971 2290; x_wconf 89' lang='lat' dir='ltr'><strong>si</strong></span> <span class='ocrx_word' id='word_1_746' title='bbox 988 2264 1064 2291; x_wconf 91' lang='lat' dir='ltr'><strong>totus</strong></span> <span class='ocrx_word' id='word_1_747' title='bbox 1081 2260 1209 2290; x_wconf 91' lang='lat' dir='ltr'><strong>tnundus</strong></span> <span class='ocrx_word' id='word_1_748' title='bbox 1224 2259 1249 2290; x_wconf 91' lang='lat' dir='ltr'><strong>ei</strong></span> <span class='ocrx_word' id='word_1_749' title='bbox 1266 2259 1440 2290; x_wconf 86' lang='lat' dir='ltr'><strong>convitietur</strong></span> <span class='ocrx_word' id='word_1_750' title='bbox 1457 2264 1542 2299; x_wconf 84' lang='lat' dir='ltr'><strong>atque</strong></span> <span class='ocrx_word' id='word_1_751' title='bbox 1566 2258 1723 2294; x_wconf 81' lang='lat' dir='ltr'><strong>obtrectet,</strong></span> <span class='ocrx_word' id='word_1_752' title='bbox 1744 2262 1772 2288; x_wconf 88' lang='lat' dir='ltr'><strong>et</strong></span> 
     </span>
    </p>
   </div>
   <div class='ocr_carea' id='block_1_106' title="bbox 948 2433 1772 2473">
    <p class='ocr_par' dir='ltr' id='par_1_106' title="bbox 948 2433 1772 2473">
     <span class='ocr_line' id='line_1_107' title="bbox 948 2433 1772 2473; baseline 0 -11"><span class='ocrx_word' id='word_1_753' title='bbox 948 2433 1064 2473; x_wconf 89' lang='lat' dir='ltr'><strong>pimus:</strong></span> <span class='ocrx_word' id='word_1_754' title='bbox 1078 2433 1112 2463; x_wconf 79' lang='lat' dir='ltr'><strong>In</strong></span> <span class='ocrx_word' id='word_1_755' title='bbox 1132 2433 1300 2472; x_wconf 76' lang='lat' dir='ltr'><strong>Scripluris</strong></span> <span class='ocrx_word' id='word_1_756' title='bbox 1328 2434 1702 2473; x_wconf 69' lang='lat' dir='ltr'><strong>mtrrulttrCoustnntintts</strong></span> <span class='ocrx_word' id='word_1_757' title='bbox 1718 2433 1772 2462; x_wconf 83' lang='lat' dir='ltr'><strong>im-</strong></span> 
     </span>
    </p>
   </div>
   <div class='ocr_carea' id='block_1_107' title="bbox 947 2472 1768 2513">
    <p class='ocr_par' dir='ltr' id='par_1_107' title="bbox 947 2472 1768 2513">
     <span class='ocr_line' id='line_1_108' title="bbox 947 2472 1768 2513; baseline -0.001 -9"><span class='ocrx_word' id='word_1_758' title='bbox 947 2472 1070 2512; x_wconf 65' lang='lat' dir='ltr'><strong>perator</strong></span> <span class='ocrx_word' id='word_1_759' title='bbox 1084 2474 1215 2504; x_wconf 63' lang='lat' dir='ltr'><strong>(fixisse.</strong></span> <span class='ocrx_word' id='word_1_760' title='bbox 1232 2473 1328 2513; x_wconf 90' lang='lat' dir='ltr'><strong>inquit</strong></span> <span class='ocrx_word' id='word_1_761' title='bbox 1342 2472 1480 2504; x_wconf 82' lang='lat' dir='ltr'><strong>Nicolaus</strong></span> <span class='ocrx_word' id='word_1_762' title='bbox 1493 2475 1606 2513; x_wconf 86' lang='lat' dir='ltr'><strong>primus</strong></span> <span class='ocrx_word' id='word_1_763' title='bbox 1623 2473 1768 2509; x_wconf 82' lang='lat' dir='ltr'><strong>Pontifex,</strong></span> 
     </span>
    </p>
   </div>
   <div class='ocr_carea' id='block_1_108' title="bbox 948 2513 1773 2554">
    <p class='ocr_par' dir='ltr' id='par_1_108' title="bbox 948 2513 1773 2554">
     <span class='ocr_line' id='line_1_109' title="bbox 948 2513 1773 2554; baseline 0 -11"><span class='ocrx_word' id='word_1_764' title='bbox 948 2513 1080 2554; x_wconf 23' lang='lat' dir='ltr'><strong>iniepist.</strong></span> <span class='ocrx_word' id='word_1_765' title='bbox 1097 2513 1334 2554; x_wconf 60' lang='lat' dir='ltr'><strong>altudovicum</strong></span> <span class='ocrx_word' id='word_1_766' title='bbox 1351 2513 1573 2554; x_wconf 81' lang='lat' dir='ltr'><strong>imperatorem.</strong></span> <span class='ocrx_word' id='word_1_767' title='bbox 1593 2519 1620 2544; x_wconf 84' lang='lat' dir='ltr'><strong>ct</strong></span> <span class='ocrx_word' id='word_1_768' title='bbox 1646 2514 1773 2543; x_wconf 69' lang='lat' dir='ltr'><strong>refertur</strong></span> 
     </span>
    </p>
   </div>
   <div class='ocr_carea' id='block_1_109' title="bbox 948 2553 1769 2593">
    <p class='ocr_par' dir='ltr' id='par_1_109' title="bbox 948 2553 1769 2593">
     <span class='ocr_line' id='line_1_110' title="bbox 948 2553 1769 2593; baseline 0.001 -10"><span class='ocrx_word' id='word_1_769' title='bbox 948 2563 963 2584; x_wconf 90' lang='lat' dir='ltr'><strong>a</strong></span> <span class='ocrx_word' id='word_1_770' title='bbox 979 2553 1119 2584; x_wconf 87' lang='lat' dir='ltr'><strong>Grationo</strong></span> <span class='ocrx_word' id='word_1_771' title='bbox 1133 2553 1163 2584; x_wconf 92' lang='lat' dir='ltr'><strong>d.</strong></span> <span class='ocrx_word' id='word_1_772' title='bbox 1179 2554 1237 2585; x_wconf 79' lang='lat'><strong>96:</strong></span> <span class='ocrx_word' id='word_1_773' title='bbox 1260 2553 1329 2584; x_wconf 84' lang='lat' dir='ltr'><strong>Vere</strong></span> <span class='ocrx_word' id='word_1_774' title='bbox 1344 2555 1370 2584; x_wconf 77' lang='lat' dir='ltr'><strong>si</strong></span> <span class='ocrx_word' id='word_1_775' title='bbox 1392 2555 1527 2593; x_wconf 78' lang='lat' dir='ltr'><strong>propriis</strong></span> <span class='ocrx_word' id='word_1_776' title='bbox 1551 2555 1649 2585; x_wconf 76' lang='lat' dir='ltr'><strong>Oculis</strong></span> <span class='ocrx_word' id='word_1_777' title='bbox 1674 2554 1769 2584; x_wconf 82' lang='lat' dir='ltr'><strong>vidis-</strong></span> 
     </span>
    </p>
   </div>
   <div class='ocr_carea' id='block_1_110' title="bbox 944 2593 1772 2633">
    <p class='ocr_par' dir='ltr' id='par_1_110' title="bbox 944 2593 1772 2633">
     <span class='ocr_line' id='line_1_111' title="bbox 944 2593 1772 2633; baseline 0.001 -10"><span class='ocrx_word' id='word_1_778' title='bbox 944 2603 1006 2624; x_wconf 85' lang='lat' dir='ltr'><strong>sem</strong></span> <span class='ocrx_word' id='word_1_779' title='bbox 1021 2595 1204 2625; x_wconf 81' lang='lat' dir='ltr'><strong>sucerdotcm</strong></span> <span class='ocrx_word' id='word_1_780' title='bbox 1226 2593 1291 2630; x_wconf 81' lang='lat' dir='ltr'><strong>Dei,</strong></span> <span class='ocrx_word' id='word_1_781' title='bbox 1308 2598 1362 2624; x_wconf 85' lang='lat' dir='ltr'><strong>aut</strong></span> <span class='ocrx_word' id='word_1_782' title='bbox 1378 2595 1507 2632; x_wconf 72' lang='lat' dir='ltr'><strong>aliquant</strong></span> <span class='ocrx_word' id='word_1_783' title='bbox 1524 2603 1628 2625; x_wconf 71' lang='lat' dir='ltr'><strong>eorum</strong></span> <span class='ocrx_word' id='word_1_784' title='bbox 1645 2593 1697 2633; x_wconf 78' lang='lat' dir='ltr'><strong>qui</strong></span> <span class='ocrx_word' id='word_1_785' title='bbox 1709 2602 1772 2624; x_wconf 89' lang='lat' dir='ltr'><strong>mo-</strong></span> 
     </span>
    </p>
   </div>
   <div class='ocr_carea' id='block_1_111' title="bbox 944 2633 1769 2674">
    <p class='ocr_par' dir='ltr' id='par_1_111' title="bbox 944 2633 1769 2674">
     <span class='ocr_line' id='line_1_112' title="bbox 944 2633 1769 2674; baseline 0 -11"><span class='ocrx_word' id='word_1_786' title='bbox 944 2633 1069 2665; x_wconf 78' lang='lat' dir='ltr'><strong>nachico</strong></span> <span class='ocrx_word' id='word_1_787' title='bbox 1093 2634 1200 2665; x_wconf 69' lang='lat' dir='ltr'><strong>habitu</strong></span> <span class='ocrx_word' id='word_1_788' title='bbox 1216 2637 1333 2665; x_wconf 83' lang='lat' dir='ltr'><strong>circum</strong></span> <span class='ocrx_word' id='word_1_789' title='bbox 1348 2634 1451 2665; x_wconf 74' lang='lat' dir='ltr'><strong>amicti</strong></span> <span class='ocrx_word' id='word_1_790' title='bbox 1474 2638 1556 2671; x_wconf 77' lang='lat' dir='ltr'><strong>sunt,</strong></span> <span class='ocrx_word' id='word_1_791' title='bbox 1583 2637 1769 2674; x_wconf 68' lang='lat' dir='ltr'><strong>peccantem,</strong></span> 
     </span>
    </p>
   </div>
   <div class='ocr_carea' id='block_1_112' title="bbox 944 2673 1772 2714">
    <p class='ocr_par' dir='ltr' id='par_1_112' title="bbox 944 2673 1772 2714">
     <span class='ocr_line' id='line_1_113' title="bbox 944 2673 1772 2714; baseline -0.001 -10"><span class='ocrx_word' id='word_1_792' title='bbox 944 2673 1134 2714; x_wconf 71' lang='lat' dir='ltr'><strong>chlamydem</strong></span> <span class='ocrx_word' id='word_1_793' title='bbox 1160 2683 1258 2705; x_wconf 77' lang='lat' dir='ltr'><strong>meum</strong></span> <span class='ocrx_word' id='word_1_794' title='bbox 1283 2674 1501 2714; x_wconf 71' lang='lat' dir='ltr'><strong>exspoliarem,</strong></span> <span class='ocrx_word' id='word_1_795' title='bbox 1528 2678 1556 2705; x_wconf 84' lang='lat' dir='ltr'><strong>et</strong></span> <span class='ocrx_word' id='word_1_796' title='bbox 1583 2673 1772 2714; x_wconf 75' lang='lat' dir='ltr'><strong>cooperirem</strong></span> 
     </span>
    </p>
   </div>
   <div class='ocr_carea' id='block_1_113' title="bbox 945 2713 1770 2754">
    <p class='ocr_par' dir='ltr' id='par_1_113' title="bbox 945 2713 1770 2754">
     <span class='ocr_line' id='line_1_114' title="bbox 945 2713 1770 2754; baseline -0.001 -10"><span class='ocrx_word' id='word_1_797' title='bbox 945 2723 1011 2745; x_wconf 76' lang='lat' dir='ltr'><strong>eum</strong></span> <span class='ocrx_word' id='word_1_798' title='bbox 1028 2713 1065 2745; x_wconf 71' lang='lat' dir='ltr'><strong>ue</strong></span> <span class='ocrx_word' id='word_1_799' title='bbox 1081 2715 1118 2745; x_wconf 86' lang='lat' dir='ltr'><strong>ab</strong></span> <span class='ocrx_word' id='word_1_800' title='bbox 1134 2715 1238 2754; x_wconf 77' lang='lat' dir='ltr'><strong>aliquo</strong></span> <span class='ocrx_word' id='word_1_801' title='bbox 1253 2715 1422 2746; x_wconf 76' lang='lat' dir='ltr'><strong>videretur.</strong></span> <span class='ocrx_word' id='word_1_802' title='bbox 1438 2713 1508 2745; x_wconf 60' lang='lat' dir='ltr'><strong>Haec</strong></span> <span class='ocrx_word' id='word_1_803' title='bbox 1524 2714 1561 2744; x_wconf 86' lang='lat' dir='ltr'><strong>de</strong></span> <span class='ocrx_word' id='word_1_804' title='bbox 1576 2713 1770 2754; x_wconf 76' lang='lat' dir='ltr'><strong>Constantino</strong></span> 
     </span>
    </p>
   </div>
   <div class='ocr_carea' id='block_1_114' title="bbox 945 2753 1769 2797">
    <p class='ocr_par' dir='ltr' id='par_1_114' title="bbox 945 2753 1769 2797">
     <span class='ocr_line' id='line_1_115' title="bbox 945 2753 1769 2797; baseline 0 -13"><span class='ocrx_word' id='word_1_805' title='bbox 945 2754 1084 2797; x_wconf 69' lang='lat' dir='ltr'><strong>Nicotaus</strong></span> <span class='ocrx_word' id='word_1_806' title='bbox 1099 2755 1248 2793; x_wconf 85' lang='lat' dir='ltr'><strong>Pontifex,</strong></span> <span class='ocrx_word' id='word_1_807' title='bbox 1267 2759 1296 2785; x_wconf 87' lang='lat' dir='ltr'><strong>et</strong></span> <span class='ocrx_word' id='word_1_808' title='bbox 1310 2758 1378 2785; x_wconf 86' lang='lat' dir='ltr'><strong>ante</strong></span> <span class='ocrx_word' id='word_1_809' title='bbox 1393 2763 1461 2786; x_wconf 89' lang='lat' dir='ltr'><strong>eum</strong></span> <span class='ocrx_word' id='word_1_810' title='bbox 1476 2754 1610 2785; x_wconf 81' lang='lat' dir='ltr'><strong>Rufﬁnus</strong></span> <span class='ocrx_word' id='word_1_811' title='bbox 1625 2758 1654 2786; x_wconf 90' lang='lat' dir='ltr'><strong>et</strong></span> <span class='ocrx_word' id='word_1_812' title='bbox 1667 2753 1769 2797; x_wconf 20' lang='lat' dir='ltr'><strong>Theo.-</strong></span> 
     </span>
    </p>
   </div>
   <div class='ocr_carea' id='block_1_115' title="bbox 946 2796 1081 2826">
    <p class='ocr_par' dir='ltr' id='par_1_115' title="bbox 946 2796 1081 2826">
     <span class='ocr_line' id='line_1_116' title="bbox 946 2796 1081 2826; baseline 0 0"><span class='ocrx_word' id='word_1_813' title='bbox 946 2796 1081 2826; x_wconf 86' lang='lat' dir='ltr'><strong>doretus.</strong></span> 
     </span>
    </p>
   </div>
  </div>
