1978 3078
80 188 147 220 449

75 256 184 286 odium
197 255 371 293 fraternum,
383 255 535 292 invidiam,
548 257 656 293 zelum,
667 257 905 291 contentionem,

77 299 336 331 existimationem
346 300 516 339 praeclaram
523 301 566 331 sui
573 305 610 340 ,cl
617 301 658 332 rel
665 301 748 342 iquos
758 302 908 342 dernceps)

80 345 226 375 mandata
242 350 273 374 ut
290 345 464 381 medicinas,
491 351 539 375 ten
557 345 670 376 ationt-s
699 349 729 376 ut
745 350 906 378 cautrrem.

79 400 137 420 seu
149 390 260 421 ferrum
273 389 472 428 ehirurgicum
487 390 533 420 his
543 390 711 430 imponens.
727 391 911 422 humiliatus-

80 443 145 474 que
162 443 195 464 ac
210 434 324 472 lugens,
344 438 372 463 et
389 443 475 474 opem
504 434 631 465 divinam
648 435 788 465 ardenter
805 436 908 476 exqui-

83 489 172 512 rens.
204 478 330 517 gratiam
355 479 448 509 sancti
478 478 604 519 Spiritus
633 479 852 517 advenientem,
880 491 913 511 ac

83 523 224 562 singulos
248 523 422 553 evellentem
441 524 696 564 perimentemque
709 524 801 564 videt,
817 525 914 556 donec

84 568 221 598 animum
239 569 305 606 ejus
321 566 357 598 ab
387 568 525 598 omnibus
554 568 618 598 istis
648 568 766 599 tandem
785 570 915 608 perfecte

87 612 218 642 lberam
230 612 344 643 reddat.
356 613 421 643 Non
434 612 513 642 enim
525 613 603 643 illam
617 623 650 643 ex
668 618 760 652 parte,
778 614 829 644 sed
848 624 914 644 om—

86 656 162 687 nino
181 665 214 687 ac
241 666 313 697 pure
343 657 511 687 l‘aracletus
542 667 669 697 prtesers
702 658 728 687 in
747 658 913 689 libertatem

88 701 244 732 vindicare
259 701 330 731 vult.
349 701 420 733 Cum
439 702 598 733 nominatis
614 704 691 732 enim
709 703 915 733 affectionibus

87 746 236 786 quidquid
252 751 296 776 est
314 746 533 783 mmstitndinis,
555 747 698 787 quidquid
717 748 913 788 negligentiae,

88 791 238 831 quidquid
256 792 390 828 desiilite,
408 791 594 830 ignorantia},
620 792 788 828 oblivionis,
805 794 912 831 gastri-

91 836 335 875 margiae,studii
364 837 531 876 voluptarii,
563 837 635 876 haec,
667 837 915 876 inquum,omnia

89 880 183 919 fugat,
211 880 345 920 adeoque
374 881 524 911 hominem
553 886 685 916 renovat,
718 885 746 912 et
771 882 915 913 instaurat

89 925 191 955 anima
206 925 294 955 simul
307 929 477 966 etcorpore,
491 930 521 956 ut
533 926 730 956 nouinteritui
741 926 913 963 obnoxium,

90 973 120 999 et
146 970 346 1009 ponderosum
362 974 450 1010 atque
466 980 610 1007 crassum,
628 970 679 1001 sed
706 971 870 1011 spirituale,
888 977 917 1002 et

90 1022 202 1053 expers
218 1014 359 1051 materiae,
373 1019 402 1045 et
417 1015 480 1054 jam
497 1015 649 1050 idoneum,
669 1015 790 1055 quodin
808 1016 915 1046 coelum

90 1058 236 1098 rapiatur,
251 1068 358 1099 corpus
368 1064 484 1099 gestare
497 1060 641 1091 videatur.
654 1059 714 1090 Nec
731 1060 808 1090 istud
821 1060 917 1091 solum

93 1103 191 1140 gratia
207 1102 334 1142 Spiritus
352 1104 380 1134 in
411 1114 446 1134 eo
476 1109 634 1144 operatur:
668 1105 719 1135 sed
738 1114 792 1135 nec
808 1105 917 1136 intueri

94 1147 248 1187 quidpiam
278 1148 464 1178 sensibilium
493 1149 520 1179 ei
549 1149 715 1189 permittit:
746 1150 791 1180 vel
822 1150 919 1190 potius

94 1192 179 1231 quasi
193 1201 250 1222 non
264 1192 440 1230 intueretur,
452 1194 490 1224 ita
501 1203 567 1224 eum
581 1194 632 1223 has
649 1203 696 1224 res
713 1194 821 1224 intueri
838 1194 917 1225 facit.

95 1237 173 1266 Nam
189 1247 256 1267 cum
270 1247 353 1268 mens
365 1238 402 1268 iis
413 1247 478 1278 qum
495 1238 710 1278 intelliguntur,
720 1249 751 1268 se
759 1239 916 1275 dediderit,

95 1279 133 1310 ab
149 1280 196 1310 his
212 1291 277 1321 qua:
291 1281 321 1312 in
348 1291 466 1312 sensum
497 1283 606 1313 cadunt
635 1288 694 1314 tota
711 1283 847 1320 nisredit,
865 1283 920 1314 etsi

97 1334 134 1355 ea
146 1325 248 1356 videre
264 1330 291 1357 et
308 1327 544 1358 animadvertere
574 1331 702 1368 putetur.
721 1329 770 1358 Sic
786 1328 875 1368 igitur
891 1329 921 1359 in

97 1369 157 1402 his.
178 1380 284 1410 nempe
300 1380 368 1411 qua)
392 1372 587 1410 in‘elligentia
613 1373 674 1403 sola
691 1373 919 1413 perspiciuntur,

99 1423 277 1453 immorans,
295 1416 459 1447 secundum
487 1422 634 1457 sanctum,
665 1418 748 1457 cujus
777 1418 827 1448 illa
842 1427 919 1449 vox:

99 1459 210 1490 Nostra
220 1464 322 1492 autem
332 1462 519 1493 conrersutio
527 1463 558 1493 in
569 1463 650 1493 certis
656 1467 711 1503 est,
720 1472 781 1494 non
789 1467 923 1494 eontem-

98 1503 253 1542 planlibus
263 1506 349 1537 nobis
358 1515 424 1546 quae
436 1507 588 1543 vident-ur,
600 1508 655 1538 sed
665 1516 732 1547 qua:
743 1516 802 1539 non
816 1509 923 1539 viden-

100 1551 153 1578 tur
164 1549 208 1589 67,
220 1549 427 1588 ii:idetinetur,
436 1551 630 1590 iliuminalur,
643 1552 919 1592 assiduo’spirituali

100 1596 185 1624 aelate
201 1604 375 1634 augescens,
402 1599 431 1626 et
456 1596 588 1627 infantia)
603 1596 739 1627 sensibus
756 1598 917 1634 evacuatis,

100 1637 129 1668 in
147 1638 261 1669 virilem
292 1641 506 1679 perfectionem
534 1641 702 1681 proﬁciens.
735 1641 920 1682 Quapropter

97 1682 179 1720 juxta
195 1693 363 1714 mensuram
380 1695 496 1726 quoque
512 1686 605 1716 (etatis
627 1686 715 1726 hujus
730 1696 801 1723 suae,
817 1695 920 1717 secun-

101 1727 169 1757 dum
187 1728 262 1759 vires
278 1733 308 1759 et
322 1730 487 1761 functiones
503 1731 608 1762 animae
635 1731 819 1766 immutatur,
837 1736 865 1761 et
883 1731 918 1761 ad

101 1772 238 1803 mandata
254 1773 304 1804 Dei
330 1774 488 1806 factitanda
514 1776 618 1806 fortior
646 1785 680 1806 ac
708 1775 857 1816 potentior
872 1776 904 1806 fit

102 1816 173 1852 Quae
188 1818 320 1857 quotidie
336 1819 474 1860 implens,
492 1829 544 1860 pro
570 1820 704 1860 portione
720 1820 918 1851 rxsecutionis

101 1867 203 1889 eorum
220 1861 316 1892 adhuc
332 1868 480 1902 purgatur,
508 1864 700 1904 splendescit,
718 1865 918 1901 «:ulluslratul‘,

103 1913 278 1943 magnorum
309 1908 515 1947 mysteriorum
552 1909 748 1939 revelationes
778 1915 919 1944 meretur,

103 1958 228 1988 quorum
249 1951 477 1990 profunditatem
495 1963 582 1984 nemo
598 1953 716 1984 illorum
733 1953 782 1993 qui
799 1954 828 1983 in
845 1963 923 1984 eain-

103 1994 170 2024 dem
183 1996 338 2034 puritatem
349 2001 378 2028 ut
389 1998 603 2038 eveheruntur,
618 2008 677 2029 non
688 1998 921 2036 contenderunt,

104 2043 154 2068 aut
167 2039 239 2070 vidit
256 2050 398 2081 unquam,
416 2046 465 2073 aut
480 2043 582 2074 videre
598 2047 706 2083 potest.

144 2085 281 2124 Mysteria
312 2091 409 2118 autem
438 2087 516 2125 dico,
546 2097 611 2126 qua:
640 2098 706 2118 cum
733 2087 769 2118 ab
786 2087 925 2119 omnibus

103 2127 267 2166 videantur,
287 2141 345 2162 non
362 2136 459 2163 tamen
483 2132 792 2173 comprehunduntur.
808 2132 924 2163 Etenim

106 2182 188 2203 mens
203 2175 342 2215 aSpiritu
362 2178 533 2208 innovatore
549 2177 724 2215 illuminata,
743 2177 831 2208 etiam
849 2187 923 2208 ocu-

106 2217 150 2248 los
164 2227 265 2258 novos,
280 2229 366 2252 aures
377 2222 447 2252 item
459 2231 550 2253 novas
560 2222 697 2262 acquirit,
715 2226 746 2251 ut
761 2221 798 2252 de
815 2225 923 2252 caatero

105 2271 162 2292 non
178 2268 209 2294 ut
224 2265 311 2296 homo
320 2266 473 2297 sensibilia
486 2267 679 2303 scnsibiliter,
697 2266 748 2297 sed
761 2270 793 2297 ut
804 2267 923 2297 homine

101 2307 162 2346 jam
178 2309 325 2350 superior,
345 2311 497 2342 sensibilia
513 2316 542 2342 et
557 2320 699 2352 corporea
715 2310 921 2351 spiritualiter,

106 2356 133 2382 et
148 2356 287 2394 tanquam
302 2355 791 2396 similitudinesinaspectabilium,
802 2365 923 2386 eorum—

106 2406 161 2436 que
184 2398 292 2430 iurmas
321 2401 398 2431 velut
425 2401 570 2432 informes
598 2411 632 2432 ac
661 2400 761 2440 specie
785 2405 925 2431 carentes

106 2442 243 2481 intuetur,
261 2444 412 2486 auditque,
427 2456 486 2477 non
517 2450 547 2477 ut
574 2445 721 2486 quispiam
736 2445 853 2483 uixerit,
871 2455 923 2475 vo-

106 2495 181 2524 cem,
197 2492 247 2519 aut
263 2498 349 2520 voces
363 2491 543 2530 hominum;
561 2491 611 2521 sed
634 2489 740 2527 solius,
756 2494 784 2521 et
798 2490 923 2521 viventis

107 2533 139 2562 Vt
149 2533 206 2571 rbi,
223 2536 340 2575 quando
357 2547 410 2577 per
427 2538 585 2568 humanam
601 2546 702 2567 vocem
715 2547 747 2567 se
760 2536 928 2572 exeruerit.

106 2579 167 2610 Hoc
184 2580 276 2619 enim,
293 2586 322 2612 et
336 2583 444 2620 solum,
462 2587 600 2623 tanquam
615 2586 716 2612 notum
728 2581 796 2619 sibi,
810 2586 839 2612 et
853 2581 930 2612 ami-

107 2636 172 2658 cum
187 2636 239 2668 per
255 2637 341 2659 aures
356 2629 455 2660 anima
470 2629 606 2669 suscipit,
623 2629 711 2668 eique
727 2627 839 2658 aditum
857 2637 926 2658 con-

107 2671 194 2709 cedit,
210 2678 240 2703 et
255 2678 410 2714 receptum
438 2673 535 2704 libens
549 2673 740 2713 amplectitur
756 2681 763 2704 :
791 2672 868 2703 sicut
888 2672 928 2703 ait

107 2716 247 2749 Dominus
255 2729 262 2750 :
281 2718 360 2750 Oves
369 2728 443 2750 meae
451 2728 549 2750 vocem
555 2727 651 2749 meam
659 2718 801 2756 audiunt,
816 2717 928 2749 alieno-

147 2797 271 2835 67,Phili

111 2846 150 2876 ιιι,
167 2838 217 2871 33.
260 2838 330 2871 ⁷²ῚΙ
347 2841 422 2880 Reg.
439 2847 492 2880 vn,
510 2840 559 2872 18.
602 2838 628 2860 ⁷³
639 2838 732 2870 Eccli.
748 2846 792 2876 ni,
807 2838 858 2870 22.

804 187 944 220 ORATIO
967 186 1072 220 XXVI.

295 2808 322 2840 ρ.
340 2807 372 2837 n,
389 2799 450 2838 20;
466 2798 492 2830 Π
507 2798 573 2831 Cor.
591 2798 719 2840 iv,_t8.__
738 2796 862 2840 68Joap.
879 2806 910 2837 x,
929 2797 976 2829 16.

1717 185 1778 221 450

918 261 937 284 Α
950 263 1018 285 rum
1030 258 1130 285 autent
1144 263 1204 286 non
1215 254 1345 286 audiunt
1356 254 1398 285 68.
1416 254 1560 295 Reliquos
1575 253 1708 285 omnium
1724 253 1776 284 ho-

952 299 1063 329 minum
1081 308 1236 329 sermones
1251 299 1333 330 audit
1361 299 1409 329 illa
1440 299 1574 339 quidem,
1601 308 1660 329 non
1677 302 1776 329 tamen

951 344 1089 383 admittit,
1109 352 1162 375 nec
1192 343 1227 373 ad
1258 353 1290 374 se
1317 347 1472 384 penetrare
1501 344 1612 383 patitur
1629 354 1637 380 ;
1654 344 1706 374 sed
1726 352 1777 373 eos

951 393 1094 422 aversata.
1109 398 1217 419 vacuos
1229 388 1543 428 dimittit.Aliquando
1556 398 1610 419 nec
1619 388 1776 428 allapsum,

953 438 1003 463 aut
1019 444 1025 471 ι
1040 433 1132 463 ullum
1147 442 1250 463 eorum
1269 433 1414 474 percipit:
1431 433 1482 463 sed
1500 442 1667 474 quanquam
1684 432 1776 470 audit,

955 477 1043 508 veluti
1055 479 1164 508 surdus
1177 488 1233 508 non
1247 478 1461 517 audiensG9,Sic
1472 487 1539 517 erga
1546 487 1597 508 eos
1604 487 1669 508 esse
1678 477 1776 515 habet,

958 523 1084 552 Proinde
1100 533 1166 553 eum
1181 523 1247 553 talis
1263 523 1400 560 evaserit,
1415 523 1511 554 statim
1526 523 1601 554 Deus
1613 532 1679 553 eam
1694 523 1779 554 inha-

957 567 1041 604 bitat,
1060 568 1193 607 fiuntque
1210 569 1238 598 in
1256 577 1290 598 ea
1307 577 1493 609 quaecunque
1516 568 1674 608 cupiverit,
1690 567 1777 599 etiam

957 621 1047 651 supra
1064 622 1151 652 quam
1171 613 1328 653 cupiverit.
1361 613 1436 644 Deus
1457 613 1535 644 enim
1552 623 1619 644 cum
1636 613 1674 643 sit
1690 622 1778 643 omne

959 657 1080 693 bonum,
1099 659 1239 694 animam,
1271 658 1299 688 in
1329 668 1387 698 qua
1417 659 1518 688 sedem
1537 657 1680 698 posuerit,
1697 656 1779 687 omni

957 701 1035 731 bono
1052 701 1168 741 implet,
1183 707 1327 742 quantum
1345 703 1420 743 pozis
1437 707 1480 733 cst
1496 707 1599 732 natura
1615 706 1714 732 nostra
1726 701 1780 731 im-

958 746 1031 786 pleri
1051 757 1058 783 ;
1089 746 1167 777 Deus
1183 747 1292 787 quippe
1308 758 1323 777 a
1342 747 1421 777 nulla
1436 757 1468 778 re
1483 745 1600 777 condita
1617 746 1731 784 capitur
1745 755 1780 777 ac

957 791 1120 822 sustinetur
1150 793 1230 822 Bona
1239 797 1335 822 autem
1348 792 1398 822 illa
1412 791 1544 830 intelligo
1560 801 1566 821 :
1586 791 1661 828 Qun!
1677 791 1780 822 oculus

956 845 1013 866 non
1029 837 1116 869 ivi/lit.
1133 840 1161 867 et
1172 837 1325 868 aurisnon
1341 837 1472 873 umlivit,
1486 845 1538 867 nec
1551 837 1580 867 in
1592 836 1780 867 cor/ioniinis

957 881 1157 912 ascenderunt
1169 882 1209 916 70,
1229 883 1293 921 ejus
1305 887 1382 922 puta,
1399 882 1449 922 qui
1462 882 1527 912 talis
1541 881 1671 911 nondum
1685 881 1778 911 exsti-

959 926 990 955 tit
1019 925 1115 961 Quare
1133 926 1222 957 exiam
1238 928 1322 957 docet
1337 926 1507 965 huiusmodi
1524 925 1676 957 hominem
1695 925 1777 956 habi-

958 974 1022 1000 tans
1039 970 1068 1000 in
1083 980 1118 1000 eo
1136 972 1225 1009 Deus,
1242 971 1279 1002 de
1294 972 1412 1008 futuris,
1430 975 1458 1001 et
1475 970 1676 1010 praesentibus
1691 982 1697 1008 ;
1723 979 1779 1001 nec

957 1014 1045 1044 Verbo
1061 1015 1112 1045 sed
1130 1025 1231 1054 opere,
1244 1016 1436 1056 experientia,
1448 1015 1584 1056 etreipsa
1595 1015 1777 1046 intellectua-

959 1059 1002 1089 les
1027 1059 1091 1099 ejus
1106 1061 1208 1091 oculos
1223 1063 1369 1098 reveiaus,
1396 1069 1580 1101 quaecunque
1595 1060 1654 1098 vul,
1670 1065 1697 1091 et
1713 1070 1778 1100 quae

960 1103 987 1135 ei
1002 1104 1180 1142 conducunt,
1200 1106 1394 1136 demonstrat.
1407 1106 1518 1137 Cmtera
1529 1115 1587 1135 non
1600 1105 1776 1144 indaganda.

961 1157 1016 1178 nec
1032 1149 1202 1188 quaerenda,
1221 1160 1274 1180 nrc
1290 1150 1409 1180 curiose
1438 1149 1596 1180 scrutanda
1610 1149 1715 1180 suadet
1729 1150 1755 1174 Ἡ
1771 1158 1779 1188 ;

960 1193 1201 1233 quandoquidem
1219 1204 1274 1225 nec
1285 1204 1350 1234 quae
1359 1194 1438 1225 Deus
1449 1194 1504 1234 ipsi
1520 1193 1632 1224 revelat
1648 1198 1786 1225 etosten-

961 1237 1016 1274 dit,
1035 1238 1099 1268 sine
1115 1239 1294 1276 reverentia,
1325 1249 1358 1269 ac
1389 1239 1482 1270 libtre
1499 1242 1596 1278 potest
1612 1239 1785 1279 perspicere

962 1286 1050 1322 atque
1065 1281 1174 1313 intueri
1192 1292 1198 1314 :
1217 1283 1269 1314 sed
1284 1283 1367 1323 quasi
1384 1292 1436 1324 per
1451 1287 1640 1314 transennam
1658 1283 1782 1323 profun-

962 1326 1083 1357 ditatem
1101 1327 1268 1359 divitiarum
1284 1328 1450 1368 sapientite,
1481 1332 1510 1359 et
1533 1328 1711 1367 cognitionis
1731 1329 1783 1359 llei

962 1371 1136 1412 inspiciens,
1155 1382 1220 1403 mox
1234 1377 1346 1408 aestuat,
1361 1372 1583 1412 etpcrcellitur,
1601 1378 1694 1403 semet
1706 1383 1721 1403 a
1742 1374 1783 1413 pi-

964 1415 1057 1452 ciens,
1075 1421 1104 1447 et
1119 1417 1251 1457 cogitans
1266 1417 1332 1458 quis
1348 1417 1396 1454 sit,
1414 1421 1443 1447 et
1463 1416 1598 1457 qualibus
1614 1417 1784 1456 spectandis

964 1460 1102 1500 dignatus
1114 1461 1161 1493 sit.
1181 1462 1410 1501 Magnitudinem
1433 1462 1513 1492 enim
1529 1461 1717 1501 benignitatis
1733 1461 1785 1493 Dei

964 1506 1166 1544 considerans,
1185 1511 1213 1537 et
1228 1507 1453 1547 obstupescens,
1470 1515 1562 1547 seque
1579 1507 1679 1537 talium
1695 1506 1786 1538 bono-

931 1547 950 1572 (ἶ
963 1559 1027 1580 rum
1045 1551 1216 1591 spectaculo
1233 1556 1294 1582 toto
1323 1556 1444 1592 pectore
1469 1551 1622 1590 indignum
1639 1555 1783 1588 statuens,

961 1604 1014 1624 nec
1026 1597 1061 1626 ad
1077 1605 1112 1626 ea
1121 1601 1222 1636 aperte
1232 1596 1395 1637 respicere,
1409 1605 1463 1626 nec
1474 1605 1696 1636 eapernoscere
1710 1596 1782 1627 vult:

960 1639 1011 1668 sed
1026 1640 1131 1671 timore
1156 1646 1183 1672 et
1212 1647 1352 1680 tremore,
1369 1650 1402 1671 ac
1418 1640 1585 1671 reverentia
1612 1645 1779 1672 coarctatus

962 1684 1124 1716 exclamat:
1145 1685 1216 1722 Quis
1227 1695 1293 1716 sum
1315 1694 1379 1726 ego,
1398 1686 1537 1723 Domine,
1555 1688 1581 1716 ct
1597 1694 1664 1725 quos
1678 1685 1786 1716 domus

960 1729 1131 1768 [intristi/ei
1154 1730 1196 1768 72,
1224 1730 1364 1770 quoniam
1396 1730 1463 1761 talia
1493 1730 1632 1770 mysteria
1662 1730 1785 1770 indigno

963 1773 1149 1805 committere
1165 1785 1222 1805 non
1238 1774 1390 1811 dubitasti,
1409 1783 1515 1815 meque
1527 1778 1675 1806 tantorum
1692 1775 1784 1806 bono.

960 1826 1025 1847 rum
1039 1821 1154 1849 tuorum
1170 1829 1227 1849 non
1240 1820 1327 1850 modo
1338 1819 1617 1859 contemplatorem,
1630 1820 1681 1851 sed
1692 1820 1783 1851 etiam

964 1862 1135 1903 participem
1163 1869 1193 1894 et
1219 1869 1388 1896 consortem
1419 1864 1637 1895 admirabiliter
1660 1865 1786 1895 fecisti?

964 1906 1041 1936 Talis
1057 1907 1154 1948 itaque
1171 1909 1294 1949 quijam
1311 1918 1401 1949 super
1425 1918 1543 1940 omnem
1570 1914 1736 1940 creaturam
1753 1919 1786 1940 se

965 1951 1078 1989 extulit,
1095 1957 1174 1983 retro
1190 1954 1302 1991 redire,
1321 1959 1350 1984 et
1370 1963 1436 1992 qua)
1452 1957 1595 1984 creatura:
1610 1958 1688 1991 sunt,
1705 1954 1734 1984 in
1750 1954 1787 1984 iis

966 1995 1081 2027 curiose
1107 1997 1412 2037 inquirendiSversari
1424 1997 1784 2029 minimevult.Namcum

965 2041 1137 2079 angelorum
1154 2042 1312 2073 Dominum
1330 2042 1478 2082 possidea,
1509 2043 1668 2073 essentiam
1685 2047 1715 2074 et
1729 2052 1785 2073 na-

967 2088 1061 2115 turam
1080 2085 1310 2117 ministrantium
1341 2086 1368 2117 ei
1397 2087 1570 2126 angelorum
1588 2087 1787 2127 pervestigare

966 2128 1118 2166 abhorret,
1136 2140 1202 2161 cum
1219 2131 1302 2168 sciat,
1320 2130 1381 2161 Deo
1411 2140 1470 2161 non
1487 2131 1618 2171 placere,
1634 2131 1786 2162 hominem

935 2171 1030 2213 una:
1044 2183 1132 2215 supra
1148 2175 1299 2206 hominem
1314 2179 1392 2212 sunt,
1412 2185 1465 2216 per
1480 2175 1683 2206 curiositatem
1698 2176 1786 2206 inda-

965 2227 1046 2257 gare.
1062 2219 1093 2250 Si
1105 2220 1184 2251 enim
1194 2220 1271 2260 jussi
1291 2229 1394 2251 sumus
1413 2218 1528 2251 divinas
1543 2219 1712 2260 Scripturas
1728 2229 1787 2251 non

965 2264 1081 2295 curiose
1096 2265 1245 2296 discutere
1260 2266 1301 2305 75,
1333 2266 1424 2296 multo
1455 2265 1547 2303 magis
1569 2274 1659 2304 supra
1675 2274 1709 2296 ea
1722 2274 1788 2305 qua:

964 2308 1075 2348 scripta
1101 2315 1179 2346 sunt,
1209 2320 1262 2341 nos
1291 2311 1424 2341 curiosos
1461 2319 1529 2340 esse
1558 2309 1679 2340 omnino
1711 2309 1788 2340 haud

966 2357 1091 2392 oportet.
1118 2354 1199 2386 Talis
1219 2356 1311 2386 Deum
1329 2354 1419 2392 videt,
1443 2357 1585 2394 quantum
1599 2355 1662 2385 fieri
1679 2358 1788 2394 potest,

966 2401 995 2428 et
1007 2403 1148 2438 quantum
1165 2399 1222 2439 ipsi
1239 2401 1298 2431 Deo
1314 2399 1399 2439 libet,
1417 2404 1445 2429 et
1471 2407 1590 2438 semper
1605 2409 1672 2429 eum
1689 2399 1790 2429 videre

965 2444 1075 2482 studet,
1090 2449 1177 2485 atque
1192 2449 1224 2475 ut
1241 2448 1306 2485 post
1317 2444 1429 2474 obitum
1451 2443 1560 2480 videat,
1579 2447 1722 2484 perpetuo
1737 2452 1789 2474 ro-

964 2493 1022 2528 gat,
1040 2493 1069 2519 et
1083 2490 1146 2520 sola
1161 2491 1226 2530 ejus
1245 2489 1358 2520 visione
1369 2493 1539 2527 contentus,
1558 2489 1631 2519 nihil
1648 2493 1793 2529 praeterea

969 2533 1106 2574 requirit.
1123 2533 1209 2565 Unde
1224 2543 1280 2564 nec
1294 2535 1389 2565 Deum
1417 2543 1452 2564 ac
1481 2534 1637 2565 Dominum
1653 2543 1751 2571 suum,
1775 2543 1792 2564 a

970 2588 1027 2619 quo
1044 2578 1176 2619 repletur
1189 2579 1313 2616 lumine,
1341 2584 1370 2609 et
1397 2588 1415 2609 a
1441 2587 1501 2618 quo
1529 2578 1595 2609 vita;
1608 2578 1744 2616 sincerae,
1763 2582 1792 2609 et

970 2625 1150 2665 incorruptae
1165 2624 1344 2665 voluptatem
1373 2623 1472 2660 habet,
1503 2623 1685 2664 relinquere,
1711 2626 1739 2653 et
1754 2622 1791 2653 ad

969 2678 1021 2700 sua
1033 2669 1150 2700 vincula
1160 2669 1311 2709 respicere
1322 2669 1413 2709 cupit.
1424 2667 1504 2698 Talis
1519 2668 1609 2705 visus,
1628 2667 1690 2698 sive
1705 2667 1792 2698 desu-

969 2724 1023 2755 per
1035 2724 1051 2745 a
1064 2714 1125 2746 Dee
1141 2714 1319 2752 illustratus,
1343 2719 1373 2744 et
1397 2713 1461 2754 ipse
1490 2712 1710 2753 praecellentem
1726 2711 1792 2751 ejus

1387 2791 1442 2823 701
1457 2792 1524 2825 Cor.
1541 2801 1570 2831 ιι,
1587 2793 1618 2824 9.
1660 2790 1687 2812 ⁷1
1702 2791 1791 2822 Rom-

1020 2796 1052 2822 69
1066 2795 1145 2828 Psal.
1163 2803 1277 2834 xxxvii,
1294 2794 1344 2826 14.
