1978 3078
209 150 265 182 451

862 150 1051 182 SYMEONIS
1071 148 1245 183 JUNIORIS

1848 146 1907 179 452

207 215 331 257 gloriam
347 215 463 256 videns,
480 219 511 246 ut
525 216 551 247 al
576 216 641 247 aliis
670 216 777 257 qualis,
808 220 837 247 et
864 215 895 247 in
920 219 1029 256 quanta
1039 220 1060 244 Α
1071 220 1137 247 ortu
1152 217 1250 248 insitis
1265 217 1451 258 obisdentur,
1479 221 1508 248 et
1535 217 1566 248 in
1587 217 1690 248 lumen
1708 214 1792 256 quod
1807 213 1908 245 animo

209 262 302 302 gloria
317 262 354 293 sit
383 261 530 302 videatur,
560 262 616 292 hoc
641 261 683 292 illi
713 261 742 292 in
772 265 900 292 mentem
930 261 1031 292 venire

209 316 358 347 nunquam
386 310 493 346 potest.
523 306 668 342 Qurelibet
696 315 775 337 enim
807 311 909 336 sancta
931 306 1031 336 anima

209 352 290 382 omni
314 351 475 391 cupiditate
491 351 592 390 gloriae
607 355 708 382 vacat:
727 351 872 390 siquidem
891 351 983 390 regia,
1002 354 1030 381 et

209 396 392 427 lucidissima
421 397 541 435 spiritus
567 396 665 426 tunica
693 400 810 434 ornata,
840 400 868 425 et
884 395 1030 426 immensa

208 441 261 472 Dei
276 441 370 480 gloria
384 441 508 481 repleta,
526 450 586 471 non
608 441 703 471 solum
731 441 889 471 humanam
906 440 1028 479 gloriam

207 496 260 527 pro
277 486 370 516 nihilo
387 489 479 526 putat,
498 485 549 516 sed
566 485 687 515 omnino
707 495 760 515 nec
775 485 810 515 ad
828 484 955 515 oblatam
971 485 1028 515 sibi

206 541 271 562 sese
287 530 441 562 convertit.
457 530 482 561 A
499 531 558 561 Deo
574 530 682 570 quippe
698 530 769 569 visa,
784 534 811 560 et
824 529 886 568 ipsa
898 529 1025 560 vicissim

207 585 274 606 eum
290 575 406 614 videns,
419 574 509 605 alium
526 574 654 614 aliquem
678 574 829 605 hominem
848 574 960 615 videre,
976 578 1028 605 aut

207 621 243 651 ab
259 620 316 650 alio
329 619 424 650 videri
439 628 590 659 nunquam
606 618 800 649 desiderabit.

248 664 444 701 Quamobrem
462 664 587 694 obsecro
603 673 665 698 vos,
683 665 788 694 fratres
802 664 832 694 in
844 663 974 700 Ghristo,
992 673 1028 694 ne

208 710 456 740 verbisduntaxat
467 708 629 739 ineﬂ'abilia
641 709 755 738 discere
768 708 902 745 velimus,
913 708 990 748 quod
1001 712 1029 738 et

209 754 385 786 docentibus
400 758 429 784 et
444 753 633 784 audientibus
661 763 744 793 mque
771 757 814 784 est
832 753 1026 793 impossibile.

1073 265 1102 292 et
1116 262 1295 301 cogitatione
1310 262 1443 293 cernitur
1457 261 1597 303 quodque
1623 269 1741 301 primus
1758 260 1767 289 i
1782 260 1810 289 le
1828 263 1914 299 pater

1071 306 1181 348 amisit,
1195 311 1349 348 aspectum
1361 308 1491 346 deﬁgere
1499 307 1613 341 nolunt,
1626 307 1655 337 hi
1670 308 1700 336 in
1714 305 1785 346 ipso
1797 304 1912 334 lumine

1073 355 1167 388 natos,
1184 356 1213 382 et
1234 362 1299 392 quae
1325 352 1447 383 luminis
1472 354 1543 383 sunt,
1572 351 1776 383 disserentes.
1806 358 1911 379 eorum

1071 396 1261 427 sermonibus
1275 397 1414 437 perculsi,
1428 406 1479 437 pro
1491 397 1628 427 hostibus
1641 395 1701 426 sibi
1725 393 1912 425 adversariis

1071 440 1195 472 ducunt.
1212 441 1467 478 Quemadmodum
1486 451 1613 482 namque
1629 441 1738 471 radius
1755 439 1842 475 solis,
1861 438 1911 468 ubi

1071 484 1191 517 domum
1208 487 1377 527 quampiam
1393 486 1548 517 obSt-uram
1573 485 1748 523 intraverit,
1767 483 1912 514 tenebras

1069 534 1099 560 ut
1110 530 1242 570 jaculum
1258 535 1403 571 penetrat,
1416 541 1451 562 ac
1462 532 1609 561 dissecat;
1627 531 1665 560 ita
1678 529 1867 570 spiritualis,
1881 532 1911 557 et

1068 575 1162 606 sancti
1186 576 1239 606 viri
1267 586 1283 606 a
1309 576 1368 607 Deo
1390 576 1532 615 inspirata
1558 575 1663 609 oratio.
1697 584 1757 605 ceu
1786 573 1909 612 gladius

1069 628 1178 660 anceps
1194 630 1246 650 cor
1262 621 1392 651 hominis
1407 621 1532 651 carnalis
1549 619 1739 652 consauciat.
1759 619 1855 658 idque
1873 617 1909 646 ad

1070 664 1335 695 contradictionem
1353 669 1381 696 et
1396 664 1508 704 odium,
1524 674 1582 705 prae
1594 664 1782 703 ignorantia.
1800 666 1829 692 et
1842 661 1906 691 intl—

1070 707 1190 739 delitate
1200 709 1348 740 concitat:
1368 709 1539 747 ()uiuutwm
1554 710 1712 739 iur/stimo!
1732 716 1768 738 se
1784 706 1912 745 aliquid

1069 752 1157 787 scire.
1171 762 1239 783 cum
1250 754 1327 784 nihil
1341 757 1417 785 sciat
1430 753 1471 791 76,
1490 754 1603 784 etiamsi
1619 753 1764 791 angelum
1781 752 1821 781 de
1834 751 1910 781 coelo

207 799 309 840 Neque
333 799 411 830 enim
428 798 477 838 qui
493 808 557 839 qum
572 797 635 828 solo
652 798 802 828 intellectu
819 797 1034 838 percipiuntur,
1077 798 1112 829 ad
1127 808 1159 829 se
1174 799 1404 831 descendentem
1420 800 1536 836 viderit,
1554 803 1584 830 ut
1601 800 1710 830 malum
1731 799 1910 828 daemonem

207 849 238 876 et
250 844 349 876 divina
363 849 431 874 sunt
447 843 565 881 docent,
582 852 615 874 ea
626 842 948 882 manifestis’exemplis
963 851 1031 882 per-

207 890 309 930 spicue
325 889 541 924 demonstrare,
559 878 732 928 eorumque
760 878 924 924 veritatem,
951 878 984 917 ut.
999 886 1028 916 in
1040 878 1060 902 Β

208 935 325 974 negotio
340 933 439 973 aliquo
469 933 606 973 solertes,
637 942 670 963 ac
700 932 760 962 triti
787 935 1026 972 repraesentare:

205 989 261 1010 nec
279 978 330 1019 qui
351 978 507 1015 docentur,
524 987 558 1008 ex
574 977 672 1007 verbis
696 977 766 1007 solis
782 986 884 1008 eorum
900 986 965 1017 quae
980 976 1026 1006 di-

203 1028 310 1054 cuntur
325 1023 502 1054 evidentiam
520 1022 635 1053 discere
651 1026 774 1062 possunt
792 1033 798 1050 :
830 1021 881 1053 sed
897 1021 1025 1058 actione,

203 1068 356 1100 laboribus
371 1071 400 1099 et
429 1067 589 1099 sudoribus
617 1067 682 1107 ipsa
709 1067 978 1107 comprehendere,
997 1072 1027 1098 et

203 1113 400 1153 contemplari
416 1113 605 1144 Studeamus:
623 1116 655 1143 ut
667 1112 692 1143 si
709 1112 777 1143 inde
794 1113 881 1142 etiam
896 1112 1026 1142 rationes

204 1158 321 1194 horum,
340 1157 419 1188 velut
442 1166 526 1188 sacra
554 1157 690 1197 mysteria
717 1156 796 1187 docti
825 1156 978 1193 fuerimus,
997 1165 1024 1187 et

203 1202 384 1242 gloriﬁcetur
396 1203 485 1238 Deus,
499 1202 541 1233 sic
558 1201 643 1232 nobis
659 1201 848 1240 habentibus,
865 1204 894 1231 et
910 1210 962 1230 nos
975 1210 1028 1240 per

202 1248 320 1278 illorum
347 1247 544 1286 cognitionem
573 1246 774 1285 gloriﬁcemus
800 1254 879 1281 eum,
903 1245 1026 1285 ipseque

204 1291 349 1330 gloriﬁcot
365 1300 418 1322 nos
433 1290 463 1321 in
480 1291 544 1331 ipso
573 1290 688 1321 Christo
719 1292 780 1320 Deo
797 1294 897 1320 nostro
912 1299 919 1324 ;
936 1298 1024 1328 quem

202 1336 288 1367 decet
305 1336 401 1367 omnis
412 1335 516 1375 gloria,
530 1336 626 1366 honor
637 1339 665 1365 et
690 1335 822 1365 adoratio
838 1343 904 1363 cum
924 1335 1021 1370 Patre,

203 1385 232 1411 et
247 1381 433 1411 sanctissimo
449 1390 484 1411 ac
501 1380 613 1410 viviﬁco
625 1379 747 1420 Spiritu,
763 1388 840 1408 nunc
852 1385 1022 1417 etsemper,

202 1429 231 1455 et
245 1424 276 1454 in
291 1425 398 1455 saecula
414 1425 600 1454 saeculorum.
616 1424 724 1454 Anien.

479 1476 622 1508 ORATIO
638 1476 755 1508 XXVII.

498 1539 704 1562 ARGUMENTUM.

200 1578 238 1607 De
252 1578 365 1607 turbida
380 1581 404 1606 cl
418 1578 523 1614 inﬁdeli
537 1586 569 1606 ac
583 1586 671 1613 prora
688 1577 830 1613 alfrctione
844 1576 908 1609 Qum
928 1577 964 1614 ait
977 1571 1031 1614 Dei

236 1622 298 1642 cum
313 1614 379 1650 ﬁliis
395 1615 462 1642 lucis
473 1614 650 1643 consociatio.
663 1617 687 1642 et
697 1620 819 1650 quonam
832 1615 911 1650 pacto
926 1613 958 1650 in
970 1613 1027 1642 illis

235 1648 439 1687 efﬁciamurAd
457 1651 549 1686 ﬁnem,
577 1648 730 1678 sacerdotio
752 1648 864 1684 indigne
877 1649 959 1684 fungi
974 1657 1022 1677 au-

239 1687 363 1715 dentium
378 1686 533 1714 insectatio.

237 1735 370 1776 Semper,
385 1740 413 1766 et
430 1735 511 1766 omni
527 1734 798 1774 tempore,t‘ratres,
813 1733 890 1764 inter
902 1743 934 1764 se
946 1743 1019 1764 con-

198 1780 288 1811 traria
301 1784 369 1810 sunt
382 1779 430 1810 lux
443 1779 621 1816 ettenebt'ze,
633 1779 706 1810 tides
714 1778 1020 1818 etintidelitas,cogni-

198 1825 237 1855 tio
252 1829 280 1856 et
296 1824 474 1864 ignorantia,
492 1824 621 1854 charitas
637 1827 666 1854 et
680 1823 793 1854 odium.
810 1823 883 1854 Nam
899 1832 967 1854 cum
983 1823 1018 1853 ab

195 1869 280 1900 initio
296 1869 418 1900 dixisset
442 1871 530 1908 Deus,
562 1869 629 1900 l-‘iat
659 1868 712 1899 tua;
741 1869 782 1905 74,
807 1877 900 1908 eaque
928 1868 1020 1899 exsti-

196 1914 294 1950 tisset,
311 1913 391 1944 illico
406 1913 538 1944 tenebrae
549 1918 743 1944 evanuerunt.
763 1914 841 1944 Luce
852 1913 1019 1949 occidente,

196 1958 291 1990 statim
308 1968 365 1989 nox
376 1958 475 1990 rediit.
493 1958 586 1988 Atiam
603 1967 672 1989 vero
689 1958 746 1989 {ide
761 1958 790 1989 in
813 1957 905 1988 Deum
924 1957 1022 1988 muni-

196 2007 243 2034 tus
257 2013 291 2034 ac
308 2007 397 2041 tutus,
411 2003 569 2034 immortali
579 2003 673 2043 gloria
688 2002 924 2040 circumfluebat,
942 2008 971 2033 et
987 2002 1018 2033 in

197 2048 333 2088 paradiso
350 2052 423 2079 erat.
439 2047 483 2078 Ab
498 2047 619 2078 inimico
635 2051 733 2079 autem
759 2047 794 2077 ad
811 2047 1017 2079 inﬁdelitatem

195 2092 340 2131 detortus,
352 2097 447 2123 morte
462 2093 628 2130 damnatus,
647 2096 675 2123 et
685 2091 821 2133 paradiso
833 2092 1014 2131 exturbatus,

1078 843 1267 875 adversatur:
1286 849 1314 875 et
1328 846 1461 885 quamvis
1476 845 1659 885 Apostolum,
1677 844 1910 884 quamvispro-

1071 888 1189 928 phetam
1200 889 1264 926 Dei,
1277 890 1363 920 etiam
1376 890 1470 930 ipsum
1482 895 1512 920 ut
1523 891 1611 920 alium
1626 889 1794 929 quemdam
1810 887 1911 918 Simo-

1072 942 1138 964 nem
1155 935 1271 973 Magum
1286 935 1473 965 aliominatur
1491 946 1497 971 ;
1522 939 1549 965 et
1573 934 1650 974 quod
1669 937 1825 964 extremae
1843 937 1909 961 slo-

1071 977 1190 1010 liditatis
1218 983 1273 1017 est,
1303 989 1401 1010 caecus
1425 980 1574 1010 cidentem
1605 984 1635 1008 ut
1670 987 1789 1008 ealcum
1824 977 1909 1007 ducit

1070 1023 1179 1063 quique
1195 1024 1320 1064 ipsemet
1333 1034 1436 1055 revera
1450 1028 1582 1064 mugator
1594 1028 1649 1058 est.
1663 1023 1730 1062 ejus
1741 1022 1840 1053 verba
1853 1030 1908 1062 pro

1069 1069 1155 1106 nugis
1170 1069 1268 1100 habet.
1290 1071 1323 1101 Et
1339 1070 1487 1109 quom-qu
1506 1079 1611 1105 larens,
1630 1068 1717 1108 siqui
1734 1072 1833 1098 noctu
1852 1076 1908 1096 sze~

1070 1112 1134 1152 pius
1147 1113 1294 1144 atﬁrment
1309 1115 1401 1144 Solem
1432 1115 1542 1150 lucere,
1557 1114 1658 1143 -ti.tcm
1685 1113 1728 1143 eis
1745 1112 1906 1152 adjungit,

1069 1161 1097 1186 et
1111 1167 1227 1188 rursum
1244 1158 1274 1188 in
1291 1159 1415 1188 meridie
1433 1160 1527 1189 lutea]
1555 1167 1621 1188 esse
1645 1157 1827 1187 dicentibus
1845 1165 1906 1186 nun

1069 1202 1174 1238 credit,
1192 1202 1348 1242 suspicans
1362 1213 1393 1232 se.
1417 1202 1452 1232 ab
1485 1204 1615 1238 utrisque
1644 1201 1741 1241 decipi
1763 1209 1770 1232 :
1793 1206 1821 1230 et
1840 1200 1906 1230 sive

1067 1245 1164 1276 lucem
1182 1247 1210 1276 in
1226 1247 1285 1284 die,
1303 1247 1364 1276 sive
1381 1252 1434 1276 teni
1449 1246 1516 1276 bras
1545 1247 1573 1276 in
1604 1251 1688 1277 nocte
1705 1246 1761 1276 sibi
1782 1246 1903 1286 praelii-

1067 1295 1167 1321 cantes
1182 1290 1336 1329 ambiguus
1352 1290 1467 1329 rejicit:
1483 1291 1521 1320 ita
1533 1291 1582 1328 qui
1599 1291 1628 1320 in
1647 1290 1784 1322 tenebris
1801 1289 1902 1320 animi

1067 1335 1322 1374 perturbationum
1353 1335 1481 1369 sedent,
1513 1344 1692 1375 sensumque
1719 1335 1902 1372 ignorantia

1066 1379 1247 1410 obcaecatum
1264 1378 1383 1416 habent,
1397 1378 1440 1408 vel
1455 1379 1563 1418 potius,
1576 1379 1624 1418 qui
1643 1388 1763 1409 sensum
1778 1379 1900 1410 Christi

1066 1432 1124 1453 non
1142 1423 1261 1460 habent,
1278 1422 1371 1462 ipsius
1392 1431 1512 1453 sensum
1540 1423 1709 1462 habentem,
1726 1423 1811 1452 velut
1829 1423 1900 1463 ejus

1065 1471 1227 1507 expertem,
1247 1471 1274 1497 et
1291 1477 1349 1497 non
1366 1467 1524 1499 habentem
1540 1467 1618 1499 velut
1635 1469 1699 1507 ejus
1715 1472 1896 1506 compotem

1030 1519 1049 1543 C
1062 1516 1209 1552 reputant.
1219 1513 1260 1542 De
1272 1511 1461 1552 quibusbene
1471 1513 1558 1543 David
1575 1513 1735 1552 propheta:
1748 1511 1898 1547 Stultus.

1071 1560 1098 1588 et
1108 1557 1446 1596 insipieusperibunt77.
1467 1556 1613 1593 Quocirca
1622 1557 1693 1587 tales
1705 1560 1795 1587 totatn
1810 1556 1898 1587 divi-

1068 1611 1136 1632 nam
1147 1601 1316 1633 Secundum
1332 1602 1496 1632 secundum
1515 1602 1649 1642 proprias
1663 1602 1797 1641 ipsorum
1815 1611 1898 1632 con-

1066 1645 1262 1687 cupiscentias
1291 1645 1463 1686 depravant,
1501 1651 1530 1677 et
1559 1656 1610 1687 pro
1640 1646 1754 1677 vitiosis
1779 1654 1893 1677 eorum

1061 1690 1226 1731 atlectibus,
1243 1700 1316 1730 quos
1334 1691 1363 1721 in
1380 1690 1442 1730 ipsa
1458 1701 1515 1721 non
1527 1691 1692 1728 inveniunt,
1705 1691 1757 1721 sed
1767 1690 1894 1720 adulte-

1061 1739 1162 1766 rantes
1177 1745 1242 1766 eam
1270 1736 1432 1776 patiuntur,
1462 1741 1667 1776 corrumpunt.
1685 1735 1762 1766 Cedo
1779 1734 1891 1774 igitur,

1061 1780 1110 1820 qui
1126 1781 1163 1811 de
1177 1780 1266 1810 rebus
1276 1789 1430 1820 perperam
1447 1780 1588 1817 indicant,
1603 1789 1658 1812 nec
1673 1790 1731 1820 prro
1740 1788 1886 1817 arrogan-

1061 1825 1100 1855 tia
1116 1825 1217 1856 doceri
1232 1834 1264 1855 se
1280 1824 1391 1861 sinunt,
1409 1829 1438 1855 et
1454 1825 1523 1856 caeci
1548 1829 1627 1865 sunt,
1651 1829 1732 1856 recte
1747 1833 1885 1864 unquam

1063 1879 1115 1910 pro
1131 1869 1311 1909 semetipsos
1326 1878 1430 1900 sensus
1457 1870 1532 1901 lucis
1555 1875 1734 1910 cognoscent
1748 1872 1761 1900 ?
1777 1870 1886 1902 Oculis

1062 1919 1175 1955 captus,
1193 1924 1248 1946 nec
1264 1915 1359 1945 lucem
1376 1914 1506 1950 intuens,
1522 1916 1572 1955 qui
1588 1915 1707 1946 tandem
1724 1916 1838 1946 litteras
1852 1917 1883 1947 in

1063 1959 1129 1990 luce
1143 1959 1237 2000 leget?
1268 1959 1322 1996 Qui
1344 1970 1413 1992 vero
1426 1962 1531 1998 aecus)
1550 1965 1593 1990 est
1608 1969 1708 1996 sensu,
1726 1965 1755 1991 et
1769 1960 1884 1993 Christi

1061 2013 1182 2035 sensum
1197 2005 1226 2035 in
1236 2014 1266 2035 se
1280 2015 1338 2035 non
1350 2006 1449 2041 habet,
1463 2005 1611 2045 quomodo
1623 2005 1652 2034 in
1669 2005 1781 2035 lumine
1793 2005 1884 2036 Chri—

1059 2049 1096 2080 sti
1107 2058 1212 2080 sensus
1224 2049 1372 2086 repositos
1382 2059 1416 2080 ac
1431 2049 1599 2080 reconditos
1610 2049 1709 2080 videre
1722 2054 1750 2079 et
1766 2059 1882 2091 expen-

1058 2094 1130 2125 dere
1145 2093 1270 2134 potest?
1299 2093 1391 2130 Talis,
1409 2094 1541 2135 quamvis
1557 2093 1666 2124 millies
1682 2094 1883 2126 exterioribus

194 2146 247 2177 pro
262 2136 361 2168 divina
377 2137 582 2178 spiritualique
612 2137 779 2177 cognitione
795 2136 943 2168 carnalem
962 2147 1013 2168 co-
1027 2138 1152 2179 Doculis
1166 2138 1277 2178 scripta
1291 2148 1411 2169 sensum
1438 2138 1585 2169 moventia
1608 2137 1696 2177 legat,
1715 2148 1878 2180 nunquam,

192 2181 357 2221 gnitionem
371 2182 498 2222 recepit.
515 2182 631 2213 Etenim
647 2181 739 2212 oculis
763 2181 869 2212 animae
883 2182 1015 2218 orbatus,

193 2226 311 2267 vitaque
328 2226 452 2267 perenni
467 2226 621 2267 spoliatus,
647 2226 801 2267 corporeis
816 2226 910 2257 oculis
924 2227 1017 2264 C(Bpit

192 2271 339 2312 aSpicere,
355 2271 452 2311 iisque
468 2271 662 2302 sensibilibus
684 2275 713 2301 et
735 2271 965 2311 aspectabilibus
981 2281 1016 2303 ex

191 2316 391 2346 commotione
400 2315 537 2356 adjectis,
545 2316 685 2356 cognovit
692 2315 779 2346 Evam
787 2318 1013 2356 uxorem,suam,

191 2369 257 2400 quae
272 2361 408 2401 concepit
424 2366 452 2391 et
462 2360 577 2401 peperit
588 2360 659 2392 Cain
668 2361 709 2392 75.
728 2360 822 2391 Porro
839 2360 903 2391 talis
917 2362 1003 2401 cogni

192 2408 232 2436 tio
248 2415 316 2437 vere
328 2407 425 2436 omnis
438 2406 509 2437 boni
520 2405 685 2445 ignorantia
697 2410 752 2444 est,
764 2406 831 2438 Nisi
842 2406 922 2437 enim
935 2406 1015 2446 prius

190 2449 320 2480 divinam
350 2450 549 2490 cognitionem
589 2450 792 2492 visionemque
822 2451 1012 2491 perdidisset,

190 2504 341 2535 nunquam
366 2495 396 2525 in
421 2495 507 2526 istam
532 2496 730 2535 cognitionem
756 2495 909 2526 devolutus
923 2499 1010 2527 esset.

190 2538 240 2571 Sic
255 2539 365 2570 deinde
380 2543 409 2570 et
419 2539 489 2571 Cain
504 2540 581 2570 filius
590 2541 665 2581 ejus,
689 2540 746 2571 nisi
761 2544 830 2571 ante
850 2540 881 2571 in
897 2540 1010 2578 odium,

190 2588 219 2615 et
235 2584 375 2615 invidiam
392 2594 460 2623 erga
489 2584 563 2616 Abel
590 2586 711 2616 fratrem
737 2595 823 2616 suum
840 2585 1010 2626 exarsisset,

188 2638 248 2660 non
256 2629 283 2660 ei
295 2638 400 2661 necem
411 2629 566 2662 attulisset.
580 2629 727 2671 Quotquot
737 2630 825 2670 igitur
836 2630 967 2662 tenebris
976 2630 1013 2662 ab

745 2719 777 2745 76
791 2719 804 2751 Ι
820 2719 891 2751 Cor.
908 2727 973 2756 vni,
990 2717 1020 2749 2.

228 2718 260 2743 74
275 2717 350 2750 Gen.
367 2727 389 2759 ι,
402 2718 431 2750 3.
476 2719 508 2745 75
523 2718 597 2750 Gen.
614 2727 655 2760 ιν,
674 2720 701 2751 1.

231 2803 291 2844 (t3)
308 2803 407 2836 Verba
421 2803 523 2836 Graeca
537 2808 608 2837 cunt
631 2803 698 2845 ipsa
715 2814 722 2837 :
753 2805 786 2834 Ὠ
814 2805 859 2834 τοῦ
880 2806 1012 2844 θαύματος

183 2844 228 2873 ὅτι
259 2844 394 2884 ἄνθρωπος
437 2849 495 2883 Θεῷ
523 2845 624 2875 ἑνοῦται
644 2844 851 2887 ᾖνευματικῶς,
883 2848 928 2876 καὶ
956 2856 1012 2874 σω-

1058 2182 1174 2223 opinor.
1190 2183 1367 2223 spiritualia,
1397 2187 1426 2214 et
1456 2183 1588 2214 materiae
1615 2183 1759 2222 expertia,
1778 2188 1806 2214 et
1821 2185 1881 2216 luci

1057 2227 1167 2258 similia
1198 2227 1228 2258 in
1257 2232 1402 2259 nocturno
1430 2238 1464 2259 ac
1495 2227 1653 2258 tenebroso
1683 2228 1747 2258 loco
1778 2229 1879 2260 videro

1056 2277 1154 2313 queat.
1172 2272 1265 2303 Nemo
1281 2272 1380 2313 itaque
1397 2282 1448 2303 vos
1466 2272 1602 2304 seducat.
1620 2271 1698 2303 Deus
1714 2273 1763 2304 lux
1779 2278 1833 2310 est,
1852 2279 1881 2305 et

1056 2317 1163 2357 quibus
1178 2317 1355 2357 conjunctus
1371 2317 1471 2354 fuerit,
1489 2326 1554 2347 cum
1567 2317 1603 2347 iis
1616 2326 1670 2355 pro
1686 2318 1778 2355 gradu
1795 2319 1878 2358 puri-

1056 2362 1264 2402 tatisipsorum
1279 2362 1441 2393 claritatem
1454 2371 1536 2393 suam
1550 2361 1759 2394 communicat.
1781 2364 1881 2404 Atque

1057 2409 1126 2437 tunc
1142 2407 1286 2438 exstincta
1301 2407 1414 2447 lampas
1440 2406 1557 2444 animae,
1583 2405 1613 2436 id
1631 2411 1685 2444 est,
1704 2416 1787 2438 mens
1800 2408 1880 2439 divi-

1056 2460 1127 2482 num
1150 2451 1248 2489 ignem
1276 2460 1308 2482 se
1332 2451 1580 2492 circumplexum,
1607 2455 1637 2481 et
1662 2451 1879 2484 radaccensum

1054 2505 1119 2527 esse
1138 2496 1300 2535 cognoscit.

1093 2539 1117 2572 Ο
1133 2540 1209 2572 mira
1225 2550 1285 2579 res,
1302 2541 1391 2572 homo
1415 2540 1476 2572 Deo
1503 2541 1698 2582 spiritualiter
1713 2543 1879 2582 corporali-

1052 2589 1157 2626 terque
1168 2585 1270 2616 unitur
1285 2586 1341 2623 (t3)
1353 2595 1359 2617 :
1371 2585 1519 2626 siquidem
1541 2586 1640 2617 anima
1663 2596 1720 2617 non
1733 2597 1748 2617 a
1763 2593 1875 2628 mente,

1053 2640 1110 2662 nec
1124 2630 1160 2662 ab
1175 2630 1275 2661 anima
1286 2640 1395 2671 corpus
1411 2630 1587 2671 sejungitur,
1600 2636 1629 2663 et
1642 2633 1754 2664 unione
1770 2642 1876 2665 essen-

1061 2718 1092 2743 77
1109 2716 1187 2750 Psal.
1205 2725 1308 2756 mm,
1325 2718 1374 2749 41.

1054 2806 1185 2843 ματικῶς,
1203 2802 1279 2844 εἴπερ
1300 2805 1330 2832 οὐ
1357 2805 1497 2872 χωῑέζεται
1525 2808 1572 2833 τοῦ
1603 2811 1647 2835 νοῦ
1672 2807 1689 2840 ἡ
1719 2807 1795 2846 ψυγὴ
1819 2806 1876 2836 οὐδὲ

1054 2847 1103 2872 τῆς
1119 2844 1211 2872 dativi:
1226 2845 1256 2872 τὸ
1284 2846 1374 2872 σῶμα.
1417 2844 1466 2872 λλὰ
1493 2848 1527 2872 τί
1553 2845 1685 2872 obducat}:
1700 2842 1790 2872 ἑνώσὲι
1805 2848 1876 2872 γίνε-

1053 2847 1103 2878 τῆς
1119 2844 1211 2884 ψυχῆς
1226 2845 1256 2873 τὸ
1284 2846 1374 2883 σῶμα.
1399 2844 1466 2874 ἀλλὰ
1493 2848 1527 2884 τῇ
1553 2845 1685 2878 οὖσιωδῶς
1700 2844 1790 2876 ἐνώὰὲι
1805 2848 1876 2887 γίνε-
