1978 3078
59 160 137 194 453
803 164 892 197 ORA'J

966 162 1089 196 XXVII.
1725 160 1783 192 454

62 229 157 267 tiali,
181 231 274 262 etiam
305 232 392 262 homo
421 241 473 272 per
501 232 613 271 gratian
641 233 845 272 τρισυπόστχτος
874 232 989 262 tit.Aet
1004 229 1157 269 conspicui
1172 234 1322 270 appareat.
1338 229 1488 270 Quisergo
1499 228 1783 260 Christianushosce

63 284 165 305 unus
188 286 247 315 per
261 276 450 315 adoptionem
476 278 564 316 Deus,
592 287 626 308 ex
642 286 767 318 corpore
782 277 922 307 videlicet
964 275 1148 307 Christianos
1164 274 1357 305 nominabit?

65 324 102 349 et
133 321 262 358 anima,
281 325 309 352 et
327 321 422 361 (cujus
452 321 544 352 factus
573 326 617 353 est
648 322 806 362 particeps)
821 321 921 351 divino
1003 319 1112 351 Verum
1129 320 1272 350 hactenus
1287 323 1388 349 contra
1403 328 1454 348 eos
1481 318 1530 358 qui
1547 318 1645 348 omnia
1660 319 1738 350 scire
1754 325 1783 352 et

63 363 211 403 Spiritu
227 370 375 402 constans,
406 365 605 406 implelurque
622 370 691 397 tunc
716 365 922 396 illudDavidis
963 365 1062 395 dicere
1077 371 1233 401 conantur,
1265 369 1293 394 et
1322 363 1491 394 existimant
1519 372 1551 393 se
1580 363 1690 403 aliquid
1716 374 1782 396 esse

66 409 918 449 proplietze:h‘godixi:0iiestis,etﬁliiE.rrelsiomnes“.
961 420 1027 440 cum
1045 409 1118 441 nihil
1133 409 1201 445 sint,
1221 408 1343 439 velutin
1373 408 1460 448 cippo
1490 408 1595 446 qualcc
1619 409 1780 440 sintChri-

66 452 150 482 Filii
166 453 291 484 Excelsi
302 454 465 484 secundum
484 455 642 494 imaginem
656 454 919 490 \‘idt‘licet,simili-
961 454 1048 485 stiani
1065 454 1241 484 docuimus:
1277 457 1307 483 ut
1323 462 1388 483 sese
1402 463 1468 483 cum
1485 453 1643 492 archetypo
1658 462 1778 494 compa-

67 497 291 538 tutlinemquc
304 499 394 530 Altiss
408 499 468 529 mi:
492 499 590 529 divina
604 501 759 539 progenies
772 508 807 529 ex
820 498 918 529 divino
960 505 1071 537 rantes,
1089 503 1232 538 quantum
1261 507 1278 528 a
1307 506 1448 536 germane
1477 496 1655 528 Christianis
1671 498 1778 537 absint,

65 539 205 580 Spiritu
223 553 230 580 ;
247 542 353 582 quiht.s
365 543 437 573 dixit
451 544 555 574 merito
569 543 722 580 Dominus,
740 552 918 583 semperque
960 543 1188 583 intelligant.Ad
1201 553 1252 572 vos
1264 546 1361 572 autem
1374 541 1481 573 Christi
1495 551 1605 582 servos,
1621 547 1650 573 et
1665 544 1781 576 discere

65 585 166 616 dicit:
181 586 341 617 .llanelein
351 597 406 624 me,
418 589 583 626 utfruetum
592 588 718 618 multum
726 588 915 628 efferatis-78'.
959 588 1124 627 cupientes,
1141 592 1315 628 paratosque
1327 586 1362 617 ad
1375 586 1567 624 audiendum,
1581 587 1779 619 universitatis

69 631 235 661 Fructum
248 631 384 671 intelligit
396 641 498 662 eorum
517 632 643 672 copiam,
661 632 709 673 qui
728 632 804 672 apud
820 632 916 672 ipsum
958 633 1101 664 Dominus
1128 643 1179 673 per
1194 637 1294 663 sancta
1309 632 1470 671 Evangelia
1487 640 1539 662 sua
1555 631 1682 663 clamat:
1702 633 1779 665 Dum

66 674 259 706 salvantur:
294 677 424 711 Palmes,
452 677 556 717 inquit.
575 678 635 708 nisi
650 680 796 708 muns-erit
810 680 840 707 in
857 681 918 708 i'i/e
959 677 1053 708 lucem
1072 678 1199 717 habetis,
1224 677 1262 707 ad
1279 677 1378 707 lumen
1392 677 1513 713 currite,
1535 685 1573 706 ne
1587 686 1638 707 νος
1654 679 1779 710 tenebras

65 720 214 756 arescit,
231 724 257 750 et
274 720 306 750 in
320 722 419 759 ignem
437 722 578 752 mittitur.
591 721 711 752 Moneta
722 722 814 762 igitur
827 722 916 752 cosio
958 722 1260 762 comprehendi/r1183.
1278 722 1395 752 Currite
1411 731 1464 761 per
1480 721 1680 758 ptenitentiam
1694 723 1722 753 in
1735 724 1780 754 via

66 771 134 798 me,
157 768 192 793 et
208 773 260 803 ego
275 766 307 794 in
324 765 406 796 vobis
420 766 461 796 79.
478 765 631 801 Quomodo
649 766 736 805 igitur
752 771 868 797 maneat
885 767 914 796 in
957 768 1162 798 mandatorum
1177 767 1254 806 ejus,
1268 766 1389 797 currite.
1404 766 1518 796 Currite
1531 765 1600 796 dum
1612 767 1699 798 durat
1714 769 1779 807 ejus

66 807 182 843 nobis,
220 813 249 838 et
276 810 423 849 quomodo
454 810 581 840 vicssim
614 820 668 840 nos
698 813 913 842 maneamusin
956 811 1144 849 illuminntio,
1159 813 1396 852 priusquamnox
1409 810 1511 841 mortis
1524 813 1779 852 voscomprelten-

66 851 156 892 ipso,
173 853 397 895 Dominusipsc
416 855 515 885 docuit
539 855 596 886 illis
616 856 726 894 verbis,
750 857 789 886 Tu
807 857 912 895 Pater,
926 887 943 896 η
956 856 1015 894 dat,
1028 861 1055 886 et
1069 857 1105 887 ad
1117 851 1684 896 tenebrassempiternasamandemini.
1700 857 1777 889 Cur-

67 887 104 928 iit
120 887 189 936 me,
205 904 233 930 et
244 909 295 938 ego
306 903 336 930 in
347 887 389 940 ie,
401 905 429 931 et
438 901 508 931 ltiin
519 910 577 940 me,
590 905 617 932 et
629 911 682 940 ego
695 887 726 931 iii
748 901 809 932 illis
820 901 862 931 33.
879 887 914 932 Et
926 887 1022 937 Brite',
1041 903 1174 941 quaerite,
1202 887 1339 941 pulsate:
1356 904 1387 930 ut
1413 900 1503 939 janua
1533 900 1617 939 regni
1633 901 1776 933 caelorum

67 941 156 972 istud
172 943 279 974 volens
291 945 478 982 conﬁrmare,
501 945 605 976 iterato
625 945 682 976 ait:
701 946 740 977 Hi
759 946 792 977 in
809 955 866 986 me,
884 951 914 977 et
955 946 1037 976 vobis
1052 946 1213 986 aperiatur,
1228 951 1258 977 et
1272 945 1335 976 sitis
1351 945 1427 975 intra
1444 944 1526 984 illud,
1543 950 1571 975 cl
1586 945 1681 985 ipsum
1700 946 1776 978 intra

67 990 100 1018 et
111 996 174 1026 ego
189 989 224 1018 in
238 989 308 1026 illis,
321 991 407 1021 sicut
419 995 462 1027 tu,
479 991 584 1030 Pater,
597 994 630 1021 in
642 1000 698 1027 me,
712 995 741 1021 et
760 1000 813 1030 ego
828 994 859 1022 in
872 995 912 1027 te,
955 999 1004 1021 vos
1020 990 1206 1031 possidentis.
1225 990 1280 1026 Qui
1297 989 1376 1020 enim
1393 993 1461 1020 ante
1492 989 1528 1020 de
1552 989 1607 1020 hac
1621 990 1677 1020 vita
1692 991 1776 1023 exie-

68 1036 150 1063 utet
166 1033 232 1072 ipsi
246 1035 277 1064 in
292 1034 378 1066 nobis
398 1045 491 1066 unum
512 1038 572 1066 sint
587 1036 626 1067 8‘.
642 1036 748 1066 Adhuc
765 1045 865 1076 puiro,
881 1041 913 1066 ut
954 1039 1032 1066 runt.
1050 1045 1137 1075 quam
1155 1035 1182 1066 id
1201 1035 1408 1075 acquisissent,
1433 1033 1482 1064 ubi
1508 1034 1627 1064 tandem
1643 1035 1679 1065 ad
1696 1045 1775 1067 mor-

68 1076 279 1119 audiqntibus
295 1079 411 1118 plenam
428 1080 516 1110 ﬁdem
544 1089 577 1110 ac
608 1084 719 1111 certam
736 1080 832 1117 faciat,
850 1081 912 1111 haec
955 1083 1018 1110 tuos
1035 1079 1157 1120 profecti
1177 1080 1246 1110 Illud
1264 1078 1439 1120 reperient?
1464 1078 1518 1109 llic
1534 1087 1604 1118 ergo
1620 1083 1733 1119 petere,
1747 1085 1777 1111 et.

67 1121 338 1161 adjungitISicut
350 1127 380 1155 tu
393 1133 438 1155 me
450 1125 596 1161 dilexisti,
608 1134 659 1164 ego
679 1125 748 1155 illos
760 1125 912 1156 dile.ri:et
953 1133 1097 1164 qurerere,
1123 1129 1153 1155 et
1174 1125 1293 1164 pulsare
1322 1123 1351 1153 in
1381 1122 1553 1163 poenitentia
1581 1130 1611 1154 et
1639 1124 1775 1165 lacrymis

65 1166 212 1203 gloriam
224 1176 316 1207 quam
327 1169 533 1201 dedistimihi.
547 1170 618 1200 dati
630 1170 792 1203 eis.utsint
803 1179 907 1208 unum,
947 1169 1026 1208 jUSSi
1040 1179 1164 1206 sumus;
1192 1173 1221 1200 et
1249 1169 1292 1199 sic
1321 1167 1511 1206 facientibus,
1542 1168 1685 1200 Dominus
1698 1170 1728 1201 id
1744 1180 1776 1202 se

67 1212 152 1243 sicut
166 1221 230 1243 nos
243 1222 338 1244 unum
348 1223 452 1244 sumus
463 1215 504 1244 ΒΞ.
522 1217 603 1245 Patet
623 1224 703 1252 ergo.
718 1215 793 1245 sicut
810 1220 910 1246 manet

70 1255 165 1287 Pater
178 1257 210 1287 in
230 1258 304 1289 Filio
320 1269 384 1296 suo,
404 1263 432 1289 et
449 1260 539 1290 Filius
554 1260 582 1290 in
599 1259 665 1290 sinu
686 1260 789 1299 t’atris,
807 1269 911 1290 secun-

69 1301 145 1331 dum
165 1307 306 1333 naturam
322 1314 328 1332 :
360 1304 402 1334 sic
419 1304 505 1334 etiam
522 1305 571 1344 qui
589 1304 616 1334 in
633 1304 753 1335 veritate
769 1305 908 1336 credide-

70 1350 156 1382 runt,
177 1351 209 1377 et
240 1357 292 1386 per
318 1347 461 1387 Spiritum
488 1354 621 1379 sanctum
646 1350 811 1387 regenerati
827 1355 907 1386 sunt,

68 1389 254 1431 Christique
269 1401 302 1422 ac
320 1392 372 1424 Dei
389 1402 441 1432 per
466 1394 531 1433 ejus
553 1393 662 1424 donum
681 1394 748 1424 facti
764 1398 832 1424 sunt
847 1395 908 1424 fra-

71 1438 146 1478 tres,
167 1439 198 1466 et
218 1436 271 1466 ﬁlii
289 1437 353 1477 Dei,
372 1442 400 1468 et
414 1438 575 1478 adoptione
604 1438 657 1475 dii,
673 1448 796 1470 monere
811 1448 861 1470 eos
878 1439 907 1469 in

70 1477 135 1508 Deo
155 1489 216 1519 per
237 1482 371 1519 gratiam.
389 1487 417 1513 et
432 1477 525 1513 Deum
543 1483 572 1513 in
588 1482 657 1513 illis.

952 1213 1037 1244 nobis
1059 1214 1194 1245 daturum
1211 1217 1255 1245 est
1272 1213 1436 1254 pollicitus.
1451 1212 1534 1249 Quod
1551 1213 1575 1243 si
1592 1214 1646 1244 hoc
1662 1214 1772 1256 facere,

951 1262 980 1288 et
992 1258 1107 1289 Christo
1122 1259 1246 1290 Domino
1257 1258 1381 1289 obedire
1389 1257 1630 1296 detractabimus,
1641 1259 1775 1291 utadhuc

951 1303 1124 1342 superstites
1139 1303 1176 1333 ab
1205 1303 1269 1342 ipso
1297 1312 1422 1341 regnum
1453 1303 1598 1333 coelorum
1627 1303 1704 1334 intra
1720 1314 1773 1335 nos

950 1347 1087 1386 accipere
1103 1348 1287 1384 festinemus,
1305 1357 1404 1378 nonne
1429 1357 1494 1378 cum
1518 1347 1589 1378 illuc
1605 1349 1772 1380 excesseri-

951 1401 1027 1428 mus,
1042 1392 1148 1423 merito
1160 1393 1307 1423 dicentem
1325 1392 1409 1422 nobis
1421 1392 1589 1430 audiemus,
1606 1393 1676 1433 quid
1693 1403 1772 1425 nunc

950 1437 1091 1476 quau-itis,
1104 1437 1181 1477 quod
1194 1447 1211 1467 a
1223 1446 1269 1467 me
1282 1437 1410 1467 oblatum
1421 1437 1504 1467 Vobis
1518 1437 1655 1478 accipere
1672 1438 1770 1469 nolui-

950 1481 1002 1512 stis
1013 1485 1027 1513 ?
1049 1481 1153 1512 Nonne
1164 1491 1371 1522 saepenumero
1382 1481 1518 1512 hortante
1530 1492 1588 1522 mc,
1607 1487 1636 1513 ut
1652 1482 1769 1514 labora-

113 1523 216 1560 Quam
233 1526 270 1556 ob
286 1536 404 1557 causam
421 1528 471 1567 qui
497 1528 569 1558 talus
594 1537 652 1558 non
667 1532 835 1564 evaserunt,
853 1536 935 1562 necc
949 1527 1029 1558 retis.
1048 1531 1076 1557 et
1098 1526 1127 1557 id
1153 1536 1169 1558 a
1198 1537 1245 1557 me
1274 1527 1442 1567 sumeretis,
1473 1536 1523 1557 vos
1552 1528 1722 1566 recusastis,
1743 1534 1771 1560 et

68 1569 208 1607 actione,
237 1575 265 1601 et
290 1571 474 1612 cognitione,
500 1573 741 1612 spectationeque
770 1572 907 1603 universe

69 1619 141 1644 sunt
150 1614 193 1644 im
200 1616 315 1653 mutati,
327 1617 474 1656 quomodo
482 1617 598 1657 seipsos
607 1617 757 1657 appellare
766 1617 907 1648 Christia-

70 1667 127 1688 nos
146 1669 210 1689 non
227 1665 367 1691 verentur
383 1665 396 1692 ’ξ
424 1662 572 1700 quomodo
601 1672 634 1692 os
660 1661 791 1702 aperire,
809 1661 906 1701 deque

70 1703 202 1734 occultis
220 1705 379 1745 mysteriis,
398 1706 476 1737 velut
491 1716 581 1746 super
596 1711 718 1737 stratum
743 1707 905 1746 neglectim

67 1747 412 1792 jacentesimpudenter
427 1751 506 1792 loqui
521 1751 655 1782 audent?
669 1751 816 1791 quomodo
828 1751 905 1782 inter

71 1791 272 1834 Christianos,
289 1799 317 1825 et
327 1791 537 1835 spiritualesse
551 1806 710 1827 numenre
722 1805 780 1826 non
794 1796 904 1836 pudet?

72 1838 228 1876 quomodo
245 1841 435 1871 sacerdotum
462 1850 640 1880 assessores,
667 1840 860 1880 corporisque
875 1844 903 1871 et

72 1882 232 1921 sanguinis
248 1883 365 1914 Domini
391 1885 529 1923 sacrifici,
554 1889 584 1915 et
604 1884 732 1915 ministri
761 1894 828 1916 esse
844 1895 902 1916 non

73 1926 337 1964 perhorrescunt?
365 1929 488 1961 Prorsus
518 1930 621 1960 mirari
651 1929 722 1960 satis
737 1938 796 1960 non
812 1939 899 1970 queo.

71 1969 130 2001 Sed
149 1972 292 2004 nimirum
305 1975 421 2005 caecitas
431 1975 548 2012 mentis,
567 1980 598 2006 ut
609 1975 721 2006 dictum
734 1978 788 2012 est,
802 1974 900 2005 illius-

72 2024 131 2054 que
147 2017 274 2048 comites
289 2023 392 2059 stupor
405 2024 433 2050 et
458 2020 594 2060 stultitia,
622 2024 651 2051 et
678 2020 749 2050 hinc
775 2028 901 2050 nascens

71 2061 256 2104 arrogantia,
274 2062 330 2093 tale
356 2072 471 2102 aurum,
500 2064 899 2104 pretiosissimumquelapi-

72 2103 140 2149 dem
153 2105 251 2145 ipsum
264 2106 424 2138 Dominum
435 2103 566 2139 nostrum
579 2110 681 2140 Jesum
694 2103 900 2149 Christum,ut

73 2148 166 2180 lutum
184 2152 360 2183 conculcare
378 2153 456 2184 facit.
482 2153 506 2185 Ο
532 2154 685 2185 audaciam
708 2148 896 2191 horribilem,

74 2194 157 2238 cujus
168 2195 298 2236 impulsu
309 2201 447 2238 tanquam
460 2199 617 2230 sublimem
626 2200 749 2238 gradum
757 2208 899 2230 conscen-

73 2237 155 2276 dunt,
167 2240 244 2277 utibi
256 2237 377 2279 stantes,
392 2242 500 2273 inﬁma:
515 2243 895 2282 multitudiniexcellentes,

112 2319 143 2361 78
158 2321 235 2352 Psal.
253 2330 352 2360 LXXXI,
369 2323 398 2354 6.
443 2323 484 2348 78‘
500 2322 574 2354 Joan
603 2331 655 2361 xv,
671 2323 701 2357 4,
719 2323 748 2354 8.

73 2357 98 2379 ⁸³
113 2360 198 2391 Joan.
216 2370 268 2400 xu,
284 2357 350 2394 35..
378 2363 567 2404 84Joan.1u,
585 2357 654 2395 36..
677 2365 709 2389 33
723 2365 828 2396 Matth.
845 2371 913 2401 xxv,

74 2449 114 2484 13L
143 2444 347 2480 τριωπόπτκτος
387 2444 454 2472 κατὰ
488 2445 578 2484 χάριν,
621 2445 664 2473 καὶ
700 2446 714 2473 ὁ
745 2444 890 2483 ἅνθρωπος,

76 2479 115 2511 εἷς
146 2481 214 2510 Θέσει
243 2484 301 2515 θεὸς
327 2483 356 2511 ἐκ
387 2479 510 2521 «apud;
529 2479 580 2512 ’καί
609 2486 713 2524 ψυχῆς,
742 2485 784 2512 κιὶ
814 2487 892 2524 οὗπερ

76 2520 214 2562 μετείληφε
236 2525 304 2551 θείου
325 2519 484 2562 mediani-10;,
516 2525 559 2552 mi
587 2519 733 2564 πληρὗτᾶιι
763 2519 891 2558 tmtsz;

77 2569 105 2586 τα
119 2562 147 2588 τὸ
162 2563 297 2602 εἰρημένον
311 2565 361 2592 ὑπὸ
383 2568 435 2605 ’τοῦ
459 2566 593 2605 προφήτου
616 2562 695 2593 Astii-fr)
717 2565 787 2603 Ἐγὼ
803 2565 870 2593 εἶπα
882 2574 891 2583 ·

77 2602 132 2642 βεςιί
155 2600 224 2638 Eois,
242 2605 285 2632 κκὶ
308 2605 357 2632 υἶοὶ
383 2600 506 2641 ’Υψίστὸυ
517 2600 641 2642 prius.“
666 2604 722 2633 καθ’
739 2600 826 2633 είκόνα
840 2604 892 2638 δη-

77 2636 150 2685 ξιόὴ,
179 2645 222 2672 καὶ
250 2645 308 2672 καθ’
336 2644 461 2681 ὁμοίωσιν
490 2645 536 2673 τοῦ
575 2641 710 2685 Ὑψίστου,
739 2646 892 2684 γεννήμκτα

78 2679 132 2708 θεῖι
145 2682 174 2725 ea
188 2688 234 2712 τοῦ
254 2685 328 2725 baton
349 2679 511 2722 Πνεύματος.
543 2679 690 2722 Occurrit,
703 2679 788 2725 lqu'od
802 2679 892 2715 Jltl'e-

78 2721 234 2765 qonsultus,
247 2723 277 2754 ﬁ‘.
294 2725 334 2755 De
344 2724 471 2763 legibus,
493 2728 614 2756 monet:
637 2721 892 2765 Beittfqniusleges

80 2762 392 2804 iiiteiln'etandtzsunt,
403 2765 607 2804 quovoluntas
614 2762 722 2796 earum
732 2762 892 2796 consertio-

79 2800 132 2847 ζιζζ.
140 2800 183 2847 Et:
192 2803 232 2847 I_n_
239 2800 458 2847 ambigua—voce
468 2806 555 2847 legis,
563 2814 599 2836 ea
605 2807 708 2845 potius
719 2805 893 2845 accipienda

79 2841 120 2887 illi
134 2841 334 2887 signiﬁcatio;
343 2854 412 2887 quae
427 2841 616 2887 vitio'ca'ret':
632 2841 807 2887 prasertiin
826 2854 894 2877 cum

79 2881 311 2918 etiam'voluntas
318 2881 398 2926 'te‘gts
405 2894 444 2917 ea:
455 2885 509 2918 hoc
520 2885 623 2927 colligi
627 2881 735 2926 possit.
750 2885 833 2918 Idem
841 2894 895 2927 ego

791 2323 822 2348 79
836 2323 908 2354 Ibid.
929 2323 959 2353 4.

948 1572 1190 1612 contempsistis:
1223 1571 1481 1612 percunliumque,
1517 1582 1552 1603 ac
1582 1577 1768 1604 terrenorum

947 1617 1126 1656 voluptatem
1144 1616 1336 1657 prietu'istis?
1366 1616 1478 1652 Quibus
1507 1626 1576 1655 ergo
1607 1617 1701 1655 factis,
1720 1623 1770 1649 aut

947 1671 1004 1701 qua
1027 1661 1161 1702 pratione
1178 1661 1205 1692 id
1223 1661 1253 1692 in
1278 1665 1429 1701 posterum
1456 1661 1589 1693 invenire
1606 1662 1739 1702 poteritis
1755 1663 1770 1693 ‘I

947 1705 1141 1745 Quapropter.
1171 1705 1272 1738 Patres
1297 1710 1326 1736 et
1354 1706 1460 1737 fratres
1488 1706 1558 1744 mei,
1590 1717 1688 1747 qumso
1704 1717 1766 1748 vos,

946 1750 1027 1780 omni
1042 1750 1199 1782 sedulitate
1215 1750 1352 1782 mandata
1377 1751 1429 1781 Dei
1450 1751 1541 1781 nostri
1555 1752 1766 1793 custodiamus,

945 1804 1002 1834 quo
1017 1795 1104 1826 vitam
1122 1804 1307 1836 regnumque
1322 1799 1466 1827 aeternum
1482 1805 1722 1837 consequamur;
1740 1803 1769 1829 et

945 1849 982 1869 ne
991 1839 1145 1871 audiamus
1157 1850 1235 1871 nunc
1246 1840 1365 1881 quidem
1381 1849 1388 1872 :
1410 1840 1472 1878 Qui
1491 1850 1551 1872 non
1562 1842 1662 1873 odebit
1673 1842 1766 1883 Filio,

944 1893 1002 1915 non
1011 1885 1120 1915 videbit
1130 1886 1223 1916 vitam
1234 1894 1242 1916 :
1255 1886 1306 1916 sed
1313 1886 1361 1916 ira.
1372 1885 1765 1928 Deimanetsupereumm;

944 1928 973 1958 in
989 1929 1086 1959 futuro
1097 1933 1194 1960 autem
1207 1929 1327 1967 saeculo,
1345 1930 1451 1961 Nescio
1474 1930 1555 1960 unde
1569 1931 1637 1961 sitis
1646 1932 1695 1963 35:
1713 1932 1766 1963 sed

943 1973 1128 2004 benedictam
1137 1974 1322 2013 potiusillam
1335 1983 1435 2005 vocem
1448 1974 1640 2014 excipiamus:
1651 1975 1764 2014 Venite,

943 2018 1202 2049 benedictil’atris
1211 2019 1279 2056 mei,
1291 2019 1436 2058 percipite
1447 2028 1574 2059 regnum
1589 2019 1672 2051 vobis
1680 2030 1764 2060 proe-

941 2066 1084 2103 paratum
1095 2062 1137 2100 86‘,
1151 2062 1290 2102 quoniam
1304 2063 1429 2094 salutem
1444 2068 1570 2094 vestram
1581 2065 1763 2097 esurientem

942 2117 989 2138 me
1000 2116 1053 2148 per
1064 2106 1299 2138 observationem
1313 2108 1518 2139 mandatorum
1532 2118 1665 2140 meorum
1680 2109 1762 2150 pavi-

940 2151 1004 2190 stis,
1019 2152 1151 2192 potastis,
1162 2151 1329 2192 vestivistis,
1342 2151 1544 2192 collegivistis,
1556 2157 1585 2184 et
1594 2153 1715 2185 venistis
1725 2155 1762 2186 ad

941 2206 998 2231 me.
1013 2201 1133 2237 purgate
1142 2196 1232 2228 corda
1241 2201 1336 2228 vestra
1353 2196 1390 2228 ab
1411 2197 1493 2227 omni
1506 2198 1632 2236 macula,
1649 2202 1678 2230 et
1693 2207 1760 2230 sor-

939 2242 1027 2273 dibus
1043 2241 1167 2282 peccati.
1183 2241 1226 2273 De
1238 2242 1352 2283 reliquo
1366 2241 1500 2273 fruimini
1515 2242 1602 2274 bonis
1620 2244 1678 2274 mei
1693 2253 1762 2275 cum

1001 2321 1034 2346 80
1048 2321 1132 2351 Joan.
1149 2329 1221 2357 xvtt,
1240 2321 1289 2353 2|.
1332 2320 1358 2359 3}
1373 2320 1449 2353 Ibid.
1466 2321 1514 2353 23.
1558 2321 1590 2347 82
1615 2321 1691 2353 Ibid.
1709 2322 1759 2355 22.

936 2361 984 2393 12.
1028 2360 1218 2393 331bid.34.

934 2443 965 2473 in
976 2441 1185 2473 hacSimeonis
1192 2440 1325 2471 oratione
1338 2440 1507 2472 faciendum
1520 2450 1586 2472 esse
1597 2441 1676 2472 dico.
1686 2441 1759 2472 Nam

934 2483 1006 2514 illud
1021 2480 1154 2522 οὒςιωδώς
1170 2482 1272 2522 évu‘igu,
1287 2490 1342 2511 nec
1351 2482 1386 2512 ad
1398 2481 1504 2519 Deum,
1519 2491 1574 2512 nec
1583 2481 1618 2512 ad
1633 2482 1759 2522 gratiam

933 2521 1124 2554 referendum
1136 2523 1192 2552 est.
1207 2520 1320 2562 (Neque
1330 2521 1409 2552 enim
1425 2523 1511 2552 homo
1522 2522 1621 2561 justus
1632 2520 1681 2553 aut
1692 2531 1760 2553 cum

933 2563 1007 2599 Deo,
1025 2566 1076 2593 aut
1090 2570 1158 2592 cum
1174 2561 1266 2602 gratia
1283 2561 1482 2593 essentialiter
1510 2562 1622 2602 unitur)
1648 2563 1699 2593 sed
1722 2563 1760 2593 ad

934 2604 1027 2634 solam
1044 2600 1286 2642 conjunctionem
1309 2602 1443 2642 corporis
1472 2605 1498 2633 et
1532 2600 1665 2640 animae;
1693 2612 1761 2642 quae

933 2645 1036 2684 utique
1063 2641 1230 2684 essentialis
1257 2645 1320 2684 est;
1349 2641 1378 2677 et
1393 2643 1462 2682 quia
1475 2652 1597 2682 corpus,
1610 2641 1717 2684 anima
1730 2646 1759 2673 et

933 2681 1027 2724 gratia
1042 2686 1110 2724 sunt
1126 2690 1175 2713 res
1193 2681 1277 2712 trinae
1289 2683 1333 2724 _in
1355 2681 1461 2724 eodem
1485 2681 1648 2723 composito
1665 2692 1675 2720 ;
1691 2682 1759 2714 ideo

933 2722 973 2754 ait
985 2723 1136 2755 hominem
1154 2731 1206 2762 per
1220 2722 1346 2761 gratiam
1372 2722 1435 2753 ﬁeri
1462 2724 1520 2752 θεὸν
1541 2722 1757 2763 {pwitoca-nov.

934 2763 990 2795 Ubi
1019 2763 1308 2803 νοχντρισυπόσῇεατος
1326 2763 1507 2803 Ῠίῐλψιόρτίθ
1537 2768 1565 2803 et
1593 2763 1758 2794 secundum

935 2802 1165 2844 similitudinem
1177 2802 1273 2843 accipi
1287 2802 1405 2841 debet}
1425 2802 1457 2834 ut
1472 2804 1536 2844 ipse
1551 2802 1672 2835 Simeon
1686 2803 1758 2835 satis

936 2853 1086 2885 superque
1101 2842 1243 2875 declarat.
