1978 3078
0 142 85 180 457
749 147 851 180 ORAT

912 146 1050 179 XXVIII.
1673 152 1731 183 453

0 214 89 259 Deo
106 218 143 244 et.
157 213 481 259 angelispromittimus
491 214 506 244 ‘l
515 214 608 259 Quam
624 213 661 245 ob
675 223 792 259 causam
799 221 868 259 vero
878 218 897 243 Α
912 213 975 249 bus,
1001 217 1029 259 et
1044 212 1111 244 tolle
1123 222 1240 259 crucem
1252 218 1350 259 tuam,
1367 219 1395 247 et
1409 218 1477 248 veni
1487 227 1615 258 sequere
1628 228 1675 250 me
1688 219 1728 259 9’,

0 257 186 290 militare.
213 257 382 298 Christique
397 257 592 289 bellatoribus
606 258 758 289 accenseri
774 257 870 288 volui-

0 311 96 331 mus
121 301 138 331 ?
158 311 258 332 nonne
274 306 305 332 ut
331 307 433 332 contra
457 303 557 333 hostes
572 303 626 333 sub
642 307 793 342 aspectum
810 311 868 332 non

0 345 200 376 venientes
217 355 425 385 pugnaremus,
450 350 481 377 ut
502 346 868 377 contraconcitatosanimi

0 394 140 420 motus
158 389 268 420 bellum
282 399 508 430 capesseremus
521 391 579 422 'lEt
591 400 681 430 nunc,
698 390 821 431 perinde
836 396 868 421 ut

0 434 28 464 si
53 439 170 474 pacta
187 439 330 465 conventa
344 444 431 465 nemo
452 444 470 466 a
492 435 578 466 nobis
593 440 748 466 exacturus
763 435 800 465 sit
815 444 868 465 nos

0 480 177 518 gerimus
195 489 201 511 :
220 480 366 520 solutique
382 481 487 511 timore
516 481 568 512 Dei
592 487 620 511 et
642 484 778 511 mandata
803 481 867 520 ejus

0 528 268 555 contemnentes
285 524 416 556 vivimus.
435 525 503 556 Mihi
534 526 673 566 equidem
690 526 719 555 in
735 529 865 556 mentem

0 568 112 598 lvenit.
150 568 305 605 admirari,
335 569 483 609 quomodo
511 569 541 600 in
571 574 677 600 tantam
709 570 865 608 caliginem

0 613 339 653 praecipitaverimus,
359 614 517 654 omniaque
533 623 600 644 cum
626 613 791 644 animorum
807 623 864 644 no—

0 660 171 686 strorum
191 656 368 688 detrimento
379 657 536 688 faciamus:
549 667 675 698 cumque
687 657 864 697 nosmetipsi

0 700 222 739 jugulemus,
236 702 263 732 id
276 705 414 741 tanquam
427 701 482 732 vivi
493 711 527 732 ac
545 702 718 741 superstites
733 711 791 732 non
808 710 861 732 cu-

0 753 162 775 remus:
180 750 208 775 et
219 745 420 786 cumipsinos
442 753 628 786 peccatorum
649 746 773 776 vinculis
788 755 861 776 con-

0 789 234 828 stringamus,
251 790 337 820 etiam
353 790 492 829 gaudium
521 791 676 830 agitemus,
693 789 861 820 committa-

0 842 166 873 musque
182 834 281 864 omnia
289 844 354 875 qua:
368 837 444 865 Deus
454 835 526 872 odit,
540 839 639 875 etqua:
650 835 679 865 in
695 835 859 874 gehennam

2 871 114 917 ignis
125 878 247 909 animas
273 871 387 910 nostras
414 871 592 912 deturbem.-
618 883 647 909 et
662 871 825 910 ea'vincula
841 888 856 908 a
871 871 890 894 Β

910 258 1100 294 tentationes,
1116 266 1150 288 ac
1166 258 1375 290 tribulationes
1403 261 1499 292 crucis
1516 263 1636 294 nomine
1653 258 1728 294 insi;

910 311 1014 333 nuans.
1037 303 1112 334 Dare
1128 311 1216 341 porro
1232 303 1341 342 omnia,
1360 306 1500 344 pecunias
1515 316 1548 337 ac
1565 309 1728 347 possessio-

910 356 986 392 nes,»
1006 346 1174 376 incursibus
1198 352 1295 392 autem
1325 349 1518 380 tcntationum
1548 352 1727 392 reliquorum

908 390 1084 421 acerborum
1109 400 1143 421 ac
1174 391 1367 422 molestorum
1397 403 1454 423 non
1483 390 1728 426 excelsoﬁanimo

908 435 1060 472 resistere,
1073 435 1180 466 animae
1191 435 1312 474 ignem,
1325 444 1360 466 ac
1370 446 1423 467 sua
1434 438 1590 469 commoda
1605 448 1662 469 non
1680 441 1726 470 in-

907 479 1068 518 telligenlis
1084 479 1157 509 nihil
1174 480 1300 511 videtur.
1316 479 1395 510 Nihil
1413 482 1490 511 enim
1509 483 1644 521 pecuniis
1659 488 1726 514 tati-

906 523 1057 553 tummodo
1073 523 1199 564 aliisque
1213 524 1302 555 rebus
1315 523 1532 563 abjiciendisac
1544 526 1725 564 deferendis,

906 571 935 597 et
949 567 984 597 ad
1003 568 1089 597 vitam
1104 568 1269 598 :tolitariem
1282 569 1480 607 confugiendo
1493 579 1519 609 pi
1529 571 1658 608 oticitur,
1671 572 1728 602 nisi

905 611 935 641 in
953 612 1178 650 tentationibus,
1195 617 1224 643 et
1249 613 1501 653 tribulationibus,
1519 619 1548 644 et
1561 615 1724 646 secundum

904 655 982 686 Deus
995 657 1138 686 molestiis
1150 665 1244 697 usque
1261 657 1296 687 ad
1310 657 1399 687 finem
1422 667 1606 697 perseveres.
1623 659 1726 699 Neque

905 700 984 730 enim
993 701 1034 731 Ch
1040 700 1088 730 riSI
1095 710 1129 731 us
1137 700 1212 731 Deus
1219 701 1357 731 nosterin
1365 710 1463 732 rerum
1472 707 1637 733 nostrarum
1647 703 1725 743 abje-

903 744 1012 785 ctione,
1029 745 1080 774 sed
1092 745 1122 774 in
1135 745 1274 784 patientia
1285 750 1384 775 nostra
1397 746 1510 776 animas
1522 750 1637 777 nostras
1653 757 1725 787 pos-

901 798 1035 819 sessuros
1046 789 1253 822 altirmavit95.
1273 790 1455 821 Facultatum
1473 792 1500 821 in
1519 801 1663 831 pauperes
1678 793 1725 822 di-

901 833 1120 874 stributionem,
1139 834 1273 874 etfugam
1286 835 1384 864 saeculi
1397 834 1502 864 bonam
1518 840 1605 875 atque
1620 836 1721 868 utilem

901 887 933 908 es
951 887 966 908 e
981 882 1095 908 constat
1110 887 1116 909 :
1140 883 1341 909 verumtamen
1357 879 1417 908 sola
1432 888 1484 918 per
1495 879 1635 919 seipsam,
1647 881 1722 912 citra

1 921 118 952 nobis
132 923 316 961 auferentes,
327 923 858 963 quasitriiculentwast-w,devorare
899 922 1722 958 tentationumtolerantiam,hominemsecundumDeum

6 975 196 998 conemur.
213 966 285 998 Nam
308 968 332 998 si
354 977 370 998 a
398 968 534 1008 quopiam
552 968 695 998 fuerimus
710 967 856 1007 impediti,
898 966 1258 1006 perfectumredderenon
1269 971 1373 1008 potest.
1384 966 1588 1003 Quodutitase
1600 968 1720 1005 habere,

6 1020 53 1040 ne
75 1010 167 1050 quid
184 1015 286 1042 contra
309 1012 422 1042 animas
446 1016 562 1042 nostras
591 1012 756 1050 moliamur,
774 1011 857 1041 illum
899 1010 974 1041 etita
987 1010 1470 1051 Deoplacerecredas,audiipsius
1485 1013 1572 1042 verba
1587 1012 1625 1042 ad
1642 1013 1721 1043 divi-

9 1064 113 1086 more
134 1064 245 1086 canum
273 1056 443 1087 rabidorum
469 1056 650 1093 allatramus,
680 1059 710 1086 et
723 1055 858 1086 comitiis

899 1058 972 1084 tem:
990 1055 1026 1085 Si
1040 1056 1083 1085 vis
1095 1056 1247 1094 perfectus
1259 1064 1334 1091 esse,
1350 1056 1444 1086 vende
1454 1064 1520 1095 quae
1530 1056 1633 1096 habes,
1645 1061 1672 1087 et
1682 1057 1722 1087 da

7 1099 229 1138 incessimus,
247 1109 303 1131 nec
317 1101 493 1135 desinimus,
510 1101 605 1131 donec
634 1109 666 1131 re
692 1104 857 1140 perpetrata
896 1100 1094 1139 pauperibus,
1111 1103 1138 1130 et
1158 1099 1231 1130 tolle
1243 1108 1360 1131 crucem
1372 1104 1466 1140 tuum,
1483 1105 1508 1131 el
1520 1102 1587 1131 veni
1597 1109 1722 1140 sequere

11 1144 148 1174 animis
161 1145 271 1175 nostris
286 1145 406 1176 exitium
422 1144 659 1175 conﬂaverimus.
669 1144 858 1175 Postmodum

10 1189 50 1219 ad
72 1189 124 1220 hu
124 1188 264 1228 jusmodi
275 1190 496 1230 perversitatem
508 1188 676 1226 assuefacti,
687 1188 860 1219 naturaliter

10 1233 183 1272 perversi,
201 1238 287 1273 atque
316 1233 443 1273 improbi
459 1233 635 1273 ,reddiinur,
666 1242 720 1263 nec
735 1232 860 1273 amplius

12 1277 102 1308 ccelo
121 1282 217 1317 caput
239 1277 343 1308 tollere
371 1277 452 1308 libet.
471 1278 527 1309 Ubi
545 1281 610 1317 post
624 1277 777 1308 hominum
794 1286 855 1307 me-

12 1321 163 1352 moriam
179 1321 287 1352 similis
310 1321 488 1353 machinatio
509 1321 608 1352 audita
621 1322 692 1352 est?
708 1322 780 1358 Quis
794 1321 856 1352 dm-

14 1376 97 1397 mon
119 1366 245 1397 modum
262 1366 439 1407 perditionis
463 1367 519 1397 hoc
543 1367 684 1405 majorem
701 1366 856 1396 adversum

15 1412 152 1442 animas
169 1415 284 1442 nostras
313 1410 490 1451 excogitabit
518 1410 577 1440 imo
605 1415 696 1448 certe,
714 1410 785 1451 quid
801 1411 857 1441 hoc

17 1456 168 1496 amplius
182 1461 284 1487 contra
302 1465 356 1487 nos
384 1457 534 1486 daemones
549 1465 615 1485 cum
631 1455 712 1485 omni
728 1464 808 1495 cura,
827 1459 857 1486 et

17 1501 240 1532 sollicitudine
249 1501 383 1532 invenire
393 1500 549 1541 poterunt?
564 1500 720 1530 Monachos
731 1499 793 1530 fore
803 1509 856 1530 nos
866 1501 885 1526 C

21 1545 268 1586 spopondimus,
296 1549 325 1576 et
340 1554 376 1575 en
392 1554 480 1586 supra
496 1545 661 1575 mundanos
677 1544 857 1583 improbitati

21 1600 81 1621 nos
91 1590 297 1628 alligavimus.
311 1590 355 1621 Ad
367 1589 486 1627 famem,
500 1589 591 1625 sitim,
606 1589 795 1620 aﬂlictionem
810 1598 856 1619 su-

26 1635 217 1672 stinendam,
235 1639 267 1666 ut
281 1639 348 1666 ante
371 1634 557 1671 dicebamus,
584 1633 724 1673 descripti
741 1643 853 1671 sumus,

26 1685 55 1711 et
73 1685 206 1720 propter
220 1680 341 1711 unicum
365 1679 450 1720 panis
465 1679 589 1709 frustum
609 1678 698 1718 (quod
715 1678 788 1708 forte
801 1687 853 1708 ex-

899 1152 957 1174 me.
971 1143 1119 1174 Vocabula
1135 1145 1244 1181 mucis,
1260 1148 1291 1174 ut
1309 1143 1421 1174 dictum
1443 1148 1488 1174 est
1512 1144 1720 1176 tribulationes

900 1191 929 1218 et
944 1188 1121 1218 tentationes
1135 1187 1291 1218 obscurius
1305 1188 1451 1227 significat
1481 1188 1623 1224 Quoniam
1638 1188 1718 1218 enim

900 1241 1026 1270 regnum
1039 1232 1180 1263 caelatum
1192 1232 1258 1263 vim
1270 1235 1397 1271 patitur,
1419 1236 1447 1263 et
1465 1234 1589 1263 rio/enti
1596 1234 1719 1272 rapiunt

901 1276 977 1308 illud
987 1276 1029 1314 9‘,
1046 1276 1190 1306 aliterbue
1214 1276 1309 1307 ﬁdelis
1336 1276 1365 1306 in
1399 1277 1507 1316 ipsum,
1526 1277 1580 1306 nisi
1597 1286 1650 1316 per
1663 1286 1719 1307 an-

898 1325 1011 1360 gustam
1027 1326 1142 1360 portam
1159 1319 1393 1359 tribulationum,
1421 1325 1448 1350 ct
1467 1321 1658 1351 tontationum
1675 1321 1719 1351 in-

897 1365 988 1395 troire
1005 1364 1116 1404 nequit,
1133 1365 1239 1396 merito
1265 1364 1364 1395 divina
1394 1364 1421 1395 S.
1435 1365 1544 1404 llpilll'd
1561 1365 1692 1404 praecipit
1710 1374 1716 1395 :

897 1408 1070 1439 Contendile
1094 1409 1207 1438 intrare
1229 1417 1284 1448 per
1307 1412 1468 1448 angustam
1487 1413 1605 1448 portam
1619 1409 1660 1436 95.
1686 1408 1720 1438 Et

897 1452 1004 1483 iterum
1014 1463 1021 1482 :
1031 1452 1068 1483 In
1076 1454 1225 1492 patientia
1237 1455 1337 1483 vestra
1343 1453 1532 1492 possidebitis
1539 1453 1660 1483 animus
1669 1462 1718 1483 re-

897 1497 1023 1528 strus96.
1045 1497 1095 1527 Et:
1119 1498 1178 1527 Per
1197 1496 1525 1527 multaslribululiours
1536 1500 1650 1536 oportet
1664 1506 1720 1528 nos

900 1542 1017 1572 intrare
1025 1542 1054 1572 in
1062 1550 1187 1580 regnum
1197 1540 1348 1580 calorum,
1359 1545 1389 1570 ut
1402 1545 1431 1570 ct
1442 1541 1511 1570 alibi
1523 1541 1550 1570 id
1565 1540 1719 1580 Scriptura

899 1590 942 1615 tes
956 1586 1068 1616 atur97.
1088 1585 1169 1622 Filii,
1187 1586 1326 1616 decedens
1341 1585 1556 1615 adservilulem
1566 1585 1623 1615 Dei
1638 1593 1718 1624 prae-

895 1639 971 1669 para
982 1631 1115 1660 animum
1132 1634 1215 1660 luam
1228 1630 1267 1660 ad
1280 1630 1492 1660 lentalionem.
1508 1629 1650 1668 Deprime
1664 1637 1717 1659 cor

897 1673 1398 1712 tuum.etsustineWEtApostolus:
1405 1672 1617 1710 Quodsiexlra
1624 1673 1716 1702 disci—

29 1717 81 1755 tra-
99 1717 259 1755 definitum
283 1723 340 1755 cibi
365 1717 502 1754 sumendi
525 1717 641 1762 tempus
662 1721 856 1761 requirimus)
892 1717 1718 1762 plinameslis,cuiusparticipeslai-tisuntomnes,ergo

28 1769 133 1800 verbis
148 1769 274 1806 velitari,
288 1774 318 1799 et
330 1768 437 1808 probra
445 1769 558 1807 jactare
566 1776 623 1796 non
636 1766 852 1796 erubescimus.

32 1812 183 1845 Omnibus
193 1823 257 1854 quae
266 1813 296 1843 in
309 1812 419 1842 mundo
431 1815 508 1846 sunt,
520 1810 692 1841 renuntiare
707 1809 852 1846 venimus,

33 1858 219 1897 parentibus,
233 1858 364 1897 inquam,
376 1855 527 1894 fratribus,
540 1859 569 1885 et
578 1854 691 1890 amicis,
714 1857 743 1884 et
756 1858 855 1884 tamen

35 1901 104 1933 illos
121 1903 161 1933 de
179 1901 348 1933 monasterii
364 1899 490 1940 panibus
505 1900 585 1930 alere
603 1897 698 1938 potius
713 1905 772 1928 non
788 1907 854 1928 ces-

38 1955 150 1978 samus.
168 1946 308 1977 Mundum
323 1949 356 1976 ut
378 1945 492 1975 hostem
518 1943 657 1983 fugimus,
685 1945 714 1972 et
736 1941 854 1972 interim

40 1991 215 2028 mundanos,
233 1994 263 2021 et
278 1998 343 2030 quia
358 1988 461 2019 mundi
476 1993 556 2028 sunt,
584 1987 650 2028 plus
664 1995 752 2028 quam
768 1986 855 2018 Chri-

40 2039 111 2066 stum
127 2036 226 2076 ipsum
240 2033 400 2074 diligimus.

77 2079 133 2116 Qui
141 2075 245 2111 autem
260 2079 379 2119 assequi
393 2078 455 2109 vult
468 2086 533 2118 quae
548 2077 639 2117 cupit,
651 2080 682 2108 et
692 2075 853 2112 desiderat,

45 2123 116 2155 bona
129 2124 185 2155 Dei
198 2123 348 2163 videlicet,
364 2126 393 2153 et
408 2131 444 2153 ex
465 2121 585 2152 homine
596 2122 625 2152 in
638 2121 774 2161 angelum
791 2124 853 2151 ter-

895 1762 1038 1797 rulullrri,
1053 1762 1217 1800 etnonﬁlii
1237 1762 1307 1792 estis
1317 1761 1358 1790 99.
1376 1761 1414 1792 Et
1428 1761 1485 1790 alio
1502 1760 1566 1790 loco
1585 1769 1591 1791 :
1609 1759 1716 1791 Omnia

896 1815 961 1845 quin
977 1806 1028 1835 tibi
1045 1806 1225 1843 inferuntur,
1243 1809 1274 1835 ut
1292 1805 1368 1836 bona
1385 1804 1512 1844 suscipe,
1532 1805 1630 1835 sciens
1652 1804 1716 1834 sine

897 1850 958 1880 Deo
975 1849 1050 1880 nihil
1065 1849 1140 1880 fieri.
1157 1849 1212 1885 Qui
1228 1850 1307 1880 enim
1322 1849 1448 1880 fortunis
1465 1849 1526 1879 suis
1546 1849 1575 1879 in
1591 1852 1718 1888 egentes

897 1894 1012 1924 collatis
1023 1903 1039 1924 e
1048 1894 1158 1924 mundo
1171 1898 1198 1924 et
1209 1893 1297 1924 rebus
1311 1894 1375 1933 ejus
1386 1893 1510 1930 recedit,
1529 1894 1558 1922 in
1567 1902 1620 1932 spe
1636 1901 1716 1922 mer-

897 1938 990 1973 cedis,
1008 1942 1037 1968 et
1051 1938 1199 1977 voluptate
1214 1937 1308 1968 multa
1321 1941 1415 1977 gestat
1442 1936 1666 1968 conscientiam.
1684 1935 1719 1966 Et

896 1982 1053 2022 aliquando
1084 1991 1155 2012 vana
1182 1981 1276 2021 gloria
1303 1981 1471 2012 mercedem
1503 1981 1626 2010 furatur.
1657 1979 1716 2014 Qui

895 2035 964 2056 vero
990 2029 1144 2065 postquam
1174 2025 1274 2055 omnia
1303 2025 1384 2055 dedit
1413 2024 1603 2065 pauperibus,
1621 2023 1713 2054 etiam

897 2070 1018 2100 molesta
1030 2069 1165 2106 sustinet,
1181 2073 1210 2099 et
1222 2068 1330 2108 gratias
1340 2069 1408 2108 agit,
1422 2073 1449 2098 et
1461 2068 1584 2098 adversa
1598 2067 1716 2107 patien-

895 2117 941 2145 ter
955 2113 1074 2154 perfert,
1089 2113 1118 2143 in
1134 2122 1170 2143 eo
1185 2113 1303 2153 quidem
1328 2113 1484 2143 maximam
1510 2111 1715 2148 acerbitatem,

45 2171 163 2199 restrem
180 2168 318 2208 migrare,
341 2155 560 2198 afﬂictationem
585 2155 719 2206 corporis
732 2164 852 2202 amabit,
865 2158 1041 2198 Dlaborem,
1052 2167 1086 2206 ac
1099 2157 1232 2206 dolorem
1246 2156 1334 2208 sentit
1350 2167 1356 2186 :
1378 2157 1428 2187 sed
1443 2164 1572 2208 praiseps
1587 2155 1717 2208 actutu-

49 2213 184 2244 malorum
199 2212 420 2253 perpessionem
445 2210 653 2250 amplectetur,
680 2209 855 2241 tentationes

49 2260 76 2287 ut
91 2257 185 2288 omnis
197 2257 266 2288 boni
285 2256 343 2287 sibi
357 2255 575 2287 conciliatrices
588 2254 665 2285 haud
680 2253 854 2294 aspernabi-

54 2303 102 2332 tur.
112 2301 148 2333 Ut
163 2302 241 2333 enim
256 2310 360 2332 aurum
377 2300 469 2331 multa
483 2299 623 2331 infectum
640 2299 780 2338 aerugine,
799 2298 857 2328 nisi

54 2343 78 2375 in
91 2355 195 2385 prunas
206 2345 395 2386 conjiciatur,
409 2348 437 2375 et
450 2343 564 2374 malleis
575 2343 725 2380 tundatur,
738 2342 856 2383 purgari

57 2388 139 2431 aliter,
154 2395 238 2431 atque
253 2391 283 2421 in
313 2389 468 2430 pristinum
498 2388 640 2427 fulgorem
666 2386 782 2418 restitui
797 2395 855 2416 non

58 2438 139 2471 potest
146 2445 152 2465 :
160 2435 202 2466 sic
208 2435 307 2466 anima
316 2442 435 2474 quoque
444 2432 556 2473 peccati
569 2431 698 2470 mrugine
705 2435 853 2470 cooperta.

61 2480 84 2506 et
103 2478 134 2508 ad
149 2488 292 2510 summum
308 2478 383 2509 facta
400 2477 526 2513 inutilis,
545 2476 602 2516 alia
618 2476 665 2507 via
681 2475 809 2515 purgari,
828 2479 856 2505 et

62 2522 190 2563 antiquam
204 2531 381 2562 recuperare
398 2521 651 2563 pulchritudinem
668 2521 785 2563 nequit,
799 2519 855 2550 nisi

64 2559 249 2594 tentationibus
262 2559 407 2603 jactetur,
420 2566 448 2593 et
471 2561 695 2592 tribulationum
712 2559 857 2590 conﬂatu-

65 2612 114 2636 ram
129 2607 232 2640 subeat.
247 2607 320 2638 Nam
337 2611 366 2638 et
393 2607 469 2637 istuc
493 2605 611 2637 Domini
628 2604 722 2635 nostri
736 2603 857 2635 verbum

68 2648 228 2684 subiudicat:
245 2651 344 2684 Vende
355 2650 514 2690 facultates
526 2653 609 2687 tuas,
619 2652 648 2680 et
659 2649 697 2680 da
705 2649 858 2689 pauperi-

99 2727 225 2769 92Matth.
239 2730 357 2769 111,21.
400 2729 432 2755 93
445 2730 518 2769 an.
534 2735 603 2769 axi,
616 2727 663 2769 l9.

74 2771 120 2808 ην,
132 2768 174 2802 21.
210 2771 240 2797 98
252 2767 346 2803 Eccli.
362 2779 395 2808 ιι,
411 2772 442 2807 1,
457 2768 488 2801 2.
529 2767 562 2792 99
578 2767 672 2798 Hubr.
689 2774 744 2804 xu,
760 2767 790 2800 8.

199 2857 321 2890 PA'I'IOL.
337 2856 392 2889 Gn.
407 2852 490 2888 CXX.

705 2727 738 2752 94
752 2727 855 2759 Matth.
869 2733 911 2765 xI,
927 2724 976 2756 42.
1019 2724 1052 2750 9⁸
1068 2725 1170 2756 Matth.
1183 2734 1235 2763 vn,
1251 2725 1296 2757 l3.

895 2211 959 2232 rum
977 2201 1142 2241 przemium,
1170 2200 1381 2240 ingentemque
1409 2199 1635 2230 retributionem
1666 2206 1720 2238 pro

897 2246 1031 2286 perfugio
1044 2245 1142 2276 habet:
1169 2249 1271 2284 utpote
1285 2245 1336 2284 qui
1357 2244 1510 2285 passiones
1523 2242 1631 2274 Christi
1648 2242 1717 2286 imi-

897 2285 984 2328 tetur,
1003 2299 1132 2330 eumque
1144 2289 1174 2319 in
1190 2289 1295 2319 diebus
1312 2288 1520 2325 tentationum,
1538 2291 1566 2317 et
1585 2285 1718 2317 adversi-

898 2339 989 2366 tatum
1004 2336 1180 2365 irruentium
1196 2338 1352 2370 sustineat,
1365 2337 1393 2364 et
1405 2331 1718 2373 exspectet.Quocirca

897 2388 948 2410 oro
965 2388 1024 2415 vos,
1040 2379 1145 2409 fratres
1158 2378 1188 2408 in
1204 2378 1333 2416 Christo,
1350 2378 1455 2408 demus
1472 2385 1592 2417 operam
1609 2384 1719 2406 secun-

897 2423 966 2454 dum
987 2432 1089 2453 vocem
1100 2423 1229 2459 Domini,
1244 2424 1296 2454 Dei
1308 2432 1343 2453 ac
1362 2422 1521 2453 Salvatoris
1542 2419 1637 2451 nostri
1650 2418 1722 2451 Jesu

897 2468 1019 2505 Christi,
1031 2471 1062 2497 ut
1074 2471 1226 2507 postquam
1246 2467 1370 2507 mundo,
1388 2466 1472 2497 ethis
1482 2475 1546 2506 quae
1561 2465 1591 2495 in
1608 2463 1720 2494 mundo

897 2511 1181 2551 suntvalediximus,
1202 2520 1254 2551 per
1272 2515 1423 2551 angustam
1432 2515 1545 2550 portam
1561 2509 1717 2548 intremus,

899 2566 964 2598 quae
979 2556 1105 2587 carnalis
1119 2556 1212 2586 nostri
1223 2564 1339 2593 sensus,
1357 2554 1554 2586 etvoluntatis
1569 2551 1718 2598 praecisio,

899 2605 930 2633 et
943 2602 1009 2641 fuga
1024 2606 1079 2632 est.
1097 2599 1159 2631 Nisi
1175 2601 1254 2631 enim
1284 2601 1379 2638 carni,
1405 2597 1669 2641 concupiscentiis,
1686 2605 1722 2626 ac

900 2640 1097 2677 voluntatibus
1113 2645 1178 2684 ejus
1204 2645 1377 2685 moriamur,
1401 2643 1623 2681 remissionem,
1639 2640 1724 2670 abso-

1339 2724 1371 2753 96
1382 2725 1443 2756 Luc
1450 2732 1512 2760 xxi,
1525 2723 1574 2754 19.
1615 2719 1648 2744 97
1658 2718 1723 2750 Act.

1444 2848 1482 2878 ιδ
