1978 3078
222 162 282 195 459

870 158 1060 192 SYMEONIS
1079 156 1254 190 JUNIORIS

1846 159 1906 192 460

225 227 427 266 lutionemque
436 224 1044 265 malorum,etlibertatem,etsequentema
1054 231 1074 256 Α
1086 224 1214 264 cujusvis
1229 223 1359 254 nominis
1373 232 1426 263 per
1441 223 1645 263 paenitentiam
1659 225 1696 256 ad
1711 234 1743 256 se
1756 225 1907 258 venientis

224 276 326 302 sancto
338 270 450 310 Spiritu
466 269 701 300 consolationem
718 268 842 308 adipisci
858 278 916 299 non
933 269 1042 309 poteri-

225 324 305 345 mus:
321 323 386 354 quae
401 313 661 353 nisisuperveniat,
678 322 767 343 nemo
776 312 932 343 Dominum
945 323 999 344 nec
1014 314 1044 344 in

224 359 280 389 hoc
287 368 341 389 nec
348 358 376 388 in
384 359 484 388 futuro
491 358 599 388 saeculo
607 356 802 388 videbit.Nam
808 361 889 388 recte
903 364 931 388 te
939 357 1044 388 fecisse

225 412 292 434 cum
308 411 411 433 omnes
426 402 651 433 facultatestuas
666 401 695 431 in
713 410 857 441 pauperes
867 401 1042 432 distribuisti

223 447 258 485 (si
275 452 373 478 tamen
390 447 465 477 nihil
483 447 535 477 tibi
551 446 686 486 exemplo
711 445 833 476 Ananiae
848 445 927 476 illius
943 455 1043 476 reser-

222 492 296 522 vasti
310 491 334 531 ί)
353 495 382 522 et
405 491 507 521 adhaec
533 491 657 528 mundo,
688 493 717 520 et
741 489 778 520 iis
807 499 871 529 quae
885 489 916 520 in
933 490 1041 520 mundo

223 539 294 566 sunt
308 535 497 572 renuntiasti,
514 534 697 574 desertisque
727 534 816 574 hujus
831 534 896 564 vitae
911 534 989 564 curis
1004 534 1040 564 ad

223 583 341 620 portum
354 583 472 610 aeternae
480 579 544 609 vita;
555 578 722 614 cucurristi,
734 577 866 618 speciem
878 582 906 608 ct
918 578 1040 616 ﬁguram

225 623 342 663 pietatis
357 623 488 661 indutus,
500 632 553 662 ego
565 631 682 662 quoque
693 631 752 652 non
770 621 895 659 inﬁcior,
917 626 947 652 et
962 626 989 652 te
1003 621 1040 652 ob

223 668 281 698 hoc
292 667 422 698 studium
435 667 536 697 laudo:
551 667 601 697 sed
613 666 735 706 insuper
747 666 930 706 prudentiam
945 667 1042 696 carnis

223 712 301 742 velut
318 712 447 742 tunicam
463 720 582 747 exuere,
599 715 628 741 et
640 711 804 741 secundum
819 710 935 747 stolam,
953 720 1040 750 quam

224 766 277 797 per
291 756 440 787 Christum
469 755 601 791 induisti,
632 764 729 785 mores
756 755 873 791 animae,
889 754 1042 794 ipsamque

224 801 407 841 spiritualem
436 800 623 840 prudentiam
649 799 800 839 possidere
826 808 948 829 necesse
972 803 1038 829 est:

1084 278 1136 299 cor
1150 268 1308 305 illuminat,
1326 272 1370 298 est
1397 267 1582 308 impossibile
1599 278 1605 299 :
1641 268 1787 309 siquidem
1803 271 1908 302 mundi

1083 313 1174 343 corde
1188 313 1282 343 Deum
1299 313 1399 343 vident
1413 312 1437 344 9.

1126 356 1280 388 Enitamur
1294 356 1393 396 itaque
1407 360 1517 397 patres,
1537 357 1655 396 fratres,
1674 360 1703 387 et
1714 357 1766 388 ﬁlii
1779 359 1838 389 mei
1855 367 1909 398 per

1084 400 1268 439 diligentiam
1286 401 1314 430 in
1332 400 1474 438 moribus,
1492 405 1520 431 et
1537 401 1639 440 jugem
1654 402 1837 433 occultarum
1853 412 1906 434 co-
1944 415 1945 420 η

1084 444 1259 483 gitationum
1272 445 1491 475 confessionem
1503 454 1553 475 cor
1564 454 1670 485 purum
1681 445 1827 477 obtinere.
1837 446 1907 483 Quae

1084 487 1163 517 enim
1179 487 1363 527 frequenter,
1386 492 1415 518 et
1440 488 1573 528 quotidie
1603 489 1636 519 ﬁt
1664 498 1681 519 a
1696 489 1783 521 nobis
1799 490 1905 521 harum

1082 531 1223 567 confessi,
1240 532 1265 562 si
1283 541 1317 562 ex
1332 532 1431 563 animo
1447 533 1609 572 pmnitente
1625 534 1774 575 procedat,
1789 535 1906 575 pesipi-

1082 575 1225 606 scentiam
1241 576 1436 615 doloremque
1453 576 1482 606 in
1497 576 1583 607 nobis
1612 577 1766 615 factorum,
1784 579 1908 610 medita-

1083 623 1215 650 torumve
1235 624 1385 660 operatur,
1406 620 1456 660 qui
1469 630 1503 651 ex
1513 620 1625 651 intimis
1638 622 1744 653 animae
1759 622 1908 663 lacrymas

1082 662 1162 701 ciet;
1180 663 1315 704 lacrymai
1329 665 1457 695 animam
1480 669 1615 705 purgant,
1642 669 1670 696 et
1684 662 1907 707 ingentia’pec-

1082 712 1147 737 cata
1158 707 1276 745 delent;
1303 708 1409 748 quibus
1420 708 1538 746 deletis,
1549 709 1642 740 sancti
1657 709 1783 750 Spiritus
1794 711 1908 742 solatiis

1083 752 1293 792 permulcetur,
1321 762 1356 784 ex
1382 754 1610 793 compunctione
1637 755 1748 786 ﬂuento
1777 756 1907 795 quodam

1082 795 1249 826 dulcedinis
1268 796 1417 836 irrigatur,
1437 797 1516 828 unde
1534 798 1677 838 quotidie,
1692 800 1731 830 ita
1744 803 1777 830 ut
1790 800 1906 830 intelli-

224 840 322 885 n’eque
333 845 389 875 hoc
399 844 507 878 solum,
517 844 569 874 sed
582 843 667 874 etiam
681 853 734 883 per
743 843 941 882 paenitentiam
957 842 1039 873 tuni-
1050 848 1070 873 B
1080 840 1178 885 gentia
1193 841 1403 880 percipiamur,
1420 842 1596 881 pinguescit,
1613 847 1642 873 et
1656 843 1768 874 fructus
1783 844 1907 884 spiritus

224 898 289 920 cam
305 889 443 924 lucidam,
461 888 510 927 qui
541 892 584 918 est
611 888 676 927 ipse
704 887 831 927 Spiritus
848 891 978 925 sanctus,
995 896 1041 917 su-

225 933 405 973 perinduere
423 943 431 970 ;
454 932 530 972 quod
547 932 604 962 nisi
620 940 673 971 per
687 935 869 962 constantem
886 931 1039 962 mandato-

225 987 291 1008 rum
308 976 555 1013 observationem,
574 980 603 1006 et
616 975 800 1006 tolerantiam
818 975 1039 1006 tribulationum

222 1031 282 1052 non
298 1025 342 1052 est
356 1025 388 1051 ut
403 1021 462 1052 ﬁat.
489 1022 594 1051 Pressa
623 1020 701 1050 enim
732 1028 784 1059 per
799 1020 987 1057 tentationes,
1003 1020 1038 1051 ad

224 1067 366 1106 lacrymas
381 1069 583 1097 commovetur
601 1076 609 1102 ;
636 1065 772 1105 lacrymae
796 1074 848 1096 cor
863 1070 1037 1104 purgantes,

223 1110 378 1151 templum,
391 1114 420 1141 et
430 1110 623 1141 diversorium
645 1109 771 1149 Spiritus
787 1109 880 1140 sancti
895 1110 1037 1140 eiﬁciunt.

221 1155 284 1186 Nec
300 1155 380 1185 enim
397 1154 481 1185 nobis
496 1154 532 1185 ad
548 1154 684 1194 salutem,
695 1157 723 1184 et
734 1154 944 1194 perfectionem
960 1154 1039 1185 solus

224 1199 361 1237 vestitus,
374 1203 402 1229 et
414 1199 543 1229 exterior
551 1203 652 1229 statua;
663 1205 785 1228 ornatus
796 1198 904 1229 sufﬁcit
917 1209 923 1229 :
941 1198 993 1229 sed
1009 1203 1041 1228 ut

223 1244 412 1280 exteriorem,
429 1243 468 1272 ita
484 1242 657 1273 interiorem
673 1242 823 1273 hominem
840 1246 971 1273 nostrum
988 1252 1038 1273 or-

221 1296 293 1317 nare
308 1287 417 1317 amictu
441 1285 577 1326 Spiritus,
609 1290 742 1325 tutosque
771 1290 799 1316 et
827 1285 957 1324 integros
972 1295 1038 1317 cum

222 1331 331 1368 anima,
349 1334 379 1361 et
393 1339 516 1370 corpore
531 1330 592 1361 Deo
609 1339 641 1360 se
655 1329 763 1361 offerre
778 1334 905 1370 oportet.
922 1330 961 1361 Et
976 1339 1040 1361 cor-

1081 884 1158 922 alit;
1187 894 1261 925 quos
1290 889 1425 925 tempore
1453 886 1626 924 congruenti
1653 896 1708 918 ceu
1724 887 1905 919 frumentum

1082 928 1173 958 multo
1186 937 1254 959 cum
1265 929 1377 960 fcenore
1391 929 1427 960 ad
1442 938 1475 960 se
1493 929 1524 960 in
1536 930 1624 961 vitam
1643 930 1853 969 immortalem,
1871 941 1907 964 ac

1081 973 1291 1013 sempiternam
1309 974 1382 1005 citra
1396 974 1485 1005 ullam
1515 975 1753 1015 absumptionem
1768 976 1908 1008 nutrien-

1081 1016 1148 1046 dam
1164 1017 1259 1048 offert.
1288 1017 1360 1048 Cum
1382 1018 1535 1058 hucusque
1563 1019 1661 1049 studio
1690 1029 1751 1050 suae
1765 1021 1908 1060 praeclare

1081 1063 1258 1100 pervenerit,
1285 1061 1346 1092 Deo
1371 1062 1534 1100 familiaris,
1552 1067 1581 1094 et
1596 1062 1777 1094 domicilium
1793 1065 1908 1096 habita-

1081 1105 1239 1146 culumque
1257 1113 1454 1137 sacrosanctae
1470 1106 1622 1138 Trinitatis
1644 1108 1750 1146 evadit,
1767 1118 1842 1148 pure
1858 1111 1905 1140 in-

1081 1152 1167 1179 tuens
1182 1149 1274 1180 Deum
1290 1150 1499 1182 fabricatorem
1514 1159 1611 1189 suum,
1631 1155 1660 1182 et
1674 1161 1742 1182 cum
1757 1152 1821 1192 ipso
1836 1163 1906 1184 ver—

1081 1202 1149 1224 sans
1164 1195 1307 1234 quotidie,
1326 1204 1342 1225 e
1357 1205 1491 1236 corpore,
1523 1200 1550 1226 et
1579 1196 1701 1232 mundo,
1719 1201 1748 1228 et
1762 1207 1831 1228 aere
1846 1198 1905 1230 isto

1082 1237 1202 1278 excidit,
1220 1242 1250 1269 et
1264 1239 1433 1278 virtutibus,
1449 1244 1537 1280 atque
1564 1240 1618 1270 alis
1644 1241 1794 1272 charitatis
1808 1251 1825 1273 a
1840 1243 1905 1274 Deo

1082 1283 1193 1327 elevata
1206 1283 1237 1313 in
1252 1283 1358 1314 coelum
1374 1286 1550 1324 ascendens,
1580 1294 1647 1316 cum
1663 1286 1802 1317 omnibus
1814 1288 1905 1327 justis

1081 1335 1098 1356 a
1112 1326 1263 1357 laboribus
1279 1327 1340 1358 suis
1363 1328 1535 1368 requiescit,
1565 1333 1594 1359 et
1621 1333 1666 1360 est
1689 1329 1720 1360 in
1735 1326 1850 1362 inﬁnito
1866 1341 1905 1363 ac

223 1375 352 1414 poralem
369 1374 489 1414 quidem
520 1374 760 1405 exercitationem
790 1378 910 1414 propter
923 1375 1041 1405 virtutis
1082 1371 1181 1401 diVino
1197 1371 1320 1409 lumine,
1347 1372 1398 1402 ubi
1426 1373 1625 1413 apostolorum
1655 1374 1775 1413 Christi,
1794 1381 1905 1416 marty-

222 1418 339 1449 labores
354 1427 517 1456 assumere,
535 1422 566 1448 ut
580 1418 698 1457 egregie
727 1418 858 1448 molestis
875 1418 1039 1449 secundum
1081 1423 1158 1452 rum,
1183 1419 1352 1446 sanctorum
1363 1420 1392 1447 et
1402 1417 1534 1447 omnium
1550 1426 1746 1458 supernarum
1761 1419 1904 1450 virtutum

221 1462 315 1494 Deum
325 1471 542 1499 assuescamus,
553 1466 580 1494 et
591 1462 856 1502 feramusingenue
871 1463 1038 1494 amaritiem
1050 1493 1069 1504 η
1082 1459 1202 1490 ordines
1218 1469 1277 1491 una
1307 1460 1405 1492 choris
1433 1461 1600 1501 indulgent.
1628 1461 1713 1493 Hunc
1727 1463 1825 1504 itaque
1840 1468 1904 1495 sta—

219 1493 339 1547 jejunii,
356 1493 560 1537 difﬁcultatem
577 1493 777 1544 continentiae:
786 1493 1069 1538 necessitatemvi-C
1083 1507 1156 1540 tum.
1171 1504 1277 1535 fratres
1300 1504 1331 1535 in
1359 1504 1490 1543 Ghristo,
1519 1493 1575 1536 nos
1589 1515 1706 1547 quoque
1721 1493 1905 1548 complecta-

221 1551 371 1591 giliarum,
390 1550 558 1582 afﬂictionis
573 1559 660 1581 omne
676 1560 769 1590 genus
787 1562 793 1581 :
820 1551 927 1592 pietate
941 1556 1039 1583 autem
1082 1557 1150 1578 mur
1160 1558 1198 1579 ne
1209 1549 1319 1580 sanctis
1330 1549 1467 1580 Patribus
1479 1551 1588 1581 nostris
1609 1551 1768 1582 inferiores
1782 1552 1877 1584 simus
1894 1564 1902 1583 :

221 1595 344 1635 spiritus
357 1595 477 1626 erudire
487 1595 614 1625 animam
626 1595 662 1625 ad
675 1595 848 1635 sapientium
856 1605 919 1636 quae
926 1600 1042 1636 oportet
1081 1593 1134 1623 sed
1150 1597 1181 1623 ιιι
1195 1602 1249 1633 per
1263 1594 1504 1625 exercitationem
1527 1604 1628 1626 rerum
1650 1595 1854 1635 honestarum,
1874 1602 1906 1628 et

219 1649 336 1680 sapere,
351 1644 380 1670 et
409 1639 609 1670 meditandum
634 1648 753 1679 semper
780 1639 869 1671 vitam
885 1645 1037 1676 aeternam,
1081 1646 1137 1677 per
1150 1637 1350 1668 obedientiam
1376 1638 1485 1670 Christi
1513 1640 1731 1678 mandatorum,
1760 1640 1791 1671 in
1806 1641 1903 1672 virum

221 1693 287 1715 esse
302 1683 457 1724 humilem,
475 1683 588 1721 mitem,
615 1684 785 1721 contritum,
814 1689 1036 1724 compunctum,
1081 1681 1242 1720 perfectum
1256 1683 1427 1723 evadamus,
1441 1684 1472 1714 in
1483 1693 1652 1714 mensuram
1665 1685 1756 1716 aetatis
1768 1685 1902 1725 plenitu-

220 1729 371 1767 lugentem
383 1727 511 1765 assidue,
525 1732 553 1758 et
564 1728 659 1759 lucem
671 1728 791 1768 spiritus
817 1737 869 1768 per
884 1738 988 1768 preces
1003 1729 1038 1759 ad
1081 1725 1160 1755 dinis
1175 1726 1283 1757 Christi
1297 1727 1324 1757 3.
1339 1726 1419 1757 Nihil
1434 1728 1514 1758 enim
1531 1728 1682 1768 prohibet,
1711 1729 1737 1760 si
1760 1729 1902 1762 velimus.

220 1781 253 1802 se
269 1772 448 1808 elicientem,
463 1781 528 1811 quae
543 1777 571 1803 et
586 1772 691 1803 adesse
707 1772 748 1802 illi
766 1773 1038 1812 perpoenitentiam
1081 1768 1130 1799 Sic
1139 1774 1167 1800 et
1177 1770 1269 1800 Deum
1289 1771 1375 1801 nobis
1391 1771 1464 1811 ipsis
1485 1772 1726 1811 gloriﬁcabimus,
1744 1778 1773 1804 et
1786 1773 1866 1805 Deus
1881 1784 1901 1805 a

220 1816 467 1846 ferventissimam
483 1825 675 1855 consuevere,
707 1821 836 1856 purgatae
863 1826 915 1856 per
930 1817 1038 1848 uberes
1080 1813 1166 1844 nobis
1191 1813 1290 1845 laetitia
1301 1815 1460 1855 afﬁcietur,
1474 1820 1503 1846 et
1514 1825 1548 1846 ex
1559 1817 1616 1846 hac
1627 1817 1684 1847 vita
1699 1817 1903 1857 demigrantes

221 1859 374 1900 lacrymas,
392 1860 456 1890 sine
472 1860 579 1900 quibus
594 1870 649 1891 nec
665 1862 791 1891 tunicam
808 1861 873 1900 ejus
888 1862 1035 1898 mundari,

220 1912 276 1933 nec
290 1903 320 1933 in
336 1902 463 1933 sublime
475 1903 734 1943 contemplationis
749 1913 813 1934 eam
830 1904 993 1935 ascendere
1004 1905 1037 1934 li—

219 1951 276 1978 cet.
290 1949 363 1979 Nam
375 1951 406 1978 ut
416 1948 622 1979 vestimentum
634 1958 650 1979 e
661 1958 744 1980 cceno
758 1949 906 1987 alicunde,
920 1953 949 1979 et
960 1954 1036 1980 ster-

219 1991 343 2032 quilinio
359 1991 482 2022 nimium
512 1997 652 2032 quantum
681 1993 873 2033 defuedatum,
892 1993 947 2023 nisi
961 2003 1036 2034 aqua

218 2035 321 2075 multa,
332 2039 361 2066 et
371 2035 475 2066 crebro
495 2036 621 2076 pedibus
637 2036 778 2067 calcatum
796 2046 854 2067 non
868 2041 1008 2077 purgatur
1025 2049 1031 2067 :

218 2079 262 2111 sic
275 2084 305 2110 et
319 2079 426 2110 animae
451 2081 540 2110 vestis
555 2090 589 2111 ex
606 2081 677 2113 luto.
709 2085 740 2112 et
768 2081 953 2121 sterquilinio
970 2091 1035 2121 pec-

217 2123 358 2154 catricum
374 2124 563 2154 aﬂ'ectionum
593 2128 720 2165 turpata,
752 2125 809 2156 nisi
839 2135 892 2166 per
907 2126 1034 2156 ubertim

1079 1867 1146 1888 eum
1158 1859 1355 1897 inveniemus,
1367 1861 1416 1899 qui
1428 1869 1481 1890 nos
1492 1864 1523 1890 ut
1534 1870 1656 1900 magnus
1676 1861 1803 1892 Abrahae
1816 1862 1903 1893 sinus

1080 1901 1109 1933 in
1136 1912 1227 1942 regno
1244 1903 1386 1934 caelorum
1411 1904 1550 1945 excipiat,
1580 1909 1609 1935 et
1626 1904 1734 1937 foveat.
1751 1907 1788 1937 Et
1804 1907 1854 1946 qui
1869 1907 1904 1938 in

1079 1947 1178 1978 medio
1195 1947 1334 1985 tumultu,
1347 1952 1376 1978 et
1386 1949 1524 1988 strepitu,
1542 1953 1573 1979 et
1586 1950 1635 1989 qui
1654 1950 1685 1980 in
1700 1949 1856 1988 coenobiis,
1873 1955 1905 1982 et

1079 1991 1129 2035 qui
1143 1990 1174 2021 in
1191 1991 1352 2030 montibus,
1369 2001 1404 2023 ac
1433 1992 1583 2032 speluncis
1598 2000 1678 2034 sunt,
1697 1994 1903 2035 mandatisque

1077 2034 1185 2066 Christi
1200 2035 1411 2067 convenienter
1424 2036 1536 2075 vivunt,
1563 2037 1725 2078 salvantur,
1741 2042 1770 2068 et
1784 2034 1902 2078 magnis

1075 2078 1158 2109 aDeo
1170 2079 1256 2110 donis
1266 2079 1433 2119 dignantur:
1445 2080 1633 2112 Voluntatem
1639 2083 1718 2113 enim
1725 2083 1901 2114 timentium

1076 2132 1107 2154 se
1119 2124 1222 2164 faciet,
1240 2127 1268 2154 et
1298 2125 1539 2164 deprecationem
1566 2134 1671 2157 eorum
1699 2127 1851 2168 exaudiet,
1870 2133 1900 2159 et

215 2168 341 2199 ﬂuentes
357 2168 514 2208 lacrymas,
531 2170 797 2210 tentationumque,
827 2175 856 2201 et
872 2167 1204 2212 tribulatio-Dsalvttbit
1217 2168 1296 2199 e034.
1313 2168 1369 2199 Ubi
1381 2170 1479 2206 timor,
1489 2169 1529 2200 ait
1540 2169 1656 2201 divinus
1667 2170 1838 2212 Gregorius,
1855 2172 1899 2203 ibi

217 2220 289 2242 num
303 2212 488 2243 tolerantiam
514 2222 531 2243 a
555 2214 692 2244 sordibus
714 2223 773 2244 non
803 2215 943 2246 abluitur.
959 2215 1033 2246 Nam

217 2265 284 2286 cum
300 2265 316 2286 a
333 2256 466 2296 corporis
481 2257 573 2287 nostri
597 2257 760 2288 substantia
784 2259 955 2289 naturaliter
969 2261 1035 2289 duae

215 2300 360 2331 ﬂuxiones
377 2300 528 2341 exsistant,
543 2310 602 2332 una
618 2302 752 2342 superior
766 2302 970 2342 lacrymarum,
987 2303 1032 2333 al-

214 2347 279 2375 tera
293 2344 427 2385 inferior,
444 2353 462 2374 ει
482 2345 618 2376 facultate
632 2346 751 2385 genitali
769 2357 775 2376 :
793 2351 821 2377 et
835 2347 897 2377 haec
912 2347 1032 2387 quidem

213 2388 238 2419 si
254 2392 357 2420 contra
371 2399 459 2429 quam
475 2394 592 2430 natura,
610 2395 639 2421 et
666 2390 782 2430 legibus
795 2391 959 2422 institutum
977 2396 1032 2428 est,

213 2432 274 2470 ﬁat,
290 2433 418 2463 animam
435 2433 616 2465 contaminet
632 2443 643 2473 ;
671 2434 721 2465 illa
747 2435 771 2465 si
800 2444 835 2465 ex
850 2435 1033 2475 paenitudine

212 2477 364 2516 procedat,
382 2478 516 2508 eamdem
536 2482 651 2518 purget,
668 2488 718 2509 eos
741 2479 792 2519 qui
809 2479 987 2520 turbulenta,
1004 2484 1034 2511 et

210 2529 278 2551 cum
294 2524 415 2561 peccato
432 2522 591 2562 conjuncta
606 2523 705 2554 cordis
720 2524 864 2562 motione,
882 2524 1031 2564 cupidita-

212 2567 275 2595 tum
284 2574 300 2595 a
313 2564 427 2595 ratione
436 2565 598 2597 alienarum
607 2567 719 2598 formas
730 2568 786 2598 sibi
798 2568 1029 2608 insculpserunt,

211 2611 241 2638 et
269 2608 309 2639 ita
337 2609 466 2640 animam
495 2610 699 2650 inquinarunt,
726 2612 862 2652 plurimis
890 2613 1031 2652 lacrymis

211 2652 360 2691 mundari,
370 2653 558 2695 tunicamque
565 2655 674 2686 animae
682 2656 870 2696 purissimam
877 2657 1031 2696 acquirere

210 2700 336 2736 oportet.
356 2697 474 2739 Alioqui
482 2698 587 2731 videre
599 2700 705 2736 Deum.
717 2699 815 2740 ipsum
827 2700 939 2739 lumen,
952 2701 1030 2742 quod

1075 2211 1282 2255 mandatorum
1291 2212 1441 2251 custodia;
1455 2212 1506 2243 ubi
1517 2214 1736 2252 mandatorum,
1749 2215 1897 2255 custodia,

1075 2254 1114 2285 ibi
1127 2255 1208 2286 canis
1217 2256 1365 2295 purgatio;
1377 2266 1483 2297 nempe
1493 2257 1580 2288 nubis
1595 2258 1818 2290 obtenebrantis
1829 2261 1897 2291 ani-

1076 2308 1168 2336 mam,
1183 2308 1240 2331 nec
1253 2300 1378 2331 sinentis
1393 2301 1524 2332 divinum
1541 2302 1656 2333 radium
1671 2303 1754 2334 clare
1767 2304 1897 2338 intueri.

1075 2344 1132 2374 Ubi
1148 2344 1295 2384 purgatio,
1312 2344 1353 2375 ibi
1383 2345 1571 2378 illuminatio.
1601 2347 1781 2379 llluminatio
1796 2353 1898 2381 autem

1075 2387 1218 2419 desiderii
1229 2389 1360 2429 impletio
1374 2389 1431 2430 his,
1442 2391 1492 2430 qui
1507 2392 1643 2429 maxima,
1659 2396 1709 2422 aut
1720 2393 1896 2433 maximum,

1075 2436 1124 2462 aut
1140 2433 1295 2473 plusquam
1311 2442 1451 2473 magnum
1465 2439 1617 2476 appetunt.
1633 2437 1734 2476 itaque
1749 2447 1816 2467 cum
1833 2439 1897 2470 haec

1075 2476 1159 2515 dixit,
1173 2477 1262 2508 ﬁnem
1274 2487 1333 2508 non
1343 2478 1431 2509 ﬁnem
1453 2490 1520 2511 esse
1537 2480 1634 2511 omnis
1653 2481 1760 2512 animae
1779 2481 1897 2513 illumi-

1074 2521 1226 2567 nationem
1233 2522 1360 2567 Spiritus
1372 2523 1557 2563 signiﬁcavit,
1570 2534 1658 2565 quam
1671 2525 1797 2566 adeptus
1813 2528 1894 2567 quis,

1073 2566 1163 2596 ﬁnem
1179 2566 1309 2606 quidem,
1328 2571 1357 2597 et
1372 2573 1535 2600 extremum
1557 2569 1743 2600 sensibilium
1760 2566 1895 2603 omnium

1073 2610 1309 2657 comprehendit,
1327 2611 1505 2653 principium
1521 2618 1618 2644 autem
1634 2614 1814 2653 cognitionis
1829 2617 1895 2657 spi-

1072 2654 1221 2685 ritualium
1232 2655 1354 2687 invenit.
1365 2657 1564 2693 Quamobrem
1575 2658 1617 2689 uti
1636 2667 1756 2689 cursum
1772 2654 1896 2693 manda-

1072 2704 1169 2731 torum
1185 2699 1294 2731 Christi
1306 2701 1454 2741 patienter
1469 2702 1632 2734 laborando
1644 2703 1770 2735 curratis
1784 2713 1850 2744 oro,
1868 2711 1898 2737 et

249 2783 260 2804 ¹
276 2783 343 2815 Act.
359 2792 389 2823 v,
406 2785 420 2815 1
437 2793 521 2826 seqq.
563 2786 578 2808 ²
590 2786 693 2820 Matth.
709 2795 740 2827 ν,
755 2787 785 2819 8.
827 2787 843 2812 5
857 2786 967 2828 Ephes.
982 2796 1023 2829 tv,

1131 2787 1147 2812 4
1160 2786 1237 2819 Psal.
1254 2796 1348 2829 cxuv,
1365 2789 1413 2822 19.
