1978 3078
64 150 118 182 461

63 262 110 291 bet
122 260 284 301 patienter,
298 264 528 299 constanterque
550 261 678 300 pulsanti
692 266 792 301 portas
807 263 893 300 regni

63 305 107 335 sui
123 305 232 345 aperit,
246 309 275 336 et
286 305 336 336 dat
348 305 459 345 petenti
474 305 616 345 Spiritum
633 309 758 343 rectum,
777 309 806 336 et
820 314 891 336 san—

64 349 240 383 ctissimum.
257 359 312 380 nec
323 349 387 380 ﬁeri
399 353 504 389 potest,
528 354 559 380 ut
572 353 632 381 tota
644 350 742 380 anima
756 359 891 390 quaerens

68 403 126 424 non
141 394 284 433 inveniat,
303 398 331 424 et
360 394 484 424 ditescat
512 393 621 424 divitiis
637 395 783 425 donorum
800 394 863 433 ejus
881 404 888 425 ε

63 439 105 469 sic
115 443 145 468 et
158 438 251 468 nosin
267 437 353 468 bonis
367 438 431 477 ejus
447 437 658 474 inetl‘abilibus,
676 446 753 469 nunc
769 437 889 477 quidem

63 492 97 513 ex
104 486 200 522 parte,
215 491 281 513 cum
288 481 525 521 inintelligentia,
536 486 563 512 et
570 482 736 521 cognitione
745 485 889 521 praestan-

65 527 172 557 tiorum
188 535 196 564 ;
213 527 244 556 in
260 527 358 558 futuro
374 530 474 556 autem
503 526 614 557 saeculo
631 526 762 566 perfecte
777 530 805 556 et
820 535 887 556 con-

63 575 209 602 summate
225 580 293 602 cum
321 570 432 602 sanctis
461 570 601 601 omnibus
629 570 753 601 delicias
773 575 887 601 nostras

64 615 239 646 habeamus.
255 615 376 646 Eterna
391 614 501 655 quippe
517 615 593 645 bona
609 625 625 645 a
649 615 711 646 Deo
728 615 842 652 electis,
859 618 888 644 et

64 660 215 690 salvandis
230 659 334 699 partim
347 659 409 699 jam
426 668 504 689 nunc
534 658 657 698 pignora
680 659 798 696 dantur,
814 658 886 698 ipsis

64 703 223 744 proposita,
241 703 385 743 revelata,
416 703 600 743 apparentia,
633 707 662 734 et
689 703 761 741 visa,
780 702 883 743 partim

65 752 128 788 post
143 751 282 784 mortem,
299 751 328 778 et
343 747 594 778 resurrectionem
609 747 795 786 contingunt.

103 792 214 822 Discite
229 792 326 832 igitur,
344 791 445 822 dilecti
470 791 586 829 fratres,
615 792 784 823 thesaurum
800 792 884 822 inex-

760 148 901 181 ORATIO
923 148 1064 182 XXVIII.

64 216 156 248 facies
171 220 276 247 vestrae
291 225 350 246 non
375 215 614 248 confundentur:
639 215 693 247 sed
712 216 789 247 sicut
804 215 1105 247 cuili-Ainvocabant
1134 224 1181 246 me
1214 225 1343 256 semper.

1696 156 1753 191 462

1389 217 1485 258 Mane,
1526 219 1621 260 inquit
1648 221 1749 261 David,

934 260 1063 292 Exaudi
1077 269 1124 291 me
1138 260 1176 290 ‘0.
1193 261 1284 292 Mane
1298 263 1400 292 astabo
1427 263 1482 294 tibi
1504 268 1530 295 et
1544 265 1649 297 videbo
1664 268 1701 296 Η.
1719 269 1753 299 Ει

933 305 1021 336 alius.
1034 305 1114 336 Tunc
1120 307 1348 345 erumpelquasi
1356 316 1444 338 mane
1453 307 1553 340 Imnen
1563 314 1660 348 tuum,
1670 318 1698 343 et
1705 322 1753 344 sa-

932 352 1012 382 nitas
1028 355 1078 381 tua
1095 351 1185 381 citius
1200 351 1361 388 orietur”,
1393 352 1509 391 quando
1526 358 1554 384 et
1571 358 1599 385 tu
1616 357 1751 389 videlicet

933 395 1069 426 mandata
1086 403 1150 425 mea
1165 394 1371 426 custodiveris.
1388 395 1423 425 Et
1437 396 1507 435 quid
1533 399 1635 430 attinet
1651 403 1750 433 omnia

931 448 1120 478 percensere,
1138 448 1201 479 quae
1228 438 1306 469 Deus
1335 440 1435 470 salutis
1464 446 1570 473 nostra:
1596 445 1699 476 sitiens
1713 448 1750 478 ad

931 491 986 514 nos
1003 483 1131 523 loquitur
1144 482 1232 528 ‘Irnisi
1246 483 1379 520 omnino,
1398 488 1429 514 ut
1450 494 1501 524 per
1521 488 1621 518 omnia
1637 499 1748 528 cogno-

930 527 1018 573 scatis
1043 531 1073 558 et
1100 527 1240 573 credatis,
1264 527 1409 573 sedentes
1435 528 1463 559 in
1496 531 1626 562 tenebris
1652 527 1749 573 magni

928 572 1048 618 luminis
1058 572 1218 618 “fulgorem
1237 571 1349 618 _videre_
1368 577 1516 618 oportere,
1548 575 1572 604 si
1589 571 1747 618 quidquam

929 616 1039 662 vident.
1057 616 1092 662 Et
1108 625 1143 662 ne
1160 616 1209 662 qui
1226 616 1263 662 de
1284 616 1367 646 vobis
1393 617 1532 655 cogitent,
1548 616 1748 662 fulsissevqui-

927 659 1006 705 dem,
1017 659 1067 690 sed
1080 660 1128 700 qui
1140 660 1274 705 adhucin
1283 669 1408 705 corpore
1417 665 1486 690 sunt
1497 662 1642 701 homines,
1651 659 1747 705 ipsum

927 704 1026 734 videre
1043 714 1100 734 non
1117 713 1212 744 posse.
1231 703 1262 735 Si
1278 704 1357 734 enim
1384 705 1439 735 hoc
1466 706 1530 736 fieri
1547 716 1605 738 non
1621 703 1746 751 poterat,

926 749 996 788 quid
1013 748 1099 785 luxit,
1116 753 1143 778 et
1159 748 1239 779 lucid
1264 749 1371 786 adhuc,
1399 759 1464 779 cum
1496 750 1532 780 ab
1549 752 1593 782 eis
1609 762 1668 783 non
1680 748 1748 785 cer;

926 797 1012 824 natur
1027 793 1042 822 ἵ)
1068 793 1130 839 lmo
1159 802 1229 839 vero
1246 793 1345 839 lumen
1361 803 1480 834 semper
1495 800 1568 833 erat,
1586 800 1614 826 et
1629 807 1748 839 semper

66 836 244 877 plicabilem,
261 845 350 876 super
365 845 483 866 omnem
499 836 697 876 principatum
715 840 743 867 et
759 840 883 876 potesta-
923 839 1009 874 luxit,
1028 841 1056 867 et
1073 837 1150 867 lucet
1167 837 1196 867 in
1223 837 1269 867 his
1294 837 1343 877 qui
1373 839 1485 877 purgati
1515 845 1593 876 sunt,
1611 846 1640 871 et
1655 842 1685 873 in
1695 836 1748 875 te-

67 886 136 917 tem,
153 881 242 920 cujus
269 880 470 911 haereditatem
497 879 572 919 justi
599 880 706 910 adituri
729 885 808 917 sunt,
823 890 882 911 non
899 899 918 924 Β
930 881 1032 911 nebris
1043 880 1211 921 apparebat,
1225 880 1433 912 ettenehrzeid
1451 887 1750 924 noncomprchende-

69 927 97 956 in
112 926 211 956 futuro
227 925 335 956 saeculo
360 925 511 960 duntaxat,
528 923 579 954 sed
593 925 653 964 jam
670 924 887 964 quodammodo

67 973 133 1000 ante
147 969 264 1007 oculos,
292 974 320 1000 et
335 978 451 1005 manus,
470 973 499 999 et
514 968 606 1008 pedes
621 973 735 999 nostros
752 969 887 1009 proposi-

68 1019 125 1045 tum
137 1023 222 1052 esse;
238 1023 327 1054 quem
338 1023 392 1044 nos
404 1013 510 1044 animae
521 1013 625 1043 oculos
637 1023 696 1053 pra:
712 1014 887 1051 ignorantia,

67 1058 252 1095 inﬁdelitate,
269 1068 359 1089 sensu
375 1057 644 1098 perturbationum,
662 1058 746 1098 quasi
762 1058 889 1098 quadam

68 1105 191 1144 caligine
206 1104 307 1141 oﬂ‘usi,
324 1109 353 1135 et
371 1104 484 1140 caecati,
501 1113 560 1134 non
586 1103 721 1134 videmus
738 1113 745 1135 :
773 1104 890 1142 Venite,

67 1150 177 1180 credite
206 1149 380 1179 thesaurum
409 1149 510 1188 istum,
539 1157 626 1188 quem
652 1148 735 1179 vobis
751 1149 890 1189 praedico,

68 1195 166 1224 lumen
181 1193 286 1224 mundi
298 1202 363 1224 esse
378 1203 384 1223 :
397 1193 463 1233 Ego
477 1201 544 1223 sum
561 1194 741 1224 resurrectio
752 1196 780 1224 et
794 1194 890 1224 vitali.

69 1239 125 1279 Ego
141 1249 204 1271 sum
217 1248 352 1280 granum
364 1240 480 1278 sinapis
490 1238 516 1274 ὓ,
533 1237 610 1279 quod
629 1239 657 1268 in
673 1242 751 1269 terra
765 1238 887 1269 abscon-

69 1284 155 1315 ditur.
170 1284 232 1323 Ego
244 1293 307 1314 sum
323 1283 495 1322 margarita
506 1283 533 1322 7,
550 1292 615 1322 quae
631 1292 646 1313 a
661 1282 800 1314 ﬁdelibus
815 1284 889 1314 emi-

70 1332 125 1359 tur.
142 1328 201 1368 Ego
215 1337 282 1359 sum
297 1336 427 1366 regnum
442 1327 584 1358 caelorum
592 1327 618 1363 9,
650 1327 729 1367 quod
748 1327 825 1358 intra
839 1337 889 1360 vos

68 1373 144 1404 latet.
160 1373 197 1404 Et
221 1372 474 1413 quemadmodum
502 1380 610 1402 cernor
635 1371 672 1402 ab
700 1371 747 1402 his
775 1373 825 1412 qui
841 1381 889 1404 me

69 1428 144 1449 nunc
170 1418 361 1458 quaesierunt,
393 1420 422 1446 et
451 1416 642 1446 invenirunt'
683 1416 726 1446 sic
753 1416 883 1456 fulgebo,

70 1463 135 1502 illis,
162 1467 191 1494 et
215 1471 306 1503 super
335 1470 439 1492 omnes
467 1461 557 1491 cazlos
584 1460 730 1492 residens.
747 1461 807 1500 Ego
834 1462 884 1502 qui

931 925 1000 956 bant
1014 926 1052 956 *3.
1069 927 1105 957 Et
1120 935 1198 957 nunc
1225 925 1312 961 lucet,
1341 930 1369 956 et
1400 928 1529 958 tenebrae
1545 929 1573 958 id
1590 940 1648 961 non
1664 941 1748 964 com-

932 970 1132 1016 prehendunt,
1149 970 1210 1000 sive
1225 979 1284 1016 non
1302 974 1431 1016 tangunt.
1452 970 1533 1006 Quod
1550 978 1648 1004 autem
1664 976 1747 1016 dixit,

932 1014 1000 1060 quia
1012 1018 1105 1060 ortum
1119 1017 1163 1060 est
1172 1014 1278 1060 populo
1290 1014 1409 1060 sedenti
1418 1019 1447 1044 In
1463 1016 1593 1060 tenebris
1604 1018 1643 1056 14,
1654 1020 1682 1050 id
1693 1014 1746 1060 est,

933 1058 1019 1088 modo
1036 1057 1182 1098 placuisse
1198 1057 1322 1088 revelari
1337 1058 1373 1087 iis
1403 1058 1431 1088 in
1457 1059 1563 1098 quibus
1578 1066 1606 1091 et
1620 1057 1748 1095 manite;

933 1106 1052 1133 stratur.
1064 1102 1121 1132 Alii
1134 1102 1213 1132 enim
1225 1102 1255 1132 in
1277 1102 1406 1132 tenebris
1422 1108 1582 1142 versantes,
1600 1106 1673 1138 illud
1690 1118 1749 1140 non

934 1146 1200 1186 comprehendunt.
1232 1146 1370 1177 Invisibis
1398 1147 1489 1184 enim,
1531 1152 1600 1180 tunc
1629 1152 1749 1191 quidem

935 1199 987 1230 per
1001 1200 1106 1230 corpus
1118 1191 1195 1222 visus
1207 1195 1252 1221 est
1262 1190 1411 1228 omnibus,
1424 1191 1473 1231 qui
1488 1190 1666 1232 aspexerant
1681 1206 1748 1228 eum

930 1234 1119 1266 credentibus
1137 1240 1165 1266 et
1178 1245 1236 1265 non
1252 1235 1452 1267 credentibus.
1470 1236 1562 1267 Etiam
1590 1238 1750 1272 divinitatis

929 1279 993 1318 ejus
1009 1279 1108 1310 lumen
1124 1281 1276 1319 cognitum
1306 1285 1334 1310 et
1363 1281 1521 1311 revelatum
1548 1286 1592 1312 est
1607 1284 1677 1314 solis
1693 1285 1751 1316 illis

932 1333 983 1368 per
998 1333 1087 1364 opera
1103 1324 1248 1361 ﬁdelibus,
1265 1324 1315 1364 qui
1332 1328 1360 1354 et
1374 1325 1512 1356 dicebant
1528 1327 1575 1357 ei:
1592 1329 1668 1360 Ecce
1681 1339 1747 1368 nos,

929 1367 1068 1405 Domine,
1087 1369 1265 1408 reliquimus
1283 1371 1396 1406 omnia,
1409 1372 1537 1401 οἰδα-ειη
1551 1380 1653 1403 sanius
1668 1378 1695 1404 te
1709 1375 1747 1406 ‘5.

928 1411 1010 1447 QUUd
1027 1412 1077 1450 ait,
1091 1414 1206 1450 omnia,
1225 1422 1260 1443 ea
1275 1422 1346 1443 voce
1363 1415 1515 1453 pecunias,
1534 1418 1748 1457 possessiones,

926 1456 1099 1497 voluntates,
1116 1461 1316 1497 contemptum
1347 1457 1433 1496 hujus
1448 1459 1512 1498 vjtaa
1539 1465 1568 1490 et
1593 1456 1748 1494 abomina4

70 1508 154 1539 etiam
171 1507 220 1538 hic
236 1502 343 1538 natura
366 1515 383 1537 ε
411 1505 492 1536 vobis
522 1515 580 1536 non
610 1505 721 1546 capior,
739 1510 767 1537 ει
782 1506 887 1537 invisi-
898 1516 917 1541 ρ
932 1502 1040 1531 tionem
1058 1502 1135 1541 ejus,
1148 1505 1269 1542 propter
1283 1507 1400 1541 gustum
1416 1503 1607 1535 subsistensis
1622 1506 1651 1536 in
1664 1507 1750 1539 nobis

69 1551 133 1583 bilis
156 1552 269 1589 videor,
301 1560 363 1581 non
386 1554 514 1592 quantus
543 1559 607 1580 sum
639 1559 685 1580 me
714 1551 888 1590 ostendens,

69 1606 230 1637 quanquam
244 1600 322 1626 totus
335 1604 439 1625 maneo
453 1594 503 1634 qui
519 1604 596 1631 sum,
611 1595 680 1625 dum
698 1594 818 1633 videor;
837 1598 888 1628 sed

70 1644 207 1680 quantum
223 1649 272 1671 me
298 1639 460 1670 videntium
487 1643 601 1679 natura,
636 1643 664 1668 et
690 1639 782 1670 virtus
797 1641 886 1682 capit.

70 1686 126 1724 Ego
156 1694 220 1716 sum
247 1685 428 1724 fermentum
453 1683 481 1720 9,
512 1682 590 1722 quod
620 1687 773 1723 acceptum
791 1685 888 1716 anima

71 1729 145 1760 misit
160 1729 190 1760 in
219 1733 281 1759 tres
310 1732 409 1768 partes
438 1736 519 1764 suos,
548 1730 576 1757 et
602 1727 798 1758 fermentatur
812 1729 886 1769 ipsa,

70 1778 97 1805 et
113 1778 168 1804 tota
183 1773 257 1804 mihi
273 1772 378 1803 similis
395 1772 533 1802 efﬁcitur.
550 1771 644 1807 Quale
661 1771 740 1801 enim
759 1772 889 1804 fermen-

70 1822 137 1856 tum,
156 1817 223 1848 talis
238 1817 272 1848 ﬁt
286 1817 373 1847 etiam
406 1816 512 1851 farina,
541 1824 605 1855 quae
633 1815 703 1846 huic
717 1825 784 1846 cum
800 1826 886 1857 aqua,

70 1866 97 1892 et
110 1862 168 1894 sale
183 1862 337 1893 miscetur.
369 1860 425 1896 Qui
450 1859 542 1896 enim,
573 1859 679 1899 inquit,
697 1869 814 1890 mecum
832 1866 887 1899 est,

74 1905 269 1937 connaturalis
284 1905 371 1936 Pater
386 1913 481 1941 meus,
499 1907 526 1933 rt
552 1903 616 1942 ejus
634 1902 773 1942 Spiritus,
787 1904 889 1936 idonei

72 1954 170 1982 natura
198 1954 279 1987 sunt,
310 1953 343 1980 ut
370 1958 424 1989 pro
461 1957 547 1988 aqua,
581 1950 610 1977 et
638 1947 699 1978 sale
729 1948 799 1980 sint.
827 1945 889 1988 Ego

72 2003 120 2034 pro
135 1994 267 2026 sensibili
297 1992 496 2033 intelligibilis
524 1991 678 2033 paradisus
707 1993 800 2024 servis
813 1993 903 2024 meis

69 2038 157 2070 factus
172 2049 249 2077 sum,
276 2039 305 2069 in
336 2048 393 2079 quo
424 2037 536 2068 colloco
565 2045 669 2067 omnes
683 2036 840 2069 credentes
854 2038 885 2069 in

71 2091 128 2123 me,
143 2087 172 2114 et
185 2087 377 2123 regeneratus
390 2091 444 2123 per
455 2080 616 2121 Spiritum:
631 2081 681 2121 qui
693 2090 818 2121 peccare
827 2091 889 2113 am-

72 2125 144 2165 plius
159 2136 217 2157 non
241 2130 389 2168 possunt;
417 2135 473 2157 nec
502 2125 641 2166 princeps
665 2125 754 2165 hujus
784 2126 885 2156 mundi

72 2170 224 2211 quidquam
239 2171 396 2202 adversum
424 2170 492 2201 illos
515 2170 601 2200 valet.
632 2170 698 2209 Ego
725 2169 806 2200 enim
821 2179 885 2201 sum

71 2213 99 2244 in
113 2214 180 2253 illis,
197 2219 226 2246 et
242 2215 300 2256 ipsi
315 2216 345 2246 in
362 2224 422 2252 me,
453 2218 482 2245 et
508 2214 629 2244 vincunt
643 2213 802 2251 mundum,
819 2215 888 2254 quia

72 2261 148 2290 extra
161 2259 303 2290 mundum
317 2263 397 2297 sunt,
420 2267 528 2299 meque
539 2257 734 2289 fortissimum
750 2258 885 2289 omnium

72 2311 167 2334 secum
182 2304 303 2335 habent.
328 2303 390 2342 Ego
405 2312 470 2334 sum
488 2303 552 2334 fons
567 2302 686 2333 lucidus
706 2302 886 2334 immortalis

72 2346 168 2379 ﬂuenti
182 2357 216 2379 ac
229 2348 323 2386 ﬂuvii,
351 2348 381 2379 in
406 2357 465 2389 quo
495 2357 554 2378 non
582 2351 647 2388 post
676 2350 813 2382 mortem,
832 2347 886 2378 sed

72 2390 99 2420 in
114 2391 208 2433 horas,
227 2393 278 2433 qui
295 2402 344 2423 me
372 2395 434 2423 toto
460 2395 581 2432 pectore
610 2391 748 2430 diligunt,
763 2400 837 2431 aqua
852 2400 886 2422 ex

74 2443 116 2466 me
128 2435 274 2468 deﬂuente
289 2438 435 2475 lavantur,
466 2445 635 2476 corpusque
657 2440 686 2466 et
707 2435 834 2466 animam
850 2435 886 2466 ab

73 2487 105 2509 ea
118 2480 180 2511 labe
209 2487 344 2522 purgant,
374 2487 403 2512 et
433 2481 485 2512 toti
515 2481 608 2511 instar
639 2479 794 2520 lampadis,
812 2479 886 2510 etin

74 2524 195 2563 speciem
204 2526 298 2558 radiis
311 2526 382 2557 solis
393 2525 514 2556 micant.
528 2524 590 2563 Ego
603 2533 666 2554 sum
677 2523 728 2563 qui
739 2522 768 2553 in
785 2523 884 2561 horas,

74 2571 104 2598 ut
117 2577 212 2608 mane,
228 2570 259 2602 in
274 2571 320 2602 his
335 2570 464 2608 exorior,
495 2573 526 2601 et
552 2568 654 2599 videor
669 2567 712 2598 sol
729 2576 782 2608 per
796 2567 885 2598 intel-

75 2610 198 2651 lectum;
217 2615 292 2646 sicut
307 2615 378 2647 olim
395 2624 511 2655 quoque
540 2614 569 2644 in
589 2612 742 2653 prophetis
758 2612 884 2644 manife-

77 2656 180 2689 stabam
196 2660 355 2701 meipsum,
373 2659 490 2700 ipsique
517 2658 653 2689 videntes
667 2655 838 2697 laudabant,
856 2661 886 2688 et

112 2742 221 2783 {{Joan.
237 2753 279 2783 XI,
295 2744 347 2776 25.
387 2743 404 2768 Β
418 2743 520 2775 Matth.
536 2749 620 2783 xxut,
637 2741 688 2773 31.
731 2739 834 2783 “bid.

885 2768 893 2775 .
935 2743 951 2767 8
964 2742 1035 2773 Luc.
1052 2748 1124 2776 xvn,
1136 2740 1185 2770 20.

932 1550 961 1577 et
974 1550 1094 1577 aeternae
1121 1547 1199 1577 illius
1226 1546 1290 1576 vitae
1318 1548 1488 1586 complexus
1517 1553 1572 1579 est.
1590 1551 1652 1581 Hoc
1668 1554 1746 1583 enim

931 1591 1017 1631 plane
1026 1591 1140 1636 dulcius
1151 1594 1205 1636 est,
1218 1594 1246 1620 et
1256 1592 1496 1630 anteponendum
1508 1593 1657 1632 omnibus,
1670 1597 1748 1636 quod

930 1640 973 1665 est
989 1635 1052 1675 ipse
1068 1635 1144 1666 Deus
1172 1634 1252 1672 Haec,
1283 1636 1388 1665 l'ratres
1413 1636 1483 1673 mei,
1498 1642 1567 1668 sunt
1583 1639 1635 1669 Dei
1649 1634 1747 1672 admi~

930 1680 1045 1711 raliilza.
1062 1679 1256 1710 Misereamur
1271 1679 1367 1719 itaque
1383 1681 1476 1711 nostri
1492 1681 1623 1721 ipsorum
1637 1693 1747 1724 quaeso,

931 1729 958 1753 et
971 1724 1056 1763 hujus
1072 1724 1136 1754 vitae
1149 1724 1306 1764 participes
1326 1724 1389 1754 ﬁeri
1410 1725 1607 1768 elaboremus,
1623 1738 1688 1768 quae
1703 1735 1748 1761 est

930 1767 1030 1798 lumen
1046 1768 1108 1805 Dei,
1126 1769 1190 1809 ipse
1217 1768 1344 1808 Spiritus
1371 1773 1501 1810 sanctus,
1527 1772 1571 1801 sui
1589 1767 1748 1813 participes

930 1813 1126 1847 sanctiﬁcans,
1145 1817 1173 1843 et
1187 1813 1261 1843 deos
1271 1822 1324 1852 per
1335 1813 1522 1852 adoptionem
1534 1815 1657 1848 iacens.
1676 1820 1747 1850 Cre-

930 1856 1033 1887 damus
1050 1861 1108 1888 toto
1137 1857 1236 1888 animo
1265 1857 1295 1887 in
1323 1857 1427 1897 Deum,
1459 1862 1577 1897 terram,
1604 1865 1633 1891 et
1648 1863 1747 1893 omnia

931 1901 1138 1940 praztereuntia
1153 1901 1367 1941 relinquamus,
1381 1901 1417 1932 ad
1427 1902 1510 1933 illum
1522 1905 1708 1944 accedamus,
1719 1907 1747 1937 ei

929 1944 1144 1982 adhaereamus,
1154 1945 1291 1985 quoniam
1305 1945 1401 1976 adhuc
1413 1946 1573 1985 modicum,
1592 1953 1621 1979 et
1635 1950 1744 1981 coelum

929 1998 963 2019 ac
979 1993 1058 2020 terra
1074 1989 1252 2028 transibunt,
1269 1993 1298 2019 et
1314 1993 1395 2019 extra
1409 1990 1490 2020 illum
1509 2000 1567 2022 non
1583 1997 1628 2023 est
1640 1998 1744 2032 status,

930 2044 985 2065 nec
1000 2035 1156 2072 terminns,
1173 2043 1229 2064 nec
1244 2034 1458 2072 comprehendi
1475 2039 1581 2074 potest,
1600 2047 1657 2077 quo
1674 2048 1745 2078 pec-

928 2083 1042 2110 catores
1057 2079 1206 2109 decidant.
1224 2078 1301 2108 Deus
1316 2078 1395 2108 enim
1411 2079 1475 2118 capi
1491 2089 1548 2110 non
1565 2086 1670 2120 potest,
1688 2093 1744 2114 nec

927 2123 1076 2154 intellectu
1092 2122 1313 2163 comprehendi.
1332 2122 1403 2158 Quis
1425 2123 1513 2162 igitur
1528 2124 1609 2155 locus
1625 2131 1679 2163 est,
1696 2127 1745 2158 die

928 2169 1011 2205 mihi,
1028 2177 1118 2207 regno
1131 2167 1196 2207 ejus
1211 2166 1421 2197 excidentium.

967 2214 1062 2253 Cogor
1076 2213 1242 2249 lamentari,
1260 2215 1289 2242 et
1304 2221 1355 2242 cor
1368 2221 1466 2243 meum
1484 2213 1618 2250 comedo,
1635 2218 1664 2245 et
1679 2224 1744 2246 ma-

929 2267 1024 2295 ceror,
1042 2267 1108 2288 cum
1125 2257 1220 2296 cogito
1249 2256 1408 2286 Dominum
1438 2261 1496 2287 tam
1527 2258 1700 2288 muniﬁcum
1717 2264 1747 2290 et

928 2303 1100 2342 humanum,
1115 2306 1148 2332 ut
1164 2306 1284 2342 propter
1293 2301 1386 2332 solam
1397 2301 1427 2331 in
1440 2311 1471 2332 se
1484 2301 1571 2332 ﬁdem
1582 2303 1649 2333 talia
1660 2303 1746 2334 nobis

928 2346 1079 2385 largiatur,
1098 2355 1164 2386 qua:
1180 2351 1323 2381 mentem,
1336 2344 1480 2383 auditum,
1494 2349 1522 2375 et
1536 2345 1744 2385 cogitationem

928 2394 1078 2430 superant,
1091 2389 1182 2420 necin
1193 2398 1245 2419 cor
1255 2389 1384 2419 hominis
1395 2389 1595 2420 ascenderunt
1604 2399 1747 2430 unquam;

928 2444 979 2465 eos
991 2438 1087 2466 autem
1100 2434 1179 2465 velut
1190 2433 1300 2464 bestias
1312 2433 1451 2472 praeferre
1472 2437 1580 2464 terram
1597 2434 1701 2471 solam,
1718 2438 1748 2465 et

929 2483 1063 2516 terrena,
1075 2478 1162 2509 nobis
1171 2487 1225 2518 per
1241 2477 1362 2508 multam
1374 2478 1611 2509 misericordiam
1622 2479 1658 2509 ad
1669 2478 1749 2510 sufﬁ-

928 2523 1056 2555 cientem
1073 2523 1205 2563 corporis
1221 2532 1305 2553 usum
1329 2522 1491 2562 impertita,
1521 2526 1553 2553 ut
1568 2532 1603 2553 ex
1619 2523 1665 2553 his
1679 2532 1747 2553 mo-

927 2569 1028 2600 derate
1045 2573 1075 2598 et
1091 2577 1143 2607 pro
1173 2566 1306 2606 portione
1337 2566 1461 2604 alamur,
1493 2571 1521 2597 et
1535 2567 1635 2597 anima
1649 2571 1750 2597 nostra

926 2613 999 2644 citra
1014 2611 1260 2652 impedimentum
1287 2610 1323 2641 ad
1346 2619 1474 2650 superna
1505 2611 1669 2650 gradiatur,
1687 2611 1750 2649 ipsa

925 2665 1043 2698 quoque
1057 2655 1250 2687 intcllectuali
1267 2659 1351 2695 pastu
1366 2664 1401 2685 ex
1431 2655 1552 2695 Spiritu,
1565 2655 1649 2695 juxta
1664 2663 1748 2685 men-

1229 2739 1245 2764 9
1258 2738 1358 2771 Matth.
1369 2747 1434 2778 xm,
1447 2738 1496 2771 33.
1539 2738 1568 2763 ¹ο
1577 2737 1654 2769 Psal.
1668 2745 1697 2768 v.
1713 2738 1744 2769 4.

79 2779 100 2801 “
113 2781 184 2814 ibid.
200 2785 229 2816 5.
270 2779 298 2806 λε
311 2783 369 2817 Isa.
385 2792 467 2824 mu,
482 2783 512 2814 8.
555 2782 584 2807 ιδ
595 2782 680 2814 toan.
697 2789 720 2821 1,
735 2782 765 2811 5.
809 2779 839 2806 ¹4
854 2791 911 2824 [,a.
927 2790 967 2821 rx,
986 2781 1016 2813 2.
1059 2781 1089 2805 t5
1102 2780 1204 2811 Matth.
1221 2788 1280 2810 xix.
1297 2779 1347 2810 27.
