  <div class='ocr_page' id='page_1' title='image "/cluster/home/n/w/nwhite01/storage/ocr_20150623/120/njp.32101010943973/307.png"; bbox 0 0 1978 3078; ppageno 0'>
   <div class='ocr_carea' id='block_1_1' title="bbox 208 189 269 222">
    <p class='ocr_par' dir='ltr' id='par_1_1' title="bbox 208 189 269 222">
     <span class='ocr_line' id='line_1_1' title="bbox 208 189 269 222; baseline 0.016 -1"><span class='ocrx_word' id='word_1_1' title='bbox 208 189 269 222; x_wconf 80' lang='grc'><strong>463</strong></span> 
     </span>
    </p>
   </div>
   <div class='ocr_carea' id='block_1_2' title="bbox 850 186 1248 218">
    <p class='ocr_par' dir='ltr' id='par_1_2' title="bbox 850 186 1248 218">
     <span class='ocr_line' id='line_1_2' title="bbox 850 186 1248 218; baseline 0 -1"><span class='ocrx_word' id='word_1_2' title='bbox 850 186 1042 218; x_wconf 84' lang='lat' dir='ltr'><strong>SYMEONIS</strong></span> <span class='ocrx_word' id='word_1_3' title='bbox 1062 186 1248 218; x_wconf 75' lang='lat' dir='ltr'><strong>JUNIORIS.</strong></span> 
     </span>
    </p>
   </div>
   <div class='ocr_carea' id='block_1_3' title="bbox 1831 184 1890 217">
    <p class='ocr_par' dir='ltr' id='par_1_3' title="bbox 1831 184 1890 217">
     <span class='ocr_line' id='line_1_3' title="bbox 1831 184 1890 217; baseline 0.034 -2"><span class='ocrx_word' id='word_1_4' title='bbox 1831 184 1890 217; x_wconf 79' lang='grc'>464</span> 
     </span>
    </p>
   </div>
   <div class='ocr_carea' id='block_1_4' title="bbox 209 248 1904 295">
    <p class='ocr_par' dir='ltr' id='par_1_4' title="bbox 209 248 1904 295">
     <span class='ocr_line' id='line_1_4' title="bbox 209 248 1904 295; baseline -0.004 -8"><span class='ocrx_word' id='word_1_5' title='bbox 209 265 308 287; x_wconf 89' lang='lat' dir='ltr'><strong>suram</strong></span> <span class='ocrx_word' id='word_1_6' title='bbox 326 254 509 295; x_wconf 80' lang='lat' dir='ltr'><strong>purgationis</strong></span> <span class='ocrx_word' id='word_1_7' title='bbox 538 258 567 284; x_wconf 90' lang='lat' dir='ltr'><strong>et</strong></span> <span class='ocrx_word' id='word_1_8' title='bbox 594 263 736 284; x_wconf 74' lang='lat' dir='ltr'><strong>ascensus</strong></span> <span class='ocrx_word' id='word_1_9' title='bbox 763 252 808 283; x_wconf 90' lang='lat' dir='ltr'><strong>sui</strong></span> <span class='ocrx_word' id='word_1_10' title='bbox 835 252 954 282; x_wconf 89' lang='lat' dir='ltr'><strong>nutrita.</strong></span> <span class='ocrx_word' id='word_1_11' title='bbox 972 250 1174 295; x_wconf 80' lang='lat' dir='ltr'><strong>HocAnoctis</strong></span> <span class='ocrx_word' id='word_1_12' title='bbox 1197 249 1353 295; x_wconf 72' lang='lat' dir='ltr'><strong>caliginem</strong></span> <span class='ocrx_word' id='word_1_13' title='bbox 1383 248 1522 280; x_wconf 85' lang='lat' dir='ltr'><strong>exoriens</strong></span> <span class='ocrx_word' id='word_1_14' title='bbox 1549 249 1593 295; x_wconf 84' lang='lat' dir='ltr'><strong>sol</strong></span> <span class='ocrx_word' id='word_1_15' title='bbox 1624 249 1765 295; x_wconf 80' lang='lat' dir='ltr'><strong>dispellit.</strong></span> <span class='ocrx_word' id='word_1_16' title='bbox 1793 249 1829 280; x_wconf 90' lang='lat' dir='ltr'><strong>Et</strong></span> <span class='ocrx_word' id='word_1_17' title='bbox 1844 250 1904 280; x_wconf 87' lang='lat' dir='ltr'><strong>erit</strong></span> 
     </span>
    </p>
   </div>
   <div class='ocr_carea' id='block_1_5' title="bbox 208 295 1035 335">
    <p class='ocr_par' dir='ltr' id='par_1_5' title="bbox 208 295 1035 335">
     <span class='ocr_line' id='line_1_5' title="bbox 208 295 1035 335; baseline -0.006 -5"><span class='ocrx_word' id='word_1_18' title='bbox 208 301 288 331; x_wconf 90' lang='lat' dir='ltr'><strong>enim</strong></span> <span class='ocrx_word' id='word_1_19' title='bbox 304 304 349 330; x_wconf 91' lang='lat' dir='ltr'><strong>est</strong></span> <span class='ocrx_word' id='word_1_20' title='bbox 363 300 464 335; x_wconf 89' lang='lat' dir='ltr'><strong>homo,</strong></span> <span class='ocrx_word' id='word_1_21' title='bbox 482 302 510 329; x_wconf 91' lang='lat' dir='ltr'><strong>et</strong></span> <span class='ocrx_word' id='word_1_22' title='bbox 526 298 582 328; x_wconf 91' lang='lat' dir='ltr'><strong>hoc</strong></span> <span class='ocrx_word' id='word_1_23' title='bbox 597 298 657 328; x_wconf 80' lang='lat' dir='ltr'><strong>fine</strong></span> <span class='ocrx_word' id='word_1_24' title='bbox 671 297 795 334; x_wconf 88' lang='lat' dir='ltr'><strong>conditi,</strong></span> <span class='ocrx_word' id='word_1_25' title='bbox 813 302 842 327; x_wconf 88' lang='lat' dir='ltr'><strong>et</strong></span> <span class='ocrx_word' id='word_1_26' title='bbox 858 295 895 326; x_wconf 91' lang='lat' dir='ltr'><strong>ob</strong></span> <span class='ocrx_word' id='word_1_27' title='bbox 911 296 989 326; x_wconf 80' lang='lat' dir='ltr'>istud</span> <span class='ocrx_word' id='word_1_28' title='bbox 1005 295 1035 325; x_wconf 89' lang='lat' dir='ltr'><strong>in</strong></span> 
     </span>
    </p>
   </div>
   <div class='ocr_carea' id='block_1_6' title="bbox 209 339 1035 384">
    <p class='ocr_par' dir='ltr' id='par_1_6' title="bbox 209 339 1035 384">
     <span class='ocr_line' id='line_1_6' title="bbox 209 339 1035 384; baseline -0.007 -9"><span class='ocrx_word' id='word_1_29' title='bbox 209 344 353 375; x_wconf 87' lang='lat' dir='ltr'><strong>mundum</strong></span> <span class='ocrx_word' id='word_1_30' title='bbox 370 345 514 384; x_wconf 85' lang='lat' dir='ltr'><strong>procreati</strong></span> <span class='ocrx_word' id='word_1_31' title='bbox 539 352 656 382; x_wconf 81' lang='lat' dir='ltr'><strong>sumus,</strong></span> <span class='ocrx_word' id='word_1_32' title='bbox 687 347 719 372; x_wconf 89' lang='lat' dir='ltr'><strong>ut</strong></span> <span class='ocrx_word' id='word_1_33' title='bbox 747 342 795 372; x_wconf 88' lang='lat' dir='ltr'><strong>hic</strong></span> <span class='ocrx_word' id='word_1_34' title='bbox 821 341 921 381; x_wconf 78' lang='lat' dir='ltr'>paucis</span> <span class='ocrx_word' id='word_1_35' title='bbox 936 339 1035 370; x_wconf 76' lang='lat' dir='ltr'><strong>aﬂ&#39;ccti</strong></span> 
     </span>
    </p>
   </div>
   <div class='ocr_carea' id='block_1_7' title="bbox 209 384 1034 427">
    <p class='ocr_par' dir='ltr' id='par_1_7' title="bbox 209 384 1034 427">
     <span class='ocr_line' id='line_1_7' title="bbox 209 384 1034 427; baseline -0.007 -8"><span class='ocrx_word' id='word_1_36' title='bbox 209 388 377 425; x_wconf 86' lang='lat' dir='ltr'><strong>beneﬁciis,</strong></span> <span class='ocrx_word' id='word_1_37' title='bbox 395 396 449 427; x_wconf 88' lang='lat' dir='ltr'><strong>per</strong></span> <span class='ocrx_word' id='word_1_38' title='bbox 464 387 626 426; x_wconf 88' lang='lat' dir='ltr'><strong>gratiarum</strong></span> <span class='ocrx_word' id='word_1_39' title='bbox 642 386 802 422; x_wconf 77' lang='lat' dir='ltr'><strong>actionem,</strong></span> <span class='ocrx_word' id='word_1_40' title='bbox 822 388 851 415; x_wconf 91' lang='lat' dir='ltr'><strong>et</strong></span> <span class='ocrx_word' id='word_1_41' title='bbox 868 384 948 424; x_wconf 90' lang='lat' dir='ltr'><strong>pium</strong></span> <span class='ocrx_word' id='word_1_42' title='bbox 966 392 1034 422; x_wconf 88' lang='lat' dir='ltr'><strong>erga</strong></span> 
     </span>
    </p>
   </div>
   <div class='ocr_carea' id='block_1_8' title="bbox 209 428 1034 470">
    <p class='ocr_par' dir='ltr' id='par_1_8' title="bbox 209 428 1034 470">
     <span class='ocr_line' id='line_1_8' title="bbox 209 428 1034 470; baseline -0.008 -6"><span class='ocrx_word' id='word_1_43' title='bbox 209 432 302 464; x_wconf 88' lang='lat' dir='ltr'><strong>Deum</strong></span> <span class='ocrx_word' id='word_1_44' title='bbox 319 432 470 467; x_wconf 73' lang='lat' dir='ltr'><strong>affectum,</strong></span> <span class='ocrx_word' id='word_1_45' title='bbox 499 430 670 470; x_wconf 82' lang='lat' dir='ltr'><strong>majoribus.</strong></span> <span class='ocrx_word' id='word_1_46' title='bbox 702 435 731 460; x_wconf 89' lang='lat' dir='ltr'><strong>et</strong></span> <span class='ocrx_word' id='word_1_47' title='bbox 757 429 879 460; x_wconf 86' lang='lat' dir='ltr'><strong>aeternis</strong></span> <span class='ocrx_word' id='word_1_48' title='bbox 894 428 954 458; x_wconf 92' lang='lat' dir='ltr'><strong>illic</strong></span> <span class='ocrx_word' id='word_1_49' title='bbox 970 436 1034 467; x_wconf 89' lang='lat' dir='ltr'><strong>per-</strong></span> 
     </span>
    </p>
   </div>
   <div class='ocr_carea' id='block_1_9' title="bbox 209 472 1035 516">
    <p class='ocr_par' dir='ltr' id='par_1_9' title="bbox 209 472 1035 516">
     <span class='ocr_line' id='line_1_9' title="bbox 209 472 1035 516; baseline -0.007 -9"><span class='ocrx_word' id='word_1_50' title='bbox 209 477 355 507; x_wconf 82' lang='lat' dir='ltr'><strong>fruamur.</strong></span> <span class='ocrx_word' id='word_1_51' title='bbox 372 476 410 506; x_wconf 86' lang='lat' dir='ltr'><strong>At</strong></span> <span class='ocrx_word' id='word_1_52' title='bbox 424 475 522 516; x_wconf 63' lang='lat' dir='ltr'><strong>enim,</strong></span> <span class='ocrx_word' id='word_1_53' title='bbox 535 475 609 514; x_wconf 89' lang='lat' dir='ltr'><strong>proh</strong></span> <span class='ocrx_word' id='word_1_54' title='bbox 640 474 745 504; x_wconf 82' lang='lat' dir='ltr'><strong>dolor?</strong></span> <span class='ocrx_word' id='word_1_55' title='bbox 770 473 846 504; x_wconf 88' lang='lat' dir='ltr'><strong>nihil</strong></span> <span class='ocrx_word' id='word_1_56' title='bbox 862 481 982 512; x_wconf 77' lang='lat' dir='ltr'><strong>prorsus</strong></span> <span class='ocrx_word' id='word_1_57' title='bbox 999 472 1035 502; x_wconf 93' lang='lat' dir='ltr'><strong>de</strong></span> 
     </span>
    </p>
   </div>
   <div class='ocr_carea' id='block_1_10' title="bbox 208 518 1035 559">
    <p class='ocr_par' dir='ltr' id='par_1_10' title="bbox 208 518 1035 559">
     <span class='ocr_line' id='line_1_10' title="bbox 208 518 1035 559; baseline -0.008 -6"><span class='ocrx_word' id='word_1_58' title='bbox 208 521 316 553; x_wconf 87' lang='lat' dir='ltr'><strong>futuris</strong></span> <span class='ocrx_word' id='word_1_59' title='bbox 328 520 457 557; x_wconf 82' lang='lat' dir='ltr'><strong>solliciti.</strong></span> <span class='ocrx_word' id='word_1_60' title='bbox 475 520 582 559; x_wconf 88' lang='lat' dir='ltr'><strong>ingrati</strong></span> <span class='ocrx_word' id='word_1_61' title='bbox 606 520 692 550; x_wconf 86' lang='lat' dir='ltr'><strong>etiam</strong></span> <span class='ocrx_word' id='word_1_62' title='bbox 725 519 762 549; x_wconf 94' lang='lat' dir='ltr'><strong>de</strong></span> <span class='ocrx_word' id='word_1_63' title='bbox 777 518 825 548; x_wconf 89' lang='lat' dir='ltr'><strong>his</strong></span> <span class='ocrx_word' id='word_1_64' title='bbox 840 526 951 554; x_wconf 90' lang='lat' dir='ltr'><strong>sumus,</strong></span> <span class='ocrx_word' id='word_1_65' title='bbox 971 525 1035 557; x_wconf 69' lang='lat' dir='ltr'><strong>quas</strong></span> 
     </span>
    </p>
   </div>
   <div class='ocr_carea' id='block_1_11' title="bbox 209 559 1036 600">
    <p class='ocr_par' dir='ltr' id='par_1_11' title="bbox 209 559 1036 600">
     <span class='ocr_line' id='line_1_11' title="bbox 209 559 1036 600; baseline -0.007 -4"><span class='ocrx_word' id='word_1_66' title='bbox 209 565 240 596; x_wconf 91' lang='lat' dir='ltr'><strong>in</strong></span> <span class='ocrx_word' id='word_1_67' title='bbox 257 565 395 596; x_wconf 89' lang='lat' dir='ltr'><strong>manibus</strong></span> <span class='ocrx_word' id='word_1_68' title='bbox 410 564 564 600; x_wconf 86' lang='lat' dir='ltr'><strong>habemus,</strong></span> <span class='ocrx_word' id='word_1_69' title='bbox 582 568 610 594; x_wconf 91' lang='lat' dir='ltr'><strong>et</strong></span> <span class='ocrx_word' id='word_1_70' title='bbox 642 564 794 593; x_wconf 56' lang='lat' dir='ltr'><strong>daemones</strong></span> <span class='ocrx_word' id='word_1_71' title='bbox 809 561 972 598; x_wconf 89' lang='lat' dir='ltr'><strong>imitamur,</strong></span> <span class='ocrx_word' id='word_1_72' title='bbox 990 559 1036 590; x_wconf 89' lang='lat' dir='ltr'><strong>vel</strong></span> 
     </span>
    </p>
   </div>
   <div class='ocr_carea' id='block_1_12' title="bbox 211 604 1035 643">
    <p class='ocr_par' dir='ltr' id='par_1_12' title="bbox 211 604 1035 643">
     <span class='ocr_line' id='line_1_12' title="bbox 211 604 1035 643; baseline -0.007 -4"><span class='ocrx_word' id='word_1_73' title='bbox 211 608 385 639; x_wconf 88' lang='lat' dir='ltr'><strong>daenouibus</strong></span> <span class='ocrx_word' id='word_1_74' title='bbox 403 608 502 643; x_wconf 89' lang='lat' dir='ltr'><strong>etiam,</strong></span> <span class='ocrx_word' id='word_1_75' title='bbox 521 607 546 637; x_wconf 88' lang='lat' dir='ltr'><strong>si</strong></span> <span class='ocrx_word' id='word_1_76' title='bbox 562 616 631 637; x_wconf 87' lang='lat' dir='ltr'><strong>vera</strong></span> <span class='ocrx_word' id='word_1_77' title='bbox 662 606 790 636; x_wconf 85' lang='lat' dir='ltr'><strong>dicenda</strong></span> <span class='ocrx_word' id='word_1_78' title='bbox 806 610 885 641; x_wconf 87' lang='lat' dir='ltr'><strong>sunt,</strong></span> <span class='ocrx_word' id='word_1_79' title='bbox 904 604 1035 634; x_wconf 88' lang='lat' dir='ltr'><strong>deterio-</strong></span> 
     </span>
    </p>
   </div>
   <div class='ocr_carea' id='block_1_13' title="bbox 209 648 1035 692">
    <p class='ocr_par' dir='ltr' id='par_1_13' title="bbox 209 648 1035 692">
     <span class='ocr_line' id='line_1_13' title="bbox 209 648 1035 692; baseline -0.007 -8"><span class='ocrx_word' id='word_1_80' title='bbox 209 662 258 684; x_wconf 89' lang='lat' dir='ltr'><strong>res</strong></span> <span class='ocrx_word' id='word_1_81' title='bbox 274 661 388 684; x_wconf 89' lang='lat' dir='ltr'><strong>sumus.</strong></span> <span class='ocrx_word' id='word_1_82' title='bbox 405 652 499 692; x_wconf 88' lang='lat' dir='ltr'><strong>Atque</strong></span> <span class='ocrx_word' id='word_1_83' title='bbox 514 651 627 682; x_wconf 87' lang='lat' dir='ltr'><strong>idcirco</strong></span> <span class='ocrx_word' id='word_1_84' title='bbox 657 655 686 680; x_wconf 91' lang='lat' dir='ltr'><strong>et</strong></span> <span class='ocrx_word' id='word_1_85' title='bbox 715 650 845 680; x_wconf 81' lang='lat' dir='ltr'><strong>atrocius</strong></span> <span class='ocrx_word' id='word_1_86' title='bbox 859 648 1035 688; x_wconf 90' lang='lat' dir='ltr'><strong>supplicium</strong></span> 
     </span>
    </p>
   </div>
   <div class='ocr_carea' id='block_1_14' title="bbox 210 692 1038 736">
    <p class='ocr_par' dir='ltr' id='par_1_14' title="bbox 210 692 1038 736">
     <span class='ocr_line' id='line_1_14' title="bbox 210 692 1038 736; baseline -0.007 -8"><span class='ocrx_word' id='word_1_87' title='bbox 210 697 299 728; x_wconf 86' lang='lat' dir='ltr'><strong>nobis</strong></span> <span class='ocrx_word' id='word_1_88' title='bbox 312 696 448 734; x_wconf 82' lang='lat' dir='ltr'><strong>debetur,</strong></span> <span class='ocrx_word' id='word_1_89' title='bbox 462 699 572 736; x_wconf 90' lang='lat' dir='ltr'><strong>quanto</strong></span> <span class='ocrx_word' id='word_1_90' title='bbox 583 700 611 726; x_wconf 89' lang='lat' dir='ltr'><strong>et</strong></span> <span class='ocrx_word' id='word_1_91' title='bbox 619 693 873 735; x_wconf 75' lang='lat' dir='ltr'><strong>praestantioribus</strong></span> <span class='ocrx_word' id='word_1_92' title='bbox 883 692 1038 723; x_wconf 81' lang='lat' dir='ltr'><strong>beneficiis</strong></span> 
     </span>
    </p>
   </div>
   <div class='ocr_carea' id='block_1_15' title="bbox 212 737 1036 778">
    <p class='ocr_par' dir='ltr' id='par_1_15' title="bbox 212 737 1036 778">
     <span class='ocr_line' id='line_1_15' title="bbox 212 737 1036 778; baseline -0.007 -6"><span class='ocrx_word' id='word_1_93' title='bbox 212 741 353 772; x_wconf 84' lang='lat' dir='ltr'><strong>cumulati</strong></span> <span class='ocrx_word' id='word_1_94' title='bbox 366 750 478 776; x_wconf 89' lang='lat' dir='ltr'><strong>sumus,</strong></span> <span class='ocrx_word' id='word_1_95' title='bbox 511 744 539 771; x_wconf 88' lang='lat' dir='ltr'><strong>et</strong></span> <span class='ocrx_word' id='word_1_96' title='bbox 565 741 658 771; x_wconf 87' lang='lat' dir='ltr'><strong>Deum</strong></span> <span class='ocrx_word' id='word_1_97' title='bbox 691 742 811 778; x_wconf 89' lang='lat' dir='ltr'><strong>propter</strong></span> <span class='ocrx_word' id='word_1_98' title='bbox 840 747 894 768; x_wconf 91' lang='lat' dir='ltr'><strong>nos</strong></span> <span class='ocrx_word' id='word_1_99' title='bbox 910 737 1036 767; x_wconf 89' lang='lat' dir='ltr'><strong>similem</strong></span> 
     </span>
    </p>
   </div>
   <div class='ocr_carea' id='block_1_16' title="bbox 211 781 1033 825">
    <p class='ocr_par' dir='ltr' id='par_1_16' title="bbox 211 781 1033 825">
     <span class='ocr_line' id='line_1_16' title="bbox 211 781 1033 825; baseline -0.007 -9"><span class='ocrx_word' id='word_1_100' title='bbox 211 786 316 825; x_wconf 86' lang='lat' dir='ltr'><strong>nostri,</strong></span> <span class='ocrx_word' id='word_1_101' title='bbox 334 785 397 816; x_wconf 91' lang='lat' dir='ltr'><strong>solo</strong></span> <span class='ocrx_word' id='word_1_102' title='bbox 409 788 528 825; x_wconf 85' lang='lat' dir='ltr'><strong>peccato</strong></span> <span class='ocrx_word' id='word_1_103' title='bbox 541 788 675 824; x_wconf 90' lang='lat' dir='ltr'><strong>excepto,</strong></span> <span class='ocrx_word' id='word_1_104' title='bbox 694 783 801 813; x_wconf 86' lang='lat' dir='ltr'><strong>factum</strong></span> <span class='ocrx_word' id='word_1_105' title='bbox 817 781 1033 821; x_wconf 84' lang='lat' dir='ltr'><strong>cognoscimus,</strong></span> 
     </span>
    </p>
   </div>
   <div class='ocr_carea' id='block_1_17' title="bbox 212 825 1037 868">
    <p class='ocr_par' dir='ltr' id='par_1_17' title="bbox 212 825 1037 868">
     <span class='ocr_line' id='line_1_17' title="bbox 212 825 1037 868; baseline -0.006 -8"><span class='ocrx_word' id='word_1_106' title='bbox 212 834 245 860; x_wconf 88' lang='lat' dir='ltr'><strong>ut</strong></span> <span class='ocrx_word' id='word_1_107' title='bbox 260 839 313 860; x_wconf 90' lang='lat' dir='ltr'><strong>nos</strong></span> <span class='ocrx_word' id='word_1_108' title='bbox 328 829 364 860; x_wconf 92' lang='lat' dir='ltr'><strong>ab</strong></span> <span class='ocrx_word' id='word_1_109' title='bbox 380 838 484 860; x_wconf 88' lang='lat' dir='ltr'><strong>errore</strong></span> <span class='ocrx_word' id='word_1_110' title='bbox 513 834 541 859; x_wconf 92' lang='lat' dir='ltr'><strong>et</strong></span> <span class='ocrx_word' id='word_1_111' title='bbox 569 832 691 868; x_wconf 87' lang='lat' dir='ltr'><strong>peccato</strong></span> <span class='ocrx_word' id='word_1_112' title='bbox 722 827 875 857; x_wconf 76' lang='lat' dir='ltr'><strong>liberaret.</strong></span> <span class='ocrx_word' id='word_1_113' title='bbox 893 826 950 857; x_wconf 88' lang='lat' dir='ltr'><strong>Sed</strong></span> <span class='ocrx_word' id='word_1_114' title='bbox 967 825 1037 865; x_wconf 93' lang='lat' dir='ltr'><strong>quid</strong></span> 
     </span>
    </p>
   </div>
   <div class='ocr_carea' id='block_1_18' title="bbox 212 869 1036 913">
    <p class='ocr_par' dir='ltr' id='par_1_18' title="bbox 212 869 1036 913">
     <span class='ocr_line' id='line_1_18' title="bbox 212 869 1036 913; baseline -0.006 -8"><span class='ocrx_word' id='word_1_115' title='bbox 212 874 250 905; x_wconf 92' lang='lat' dir='ltr'><strong>de</strong></span> <span class='ocrx_word' id='word_1_116' title='bbox 265 873 312 905; x_wconf 90' lang='lat' dir='ltr'><strong>his</strong></span> <span class='ocrx_word' id='word_1_117' title='bbox 327 873 476 913; x_wconf 89' lang='lat' dir='ltr'><strong>sigillatim</strong></span> <span class='ocrx_word' id='word_1_118' title='bbox 492 873 580 903; x_wconf 87' lang='lat' dir='ltr'><strong>verba</strong></span> <span class='ocrx_word' id='word_1_119' title='bbox 596 873 691 903; x_wconf 84' lang='lat' dir='ltr'><strong>facere</strong></span> <span class='ocrx_word' id='word_1_120' title='bbox 713 880 788 911; x_wconf 93' lang='lat' dir='ltr'><strong>opus</strong></span> <span class='ocrx_word' id='word_1_121' title='bbox 808 869 874 902; x_wconf 83' lang='lat' dir='ltr'><strong>est?</strong></span> <span class='ocrx_word' id='word_1_122' title='bbox 889 869 1036 907; x_wconf 80' lang='lat' dir='ltr'><strong>Profecto,</strong></span> 
     </span>
    </p>
   </div>
   <div class='ocr_carea' id='block_1_19' title="bbox 212 914 1037 954">
    <p class='ocr_par' dir='ltr' id='par_1_19' title="bbox 212 914 1037 954">
     <span class='ocr_line' id='line_1_19' title="bbox 212 914 1037 954; baseline -0.007 -5"><span class='ocrx_word' id='word_1_123' title='bbox 212 918 303 949; x_wconf 86' lang='lat' dir='ltr'><strong>verbo</strong></span> <span class='ocrx_word' id='word_1_124' title='bbox 320 922 431 948; x_wconf 89' lang='lat' dir='ltr'><strong>tantum</strong></span> <span class='ocrx_word' id='word_1_125' title='bbox 447 918 614 953; x_wconf 86' lang='lat' dir='ltr'><strong>credentes,</strong></span> <span class='ocrx_word' id='word_1_126' title='bbox 633 916 701 947; x_wconf 89' lang='lat' dir='ltr'><strong>facti</strong></span> <span class='ocrx_word' id='word_1_127' title='bbox 730 924 884 954; x_wconf 81' lang='lat' dir='ltr'><strong>negamus,</strong></span> <span class='ocrx_word' id='word_1_128' title='bbox 902 918 934 945; x_wconf 88' lang='lat' dir='ltr'><strong>ut</strong></span> <span class='ocrx_word' id='word_1_129' title='bbox 950 914 1037 944; x_wconf 87' lang='lat' dir='ltr'><strong>etiam</strong></span> 
     </span>
    </p>
   </div>
   <div class='ocr_carea' id='block_1_20' title="bbox 1078 293 1902 334">
    <p class='ocr_par' dir='ltr' id='par_1_20' title="bbox 1078 293 1902 334">
     <span class='ocr_line' id='line_1_20' title="bbox 1078 293 1902 334; baseline 0 -10"><span class='ocrx_word' id='word_1_130' title='bbox 1078 294 1196 334; x_wconf 87' lang='lat' dir='ltr'><strong>proprie</strong></span> <span class='ocrx_word' id='word_1_131' title='bbox 1210 293 1288 324; x_wconf 89' lang='lat' dir='ltr'><strong>Deus</strong></span> <span class='ocrx_word' id='word_1_132' title='bbox 1304 294 1386 324; x_wconf 89' lang='lat' dir='ltr'><strong>solus</strong></span> <span class='ocrx_word' id='word_1_133' title='bbox 1415 303 1474 324; x_wconf 92' lang='lat' dir='ltr'><strong>non</strong></span> <span class='ocrx_word' id='word_1_134' title='bbox 1503 293 1579 333; x_wconf 85' lang='lat' dir='ltr'><strong>potis</strong></span> <span class='ocrx_word' id='word_1_135' title='bbox 1608 293 1674 333; x_wconf 88' lang='lat' dir='ltr'><strong>capi</strong></span> <span class='ocrx_word' id='word_1_136' title='bbox 1688 293 1766 324; x_wconf 91' lang='lat' dir='ltr'><strong>inter</strong></span> <span class='ocrx_word' id='word_1_137' title='bbox 1781 303 1816 325; x_wconf 92' lang='lat' dir='ltr'><strong>ea</strong></span> <span class='ocrx_word' id='word_1_138' title='bbox 1832 303 1902 334; x_wconf 73' lang='lat' dir='ltr'><strong>quae</strong></span> 
     </span>
    </p>
   </div>
   <div class='ocr_carea' id='block_1_21' title="bbox 1077 338 1902 378">
    <p class='ocr_par' dir='ltr' id='par_1_21' title="bbox 1077 338 1902 378">
     <span class='ocr_line' id='line_1_21' title="bbox 1077 338 1902 378; baseline 0 -10"><span class='ocrx_word' id='word_1_139' title='bbox 1077 348 1137 369; x_wconf 87' lang='lat' dir='ltr'><strong>non</strong></span> <span class='ocrx_word' id='word_1_140' title='bbox 1158 338 1326 378; x_wconf 82' lang='lat' dir='ltr'><strong>capiuntur,</strong></span> <span class='ocrx_word' id='word_1_141' title='bbox 1355 342 1383 368; x_wconf 88' lang='lat' dir='ltr'><strong>et</strong></span> <span class='ocrx_word' id='word_1_142' title='bbox 1412 338 1442 368; x_wconf 94' lang='lat' dir='ltr'><strong>in</strong></span> <span class='ocrx_word' id='word_1_143' title='bbox 1472 338 1827 377; x_wconf 86' lang='lat' dir='ltr'><strong>incomprehensibilibus</strong></span> <span class='ocrx_word' id='word_1_144' title='bbox 1856 339 1902 368; x_wconf 89' lang='lat' dir='ltr'><strong>in-</strong></span> 
     </span>
    </p>
   </div>
   <div class='ocr_carea' id='block_1_22' title="bbox 1077 382 1903 423">
    <p class='ocr_par' dir='ltr' id='par_1_22' title="bbox 1077 382 1903 423">
     <span class='ocr_line' id='line_1_22' title="bbox 1077 382 1903 423; baseline 0 -10"><span class='ocrx_word' id='word_1_145' title='bbox 1077 383 1356 422; x_wconf 87' lang='lat' dir='ltr'><strong>comprehensibilis</strong></span> <span class='ocrx_word' id='word_1_146' title='bbox 1373 382 1445 413; x_wconf 89' lang='lat' dir='ltr'><strong>solis</strong></span> <span class='ocrx_word' id='word_1_147' title='bbox 1457 382 1554 422; x_wconf 79' lang='lat' dir='ltr'><strong>dignis</strong></span> <span class='ocrx_word' id='word_1_148' title='bbox 1569 391 1725 423; x_wconf 87' lang='lat' dir='ltr'><strong>apparens,</strong></span> <span class='ocrx_word' id='word_1_149' title='bbox 1743 393 1795 423; x_wconf 90' lang='lat' dir='ltr'><strong>pro</strong></span> <span class='ocrx_word' id='word_1_150' title='bbox 1812 392 1903 413; x_wconf 87' lang='lat' dir='ltr'><strong>men-</strong></span> 
     </span>
    </p>
   </div>
   <div class='ocr_carea' id='block_1_23' title="bbox 1077 426 1903 467">
    <p class='ocr_par' dir='ltr' id='par_1_23' title="bbox 1077 426 1903 467">
     <span class='ocr_line' id='line_1_23' title="bbox 1077 426 1903 467; baseline 0.001 -10"><span class='ocrx_word' id='word_1_151' title='bbox 1077 436 1146 457; x_wconf 89' lang='lat' dir='ltr'><strong>sura</strong></span> <span class='ocrx_word' id='word_1_152' title='bbox 1160 427 1229 457; x_wconf 82' lang='lat' dir='ltr'><strong>fidei</strong></span> <span class='ocrx_word' id='word_1_153' title='bbox 1244 427 1274 456; x_wconf 93' lang='lat' dir='ltr'><strong>in</strong></span> <span class='ocrx_word' id='word_1_154' title='bbox 1300 426 1411 467; x_wconf 88' lang='lat' dir='ltr'><strong>ipsum.</strong></span> <span class='ocrx_word' id='word_1_155' title='bbox 1436 426 1611 457; x_wconf 82' lang='lat' dir='ltr'><strong>Peccatores</strong></span> <span class='ocrx_word' id='word_1_156' title='bbox 1636 436 1704 457; x_wconf 88' lang='lat' dir='ltr'><strong>vero</strong></span> <span class='ocrx_word' id='word_1_157' title='bbox 1721 432 1807 458; x_wconf 90' lang='lat' dir='ltr'><strong>erunt</strong></span> <span class='ocrx_word' id='word_1_158' title='bbox 1821 432 1855 458; x_wconf 89' lang='lat' dir='ltr'><strong>ut</strong></span> <span class='ocrx_word' id='word_1_159' title='bbox 1871 427 1903 457; x_wconf 90' lang='lat' dir='ltr'><strong>in</strong></span> 
     </span>
    </p>
   </div>
   <div class='ocr_carea' id='block_1_24' title="bbox 1076 470 1904 511">
    <p class='ocr_par' dir='ltr' id='par_1_24' title="bbox 1076 470 1904 511">
     <span class='ocr_line' id='line_1_24' title="bbox 1076 470 1904 511; baseline 0.001 -10"><span class='ocrx_word' id='word_1_160' title='bbox 1076 471 1188 501; x_wconf 90' lang='lat' dir='ltr'><strong>lumine</strong></span> <span class='ocrx_word' id='word_1_161' title='bbox 1203 471 1299 511; x_wconf 86' lang='lat' dir='ltr'><strong>operti</strong></span> <span class='ocrx_word' id='word_1_162' title='bbox 1327 480 1360 501; x_wconf 87' lang='lat' dir='ltr'><strong>ac</strong></span> <span class='ocrx_word' id='word_1_163' title='bbox 1390 470 1561 501; x_wconf 82' lang='lat' dir='ltr'><strong>circumfusi</strong></span> <span class='ocrx_word' id='word_1_164' title='bbox 1591 470 1733 509; x_wconf 89' lang='lat' dir='ltr'><strong>tenebris,</strong></span> <span class='ocrx_word' id='word_1_165' title='bbox 1750 472 1781 502; x_wconf 94' lang='lat' dir='ltr'><strong>in</strong></span> <span class='ocrx_word' id='word_1_166' title='bbox 1796 471 1904 511; x_wconf 88' lang='lat' dir='ltr'><strong>gaudio</strong></span> 
     </span>
    </p>
   </div>
   <div class='ocr_carea' id='block_1_25' title="bbox 1077 514 1904 554">
    <p class='ocr_par' dir='ltr' id='par_1_25' title="bbox 1077 514 1904 554">
     <span class='ocr_line' id='line_1_25' title="bbox 1077 514 1904 554; baseline 0.001 -9"><span class='ocrx_word' id='word_1_167' title='bbox 1077 515 1298 552; x_wconf 80' lang='lat' dir='ltr'><strong>erubescentes,</strong></span> <span class='ocrx_word' id='word_1_168' title='bbox 1316 519 1345 545; x_wconf 91' lang='lat' dir='ltr'><strong>et</strong></span> <span class='ocrx_word' id='word_1_169' title='bbox 1361 515 1390 545; x_wconf 92' lang='lat' dir='ltr'><strong>in</strong></span> <span class='ocrx_word' id='word_1_170' title='bbox 1408 514 1507 545; x_wconf 73' lang='lat' dir='ltr'><strong>laetitia</strong></span> <span class='ocrx_word' id='word_1_171' title='bbox 1522 515 1579 554; x_wconf 87' lang='lat' dir='ltr'><strong>ipsi</strong></span> <span class='ocrx_word' id='word_1_172' title='bbox 1593 515 1791 553; x_wconf 88' lang='lat' dir='ltr'><strong>tabescentes,</strong></span> <span class='ocrx_word' id='word_1_173' title='bbox 1808 519 1837 546; x_wconf 90' lang='lat' dir='ltr'><strong>et</strong></span> <span class='ocrx_word' id='word_1_174' title='bbox 1851 525 1904 546; x_wconf 82' lang='lat' dir='ltr'><strong>ar—</strong></span> 
     </span>
    </p>
   </div>
   <div class='ocr_carea' id='block_1_26' title="bbox 1078 559 1903 596">
    <p class='ocr_par' dir='ltr' id='par_1_26' title="bbox 1078 559 1903 596">
     <span class='ocr_line' id='line_1_26' title="bbox 1078 559 1903 596; baseline 0 -6"><span class='ocrx_word' id='word_1_175' title='bbox 1078 560 1184 590; x_wconf 88' lang='lat' dir='ltr'><strong>denter</strong></span> <span class='ocrx_word' id='word_1_176' title='bbox 1196 559 1392 596; x_wconf 89' lang='lat' dir='ltr'><strong>horribiliter,</strong></span> <span class='ocrx_word' id='word_1_177' title='bbox 1409 563 1437 590; x_wconf 89' lang='lat' dir='ltr'><strong>et</strong></span> <span class='ocrx_word' id='word_1_178' title='bbox 1446 559 1570 589; x_wconf 87' lang='lat' dir='ltr'><strong>diversis</strong></span> <span class='ocrx_word' id='word_1_179' title='bbox 1581 568 1700 590; x_wconf 91' lang='lat' dir='ltr'><strong>suarum</strong></span> <span class='ocrx_word' id='word_1_180' title='bbox 1712 561 1903 591; x_wconf 83' lang='lat' dir='ltr'><strong>aﬂ‘ectionum</strong></span> 
     </span>
    </p>
   </div>
   <div class='ocr_carea' id='block_1_27' title="bbox 1078 603 1905 644">
    <p class='ocr_par' dir='ltr' id='par_1_27' title="bbox 1078 603 1905 644">
     <span class='ocr_line' id='line_1_27' title="bbox 1078 603 1905 644; baseline -0.001 -9"><span class='ocrx_word' id='word_1_181' title='bbox 1078 604 1237 644; x_wconf 83' lang='lat' dir='ltr'><strong>generibus</strong></span> <span class='ocrx_word' id='word_1_182' title='bbox 1253 604 1374 634; x_wconf 83' lang='lat' dir='ltr'><strong>cruciati</strong></span> <span class='ocrx_word' id='word_1_183' title='bbox 1389 613 1395 634; x_wconf 91' lang='lat'>:</span> <span class='ocrx_word' id='word_1_184' title='bbox 1410 604 1485 634; x_wconf 84' lang='lat' dir='ltr'><strong>sicut</strong></span> <span class='ocrx_word' id='word_1_185' title='bbox 1501 603 1615 634; x_wconf 88' lang='lat' dir='ltr'><strong>scilicet</strong></span> <span class='ocrx_word' id='word_1_186' title='bbox 1631 609 1659 634; x_wconf 93' lang='lat' dir='ltr'><strong>et</strong></span> <span class='ocrx_word' id='word_1_187' title='bbox 1671 604 1743 643; x_wconf 86' lang='lat' dir='ltr'><strong>justi</strong></span> <span class='ocrx_word' id='word_1_188' title='bbox 1759 604 1905 635; x_wconf 88' lang='lat' dir='ltr'><strong>alumine</strong></span> 
     </span>
    </p>
   </div>
   <div class='ocr_carea' id='block_1_28' title="bbox 1078 647 1902 688">
    <p class='ocr_par' dir='ltr' id='par_1_28' title="bbox 1078 647 1902 688">
     <span class='ocr_line' id='line_1_28' title="bbox 1078 647 1902 688; baseline 0.001 -10"><span class='ocrx_word' id='word_1_189' title='bbox 1078 648 1253 685; x_wconf 88' lang='lat' dir='ltr'><strong>collustrati,</strong></span> <span class='ocrx_word' id='word_1_190' title='bbox 1264 647 1423 678; x_wconf 87' lang='lat' dir='ltr'><strong>etdiversis</strong></span> <span class='ocrx_word' id='word_1_191' title='bbox 1430 647 1587 678; x_wconf 85' lang='lat' dir='ltr'><strong>virtutibus</strong></span> <span class='ocrx_word' id='word_1_192' title='bbox 1597 648 1692 679; x_wconf 84' lang='lat' dir='ltr'><strong>ornati</strong></span> <span class='ocrx_word' id='word_1_193' title='bbox 1703 648 1902 688; x_wconf 82' lang='lat' dir='ltr'><strong>apparebunt.</strong></span> 
     </span>
    </p>
   </div>
   <div class='ocr_carea' id='block_1_29' title="bbox 1079 692 1904 732">
    <p class='ocr_par' dir='ltr' id='par_1_29' title="bbox 1079 692 1904 732">
     <span class='ocr_line' id='line_1_29' title="bbox 1079 692 1904 732; baseline 0.001 -9"><span class='ocrx_word' id='word_1_194' title='bbox 1079 693 1153 724; x_wconf 91' lang='lat' dir='ltr'><strong>Nam</strong></span> <span class='ocrx_word' id='word_1_195' title='bbox 1168 692 1257 730; x_wconf 92' lang='lat' dir='ltr'><strong>Deus,</strong></span> <span class='ocrx_word' id='word_1_196' title='bbox 1278 692 1328 732; x_wconf 89' lang='lat' dir='ltr'><strong>qui</strong></span> <span class='ocrx_word' id='word_1_197' title='bbox 1344 692 1506 722; x_wconf 88' lang='lat' dir='ltr'><strong>secundum</strong></span> <span class='ocrx_word' id='word_1_198' title='bbox 1523 696 1658 723; x_wconf 88' lang='lat' dir='ltr'><strong>naturam</strong></span> <span class='ocrx_word' id='word_1_199' title='bbox 1674 702 1756 723; x_wconf 90' lang='lat' dir='ltr'><strong>suam</strong></span> <span class='ocrx_word' id='word_1_200' title='bbox 1773 693 1904 724; x_wconf 78' lang='lat' dir='ltr'><strong>Charitas</strong></span> 
     </span>
    </p>
   </div>
   <div class='ocr_carea' id='block_1_30' title="bbox 1080 736 1903 774">
    <p class='ocr_par' dir='ltr' id='par_1_30' title="bbox 1080 736 1903 774">
     <span class='ocr_line' id='line_1_30' title="bbox 1080 736 1903 774; baseline 0.001 -7"><span class='ocrx_word' id='word_1_201' title='bbox 1080 741 1136 774; x_wconf 89' lang='lat' dir='ltr'><strong>est,</strong></span> <span class='ocrx_word' id='word_1_202' title='bbox 1154 741 1183 767; x_wconf 91' lang='lat' dir='ltr'><strong>et</strong></span> <span class='ocrx_word' id='word_1_203' title='bbox 1197 740 1328 773; x_wconf 87' lang='lat' dir='ltr'><strong>vocatur,</strong></span> <span class='ocrx_word' id='word_1_204' title='bbox 1344 745 1399 767; x_wconf 90' lang='lat' dir='ltr'><strong>nec</strong></span> <span class='ocrx_word' id='word_1_205' title='bbox 1428 736 1583 767; x_wconf 87' lang='lat' dir='ltr'><strong>damnatos</strong></span> <span class='ocrx_word' id='word_1_206' title='bbox 1608 736 1680 773; x_wconf 89' lang='lat' dir='ltr'><strong>odit,</strong></span> <span class='ocrx_word' id='word_1_207' title='bbox 1698 737 1779 767; x_wconf 89' lang='lat' dir='ltr'><strong>omni</strong></span> <span class='ocrx_word' id='word_1_208' title='bbox 1794 737 1903 768; x_wconf 69' lang='lat' dir='ltr'><strong>affectu</strong></span> 
     </span>
    </p>
   </div>
   <div class='ocr_carea' id='block_1_31' title="bbox 1080 780 1901 820">
    <p class='ocr_par' dir='ltr' id='par_1_31' title="bbox 1080 780 1901 820">
     <span class='ocr_line' id='line_1_31' title="bbox 1080 780 1901 820; baseline 0.001 -9"><span class='ocrx_word' id='word_1_209' title='bbox 1080 781 1251 812; x_wconf 85' lang='lat' dir='ltr'><strong>naturaliter</strong></span> <span class='ocrx_word' id='word_1_210' title='bbox 1265 780 1356 818; x_wconf 88' lang='lat' dir='ltr'><strong>liber,</strong></span> <span class='ocrx_word' id='word_1_211' title='bbox 1374 789 1429 811; x_wconf 89' lang='lat' dir='ltr'><strong>nec</strong></span> <span class='ocrx_word' id='word_1_212' title='bbox 1449 790 1466 811; x_wconf 91' lang='lat' dir='ltr'><strong>a</strong></span> <span class='ocrx_word' id='word_1_213' title='bbox 1481 780 1627 811; x_wconf 85' lang='lat' dir='ltr'><strong>damnatis</strong></span> <span class='ocrx_word' id='word_1_214' title='bbox 1639 781 1708 820; x_wconf 91' lang='lat' dir='ltr'><strong>jure</strong></span> <span class='ocrx_word' id='word_1_215' title='bbox 1723 781 1791 811; x_wconf 90' lang='lat' dir='ltr'><strong>odio</strong></span> <span class='ocrx_word' id='word_1_216' title='bbox 1807 781 1901 812; x_wconf 87' lang='lat' dir='ltr'><strong>habe—</strong></span> 
     </span>
    </p>
   </div>
   <div class='ocr_carea' id='block_1_32' title="bbox 1081 825 1903 865">
    <p class='ocr_par' dir='ltr' id='par_1_32' title="bbox 1081 825 1903 865">
     <span class='ocr_line' id='line_1_32' title="bbox 1081 825 1903 865; baseline 0 -9"><span class='ocrx_word' id='word_1_217' title='bbox 1081 830 1126 856; x_wconf 90' lang='lat' dir='ltr'><strong>tur</strong></span> <span class='ocrx_word' id='word_1_218' title='bbox 1144 835 1150 856; x_wconf 93' lang='lat'><strong>:</strong></span> <span class='ocrx_word' id='word_1_219' title='bbox 1170 825 1222 856; x_wconf 91' lang='lat' dir='ltr'><strong>sed</strong></span> <span class='ocrx_word' id='word_1_220' title='bbox 1239 825 1413 865; x_wconf 90' lang='lat' dir='ltr'><strong>quibuscum</strong></span> <span class='ocrx_word' id='word_1_221' title='bbox 1431 828 1530 855; x_wconf 87' lang='lat' dir='ltr'><strong>nostra</strong></span> <span class='ocrx_word' id='word_1_222' title='bbox 1544 825 1692 855; x_wconf 87' lang='lat' dir='ltr'><strong>voluntate</strong></span> <span class='ocrx_word' id='word_1_223' title='bbox 1708 831 1738 856; x_wconf 90' lang='lat' dir='ltr'><strong>et</strong></span> <span class='ocrx_word' id='word_1_224' title='bbox 1753 826 1903 856; x_wconf 84' lang='lat' dir='ltr'><strong>sententia</strong></span> 
     </span>
    </p>
   </div>
   <div class='ocr_carea' id='block_1_33' title="bbox 1078 869 1915 908">
    <p class='ocr_par' dir='ltr' id='par_1_33' title="bbox 1078 869 1915 908">
     <span class='ocr_line' id='line_1_33' title="bbox 1078 869 1915 908; baseline 0.001 -9"><span class='ocrx_word' id='word_1_225' title='bbox 1078 869 1109 900; x_wconf 89' lang='lat' dir='ltr'><strong>in</strong></span> <span class='ocrx_word' id='word_1_226' title='bbox 1135 870 1191 900; x_wconf 91' lang='lat' dir='ltr'><strong>hoc</strong></span> <span class='ocrx_word' id='word_1_227' title='bbox 1213 869 1318 900; x_wconf 73' lang='lat' dir='ltr'><strong>saeculo</strong></span> <span class='ocrx_word' id='word_1_228' title='bbox 1346 878 1504 908; x_wconf 88' lang='lat' dir='ltr'><strong>pravorum</strong></span> <span class='ocrx_word' id='word_1_229' title='bbox 1533 869 1698 900; x_wconf 90' lang='lat' dir='ltr'><strong>studiorum</strong></span> <span class='ocrx_word' id='word_1_230' title='bbox 1727 870 1915 905; x_wconf 83' lang='lat' dir='ltr'><strong>societatem</strong></span> 
     </span>
    </p>
   </div>
   <div class='ocr_carea' id='block_1_34' title="bbox 1080 913 1903 953">
    <p class='ocr_par' dir='ltr' id='par_1_34' title="bbox 1080 913 1903 953">
     <span class='ocr_line' id='line_1_34' title="bbox 1080 913 1903 953; baseline 0 -9"><span class='ocrx_word' id='word_1_231' title='bbox 1080 913 1233 952; x_wconf 79' lang='lat' dir='ltr'><strong>elegimus,</strong></span> <span class='ocrx_word' id='word_1_232' title='bbox 1250 923 1316 944; x_wconf 89' lang='lat' dir='ltr'><strong>cum</strong></span> <span class='ocrx_word' id='word_1_233' title='bbox 1343 914 1388 944; x_wconf 92' lang='lat' dir='ltr'><strong>his</strong></span> <span class='ocrx_word' id='word_1_234' title='bbox 1418 917 1449 943; x_wconf 91' lang='lat' dir='ltr'><strong>ut</strong></span> <span class='ocrx_word' id='word_1_235' title='bbox 1477 913 1595 953; x_wconf 78' lang='lat' dir='ltr'><strong>merito,</strong></span> <span class='ocrx_word' id='word_1_236' title='bbox 1628 917 1656 944; x_wconf 88' lang='lat' dir='ltr'><strong>et</strong></span> <span class='ocrx_word' id='word_1_237' title='bbox 1685 915 1855 945; x_wconf 89' lang='lat' dir='ltr'><strong>necessario</strong></span> <span class='ocrx_word' id='word_1_238' title='bbox 1871 914 1903 944; x_wconf 90' lang='lat' dir='ltr'><strong>in</strong></span> 
     </span>
    </p>
   </div>
   <div class='ocr_carea' id='block_1_35' title="bbox 212 955 1904 1000">
    <p class='ocr_par' dir='ltr' id='par_1_35' title="bbox 212 955 1904 1000">
     <span class='ocr_line' id='line_1_35' title="bbox 212 955 1904 1000; baseline -0.002 -7"><span class='ocrx_word' id='word_1_239' title='bbox 212 962 318 993; x_wconf 88' lang='lat' dir='ltr'><strong>beatus</strong></span> <span class='ocrx_word' id='word_1_240' title='bbox 340 962 450 993; x_wconf 89' lang='lat' dir='ltr'><strong>Paulus</strong></span> <span class='ocrx_word' id='word_1_241' title='bbox 478 961 683 992; x_wconf 78' lang='lat' dir='ltr'><strong>infidelitatem</strong></span> <span class='ocrx_word' id='word_1_242' title='bbox 716 960 943 1000; x_wconf 87' lang='lat' dir='ltr'><strong>reprehendens</strong></span> <span class='ocrx_word' id='word_1_243' title='bbox 970 959 1011 988; x_wconf 85' lang='lat' dir='ltr'><strong>ait</strong></span> <span class='ocrx_word' id='word_1_244' title='bbox 1029 955 1177 989; x_wconf 74' lang='lat' dir='ltr'><strong>:Bfuturo</strong></span> <span class='ocrx_word' id='word_1_245' title='bbox 1193 958 1313 995; x_wconf 74' lang='lat' dir='ltr'><strong>saeculo,</strong></span> <span class='ocrx_word' id='word_1_246' title='bbox 1330 958 1462 998; x_wconf 90' lang='lat' dir='ltr'><strong>quamvis</strong></span> <span class='ocrx_word' id='word_1_247' title='bbox 1477 957 1614 988; x_wconf 87' lang='lat' dir='ltr'><strong>nolentes</strong></span> <span class='ocrx_word' id='word_1_248' title='bbox 1637 958 1743 996; x_wconf 92' lang='lat' dir='ltr'><strong>simus,</strong></span> <span class='ocrx_word' id='word_1_249' title='bbox 1761 959 1904 990; x_wconf 89' lang='lat' dir='ltr'><strong>condem-</strong></span> 
     </span>
    </p>
   </div>
   <div class='ocr_carea' id='block_1_36' title="bbox 213 1005 1038 1046">
    <p class='ocr_par' dir='ltr' id='par_1_36' title="bbox 213 1005 1038 1046">
     <span class='ocr_line' id='line_1_36' title="bbox 213 1005 1038 1046; baseline -0.005 -9"><span class='ocrx_word' id='word_1_250' title='bbox 213 1006 405 1046; x_wconf 81' lang='lat' dir='ltr'><strong>Conﬁtentur</strong></span> <span class='ocrx_word' id='word_1_251' title='bbox 419 1015 451 1037; x_wconf 85' lang='lat' dir='ltr'><strong>se</strong></span> <span class='ocrx_word' id='word_1_252' title='bbox 473 1006 564 1037; x_wconf 73' lang='lat' dir='ltr'><strong>Deum</strong></span> <span class='ocrx_word' id='word_1_253' title='bbox 576 1014 676 1041; x_wconf 81' lang='lat' dir='ltr'><strong>nosse,</strong></span> <span class='ocrx_word' id='word_1_254' title='bbox 690 1005 781 1043; x_wconf 79' lang='lat' dir='ltr'><strong>factis</strong></span> <span class='ocrx_word' id='word_1_255' title='bbox 795 1008 896 1034; x_wconf 69' lang='lat' dir='ltr'><strong>autem</strong></span> <span class='ocrx_word' id='word_1_256' title='bbox 911 1005 1038 1042; x_wconf 71' lang='lat' dir='ltr'><strong>negant,</strong></span> 
     </span>
    </p>
   </div>
   <div class='ocr_carea' id='block_1_37' title="bbox 212 1047 1040 1088">
    <p class='ocr_par' dir='ltr' id='par_1_37' title="bbox 212 1047 1040 1088">
     <span class='ocr_line' id='line_1_37' title="bbox 212 1047 1040 1088; baseline -0.005 -7"><span class='ocrx_word' id='word_1_257' title='bbox 212 1051 394 1088; x_wconf 73' lang='lat' dir='ltr'><strong>abominati,</strong></span> <span class='ocrx_word' id='word_1_258' title='bbox 405 1053 434 1081; x_wconf 85' lang='lat' dir='ltr'><strong>et</strong></span> <span class='ocrx_word' id='word_1_259' title='bbox 444 1049 645 1088; x_wconf 68' lang='lat' dir='ltr'><strong>incredibiles,</strong></span> <span class='ocrx_word' id='word_1_260' title='bbox 655 1053 684 1079; x_wconf 76' lang='lat' dir='ltr'><strong>et</strong></span> <span class='ocrx_word' id='word_1_261' title='bbox 696 1048 735 1078; x_wconf 81' lang='lat' dir='ltr'><strong>ad</strong></span> <span class='ocrx_word' id='word_1_262' title='bbox 747 1057 833 1079; x_wconf 85' lang='lat' dir='ltr'><strong>omne</strong></span> <span class='ocrx_word' id='word_1_263' title='bbox 844 1055 916 1088; x_wconf 85' lang='lat' dir='ltr'><strong>opus</strong></span> <span class='ocrx_word' id='word_1_264' title='bbox 929 1047 1040 1078; x_wconf 84' lang='lat' dir='ltr'><strong>bonum</strong></span> 
     </span>
    </p>
   </div>
   <div class='ocr_carea' id='block_1_38' title="bbox 213 1090 1040 1134">
    <p class='ocr_par' dir='ltr' id='par_1_38' title="bbox 213 1090 1040 1134">
     <span class='ocr_line' id='line_1_38' title="bbox 213 1090 1040 1134; baseline -0.005 -9"><span class='ocrx_word' id='word_1_265' title='bbox 213 1094 376 1134; x_wconf 53' lang='lat' dir='ltr'><strong>reprobi”.</strong></span> <span class='ocrx_word' id='word_1_266' title='bbox 388 1096 433 1125; x_wconf 86' lang='lat' dir='ltr'><strong>An</strong></span> <span class='ocrx_word' id='word_1_267' title='bbox 443 1103 502 1124; x_wconf 91' lang='lat' dir='ltr'><strong>non</strong></span> <span class='ocrx_word' id='word_1_268' title='bbox 515 1094 626 1134; x_wconf 89' lang='lat' dir='ltr'><strong>ubique</strong></span> <span class='ocrx_word' id='word_1_269' title='bbox 636 1092 747 1125; x_wconf 86' lang='lat' dir='ltr'><strong>Christi</strong></span> <span class='ocrx_word' id='word_1_270' title='bbox 759 1101 867 1122; x_wconf 89' lang='lat' dir='ltr'><strong>nomen</strong></span> <span class='ocrx_word' id='word_1_271' title='bbox 879 1090 1040 1131; x_wconf 85' lang='lat' dir='ltr'><strong>personat?</strong></span> 
     </span>
    </p>
   </div>
   <div class='ocr_carea' id='block_1_39' title="bbox 211 1135 1038 1178">
    <p class='ocr_par' dir='ltr' id='par_1_39' title="bbox 211 1135 1038 1178">
     <span class='ocr_line' id='line_1_39' title="bbox 211 1135 1038 1178; baseline -0.004 -10"><span class='ocrx_word' id='word_1_272' title='bbox 211 1141 242 1172; x_wconf 87' lang='lat' dir='ltr'><strong>in</strong></span> <span class='ocrx_word' id='word_1_273' title='bbox 258 1138 394 1176; x_wconf 91' lang='lat' dir='ltr'><strong>urbibus,</strong></span> <span class='ocrx_word' id='word_1_274' title='bbox 412 1138 443 1168; x_wconf 89' lang='lat' dir='ltr'><strong>in</strong></span> <span class='ocrx_word' id='word_1_275' title='bbox 470 1138 556 1178; x_wconf 87' lang='lat' dir='ltr'><strong>vicis,</strong></span> <span class='ocrx_word' id='word_1_276' title='bbox 586 1138 616 1167; x_wconf 93' lang='lat' dir='ltr'><strong>in</strong></span> <span class='ocrx_word' id='word_1_277' title='bbox 647 1136 801 1174; x_wconf 77' lang='lat' dir='ltr'><strong>cmnobiis,</strong></span> <span class='ocrx_word' id='word_1_278' title='bbox 829 1136 859 1166; x_wconf 92' lang='lat' dir='ltr'><strong>in</strong></span> <span class='ocrx_word' id='word_1_279' title='bbox 876 1135 1038 1166; x_wconf 91' lang='lat' dir='ltr'><strong>montibus.</strong></span> 
     </span>
    </p>
   </div>
   <div class='ocr_carea' id='block_1_40' title="bbox 212 1180 1042 1222">
    <p class='ocr_par' dir='ltr' id='par_1_40' title="bbox 212 1180 1042 1222">
     <span class='ocr_line' id='line_1_40' title="bbox 212 1180 1042 1222; baseline -0.005 -9"><span class='ocrx_word' id='word_1_280' title='bbox 212 1182 329 1220; x_wconf 55' lang='lat' dir='ltr'><strong>Quare,</strong></span> <span class='ocrx_word' id='word_1_281' title='bbox 343 1182 368 1212; x_wconf 93' lang='lat' dir='ltr'><strong>si</strong></span> <span class='ocrx_word' id='word_1_282' title='bbox 381 1182 488 1222; x_wconf 88' lang='lat' dir='ltr'><strong>placet,</strong></span> <span class='ocrx_word' id='word_1_283' title='bbox 503 1186 531 1212; x_wconf 91' lang='lat' dir='ltr'><strong>et</strong></span> <span class='ocrx_word' id='word_1_284' title='bbox 543 1186 678 1213; x_wconf 76' lang='lat' dir='ltr'><strong>scrutare</strong></span> <span class='ocrx_word' id='word_1_285' title='bbox 691 1180 861 1219; x_wconf 84' lang='lat' dir='ltr'><strong>diligenter,</strong></span> <span class='ocrx_word' id='word_1_286' title='bbox 873 1189 909 1210; x_wconf 90' lang='lat' dir='ltr'><strong>an</strong></span> <span class='ocrx_word' id='word_1_287' title='bbox 922 1184 1042 1210; x_wconf 88' lang='lat' dir='ltr'><strong>servent</strong></span> 
     </span>
    </p>
   </div>
   <div class='ocr_carea' id='block_1_41' title="bbox 213 1223 1039 1266">
    <p class='ocr_par' dir='ltr' id='par_1_41' title="bbox 213 1223 1039 1266">
     <span class='ocr_line' id='line_1_41' title="bbox 213 1223 1039 1266; baseline -0.005 -9"><span class='ocrx_word' id='word_1_288' title='bbox 213 1227 351 1257; x_wconf 88' lang='lat' dir='ltr'><strong>mandata</strong></span> <span class='ocrx_word' id='word_1_289' title='bbox 366 1227 441 1266; x_wconf 86' lang='lat' dir='ltr'><strong>ejus,</strong></span> <span class='ocrx_word' id='word_1_290' title='bbox 459 1230 486 1256; x_wconf 91' lang='lat' dir='ltr'><strong>et</strong></span> <span class='ocrx_word' id='word_1_291' title='bbox 504 1227 549 1256; x_wconf 87' lang='lat' dir='ltr'><strong>vix</strong></span> <span class='ocrx_word' id='word_1_292' title='bbox 577 1225 711 1256; x_wconf 88' lang='lat' dir='ltr'><strong>invenies</strong></span> <span class='ocrx_word' id='word_1_293' title='bbox 736 1233 826 1255; x_wconf 93' lang='lat' dir='ltr'><strong>unum</strong></span> <span class='ocrx_word' id='word_1_294' title='bbox 855 1233 870 1254; x_wconf 93' lang='lat' dir='ltr'><strong>e</strong></span> <span class='ocrx_word' id='word_1_295' title='bbox 896 1223 1039 1263; x_wconf 80' lang='lat' dir='ltr'><strong>millibus,</strong></span> 
     </span>
    </p>
   </div>
   <div class='ocr_carea' id='block_1_42' title="bbox 212 1268 1039 1310">
    <p class='ocr_par' dir='ltr' id='par_1_42' title="bbox 212 1268 1039 1310">
     <span class='ocr_line' id='line_1_42' title="bbox 212 1268 1039 1310; baseline -0.004 -9"><span class='ocrx_word' id='word_1_296' title='bbox 212 1270 442 1301; x_wconf 89' lang='lat' dir='ltr'><strong>utdilectusille</strong></span> <span class='ocrx_word' id='word_1_297' title='bbox 455 1270 619 1310; x_wconf 89' lang='lat' dir='ltr'><strong>discipulus</strong></span> <span class='ocrx_word' id='word_1_298' title='bbox 643 1269 772 1300; x_wconf 87' lang='lat' dir='ltr'><strong>Joannes</strong></span> <span class='ocrx_word' id='word_1_299' title='bbox 792 1268 850 1298; x_wconf 87' lang='lat' dir='ltr'><strong>ait:</strong></span> <span class='ocrx_word' id='word_1_300' title='bbox 869 1268 974 1299; x_wconf 82' lang='lat' dir='ltr'><strong>Omnis</strong></span> <span class='ocrx_word' id='word_1_301' title='bbox 987 1268 1039 1307; x_wconf 77' lang='lat' dir='ltr'><strong>qui</strong></span> 
     </span>
    </p>
   </div>
   <div class='ocr_carea' id='block_1_43' title="bbox 210 1312 1036 1355">
    <p class='ocr_par' dir='ltr' id='par_1_43' title="bbox 210 1312 1036 1355">
     <span class='ocr_line' id='line_1_43' title="bbox 210 1312 1036 1355; baseline -0.006 -9"><span class='ocrx_word' id='word_1_302' title='bbox 210 1319 328 1355; x_wconf 80' lang='lat' dir='ltr'><strong>peccat,</strong></span> <span class='ocrx_word' id='word_1_303' title='bbox 336 1323 397 1346; x_wconf 81' lang='lat' dir='ltr'><strong>non</strong></span> <span class='ocrx_word' id='word_1_304' title='bbox 405 1314 483 1345; x_wconf 83' lang='lat' dir='ltr'><strong>vidit</strong></span> <span class='ocrx_word' id='word_1_305' title='bbox 494 1314 603 1350; x_wconf 84' lang='lat' dir='ltr'><strong>Deum,</strong></span> <span class='ocrx_word' id='word_1_306' title='bbox 612 1313 913 1353; x_wconf 70' lang='lat' dir='ltr'><strong>uequenoviteum”.</strong></span> <span class='ocrx_word' id='word_1_307' title='bbox 930 1312 965 1342; x_wconf 90' lang='lat' dir='ltr'><strong>Et</strong></span> <span class='ocrx_word' id='word_1_308' title='bbox 979 1312 1036 1342; x_wconf 90' lang='lat' dir='ltr'><strong>ite-</strong></span> 
     </span>
    </p>
   </div>
   <div class='ocr_carea' id='block_1_44' title="bbox 212 1357 1034 1398">
    <p class='ocr_par' dir='ltr' id='par_1_44' title="bbox 212 1357 1034 1398">
     <span class='ocr_line' id='line_1_44' title="bbox 212 1357 1034 1398; baseline -0.002 -9"><span class='ocrx_word' id='word_1_309' title='bbox 212 1368 279 1389; x_wconf 86' lang='lat' dir='ltr'><strong>rum</strong></span> <span class='ocrx_word' id='word_1_310' title='bbox 294 1368 300 1390; x_wconf 91' lang='lat'>:</span> <span class='ocrx_word' id='word_1_311' title='bbox 318 1359 422 1390; x_wconf 81' lang='lat' dir='ltr'><strong>Omnis</strong></span> <span class='ocrx_word' id='word_1_312' title='bbox 433 1360 486 1398; x_wconf 81' lang='lat' dir='ltr'><strong>qui</strong></span> <span class='ocrx_word' id='word_1_313' title='bbox 495 1359 570 1397; x_wconf 81' lang='lat' dir='ltr'><strong>facit</strong></span> <span class='ocrx_word' id='word_1_314' title='bbox 581 1361 743 1397; x_wconf 81' lang='lat' dir='ltr'><strong>peccatum,</strong></span> <span class='ocrx_word' id='word_1_315' title='bbox 757 1366 794 1388; x_wconf 72' lang='lat' dir='ltr'><strong>ea:</strong></span> <span class='ocrx_word' id='word_1_316' title='bbox 802 1357 922 1388; x_wconf 81' lang='lat' dir='ltr'><strong>diabolo</strong></span> <span class='ocrx_word' id='word_1_317' title='bbox 938 1359 981 1387; x_wconf 82' lang='lat' dir='ltr'><strong>est</strong></span> <span class='ocrx_word' id='word_1_318' title='bbox 996 1357 1034 1388; x_wconf 75' lang='lat'><strong>‘8.</strong></span> 
     </span>
    </p>
   </div>
   <div class='ocr_carea' id='block_1_45' title="bbox 213 1401 1034 1442">
    <p class='ocr_par' dir='ltr' id='par_1_45' title="bbox 213 1401 1034 1442">
     <span class='ocr_line' id='line_1_45' title="bbox 213 1401 1034 1442; baseline -0.005 -7"><span class='ocrx_word' id='word_1_319' title='bbox 213 1402 272 1435; x_wconf 89' lang='lat' dir='ltr'><strong>Ubi</strong></span> <span class='ocrx_word' id='word_1_320' title='bbox 286 1402 388 1442; x_wconf 82' lang='lat' dir='ltr'><strong>igitur,</strong></span> <span class='ocrx_word' id='word_1_321' title='bbox 406 1403 486 1433; x_wconf 88' lang='lat' dir='ltr'><strong>bona</strong></span> <span class='ocrx_word' id='word_1_322' title='bbox 501 1412 567 1442; x_wconf 86' lang='lat' dir='ltr'><strong>quae</strong></span> <span class='ocrx_word' id='word_1_323' title='bbox 581 1406 650 1432; x_wconf 90' lang='lat' dir='ltr'><strong>sunt</strong></span> <span class='ocrx_word' id='word_1_324' title='bbox 663 1402 693 1432; x_wconf 89' lang='lat' dir='ltr'><strong>in</strong></span> <span class='ocrx_word' id='word_1_325' title='bbox 711 1401 846 1432; x_wconf 87' lang='lat' dir='ltr'><strong>manibus</strong></span> <span class='ocrx_word' id='word_1_326' title='bbox 860 1401 968 1432; x_wconf 89' lang='lat' dir='ltr'><strong>nostris</strong></span> <span class='ocrx_word' id='word_1_327' title='bbox 985 1410 1034 1431; x_wconf 72' lang='lat' dir='ltr'><strong>rc~</strong></span> 
     </span>
    </p>
   </div>
   <div class='ocr_carea' id='block_1_46' title="bbox 215 1444 1037 1486">
    <p class='ocr_par' dir='ltr' id='par_1_46' title="bbox 215 1444 1037 1486">
     <span class='ocr_line' id='line_1_46' title="bbox 215 1444 1037 1486; baseline -0.002 -9"><span class='ocrx_word' id='word_1_328' title='bbox 215 1447 398 1486; x_wconf 86' lang='lat' dir='ltr'><strong>linquentes,</strong></span> <span class='ocrx_word' id='word_1_329' title='bbox 424 1446 565 1477; x_wconf 88' lang='lat' dir='ltr'><strong>inanibus</strong></span> <span class='ocrx_word' id='word_1_330' title='bbox 589 1451 699 1483; x_wconf 89' lang='lat' dir='ltr'><strong>autem,</strong></span> <span class='ocrx_word' id='word_1_331' title='bbox 731 1449 760 1476; x_wconf 90' lang='lat' dir='ltr'><strong>et</strong></span> <span class='ocrx_word' id='word_1_332' title='bbox 786 1445 872 1476; x_wconf 86' lang='lat' dir='ltr'><strong>ﬂuxis</strong></span> <span class='ocrx_word' id='word_1_333' title='bbox 901 1444 994 1476; x_wconf 90' lang='lat' dir='ltr'><strong>dediti</strong></span> <span class='ocrx_word' id='word_1_334' title='bbox 1008 1449 1037 1475; x_wconf 90' lang='lat' dir='ltr'><strong>et</strong></span> 
     </span>
    </p>
   </div>
   <div class='ocr_carea' id='block_1_47' title="bbox 213 1490 594 1532">
    <p class='ocr_par' dir='ltr' id='par_1_47' title="bbox 213 1490 594 1532">
     <span class='ocr_line' id='line_1_47' title="bbox 213 1490 594 1532; baseline -0.003 -10"><span class='ocrx_word' id='word_1_335' title='bbox 213 1491 308 1532; x_wconf 81' lang='lat' dir='ltr'><strong>afﬁxi,</strong></span> <span class='ocrx_word' id='word_1_336' title='bbox 323 1499 406 1530; x_wconf 87' lang='lat' dir='ltr'><strong>spem</strong></span> <span class='ocrx_word' id='word_1_337' title='bbox 421 1490 566 1521; x_wconf 89' lang='lat' dir='ltr'><strong>habemus</strong></span> <span class='ocrx_word' id='word_1_338' title='bbox 580 1493 594 1521; x_wconf 85' lang='lat'><strong>?</strong></span> 
     </span>
    </p>
   </div>
   <div class='ocr_carea' id='block_1_48' title="bbox 254 1533 1037 1575">
    <p class='ocr_par' dir='ltr' id='par_1_48' title="bbox 254 1533 1037 1575">
     <span class='ocr_line' id='line_1_48' title="bbox 254 1533 1037 1575; baseline -0.004 -9"><span class='ocrx_word' id='word_1_339' title='bbox 254 1534 289 1566; x_wconf 89' lang='lat' dir='ltr'><strong>Ut</strong></span> <span class='ocrx_word' id='word_1_340' title='bbox 305 1543 392 1575; x_wconf 89' lang='lat' dir='ltr'><strong>porro</strong></span> <span class='ocrx_word' id='word_1_341' title='bbox 414 1535 451 1565; x_wconf 91' lang='lat' dir='ltr'><strong>ad</strong></span> <span class='ocrx_word' id='word_1_342' title='bbox 478 1534 609 1574; x_wconf 87' lang='lat' dir='ltr'><strong>singulos</strong></span> <span class='ocrx_word' id='word_1_343' title='bbox 624 1533 745 1564; x_wconf 87' lang='lat' dir='ltr'><strong>vanitati</strong></span> <span class='ocrx_word' id='word_1_344' title='bbox 773 1533 959 1564; x_wconf 84' lang='lat' dir='ltr'><strong>adhaerentes</strong></span> <span class='ocrx_word' id='word_1_345' title='bbox 974 1542 1037 1564; x_wconf 88' lang='lat' dir='ltr'><strong>ser-</strong></span> 
     </span>
    </p>
   </div>
   <div class='ocr_carea' id='block_1_49' title="bbox 1079 1002 1903 1043">
    <p class='ocr_par' dir='ltr' id='par_1_49' title="bbox 1079 1002 1903 1043">
     <span class='ocr_line' id='line_1_49' title="bbox 1079 1002 1903 1043; baseline 0.002 -11"><span class='ocrx_word' id='word_1_346' title='bbox 1079 1002 1217 1033; x_wconf 89' lang='lat' dir='ltr'><strong>nabimur</strong></span> <span class='ocrx_word' id='word_1_347' title='bbox 1242 1002 1357 1032; x_wconf 87' lang='lat' dir='ltr'><strong>Etenim</strong></span> <span class='ocrx_word' id='word_1_348' title='bbox 1371 1006 1457 1042; x_wconf 89' lang='lat' dir='ltr'><strong>prout</strong></span> <span class='ocrx_word' id='word_1_349' title='bbox 1469 1002 1594 1042; x_wconf 89' lang='lat' dir='ltr'><strong>quisque</strong></span> <span class='ocrx_word' id='word_1_350' title='bbox 1605 1003 1738 1042; x_wconf 74' lang='lat' dir='ltr'><strong>affectus,</strong></span> <span class='ocrx_word' id='word_1_351' title='bbox 1752 1012 1786 1034; x_wconf 91' lang='lat' dir='ltr'><strong>ac</strong></span> <span class='ocrx_word' id='word_1_352' title='bbox 1797 1003 1903 1043; x_wconf 87' lang='lat' dir='ltr'><strong>dispo-</strong></span> 
     </span>
    </p>
   </div>
   <div class='ocr_carea' id='block_1_50' title="bbox 1080 1046 1902 1084">
    <p class='ocr_par' dir='ltr' id='par_1_50' title="bbox 1080 1046 1902 1084">
     <span class='ocr_line' id='line_1_50' title="bbox 1080 1046 1902 1084; baseline 0.001 -7"><span class='ocrx_word' id='word_1_353' title='bbox 1080 1047 1152 1077; x_wconf 91' lang='lat' dir='ltr'><strong>situs</strong></span> <span class='ocrx_word' id='word_1_354' title='bbox 1165 1051 1220 1084; x_wconf 92' lang='lat' dir='ltr'><strong>est,</strong></span> <span class='ocrx_word' id='word_1_355' title='bbox 1234 1048 1314 1078; x_wconf 91' lang='lat' dir='ltr'><strong>Deus</strong></span> <span class='ocrx_word' id='word_1_356' title='bbox 1323 1047 1424 1077; x_wconf 89' lang='lat' dir='ltr'><strong>unitus</strong></span> <span class='ocrx_word' id='word_1_357' title='bbox 1436 1046 1586 1082; x_wconf 91' lang='lat' dir='ltr'><strong>omnibus,</strong></span> <span class='ocrx_word' id='word_1_358' title='bbox 1600 1048 1630 1076; x_wconf 90' lang='lat' dir='ltr'><strong>in</strong></span> <span class='ocrx_word' id='word_1_359' title='bbox 1650 1047 1709 1077; x_wconf 86' lang='lat' dir='ltr'><strong>ﬁne</strong></span> <span class='ocrx_word' id='word_1_360' title='bbox 1723 1047 1902 1078; x_wconf 81' lang='lat' dir='ltr'><strong>saeculorum</strong></span> 
     </span>
    </p>
   </div>
   <div class='ocr_carea' id='block_1_51' title="bbox 1080 1090 1903 1132">
    <p class='ocr_par' dir='ltr' id='par_1_51' title="bbox 1080 1090 1903 1132">
     <span class='ocr_line' id='line_1_51' title="bbox 1080 1090 1903 1132; baseline 0.002 -12"><span class='ocrx_word' id='word_1_361' title='bbox 1080 1091 1157 1121; x_wconf 90' lang='lat' dir='ltr'><strong>sicut</strong></span> <span class='ocrx_word' id='word_1_362' title='bbox 1172 1091 1250 1121; x_wconf 92' lang='lat' dir='ltr'><strong>novit</strong></span> <span class='ocrx_word' id='word_1_363' title='bbox 1265 1091 1339 1129; x_wconf 89' lang='lat' dir='ltr'><strong>ipse,</strong></span> <span class='ocrx_word' id='word_1_364' title='bbox 1358 1099 1479 1121; x_wconf 85' lang='lat' dir='ltr'><strong>sensum</strong></span> <span class='ocrx_word' id='word_1_365' title='bbox 1494 1090 1603 1131; x_wconf 89' lang='lat' dir='ltr'><strong>cuique</strong></span> <span class='ocrx_word' id='word_1_366' title='bbox 1620 1091 1741 1132; x_wconf 58' lang='lat' dir='ltr'><strong>praebet,</strong></span> <span class='ocrx_word' id='word_1_367' title='bbox 1753 1092 1903 1132; x_wconf 90' lang='lat' dir='ltr'><strong>quomodo</strong></span> 
     </span>
    </p>
   </div>
   <div class='ocr_carea' id='block_1_52' title="bbox 1081 1135 1900 1176">
    <p class='ocr_par' dir='ltr' id='par_1_52' title="bbox 1081 1135 1900 1176">
     <span class='ocr_line' id='line_1_52' title="bbox 1081 1135 1900 1176; baseline 0.001 -11"><span class='ocrx_word' id='word_1_368' title='bbox 1081 1135 1117 1166; x_wconf 91' lang='lat' dir='ltr'><strong>ab</strong></span> <span class='ocrx_word' id='word_1_369' title='bbox 1132 1135 1195 1176; x_wconf 93' lang='lat' dir='ltr'><strong>ipso</strong></span> <span class='ocrx_word' id='word_1_370' title='bbox 1211 1135 1354 1167; x_wconf 87' lang='lat' dir='ltr'><strong>formatus</strong></span> <span class='ocrx_word' id='word_1_371' title='bbox 1381 1135 1428 1166; x_wconf 90' lang='lat' dir='ltr'><strong>sit.</strong></span> <span class='ocrx_word' id='word_1_372' title='bbox 1459 1135 1563 1174; x_wconf 82' lang='lat' dir='ltr'><strong>Dignis</strong></span> <span class='ocrx_word' id='word_1_373' title='bbox 1590 1135 1678 1174; x_wconf 80' lang='lat' dir='ltr'><strong>igitur</strong></span> <span class='ocrx_word' id='word_1_374' title='bbox 1706 1145 1760 1175; x_wconf 89' lang='lat' dir='ltr'><strong>per</strong></span> <span class='ocrx_word' id='word_1_375' title='bbox 1775 1137 1900 1175; x_wconf 84' lang='lat' dir='ltr'><strong>gratiam</strong></span> 
     </span>
    </p>
   </div>
   <div class='ocr_carea' id='block_1_53' title="bbox 1082 1180 1903 1220">
    <p class='ocr_par' dir='ltr' id='par_1_53' title="bbox 1082 1180 1903 1220">
     <span class='ocr_line' id='line_1_53' title="bbox 1082 1180 1903 1220; baseline 0.002 -10"><span class='ocrx_word' id='word_1_376' title='bbox 1082 1180 1183 1210; x_wconf 88' lang='lat' dir='ltr'><strong>unitus</strong></span> <span class='ocrx_word' id='word_1_377' title='bbox 1198 1189 1287 1220; x_wconf 87' lang='lat' dir='ltr'><strong>supra</strong></span> <span class='ocrx_word' id='word_1_378' title='bbox 1316 1184 1462 1217; x_wconf 89' lang='lat' dir='ltr'><strong>naturam,</strong></span> <span class='ocrx_word' id='word_1_379' title='bbox 1488 1180 1598 1216; x_wconf 92' lang='lat' dir='ltr'><strong>divina,</strong></span> <span class='ocrx_word' id='word_1_380' title='bbox 1630 1183 1658 1210; x_wconf 88' lang='lat' dir='ltr'><strong>et</strong></span> <span class='ocrx_word' id='word_1_381' title='bbox 1682 1189 1801 1211; x_wconf 84' lang='lat' dir='ltr'><strong>omnem</strong></span> <span class='ocrx_word' id='word_1_382' title='bbox 1818 1181 1903 1220; x_wconf 83' lang='lat' dir='ltr'><strong>cogi-</strong></span> 
     </span>
    </p>
   </div>
   <div class='ocr_carea' id='block_1_54' title="bbox 1082 1224 1903 1265">
    <p class='ocr_par' dir='ltr' id='par_1_54' title="bbox 1082 1224 1903 1265">
     <span class='ocr_line' id='line_1_54' title="bbox 1082 1224 1903 1265; baseline 0.002 -11"><span class='ocrx_word' id='word_1_383' title='bbox 1082 1224 1221 1255; x_wconf 87' lang='lat' dir='ltr'><strong>tationem</strong></span> <span class='ocrx_word' id='word_1_384' title='bbox 1237 1233 1382 1263; x_wconf 87' lang='lat' dir='ltr'><strong>superans</strong></span> <span class='ocrx_word' id='word_1_385' title='bbox 1397 1225 1531 1265; x_wconf 89' lang='lat' dir='ltr'><strong>voluptas</strong></span> <span class='ocrx_word' id='word_1_386' title='bbox 1546 1233 1612 1255; x_wconf 89' lang='lat' dir='ltr'><strong>esse</strong></span> <span class='ocrx_word' id='word_1_387' title='bbox 1627 1225 1791 1257; x_wconf 84' lang='lat' dir='ltr'><strong>consuevit.</strong></span> <span class='ocrx_word' id='word_1_388' title='bbox 1817 1225 1903 1256; x_wconf 87' lang='lat' dir='ltr'><strong>Indi-</strong></span> 
     </span>
    </p>
   </div>
   <div class='ocr_carea' id='block_1_55' title="bbox 1080 1268 1901 1308">
    <p class='ocr_par' dir='ltr' id='par_1_55' title="bbox 1080 1268 1901 1308">
     <span class='ocr_line' id='line_1_55' title="bbox 1080 1268 1901 1308; baseline 0.001 -9"><span class='ocrx_word' id='word_1_389' title='bbox 1080 1268 1145 1308; x_wconf 87' lang='lat' dir='ltr'><strong>gnis</strong></span> <span class='ocrx_word' id='word_1_390' title='bbox 1153 1272 1249 1299; x_wconf 90' lang='lat' dir='ltr'><strong>autem</strong></span> <span class='ocrx_word' id='word_1_391' title='bbox 1263 1274 1370 1308; x_wconf 69' lang='lat' dir='ltr'><strong>praeter</strong></span> <span class='ocrx_word' id='word_1_392' title='bbox 1381 1269 1503 1308; x_wconf 82' lang='lat' dir='ltr'><strong>gratiam</strong></span> <span class='ocrx_word' id='word_1_393' title='bbox 1515 1268 1627 1308; x_wconf 90' lang='lat' dir='ltr'><strong>unitus,</strong></span> <span class='ocrx_word' id='word_1_394' title='bbox 1641 1272 1750 1308; x_wconf 65' lang='lat' dir='ltr'><strong>praeter</strong></span> <span class='ocrx_word' id='word_1_395' title='bbox 1764 1274 1901 1301; x_wconf 87' lang='lat' dir='ltr'><strong>naturam</strong></span> 
     </span>
    </p>
   </div>
   <div class='ocr_carea' id='block_1_56' title="bbox 1077 1313 1900 1355">
    <p class='ocr_par' dir='ltr' id='par_1_56' title="bbox 1077 1313 1900 1355">
     <span class='ocr_line' id='line_1_56' title="bbox 1077 1313 1900 1355; baseline 0.002 -12"><span class='ocrx_word' id='word_1_396' title='bbox 1077 1313 1241 1343; x_wconf 89' lang='lat' dir='ltr'><strong>secundum</strong></span> <span class='ocrx_word' id='word_1_397' title='bbox 1258 1313 1451 1352; x_wconf 89' lang='lat' dir='ltr'><strong>privationem</strong></span> <span class='ocrx_word' id='word_1_398' title='bbox 1467 1313 1555 1353; x_wconf 90' lang='lat' dir='ltr'><strong>hujus</strong></span> <span class='ocrx_word' id='word_1_399' title='bbox 1569 1313 1669 1355; x_wconf 84' lang='lat' dir='ltr'><strong>gratiae</strong></span> <span class='ocrx_word' id='word_1_400' title='bbox 1692 1314 1900 1354; x_wconf 87' lang='lat' dir='ltr'><strong>constitutum,</strong></span> 
     </span>
    </p>
   </div>
   <div class='ocr_carea' id='block_1_57' title="bbox 1077 1356 1902 1398">
    <p class='ocr_par' dir='ltr' id='par_1_57' title="bbox 1077 1356 1902 1398">
     <span class='ocr_line' id='line_1_57' title="bbox 1077 1356 1902 1398; baseline 0.004 -12"><span class='ocrx_word' id='word_1_401' title='bbox 1077 1361 1107 1386; x_wconf 88' lang='lat' dir='ltr'><strong>et</strong></span> <span class='ocrx_word' id='word_1_402' title='bbox 1117 1356 1296 1387; x_wconf 72' lang='lat' dir='ltr'><strong>ineffabilem</strong></span> <span class='ocrx_word' id='word_1_403' title='bbox 1318 1357 1451 1388; x_wconf 87' lang='lat' dir='ltr'><strong>dolorem</strong></span> <span class='ocrx_word' id='word_1_404' title='bbox 1467 1357 1565 1387; x_wconf 86' lang='lat' dir='ltr'><strong>facere</strong></span> <span class='ocrx_word' id='word_1_405' title='bbox 1583 1357 1669 1394; x_wconf 91' lang='lat' dir='ltr'><strong>solet,</strong></span> <span class='ocrx_word' id='word_1_406' title='bbox 1685 1362 1717 1388; x_wconf 92' lang='lat' dir='ltr'><strong>ut</strong></span> <span class='ocrx_word' id='word_1_407' title='bbox 1733 1362 1761 1388; x_wconf 91' lang='lat' dir='ltr'><strong>et</strong></span> <span class='ocrx_word' id='word_1_408' title='bbox 1777 1367 1902 1398; x_wconf 87' lang='lat' dir='ltr'><strong>magnus</strong></span> 
     </span>
    </p>
   </div>
   <div class='ocr_carea' id='block_1_58' title="bbox 1077 1400 1900 1443">
    <p class='ocr_par' dir='ltr' id='par_1_58' title="bbox 1077 1400 1900 1443">
     <span class='ocr_line' id='line_1_58' title="bbox 1077 1400 1900 1443; baseline 0.004 -12"><span class='ocrx_word' id='word_1_409' title='bbox 1077 1401 1235 1440; x_wconf 82' lang='lat' dir='ltr'><strong>Gregorius</strong></span> <span class='ocrx_word' id='word_1_410' title='bbox 1243 1400 1409 1440; x_wconf 88' lang='lat' dir='ltr'><strong>Theologus</strong></span> <span class='ocrx_word' id='word_1_411' title='bbox 1417 1401 1472 1433; x_wconf 86' lang='lat' dir='ltr'><strong>ait:</strong></span> <span class='ocrx_word' id='word_1_412' title='bbox 1483 1400 1506 1432; x_wconf 96' lang='grc' dir='ltr'><strong>Ο</strong></span> <span class='ocrx_word' id='word_1_413' title='bbox 1517 1401 1660 1438; x_wconf 89' lang='lat' dir='ltr'><strong>Trinitas,</strong></span> <span class='ocrx_word' id='word_1_414' title='bbox 1670 1411 1733 1442; x_wconf 81' lang='lat' dir='ltr'><strong>quae</strong></span> <span class='ocrx_word' id='word_1_415' title='bbox 1739 1403 1900 1443; x_wconf 89' lang='lat' dir='ltr'><strong>aliquando</strong></span> 
     </span>
    </p>
   </div>
   <div class='ocr_carea' id='block_1_59' title="bbox 1078 1445 1902 1486">
    <p class='ocr_par' dir='ltr' id='par_1_59' title="bbox 1078 1445 1902 1486">
     <span class='ocr_line' id='line_1_59' title="bbox 1078 1445 1902 1486; baseline 0.004 -11"><span class='ocrx_word' id='word_1_416' title='bbox 1078 1445 1225 1486; x_wconf 89' lang='lat' dir='ltr'><strong>omnibus,</strong></span> <span class='ocrx_word' id='word_1_417' title='bbox 1235 1445 1301 1477; x_wconf 91' lang='lat' dir='ltr'><strong>aliis</strong></span> <span class='ocrx_word' id='word_1_418' title='bbox 1316 1445 1523 1483; x_wconf 88' lang='lat' dir='ltr'><strong>illustratione,</strong></span> <span class='ocrx_word' id='word_1_419' title='bbox 1539 1446 1604 1476; x_wconf 89' lang='lat' dir='ltr'><strong>aliis</strong></span> <span class='ocrx_word' id='word_1_420' title='bbox 1618 1446 1771 1477; x_wconf 85' lang='lat' dir='ltr'><strong>vocatione</strong></span> <span class='ocrx_word' id='word_1_421' title='bbox 1783 1448 1902 1486; x_wconf 88' lang='lat' dir='ltr'><strong>cognita</strong></span> 
     </span>
    </p>
   </div>
   <div class='ocr_carea' id='block_1_60' title="bbox 1077 1488 1903 1531">
    <p class='ocr_par' dir='ltr' id='par_1_60' title="bbox 1077 1488 1903 1531">
     <span class='ocr_line' id='line_1_60' title="bbox 1077 1488 1903 1531; baseline 0.004 -12"><span class='ocrx_word' id='word_1_422' title='bbox 1077 1488 1168 1519; x_wconf 89' lang='lat' dir='ltr'><strong>fuisti.</strong></span> <span class='ocrx_word' id='word_1_423' title='bbox 1196 1488 1245 1520; x_wconf 88' lang='lat' dir='ltr'><strong>Sic</strong></span> <span class='ocrx_word' id='word_1_424' title='bbox 1260 1490 1348 1528; x_wconf 82' lang='lat' dir='ltr'><strong>igitur</strong></span> <span class='ocrx_word' id='word_1_425' title='bbox 1361 1490 1558 1530; x_wconf 89' lang='lat' dir='ltr'><strong>corporaliter</strong></span> <span class='ocrx_word' id='word_1_426' title='bbox 1573 1490 1604 1520; x_wconf 91' lang='lat' dir='ltr'><strong>in</strong></span> <span class='ocrx_word' id='word_1_427' title='bbox 1621 1490 1782 1531; x_wconf 91' lang='lat' dir='ltr'><strong>Scripturis</strong></span> <span class='ocrx_word' id='word_1_428' title='bbox 1795 1491 1903 1522; x_wconf 87' lang='lat' dir='ltr'><strong>divini-</strong></span> 
     </span>
    </p>
   </div>
   <div class='ocr_carea' id='block_1_61' title="bbox 1079 1533 1903 1575">
    <p class='ocr_par' dir='ltr' id='par_1_61' title="bbox 1079 1533 1903 1575">
     <span class='ocr_line' id='line_1_61' title="bbox 1079 1533 1903 1575; baseline 0.005 -12"><span class='ocrx_word' id='word_1_429' title='bbox 1079 1538 1125 1564; x_wconf 88' lang='lat' dir='ltr'><strong>tus</strong></span> <span class='ocrx_word' id='word_1_430' title='bbox 1140 1533 1291 1574; x_wconf 89' lang='lat' dir='ltr'><strong>inspiratis</strong></span> <span class='ocrx_word' id='word_1_431' title='bbox 1305 1535 1368 1565; x_wconf 74' lang='lat' dir='ltr'><strong>haec</strong></span> <span class='ocrx_word' id='word_1_432' title='bbox 1394 1534 1490 1574; x_wconf 87' lang='lat' dir='ltr'><strong>posita</strong></span> <span class='ocrx_word' id='word_1_433' title='bbox 1517 1535 1634 1572; x_wconf 85' lang='lat' dir='ltr'><strong>inveni,</strong></span> <span class='ocrx_word' id='word_1_434' title='bbox 1665 1540 1695 1567; x_wconf 88' lang='lat' dir='ltr'><strong>et</strong></span> <span class='ocrx_word' id='word_1_435' title='bbox 1707 1536 1903 1575; x_wconf 89' lang='lat' dir='ltr'><strong>spiritualiter</strong></span> 
     </span>
    </p>
   </div>
   <div class='ocr_carea' id='block_1_62' title="bbox 212 1577 1901 1620">
    <p class='ocr_par' dir='ltr' id='par_1_62' title="bbox 212 1577 1901 1620">
     <span class='ocr_line' id='line_1_62' title="bbox 212 1577 1901 1620; baseline 0.001 -10"><span class='ocrx_word' id='word_1_436' title='bbox 212 1587 332 1610; x_wconf 89' lang='lat' dir='ltr'><strong>monem</strong></span> <span class='ocrx_word' id='word_1_437' title='bbox 348 1585 531 1618; x_wconf 86' lang='lat' dir='ltr'><strong>convertam,</strong></span> <span class='ocrx_word' id='word_1_438' title='bbox 548 1587 613 1619; x_wconf 75' lang='lat' dir='ltr'><strong>age,</strong></span> <span class='ocrx_word' id='word_1_439' title='bbox 632 1588 689 1618; x_wconf 89' lang='lat' dir='ltr'><strong>quo</strong></span> <span class='ocrx_word' id='word_1_440' title='bbox 707 1582 790 1618; x_wconf 91' lang='lat' dir='ltr'><strong>pacto</strong></span> <span class='ocrx_word' id='word_1_441' title='bbox 804 1577 889 1616; x_wconf 91' lang='lat' dir='ltr'><strong>dicis,</strong></span> <span class='ocrx_word' id='word_1_442' title='bbox 902 1578 965 1608; x_wconf 60' lang='lat' dir='ltr'><strong>haec</strong></span> <span class='ocrx_word' id='word_1_443' title='bbox 976 1587 1068 1616; x_wconf 79' lang='lat' dir='ltr'><strong>om-c</strong></span> <span class='ocrx_word' id='word_1_444' title='bbox 1081 1577 1202 1609; x_wconf 84' lang='lat' dir='ltr'><strong>edoctus</strong></span> <span class='ocrx_word' id='word_1_445' title='bbox 1217 1588 1282 1609; x_wconf 91' lang='lat' dir='ltr'><strong>sum</strong></span> <span class='ocrx_word' id='word_1_446' title='bbox 1296 1588 1314 1610; x_wconf 88' lang='lat' dir='ltr'><strong>a</strong></span> <span class='ocrx_word' id='word_1_447' title='bbox 1330 1578 1452 1620; x_wconf 89' lang='lat' dir='ltr'><strong>Spiritu,</strong></span> <span class='ocrx_word' id='word_1_448' title='bbox 1470 1583 1499 1610; x_wconf 91' lang='lat' dir='ltr'><strong>et</strong></span> <span class='ocrx_word' id='word_1_449' title='bbox 1514 1579 1551 1610; x_wconf 90' lang='lat' dir='ltr'><strong>ad</strong></span> <span class='ocrx_word' id='word_1_450' title='bbox 1577 1589 1629 1610; x_wconf 90' lang='lat' dir='ltr'><strong>vos</strong></span> <span class='ocrx_word' id='word_1_451' title='bbox 1646 1579 1733 1620; x_wconf 90' lang='lat' dir='ltr'><strong>plene</strong></span> <span class='ocrx_word' id='word_1_452' title='bbox 1747 1580 1901 1612; x_wconf 89' lang='lat' dir='ltr'><strong>instruen-</strong></span> 
     </span>
    </p>
   </div>
   <div class='ocr_carea' id='block_1_63' title="bbox 212 1621 1040 1663">
    <p class='ocr_par' dir='ltr' id='par_1_63' title="bbox 212 1621 1040 1663">
     <span class='ocr_line' id='line_1_63' title="bbox 212 1621 1040 1663; baseline -0.001 -10"><span class='ocrx_word' id='word_1_453' title='bbox 212 1623 262 1654; x_wconf 91' lang='lat' dir='ltr'><strong>nia</strong></span> <span class='ocrx_word' id='word_1_454' title='bbox 276 1623 357 1663; x_wconf 81' lang='lat' dir='ltr'><strong>novi,</strong></span> <span class='ocrx_word' id='word_1_455' title='bbox 376 1627 406 1653; x_wconf 90' lang='lat' dir='ltr'><strong>et</strong></span> <span class='ocrx_word' id='word_1_456' title='bbox 423 1632 470 1653; x_wconf 90' lang='lat' dir='ltr'><strong>me</strong></span> <span class='ocrx_word' id='word_1_457' title='bbox 496 1623 661 1659; x_wconf 88' lang='lat' dir='ltr'><strong>mortalem,</strong></span> <span class='ocrx_word' id='word_1_458' title='bbox 690 1626 719 1652; x_wconf 89' lang='lat' dir='ltr'><strong>et</strong></span> <span class='ocrx_word' id='word_1_459' title='bbox 743 1621 878 1652; x_wconf 89' lang='lat' dir='ltr'><strong>umbram</strong></span> <span class='ocrx_word' id='word_1_460' title='bbox 895 1630 960 1652; x_wconf 90' lang='lat' dir='ltr'><strong>esse</strong></span> <span class='ocrx_word' id='word_1_461' title='bbox 974 1631 1040 1662; x_wconf 62' lang='lat' dir='ltr'><strong>qua</strong></span> 
     </span>
    </p>
   </div>
   <div class='ocr_carea' id='block_1_64' title="bbox 211 1666 1038 1707">
    <p class='ocr_par' dir='ltr' id='par_1_64' title="bbox 211 1666 1038 1707">
     <span class='ocr_line' id='line_1_64' title="bbox 211 1666 1038 1707; baseline -0.001 -10"><span class='ocrx_word' id='word_1_462' title='bbox 211 1667 362 1704; x_wconf 88' lang='lat' dir='ltr'><strong>videntur,</strong></span> <span class='ocrx_word' id='word_1_463' title='bbox 378 1671 407 1698; x_wconf 88' lang='lat' dir='ltr'><strong>et</strong></span> <span class='ocrx_word' id='word_1_464' title='bbox 425 1671 550 1698; x_wconf 91' lang='lat' dir='ltr'><strong>mortem</strong></span> <span class='ocrx_word' id='word_1_465' title='bbox 566 1666 769 1707; x_wconf 88' lang='lat' dir='ltr'><strong>improvisam,</strong></span> <span class='ocrx_word' id='word_1_466' title='bbox 791 1670 821 1697; x_wconf 91' lang='lat' dir='ltr'><strong>et</strong></span> <span class='ocrx_word' id='word_1_467' title='bbox 835 1666 958 1705; x_wconf 83' lang='lat' dir='ltr'><strong>gloriam</strong></span> <span class='ocrx_word' id='word_1_468' title='bbox 971 1667 1038 1706; x_wconf 83' lang='lat' dir='ltr'><strong>jus-</strong></span> 
     </span>
    </p>
   </div>
   <div class='ocr_carea' id='block_1_65' title="bbox 213 1712 1040 1752">
    <p class='ocr_par' dir='ltr' id='par_1_65' title="bbox 213 1712 1040 1752">
     <span class='ocr_line' id='line_1_65' title="bbox 213 1712 1040 1752; baseline 0 -10"><span class='ocrx_word' id='word_1_469' title='bbox 213 1716 311 1743; x_wconf 91' lang='lat' dir='ltr'><strong>torum</strong></span> <span class='ocrx_word' id='word_1_470' title='bbox 321 1716 474 1752; x_wconf 74' lang='lat' dir='ltr'><strong>aeternam,</strong></span> <span class='ocrx_word' id='word_1_471' title='bbox 488 1712 728 1743; x_wconf 86' lang='lat' dir='ltr'><strong>etconfusionem</strong></span> <span class='ocrx_word' id='word_1_472' title='bbox 741 1715 928 1752; x_wconf 83' lang='lat' dir='ltr'><strong>peccatorum</strong></span> <span class='ocrx_word' id='word_1_473' title='bbox 937 1721 1040 1742; x_wconf 88' lang='lat' dir='ltr'><strong>carere</strong></span> 
     </span>
    </p>
   </div>
   <div class='ocr_carea' id='block_1_66' title="bbox 211 1755 1038 1795">
    <p class='ocr_par' dir='ltr' id='par_1_66' title="bbox 211 1755 1038 1795">
     <span class='ocr_line' id='line_1_66' title="bbox 211 1755 1038 1795; baseline -0.001 -9"><span class='ocrx_word' id='word_1_474' title='bbox 211 1756 282 1793; x_wconf 89' lang='lat' dir='ltr'><strong>ﬁne,</strong></span> <span class='ocrx_word' id='word_1_475' title='bbox 300 1760 329 1787; x_wconf 92' lang='lat' dir='ltr'><strong>et</strong></span> <span class='ocrx_word' id='word_1_476' title='bbox 343 1756 462 1786; x_wconf 90' lang='lat' dir='ltr'><strong>interim</strong></span> <span class='ocrx_word' id='word_1_477' title='bbox 490 1756 525 1786; x_wconf 90' lang='lat' dir='ltr'><strong>ab</strong></span> <span class='ocrx_word' id='word_1_478' title='bbox 554 1755 744 1795; x_wconf 88' lang='lat' dir='ltr'><strong>improbitate</strong></span> <span class='ocrx_word' id='word_1_479' title='bbox 772 1765 830 1786; x_wconf 87' lang='lat' dir='ltr'><strong>non</strong></span> <span class='ocrx_word' id='word_1_480' title='bbox 846 1755 965 1786; x_wconf 83' lang='lat' dir='ltr'><strong>desistis</strong></span> <span class='ocrx_word' id='word_1_481' title='bbox 980 1756 992 1785; x_wconf 67' lang='grc' dir='ltr'>Υ</span> <span class='ocrx_word' id='word_1_482' title='bbox 1007 1755 1038 1786; x_wconf 83' lang='lat' dir='ltr'><strong>Si</strong></span> 
     </span>
    </p>
   </div>
   <div class='ocr_carea' id='block_1_67' title="bbox 213 1800 1036 1840">
    <p class='ocr_par' dir='ltr' id='par_1_67' title="bbox 213 1800 1036 1840">
     <span class='ocr_line' id='line_1_67' title="bbox 213 1800 1036 1840; baseline -0.001 -10"><span class='ocrx_word' id='word_1_483' title='bbox 213 1800 296 1830; x_wconf 88' lang='lat' dir='ltr'><strong>enim</strong></span> <span class='ocrx_word' id='word_1_484' title='bbox 314 1800 407 1839; x_wconf 84' lang='lat' dir='ltr'><strong>vides,</strong></span> <span class='ocrx_word' id='word_1_485' title='bbox 423 1801 572 1840; x_wconf 91' lang='lat' dir='ltr'><strong>quomodo</strong></span> <span class='ocrx_word' id='word_1_486' title='bbox 603 1804 741 1839; x_wconf 82' lang='lat' dir='ltr'><strong>tanquam</strong></span> <span class='ocrx_word' id='word_1_487' title='bbox 759 1809 854 1830; x_wconf 71' lang='lat' dir='ltr'><strong>caecus</strong></span> <span class='ocrx_word' id='word_1_488' title='bbox 872 1800 1036 1837; x_wconf 71' lang='lat' dir='ltr'><strong>offendens,</strong></span> 
     </span>
    </p>
   </div>
   <div class='ocr_carea' id='block_1_68' title="bbox 211 1843 1036 1884">
    <p class='ocr_par' dir='ltr' id='par_1_68' title="bbox 211 1843 1036 1884">
     <span class='ocr_line' id='line_1_68' title="bbox 211 1843 1036 1884; baseline 0 -10"><span class='ocrx_word' id='word_1_489' title='bbox 211 1847 304 1875; x_wconf 89' lang='lat' dir='ltr'><strong>totum</strong></span> <span class='ocrx_word' id='word_1_490' title='bbox 318 1853 436 1884; x_wconf 86' lang='lat' dir='ltr'><strong>corpus,</strong></span> <span class='ocrx_word' id='word_1_491' title='bbox 450 1848 600 1884; x_wconf 86' lang='lat' dir='ltr'><strong>totamque</strong></span> <span class='ocrx_word' id='word_1_492' title='bbox 611 1846 738 1874; x_wconf 90' lang='lat' dir='ltr'><strong>animam</strong></span> <span class='ocrx_word' id='word_1_493' title='bbox 751 1843 922 1883; x_wconf 89' lang='lat' dir='ltr'><strong>denigratus</strong></span> <span class='ocrx_word' id='word_1_494' title='bbox 933 1846 983 1874; x_wconf 79' lang='lat' dir='ltr'><strong>es&quot;!</strong></span> <span class='ocrx_word' id='word_1_495' title='bbox 1006 1844 1036 1874; x_wconf 79' lang='lat' dir='ltr'><strong>Si</strong></span> 
     </span>
    </p>
   </div>
   <div class='ocr_carea' id='block_1_69' title="bbox 211 1888 1036 1928">
    <p class='ocr_par' dir='ltr' id='par_1_69' title="bbox 211 1888 1036 1928">
     <span class='ocr_line' id='line_1_69' title="bbox 211 1888 1036 1928; baseline -0.001 -9"><span class='ocrx_word' id='word_1_496' title='bbox 211 1888 288 1919; x_wconf 89' lang='lat' dir='ltr'><strong>nosti</strong></span> <span class='ocrx_word' id='word_1_497' title='bbox 301 1888 434 1925; x_wconf 90' lang='lat' dir='ltr'><strong>meliora,</strong></span> <span class='ocrx_word' id='word_1_498' title='bbox 447 1889 594 1928; x_wconf 90' lang='lat' dir='ltr'><strong>quomodo</strong></span> <span class='ocrx_word' id='word_1_499' title='bbox 606 1888 690 1928; x_wconf 83' lang='lat' dir='ltr'><strong>quasi</strong></span> <span class='ocrx_word' id='word_1_500' title='bbox 699 1897 804 1927; x_wconf 86' lang='lat' dir='ltr'><strong>expers</strong></span> <span class='ocrx_word' id='word_1_501' title='bbox 813 1897 929 1923; x_wconf 85' lang='lat' dir='ltr'><strong>sensus,</strong></span> <span class='ocrx_word' id='word_1_502' title='bbox 948 1889 1036 1919; x_wconf 91' lang='lat' dir='ltr'><strong>dete-</strong></span> 
     </span>
    </p>
   </div>
   <div class='ocr_carea' id='block_1_70' title="bbox 211 1931 1034 1972">
    <p class='ocr_par' dir='ltr' id='par_1_70' title="bbox 211 1931 1034 1972">
     <span class='ocr_line' id='line_1_70' title="bbox 211 1931 1034 1972; baseline 0 -10"><span class='ocrx_word' id='word_1_503' title='bbox 211 1932 292 1962; x_wconf 88' lang='lat' dir='ltr'><strong>riora</strong></span> <span class='ocrx_word' id='word_1_504' title='bbox 306 1933 441 1972; x_wconf 89' lang='lat' dir='ltr'><strong>sequeris</strong></span> <span class='ocrx_word' id='word_1_505' title='bbox 455 1932 471 1962; x_wconf 84' lang='lat'><strong>‘?</strong></span> <span class='ocrx_word' id='word_1_506' title='bbox 500 1932 529 1963; x_wconf 93' lang='lat' dir='ltr'><strong>Si</strong></span> <span class='ocrx_word' id='word_1_507' title='bbox 543 1932 621 1962; x_wconf 88' lang='lat' dir='ltr'><strong>nosti</strong></span> <span class='ocrx_word' id='word_1_508' title='bbox 636 1931 736 1963; x_wconf 86' lang='lat' dir='ltr'><strong>omnia</strong></span> <span class='ocrx_word' id='word_1_509' title='bbox 761 1941 827 1962; x_wconf 88' lang='lat' dir='ltr'><strong>esse</strong></span> <span class='ocrx_word' id='word_1_510' title='bbox 843 1932 989 1970; x_wconf 87' lang='lat' dir='ltr'><strong>umbram,</strong></span> <span class='ocrx_word' id='word_1_511' title='bbox 1005 1936 1034 1963; x_wconf 91' lang='lat' dir='ltr'><strong>et</strong></span> 
     </span>
    </p>
   </div>
   <div class='ocr_carea' id='block_1_71' title="bbox 211 1976 1033 2016">
    <p class='ocr_par' dir='ltr' id='par_1_71' title="bbox 211 1976 1033 2016">
     <span class='ocr_line' id='line_1_71' title="bbox 211 1976 1033 2016; baseline 0.001 -10"><span class='ocrx_word' id='word_1_512' title='bbox 211 1976 313 2006; x_wconf 89' lang='lat' dir='ltr'><strong>omnia</strong></span> <span class='ocrx_word' id='word_1_513' title='bbox 342 1976 495 2016; x_wconf 70' lang='lat' dir='ltr'><strong>praeterire</strong></span> <span class='ocrx_word' id='word_1_514' title='bbox 526 1985 592 2016; x_wconf 69' lang='lat' dir='ltr'><strong>quae</strong></span> <span class='ocrx_word' id='word_1_515' title='bbox 614 1976 763 2011; x_wconf 89' lang='lat' dir='ltr'><strong>videntur,</strong></span> <span class='ocrx_word' id='word_1_516' title='bbox 793 1985 851 2006; x_wconf 93' lang='lat' dir='ltr'><strong>non</strong></span> <span class='ocrx_word' id='word_1_517' title='bbox 881 1976 1033 2007; x_wconf 88' lang='lat' dir='ltr'><strong>erubescis</strong></span> 
     </span>
    </p>
   </div>
   <div class='ocr_carea' id='block_1_72' title="bbox 211 2019 1031 2059">
    <p class='ocr_par' dir='ltr' id='par_1_72' title="bbox 211 2019 1031 2059">
     <span class='ocr_line' id='line_1_72' title="bbox 211 2019 1031 2059; baseline 0 -9"><span class='ocrx_word' id='word_1_518' title='bbox 211 2028 278 2050; x_wconf 88' lang='lat' dir='ltr'><strong>cum</strong></span> <span class='ocrx_word' id='word_1_519' title='bbox 293 2020 399 2051; x_wconf 88' lang='lat' dir='ltr'><strong>umbra</strong></span> <span class='ocrx_word' id='word_1_520' title='bbox 424 2019 588 2057; x_wconf 86' lang='lat' dir='ltr'><strong>colludere,</strong></span> <span class='ocrx_word' id='word_1_521' title='bbox 619 2025 647 2050; x_wconf 89' lang='lat' dir='ltr'><strong>et</strong></span> <span class='ocrx_word' id='word_1_522' title='bbox 675 2019 795 2051; x_wconf 86' lang='lat' dir='ltr'><strong>ﬂuentia</strong></span> <span class='ocrx_word' id='word_1_523' title='bbox 823 2029 875 2059; x_wconf 89' lang='lat' dir='ltr'><strong>pro</strong></span> <span class='ocrx_word' id='word_1_524' title='bbox 891 2021 1031 2051; x_wconf 89' lang='lat' dir='ltr'><strong>thesauro</strong></span> 
     </span>
    </p>
   </div>
   <div class='ocr_carea' id='block_1_73' title="bbox 211 2064 1032 2105">
    <p class='ocr_par' dir='ltr' id='par_1_73' title="bbox 211 2064 1032 2105">
     <span class='ocr_line' id='line_1_73' title="bbox 211 2064 1032 2105; baseline 0.001 -11"><span class='ocrx_word' id='word_1_525' title='bbox 211 2064 381 2103; x_wconf 81' lang='lat' dir='ltr'><strong>colligere?</strong></span> <span class='ocrx_word' id='word_1_526' title='bbox 408 2074 467 2095; x_wconf 92' lang='lat' dir='ltr'><strong>non</strong></span> <span class='ocrx_word' id='word_1_527' title='bbox 497 2065 624 2095; x_wconf 91' lang='lat' dir='ltr'><strong>advertis</strong></span> <span class='ocrx_word' id='word_1_528' title='bbox 655 2069 694 2101; x_wconf 87' lang='lat' dir='ltr'><strong>te,</strong></span> <span class='ocrx_word' id='word_1_529' title='bbox 721 2069 752 2095; x_wconf 95' lang='lat' dir='ltr'><strong>ut</strong></span> <span class='ocrx_word' id='word_1_530' title='bbox 770 2073 908 2105; x_wconf 87' lang='lat' dir='ltr'><strong>puerum,</strong></span> <span class='ocrx_word' id='word_1_531' title='bbox 927 2065 957 2095; x_wconf 91' lang='lat' dir='ltr'><strong>in</strong></span> <span class='ocrx_word' id='word_1_532' title='bbox 983 2074 1032 2095; x_wconf 87' lang='lat' dir='ltr'><strong>vas</strong></span> 
     </span>
    </p>
   </div>
   <div class='ocr_carea' id='block_1_74' title="bbox 212 2108 1031 2149">
    <p class='ocr_par' dir='ltr' id='par_1_74' title="bbox 212 2108 1031 2149">
     <span class='ocr_line' id='line_1_74' title="bbox 212 2108 1031 2149; baseline 0.001 -11"><span class='ocrx_word' id='word_1_533' title='bbox 212 2108 394 2139; x_wconf 88' lang='lat' dir='ltr'><strong>confractum</strong></span> <span class='ocrx_word' id='word_1_534' title='bbox 405 2109 526 2140; x_wconf 88' lang='lat' dir='ltr'><strong>haurire</strong></span> <span class='ocrx_word' id='word_1_535' title='bbox 539 2110 545 2139; x_wconf 75' lang='grc' dir='ltr'>ἔ</span> <span class='ocrx_word' id='word_1_536' title='bbox 565 2113 594 2139; x_wconf 88' lang='lat' dir='ltr'><strong>et</strong></span> <span class='ocrx_word' id='word_1_537' title='bbox 605 2113 632 2139; x_wconf 88' lang='lat' dir='ltr'><strong>te</strong></span> <span class='ocrx_word' id='word_1_538' title='bbox 645 2113 730 2149; x_wconf 88' lang='lat' dir='ltr'><strong>putas</strong></span> <span class='ocrx_word' id='word_1_539' title='bbox 741 2109 795 2139; x_wconf 92' lang='lat' dir='ltr'><strong>tibi</strong></span> <span class='ocrx_word' id='word_1_540' title='bbox 808 2109 1031 2139; x_wconf 88' lang='lat' dir='ltr'><strong>amicissimum.</strong></span> 
     </span>
    </p>
   </div>
   <div class='ocr_carea' id='block_1_75' title="bbox 211 2151 1035 2192">
    <p class='ocr_par' dir='ltr' id='par_1_75' title="bbox 211 2151 1035 2192">
     <span class='ocr_line' id='line_1_75' title="bbox 211 2151 1035 2192; baseline 0.002 -10"><span class='ocrx_word' id='word_1_541' title='bbox 211 2151 430 2184; x_wconf 91' lang='lat' dir='ltr'><strong>Perabsurdum</strong></span> <span class='ocrx_word' id='word_1_542' title='bbox 446 2163 517 2184; x_wconf 92' lang='lat' dir='ltr'><strong>sane</strong></span> <span class='ocrx_word' id='word_1_543' title='bbox 532 2158 562 2184; x_wconf 86' lang='lat' dir='ltr'><strong>et</strong></span> <span class='ocrx_word' id='word_1_544' title='bbox 588 2161 678 2192; x_wconf 78' lang='lat' dir='ltr'><strong>grave</strong></span> <span class='ocrx_word' id='word_1_545' title='bbox 707 2157 762 2190; x_wconf 89' lang='lat' dir='ltr'><strong>est,</strong></span> <span class='ocrx_word' id='word_1_546' title='bbox 795 2158 909 2192; x_wconf 87' lang='lat' dir='ltr'><strong>putare,</strong></span> <span class='ocrx_word' id='word_1_547' title='bbox 927 2158 955 2184; x_wconf 88' lang='lat' dir='ltr'><strong>et</strong></span> <span class='ocrx_word' id='word_1_548' title='bbox 970 2154 1035 2184; x_wconf 89' lang='lat' dir='ltr'><strong>exi-</strong></span> 
     </span>
    </p>
   </div>
   <div class='ocr_carea' id='block_1_76' title="bbox 1081 1622 1901 1666">
    <p class='ocr_par' dir='ltr' id='par_1_76' title="bbox 1081 1622 1901 1666">
     <span class='ocr_line' id='line_1_76' title="bbox 1081 1622 1901 1666; baseline 0.004 -13"><span class='ocrx_word' id='word_1_549' title='bbox 1081 1622 1134 1653; x_wconf 90' lang='lat' dir='ltr'><strong>dos</strong></span> <span class='ocrx_word' id='word_1_550' title='bbox 1148 1631 1183 1654; x_wconf 86' lang='lat' dir='ltr'><strong>ex</strong></span> <span class='ocrx_word' id='word_1_551' title='bbox 1199 1624 1291 1654; x_wconf 89' lang='lat' dir='ltr'><strong>multa</strong></span> <span class='ocrx_word' id='word_1_552' title='bbox 1312 1623 1466 1660; x_wconf 83' lang='lat' dir='ltr'><strong>charitate,</strong></span> <span class='ocrx_word' id='word_1_553' title='bbox 1494 1623 1567 1654; x_wconf 87' lang='lat' dir='ltr'><strong>nihil</strong></span> <span class='ocrx_word' id='word_1_554' title='bbox 1599 1623 1777 1656; x_wconf 87' lang='lat' dir='ltr'><strong>subtrahens</strong></span> <span class='ocrx_word' id='word_1_555' title='bbox 1792 1625 1901 1666; x_wconf 89' lang='lat' dir='ltr'><strong>scripsi</strong></span> 
     </span>
    </p>
   </div>
   <div class='ocr_carea' id='block_1_77' title="bbox 1081 1667 1900 1708">
    <p class='ocr_par' dir='ltr' id='par_1_77' title="bbox 1081 1667 1900 1708">
     <span class='ocr_line' id='line_1_77' title="bbox 1081 1667 1900 1708; baseline 0.004 -11"><span class='ocrx_word' id='word_1_556' title='bbox 1081 1667 1158 1698; x_wconf 87' lang='lat' dir='ltr'><strong>dicta</strong></span> <span class='ocrx_word' id='word_1_557' title='bbox 1174 1668 1259 1705; x_wconf 90' lang='lat' dir='ltr'><strong>mihi,</strong></span> <span class='ocrx_word' id='word_1_558' title='bbox 1270 1672 1299 1699; x_wconf 90' lang='lat' dir='ltr'><strong>et</strong></span> <span class='ocrx_word' id='word_1_559' title='bbox 1309 1668 1470 1708; x_wconf 82' lang='lat' dir='ltr'><strong>declarata,</strong></span> <span class='ocrx_word' id='word_1_560' title='bbox 1487 1672 1515 1699; x_wconf 89' lang='lat' dir='ltr'><strong>et</strong></span> <span class='ocrx_word' id='word_1_561' title='bbox 1527 1669 1611 1708; x_wconf 88' lang='lat' dir='ltr'><strong>jussa</strong></span> <span class='ocrx_word' id='word_1_562' title='bbox 1626 1678 1643 1699; x_wconf 90' lang='lat' dir='ltr'><strong>a</strong></span> <span class='ocrx_word' id='word_1_563' title='bbox 1659 1669 1786 1700; x_wconf 91' lang='lat' dir='ltr'><strong>Domino</strong></span> <span class='ocrx_word' id='word_1_564' title='bbox 1797 1675 1900 1700; x_wconf 84' lang='lat' dir='ltr'><strong>nostro</strong></span> 
     </span>
    </p>
   </div>
   <div class='ocr_carea' id='block_1_78' title="bbox 1079 1711 1901 1754">
    <p class='ocr_par' dir='ltr' id='par_1_78' title="bbox 1079 1711 1901 1754">
     <span class='ocr_line' id='line_1_78' title="bbox 1079 1711 1901 1754; baseline 0.004 -12"><span class='ocrx_word' id='word_1_565' title='bbox 1079 1711 1150 1742; x_wconf 91' lang='lat' dir='ltr'><strong>Jesu</strong></span> <span class='ocrx_word' id='word_1_566' title='bbox 1165 1713 1293 1751; x_wconf 89' lang='lat' dir='ltr'><strong>Christo,</strong></span> <span class='ocrx_word' id='word_1_567' title='bbox 1320 1722 1374 1753; x_wconf 92' lang='lat' dir='ltr'><strong>per</strong></span> <span class='ocrx_word' id='word_1_568' title='bbox 1402 1713 1588 1744; x_wconf 89' lang='lat' dir='ltr'><strong>adorandum</strong></span> <span class='ocrx_word' id='word_1_569' title='bbox 1619 1717 1648 1744; x_wconf 90' lang='lat' dir='ltr'><strong>et</strong></span> <span class='ocrx_word' id='word_1_570' title='bbox 1676 1718 1810 1745; x_wconf 88' lang='lat' dir='ltr'><strong>sanctum</strong></span> <span class='ocrx_word' id='word_1_571' title='bbox 1835 1715 1901 1754; x_wconf 87' lang='lat' dir='ltr'><strong>ejus</strong></span> 
     </span>
    </p>
   </div>
   <div class='ocr_carea' id='block_1_79' title="bbox 1080 1756 1901 1797">
    <p class='ocr_par' dir='ltr' id='par_1_79' title="bbox 1080 1756 1901 1797">
     <span class='ocr_line' id='line_1_79' title="bbox 1080 1756 1901 1797; baseline 0.002 -10"><span class='ocrx_word' id='word_1_572' title='bbox 1080 1756 1234 1797; x_wconf 88' lang='lat' dir='ltr'><strong>Spiritum,</strong></span> <span class='ocrx_word' id='word_1_573' title='bbox 1251 1758 1287 1788; x_wconf 88' lang='lat' dir='ltr'><strong>de</strong></span> <span class='ocrx_word' id='word_1_574' title='bbox 1303 1757 1480 1788; x_wconf 91' lang='lat' dir='ltr'><strong>sublimibus</strong></span> <span class='ocrx_word' id='word_1_575' title='bbox 1508 1757 1608 1794; x_wconf 91' lang='lat' dir='ltr'><strong>donis,</strong></span> <span class='ocrx_word' id='word_1_576' title='bbox 1624 1764 1653 1788; x_wconf 89' lang='lat' dir='ltr'><strong>et</strong></span> <span class='ocrx_word' id='word_1_577' title='bbox 1668 1757 1901 1790; x_wconf 87' lang='lat' dir='ltr'><strong>charismatibus</strong></span> 
     </span>
    </p>
   </div>
   <div class='ocr_carea' id='block_1_80' title="bbox 1080 1800 1898 1843">
    <p class='ocr_par' dir='ltr' id='par_1_80' title="bbox 1080 1800 1898 1843">
     <span class='ocr_line' id='line_1_80' title="bbox 1080 1800 1898 1843; baseline 0.005 -13"><span class='ocrx_word' id='word_1_578' title='bbox 1080 1800 1165 1831; x_wconf 88' lang='lat' dir='ltr'><strong>simul</strong></span> <span class='ocrx_word' id='word_1_579' title='bbox 1201 1801 1338 1842; x_wconf 85' lang='lat' dir='ltr'><strong>principii</strong></span> <span class='ocrx_word' id='word_1_580' title='bbox 1366 1802 1495 1842; x_wconf 87' lang='lat' dir='ltr'><strong>expertis</strong></span> <span class='ocrx_word' id='word_1_581' title='bbox 1534 1802 1599 1839; x_wconf 89' lang='lat' dir='ltr'><strong>Dei,</strong></span> <span class='ocrx_word' id='word_1_582' title='bbox 1634 1805 1664 1834; x_wconf 86' lang='lat' dir='ltr'><strong>et</strong></span> <span class='ocrx_word' id='word_1_583' title='bbox 1692 1803 1784 1842; x_wconf 85' lang='lat' dir='ltr'><strong>patris</strong></span> <span class='ocrx_word' id='word_1_584' title='bbox 1821 1804 1898 1843; x_wconf 86' lang='lat' dir='ltr'><strong>ejus.</strong></span> 
     </span>
    </p>
   </div>
   <div class='ocr_carea' id='block_1_81' title="bbox 1079 1843 1898 1887">
    <p class='ocr_par' dir='ltr' id='par_1_81' title="bbox 1079 1843 1898 1887">
     <span class='ocr_line' id='line_1_81' title="bbox 1079 1843 1898 1887; baseline 0.004 -12"><span class='ocrx_word' id='word_1_585' title='bbox 1079 1843 1209 1880; x_wconf 89' lang='lat' dir='ltr'><strong>Quorum</strong></span> <span class='ocrx_word' id='word_1_586' title='bbox 1221 1851 1253 1876; x_wconf 90' lang='lat' dir='ltr'><strong>ut</strong></span> <span class='ocrx_word' id='word_1_587' title='bbox 1263 1845 1321 1876; x_wconf 88' lang='lat' dir='ltr'><strong>sint</strong></span> <span class='ocrx_word' id='word_1_588' title='bbox 1330 1846 1500 1885; x_wconf 86' lang='lat' dir='ltr'><strong>participes,</strong></span> <span class='ocrx_word' id='word_1_589' title='bbox 1508 1846 1631 1886; x_wconf 90' lang='lat' dir='ltr'><strong>quieum</strong></span> <span class='ocrx_word' id='word_1_590' title='bbox 1641 1846 1741 1878; x_wconf 88' lang='lat' dir='ltr'><strong>labore</strong></span> <span class='ocrx_word' id='word_1_591' title='bbox 1748 1853 1898 1887; x_wconf 76' lang='lat' dir='ltr'><strong>quaerunt,</strong></span> 
     </span>
    </p>
   </div>
   <div class='ocr_carea' id='block_1_82' title="bbox 1077 1888 1901 1931">
    <p class='ocr_par' dir='ltr' id='par_1_82' title="bbox 1077 1888 1901 1931">
     <span class='ocr_line' id='line_1_82' title="bbox 1077 1888 1901 1931; baseline 0.005 -12"><span class='ocrx_word' id='word_1_592' title='bbox 1077 1888 1113 1919; x_wconf 88' lang='lat' dir='ltr'><strong>iis</strong></span> <span class='ocrx_word' id='word_1_593' title='bbox 1127 1898 1245 1930; x_wconf 89' lang='lat' dir='ltr'><strong>semper</strong></span> <span class='ocrx_word' id='word_1_594' title='bbox 1271 1890 1419 1920; x_wconf 88' lang='lat' dir='ltr'><strong>concediit</strong></span> <span class='ocrx_word' id='word_1_595' title='bbox 1440 1899 1492 1930; x_wconf 88' lang='lat' dir='ltr'><strong>per</strong></span> <span class='ocrx_word' id='word_1_596' title='bbox 1506 1890 1608 1927; x_wconf 88' lang='lat' dir='ltr'><strong>fidem,</strong></span> <span class='ocrx_word' id='word_1_597' title='bbox 1624 1891 1689 1931; x_wconf 92' lang='lat' dir='ltr'><strong>ipse</strong></span> <span class='ocrx_word' id='word_1_598' title='bbox 1704 1891 1792 1922; x_wconf 89' lang='lat' dir='ltr'><strong>etiam</strong></span> <span class='ocrx_word' id='word_1_599' title='bbox 1819 1902 1901 1924; x_wconf 84' lang='lat' dir='ltr'><strong>nunc</strong></span> 
     </span>
    </p>
   </div>
   <div class='ocr_carea' id='block_1_83' title="bbox 1075 1932 1897 1974">
    <p class='ocr_par' dir='ltr' id='par_1_83' title="bbox 1075 1932 1897 1974">
     <span class='ocr_line' id='line_1_83' title="bbox 1075 1932 1897 1974; baseline 0.005 -11"><span class='ocrx_word' id='word_1_600' title='bbox 1075 1932 1181 1973; x_wconf 90' lang='lat' dir='ltr'><strong>bonus,</strong></span> <span class='ocrx_word' id='word_1_601' title='bbox 1198 1938 1227 1964; x_wconf 92' lang='lat' dir='ltr'><strong>et</strong></span> <span class='ocrx_word' id='word_1_602' title='bbox 1241 1933 1412 1965; x_wconf 82' lang='lat' dir='ltr'><strong>benefactor</strong></span> <span class='ocrx_word' id='word_1_603' title='bbox 1440 1939 1541 1965; x_wconf 91' lang='lat' dir='ltr'><strong>noster</strong></span> <span class='ocrx_word' id='word_1_604' title='bbox 1564 1935 1654 1966; x_wconf 89' lang='lat' dir='ltr'><strong>Deus.</strong></span> <span class='ocrx_word' id='word_1_605' title='bbox 1670 1935 1760 1974; x_wconf 88' lang='lat' dir='ltr'><strong>Ecce,</strong></span> <span class='ocrx_word' id='word_1_606' title='bbox 1777 1945 1897 1968; x_wconf 86' lang='lat' dir='ltr'><strong>annun-</strong></span> 
     </span>
    </p>
   </div>
   <div class='ocr_carea' id='block_1_84' title="bbox 1075 1978 1896 2019">
    <p class='ocr_par' dir='ltr' id='par_1_84' title="bbox 1075 1978 1896 2019">
     <span class='ocr_line' id='line_1_84' title="bbox 1075 1978 1896 2019; baseline 0.006 -12"><span class='ocrx_word' id='word_1_607' title='bbox 1075 1978 1141 2008; x_wconf 88' lang='lat' dir='ltr'><strong>tiavi</strong></span> <span class='ocrx_word' id='word_1_608' title='bbox 1164 1978 1250 2009; x_wconf 90' lang='lat' dir='ltr'><strong>vobis</strong></span> <span class='ocrx_word' id='word_1_609' title='bbox 1278 1979 1391 2019; x_wconf 83' lang='lat' dir='ltr'><strong>omnia,</strong></span> <span class='ocrx_word' id='word_1_610' title='bbox 1423 1982 1453 2009; x_wconf 88' lang='lat' dir='ltr'><strong>et</strong></span> <span class='ocrx_word' id='word_1_611' title='bbox 1482 1979 1621 2010; x_wconf 86' lang='lat' dir='ltr'><strong>talentum</strong></span> <span class='ocrx_word' id='word_1_612' title='bbox 1650 1989 1709 2010; x_wconf 91' lang='lat' dir='ltr'><strong>non</strong></span> <span class='ocrx_word' id='word_1_613' title='bbox 1738 1980 1896 2019; x_wconf 85' lang='lat' dir='ltr'><strong>abscondi,</strong></span> 
     </span>
    </p>
   </div>
   <div class='ocr_carea' id='block_1_85' title="bbox 1074 2020 1898 2065">
    <p class='ocr_par' dir='ltr' id='par_1_85' title="bbox 1074 2020 1898 2065">
     <span class='ocr_line' id='line_1_85' title="bbox 1074 2020 1898 2065; baseline 0.005 -13"><span class='ocrx_word' id='word_1_614' title='bbox 1074 2020 1282 2062; x_wconf 87' lang='lat' dir='ltr'><strong>Unusquisque</strong></span> <span class='ocrx_word' id='word_1_615' title='bbox 1296 2022 1386 2062; x_wconf 88' lang='lat' dir='ltr'><strong>igitur</strong></span> <span class='ocrx_word' id='word_1_616' title='bbox 1400 2027 1530 2054; x_wconf 89' lang='lat' dir='ltr'><strong>vestrum</strong></span> <span class='ocrx_word' id='word_1_617' title='bbox 1557 2023 1595 2054; x_wconf 86' lang='lat' dir='ltr'><strong>de</strong></span> <span class='ocrx_word' id='word_1_618' title='bbox 1619 2027 1725 2054; x_wconf 86' lang='lat' dir='ltr'><strong>caetero</strong></span> <span class='ocrx_word' id='word_1_619' title='bbox 1740 2025 1820 2065; x_wconf 91' lang='lat' dir='ltr'><strong>quod</strong></span> <span class='ocrx_word' id='word_1_620' title='bbox 1837 2027 1898 2057; x_wconf 87' lang='lat' dir='ltr'><strong>vult</strong></span> 
     </span>
    </p>
   </div>
   <div class='ocr_carea' id='block_1_86' title="bbox 1073 2065 1897 2107">
    <p class='ocr_par' dir='ltr' id='par_1_86' title="bbox 1073 2065 1897 2107">
     <span class='ocr_line' id='line_1_86' title="bbox 1073 2065 1897 2107; baseline 0.006 -11"><span class='ocrx_word' id='word_1_621' title='bbox 1073 2065 1183 2106; x_wconf 82' lang='lat' dir='ltr'><strong>eliget:</strong></span> <span class='ocrx_word' id='word_1_622' title='bbox 1216 2076 1268 2106; x_wconf 89' lang='lat' dir='ltr'><strong>ego</strong></span> <span class='ocrx_word' id='word_1_623' title='bbox 1293 2067 1373 2098; x_wconf 88' lang='lat' dir='ltr'><strong>enim</strong></span> <span class='ocrx_word' id='word_1_624' title='bbox 1402 2067 1480 2107; x_wconf 90' lang='lat' dir='ltr'><strong>quod</strong></span> <span class='ocrx_word' id='word_1_625' title='bbox 1506 2067 1543 2098; x_wconf 85' lang='lat' dir='ltr'><strong>ad</strong></span> <span class='ocrx_word' id='word_1_626' title='bbox 1572 2077 1622 2099; x_wconf 93' lang='lat' dir='ltr'><strong>vos</strong></span> <span class='ocrx_word' id='word_1_627' title='bbox 1638 2068 1753 2107; x_wconf 88' lang='lat' dir='ltr'><strong>attinet,</strong></span> <span class='ocrx_word' id='word_1_628' title='bbox 1770 2070 1897 2101; x_wconf 87' lang='lat' dir='ltr'><strong>crimine</strong></span> 
     </span>
    </p>
   </div>
   <div class='ocr_carea' id='block_1_87' title="bbox 1075 2110 1899 2153">
    <p class='ocr_par' dir='ltr' id='par_1_87' title="bbox 1075 2110 1899 2153">
     <span class='ocr_line' id='line_1_87' title="bbox 1075 2110 1899 2153; baseline 0.006 -13"><span class='ocrx_word' id='word_1_629' title='bbox 1075 2119 1157 2150; x_wconf 90' lang='lat' dir='ltr'><strong>vaco,</strong></span> <span class='ocrx_word' id='word_1_630' title='bbox 1174 2110 1204 2141; x_wconf 91' lang='lat' dir='ltr'><strong>in</strong></span> <span class='ocrx_word' id='word_1_631' title='bbox 1221 2110 1336 2141; x_wconf 82' lang='lat' dir='ltr'><strong>Christo</strong></span> <span class='ocrx_word' id='word_1_632' title='bbox 1357 2112 1427 2143; x_wconf 81' lang='lat' dir='ltr'><strong>Jesu</strong></span> <span class='ocrx_word' id='word_1_633' title='bbox 1455 2112 1581 2143; x_wconf 89' lang='lat' dir='ltr'><strong>Domino</strong></span> <span class='ocrx_word' id='word_1_634' title='bbox 1611 2116 1723 2150; x_wconf 90' lang='lat' dir='ltr'><strong>nostro,</strong></span> <span class='ocrx_word' id='word_1_635' title='bbox 1742 2113 1790 2144; x_wconf 91' lang='lat' dir='ltr'><strong>cui</strong></span> <span class='ocrx_word' id='word_1_636' title='bbox 1806 2114 1899 2153; x_wconf 89' lang='lat' dir='ltr'><strong>gloria</strong></span> 
     </span>
    </p>
   </div>
   <div class='ocr_carea' id='block_1_88' title="bbox 1076 2154 1897 2197">
    <p class='ocr_par' dir='ltr' id='par_1_88' title="bbox 1076 2154 1897 2197">
     <span class='ocr_line' id='line_1_88' title="bbox 1076 2154 1897 2197; baseline 0.007 -13"><span class='ocrx_word' id='word_1_637' title='bbox 1076 2158 1105 2184; x_wconf 90' lang='lat' dir='ltr'><strong>et</strong></span> <span class='ocrx_word' id='word_1_638' title='bbox 1115 2154 1272 2194; x_wconf 86' lang='lat' dir='ltr'><strong>imperium</strong></span> <span class='ocrx_word' id='word_1_639' title='bbox 1281 2165 1348 2186; x_wconf 91' lang='lat' dir='ltr'><strong>cum</strong></span> <span class='ocrx_word' id='word_1_640' title='bbox 1360 2157 1446 2187; x_wconf 87' lang='lat' dir='ltr'><strong>Patre</strong></span> <span class='ocrx_word' id='word_1_641' title='bbox 1457 2156 1597 2196; x_wconf 89' lang='lat' dir='ltr'><strong>principii</strong></span> <span class='ocrx_word' id='word_1_642' title='bbox 1616 2162 1738 2197; x_wconf 84' lang='lat' dir='ltr'><strong>experte</strong></span> <span class='ocrx_word' id='word_1_643' title='bbox 1752 2162 1781 2189; x_wconf 91' lang='lat' dir='ltr'><strong>et</strong></span> <span class='ocrx_word' id='word_1_644' title='bbox 1795 2163 1897 2190; x_wconf 91' lang='lat' dir='ltr'><strong>sancto</strong></span> 
     </span>
    </p>
   </div>
   <div class='ocr_carea' id='block_1_89' title="bbox 212 2195 1487 2238">
    <p class='ocr_par' dir='ltr' id='par_1_89' title="bbox 212 2195 1487 2238">
     <span class='ocr_line' id='line_1_89' title="bbox 212 2195 1487 2238; baseline 0.004 -12"><span class='ocrx_word' id='word_1_645' title='bbox 212 2195 360 2234; x_wconf 88' lang='lat' dir='ltr'><strong>stimare;</strong></span> <span class='ocrx_word' id='word_1_646' title='bbox 389 2206 456 2227; x_wconf 90' lang='lat' dir='ltr'><strong>nam</strong></span> <span class='ocrx_word' id='word_1_647' title='bbox 485 2206 539 2237; x_wconf 90' lang='lat' dir='ltr'><strong>per</strong></span> <span class='ocrx_word' id='word_1_648' title='bbox 567 2197 630 2228; x_wconf 80' lang='lat' dir='ltr'><strong>haec</strong></span> <span class='ocrx_word' id='word_1_649' title='bbox 660 2206 725 2227; x_wconf 89' lang='lat' dir='ltr'><strong>esse</strong></span> <span class='ocrx_word' id='word_1_650' title='bbox 754 2197 896 2228; x_wconf 87' lang='lat' dir='ltr'><strong>aufertur.</strong></span> <span class='ocrx_word' id='word_1_651' title='bbox 925 2197 1187 2238; x_wconf 75' lang='lat' dir='ltr'><strong>Homo,DSpiritu</strong></span> <span class='ocrx_word' id='word_1_652' title='bbox 1202 2199 1232 2229; x_wconf 92' lang='lat' dir='ltr'><strong>in</strong></span> <span class='ocrx_word' id='word_1_653' title='bbox 1247 2199 1363 2230; x_wconf 77' lang='lat' dir='ltr'><strong>saecula.</strong></span> <span class='ocrx_word' id='word_1_654' title='bbox 1380 2195 1487 2232; x_wconf 78' lang='lat' dir='ltr'><strong>Amen.</strong></span> 
     </span>
    </p>
   </div>
   <div class='ocr_carea' id='block_1_90' title="bbox 211 2239 1034 2281">
    <p class='ocr_par' dir='ltr' id='par_1_90' title="bbox 211 2239 1034 2281">
     <span class='ocr_line' id='line_1_90' title="bbox 211 2239 1034 2281; baseline 0.002 -11"><span class='ocrx_word' id='word_1_655' title='bbox 211 2239 326 2271; x_wconf 89' lang='lat' dir='ltr'><strong>credin’</strong></span> <span class='ocrx_word' id='word_1_656' title='bbox 342 2239 491 2272; x_wconf 86' lang='lat' dir='ltr'><strong>Christum</strong></span> <span class='ocrx_word' id='word_1_657' title='bbox 508 2250 573 2272; x_wconf 89' lang='lat' dir='ltr'><strong>esse</strong></span> <span class='ocrx_word' id='word_1_658' title='bbox 588 2241 707 2271; x_wconf 79' lang='lat' dir='ltr'><strong>Deum?</strong></span> <span class='ocrx_word' id='word_1_659' title='bbox 733 2240 764 2272; x_wconf 92' lang='lat' dir='ltr'><strong>Si</strong></span> <span class='ocrx_word' id='word_1_660' title='bbox 780 2241 889 2277; x_wconf 87' lang='lat' dir='ltr'><strong>credis,</strong></span> <span class='ocrx_word' id='word_1_661' title='bbox 907 2241 991 2281; x_wconf 93' lang='lat' dir='ltr'><strong>time,</strong></span> <span class='ocrx_word' id='word_1_662' title='bbox 1007 2246 1034 2272; x_wconf 91' lang='lat' dir='ltr'><strong>et</strong></span> 
     </span>
    </p>
   </div>
   <div class='ocr_carea' id='block_1_91' title="bbox 212 2284 1033 2324">
    <p class='ocr_par' dir='ltr' id='par_1_91' title="bbox 212 2284 1033 2324">
     <span class='ocr_line' id='line_1_91' title="bbox 212 2284 1033 2324; baseline 0.002 -10"><span class='ocrx_word' id='word_1_663' title='bbox 212 2284 350 2314; x_wconf 89' lang='lat' dir='ltr'><strong>mandata</strong></span> <span class='ocrx_word' id='word_1_664' title='bbox 372 2284 438 2324; x_wconf 85' lang='lat' dir='ltr'><strong>ejus</strong></span> <span class='ocrx_word' id='word_1_665' title='bbox 466 2293 561 2316; x_wconf 82' lang='lat' dir='ltr'><strong>serva.</strong></span> <span class='ocrx_word' id='word_1_666' title='bbox 591 2284 622 2316; x_wconf 94' lang='lat' dir='ltr'><strong>Si</strong></span> <span class='ocrx_word' id='word_1_667' title='bbox 651 2294 711 2315; x_wconf 91' lang='lat' dir='ltr'><strong>non</strong></span> <span class='ocrx_word' id='word_1_668' title='bbox 739 2285 848 2323; x_wconf 90' lang='lat' dir='ltr'><strong>credis,</strong></span> <span class='ocrx_word' id='word_1_669' title='bbox 880 2290 909 2316; x_wconf 88' lang='lat' dir='ltr'><strong>at</strong></span> <span class='ocrx_word' id='word_1_670' title='bbox 931 2285 1033 2316; x_wconf 87' lang='lat' dir='ltr'><strong>saltem</strong></span> 
     </span>
    </p>
   </div>
   <div class='ocr_carea' id='block_1_92' title="bbox 212 2327 1033 2370">
    <p class='ocr_par' dir='ltr' id='par_1_92' title="bbox 212 2327 1033 2370">
     <span class='ocr_line' id='line_1_92' title="bbox 212 2327 1033 2370; baseline 0.001 -11"><span class='ocrx_word' id='word_1_671' title='bbox 212 2327 364 2359; x_wconf 77' lang='lat' dir='ltr'><strong>daemones</strong></span> <span class='ocrx_word' id='word_1_672' title='bbox 377 2329 470 2368; x_wconf 89' lang='lat' dir='ltr'><strong>ipsos,</strong></span> <span class='ocrx_word' id='word_1_673' title='bbox 487 2339 561 2370; x_wconf 90' lang='lat' dir='ltr'><strong>quos</strong></span> <span class='ocrx_word' id='word_1_674' title='bbox 574 2329 697 2360; x_wconf 85' lang='lat' dir='ltr'><strong>forsitan</strong></span> <span class='ocrx_word' id='word_1_675' title='bbox 727 2329 784 2360; x_wconf 85' lang='lat' dir='ltr'><strong>fide</strong></span> <span class='ocrx_word' id='word_1_676' title='bbox 800 2329 954 2368; x_wconf 85' lang='lat' dir='ltr'><strong>digniores</strong></span> <span class='ocrx_word' id='word_1_677' title='bbox 970 2330 1033 2360; x_wconf 84' lang='lat' dir='ltr'><strong>exi-</strong></span> 
     </span>
    </p>
   </div>
   <div class='ocr_carea' id='block_1_93' title="bbox 211 2372 1032 2413">
    <p class='ocr_par' dir='ltr' id='par_1_93' title="bbox 211 2372 1032 2413">
     <span class='ocr_line' id='line_1_93' title="bbox 211 2372 1032 2413; baseline 0.001 -10"><span class='ocrx_word' id='word_1_678' title='bbox 211 2372 326 2410; x_wconf 87' lang='lat' dir='ltr'><strong>stimas,</strong></span> <span class='ocrx_word' id='word_1_679' title='bbox 338 2372 496 2412; x_wconf 82' lang='lat' dir='ltr'><strong>interroga.</strong></span> <span class='ocrx_word' id='word_1_680' title='bbox 511 2373 598 2404; x_wconf 89' lang='lat' dir='ltr'><strong>Disce</strong></span> <span class='ocrx_word' id='word_1_681' title='bbox 609 2374 646 2404; x_wconf 92' lang='lat' dir='ltr'><strong>ab</strong></span> <span class='ocrx_word' id='word_1_682' title='bbox 669 2373 718 2411; x_wconf 84' lang='lat' dir='ltr'><strong>iis,</strong></span> <span class='ocrx_word' id='word_1_683' title='bbox 734 2383 750 2404; x_wconf 89' lang='lat' dir='ltr'><strong>a</strong></span> <span class='ocrx_word' id='word_1_684' title='bbox 768 2373 877 2413; x_wconf 88' lang='lat' dir='ltr'><strong>quibus</strong></span> <span class='ocrx_word' id='word_1_685' title='bbox 892 2374 922 2404; x_wconf 93' lang='lat' dir='ltr'><strong>in</strong></span> <span class='ocrx_word' id='word_1_686' title='bbox 937 2374 1032 2404; x_wconf 88' lang='lat' dir='ltr'><strong>servi-</strong></span> 
     </span>
    </p>
   </div>
   <div class='ocr_carea' id='block_1_94' title="bbox 213 2417 1033 2458">
    <p class='ocr_par' dir='ltr' id='par_1_94' title="bbox 213 2417 1033 2458">
     <span class='ocr_line' id='line_1_94' title="bbox 213 2417 1033 2458; baseline 0.001 -11"><span class='ocrx_word' id='word_1_687' title='bbox 213 2420 307 2447; x_wconf 89' lang='lat' dir='ltr'><strong>tutem</strong></span> <span class='ocrx_word' id='word_1_688' title='bbox 323 2417 461 2448; x_wconf 89' lang='lat' dir='ltr'><strong>redactus</strong></span> <span class='ocrx_word' id='word_1_689' title='bbox 491 2427 535 2455; x_wconf 88' lang='lat' dir='ltr'><strong>es,</strong></span> <span class='ocrx_word' id='word_1_690' title='bbox 565 2422 596 2448; x_wconf 89' lang='lat' dir='ltr'><strong>et</strong></span> <span class='ocrx_word' id='word_1_691' title='bbox 624 2427 697 2457; x_wconf 89' lang='lat' dir='ltr'><strong>quos</strong></span> <span class='ocrx_word' id='word_1_692' title='bbox 726 2417 874 2458; x_wconf 84' lang='lat' dir='ltr'><strong>sequeris,</strong></span> <span class='ocrx_word' id='word_1_693' title='bbox 892 2418 1033 2458; x_wconf 89' lang='lat' dir='ltr'><strong>quoniam</strong></span> 
     </span>
    </p>
   </div>
   <div class='ocr_carea' id='block_1_95' title="bbox 212 2461 1035 2500">
    <p class='ocr_par' dir='ltr' id='par_1_95' title="bbox 212 2461 1035 2500">
     <span class='ocr_line' id='line_1_95' title="bbox 212 2461 1035 2500; baseline 0.002 -10"><span class='ocrx_word' id='word_1_694' title='bbox 212 2469 272 2491; x_wconf 89' lang='lat' dir='ltr'><strong>non</strong></span> <span class='ocrx_word' id='word_1_695' title='bbox 297 2464 340 2492; x_wconf 89' lang='lat' dir='ltr'><strong>est</strong></span> <span class='ocrx_word' id='word_1_696' title='bbox 368 2461 444 2492; x_wconf 89' lang='lat' dir='ltr'><strong>alius</strong></span> <span class='ocrx_word' id='word_1_697' title='bbox 458 2461 536 2492; x_wconf 89' lang='lat' dir='ltr'><strong>Deus</strong></span> <span class='ocrx_word' id='word_1_698' title='bbox 551 2465 658 2500; x_wconf 83' lang='lat' dir='ltr'><strong>praeter</strong></span> <span class='ocrx_word' id='word_1_699' title='bbox 672 2461 767 2499; x_wconf 90' lang='lat' dir='ltr'><strong>illum,</strong></span> <span class='ocrx_word' id='word_1_700' title='bbox 785 2461 833 2492; x_wconf 90' lang='lat' dir='ltr'><strong>cui</strong></span> <span class='ocrx_word' id='word_1_701' title='bbox 849 2462 946 2492; x_wconf 89' lang='lat' dir='ltr'><strong>nullus</strong></span> <span class='ocrx_word' id='word_1_702' title='bbox 962 2462 1035 2492; x_wconf 86' lang='lat' dir='ltr'><strong>assi-</strong></span> 
     </span>
    </p>
   </div>
   <div class='ocr_carea' id='block_1_96' title="bbox 212 2504 1034 2545">
    <p class='ocr_par' dir='ltr' id='par_1_96' title="bbox 212 2504 1034 2545">
     <span class='ocr_line' id='line_1_96' title="bbox 212 2504 1034 2545; baseline 0.002 -11"><span class='ocrx_word' id='word_1_703' title='bbox 212 2504 343 2543; x_wconf 89' lang='lat' dir='ltr'><strong>milatur,</strong></span> <span class='ocrx_word' id='word_1_704' title='bbox 373 2514 429 2536; x_wconf 88' lang='lat' dir='ltr'><strong>nec</strong></span> <span class='ocrx_word' id='word_1_705' title='bbox 460 2505 626 2545; x_wconf 88' lang='lat' dir='ltr'><strong>comparari</strong></span> <span class='ocrx_word' id='word_1_706' title='bbox 652 2509 764 2545; x_wconf 86' lang='lat' dir='ltr'><strong>potest,</strong></span> <span class='ocrx_word' id='word_1_707' title='bbox 794 2506 925 2536; x_wconf 91' lang='lat' dir='ltr'><strong>omnium</strong></span> <span class='ocrx_word' id='word_1_708' title='bbox 955 2506 1034 2536; x_wconf 87' lang='lat' dir='ltr'><strong>enim</strong></span> 
     </span>
    </p>
   </div>
   <div class='ocr_carea' id='block_1_97' title="bbox 212 2549 1032 2589">
    <p class='ocr_par' dir='ltr' id='par_1_97' title="bbox 212 2549 1032 2589">
     <span class='ocr_line' id='line_1_97' title="bbox 212 2549 1032 2589; baseline 0.004 -11"><span class='ocrx_word' id='word_1_709' title='bbox 212 2549 357 2580; x_wconf 91' lang='lat' dir='ltr'><strong>Dominus</strong></span> <span class='ocrx_word' id='word_1_710' title='bbox 374 2550 435 2589; x_wconf 91' lang='lat' dir='ltr'><strong>ipse</strong></span> <span class='ocrx_word' id='word_1_711' title='bbox 453 2554 509 2588; x_wconf 90' lang='lat' dir='ltr'><strong>est,</strong></span> <span class='ocrx_word' id='word_1_712' title='bbox 540 2549 672 2581; x_wconf 91' lang='lat' dir='ltr'><strong>omnium</strong></span> <span class='ocrx_word' id='word_1_713' title='bbox 703 2559 765 2586; x_wconf 83' lang='lat' dir='ltr'><strong>rex,</strong></span> <span class='ocrx_word' id='word_1_714' title='bbox 796 2550 931 2581; x_wconf 89' lang='lat' dir='ltr'><strong>conditor</strong></span> <span class='ocrx_word' id='word_1_715' title='bbox 945 2550 1032 2588; x_wconf 90' lang='lat' dir='ltr'><strong>lucis,</strong></span> 
     </span>
    </p>
   </div>
   <div class='ocr_carea' id='block_1_98' title="bbox 211 2592 1033 2634">
    <p class='ocr_par' dir='ltr' id='par_1_98' title="bbox 211 2592 1033 2634">
     <span class='ocr_line' id='line_1_98' title="bbox 211 2592 1033 2634; baseline 0.001 -10"><span class='ocrx_word' id='word_1_716' title='bbox 211 2597 242 2624; x_wconf 86' lang='lat' dir='ltr'><strong>et</strong></span> <span class='ocrx_word' id='word_1_717' title='bbox 256 2592 322 2624; x_wconf 64' lang='lat' dir='ltr'><strong>vita:</strong></span> <span class='ocrx_word' id='word_1_718' title='bbox 336 2593 457 2625; x_wconf 88' lang='lat' dir='ltr'><strong>arbiter.</strong></span> <span class='ocrx_word' id='word_1_719' title='bbox 483 2595 550 2634; x_wconf 87' lang='lat' dir='ltr'><strong>Ipse</strong></span> <span class='ocrx_word' id='word_1_720' title='bbox 576 2593 678 2624; x_wconf 89' lang='lat' dir='ltr'><strong>lumen</strong></span> <span class='ocrx_word' id='word_1_721' title='bbox 706 2593 778 2624; x_wconf 94' lang='lat' dir='ltr'><strong>illud</strong></span> <span class='ocrx_word' id='word_1_722' title='bbox 806 2594 967 2632; x_wconf 76' lang='lat' dir='ltr'><strong>ineilabile,</strong></span> <span class='ocrx_word' id='word_1_723' title='bbox 984 2595 1033 2626; x_wconf 91' lang='lat' dir='ltr'><strong>in-</strong></span> 
     </span>
    </p>
   </div>
   <div class='ocr_carea' id='block_1_99' title="bbox 210 2637 1033 2678">
    <p class='ocr_par' dir='ltr' id='par_1_99' title="bbox 210 2637 1033 2678">
     <span class='ocr_line' id='line_1_99' title="bbox 210 2637 1033 2678; baseline 0.002 -10"><span class='ocrx_word' id='word_1_724' title='bbox 210 2637 396 2675; x_wconf 84' lang='lat' dir='ltr'><strong>accessibile,</strong></span> <span class='ocrx_word' id='word_1_725' title='bbox 425 2638 476 2678; x_wconf 91' lang='lat' dir='ltr'><strong>qui</strong></span> <span class='ocrx_word' id='word_1_726' title='bbox 517 2638 598 2669; x_wconf 89' lang='lat' dir='ltr'><strong>solus</strong></span> <span class='ocrx_word' id='word_1_727' title='bbox 640 2641 694 2669; x_wconf 91' lang='lat' dir='ltr'><strong>est.</strong></span> <span class='ocrx_word' id='word_1_728' title='bbox 739 2637 806 2678; x_wconf 90' lang='lat' dir='ltr'><strong>Ipse</strong></span> <span class='ocrx_word' id='word_1_729' title='bbox 846 2638 877 2669; x_wconf 89' lang='lat' dir='ltr'><strong>in</strong></span> <span class='ocrx_word' id='word_1_730' title='bbox 905 2639 1033 2670; x_wconf 91' lang='lat' dir='ltr'><strong>adventu</strong></span> 
     </span>
    </p>
   </div>
   <div class='ocr_carea' id='block_1_100' title="bbox 211 2681 1032 2723">
    <p class='ocr_par' dir='ltr' id='par_1_100' title="bbox 211 2681 1032 2723">
     <span class='ocr_line' id='line_1_100' title="bbox 211 2681 1032 2723; baseline 0.002 -11"><span class='ocrx_word' id='word_1_731' title='bbox 211 2690 265 2713; x_wconf 88' lang='lat' dir='ltr'><strong>suo</strong></span> <span class='ocrx_word' id='word_1_732' title='bbox 295 2681 451 2723; x_wconf 89' lang='lat' dir='ltr'><strong>dissipabit</strong></span> <span class='ocrx_word' id='word_1_733' title='bbox 478 2691 495 2713; x_wconf 89' lang='lat' dir='ltr'><strong>a</strong></span> <span class='ocrx_word' id='word_1_734' title='bbox 522 2682 598 2713; x_wconf 87' lang='lat' dir='ltr'><strong>facie</strong></span> <span class='ocrx_word' id='word_1_735' title='bbox 623 2691 676 2713; x_wconf 87' lang='lat' dir='ltr'><strong>sua</strong></span> <span class='ocrx_word' id='word_1_736' title='bbox 713 2682 852 2713; x_wconf 89' lang='lat' dir='ltr'><strong>inimicos</strong></span> <span class='ocrx_word' id='word_1_737' title='bbox 879 2692 960 2721; x_wconf 88' lang='lat' dir='ltr'><strong>suos,</strong></span> <span class='ocrx_word' id='word_1_738' title='bbox 1003 2688 1032 2714; x_wconf 92' lang='lat' dir='ltr'><strong>et</strong></span> 
     </span>
    </p>
   </div>
   <div class='ocr_carea' id='block_1_101' title="bbox 1348 2246 1621 2280">
    <p class='ocr_par' dir='ltr' id='par_1_101' title="bbox 1348 2246 1621 2280">
     <span class='ocr_line' id='line_1_101' title="bbox 1348 2246 1621 2280; baseline -0.004 -1"><span class='ocrx_word' id='word_1_739' title='bbox 1348 2246 1490 2279; x_wconf 85' lang='lat' dir='ltr'><strong>ORATIO</strong></span> <span class='ocrx_word' id='word_1_740' title='bbox 1512 2247 1621 2280; x_wconf 79' lang='lat' dir='ltr'><strong>XXIX.</strong></span> 
     </span>
    </p>
   </div>
   <div class='ocr_carea' id='block_1_102' title="bbox 1384 2302 1594 2326">
    <p class='ocr_par' dir='ltr' id='par_1_102' title="bbox 1384 2302 1594 2326">
     <span class='ocr_line' id='line_1_102' title="bbox 1384 2302 1594 2326; baseline 0.01 -2"><span class='ocrx_word' id='word_1_741' title='bbox 1384 2302 1594 2326; x_wconf 71' lang='lat' dir='ltr'><strong>ARGEMENTUM.</strong></span> 
     </span>
    </p>
   </div>
   <div class='ocr_carea' id='block_1_103' title="bbox 1076 2336 1896 2378">
    <p class='ocr_par' dir='ltr' id='par_1_103' title="bbox 1076 2336 1896 2378">
     <span class='ocr_line' id='line_1_103' title="bbox 1076 2336 1896 2378; baseline 0.011 -14"><span class='ocrx_word' id='word_1_742' title='bbox 1076 2336 1172 2366; x_wconf 83' lang='lat' dir='ltr'><strong>Omnes</strong></span> <span class='ocrx_word' id='word_1_743' title='bbox 1186 2339 1313 2378; x_wconf 66' lang='lat' dir='ltr'><strong>homines</strong></span> <span class='ocrx_word' id='word_1_744' title='bbox 1323 2347 1341 2367; x_wconf 84' lang='grc' dir='ltr'><em>α</em></span> <span class='ocrx_word' id='word_1_745' title='bbox 1355 2340 1466 2378; x_wconf 73' lang='lat' dir='ltr'><strong>Qhristo</strong></span> <span class='ocrx_word' id='word_1_746' title='bbox 1479 2349 1534 2369; x_wconf 82' lang='lat' dir='ltr'><strong>non</strong></span> <span class='ocrx_word' id='word_1_747' title='bbox 1544 2341 1725 2373; x_wconf 79' lang='lat' dir='ltr'><strong>itluminatos.</strong></span> <span class='ocrx_word' id='word_1_748' title='bbox 1736 2350 1820 2373; x_wconf 71' lang='lat' dir='ltr'><strong>caecos</strong></span> <span class='ocrx_word' id='word_1_749' title='bbox 1831 2352 1896 2378; x_wconf 72' lang='lat' dir='ltr'><strong>esse.</strong></span> 
     </span>
    </p>
   </div>
   <div class='ocr_carea' id='block_1_104' title="bbox 1111 2375 1900 2415">
    <p class='ocr_par' dir='ltr' id='par_1_104' title="bbox 1111 2375 1900 2415">
     <span class='ocr_line' id='line_1_104' title="bbox 1111 2375 1900 2415; baseline 0.01 -14"><span class='ocrx_word' id='word_1_750' title='bbox 1111 2381 1157 2401; x_wconf 78' lang='lat' dir='ltr'><strong>nec</strong></span> <span class='ocrx_word' id='word_1_751' title='bbox 1167 2382 1250 2415; x_wconf 59' lang='lat' dir='ltr'><strong>opera</strong></span> <span class='ocrx_word' id='word_1_752' title='bbox 1260 2375 1325 2415; x_wconf 53' lang='lat' dir='ltr'><strong>lucis</strong></span> <span class='ocrx_word' id='word_1_753' title='bbox 1338 2375 1440 2415; x_wconf 63' lang='lat' dir='ltr'><strong>efﬁcere</strong></span> <span class='ocrx_word' id='word_1_754' title='bbox 1449 2384 1538 2415; x_wconf 66' lang='lat' dir='ltr'><strong>posse,</strong></span> <span class='ocrx_word' id='word_1_755' title='bbox 1553 2385 1602 2415; x_wconf 69' lang='lat' dir='ltr'><strong>nec</strong></span> <span class='ocrx_word' id='word_1_756' title='bbox 1612 2378 1642 2405; x_wconf 80' lang='lat' dir='ltr'><strong>in</strong></span> <span class='ocrx_word' id='word_1_757' title='bbox 1652 2378 1698 2406; x_wconf 79' lang='lat' dir='ltr'><strong>uia</strong></span> <span class='ocrx_word' id='word_1_758' title='bbox 1708 2381 1780 2415; x_wconf 65' lang='lat' dir='ltr'><strong>recte</strong></span> <span class='ocrx_word' id='word_1_759' title='bbox 1789 2375 1900 2409; x_wconf 74' lang='lat' dir='ltr'><strong>vivendi</strong></span> 
     </span>
    </p>
   </div>
   <div class='ocr_carea' id='block_1_105' title="bbox 1108 2410 1898 2450">
    <p class='ocr_par' dir='ltr' id='par_1_105' title="bbox 1108 2410 1898 2450">
     <span class='ocr_line' id='line_1_105' title="bbox 1108 2410 1898 2450; baseline 0.01 -14"><span class='ocrx_word' id='word_1_760' title='bbox 1108 2410 1236 2450; x_wconf 78' lang='lat' dir='ltr'><strong>progredi</strong></span> <span class='ocrx_word' id='word_1_761' title='bbox 1256 2411 1345 2444; x_wconf 82' lang='lat' dir='ltr'><strong>Quare</strong></span> <span class='ocrx_word' id='word_1_762' title='bbox 1355 2410 1640 2450; x_wconf 61' lang='lat' dir='ltr'><strong>circuiﬁspiciendum.</strong></span> <span class='ocrx_word' id='word_1_763' title='bbox 1657 2416 1688 2450; x_wconf 66' lang='lat' dir='ltr'><strong>et</strong></span> <span class='ocrx_word' id='word_1_764' title='bbox 1696 2413 1898 2444; x_wconf 80' lang='lat' dir='ltr'><strong>advertendum</strong></span> 
     </span>
    </p>
   </div>
   <div class='ocr_carea' id='block_1_106' title="bbox 1110 2447 1900 2486">
    <p class='ocr_par' dir='ltr' id='par_1_106' title="bbox 1110 2447 1900 2486">
     <span class='ocr_line' id='line_1_106' title="bbox 1110 2447 1900 2486; baseline 0.01 -14"><span class='ocrx_word' id='word_1_765' title='bbox 1110 2447 1246 2486; x_wconf 47' lang='lat' dir='ltr'><strong>ominum,</strong></span> <span class='ocrx_word' id='word_1_766' title='bbox 1260 2454 1300 2486; x_wconf 83' lang='lat' dir='ltr'><strong>an_</strong></span> <span class='ocrx_word' id='word_1_767' title='bbox 1306 2454 1370 2486; x_wconf 61' lang='lat' dir='ltr'><strong>vero</strong></span> <span class='ocrx_word' id='word_1_768' title='bbox 1380 2447 1480 2486; x_wconf 65' lang='lat' dir='ltr'><strong>itinere</strong></span> <span class='ocrx_word' id='word_1_769' title='bbox 1486 2448 1516 2476; x_wconf 81' lang='lat' dir='ltr'><strong>in</strong></span> <span class='ocrx_word' id='word_1_770' title='bbox 1525 2449 1621 2486; x_wconf 56' lang='lat' dir='ltr'><strong>culum</strong></span> <span class='ocrx_word' id='word_1_771' title='bbox 1632 2449 1812 2486; x_wconf 77' lang='lat' dir='ltr'><strong>ambulemus.</strong></span> <span class='ocrx_word' id='word_1_772' title='bbox 1825 2452 1900 2486; x_wconf 85' lang='lat' dir='ltr'><strong>quod</strong></span> 
     </span>
    </p>
   </div>
   <div class='ocr_carea' id='block_1_107' title="bbox 1110 2481 1896 2519">
    <p class='ocr_par' dir='ltr' id='par_1_107' title="bbox 1110 2481 1896 2519">
     <span class='ocr_line' id='line_1_107' title="bbox 1110 2481 1896 2519; baseline 0.009 -12"><span class='ocrx_word' id='word_1_773' title='bbox 1110 2481 1141 2507; x_wconf 84' lang='lat' dir='ltr'><strong>in</strong></span> <span class='ocrx_word' id='word_1_774' title='bbox 1150 2481 1202 2519; x_wconf 65' lang='lat' dir='ltr'><strong>Dei</strong></span> <span class='ocrx_word' id='word_1_775' title='bbox 1215 2482 1356 2510; x_wconf 83' lang='lat' dir='ltr'><strong>mandatis</strong></span> <span class='ocrx_word' id='word_1_776' title='bbox 1369 2483 1453 2510; x_wconf 78' lang='lat' dir='ltr'><strong>situm</strong></span> <span class='ocrx_word' id='word_1_777' title='bbox 1467 2485 1514 2511; x_wconf 80' lang='lat' dir='ltr'><strong>est.</strong></span> <span class='ocrx_word' id='word_1_778' title='bbox 1527 2484 1580 2517; x_wconf 77' lang='lat' dir='ltr'><strong>Qui</strong></span> <span class='ocrx_word' id='word_1_779' title='bbox 1592 2484 1689 2519; x_wconf 75' lang='lat' dir='ltr'><strong>parvis</strong></span> <span class='ocrx_word' id='word_1_780' title='bbox 1700 2486 1819 2519; x_wconf 70' lang='lat' dir='ltr'><strong>peccatis</strong></span> <span class='ocrx_word' id='word_1_781' title='bbox 1827 2481 1896 2515; x_wconf 56' lang='lat' dir='ltr'><strong>&#39;suc-</strong></span> 
     </span>
    </p>
   </div>
   <div class='ocr_carea' id='block_1_108' title="bbox 1110 2493 1898 2556">
    <p class='ocr_par' dir='ltr' id='par_1_108' title="bbox 1110 2493 1898 2556">
     <span class='ocr_line' id='line_1_108' title="bbox 1111 2493 1896 2519; baseline 0.009 -12"><span class='ocrx_word' id='word_1_782' title='bbox 1111 2493 1141 2507; x_wconf 79' lang='grc' dir='ltr'><strong>ιη</strong></span> <span class='ocrx_word' id='word_1_783' title='bbox 1150 2493 1202 2508; x_wconf 72' lang='lat' dir='ltr'><strong>uel</strong></span> <span class='ocrx_word' id='word_1_784' title='bbox 1215 2493 1355 2510; x_wconf 58' lang='lat' dir='ltr'><strong>multum”</strong></span> <span class='ocrx_word' id='word_1_785' title='bbox 1369 2493 1453 2510; x_wconf 79' lang='lat' dir='ltr'><strong>suum</strong></span> <span class='ocrx_word' id='word_1_786' title='bbox 1467 2493 1514 2511; x_wconf 73' lang='lat' dir='ltr'><strong>est.</strong></span> <span class='ocrx_word' id='word_1_787' title='bbox 1527 2493 1580 2517; x_wconf 66' lang='lat' dir='ltr'><strong>uua</strong></span> <span class='ocrx_word' id='word_1_788' title='bbox 1592 2493 1689 2519; x_wconf 68' lang='lat' dir='ltr'><strong>parvis</strong></span> <span class='ocrx_word' id='word_1_789' title='bbox 1721 2493 1819 2514; x_wconf 74' lang='grc' dir='ltr'><strong>σσεαιιδ</strong></span> <span class='ocrx_word' id='word_1_790' title='bbox 1833 2494 1896 2515; x_wconf 79' lang='lat' dir='ltr'><strong>suc-</strong></span> 
     </span>
     <span class='ocr_line' id='line_1_109' title="bbox 1110 2493 1898 2556; baseline 0.01 -13"><span class='ocrx_word' id='word_1_791' title='bbox 1110 2516 1253 2556; x_wconf 58' lang='lat' dir='ltr'><strong>cumbunt,</strong></span> <span class='ocrx_word' id='word_1_792' title='bbox 1268 2524 1311 2556; x_wconf 68' lang='lat' dir='ltr'><strong>eos</strong></span> <span class='ocrx_word' id='word_1_793' title='bbox 1325 2525 1495 2556; x_wconf 55' lang='lat' dir='ltr'><strong>magnorum</strong></span> <span class='ocrx_word' id='word_1_794' title='bbox 1506 2526 1598 2556; x_wconf 75' lang='lat' dir='ltr'><strong>servos</strong></span> <span class='ocrx_word' id='word_1_795' title='bbox 1607 2520 1678 2556; x_wconf 58' lang='lat' dir='ltr'><strong>ﬁeri.</strong></span> <span class='ocrx_word' id='word_1_796' title='bbox 1695 2493 1798 2552; x_wconf 65' lang='lat' dir='ltr'><strong>6mm</strong></span> <span class='ocrx_word' id='word_1_797' title='bbox 1807 2523 1898 2551; x_wconf 80' lang='lat' dir='ltr'><strong>actio-</strong></span> 
     </span>
    </p>
   </div>
   <div class='ocr_carea' id='block_1_109' title="bbox 1110 2552 1747 2588">
    <p class='ocr_par' dir='ltr' id='par_1_109' title="bbox 1110 2552 1747 2588">
     <span class='ocr_line' id='line_1_110' title="bbox 1110 2552 1747 2588; baseline 0.005 -9"><span class='ocrx_word' id='word_1_798' title='bbox 1110 2552 1192 2580; x_wconf 75' lang='lat' dir='ltr'><strong>nibus</strong></span> <span class='ocrx_word' id='word_1_799' title='bbox 1204 2552 1238 2580; x_wconf 86' lang='lat' dir='ltr'><strong>ab</strong></span> <span class='ocrx_word' id='word_1_800' title='bbox 1253 2552 1394 2588; x_wconf 67' lang='lat' dir='ltr'><strong>affectibus</strong></span> <span class='ocrx_word' id='word_1_801' title='bbox 1408 2553 1550 2582; x_wconf 78' lang='lat' dir='ltr'><strong>illaudatis</strong></span> <span class='ocrx_word' id='word_1_802' title='bbox 1564 2552 1747 2584; x_wconf 65' lang='lat' dir='ltr'><strong>vindicentur.</strong></span> 
     </span>
    </p>
   </div>
   <div class='ocr_carea' id='block_1_110' title="bbox 1114 2593 1896 2639">
    <p class='ocr_par' dir='ltr' id='par_1_110' title="bbox 1114 2593 1896 2639">
     <span class='ocr_line' id='line_1_111' title="bbox 1114 2593 1896 2639; baseline 0.01 -16"><span class='ocrx_word' id='word_1_803' title='bbox 1114 2593 1367 2639; x_wconf 78' lang='lat' dir='ltr'><strong>Quemadmodum</strong></span> <span class='ocrx_word' id='word_1_804' title='bbox 1385 2605 1481 2627; x_wconf 78' lang='lat' dir='ltr'><strong>caecus</strong></span> <span class='ocrx_word' id='word_1_805' title='bbox 1503 2597 1688 2638; x_wconf 87' lang='lat' dir='ltr'><strong>ingrediens,</strong></span> <span class='ocrx_word' id='word_1_806' title='bbox 1715 2598 1794 2630; x_wconf 90' lang='lat' dir='ltr'><strong>velut</strong></span> <span class='ocrx_word' id='word_1_807' title='bbox 1810 2600 1896 2639; x_wconf 89' lang='lat' dir='ltr'><strong>nolit,</strong></span> 
     </span>
    </p>
   </div>
   <div class='ocr_carea' id='block_1_111' title="bbox 1074 2637 1898 2678">
    <p class='ocr_par' dir='ltr' id='par_1_111' title="bbox 1074 2637 1898 2678">
     <span class='ocr_line' id='line_1_112' title="bbox 1074 2637 1898 2678; baseline 0.01 -11"><span class='ocrx_word' id='word_1_808' title='bbox 1074 2637 1199 2676; x_wconf 90' lang='lat' dir='ltr'><strong>pedibus</strong></span> <span class='ocrx_word' id='word_1_809' title='bbox 1212 2639 1335 2670; x_wconf 72' lang='lat' dir='ltr'><strong>offendit</strong></span> <span class='ocrx_word' id='word_1_810' title='bbox 1351 2650 1358 2678; x_wconf 89' lang='lat'><strong>;</strong></span> <span class='ocrx_word' id='word_1_811' title='bbox 1384 2640 1428 2671; x_wconf 89' lang='lat' dir='ltr'><strong>sic</strong></span> <span class='ocrx_word' id='word_1_812' title='bbox 1442 2641 1531 2672; x_wconf 90' lang='lat' dir='ltr'><strong>homo</strong></span> <span class='ocrx_word' id='word_1_813' title='bbox 1547 2641 1641 2673; x_wconf 91' lang='lat' dir='ltr'><strong>oculis</strong></span> <span class='ocrx_word' id='word_1_814' title='bbox 1656 2637 1762 2674; x_wconf 61' lang='lat' dir='ltr'><strong>animai</strong></span> <span class='ocrx_word' id='word_1_815' title='bbox 1776 2644 1832 2674; x_wconf 89' lang='lat' dir='ltr'><strong>sub</strong></span> <span class='ocrx_word' id='word_1_816' title='bbox 1847 2637 1898 2675; x_wconf 51' lang='lat' dir='ltr'><strong>in;</strong></span> 
     </span>
    </p>
   </div>
   <div class='ocr_carea' id='block_1_112' title="bbox 1074 2682 1896 2727">
    <p class='ocr_par' dir='ltr' id='par_1_112' title="bbox 1074 2682 1896 2727">
     <span class='ocr_line' id='line_1_113' title="bbox 1074 2682 1896 2727; baseline 0.011 -16"><span class='ocrx_word' id='word_1_817' title='bbox 1074 2682 1265 2727; x_wconf 87' lang='lat' dir='ltr'><strong>telligentiam</strong></span> <span class='ocrx_word' id='word_1_818' title='bbox 1278 2684 1465 2722; x_wconf 87' lang='lat' dir='ltr'><strong>cadentibus,</strong></span> <span class='ocrx_word' id='word_1_819' title='bbox 1491 2695 1550 2716; x_wconf 87' lang='lat' dir='ltr'><strong>non</strong></span> <span class='ocrx_word' id='word_1_820' title='bbox 1578 2690 1646 2716; x_wconf 86' lang='lat' dir='ltr'><strong>ante</strong></span> <span class='ocrx_word' id='word_1_821' title='bbox 1670 2687 1782 2727; x_wconf 89' lang='lat' dir='ltr'><strong>apertis</strong></span> <span class='ocrx_word' id='word_1_822' title='bbox 1797 2689 1835 2719; x_wconf 88' lang='lat' dir='ltr'><strong>ab</strong></span> <span class='ocrx_word' id='word_1_823' title='bbox 1847 2699 1896 2727; x_wconf 91' lang='lat' dir='ltr'><strong>eo,</strong></span> 
     </span>
    </p>
   </div>
   <div class='ocr_carea' id='block_1_113' title="bbox 211 2725 1899 2774">
    <p class='ocr_par' dir='ltr' id='par_1_113' title="bbox 211 2725 1899 2774">
     <span class='ocr_line' id='line_1_114' title="bbox 211 2725 1899 2774; baseline 0.005 -18"><span class='ocrx_word' id='word_1_824' title='bbox 211 2725 263 2766; x_wconf 88' lang='lat' dir='ltr'><strong>qui</strong></span> <span class='ocrx_word' id='word_1_825' title='bbox 289 2735 348 2757; x_wconf 90' lang='lat' dir='ltr'><strong>non</strong></span> <span class='ocrx_word' id='word_1_826' title='bbox 377 2726 573 2758; x_wconf 87' lang='lat' dir='ltr'><strong>obediverunt</strong></span> <span class='ocrx_word' id='word_1_827' title='bbox 600 2725 748 2758; x_wconf 85' lang='lat' dir='ltr'><strong>mandatis</strong></span> <span class='ocrx_word' id='word_1_828' title='bbox 776 2728 854 2766; x_wconf 86' lang='lat' dir='ltr'><strong>ejus,</strong></span> <span class='ocrx_word' id='word_1_829' title='bbox 882 2727 1030 2767; x_wconf 90' lang='lat' dir='ltr'><strong>quomodo</strong></span> <span class='ocrx_word' id='word_1_830' title='bbox 1071 2725 1123 2766; x_wconf 88' lang='lat' dir='ltr'><strong>qui</strong></span> <span class='ocrx_word' id='word_1_831' title='bbox 1137 2730 1169 2758; x_wconf 91' lang='lat' dir='ltr'><strong>ut</strong></span> <span class='ocrx_word' id='word_1_832' title='bbox 1183 2736 1328 2759; x_wconf 72' lang='lat' dir='ltr'><strong>caecorum</strong></span> <span class='ocrx_word' id='word_1_833' title='bbox 1344 2729 1445 2761; x_wconf 90' lang='lat' dir='ltr'><strong>oculos</strong></span> <span class='ocrx_word' id='word_1_834' title='bbox 1456 2729 1595 2770; x_wconf 87' lang='lat' dir='ltr'><strong>aperiret,</strong></span> <span class='ocrx_word' id='word_1_835' title='bbox 1608 2725 1771 2764; x_wconf 75' lang='lat' dir='ltr'><strong>humanum</strong></span> <span class='ocrx_word' id='word_1_836' title='bbox 1786 2725 1899 2774; x_wconf 84' lang='lat' dir='ltr'><strong>corpus</strong></span> 
     </span>
    </p>
   </div>
   <div class='ocr_carea' id='block_1_114' title="bbox 251 2815 973 2856">
    <p class='ocr_par' dir='ltr' id='par_1_114' title="bbox 251 2815 973 2856">
     <span class='ocr_line' id='line_1_115' title="bbox 251 2815 973 2856; baseline 0.003 -9"><span class='ocrx_word' id='word_1_837' title='bbox 251 2815 283 2841; x_wconf 75' lang='grc'><strong>16</strong></span> <span class='ocrx_word' id='word_1_838' title='bbox 296 2815 354 2848; x_wconf 84' lang='lat' dir='ltr'><strong>Tit.</strong></span> <span class='ocrx_word' id='word_1_839' title='bbox 371 2824 392 2856; x_wconf 83' lang='grc' dir='ltr'><strong>ι,</strong></span> <span class='ocrx_word' id='word_1_840' title='bbox 411 2816 463 2849; x_wconf 79' lang='grc'><strong>16.</strong></span> <span class='ocrx_word' id='word_1_841' title='bbox 503 2817 532 2842; x_wconf 85' lang='grc'>¹⁷</span> <span class='ocrx_word' id='word_1_842' title='bbox 545 2816 560 2848; x_wconf 92' lang='lat' dir='ltr'><strong>I</strong></span> <span class='ocrx_word' id='word_1_843' title='bbox 573 2816 658 2850; x_wconf 81' lang='lat' dir='ltr'><strong>Joan.</strong></span> <span class='ocrx_word' id='word_1_844' title='bbox 675 2825 717 2856; x_wconf 87' lang='lat' dir='ltr'><strong>lu,</strong></span> <span class='ocrx_word' id='word_1_845' title='bbox 735 2817 765 2848; x_wconf 89' lang='lat'><strong>6.</strong></span> <span class='ocrx_word' id='word_1_846' title='bbox 808 2817 837 2842; x_wconf 68' lang='grc'><strong>18</strong></span> <span class='ocrx_word' id='word_1_847' title='bbox 851 2816 927 2850; x_wconf 85' lang='lat' dir='ltr'><strong>Ibid.</strong></span> <span class='ocrx_word' id='word_1_848' title='bbox 944 2818 973 2849; x_wconf 87' lang='lat'><strong>8.</strong></span> 
     </span>
    </p>
   </div>
  </div>
