1978 3078
52 139 116 171 465
766 143 907 174 ORATIO

929 142 1039 174 XXIX.
1686 144 1745 177 466

53 207 234 246 assumpsit,
252 217 311 238 non
328 212 422 248 potest
451 218 509 238 non
537 209 612 239 viam
631 210 719 249 hujus
733 209 800 240 vita:
815 208 1033 239 car-Atiamus
1048 209 1198 247 omnibus,
1231 214 1263 240 et
1287 209 1322 240 ad
1352 214 1505 249 angustam
1529 214 1619 251 atque
1635 214 1749 242 arctam

54 251 160 291 pendo
176 252 352 292 delinquere
370 262 376 284 :
408 253 505 284 adhuc
521 254 601 284 enim
621 263 717 285 crecus
733 258 788 288 est,
804 259 833 284 et
848 253 884 284 ad

52 296 86 326 id
104 295 187 336 quod
205 297 322 336 proprie
339 297 447 327 malum
466 301 520 334 cst,
537 307 554 328 a
581 297 658 328 bono
676 299 885 329 internoscen-

53 340 132 370 dum
150 349 280 380 superno
297 341 457 381 diviuoque
484 342 608 382 lumine,
625 352 698 382 opus
715 342 812 373 habet.
840 342 884 373 Ab

55 385 145 414 omni
161 385 250 423 igitur
279 390 421 425 peccante
452 387 514 416 haec
543 391 667 427 quatuor
681 387 885 428 requiruntur.

54 428 93 459 Ut
108 433 273 468 cognoscat
282 430 361 460 unde
375 430 636 469 priveturlumine,
649 431 771 461 edoctus
783 434 887 471 myste-

52 473 152 511 rium,
170 484 207 504 ne
223 474 261 506 sit
277 474 425 514 stupidus.
443 474 594 506 Confessio
603 480 802 515 peccatorum,
814 475 888 506 utsit

52 527 161 550 verus.
179 519 259 558 Fuga
275 519 467 550 occasionum
484 523 513 550 et
539 529 709 560 causarum,
726 520 833 560 quibus
848 519 885 550 ad

54 562 245 602 peccandum
262 563 438 603 impellitur,
455 573 492 594 ne
508 563 546 593 sit
561 563 668 594 stultus
684 569 713 594 et
727 564 884 604 insipiens.

54 608 228 644 Postremo,
246 611 278 637 ut
294 607 441 638 medicum
458 610 538 647 petat
566 617 583 637 a
609 608 672 638 solo
688 607 804 638 Christo
820 617 885 638 me-

55 650 142 690 dico,
158 651 209 691 qui
225 651 369 682 contritas
384 655 479 688 sanat,
497 656 525 682 et
554 651 641 682 modo
659 652 787 692 quodam
804 652 886 682 inex-

56 694 191 735 plicabili
207 695 403 726 contritiones
418 696 529 736 alligat,
546 696 677 736 dicitque
691 706 697 726 :
725 697 818 727 Fides
833 701 885 727 tua

57 744 85 769 te
93 739 217 770 salvum
226 741 308 778 fecit,
327 741 401 771 vade
415 742 445 771 in
458 749 534 780 pace
546 741 590 770 ‘9:
609 740 719 781 alioqui
734 741 812 771 enim
830 741 886 771 vita

54 783 86 814 in
103 793 189 824 pace,
208 784 341 824 citraque
357 785 457 825 lapsus
488 785 555 824 degi
582 795 640 816 non
658 790 764 825 potest.
781 785 821 815 Ex
838 785 884 816 his

55 829 188 870 primum
205 830 278 860 illud
292 831 400 861 bonum
416 835 480 868 est;
498 831 661 862 secundum
678 831 803 869 melius;
822 835 882 862 ter-

925 253 999 283 viam
1017 253 1217 292 procedimus,
1237 258 1266 284 et
1280 263 1297 284 a
1312 255 1434 291 mundo,
1449 255 1667 295 mundanisque
1683 264 1747 286 cor«

926 297 1067 337 poraliter
1081 298 1300 338 quodammodo
1316 303 1515 338 amputamur,
1533 303 1562 330 et
1576 299 1612 330 ab
1627 299 1687 330 alia
1702 309 1749 331 re-

927 341 1025 381 gione,
1044 342 1120 380 loco,
1134 346 1164 372 et
1178 342 1251 374 urbe
1267 342 1303 372 ad
1319 343 1405 373 aliam
1423 343 1647 379 habitationem,
1661 353 1747 374 man-

928 386 1104 426 sionemque
1119 386 1273 422 abeuntes,
1291 387 1327 417 ad
1344 387 1484 424 stadium,
1516 388 1544 418 in
1561 398 1618 428 quo
1635 388 1749 419 virtutis

927 430 1004 469 viget
1020 430 1202 466 exercitatio,
1220 431 1404 471 devenimus,
1424 441 1476 472 per
1487 432 1654 463 institutum
1670 432 1747 470 vitae,

928 479 957 505 et
972 479 1082 506 sanctae
1095 475 1216 506 vivendi
1232 485 1365 506 normam
1379 485 1431 516 pro
1455 486 1508 506 suo
1524 477 1650 517 quisque
1666 477 1748 507 arbi-

927 519 985 550 trio
1001 519 1185 557 incedentes,
1201 524 1251 550 aut
1276 520 1363 550 etiam
1390 521 1603 555 accelerantes,
1620 530 1749 552 curren-

928 567 1030 603 tesque
1059 567 1088 594 et
1115 564 1246 603 vestigiis
1275 564 1392 595 Domini
1421 570 1512 595 nostri
1541 567 1611 596 Jesu
1639 565 1749 596 Christi

927 608 1110 645 insistentes,
1127 612 1159 638 ut
1175 617 1212 638 ne
1223 609 1351 648 amplius
1360 608 1450 639 rebus
1464 609 1605 647 perituris
1621 609 1750 640 delecte-

928 662 1004 689 mur,
1023 657 1051 683 et
1066 653 1199 683 voluntas
1217 653 1315 683 carnis
1345 653 1484 684 voluntati
1501 654 1623 693 spiritus
1638 654 1748 684 subda-

927 701 985 728 tur.
1002 697 1117 727 Idcirco
1132 707 1148 727 e
1164 697 1275 727 mundo
1291 697 1477 734 secedenles,
1495 698 1593 728 statim
1611 699 1748 729 mandata

926 740 1043 771 Domini
1060 741 1254 781 capessimus,
1273 746 1302 771 et
1317 741 1484 781 ejusjussis
1495 741 1750 782 obtemperantes,

924 785 1000 816 viam
1017 786 1046 816 in
1063 785 1170 816 malum
1184 786 1327 816 ferentem
1340 786 1538 825 auspicamur.

964 830 1018 861 Hic
1035 839 1122 870 porro
1139 830 1211 860 mihi
1229 830 1411 870 pensiculate
1423 830 1568 860 dictorum
1577 830 1635 860 vim
1651 831 1748 861 consi-

55 874 134 905 tium
150 875 338 914 praestantius
354 887 362 912 ;
379 879 516 915 quartum
533 876 652 916 proprie
667 875 788 912 bonum,
801 880 883 907 extra
894 872 913 896 Β
925 875 1007 906 dera.
1022 874 1150 905 Informa
1162 875 1261 905 animo
1273 874 1346 904 viam
1356 874 1431 905 bene
1444 875 1554 912 tritam,
1565 875 1748 915 quamlonga

56 918 140 959 quod
156 928 215 949 non
230 919 316 950 datur
330 920 431 960 salus;
459 924 491 950 ut
507 920 572 950 sine
588 920 682 950 tribus
698 920 880 951 anteceden-

56 963 140 994 tibus
169 968 305 1003 quartum
349 964 404 995 hoc
447 965 581 995 Christus
623 966 738 1005 operari
767 966 880 1005 nequit.

56 1007 154 1039 Valde
168 1008 316 1048 siquidem
332 1018 405 1049 opus
435 1009 534 1046 habet,
564 1013 596 1040 ut
626 1019 678 1040 nos
703 1009 783 1049 ipsos
801 1010 882 1050 prius

55 1061 266 1092 agnoscamus,
298 1062 355 1093 quo
384 1054 490 1090 sanati,
522 1053 628 1084 demus
656 1053 780 1092 gloriam
808 1055 877 1084 Deo.

56 1096 122 1132 Quo
140 1096 219 1126 enim
237 1101 321 1137 pacto
337 1097 482 1137 quispiam
499 1098 607 1138 adepta
625 1098 750 1128 sanitate
767 1098 882 1129 medico

54 1141 164 1180 gratias
180 1146 257 1180 agat,
274 1141 298 1172 si
316 1142 410 1173 morbi
424 1143 671 1182 magnitudinem,
695 1143 878 1183 gravitatem,

56 1190 85 1217 et
100 1195 248 1216 summam
265 1187 329 1226 ejus
344 1186 515 1227 depellendi
530 1187 733 1218 dilﬁcultatem
743 1193 811 1218 ante
820 1196 880 1219 non

55 1231 242 1271 perspexerit
258 1231 270 1261 ἲ
299 1231 437 1269 maxime,
469 1233 492 1262 si
519 1232 544 1262 is
558 1231 594 1262 ab
611 1232 668 1262 alio
689 1232 769 1262 nullo
785 1233 880 1263 medi-

55 1284 160 1306 corum
177 1275 275 1306 curari
301 1280 402 1316 queat.
436 1279 566 1308 Meretur
594 1277 673 1306 enim
703 1277 880 1317 supplicium

55 1320 254 1360 dirissimum,
284 1320 334 1360 qui
364 1325 483 1352 curatus
512 1320 627 1351 medico
657 1329 708 1361 pro
738 1321 880 1360 dignitate

55 1365 167 1404 gratias
183 1374 241 1395 non
257 1367 325 1404 agit.
343 1368 385 1397 Ac
402 1370 558 1405 propterea
586 1375 654 1396 eum
671 1375 687 1396 a
702 1375 758 1405 quo
775 1375 880 1396 sanan-

55 1409 111 1440 dus
127 1413 184 1445 est,
215 1418 303 1440 nosse
333 1409 432 1441 debet.
463 1409 538 1441 Hinc
567 1410 695 1448 visitare,
729 1413 759 1440 et
775 1419 880 1441 sanare

57 1453 246 1484 inﬁrmitates
277 1458 391 1484 nostras
420 1464 499 1493 saepe
528 1459 675 1491 moratur,
692 1455 880 1494 quantumvis

55 1498 244 1538 impleretur.
261 1497 357 1529 Parcit
368 1500 446 1529 enim
458 1491 556 1536 nobis,
569 1508 605 1529 ne
615 1491 722 1538 ingrati
733 1499 769 1529 ad
779 1508 880 1538 pwnas
889 1491 910 1517 C

56 1543 185 1582 majores
197 1542 398 1574 devolvamur.
410 1543 610 1579 Quamobrem
623 1547 768 1583 quotquot
780 1544 877 1574 homi-

56 1588 103 1617 nis
117 1586 262 1617 vocabulo
291 1596 459 1627 censemur,
491 1587 696 1627 dispiciamus,
727 1591 755 1617 et
779 1591 879 1618 atten-

56 1631 161 1662 damus
178 1631 263 1661 nobis
280 1640 403 1662 necesse
419 1636 474 1670 est,
502 1632 606 1662 ﬁdeles
632 1632 717 1671 juxta
732 1635 819 1671 atque
834 1631 881 1661 in—

57 1675 171 1706 ﬁdeles.
191 1675 272 1715 parvi
288 1679 377 1715 atque
404 1676 502 1715 magni
519 1685 526 1706 :
557 1680 590 1706 ut
604 1675 742 1706 inﬁdeles
758 1675 879 1715 quidem

56 1719 92 1750 ad
108 1719 305 1759 cognitionem
338 1724 367 1750 et
395 1721 484 1750 ﬁdem
514 1720 567 1750 Dei
599 1720 762 1750 conditoris
785 1720 880 1751 nostri

61 1764 238 1794 veniamus:
268 1764 383 1801 ﬁdeles,
415 1769 446 1794 ut
473 1765 532 1795 vita
563 1764 610 1804 pie
639 1768 716 1800 acta,
735 1763 878 1794 eidemin

58 1808 138 1838 omni
152 1816 242 1848 opere
257 1807 334 1838 bono
365 1808 517 1847 placentes
545 1817 742 1848 appareamus
759 1818 766 1845 ;
783 1808 877 1847 parvi,

58 1857 88 1882 ut
103 1852 216 1891 magnis
232 1856 354 1891 propter
363 1852 521 1883 Dominum
533 1852 745 1891 subjiciamur;
769 1852 876 1891 magni,

59 1901 89 1927 ut
105 1905 173 1935 erga
186 1905 288 1936 parvos
298 1900 435 1937 tanquam
455 1902 595 1937 parentes
615 1906 683 1935 erga
693 1896 878 1927 liberosat’ﬁ-

58 1941 179 1976 ciamur,
212 1945 332 1981 propter
360 1941 530 1972 mandatum
564 1941 694 1975 Domini,
725 1940 875 1971 dicentis:

58 1985 202 2023 Quandz'u
222 1986 339 2024 fecistis
360 1986 415 2016 um'
443 1986 573 2016 istorum
588 1994 625 2016 ea:
639 1985 775 2016 minimis
790 1985 875 2021 meis,

57 2030 131 2061 mihi
141 2030 256 2068 fecistis
263 2029 304 2060 20.
316 2029 379 2060 Νοη
391 2030 483 2070 enim,
496 2029 574 2069 quod
582 2029 701 2070 quidam
708 2029 876 2068 opinantur,

59 2075 94 2105 de
123 2073 301 2114 pauperibus
331 2075 546 2109 tantummodo,
576 2079 606 2104 et
632 2074 711 2104 victu
735 2082 878 2112 corporeo

59 2118 210 2158 egentibus
236 2119 292 2149 hoc
308 2119 392 2155 dixit,
410 2119 460 2149 sed
477 2118 515 2149 de
530 2117 670 2149 fratribus
685 2118 753 2148 item
771 2117 911 2156 nostrisp

59 2163 207 2199 omnibus,
225 2163 275 2203 qui
291 2172 350 2193 non
366 2163 442 2193 fame
460 2163 565 2203 pamis,
583 2167 611 2193 et
640 2163 689 2193 siti
714 2171 808 2202 aquae,
827 2161 878 2192 sed

60 2205 206 2246 segnitiei,
224 2211 253 2236 et
269 2206 479 2237 inobedientiae
504 2207 709 2237 mandatorum
734 2206 788 2236 Dei
803 2215 877 2235 con-

60 2252 225 2282 tabescunt.
253 2250 366 2282 Omnes
394 2251 493 2291 itaque
523 2259 689 2288 curramus,
720 2250 876 2290 aniequam

60 2295 143 2327 nobis
159 2305 212 2335 per
226 2299 353 2326 mortem
383 2295 565 2335 poenitentize
591 2295 683 2335 janua
710 2294 876 2325 claudatur.

60 2341 228 2380 Curramus,
261 2344 293 2370 ut
329 2344 397 2370 ante
437 2341 546 2370 exitum
576 2339 876 2379 comprehendamus.

59 2385 253 2424 Festinamus,
270 2389 301 2414 ut
315 2384 507 2424 accipiamus.
537 2384 703 2420 Pulsemus,
734 2386 765 2414 ut
780 2382 878 2423 prius-

62 2439 145 2470 quam
159 2429 196 2460 de
208 2429 263 2460 hac
276 2429 342 2459 luce
355 2429 526 2468 migremus,
541 2428 668 2468 paradisi
690 2431 803 2467 portam
819 2426 879 2457 Do-

61 2475 155 2505 minus
171 2474 256 2504 nobis
271 2476 395 2510 reseret,
414 2477 442 2503 et
458 2473 590 2512 seipsum
607 2472 788 2502 manifestet.
807 2471 879 2502 Stu-

61 2520 179 2550 deamus
194 2527 319 2557 regnum
335 2517 477 2547 caelorum
493 2517 570 2547 intra
598 2527 653 2547 nos
670 2516 834 2556 acquirere,
852 2519 882 2546 et

61 2564 184 2604 idipsum
202 2571 395 2602 cognoscere,
425 2571 458 2592 ac
485 2561 607 2598 sentire,
637 2565 667 2591 et
695 2570 733 2592 ne
748 2561 812 2591 sine
828 2560 879 2591 illo

63 2609 128 2639 hinc
143 2607 340 2637 discedamus.
356 2606 465 2636 Ircirco
483 2606 561 2636 enim
578 2606 723 2636 etChristi
741 2605 879 2636 mandato

63 2661 112 2692 pro
128 2651 260 2682 subsidio
291 2650 412 2690 utimur,
440 2654 542 2690 utpote
573 2654 693 2690 propter
707 2659 772 2686 nos,
798 2649 880 2679 inﬁr-

62 2697 249 2736 mitatemque
267 2698 398 2726 nostram
423 2694 607 2735 prascripto.
638 2693 753 2725 Idcirco
769 2702 880 2724 renun-

97 2781 123 2806 ίθ
136 2781 208 2813 Luc.
225 2788 277 2816 vn,
294 2779 345 2811 50.
387 2778 416 2804 ’0
430 2779 532 2810 Matth.
550 2787 619 2817 xxv,
636 2778 685 2810 40.

923 924 977 956 est,
992 920 1117 958 pedibus
1128 919 1243 951 scilicet
1254 929 1356 950 eorum
1371 920 1420 959 qui
1434 924 1662 959 pra-cesserunt.
1672 920 1747 952 Hinc

922 964 993 994 inde
1005 969 1131 1001 montes,
1147 963 1246 1000 silvas,
1258 973 1346 1003 rupes
1355 964 1497 1001 excelsas,
1511 964 1649 1003 scopulos
1661 969 1748 1005 atque

923 1009 1014 1039 valles
1025 1010 1163 1047 concipe.
1177 1008 1249 1039 Cum
1264 1009 1310 1038 his
1323 1008 1517 1038 nihilominus
1528 1018 1660 1048 campos,
1679 1009 1746 1039 hor-

925 1058 979 1088 tos,
997 1052 1061 1083 loca
1074 1052 1206 1092 jucunda
1221 1057 1249 1082 et
1264 1052 1416 1089 umbrosa,
1442 1052 1587 1092 longeque
1602 1053 1746 1083 amoenis-

923 1097 1008 1133 sima,
1027 1102 1054 1128 et
1072 1096 1239 1135 omnigenis
1258 1096 1404 1127 fructibus
1419 1096 1613 1127 abundantia.
1629 1096 1747 1128 Deinde

923 1151 981 1172 non
989 1141 1171 1172 mediocrem
1179 1141 1340 1171 bestiarum
1350 1140 1746 1177 multitudinem,latronum-

923 1195 992 1226 que,
1001 1185 1211 1217 etsicariorum
1224 1185 1329 1223 globos
1342 1185 1465 1224 perloca
1477 1185 1526 1215 illa
1539 1185 1743 1222 absconditos,

922 1230 974 1261 His
992 1231 1030 1261 ita
1046 1239 1078 1261 se
1093 1230 1281 1266 habentibus,
1314 1240 1348 1260 ex
1377 1230 1461 1260 hisce
1480 1230 1552 1260 locis
1581 1230 1681 1261 nullus
1696 1235 1747 1261 aut

922 1274 1148 1312 incscabitnos,
1166 1283 1347 1313 sensumque
1372 1279 1505 1305 nostrum
1534 1274 1742 1313 commovebit,

922 1324 971 1349 aut
987 1329 1096 1350 nocere
1111 1319 1198 1350 nobis
1211 1319 1329 1359 poterit,
1347 1318 1540 1359 sequentibus
1551 1323 1679 1356 sanctos,
1693 1320 1744 1359 qui

923 1363 1744 1404 prmiverunt,eademquesemitaauibulantibus,quailli

921 1409 1154 1439 ambulaverunt.
1168 1407 1380 1438 Incedentibus
1391 1408 1499 1447 quippe
1511 1407 1596 1438 nobis
1607 1417 1660 1448 per
1669 1409 1743 1438 viam

922 1452 1129 1483 mandatorum
1147 1452 1198 1482 Dei
1214 1461 1247 1482 ac
1261 1451 1379 1483 Domini
1395 1453 1488 1482 nostri
1499 1451 1632 1489 citraque
1642 1461 1730 1492 respe

922 1501 1000 1527 ctum
1012 1496 1047 1526 ad
1063 1505 1098 1527 ea
1108 1505 1173 1536 qua:
1181 1499 1260 1526 retro
1272 1500 1342 1526 sunt
1362 1497 1462 1525 omnia
1474 1505 1539 1535 qua:
1550 1495 1657 1526 audisti
1674 1505 1744 1535 per-

922 1540 1099 1578 meantibus,
1117 1549 1206 1571 nemo
1222 1549 1319 1580 neque
1334 1540 1484 1570 latronum
1500 1540 1633 1576 illorum,
1645 1548 1743 1579 neque

921 1586 1085 1617 belluarum
1102 1589 1206 1626 aperte
1221 1594 1256 1615 ac
1273 1589 1408 1624 proterve
1424 1584 1553 1621 insultat,
1569 1588 1618 1614 aut
1632 1593 1743 1624 appro-

922 1630 1066 1670 pinquare
1081 1630 1180 1661 audet.
1198 1630 1411 1660 Verumtamen
1423 1628 1494 1659 alios
1504 1629 1659 1664 remotius,
1672 1629 1744 1659 alias

921 1674 1066 1710 vicinius;
1086 1674 1136 1704 alii
1155 1673 1250 1704 minas
1263 1673 1613 1713 intendunt,caedemque
1624 1673 1742 1712 spiran-

921 1718 999 1749 tibus
1010 1718 1104 1749 oculis
1112 1727 1170 1748 non
1182 1717 1308 1751 obeunt;
1321 1717 1372 1747 alii
1382 1717 1558 1757 quibusdam
1569 1717 1744 1747 delinimen—

922 1763 957 1793 tis
974 1767 1002 1793 et
1023 1762 1175 1793 blanditiis
1203 1761 1366 1801 amicisque
1393 1761 1548 1801 colloquiis
1562 1761 1739 1791 vicissitudi-

921 1818 990 1839 nem
1005 1813 1034 1838 et
1048 1807 1299 1838 intermissionem
1309 1806 1393 1837 nobis
1401 1807 1539 1846 offerunt,
1557 1810 1742 1837 etostentant

921 1852 1055 1882 locorum
1082 1860 1136 1892 per
1150 1851 1288 1891 regiones
1303 1851 1531 1892 dglectamt'nla,
1550 1855 1578 1881 et
1594 1851 1741 1881 fructuum

920 1899 1051 1936 speciem
1069 1887 1313 1936 pulcherrimam,
1326 1887 1542 1935 hortanturque
1552 1899 1582 1925 ut
1594 1895 1740 1935 paulatum

919 1940 1154 1980 requiescentes,
1172 1939 1303 1970 laborem
1319 1939 1373 1969 vim
1383 1940 1584 1977 consolemur,
1597 1939 1673 1970 etde
1683 1940 1742 1970 l'ru-

919 1984 1015 2015 ctibus
1030 1985 1119 2015 edere
1133 1983 1270 2020 suadent,
1290 1983 1355 2022 plus
1379 1983 1551 2022 voluptatis,
1579 1993 1666 2023 quam
1691 1993 1744 2024 pro

921 2038 1022 2060 eorum
1030 2027 1356 2069 aspectuaﬁerenlibus.
1369 2027 1476 2058 Multos
1489 2028 1611 2067 insuper
1623 2027 1742 2066 laqueos

921 2072 1018 2109 nobis,
1031 2072 1262 2112 occasionesque
1271 2072 1305 2102 ad
1326 2071 1504 2111 capiendum
1519 2071 1626 2109 varias,
1637 2072 1743 2102 callide

922 2119 1087 2156 excogitant
1099 2125 1106 2153 ;
1119 2126 1174 2147 nec
1185 2116 1213 2146 id
1226 2125 1279 2155 per
1292 2115 1369 2145 diem
1382 2115 1489 2152 solum,
1503 2116 1554 2145 sed
1573 2125 1627 2155 per
1642 2120 1743 2146 noctes

923 2161 1026 2192 etiam:
1040 2170 1096 2191 nec.
1104 2161 1258 2200 vigilantes
1274 2159 1372 2197 modo,
1385 2169 1486 2189 verum
1499 2159 1587 2189 etiam
1595 2160 1744 2190 dormien.

920 2210 965 2236 tes
976 2205 1202 2244 aggrediuntur;
1215 2204 1364 2235 interdum
1377 2204 1496 2244 quidem
1508 2203 1742 2242 titillationibus,

921 2250 1190 2285 etexorationibus;
1205 2248 1355 2279 interdum
1370 2248 1502 2278 ciborum
1516 2248 1744 2278 interdicturum

920 2298 1004 2333 gustu
1022 2304 1029 2332 ;
1046 2293 1194 2324 interdum
1211 2302 1277 2324 cum
1288 2292 1413 2330 lacibus,
1427 2292 1612 2332 lampadibus
1622 2297 1650 2322 et
1663 2292 1742 2322 ensi-

922 2339 976 2368 bus
989 2342 1127 2378 tanquam
1138 2338 1277 2374 latrones,
1291 2341 1412 2369 ctmare
1432 2337 1580 2368 latronum
1596 2346 1649 2367 nos
1663 2337 1743 2367 inva-

922 2383 1005 2420 dunt,
1024 2386 1229 2422 terroremque
1256 2381 1359 2412 mortis
1387 2381 1546 2411 incutiunt.
1574 2381 1744 2412 Percellunt

922 2436 975 2457 nos
984 2426 1263 2457 arbitrantes-etiam
1275 2435 1291 2456 a
1302 2432 1384 2456 recto
1407 2425 1514 2456 itinere
1525 2434 1692 2456 aversuros.
1709 2425 1743 2456 Et

921 2470 1057 2501 nonnulli
1073 2470 1194 2510 quidem
1210 2470 1248 2500 de
1263 2469 1336 2509 ipsis
1352 2473 1474 2500 monent
1488 2469 1552 2500 ﬁeri
1568 2479 1627 2500 non
1644 2479 1741 2509 posse,

922 2520 953 2546 ut
964 2515 1097 2556 quandiu
1114 2515 1248 2553 vivimus,
1265 2515 1354 2555 hujus
1368 2514 1422 2545 vim
1448 2515 1637 2546 difﬁcultates
1651 2515 1744 2546 susti-

921 2570 1055 2592 neamus.
1073 2560 1145 2601 Alii,
1161 2561 1224 2590 haec
1240 2569 1306 2590 esse
1334 2559 1516 2599 infrugil'era,
1535 2564 1643 2600 etquae
1657 2561 1743 2591 labo-

921 2604 1055 2635 rantibus
1071 2604 1181 2635 nullam
1215 2609 1324 2643 queant
1351 2604 1508 2634 utilitatem
1540 2613 1654 2643 parere.
1684 2604 1744 2636 Alii

921 2658 1072 2689 nunquam
1089 2658 1157 2679 esse
1172 2658 1228 2678 nec
1244 2648 1307 2678 fore
1323 2649 1412 2678 ﬁnem
1429 2649 1517 2687 hujus
1526 2649 1589 2685 viae,
1608 2657 1644 2679 eo
1659 2657 1743 2688 argu-

922 2698 1033 2731 mento,
1050 2693 1129 2734 quod
1145 2692 1322 2733 quibusdam
1337 2701 1385 2723 res
1414 2701 1516 2733 parum
1533 2692 1661 2724 feliciter
1677 2702 1744 2732 pro-
