1978 3078
56 178 116 217 451

760 184 901 218 ORATIO
922 184 1060 217 XXVIII.

1683 191 1742 222 458

57 251 120 299 Deo
129 255 158 281 et
169 251 492 299 angelispromittimus
501 252 516 282 εἰ
525 251 619 299 Quam
635 252 672 283 ob
686 260 803 299 causam
810 259 879 299 vero
889 256 908 281 Α
922 251 986 287 bus,
1012 255 1040 299 et
1055 251 1122 283 tolle
1133 261 1250 299 crucem
1260 257 1361 299 tuam,
1378 258 1405 286 et
1419 257 1488 287 veni
1498 265 1625 297 sequere
1639 267 1685 289 me
1698 259 1739 299 93,

59 294 198 330 militare,
224 295 393 335 Christique
407 295 602 327 bellatoribus
616 296 769 327 accenseri
785 295 881 326 volui-

58 347 125 368 mus
141 339 154 368 ἲ
170 349 269 369 nonne
285 343 316 369 ut
342 344 444 370 contra
467 341 567 371 hostes
583 341 636 371 sub
652 345 804 380 aspectum
820 349 879 370 non

57 383 211 413 venientes
228 392 436 423 pugnaremus,
460 388 493 415 ut
513 385 878 415 contraconcitatosanimi

57 430 156 457 motus
170 427 278 458 bellum
293 436 519 467 capesseremus
531 429 544 458 ἲ
554 429 589 459 Et
601 439 691 469 nunc,
708 429 832 469 perinde
846 434 879 459 nt

57 471 81 501 si
97 476 182 511 pacta
197 476 341 502 conventa
354 482 442 503 nemo
463 482 480 504 a
502 473 588 503 nobis
603 478 759 504 exacturus
773 473 810 503 sit
826 482 879 503 nos

56 517 188 555 gerimus
205 527 211 548 :
230 517 377 557 solutique
392 518 498 548 timore
526 519 578 550 Dei
602 525 631 549 et
652 522 789 549 mandata
814 519 877 558 ejus

56 564 279 592 contemnentes
296 561 428 594 vivimus.
445 562 514 593 Mihi
544 563 683 603 equidem
700 563 729 593 in
745 567 875 593 mentem

54 605 134 635 venit
162 605 316 643 admirari,
345 607 493 647 quomodo
521 606 551 637 in
581 611 688 637 tantam
719 607 875 646 caliginem

56 649 350 690 prmcipitaverimus,
369 651 527 691 omniaque
543 661 610 682 cum
636 651 802 682 animorum
817 661 874 681 no-

55 697 183 723 strorum
201 694 378 725 detrimento
389 695 546 725 faciamus:
559 704 685 735 cumque
697 695 874 735 nosmetipsi

52 737 233 776 jugulemus,
247 739 274 769 id
287 743 424 779 tanquam
437 739 492 770 vivi
503 749 537 770 ac
555 739 728 779 superstites
743 749 802 770 non
818 748 871 770 cu-

54 790 174 812 remus:
191 783 365 823 etcumipsi
378 793 430 813 nos
452 791 638 823 peccatorum
659 784 782 814 vinculis
798 793 871 814 con-

54 826 243 865 stringamus,
261 827 347 858 etiam
363 828 502 866 gaudium
531 830 686 868 agitemus,
703 827 870 858 committa-

55 879 177 910 musque
192 871 364 912 omniaquae
378 874 454 902 Deus
464 873 536 910 odit,
550 877 649 913 etquae
660 873 688 903 in
704 873 869 912 gehennam

55 914 129 953 ignis
143 915 257 946 animas
282 921 396 947 nostras
424 917 594 950 deturbent.
628 921 656 948 et
671 927 705 947 ea
720 917 835 947 vincula
850 926 866 946 a

55 958 138 989 nobis
148 960 326 998 auferentes,
337 961 716 1001 quasitruculentaebest‘az,
726 961 868 992 devorare

56 1012 205 1035 conemur.
222 1003 295 1035 Nam
318 1005 342 1035 si
363 1014 380 1035 a
408 1006 544 1046 quopiam
561 1006 705 1036 fuerimus
719 1005 865 1045 impediti,

56 1056 93 1077 nc
108 1047 177 1087 quid
193 1053 296 1079 contra
318 1049 433 1079 animas
456 1054 571 1079 nostras
600 1050 766 1089 moliamur,
784 1049 866 1079 illum

57 1100 135 1122 more
150 1101 254 1123 canum
283 1093 452 1124 rabidorum
479 1093 660 1131 allatramus,
690 1098 719 1124 et
732 1093 867 1124 comitiis

56 1135 240 1175 incessimus,
257 1147 313 1169 nec
327 1138 502 1172 desinimus,
520 1138 615 1169 donec
643 1147 676 1169 re
702 1142 867 1178 perpetrata

56 1180 161 1211 animis
172 1182 281 1213 nostris
296 1182 416 1213 exitium
432 1182 668 1213 conﬂaverimus.
679 1182 867 1213 Postmodum

56 1225 89 1255 ad
105 1225 154 1265 huj
160 1226 274 1257 usmodi
285 1227 505 1267 perversitatem
517 1226 685 1264 assuefacti,
696 1226 870 1257 naturaliter

56 1270 193 1308 perversi,
210 1275 297 1310 atque
325 1270 453 1311 improbi
469 1271 645 1311 ,redditnur,
675 1279 729 1301 nec
744 1270 869 1310 amplius

56 1313 125 1344 coelo
141 1319 226 1354 caput
247 1315 352 1346 tollere
380 1315 462 1346 libet.
480 1315 536 1346 Ubi
554 1319 619 1355 post
634 1315 786 1345 hominum
803 1324 864 1345 me-

56 1358 173 1389 moriam
188 1359 295 1390 similis
318 1359 497 1391 machinatio
518 1359 617 1390 audita
631 1363 675 1390 est
688 1359 701 1388 ?
718 1359 789 1395 Quis
803 1359 865 1389 dae-

56 1412 121 1433 mon
137 1404 253 1435 modum
271 1404 448 1444 perditionis
472 1405 528 1435 hoc
552 1406 694 1443 majorem
710 1403 865 1434 adversum

57 1447 164 1478 animas
179 1453 293 1480 nostras
322 1448 500 1489 excogitabit
528 1448 587 1478 imo
614 1453 706 1486 certe,
724 1448 795 1489 quid
810 1449 866 1479 hoc

56 1493 177 1532 amplius
191 1498 292 1524 contra
311 1503 366 1524 nos
394 1495 543 1524 daemones
558 1503 624 1523 cum
641 1493 721 1523 omni
736 1502 817 1533 cura,
836 1498 866 1524 et

880 909 900 932 B

920 296 1110 333 tentationes,
1127 305 1161 326 ac
1177 297 1385 330 tribulationes
1413 301 1510 331 crucis
1527 296 1646 333 nomine
1664 296 1738 334 insi;

920 350 1024 386 nuans.
1047 342 1225 386 Darerporro
1243 342 1352 380 omnia,
1370 345 1510 383 pecunias
1526 356 1559 376 ac
1576 348 1739 386 possessio-

920 395 996 430 nes,
1016 385 1183 415 incursibus
1208 391 1305 417 autem
1335 388 1528 420 tentationum
1558 385 1738 430 reliquorum

919 428 1094 460 acerborum
1119 439 1153 460 ac
1184 430 1376 461 molestorum
1407 442 1464 462 non
1494 428 1738 465 excelso-animo

918 473 1071 511 resistere,
1083 473 1190 504 animae
1201 474 1321 513 ignavae,
1335 483 1370 505 ac
1381 485 1433 506 sua
1444 477 1600 508 commoda
1615 487 1672 508 non
1690 480 1736 509 in-

918 517 1078 556 telligentis
1095 517 1167 548 nihil
1184 518 1310 550 videtur.
1326 518 1405 549 Nihil
1423 521 1500 550 enim
1519 522 1654 560 pecuniis
1670 527 1735 553 lati-

917 562 1067 591 tummodo
1084 562 1209 602 aliisque
1223 562 1312 594 rebus
1325 562 1501 603 abjiciendis
1509 574 1542 595 ac
1553 566 1735 603 deferendis,

917 609 945 636 et
959 605 994 636 ad
1013 606 1099 636 vitam
1115 607 1278 637 :tolitariem
1292 608 1490 646 confugiendo
1503 618 1529 648 px
1539 610 1667 647 oﬁcitur,
1681 611 1738 641 nisi

915 649 946 679 in
963 650 1187 688 tentationibus,
1205 655 1234 682 et
1259 651 1510 692 tribulationibus,
1528 657 1557 683 et
1571 655 1734 686 secundum

914 693 993 724 Deus
1005 695 1148 725 molestiis
1159 704 1253 735 usque
1271 695 1305 726 ad
1320 695 1408 726 finem
1432 705 1616 736 perseveres.
1633 698 1735 738 Neque

915 738 994 768 enim
1003 738 1139 769 Christus
1146 739 1221 769 Deus
1229 740 1367 770 nosterin
1375 749 1473 770 rerum
1482 746 1647 772 nostrarum
1657 743 1735 782 abje-

913 782 1022 823 ctione,
1039 783 1090 813 sed
1102 782 1132 812 in
1145 783 1284 822 patientia
1295 788 1393 814 nostra
1407 785 1520 815 animas
1532 789 1646 816 nostras
1663 797 1734 826 pos-

911 836 1044 857 sessuros
1055 828 1263 860 alfirmavit95.
1282 828 1464 859 Facultatum
1483 830 1510 859 in
1528 840 1673 870 pauperes
1687 831 1734 862 di-

911 871 1130 912 stributionem,
1149 873 1283 913 etfugam
1295 873 1393 903 saeculi
1406 873 1512 904 bonam
1528 879 1615 914 atque
1629 876 1730 907 utilem

911 925 943 946 es
960 925 976 946 e
991 920 1104 946 constat
1119 925 1126 947 :
1150 922 1350 948 verumtamen
1366 917 1427 947 sola
1442 927 1494 957 per
1505 918 1644 958 seipsam,
1657 919 1731 951 citra

908 960 1101 991 tentationurr
1110 961 1293 992 tolerantiam
1300 961 1463 997 ,hominem
1472 963 1634 993 secundum
1641 964 1731 995 Deum

908 1004 1069 1044 perfectum
1076 1005 1201 1036 reddere
1208 1015 1268 1036 non
1278 1010 1382 1046 potest.
1393 1005 1476 1042 Quod
1483 1011 1513 1036 ut
1522 1008 1561 1037 ita
1567 1017 1598 1037 se
1610 1007 1729 1044 habere,

909 1049 983 1079 etila
997 1049 1479 1090 Deoplacerecredas,audiipsius
1495 1052 1581 1081 verba
1597 1051 1634 1081 ad
1651 1052 1730 1082 divi-

908 1096 982 1122 tem:
1000 1093 1035 1124 Si
1050 1094 1093 1124 vis
1105 1095 1256 1133 perfectus
1269 1103 1343 1130 esse,
1359 1095 1453 1125 vende
1464 1103 1529 1134 qua
1539 1095 1642 1135 habes,
1655 1100 1681 1126 et
1692 1096 1731 1126 da

905 1139 1104 1177 pauperibus,
1121 1141 1149 1168 et
1168 1138 1240 1169 tolle
1252 1147 1369 1170 erucem
1381 1143 1475 1178 tuum,
1492 1144 1517 1170 et
1528 1140 1731 1180 renisequerc

908 1190 967 1212 me.
981 1181 1129 1213 Vocabqu
1144 1184 1253 1219 crucis,
1269 1187 1300 1213 ut
1319 1183 1430 1213 dictum
1452 1187 1497 1214 est
1521 1183 1730 1215 tribulationes

909 1229 938 1256 et
954 1226 1130 1256 tentationes
1144 1225 1300 1257 obscurius
1314 1226 1460 1265 significat
1490 1226 1632 1262 Quoniam
1648 1227 1728 1258 enim

909 1279 1035 1309 regnum
1048 1270 1190 1301 caelorum
1201 1271 1268 1301 vim
1279 1274 1406 1310 patitur,
1428 1275 1456 1301 et
1473 1273 1598 1302 riolenti
1605 1273 1730 1311 rapiunt

910 1315 986 1345 illud
996 1314 1038 1352 94,
1055 1314 1200 1345 aliterbue
1222 1314 1318 1345 ﬁdelis
1345 1315 1374 1344 in
1407 1315 1516 1355 ipsum,
1535 1316 1589 1345 n-.si
1606 1325 1659 1354 per
1672 1325 1728 1346 an-

907 1363 1020 1398 gustam
1037 1363 1151 1398 portam
1169 1358 1402 1398 tribulationum,
1430 1363 1458 1388 et
1476 1360 1667 1390 tentationum
1685 1360 1728 1390 in-

906 1403 997 1434 troire
1014 1403 1125 1443 nequit,
1142 1404 1248 1434 merito
1274 1403 1372 1433 divina
1403 1402 1553 1443 Sniptura
1570 1404 1701 1444 praecipit
1719 1413 1725 1434 :

906 1446 1080 1477 Contendile
1104 1447 1217 1477 intrare
1238 1455 1292 1486 per
1316 1450 1477 1486 angustam
1496 1451 1614 1486 portam
1628 1447 1669 1475 οδ.
1694 1447 1729 1477 Et

906 1491 1030 1522 iterum:
1040 1491 1077 1522 In
1085 1492 1235 1530 patientia
1246 1494 1345 1522 vestra
1351 1491 1670 1530 possidebitisanimas
1678 1500 1727 1522 ve-

57 1537 392 1570 sollicitudineinvenire
402 1538 559 1579 poterunt?
574 1538 729 1568 Monachos
740 1538 802 1568 fore
812 1547 865 1569 nos
875 1539 894 1564 C
906 1535 1031 1567 slras93.
1053 1535 1103 1566 Et:
1128 1536 1187 1566 Per
1206 1535 1318 1566 multas
1327 1535 1535 1566 trilmltttimtrs
1545 1539 1658 1575 oportet
1673 1544 1728 1566 nos

58 1582 276 1623 spopondimus,
303 1587 334 1615 et
348 1592 385 1614 en
401 1592 490 1623 supra
505 1582 671 1613 mundanus
686 1582 866 1621 improbitati

57 1635 107 1656 nos
116 1627 305 1665 alligavimus.
319 1628 362 1658 Ad
375 1627 496 1665 famem,
509 1627 600 1663 sitim,
615 1626 804 1658 aﬂiictionem
819 1637 866 1657 su—

58 1671 227 1710 stinendam,
245 1677 276 1703 ut
290 1677 357 1704 ante
380 1672 566 1709 dicebamus,
592 1671 733 1711 descripti
750 1681 862 1709 sumus,

58 1720 83 1746 et
98 1722 216 1756 propter
230 1718 350 1748 unicum
374 1717 458 1757 panis
474 1717 598 1747 frustum
618 1716 707 1756 (quod
723 1716 797 1746 forte
810 1725 863 1747 ex-

908 1580 1063 1610 intrurein
1070 1588 1196 1619 regnum
1205 1579 1356 1618 caelorum,
1368 1583 1398 1609 ut
1411 1583 1440 1609 et
1451 1579 1520 1610 alibi
1532 1580 1559 1609 id
1573 1579 1728 1619 Scriptura

907 1628 951 1654 tes
965 1624 1077 1655 atur97.
1096 1624 1177 1660 ["itt'i,
1195 1624 1334 1654 accedens
1350 1623 1565 1654 adseruitutem
1575 1623 1632 1653 Dei
1647 1632 1727 1663 prce-

904 1677 980 1707 paru
992 1670 1123 1699 animum
1140 1672 1223 1698 luam
1236 1668 1276 1698 ad
1288 1668 1501 1698 teniationem.
1515 1668 1659 1706 Deprime
1673 1676 1726 1698 cor

906 1711 1406 1751 tuum.elsustine98.EtApostolus:
1413 1711 1532 1749 Quodsi
1539 1715 1626 1741 extra
1633 1712 1725 1742 disci-

58 1763 98 1790 tra
119 1761 270 1792 definitum
292 1761 349 1792 cibi
375 1756 511 1792 sumendi
534 1765 649 1800 tempus
671 1759 865 1799 requirimus)
901 1757 1104 1796 plinnmcslis,
1117 1756 1646 1800 cuiusparticipesﬂu'tisuntomnes,
1657 1764 1727 1800 ergo

58 1804 148 1836 verbis
161 1806 283 1843 velitari,
297 1812 328 1837 et
340 1806 446 1845 probra
454 1806 567 1845 jactare
574 1814 631 1835 non
644 1804 861 1834 erubescimus.

60 1847 194 1881 Omnibus
203 1860 267 1891 quae
276 1850 306 1881 in
319 1850 428 1880 mundo
440 1853 517 1885 sunt,
529 1849 700 1879 renuntiare
716 1847 860 1885 venimus,

62 1894 230 1932 parentibus,
243 1895 374 1935 inquam,
385 1893 536 1932 fratribus,
548 1897 577 1923 et
587 1892 699 1929 amicis,
722 1896 751 1922 et
764 1896 864 1922 tamen

63 1936 122 1968 illos
138 1938 172 1969 de
189 1939 357 1970 monasterii
373 1937 498 1978 panibus
514 1938 593 1968 alere
611 1935 707 1976 potius
722 1944 781 1966 non
796 1945 862 1966 ces-

65 1989 163 2014 samus.
179 1983 316 2014 Mundum
331 1986 364 2013 ut
387 1983 500 2013 hostem
526 1981 665 2021 fugimus,
693 1983 722 2010 et
744 1979 863 2010 interim

67 2026 225 2065 mundanos,
242 2032 271 2058 et
285 2036 351 2067 qua}
365 2026 470 2057 mundi
484 2031 564 2066 sunt,
592 2024 658 2065 plus
673 2033 761 2066 quam
777 2024 863 2056 Chri-

66 2073 127 2101 stum
142 2071 235 2111 ipsum
248 2071 408 2111 diligimus.

98 2114 147 2150 Qui
160 2120 254 2147 autem
268 2116 387 2156 assequi
401 2115 464 2146 vult
476 2124 541 2156 quae
557 2115 647 2155 cupit,
659 2117 690 2146 et
700 2113 862 2151 desiderat,

69 2156 131 2189 bona
143 2159 194 2191 Dei
207 2160 356 2200 videlicet,
372 2163 401 2190 et
416 2169 452 2190 ex
473 2159 593 2190 homine
604 2159 634 2190 in
646 2159 782 2199 angelum
800 2162 862 2189 ter-

904 1801 1047 1835 mlullrri,
1061 1805 1157 1830 etnon
1166 1801 1226 1839 ﬁlii
1244 1801 1316 1830 estis
1325 1800 1366 1829 99.
1385 1800 1422 1830 Et
1437 1799 1494 1830 alio
1510 1799 1575 1830 loco
1593 1808 1600 1830 :
1618 1799 1725 1830 Omnia

905 1854 969 1884 qua:
986 1844 1036 1874 tibi
1053 1844 1234 1882 inferuntur,
1251 1848 1282 1874 ut
1300 1844 1377 1874 bona
1394 1844 1521 1882 suscipe,
1540 1844 1639 1874 sciens
1661 1843 1725 1874 sine

905 1888 966 1919 Deo
983 1888 1058 1918 nihil
1074 1888 1148 1918 tieri.
1166 1888 1220 1924 Qui
1236 1888 1315 1918 enim
1330 1888 1456 1918 fortunis
1473 1888 1535 1917 suis
1554 1887 1583 1917 in
1600 1891 1726 1927 egentes

906 1932 1021 1962 collatis
1032 1932 1166 1962 emundo
1179 1937 1206 1962 et
1217 1932 1305 1962 rebus
1319 1933 1383 1972 ejus
1394 1932 1518 1969 recedit,
1538 1933 1566 1961 in
1576 1941 1628 1971 Spe
1644 1940 1725 1961 mer—

905 1976 999 2012 cedis,
1016 1980 1046 2007 et
1060 1976 1207 2015 voluptate
1223 1976 1315 2006 multa
1329 1980 1423 2016 gestat
1450 1975 1674 2006 conscientiam.
1692 1974 1727 2005 Et

905 2020 1061 2060 aliquando
1092 2029 1163 2050 vana
1190 2019 1284 2059 gloria
1311 2019 1479 2051 mercedem
1510 2019 1634 2049 furatur.
1665 2018 1725 2053 Qui

904 2073 972 2095 vero
998 2067 1153 2104 postquam
1183 2064 1282 2093 omnia
1311 2064 1392 2094 dedit
1421 2063 1611 2104 pauperibus,
1629 2062 1721 2092 etiam

905 2108 1026 2138 molesta
1039 2107 1174 2145 sustinet,
1189 2112 1218 2138 et
1230 2107 1338 2146 gratias
1347 2108 1416 2146 agit,
1430 2113 1457 2137 et
1469 2107 1592 2137 adversa
1606 2106 1724 2146 patien-

903 2156 949 2183 ter
964 2151 1082 2192 perfert,
1097 2151 1127 2181 in
1142 2160 1178 2182 eo
1193 2152 1311 2191 quidem
1336 2152 1493 2182 maximam
1518 2151 1722 2187 acerbitatem,

69 2206 174 2234 restrem
189 2205 327 2244 migrare,
349 2194 569 2235 afflictationem
593 2194 726 2244 corporis
741 2202 860 2240 amabit,

910 2196 1049 2236 laborem,
1060 2205 1094 2226 ac
1108 2196 1240 2227 dolorem
1254 2195 1342 2226 sentit
1358 2206 1364 2225 :
1386 2196 1436 2226 sed
1451 2204 1580 2244 praesens
1595 2204 1629 2224 ac
1644 2194 1725 2224 futu-

71 2247 194 2279 malorum
208 2249 428 2289 perpassionem
453 2248 661 2288 amplectetur,
688 2247 864 2279 tentationes

72 2294 94 2320 ut
107 2293 194 2324 omnis
206 2294 274 2324 boni
294 2293 351 2324 sibi
366 2292 584 2324 conciliatrices
596 2292 673 2323 hand
688 2291 862 2332 aspernabi-

74 2335 160 2368 lur.Ut
174 2338 250 2369 enim
265 2347 369 2369 aurum
385 2337 477 2368 multa
492 2336 631 2368 infectum
648 2336 789 2375 aemgine,
806 2336 865 2366 nisi

75 2376 95 2408 in
107 2389 205 2419 prunas
216 2382 403 2422 conjiciatur,
417 2386 445 2412 et
458 2381 572 2412 malleis
583 2381 733 2418 tundatur,
746 2380 864 2421 purgari

77 2421 150 2465 aliter,
165 2430 247 2467 atque
262 2421 291 2458 in
321 2421 477 2467 pristinum
506 2426 649 2465 fulgorem
675 2425 791 2456 restitui
805 2433 863 2454 non

78 2471 163 2504 potest:
171 2470 212 2501 sic
218 2471 314 2502 anima
325 2479 443 2511 quoque
453 2469 565 2510 peccati
577 2468 706 2508 aerugine
713 2473 861 2508 cooperta.

80 2513 100 2539 et
117 2512 146 2542 ad
160 2523 300 2546 summum
315 2515 391 2545 facta
408 2515 535 2551 inutilis,
553 2514 610 2544 alia
625 2514 673 2544 via
689 2512 817 2553 purgari.
836 2517 864 2543 et

81 2555 200 2599 antiquam
213 2568 389 2599 recuperare
407 2559 659 2599 pulchritudinem
676 2559 789 2599 nequit,
807 2557 863 2588 nisi

81 2595 258 2630 tentationibus
271 2595 415 2640 jactetur;
428 2603 457 2630 et
480 2598 703 2630 tribulationum
719 2595 865 2628 conflatu-

83 2644 127 2668 Pam
140 2641 242 2675 subeat.
257 2644 329 2675 Nam
345 2648 374 2675 et
401 2644 477 2674 istuc
501 2642 619 2674 Domini
636 2642 729 2673 nostri
744 2641 865 2673 verbum

84 2680 238 2720 subindicat:
255 2688 352 2720 Vende
364 2687 522 2727 facultates
535 2690 617 2725 tuas,
627 2689 656 2718 et
666 2686 704 2717 da
712 2686 866 2727 pauperi-

904 2249 968 2270 rum
985 2239 1150 2279 praemium,
1178 2239 1389 2279 ingentemque
1417 2238 1642 2269 retributionem
1674 2246 1727 2277 pro

905 2284 1039 2325 perfugio
1052 2283 1150 2314 habet:
1177 2287 1278 2323 utpote
1293 2283 1344 2323 qui
1365 2283 1518 2323 passiones
1530 2282 1638 2313 Christi
1656 2281 1725 2311 imi-

905 2324 992 2366 tetur,
1011 2337 1140 2368 eumque
1152 2327 1182 2357 in
1198 2327 1302 2358 diebus
1320 2327 1527 2364 tentationum,
1545 2330 1574 2356 et
1593 2324 1725 2356 adversi-

906 2377 996 2405 tatum
1012 2374 1188 2403 irruentium
1204 2377 1360 2409 sustineat,
1373 2376 1401 2402 et
1413 2369 1725 2411 exspectet.Quocirca

905 2427 956 2448 oro
973 2426 1031 2454 vos,
1048 2416 1153 2447 fratres
1167 2416 1196 2446 in
1212 2416 1340 2453 Christo,
1358 2417 1463 2446 demus
1480 2423 1599 2455 operam
1617 2423 1726 2444 secun-

905 2462 974 2492 dum
995 2470 1097 2492 vocem
1108 2461 1236 2497 Domini,
1252 2462 1304 2492 Dei
1316 2470 1351 2491 ac
1370 2460 1529 2491 Salvatoris
1550 2458 1644 2489 nostri
1658 2457 1729 2489 Jesu

906 2506 1027 2543 Christi,
1039 2509 1070 2535 ut
1081 2509 1234 2545 postquam
1254 2506 1378 2545 mundo,
1396 2510 1424 2535 et
1434 2504 1480 2535 his
1489 2513 1553 2544 qua
1568 2503 1598 2533 in
1615 2501 1728 2533 mundo

905 2549 1189 2589 snntvalediximus,
1209 2559 1261 2589 per
1279 2553 1430 2589 angustam
1440 2553 1553 2588 portam
1568 2548 1725 2586 intremus,

907 2604 972 2635 quae
987 2594 1113 2625 carnalis
1127 2594 1220 2625 nostri
1231 2602 1346 2631 sensus,
1365 2592 1561 2624 etvoluntatis
1577 2589 1725 2632 praecisio,

907 2643 937 2670 et
950 2639 1016 2678 fuga
1032 2643 1086 2669 est.
1105 2637 1167 2668 Nisi
1183 2639 1261 2669 enim
1292 2639 1386 2676 carni,
1414 2635 1676 2677 concupiscentiis,
1694 2643 1729 2664 ac

907 2682 1104 2715 voluntatibus
1121 2683 1185 2722 ejus
1211 2683 1384 2723 moriamur,
1409 2681 1631 2720 remissionem,
1646 2678 1732 2709 abso-

114 2759 236 2806 9“health.
250 2768 365 2806 x1x,21.
408 2766 440 2792 95
453 2767 526 2798 Luc.
542 2772 610 2806 axi,
623 2765 670 2806 179.
712 2765 745 2790 94
759 2764 862 2806 Matth.
876 2771 919 2803 xI,
935 2762 984 2794 42.
1027 2762 1060 2788 9⁸
1075 2763 1177 2794 Matth.
1191 2772 1242 2801 vn,
1259 2762 1304 2795 13.
1346 2763 1379 2792 96.
1389 2763 1519 2799 Lucxxr,
1533 2762 1582 2794 19.
1623 2758 1655 2784 97
1666 2757 1730 2790 Act.

90 2802 132 2840 ma
143 2801 185 2835 21-
221 2806 252 2833 9⁸
263 2801 353 2840 Eccli.
370 2816 403 2846 ιι,
419 2809 450 2844 1,
466 2805 497 2838 2.
537 2805 570 2830 99
585 2805 680 2836 Hubr.
696 2812 751 2842 ιιι,
767 2805 797 2837 8.

210 2891 329 2927 ΡΑτιιοι..
343 2893 400 2926 Gn.
415 2889 498 2925 CXX.

1451 2886 1489 2917 ιδ
