1978 3078
226 166 286 199 459

874 161 1064 195 SYMEONIS
1083 159 1258 193 JUNIORIS

1849 163 1910 196 460

228 231 431 270 lutionemque
440 227 1048 268 malorum,etlibertatem,etsequentema
1057 235 1078 259 Α
1090 227 1218 268 cujusvis
1233 226 1363 257 nominis
1376 236 1430 266 per
1445 227 1649 266 paenitentiam
1663 228 1699 259 ad
1714 237 1747 259 se
1760 229 1912 261 venientis

228 279 330 306 sancto
342 273 454 314 Spiritu
470 272 705 303 consolationem
722 271 846 312 adipisci
862 281 920 302 non
937 273 1046 312 poteri-

229 327 309 349 mus:
325 327 390 358 quae
405 317 665 357 nisisuperveniat,
682 325 770 346 nemo
780 316 935 346 Dominum
948 326 1003 347 nec
1018 317 1047 347 in

227 363 284 393 hoc
291 371 345 393 nec
352 362 380 392 in
389 362 488 392 futuro
495 361 603 392 saeculo
611 359 805 392 videbit.Nam
812 364 893 391 recte
907 367 935 391 te
943 361 1047 392 fecisse

229 415 296 438 cum
312 415 416 437 omnes
429 406 655 437 facultatestuas
670 405 699 435 in
717 413 860 445 pauperes
870 405 1046 436 dislribuisti

227 451 263 489 (si
279 456 377 482 tamen
395 450 469 481 nihil
486 450 539 480 tibi
555 450 690 489 exemplo
714 449 837 479 Ananiae
852 449 931 479 illius
946 458 1046 480 reser-

227 496 300 526 vasti
315 495 338 534 4)
357 499 386 526 et
410 495 511 525 adhzec
537 494 661 531 mundo,
692 497 721 524 et
745 493 781 523 iis
810 502 874 533 quae
889 493 920 523 in
936 493 1045 523 mundo

228 543 298 570 sunt
312 539 501 576 renuntiasti,
518 538 701 577 desertisque
731 538 819 577 hujus
835 537 900 567 vitae
915 537 993 567 curis
1008 537 1043 568 ad

228 587 345 624 portum
358 587 475 614 aeternae
484 583 548 613 vitae
559 581 726 618 cucurristi,
738 581 869 621 speciem
882 585 910 612 et
922 582 1044 620 ﬁguram

229 627 345 666 pietatis
361 627 491 664 indutus,
504 635 557 665 ego
570 635 686 665 quoque
697 635 756 656 non
774 625 899 662 inﬁcior,
921 629 951 656 et
965 629 993 655 te
1007 625 1044 656 ob

228 671 285 702 hoc
296 671 426 702 studium
439 671 540 701 laudo:
554 671 605 700 sed
617 670 738 710 insuper
750 670 934 710 prudentiam
949 670 1045 699 carnis

227 716 306 746 velut
323 715 451 746 tunicam
467 723 585 750 exuere,
603 718 632 745 et
644 715 807 745 secundum
823 714 939 751 stolam,
956 723 1044 753 quam

228 769 282 800 per
296 760 444 790 Christum
472 758 605 795 induisti,
635 768 733 789 mores
760 758 877 794 animae,
893 758 1046 797 ipsamque

228 804 410 844 spiritualem
440 803 627 843 prudentiam
653 802 804 842 possidere
830 811 952 833 necesse
976 806 1042 832 est:

1088 281 1139 302 cor
1153 271 1312 307 illuminat,
1329 275 1373 301 est
1400 270 1585 311 impossibile
1603 281 1609 303 :
1644 272 1790 312 siquidem
1806 274 1914 305 mundi

1087 316 1178 346 corde
1192 317 1285 347 Deum
1302 315 1403 346 vident
1417 315 1441 347 ε.

1130 360 1283 391 Enitamur
1298 359 1396 400 itaque
1411 363 1521 400 patres,
1541 360 1658 400 fratres,
1677 363 1706 390 et
1717 361 1768 391 filii
1782 362 1841 392 mei
1858 371 1914 401 per

1088 403 1272 442 diligentiam
1289 403 1318 433 in
1336 403 1477 441 moribus,
1496 407 1524 434 et
1541 404 1642 443 jugem
1657 405 1839 436 occultarum
1856 415 1911 437 co-
1945 418 1946 426 π

1087 447 1262 486 gitationum
1276 447 1495 478 confessionem
1506 457 1558 478 cor
1568 457 1674 488 purum
1685 448 1830 480 obtinere.
1840 449 1912 486 Quae

1088 490 1167 520 enim
1183 490 1367 530 frequenter,
1389 495 1418 521 et
1444 491 1577 531 quotidie
1607 492 1640 522 ﬁt
1668 501 1685 522 a
1699 492 1787 524 nobis
1802 493 1909 524 harum

1086 535 1227 570 confessi,
1244 535 1268 565 si
1287 545 1321 565 ex
1336 535 1435 566 animo
1451 535 1613 576 pcenitente
1628 536 1778 577 procedat,
1793 538 1909 578 pesipi-

1085 578 1229 609 scentiam
1245 579 1440 618 doloremque
1457 579 1486 609 in
1501 579 1587 610 nobis
1616 580 1770 618 factorum,
1788 581 1912 612 medita-

1087 626 1219 653 torumve
1239 627 1388 662 operatur,
1410 623 1459 663 qui
1472 633 1506 654 ex
1517 623 1629 654 intimis
1642 625 1749 656 animae
1763 625 1911 666 lacrymas

1086 666 1166 704 ciet;
1184 666 1319 707 lacrymae
1332 667 1461 698 animam
1483 672 1618 708 purgant,
1646 673 1674 699 et
1688 669 1821 708 ingentia
1836 679 1910 710 pec-

1086 714 1151 740 cata
1161 711 1279 749 delent;
1306 711 1413 751 quibus
1423 711 1542 749 deletis,
1553 713 1646 743 sancti
1660 712 1787 753 Spiritus
1797 714 1911 745 solatiis

1087 755 1297 795 permulcetur,
1325 765 1359 786 ex
1386 757 1614 796 compunctione
1642 757 1752 788 ﬂuento
1781 759 1910 798 quodam

1086 798 1253 830 dulcedinis
1272 799 1421 839 irrigatur,
1441 800 1520 831 unde
1537 801 1681 841 quotidie,
1695 803 1735 832 ita
1748 806 1781 833 ut
1794 803 1909 834 intelli-

228 843 326 889 nieque
337 848 393 878 hoc
403 848 511 881 solum,
521 847 572 878 sed
585 846 671 878 etiam
686 856 738 886 per
746 846 944 886 paenitentiam
961 845 1043 876 tuni-
1054 851 1074 876 Β
1084 843 1182 889 gentia
1197 843 1406 883 percipiamur,
1424 845 1599 884 pinguescit,
1617 850 1646 876 et
1660 845 1772 877 fructus
1787 846 1910 886 spiritus

228 902 293 923 cam
309 892 447 928 lucidam,
465 891 513 931 qui
544 895 588 921 est
615 891 680 930 ipse
708 890 835 930 Spiritus
852 894 982 928 sanctus,
999 899 1045 920 su-

230 936 409 976 perinduere
427 946 435 974 ;
458 935 534 975 quod
551 935 608 965 nisi
624 943 677 974 per
691 938 873 965 constantem
890 935 1043 966 mandato-

230 990 296 1011 rum
312 979 559 1016 observationem,
578 983 607 1010 et
620 978 803 1009 tolerantiam
822 979 1043 1009 tribulationum

226 1034 286 1056 non
302 1028 347 1055 est
361 1028 392 1054 ut
406 1024 466 1055 ﬁat.
493 1025 598 1054 Pressa
627 1023 705 1053 enim
735 1032 789 1062 per
803 1023 990 1061 tentationes,
1006 1024 1042 1054 ad

229 1071 370 1110 lacrymas
386 1073 587 1100 commovetur
605 1079 613 1106 ;
640 1069 776 1109 lacrymae
800 1078 852 1099 cor
867 1073 1041 1108 purgantes,

227 1114 382 1154 templum,
396 1113 627 1144 etdiversorium
649 1112 775 1152 Spiritus
791 1113 884 1143 sancti
899 1113 1041 1143 eﬂiciunt.

226 1159 289 1189 Nec
304 1158 384 1189 enim
401 1157 486 1188 nobis
500 1157 536 1188 ad
552 1158 688 1197 salutem,
699 1161 727 1188 et
738 1157 948 1197 perfectionem
964 1157 1044 1188 solus

228 1202 365 1240 vestitus,
378 1205 406 1232 et
419 1202 547 1233 exterior
555 1206 657 1232 statuae
667 1209 789 1231 ornatus
800 1201 908 1232 sufﬁcit
921 1212 927 1232 ε
945 1201 997 1232 sed
1013 1206 1045 1232 ut

228 1247 416 1284 exteriorem,
433 1246 472 1276 ita
489 1246 661 1276 interiorem
677 1245 827 1276 hominem
844 1249 975 1276 nostrum
992 1255 1042 1276 or-

225 1299 298 1321 nare
312 1290 422 1320 amictu
446 1288 582 1330 Spiritus,
613 1293 746 1329 totosque
775 1293 804 1319 et
831 1288 960 1327 integros
975 1298 1041 1320 cum

226 1334 336 1371 anima,
353 1338 383 1365 et
397 1343 520 1373 corpore
535 1333 596 1364 Deo
613 1342 645 1363 se
659 1333 767 1364 offerre
783 1337 908 1373 oportet.
926 1334 965 1364 Et
980 1343 1045 1364 cor-

1085 887 1162 925 alit;
1191 897 1264 927 quos
1294 892 1429 928 tempore
1456 889 1630 927 congruenti
1658 899 1712 920 ceu
1727 890 1910 922 frumentum

1085 931 1176 961 multo
1190 941 1257 962 cum
1269 932 1381 963 foenore
1395 932 1431 963 ad
1446 941 1478 963 se
1496 933 1527 963 in
1539 933 1628 964 vitam
1647 933 1859 972 immortalem,
1878 944 1911 966 ac

1085 977 1295 1016 sempiternam
1312 977 1385 1008 citra
1400 977 1489 1007 ullam
1519 977 1757 1018 absumptionem
1771 979 1911 1011 nutrien-

1085 1019 1152 1050 dam
1167 1021 1263 1051 oﬂ‘ert.
1292 1020 1364 1051 Cum
1386 1021 1539 1061 hucusque
1567 1022 1664 1052 studio
1693 1031 1754 1053 suae
1769 1024 1912 1063 praeclare

1085 1066 1262 1104 pervenerit,
1290 1064 1349 1095 Deo
1374 1065 1538 1103 familiaris,
1556 1070 1585 1096 et
1600 1065 1780 1097 domicilium
1797 1068 1911 1098 habita-

1084 1109 1243 1148 culumque
1261 1116 1458 1140 sacrosanctae
1473 1109 1626 1141 Trinitatis
1648 1111 1754 1148 evadit,
1771 1121 1847 1151 pure
1864 1114 1908 1143 in-

1084 1155 1171 1182 tuens
1186 1152 1279 1184 Deum
1294 1153 1503 1185 fabricatorem
1518 1162 1615 1192 suum,
1635 1158 1664 1185 et
1678 1164 1745 1185 cum
1761 1155 1826 1195 ipso
1841 1165 1909 1187 ver-

1084 1206 1153 1227 sans
1168 1198 1312 1237 quotidie,
1330 1207 1346 1228 e
1361 1208 1495 1238 corpore,
1526 1203 1555 1229 et
1584 1199 1705 1236 mundo,
1723 1204 1752 1231 et
1766 1209 1836 1232 aere
1852 1201 1908 1232 isto

1086 1241 1205 1281 excidit,
1224 1245 1254 1272 et
1268 1242 1437 1280 virtutibus,
1453 1247 1541 1283 atque
1568 1243 1622 1274 alis
1648 1244 1798 1275 charitatis
1813 1254 1830 1275 a
1845 1245 1908 1277 Deo

1086 1285 1241 1330 elevatain
1256 1286 1362 1317 coelum
1377 1288 1554 1327 ascendens,
1584 1297 1651 1318 cum
1667 1289 1806 1320 omnibus
1818 1291 1908 1330 justis

1084 1338 1102 1359 a
1116 1329 1267 1360 laboribus
1282 1330 1344 1360 suis
1367 1331 1539 1371 requiescit,
1569 1336 1598 1362 et
1625 1336 1670 1363 est
1693 1333 1724 1363 in
1739 1329 1856 1365 inﬁnito
1872 1344 1907 1365 ac

228 1379 357 1418 poralem
374 1377 493 1417 quidem
524 1377 764 1408 exercitationem
793 1381 914 1417 propter
927 1378 1045 1408 virtutis
1086 1373 1185 1404 diVino
1201 1374 1324 1412 lumine,
1351 1375 1402 1405 ubi
1431 1376 1629 1416 apostolorum
1660 1377 1779 1416 Christi,
1798 1383 1907 1419 marty-

226 1422 344 1452 labores
358 1430 521 1459 assumere,
539 1425 571 1451 ut
584 1421 702 1460 egregie
731 1421 862 1451 molestis
879 1421 1043 1452 secundum
1085 1426 1162 1455 Tum.
1187 1422 1356 1449 sanctorum
1367 1423 1395 1450 et
1406 1419 1539 1450 omnium
1554 1429 1750 1460 Supernarum
1764 1421 1907 1453 virtutum

225 1466 320 1497 Deum
330 1474 546 1502 assuescamus,
557 1469 585 1496 et
595 1465 860 1504 feramusingenue
874 1466 1042 1497 amnritiem
1054 1496 1072 1506 η
1086 1462 1206 1492 ordines
1222 1471 1281 1493 una
1311 1463 1409 1494 choris
1437 1464 1604 1503 indulgent.
1632 1464 1717 1496 Hunc
1730 1465 1830 1506 itaque
1846 1470 1907 1497 sta-

223 1496 343 1550 jejunii,
361 1496 564 1540 difﬁcultatem
581 1496 781 1547 continentiae:
790 1496 1073 1541 necessitatemvi-C
1087 1510 1160 1543 tum.
1175 1507 1281 1538 fratres
1304 1507 1335 1537 in
1364 1507 1494 1546 Ghristo,
1523 1496 1579 1539 ἧος
1593 1518 1710 1549 quoque
1725 1496 1908 1550 complecta-

225 1554 375 1594 giliarum,
394 1553 562 1584 afﬂictionis
577 1562 665 1584 omne
680 1563 774 1593 genus
791 1565 798 1584 :
824 1554 931 1594 pietate
945 1559 1043 1586 autem
1086 1560 1153 1581 mur
1164 1560 1202 1581 ne
1212 1551 1323 1582 sanctis
1334 1552 1471 1583 Patribus
1483 1553 1591 1583 nostris
1613 1553 1771 1584 inferiores
1786 1554 1882 1586 simus
1898 1565 1905 1585 :
1945 1558 1947 1561 ’

225 1598 348 1638 spiritus
361 1598 481 1629 erudire
491 1598 618 1628 animam
630 1598 666 1629 ad
679 1598 852 1638 sapiendum
860 1603 1047 1638 quaeoportet
1085 1595 1138 1626 sed
1153 1600 1185 1625 ut
1199 1605 1253 1636 per
1267 1596 1508 1628 exercitationem
1531 1606 1632 1629 rerum
1655 1598 1860 1638 honestarum,
1880 1604 1908 1631 et

224 1652 340 1683 sapere,
356 1646 385 1673 et
414 1642 613 1673 meditandum
638 1651 758 1682 semper
784 1643 873 1673 vitam
890 1647 1042 1679 aalernam,
1086 1649 1141 1679 per
1154 1639 1354 1671 obedientiam
1380 1640 1489 1672 Christi
1517 1643 1735 1680 mandatorum,
1764 1643 1796 1673 in
1810 1644 1906 1674 virum

225 1696 292 1718 esse
306 1686 461 1726 humilem,
480 1686 592 1724 mitem,
619 1687 790 1724 contritum,
819 1691 1040 1726 compunctum,
1085 1684 1247 1723 perfectum
1260 1685 1431 1726 evadamus,
1446 1686 1476 1716 in
1487 1695 1656 1717 mensuram
1669 1688 1760 1718 aetatis
1772 1688 1905 1728 plenitu-

225 1732 375 1771 lugemem
388 1731 516 1768 assidue,
529 1735 558 1761 et,
568 1731 663 1762 lucem
675 1731 796 1771 spiritus
822 1740 874 1771 per
888 1741 991 1771 preces
1007 1731 1042 1761 ad
1085 1728 1164 1758 dinis
1179 1729 1287 1759 Christi
1301 1729 1327 1759 5.
1343 1729 1423 1760 Nihil
1438 1730 1518 1760 enim
1535 1730 1686 1770 prohibet,
1716 1732 1742 1762 Si
1764 1732 1905 1764 velimus.

225 1784 257 1806 se
273 1775 452 1811 elicienteni,
467 1784 532 1814 quae
547 1780 576 1805 et
590 1775 696 1806 adesse
712 1775 753 1805 illi
771 1775 1043 1815 perpuanitentiam
1085 1771 1134 1802 Sic
1143 1777 1172 1802 et
1181 1772 1273 1803 Deum
1293 1773 1379 1804 nobis
1396 1774 1469 1814 ipsis
1489 1775 1731 1814 gloriﬁcabimus,
1748 1780 1777 1806 et
1790 1776 1871 1807 Deus
1887 1786 1904 1807 a

224 1819 471 1849 ferventissimam
487 1828 680 1857 consuevere,
711 1823 840 1859 purgata;
867 1829 919 1859 per
934 1820 1043 1851 uberes
1084 1816 1170 1847 nobis
1196 1816 1295 1848 latitia
1305 1817 1464 1858 afﬁcietur,
1479 1823 1507 1849 et
1518 1824 1552 1849 ex
1563 1819 1620 1849 hac
1631 1820 1688 1850 vita
1703 1819 1906 1859 demigrantes

225 1863 378 1903 lacrymas,
396 1863 460 1893 sine
476 1863 584 1903 quibus
599 1873 653 1894 nec
669 1865 796 1894 tunicam
813 1864 877 1903 ejus
892 1864 1040 1901 mundari,
1083 1869 1151 1891 eum
1162 1861 1359 1900 inveniemUS,
1371 1865 1421 1902 qui
1431 1872 1486 1893 nos
1496 1867 1528 1893 ut
1538 1872 1660 1903 magnus
1680 1863 1807 1895 Abrahe
1822 1865 1906 1895 sinus

225 1915 280 1936 nec
295 1906 325 1936 in
341 1905 468 1936 sublime
480 1906 738 1946 contemplationis
754 1916 817 1937 eam
834 1907 997 1938 ascendere
1009 1907 1042 1937 li-

224 1955 281 1981 cet.
294 1952 369 1982 Nam
380 1954 411 1981 ut
421 1951 627 1982 vestimentum
639 1961 655 1982 e
666 1961 748 1983 coeno
762 1952 911 1990 alicunde,
925 1956 953 1982 et
965 1957 1041 1983 ster—

224 1994 347 2035 quilinio
364 1994 487 2025 nimium
516 2001 656 2036 quantum
686 1996 877 2036 defoedatum,
896 1995 952 2026 nisi
966 2005 1040 2036 aqua

223 2038 326 2078 multa,
337 2042 366 2069 et
376 2038 480 2069 crebro
500 2039 626 2079 pedibus
642 2039 783 2070 calcatum
801 2049 859 2070 non
873 2044 1013 2080 purgatur
1030 2052 1036 2070 :

223 2082 267 2114 sic
280 2087 310 2114 et
324 2082 431 2113 animae
455 2083 545 2113 vestis
560 2092 594 2114 ex
611 2084 682 2117 luto.
714 2088 744 2115 et
773 2084 957 2124 sterquilinio
974 2094 1039 2124 pec-

222 2127 363 2157 catricum
379 2127 568 2157 aﬂ'ectionum
598 2131 725 2168 turpata,
757 2128 813 2158 nisi
844 2137 897 2168 per
911 2128 1039 2159 ubertim

1084 1904 1113 1936 in
1141 1915 1231 1945 regno
1248 1906 1391 1937 ccelorum
1416 1907 1554 1947 excipiat,
1585 1911 1614 1938 et
1630 1907 1738 1939 foveat.
1755 1909 1792 1939 Et
1809 1910 1861 1949 qui
1875 1909 1906 1939 in

1084 1949 1183 1980 medio
1200 1950 1338 1988 tumultu,
1352 1955 1380 1981 et
1391 1951 1528 1991 strepitu,
1547 1955 1577 1982 et
1590 1953 1639 1992 qui
1657 1952 1689 1982 in
1704 1952 1862 1991 coenobiis,
1879 1957 1907 1983 et

1084 1993 1134 2033 qui
1148 1993 1178 2024 in
1195 1994 1357 2032 montibus,
1374 2003 1408 2025 ac
1437 1995 1587 2035 speluncis
1602 2002 1682 2036 sunt,
1701 1997 1905 2037 mandatisque

1081 2037 1190 2068 Christi
1205 2038 1415 2070 convenienter
1428 2039 1540 2077 vivunt,
1567 2039 1729 2080 salvantur,
1746 2045 1775 2071 et
1789 2041 1904 2080 magnis

1080 2081 1163 2112 aDeo
1174 2082 1260 2112 donis
1271 2082 1437 2121 dignantur:
1449 2083 1722 2115 Voluntatemenim
1729 2085 1903 2116 timentium

1080 2135 1112 2157 se
1123 2126 1227 2166 faciet,
1244 2130 1273 2157 et
1302 2128 1544 2166 deprecationem
1570 2136 1675 2159 eorum
1704 2129 1857 2170 exaudiet,
1874 2133 1902 2160 et

220 2171 346 2202 ﬂuentes
362 2171 519 2210 lacrymas,
535 2172 801 2213 tentationumque,
832 2177 860 2204 et
877 2170 1209 2204 tribulatio-Dsalvabit
1222 2171 1301 2201 e084.
1317 2170 1373 2202 Ubi
1385 2172 1483 2209 timor,
1493 2171 1533 2202 ait
1544 2171 1661 2203 divinus
1671 2172 1844 2214 Gregorius,
1861 2173 1902 2203 ibi

222 2223 293 2245 num
308 2215 493 2246 tolerantiam
519 2225 536 2245 a
560 2216 697 2246 sordibus
719 2226 778 2247 non
807 2217 948 2249 abluitur.
964 2218 1038 2248 Nam

221 2267 289 2289 cum
305 2268 321 2289 a
337 2259 470 2299 corporis
486 2260 578 2290 nostri
602 2260 765 2291 substantia
789 2261 960 2292 naturaliter
974 2264 1040 2292 dure

220 2303 365 2334 ﬂuxiones
382 2303 533 2344 exsistant,
548 2313 607 2335 una
622 2305 757 2345 superior
771 2305 975 2345 lacrymarum,
993 2306 1037 2336 al-

219 2350 283 2378 tera
297 2347 432 2388 inferior,
449 2356 466 2378 a
487 2348 623 2379 facultate
637 2348 756 2388 genitali
773 2360 780 2379 :
797 2354 826 2380 et
840 2350 902 2380 haec
917 2349 1038 2390 quidem

218 2391 244 2421 si
259 2394 362 2423 contra
376 2401 464 2433 quam
480 2397 597 2433 natura,
615 2397 644 2424 et
671 2393 787 2433 legibus
800 2393 965 2425 institutum
982 2399 1037 2432 est,

218 2435 280 2474 ﬁat,
295 2436 423 2467 animam
440 2437 621 2468 contaminet
637 2447 648 2476 ;
675 2437 726 2468 illa
751 2438 776 2469 si
805 2447 839 2469 ex
855 2438 1038 2478 paenitudine

218 2479 370 2519 procedat,
387 2481 522 2512 eamdem
541 2486 656 2522 purget,
673 2491 724 2512 eos
746 2482 797 2522 qui
815 2482 992 2523 turbulenta,
1009 2487 1039 2514 et

215 2532 282 2554 cum
299 2527 420 2564 peccato
437 2525 596 2565 conjuncta
612 2525 711 2557 cordis
725 2527 870 2565 motione,
887 2527 1036 2567 cupidita-

217 2570 281 2598 tum
290 2577 305 2598 a
318 2567 432 2598 ratione
441 2569 603 2601 alienarum
613 2570 724 2601 formas
735 2571 791 2602 sibi
803 2571 1034 2611 insculpserunt,

217 2615 246 2642 et
274 2611 315 2642 ita
342 2612 472 2643 animam
500 2613 704 2653 inquinarunt,
731 2615 867 2655 plurimis
895 2616 1037 2654 lacrymis

217 2655 366 2694 mundari,
376 2656 563 2698 tunicamque
570 2659 679 2689 animae
687 2659 875 2699 purissimam
882 2660 1036 2699 acquirere

215 2703 342 2740 oportet.
362 2700 479 2742 Alioqui
487 2701 592 2734 videre
605 2703 710 2739 Deum,
723 2703 820 2743 ipsum
832 2703 944 2742 lumen,
957 2704 1035 2744 quod

1079 2213 1287 2244 mandatorum
1296 2215 1445 2253 custodia;
1460 2215 1511 2246 ubi
1521 2216 1740 2254 mandatorum,
1753 2213 1899 2255 custodia,

1080 2257 1119 2288 ibi
1132 2258 1213 2289 canis
1223 2258 1369 2298 purgatio;
1381 2268 1487 2300 nempe
1497 2260 1584 2291 nubis
1599 2260 1823 2292 obtenebrantis
1834 2262 1899 2292 ani-

1080 2311 1172 2339 mam,
1188 2311 1244 2333 nec
1258 2302 1383 2333 sinentis
1398 2303 1529 2334 divinum
1545 2304 1660 2335 radium
1676 2305 1758 2336 clare
1772 2306 1898 2338 intueri.
1942 2312 1944 2336 1

1080 2347 1137 2377 Ubi
1153 2347 1300 2386 purgatio,
1316 2346 1358 2377 ibi
1388 2347 1576 2380 illuminatio.
1606 2349 1786 2381 llluminatio
1800 2355 1898 2382 autem

1080 2390 1223 2422 desiderii
1234 2391 1365 2431 impletio
1379 2392 1436 2432 his,
1447 2393 1498 2432 qui
1511 2394 1647 2431 maxima,
1664 2398 1713 2425 aut
1724 2395 1896 2432 maximum,

1079 2439 1129 2465 aut
1145 2435 1300 2475 plusquam
1316 2445 1456 2475 magnum
1470 2441 1622 2478 appetunt.
1637 2439 1739 2479 Itaque
1754 2449 1820 2470 cum
1837 2440 1898 2470 haec

1080 2479 1163 2518 dixit,
1178 2480 1267 2511 ﬁnem
1279 2489 1338 2510 non
1348 2481 1436 2511 ﬁnem
1458 2492 1525 2513 esse
1541 2482 1639 2513 omnis
1658 2483 1765 2514 anima:
1783 2483 1897 2514 illumi-

1079 2523 1229 2554 nationem
1238 2525 1365 2565 Spiritus
1377 2525 1562 2565 signiﬁcavit,
1575 2536 1663 2567 quam
1675 2527 1801 2568 adeptus
1818 2529 1894 2568 quis,

1078 2569 1168 2599 ﬁnem
1183 2568 1314 2608 quidem,
1333 2573 1362 2600 et
1377 2575 1540 2602 extremum
1561 2571 1748 2602 sensibilium
1764 2573 1894 2603 omnium
1945 2603 1946 2606 η

1078 2613 1314 2653 comprehendit,
1332 2614 1509 2656 principium
1526 2620 1624 2647 autem
1640 2616 1819 2656 cognitionis
1833 2616 1894 2657 spi-

1077 2657 1226 2688 ritualium
1237 2657 1359 2689 invenit.
1370 2659 1569 2695 Quamobrem
1580 2660 1622 2691 uti
1641 2670 1760 2692 cursum
1777 2661 1895 2692 manda-

1077 2707 1174 2733 torum
1190 2701 1299 2733 Christi
1311 2703 1459 2743 patienter
1474 2705 1637 2737 laborando
1649 2705 1774 2738 curratis
1789 2715 1852 2743 oro,
1869 2708 1896 2736 et

255 2786 266 2807 ¹
282 2786 349 2818 Act.
365 2795 395 2826 v,
412 2788 426 2818 1
443 2796 526 2829 seqq.
569 2788 583 2810 9
595 2789 698 2822 Matth.
715 2798 745 2830 v,
761 2790 790 2822 8.
832 2790 848 2815 ὅ
861 2789 972 2830 Ephes.
987 2799 1028 2831 iv,

1083 2810 1094 2822 η.
1136 2790 1152 2815 4
1165 2789 1242 2822 Psal.
1259 2798 1354 2831 cniv,
1371 2792 1419 2824 19.
