1978 3078
64 150 127 182 461

64 261 118 291 bet
131 261 294 301 patienter,
308 264 538 299 constanterque
561 261 688 301 pulsanti
702 267 802 302 portas
817 263 903 300 regni

65 305 114 336 sui
133 305 242 345 aperit,
256 309 285 336 et
295 305 346 336 dat
358 305 470 345 petenti
484 305 626 346 Spiritum
643 310 768 343 rectum,
788 310 816 337 et
830 315 901 337 san-

65 350 251 383 ctissimum.
267 359 321 381 nec
333 350 396 380 ﬁeri
409 354 514 390 potest,
538 354 569 380 ut
582 354 642 382 tota
654 351 753 381 anima
767 360 901 390 quaerens

71 403 136 424 non
151 394 294 434 inveniat,
313 398 341 424 et
370 394 494 425 ditescat
522 394 631 424 divitiis
647 395 793 425 donorum
810 395 873 434 ejus
891 405 897 425 :

64 438 112 469 sic
124 444 156 469 et.
169 438 262 469 nosin
277 438 363 469 bonis
377 438 441 478 ejus
457 437 668 475 ineffabilibus,
687 447 764 470 nunc
780 438 899 478 quidem

65 492 103 513 ex
112 487 210 523 parte,
225 482 535 521 cuminintelligentia,
545 483 746 522 etcognitione
755 486 899 522 praestan-

66 527 183 557 tiorum
199 536 207 564 ;
224 527 253 557 in
270 527 368 558 futuro
384 531 484 557 autem
512 527 624 558 saeculo
641 526 772 567 perfecte
787 531 816 557 et
830 536 897 557 con-

65 575 219 602 summate
235 581 303 602 cum
330 571 442 602 sanctis
471 571 611 602 omnibus
639 571 763 602 delicias
782 575 897 602 nostras

66 616 249 647 habeamus.
265 615 386 646 Eterna
401 615 511 655 quippe
526 615 603 646 bona
619 625 635 646 a
659 615 722 646 Deo
738 615 852 652 electis,
870 619 898 645 et

66 660 225 690 salvandis
240 659 344 699 partim
357 659 418 699 jam
436 668 513 689 nunc
543 659 666 699 pignora
689 660 807 697 dantur,
824 658 896 698 ipsis

66 703 233 744 proposita,
251 703 395 743 revelata,
425 704 610 744 apparentia,
643 707 672 734 et
699 703 771 741 visa,
790 702 893 744 partim

67 752 138 788 post
154 752 291 785 mortem,
309 751 337 778 et
352 747 603 778 resurrectionem
619 748 805 786 contingunt.

110 792 224 823 Discite
238 792 336 832 igitur,
353 792 455 822 dilecti
479 792 596 830 fratres,
624 792 795 823 thesaurum
809 792 893 822 inex-

770 149 912 182 ORATIO
933 149 1074 183 XXVIII.

65 216 166 247 facies
182 220 287 248 vestrae
301 225 360 246 non
385 215 624 248 confundentur:
649 216 703 248 sed
722 217 800 248 sicut
814 216 1115 248 cuilI-ainvocabant
1144 226 1191 247 me
1223 226 1352 258 semper.

1705 158 1763 193 462

1399 219 1495 259 .llane,
1536 220 1630 262 inquit
1657 223 1759 262 David,

944 262 1073 293 Exaudi
1088 270 1133 292 me
1147 262 1185 291 ‘0.
1202 262 1293 293 Mane
1308 264 1410 294 astabo
1437 264 1492 295 (ibi
1514 269 1540 296 et
1555 267 1659 298 videbo
1674 269 1711 298 Η.
1728 270 1763 300 Et

943 306 1031 337 alius.
1043 306 1124 337 Tunc
1130 308 1358 346 erumpelquasi
1366 317 1454 339 mane
1462 309 1563 341 lumen
1573 315 1669 349 tuum,
1679 319 1707 344 et
1715 324 1762 346 sa-

942 353 1022 382 nitas
1037 355 1088 382 tua
1105 352 1195 382 citius
1210 352 1371 389 orietur”,
1403 353 1519 392 quando
1536 359 1564 385 et
1581 359 1609 386 tu
1626 358 1761 390 videlicet

943 396 1079 426 mandata
1096 405 1160 426 mea
1175 395 1381 427 custodiveris.
1398 397 1432 426 Et
1447 398 1517 437 quid
1542 400 1645 432 attinet
1660 404 1759 435 omnia

942 449 1130 479 percensere,
1148 449 1211 480 qua;
1238 439 1316 470 Deus
1344 441 1444 471 salutis
1474 447 1580 474 nostra;
1606 446 1708 478 sitiens
1723 449 1760 479 ad

941 492 996 514 nos
1012 484 1141 524 loquitur
1154 483 1241 529 ﬁtnisi
1256 484 1389 521 omnino,
1407 489 1438 515 ut
1460 496 1511 525 per
1531 489 1631 519 omnia
1646 500 1758 529 cogno-

940 528 1250 575 scatisretAcredatis,
1273 529 1418 575 sedentes
1445 530 1473 560 in
1506 532 1636 563 tenebris
1661 528 1759 575 magni

938 573 1057 619 luminis
1067 573 1227 619 “fulgorem
1245 572 1359 619 _videre
1378 578 1526 619 oportere,
1557 576 1582 606 si
1598 572 1757 619 quidquam

939 617 1049 663 vident.
1067 617 1102 647 Et
1117 626 1153 647 ne
1169 616 1218 657 qui
1236 617 1273 647 de
1294 617 1376 647 vobis
1402 618 1542 657 cogitent,
1558 616 1758 663 fulsisse-qui-

937 660 1015 706 dem,
1027 661 1076 691 sed
1089 661 1138 701 qui
1149 661 1283 706 adhucAin
1293 669 1417 706 corpore
1427 666 1495 692 sunt
1506 663 1652 703 homines,
1661 660 1757 706 ipsum

937 705 1036 752 videre
1052 715 1109 735 non
1126 714 1225 752 posse,
1239 704 1271 752 Si
1287 705 1366 752 enim
1393 706 1449 736 hoc
1475 707 1540 737 ﬁeri
1557 718 1614 739 non
1631 704 1756 752 poterat,

936 749 1005 788 quid
1022 749 1108 785 luxit,
1125 754 1153 780 et
1169 749 1249 780 lucid
1272 749 1380 787 adhuc,
1408 759 1474 780 cum
1505 751 1541 781 ab
1559 753 1602 783 eis
1618 764 1677 785 non
1690 749 1758 787 cer;

935 798 1021 824 natur
1037 794 1051 823 ‘?
1078 793 1140 840 Iino
1169 803 1238 840 vero
1255 794 1354 840 lumen
1370 804 1489 834 semper
1504 801 1578 834 erat,
1596 801 1624 828 et
1638 808 1758 840 semper

67 836 254 877 plicabilem,
271 845 360 877 super
374 845 493 866 omnem
509 836 706 876 principatum
724 840 753 867 et
768 841 892 877 potesta-
933 839 1019 874 luxit,
1037 841 1066 868 et
1083 837 1159 868 lucet
1176 838 1206 868 in
1232 838 1278 868 his
1303 838 1352 878 qui
1383 840 1494 878 purgati
1524 846 1602 878 sunt,
1621 848 1649 873 et
1665 844 1694 874 in
1705 836 1757 877 ἰθ-

69 885 146 917 tem,
164 881 251 921 cujus
279 880 479 926 haereditatem
506 880 587 926 justi
608 880 715 926 adituri
738 885 818 926 sunt,
833 891 892 912 non
909 900 928 924 Β
940 882 1041 912 nebris
1052 881 1220 921 apparebat,
1235 885 1263 912 et
1275 881 1404 912 tenebrae
1414 883 1442 913 id
1461 888 1759 926 nuncomprehende-

71 928 103 957 in
120 926 221 956 futuro
237 925 344 956 saeculo
370 925 520 961 duntaxat,
537 924 589 955 sed
602 925 663 964 jam
680 925 896 965 quodammodo

69 974 142 1001 ante
157 970 273 1007 oculos,
301 975 329 1000 et
345 979 460 1005 manus,
479 973 508 999 et
523 969 615 1009 pedes
630 973 745 1000 nostros
761 970 896 1010 proposi-

69 1019 134 1045 tum
146 1024 232 1052 esse;
247 1024 336 1055 quem
347 1024 402 1045 nos
413 1014 519 1044 animae
530 1013 634 1044 oculos
646 1023 706 1054 pra),
722 1014 896 1052 ignorantia,

70 1059 261 1096 inﬁdelitate,
279 1068 368 1090 sensu
384 1057 653 1098 perturbationum,
671 1058 756 1098 quasi
771 1058 899 1098 quadam

70 1105 201 1145 caligine
217 1105 316 1141 otiosi,
334 1109 363 1136 et
380 1104 493 1140 caecati,
510 1113 569 1134 non
595 1104 731 1135 videmus
748 1113 754 1136 :
781 1104 899 1144 Venite,

70 1150 187 1181 credite
217 1149 389 1180 thesaurum
418 1149 520 1189 istum,
549 1158 635 1189 quem
661 1149 744 1180 vobis
760 1150 900 1190 praedico,

70 1195 176 1225 lumen
191 1193 296 1224 mundi
307 1202 372 1224 esse
387 1203 393 1223 :
406 1193 472 1233 Ego
486 1202 553 1224 sum
570 1195 750 1224 resurrectio
761 1197 790 1225 et
803 1195 899 1225 vita5.

71 1239 134 1280 Ego
151 1249 216 1271 sum
228 1248 361 1280 granum
373 1241 489 1279 sinapis
499 1239 525 1275 6,
542 1238 619 1279 quod
638 1240 666 1269 in
682 1243 760 1270 terra
774 1239 896 1270 abscon-

71 1285 166 1316 ditur.
181 1284 241 1323 Ego
252 1293 316 1314 sum
332 1284 504 1322 margarita
515 1283 542 1323 7,
559 1292 624 1323 qua:
639 1293 655 1313 a
671 1283 809 1314 fidelibus
824 1285 898 1315 emi-

72 1333 134 1360 tur.
151 1329 212 1368 Ego
226 1337 291 1359 sum
307 1337 436 1367 regnum
452 1327 593 1358 calorum
601 1328 627 1364 9,
659 1327 738 1368 quod
757 1328 834 1359 intra
848 1338 898 1360 vos

70 1374 154 1405 latet.
171 1373 208 1404 Et
233 1372 483 1413 quemadmodum
511 1380 619 1402 certior
645 1371 681 1402 ab
709 1371 755 1403 his
784 1373 835 1412 qui
850 1382 898 1405 me

71 1428 153 1450 nunc
181 1418 370 1458 quaesierunt,
402 1420 431 1447 et
460 1416 651 1447 invenirunt-
692 1416 734 1447 sic
761 1417 892 1457 fulgebo,

71 1463 143 1501 illis,
172 1467 201 1494 et
225 1471 315 1503 super
343 1470 447 1492 omnes
476 1461 566 1492 caelos
594 1461 739 1493 residens.
756 1461 816 1500 Ego
843 1463 893 1503 qui

941 926 1010 957 bant
1024 927 1062 957 ‘5.
1078 928 1115 958 Et
1130 936 1207 957 nunc
1234 926 1321 962 lucet,
1350 931 1378 957 et
1409 929 1539 959 tenebrae
1554 930 1583 960 id
1599 941 1657 963 non
1673 943 1757 965 com-

941 970 1141 1017 prehendunt,
1158 971 1219 1001 sive
1234 980 1293 1017 non
1311 975 1440 1017 tangunt.
1461 972 1542 1008 Quod
1560 979 1657 1006 autem
1673 978 1756 1017 dixit,

941 1014 1010 1062 quia
1021 1019 1115 1062 ortum
1128 1018 1172 1062 est
1181 1014 1287 1062 popqu
1299 1015 1418 1062 sedenti
1427 1020 1455 1045 tn
1472 1017 1603 1062 tenebris
1614 1020 1652 1057 η,
1663 1021 1691 1052 id
1702 1014 1756 1062 est,

942 1059 1028 1089 modo
1046 1058 1190 1098 placuisse
1207 1059 1331 1089 revelari
1346 1059 1382 1089 iis
1411 1059 1440 1089 in
1466 1060 1572 1100 quibus
1588 1067 1615 1092 et
1629 1058 1758 1096 manite;

943 1106 1062 1134 stratur.
1074 1103 1131 1133 Alii
1144 1103 1222 1133 enim
1235 1103 1265 1133 in
1285 1103 1416 1134 tenebris
1432 1109 1592 1143 versantes,
1610 1107 1682 1139 illud
1699 1119 1758 1141 non

944 1147 1209 1187 comprehendunt.
1241 1147 1379 1178 Invisibis
1407 1148 1498 1185 enim,
1540 1153 1609 1182 tunc
1639 1153 1758 1192 quidem

944 1200 996 1231 per
1011 1201 1116 1231 corpus
1127 1192 1205 1222 visus
1216 1196 1262 1222 est
1271 1192 1420 1229 omnibus,
1433 1193 1483 1232 qui
1498 1201 1675 1234 aspexerunt
1691 1207 1758 1230 eum

939 1235 1128 1267 credentibus
1147 1241 1174 1266 et
1188 1246 1245 1266 non
1261 1236 1462 1268 credentibus.
1479 1237 1571 1268 Etiam
1599 1239 1759 1273 divinitatis

939 1279 1002 1319 ejus
1019 1280 1117 1311 lumen
1134 1282 1285 1319 cognitum
1316 1286 1343 1311 et
1372 1282 1530 1312 revelatum
1557 1288 1601 1313 est
1615 1285 1687 1316 solis
1702 1287 1759 1318 illis

941 1333 993 1369 per
1007 1334 1096 1364 opera
1112 1325 1257 1362 ﬁdelibus,
1274 1325 1325 1365 qui
1341 1329 1369 1355 ct
1383 1326 1521 1357 dicebant
1537 1329 1564 1358 ei
1578 1340 1584 1357 :
1602 1330 1677 1361 Ecce
1691 1341 1756 1369 nos,

938 1368 1077 1406 Domine,
1096 1369 1274 1409 reliquimus
1292 1372 1405 1406 omnia,
1418 1376 1445 1400 cl
1454 1373 1547 1402 seculi
1560 1382 1662 1404 suum:
1677 1379 1704 1405 te
1718 1368 1756 1407 t5.

938 1411 1019 1459 Quod
1036 1413 1086 1451 ait,
1100 1415 1215 1452 omnia,
1234 1423 1269 1444 ea
1284 1423 1355 1444 voce
1372 1416 1524 1454 pecunias,
1543 1419 1757 1459 possessiones,

934 1457 1108 1498 voluntates,
1125 1462 1325 1498 contemptum
1356 1459 1442 1498 hujus
1457 1460 1521 1499 vjta:
1548 1466 1576 1491 ct
1602 1457 1757 1496 abominaé

72 1508 163 1540 etiam
181 1507 230 1538 hic
246 1502 351 1538 natura
375 1515 392 1537 a
420 1505 501 1536 vobis
531 1515 589 1536 non
619 1506 730 1546 capior,
748 1511 776 1537 et
791 1502 926 1541 invisi-c
941 1502 1050 1532 tionem
1067 1503 1144 1542 ejus,
1156 1506 1277 1542 propter
1292 1508 1409 1542 gustum
1424 1504 1617 1536 subsistensis
1631 1507 1660 1537 in
1673 1509 1759 1540 nobis

70 1552 141 1583 bilis
166 1551 278 1589 videor,
310 1561 371 1581 non
394 1554 523 1591 quantus
551 1559 616 1580 sum
647 1559 694 1580 me
723 1552 897 1591 ostendens,

72 1605 240 1638 quanquam
253 1600 331 1626 totus
344 1605 447 1626 maneo
462 1594 512 1635 qui
528 1604 605 1632 sum,
620 1595 689 1626 dum
707 1595 827 1634 videor;
845 1598 897 1628 sed

72 1645 217 1682 quantum
233 1649 280 1671 me
307 1639 469 1670 videntium
496 1643 610 1679 natura,
645 1643 673 1669 et
699 1639 791 1670 virtus
807 1642 894 1682 capit.

72 1687 135 1725 Ego
165 1694 230 1715 sum
257 1685 437 1724 fermentum
462 1683 490 1721 9,
521 1683 599 1723 quod
628 1688 782 1723 acceptum
800 1686 897 1717 anima

72 1730 154 1761 misit
170 1729 200 1760 in
229 1732 290 1760 tres
319 1732 418 1768 partes
447 1737 528 1764 suos,
557 1730 585 1757 et
611 1727 806 1759 fermentatur
820 1729 895 1769 ipsa,

72 1779 102 1807 et
119 1778 177 1805 tota
192 1773 266 1804 mihi
281 1772 387 1804 similis
403 1772 542 1803 efﬁcitur.
559 1772 653 1807 Quale
670 1771 748 1802 enim
767 1773 898 1804 fermen-

72 1823 145 1856 tum,
165 1817 233 1849 talis
248 1817 280 1848 ﬁt
295 1817 381 1847 etiam
415 1816 520 1851 farina,
549 1824 614 1855 quaa
642 1815 712 1846 huic
726 1825 793 1846 cum
809 1827 894 1858 aqua,

73 1868 102 1895 et
116 1863 177 1894 sale
193 1862 345 1893 miscetur.
377 1861 433 1896 Qui
458 1860 551 1896 enim,
581 1860 688 1899 inquit,
705 1869 823 1891 mecum
841 1867 895 1899 est,

77 1906 278 1938 connaturalis
293 1905 380 1936 Pater
394 1913 490 1942 meus,
507 1908 535 1933 σί
560 1904 625 1942 ejus
642 1903 782 1943 Spiritus,
796 1904 898 1936 idonei

75 1955 179 1983 natura
207 1954 288 1987 sunt,
319 1954 351 1980 ut
379 1959 432 1990 pro
470 1957 556 1989 aqua,
590 1951 619 1978 et
647 1948 708 1978 sale
737 1949 808 1980 sint.
836 1946 897 1989 Ego

75 2005 127 2037 pro
142 1995 276 2026 sensibili
306 1993 503 2033 intelligibilis
532 1992 687 2033 paradisus
715 1993 808 2024 servis
822 1994 911 2025 meis

941 1551 970 1578 et
983 1550 1102 1578 aeternae
1130 1547 1208 1578 illius
1235 1547 1298 1577 vita:
1327 1549 1497 1587 complexus
1526 1553 1581 1580 est.
1598 1552 1661 1582 Hoc
1676 1554 1755 1585 enim

940 1591 1026 1637 plane
1034 1591 1149 1637 dulcius
1160 1595 1214 1637 est,
1227 1595 1255 1621 ιιι
1265 1593 1505 1631 anteponendum
1517 1595 1666 1633 omnibus,
1679 1599 1757 1637 quod

940 1640 982 1666 est
998 1636 1062 1675 ipse
1077 1635 1153 1666 Deus
1181 1635 1260 1673 Hmc,
1291 1637 1396 1666 fratres
1422 1637 1491 1674 mei,
1507 1643 1576 1669 sunt
1592 1640 1644 1670 Dei
1658 1635 1756 1673 admi-

939 1680 1054 1711 rabilaa.
1071 1680 1265 1711 Misereamur
1280 1680 1376 1720 itaque
1392 1682 1484 1711 nostri
1500 1682 1632 1722 ipsorum
1646 1695 1756 1725 quaso,

940 1729 967 1770 et
979 1725 1069 1770 hujus
1080 1725 1145 1770 vitae
1157 1724 1314 1770 participes
1335 1725 1398 1755 ﬁeri
1419 1725 1616 1769 elaboremus,
1631 1724 1697 1770 quae
1712 1724 1757 1762 est

939 1768 1038 1799 lumen
1055 1769 1118 1806 Dei,
1135 1769 1199 1809 ipse
1225 1769 1353 1809 Spiritus
1380 1775 1510 1811 sanctus,
1535 1772 1580 1802 sui
1597 1768 1757 1814 participes

939 1813 1135 1848 sanctiﬁcans,
1153 1818 1181 1844 et
1195 1814 1269 1844 deos
1280 1823 1332 1853 per
1343 1814 1531 1854 adoptionem
1543 1816 1666 1849 fac.ens.
1685 1813 1755 1851 Cre-

939 1857 1042 1888 damus
1058 1862 1116 1888 toto
1145 1858 1244 1889 animo
1273 1858 1303 1888 in
1330 1858 1436 1898 Deum,
1468 1864 1586 1898 terram,
1613 1867 1641 1892 et
1657 1864 1756 1895 omnia

939 1902 1146 1941 praetereuntia
1162 1902 1375 1942 relinquamus,
1390 1902 1425 1932 ad
1435 1903 1518 1934 illum
1530 1906 1716 1945 accedamus,
1728 1908 1756 1939 ei

938 1945 1152 1983 adhaereamus,
1162 1946 1300 1986 quoniam
1314 1946 1410 1977 adhuc
1421 1948 1581 1986 modicum,
1601 1954 1629 1980 et
1644 1952 1753 1982 coelum

938 1999 972 2020 ac
987 1994 1067 2020 terra
1083 1990 1260 2030 transibunt,
1278 1994 1306 2020 et
1323 1994 1403 2020 extra
1417 1991 1499 2021 illum
1517 2001 1576 2023 non
1592 1998 1637 2024 est
1648 2000 1753 2034 status,

72 2036 166 2072 factus
181 2049 258 2076 sum,
284 2039 314 2069 in
344 2048 402 2080 quo
433 2038 544 2069 colloco
573 2046 677 2068 omnes
691 2037 848 2070 credentes
863 2038 894 2069 in
938 2044 993 2066 nec
1009 2036 1164 2073 terminus,
1181 2036 1467 2080 necicomprehendi
1483 2041 1590 2076 potest,
1608 2048 1666 2078 quo
1683 2050 1754 2080 pec-

73 2094 136 2125 me,
151 2087 180 2115 et
193 2087 385 2123 regeneratos
399 2092 452 2124 per
464 2081 624 2122 Spiritum:
640 2081 690 2122 qui
702 2091 826 2122 peccare
836 2091 897 2113 am-
937 2083 1051 2125 calores
1065 2079 1310 2125 decidantaDeus
1325 2079 1403 2125 enim
1419 2081 1483 2120 capi
1499 2091 1557 2111 non
1574 2079 1753 2122 poteshaec

74 2123 152 2169 ptius
167 2137 226 2158 non
250 2130 373 2179 possunt
389 2123 404 2165 ;'
426 2135 482 2179 nec
510 2126 662 2179 pripceps“
673 2124 1085 2179 hujusumundiDint‘ellectu
1101 2123 1322 2179 comprehendi.
1341 2123 1411 2173 Quis
1434 2125 1522 2163 Igitur
1537 2125 1618 2157 locus
1634 2133 1688 2164 est,
1705 2129 1754 2159 die

74 2167 233 2213 quidquam
248 2167 404 2203 adversum
432 2170 500 2201 illos
523 2170 609 2200 valet.
640 2170 706 2209 Ego
734 2170 814 2200 enim
829 2180 893 2201 sum
905 2167 1020 2206 "mihi,
1036 2178 1126 2207 regno
1140 2169 1204 2208 ejus
1220 2167 1429 2198 excidentium.

73 2217 104 2247 in
119 2216 188 2254 illis,
206 2219 235 2247 et
251 2215 309 2256 ipsi
324 2216 354 2246 in
371 2225 430 2253 me,
461 2219 490 2245 et
517 2214 638 2245 vincunt
652 2213 810 2251 mundum,
827 2215 896 2255 quia

74 2264 155 2292 extra
168 2259 311 2290 mundum
326 2263 404 2298 sunt,
428 2267 536 2299 meque
547 2258 742 2289 fortissimum
758 2258 893 2289 omnium

74 2314 175 2336 secum
190 2305 312 2336 habent.
337 2304 399 2343 Ego
413 2313 478 2335 sum
496 2303 560 2334 fons
575 2303 693 2334 lucidus
714 2302 894 2334 immortalis

74 2349 175 2382 ﬂuenti
190 2358 224 2380 ac
238 2349 331 2385 ﬂuvii,
359 2349 389 2379 in
414 2357 473 2389 quo
503 2357 562 2378 non
590 2351 655 2388 post
683 2350 821 2383 mortem,
841 2347 894 2378 sed

73 2394 103 2425 in
119 2394 216 2433 horas,
236 2393 287 2433 qui
303 2402 351 2424 me
380 2396 442 2423 toto
467 2396 589 2432 pectore
618 2391 756 2430 diligunt,
771 2400 845 2431 aqua
860 2400 894 2422 ex

75 2448 121 2469 me
135 2438 283 2468 defluente
297 2437 443 2476 lavantur,
474 2445 642 2476 corpusque
665 2440 693 2466 et
715 2435 843 2466 animam
858 2435 895 2466 ab

75 2492 109 2514 ea
123 2482 187 2513 labe
217 2487 352 2522 purgant,
382 2486 411 2512 et
441 2481 493 2512 toti
523 2481 616 2511 instar
646 2480 802 2520 lampadis,
820 2479 894 2511 etin

75 2526 202 2568 speciem
212 2526 306 2558 radiis
319 2526 390 2557 solis
401 2525 521 2556 micant.
535 2524 597 2564 Ego
610 2533 674 2555 sum
685 2523 736 2564 qui
746 2523 776 2554 in
793 2524 892 2562 horas,

75 2576 107 2603 ut
122 2580 219 2609 mane,
236 2571 266 2602 in
282 2571 328 2602 his
343 2570 472 2608 exorior,
504 2573 534 2601 et
560 2569 662 2600 videor
677 2568 720 2598 sol
737 2577 790 2608 per
803 2568 894 2599 intel-

75 2616 204 2652 lectum;
224 2616 300 2646 sicut
315 2616 386 2647 olim
403 2623 519 2656 quoque
547 2614 577 2644 in
596 2612 749 2654 prophetis
765 2613 892 2645 manife-

78 2660 186 2692 stabam
202 2660 363 2701 meipsum,
381 2659 498 2700 ipsique
525 2658 661 2690 videntes
675 2656 846 2698 laudabant,
864 2661 894 2689 et

739 2741 754 2765 7
762 2739 842 2772 Ibid.

114 2747 129 2772 5
141 2747 227 2777 Joan.
244 2753 286 2784 XI,
302 2744 355 2777 25.
396 2743 412 2769 6
426 2743 528 2784 Matth.
544 2749 627 2784 xtuli,
645 2741 695 2773 31.

894 2768 900 2776 .
943 2744 959 2769 8
972 2742 1043 2773 Luc.
1060 2749 1132 2777 xvn,
1144 2741 1193 2772 20.

975 2214 1070 2253 Cogor
1085 2213 1251 2250 lamentari,
1269 2217 1297 2243 et
1313 2222 1364 2243 cor
1377 2222 1474 2244 meum
1493 2215 1627 2252 comedo,
1644 2220 1673 2246 et
1688 2225 1752 2247 ma-

937 2267 1032 2295 ceror,
1051 2267 1117 2289 cum
1134 2258 1229 2296 cogito
1258 2258 1416 2288 Dominum
1447 2262 1504 2288 tam
1535 2259 1708 2290 munificum
1726 2265 1755 2291 et

936 2304 1109 2343 humanum,
1123 2306 1156 2333 ut
1173 2307 1293 2342 propter
1303 2301 1394 2333 solam
1406 2302 1435 2333 iu
1448 2312 1479 2333 se
1492 2303 1579 2333 ﬁdem
1591 2304 1657 2334 talia
1669 2305 1754 2336 nobis

936 2347 1087 2385 largiatur,
1106 2355 1172 2387 quae
1188 2351 1331 2382 mentem,
1345 2346 1488 2384 auditum,
1501 2350 1530 2376 et
1544 2347 1753 2386 cogitationem

936 2395 1087 2431 superant,
1100 2390 1191 2421 necin
1202 2398 1253 2420 cor
1263 2389 1392 2420 hominis
1404 2390 1603 2421 ascenderunt
1612 2400 1755 2432 unquam;

936 2444 988 2466 eos
999 2439 1095 2466 autem
1108 2435 1187 2466 velut
1198 2434 1309 2465 bestias
1320 2433 1459 2473 praeferre
1481 2438 1588 2465 terram
1605 2435 1710 2472 solam,
1727 2440 1756 2466 et

937 2484 1071 2517 terrena,
1083 2479 1170 2510 nobis
1180 2488 1234 2519 per
1250 2478 1370 2509 multam
1383 2478 1619 2510 misericordiam
1630 2480 1666 2510 ad
1678 2480 1757 2511 suffi-

936 2524 1064 2556 cientem
1081 2523 1213 2564 corporis
1229 2533 1313 2554 usum
1338 2523 1499 2563 impertita,
1530 2527 1562 2553 ut
1576 2533 1611 2554 ex
1627 2524 1672 2554 his
1687 2533 1755 2554 mo-

935 2569 1037 2600 derate
1054 2573 1083 2599 et
1099 2577 1151 2608 pro
1180 2567 1315 2607 portione
1345 2567 1469 2605 alamur,
1501 2571 1529 2598 et
1543 2568 1644 2598 anima
1658 2572 1757 2598 nostra

934 2614 1007 2645 citra
1022 2612 1268 2653 impedimentum
1295 2611 1331 2642 ad
1354 2621 1482 2652 superna
1513 2612 1678 2651 gradiatur,
1695 2612 1758 2650 ipsa

933 2666 1051 2699 quoque
1065 2655 1258 2688 intellectuali
1275 2660 1359 2696 pastu
1374 2665 1408 2687 ex
1438 2656 1560 2696 Spiritu,
1573 2656 1658 2696 juxta
1672 2665 1756 2686 men-

1236 2740 1253 2765 9
1265 2740 1366 2772 Matth.
1377 2748 1442 2779 xm,
1455 2739 1504 2772 33.
1546 2740 1576 2765 40
1585 2739 1662 2771 Psal.
1676 2747 1705 2770 v.
1721 2739 1752 2770 4.

77 2786 100 2808 ¹¹
115 2785 188 2818 Ibid.
205 2786 236 2817 5.
277 2780 306 2807 λε
319 2784 377 2817 Isa.
393 2792 474 2825 Lyltt,
490 2783 520 2814 8.
563 2783 592 2808 ‘5
604 2782 688 2814 Joan.
705 2789 727 2822 ι,
743 2783 773 2812 ὕ.
817 2780 847 2807 Η
862 2792 919 2825 ha.
935 2791 975 2822 rx,
994 2782 1023 2814 2.
1067 2782 1097 2806 t5
1110 2781 1212 2812 Matth.
1228 2789 1288 2812 xxx.
1305 2780 1355 2811 27.
