  <div class='ocr_page' id='page_1' title='image "/cluster/home/n/w/nwhite01/storage/ocr_20150623/120/njp.32101010943973/313.png"; bbox 0 0 1978 3078; ppageno 0'>
   <div class='ocr_carea' id='block_1_1' title="bbox 209 189 270 222">
    <p class='ocr_par' dir='ltr' id='par_1_1' title="bbox 209 189 270 222">
     <span class='ocr_line' id='line_1_1' title="bbox 209 189 270 222; baseline 0.033 -2"><span class='ocrx_word' id='word_1_1' title='bbox 209 189 270 222; x_wconf 84' lang='grc'><strong>463</strong></span> 
     </span>
    </p>
   </div>
   <div class='ocr_carea' id='block_1_2' title="bbox 852 186 1250 218">
    <p class='ocr_par' dir='ltr' id='par_1_2' title="bbox 852 186 1250 218">
     <span class='ocr_line' id='line_1_2' title="bbox 852 186 1250 218; baseline 0.003 -1"><span class='ocrx_word' id='word_1_2' title='bbox 852 186 1044 218; x_wconf 83' lang='lat' dir='ltr'><strong>SYMEONIS</strong></span> <span class='ocrx_word' id='word_1_3' title='bbox 1063 188 1079 218; x_wconf 80' lang='lat' dir='ltr'><strong>J</strong></span> <span class='ocrx_word' id='word_1_4' title='bbox 1084 187 1250 218; x_wconf 80' lang='lat' dir='ltr'><strong>UNIORIS.</strong></span> 
     </span>
    </p>
   </div>
   <div class='ocr_carea' id='block_1_3' title="bbox 1832 185 1891 218">
    <p class='ocr_par' dir='ltr' id='par_1_3' title="bbox 1832 185 1891 218">
     <span class='ocr_line' id='line_1_3' title="bbox 1832 185 1891 218; baseline 0 -1"><span class='ocrx_word' id='word_1_5' title='bbox 1832 185 1891 218; x_wconf 83' lang='grc'>464</span> 
     </span>
    </p>
   </div>
   <div class='ocr_carea' id='block_1_4' title="bbox 210 249 1905 295">
    <p class='ocr_par' dir='ltr' id='par_1_4' title="bbox 210 249 1905 295">
     <span class='ocr_line' id='line_1_4' title="bbox 210 249 1905 295; baseline -0.004 -8"><span class='ocrx_word' id='word_1_6' title='bbox 210 265 310 287; x_wconf 88' lang='lat' dir='ltr'><strong>suram</strong></span> <span class='ocrx_word' id='word_1_7' title='bbox 327 254 510 295; x_wconf 77' lang='lat' dir='ltr'><strong>purgationis</strong></span> <span class='ocrx_word' id='word_1_8' title='bbox 539 258 568 284; x_wconf 90' lang='lat' dir='ltr'><strong>et</strong></span> <span class='ocrx_word' id='word_1_9' title='bbox 596 263 737 284; x_wconf 75' lang='lat' dir='ltr'><strong>ascensus</strong></span> <span class='ocrx_word' id='word_1_10' title='bbox 764 252 810 283; x_wconf 90' lang='lat' dir='ltr'><strong>sui</strong></span> <span class='ocrx_word' id='word_1_11' title='bbox 837 252 956 282; x_wconf 88' lang='lat' dir='ltr'><strong>nutrita.</strong></span> <span class='ocrx_word' id='word_1_12' title='bbox 973 251 1171 282; x_wconf 77' lang='lat' dir='ltr'><strong>HocAnoctis</strong></span> <span class='ocrx_word' id='word_1_13' title='bbox 1198 250 1354 295; x_wconf 73' lang='lat' dir='ltr'><strong>caliginem</strong></span> <span class='ocrx_word' id='word_1_14' title='bbox 1385 250 1523 281; x_wconf 82' lang='lat' dir='ltr'><strong>exoriens</strong></span> <span class='ocrx_word' id='word_1_15' title='bbox 1550 250 1594 295; x_wconf 85' lang='lat' dir='ltr'><strong>sol</strong></span> <span class='ocrx_word' id='word_1_16' title='bbox 1625 249 1766 290; x_wconf 80' lang='lat' dir='ltr'><strong>dispellit.</strong></span> <span class='ocrx_word' id='word_1_17' title='bbox 1794 251 1830 282; x_wconf 90' lang='lat' dir='ltr'><strong>Et</strong></span> <span class='ocrx_word' id='word_1_18' title='bbox 1845 251 1905 282; x_wconf 84' lang='lat' dir='ltr'><strong>erit</strong></span> 
     </span>
    </p>
   </div>
   <div class='ocr_carea' id='block_1_5' title="bbox 210 295 1036 336">
    <p class='ocr_par' dir='ltr' id='par_1_5' title="bbox 210 295 1036 336">
     <span class='ocr_line' id='line_1_5' title="bbox 210 295 1036 336; baseline -0.007 -5"><span class='ocrx_word' id='word_1_19' title='bbox 210 300 289 331; x_wconf 90' lang='lat' dir='ltr'><strong>enim</strong></span> <span class='ocrx_word' id='word_1_20' title='bbox 306 304 350 330; x_wconf 91' lang='lat' dir='ltr'><strong>est</strong></span> <span class='ocrx_word' id='word_1_21' title='bbox 365 299 465 336; x_wconf 87' lang='lat' dir='ltr'><strong>homo,</strong></span> <span class='ocrx_word' id='word_1_22' title='bbox 483 302 512 329; x_wconf 92' lang='lat' dir='ltr'><strong>et</strong></span> <span class='ocrx_word' id='word_1_23' title='bbox 527 299 583 328; x_wconf 89' lang='lat' dir='ltr'><strong>hoc</strong></span> <span class='ocrx_word' id='word_1_24' title='bbox 598 298 658 328; x_wconf 85' lang='lat' dir='ltr'><strong>fine</strong></span> <span class='ocrx_word' id='word_1_25' title='bbox 672 297 796 334; x_wconf 90' lang='lat' dir='ltr'><strong>conditi,</strong></span> <span class='ocrx_word' id='word_1_26' title='bbox 815 302 844 328; x_wconf 90' lang='lat' dir='ltr'><strong>et</strong></span> <span class='ocrx_word' id='word_1_27' title='bbox 859 295 896 327; x_wconf 91' lang='lat' dir='ltr'><strong>ob</strong></span> <span class='ocrx_word' id='word_1_28' title='bbox 913 296 989 326; x_wconf 89' lang='lat' dir='ltr'><strong>istud</strong></span> <span class='ocrx_word' id='word_1_29' title='bbox 1006 296 1036 325; x_wconf 91' lang='lat' dir='ltr'><strong>in</strong></span> 
     </span>
    </p>
   </div>
   <div class='ocr_carea' id='block_1_6' title="bbox 210 339 1037 383">
    <p class='ocr_par' dir='ltr' id='par_1_6' title="bbox 210 339 1037 383">
     <span class='ocr_line' id='line_1_6' title="bbox 210 339 1037 383; baseline -0.005 -9"><span class='ocrx_word' id='word_1_30' title='bbox 210 344 355 374; x_wconf 91' lang='lat' dir='ltr'><strong>mundum</strong></span> <span class='ocrx_word' id='word_1_31' title='bbox 371 345 515 383; x_wconf 83' lang='lat' dir='ltr'><strong>procreati</strong></span> <span class='ocrx_word' id='word_1_32' title='bbox 541 351 657 381; x_wconf 87' lang='lat' dir='ltr'><strong>sumus,</strong></span> <span class='ocrx_word' id='word_1_33' title='bbox 689 347 720 372; x_wconf 93' lang='lat' dir='ltr'><strong>ut</strong></span> <span class='ocrx_word' id='word_1_34' title='bbox 747 341 796 372; x_wconf 87' lang='lat' dir='ltr'><strong>hic</strong></span> <span class='ocrx_word' id='word_1_35' title='bbox 823 341 922 382; x_wconf 84' lang='lat' dir='ltr'><strong>paucis</strong></span> <span class='ocrx_word' id='word_1_36' title='bbox 938 339 1037 371; x_wconf 74' lang='lat' dir='ltr'><strong>affecti</strong></span> 
     </span>
    </p>
   </div>
   <div class='ocr_carea' id='block_1_7' title="bbox 210 385 1035 427">
    <p class='ocr_par' dir='ltr' id='par_1_7' title="bbox 210 385 1035 427">
     <span class='ocr_line' id='line_1_7' title="bbox 210 385 1035 427; baseline -0.005 -9"><span class='ocrx_word' id='word_1_37' title='bbox 210 388 378 425; x_wconf 88' lang='lat' dir='ltr'><strong>beneficiis,</strong></span> <span class='ocrx_word' id='word_1_38' title='bbox 396 396 450 427; x_wconf 91' lang='lat' dir='ltr'><strong>per</strong></span> <span class='ocrx_word' id='word_1_39' title='bbox 465 387 626 425; x_wconf 79' lang='lat' dir='ltr'><strong>gratiarum</strong></span> <span class='ocrx_word' id='word_1_40' title='bbox 643 386 803 422; x_wconf 85' lang='lat' dir='ltr'><strong>actionem,</strong></span> <span class='ocrx_word' id='word_1_41' title='bbox 823 389 852 415; x_wconf 91' lang='lat' dir='ltr'><strong>et</strong></span> <span class='ocrx_word' id='word_1_42' title='bbox 869 385 949 424; x_wconf 89' lang='lat' dir='ltr'><strong>pium</strong></span> <span class='ocrx_word' id='word_1_43' title='bbox 967 392 1035 422; x_wconf 84' lang='lat' dir='ltr'><strong>erga</strong></span> 
     </span>
    </p>
   </div>
   <div class='ocr_carea' id='block_1_8' title="bbox 210 428 1035 470">
    <p class='ocr_par' dir='ltr' id='par_1_8' title="bbox 210 428 1035 470">
     <span class='ocr_line' id='line_1_8' title="bbox 210 428 1035 470; baseline -0.006 -7"><span class='ocrx_word' id='word_1_44' title='bbox 210 432 304 464; x_wconf 87' lang='lat' dir='ltr'><strong>Deum</strong></span> <span class='ocrx_word' id='word_1_45' title='bbox 321 432 471 467; x_wconf 78' lang='lat' dir='ltr'><strong>affectum,</strong></span> <span class='ocrx_word' id='word_1_46' title='bbox 499 431 671 470; x_wconf 85' lang='lat' dir='ltr'><strong>majoribus,</strong></span> <span class='ocrx_word' id='word_1_47' title='bbox 704 435 732 460; x_wconf 90' lang='lat' dir='ltr'><strong>et</strong></span> <span class='ocrx_word' id='word_1_48' title='bbox 758 429 880 460; x_wconf 78' lang='lat' dir='ltr'><strong>aeternis</strong></span> <span class='ocrx_word' id='word_1_49' title='bbox 895 428 955 459; x_wconf 93' lang='lat' dir='ltr'><strong>illic</strong></span> <span class='ocrx_word' id='word_1_50' title='bbox 971 437 1035 468; x_wconf 89' lang='lat' dir='ltr'><strong>per-</strong></span> 
     </span>
    </p>
   </div>
   <div class='ocr_carea' id='block_1_9' title="bbox 210 472 1036 516">
    <p class='ocr_par' dir='ltr' id='par_1_9' title="bbox 210 472 1036 516">
     <span class='ocr_line' id='line_1_9' title="bbox 210 472 1036 516; baseline -0.006 -9"><span class='ocrx_word' id='word_1_51' title='bbox 210 476 356 507; x_wconf 84' lang='lat' dir='ltr'><strong>fruamur.</strong></span> <span class='ocrx_word' id='word_1_52' title='bbox 373 475 411 506; x_wconf 85' lang='lat' dir='ltr'><strong>At</strong></span> <span class='ocrx_word' id='word_1_53' title='bbox 425 475 523 516; x_wconf 62' lang='lat' dir='ltr'><strong>enim,</strong></span> <span class='ocrx_word' id='word_1_54' title='bbox 537 475 610 514; x_wconf 91' lang='lat' dir='ltr'><strong>proh</strong></span> <span class='ocrx_word' id='word_1_55' title='bbox 641 474 746 504; x_wconf 80' lang='lat' dir='ltr'><strong>dolor?</strong></span> <span class='ocrx_word' id='word_1_56' title='bbox 772 473 847 504; x_wconf 86' lang='lat' dir='ltr'>nihil</span> <span class='ocrx_word' id='word_1_57' title='bbox 863 481 984 513; x_wconf 75' lang='lat' dir='ltr'><strong>prorsus</strong></span> <span class='ocrx_word' id='word_1_58' title='bbox 1000 472 1036 502; x_wconf 90' lang='lat' dir='ltr'><strong>de</strong></span> 
     </span>
    </p>
   </div>
   <div class='ocr_carea' id='block_1_10' title="bbox 210 519 1036 559">
    <p class='ocr_par' dir='ltr' id='par_1_10' title="bbox 210 519 1036 559">
     <span class='ocr_line' id='line_1_10' title="bbox 210 519 1036 559; baseline -0.006 -7"><span class='ocrx_word' id='word_1_59' title='bbox 210 521 317 552; x_wconf 82' lang='lat' dir='ltr'><strong>futuris</strong></span> <span class='ocrx_word' id='word_1_60' title='bbox 330 520 459 557; x_wconf 75' lang='lat' dir='ltr'><strong>solliciti,</strong></span> <span class='ocrx_word' id='word_1_61' title='bbox 476 519 584 559; x_wconf 82' lang='lat' dir='ltr'><strong>ingrati</strong></span> <span class='ocrx_word' id='word_1_62' title='bbox 607 520 694 550; x_wconf 76' lang='lat' dir='ltr'><strong>etiam</strong></span> <span class='ocrx_word' id='word_1_63' title='bbox 726 519 763 549; x_wconf 93' lang='lat' dir='ltr'><strong>de</strong></span> <span class='ocrx_word' id='word_1_64' title='bbox 779 519 825 549; x_wconf 89' lang='lat' dir='ltr'><strong>his</strong></span> <span class='ocrx_word' id='word_1_65' title='bbox 841 527 952 555; x_wconf 85' lang='lat' dir='ltr'><strong>sumus,</strong></span> <span class='ocrx_word' id='word_1_66' title='bbox 972 526 1036 557; x_wconf 72' lang='lat' dir='ltr'><strong>quae</strong></span> 
     </span>
    </p>
   </div>
   <div class='ocr_carea' id='block_1_11' title="bbox 210 560 1036 599">
    <p class='ocr_par' dir='ltr' id='par_1_11' title="bbox 210 560 1036 599">
     <span class='ocr_line' id='line_1_11' title="bbox 210 560 1036 599; baseline -0.006 -4"><span class='ocrx_word' id='word_1_67' title='bbox 210 565 242 595; x_wconf 94' lang='lat' dir='ltr'><strong>in</strong></span> <span class='ocrx_word' id='word_1_68' title='bbox 258 564 396 595; x_wconf 89' lang='lat' dir='ltr'><strong>manibus</strong></span> <span class='ocrx_word' id='word_1_69' title='bbox 411 564 565 599; x_wconf 85' lang='lat' dir='ltr'><strong>habemus,</strong></span> <span class='ocrx_word' id='word_1_70' title='bbox 583 568 611 593; x_wconf 90' lang='lat' dir='ltr'><strong>et</strong></span> <span class='ocrx_word' id='word_1_71' title='bbox 643 564 796 593; x_wconf 77' lang='lat' dir='ltr'><strong>daemones</strong></span> <span class='ocrx_word' id='word_1_72' title='bbox 810 561 974 598; x_wconf 81' lang='lat' dir='ltr'><strong>imitamur,</strong></span> <span class='ocrx_word' id='word_1_73' title='bbox 991 560 1036 591; x_wconf 88' lang='lat' dir='ltr'><strong>vel</strong></span> 
     </span>
    </p>
   </div>
   <div class='ocr_carea' id='block_1_12' title="bbox 212 604 1036 643">
    <p class='ocr_par' dir='ltr' id='par_1_12' title="bbox 212 604 1036 643">
     <span class='ocr_line' id='line_1_12' title="bbox 212 604 1036 643; baseline -0.007 -4"><span class='ocrx_word' id='word_1_74' title='bbox 212 608 387 639; x_wconf 85' lang='lat' dir='ltr'><strong>daenouibus</strong></span> <span class='ocrx_word' id='word_1_75' title='bbox 404 608 504 643; x_wconf 89' lang='lat' dir='ltr'><strong>etiam,</strong></span> <span class='ocrx_word' id='word_1_76' title='bbox 522 607 546 637; x_wconf 90' lang='lat' dir='ltr'><strong>si</strong></span> <span class='ocrx_word' id='word_1_77' title='bbox 563 616 633 636; x_wconf 88' lang='lat' dir='ltr'><strong>vera</strong></span> <span class='ocrx_word' id='word_1_78' title='bbox 663 606 791 636; x_wconf 89' lang='lat' dir='ltr'><strong>dicenda</strong></span> <span class='ocrx_word' id='word_1_79' title='bbox 807 610 886 641; x_wconf 87' lang='lat' dir='ltr'><strong>sunt,</strong></span> <span class='ocrx_word' id='word_1_80' title='bbox 905 604 1036 635; x_wconf 77' lang='lat' dir='ltr'><strong>deterio-</strong></span> 
     </span>
    </p>
   </div>
   <div class='ocr_carea' id='block_1_13' title="bbox 210 648 1036 691">
    <p class='ocr_par' dir='ltr' id='par_1_13' title="bbox 210 648 1036 691">
     <span class='ocr_line' id='line_1_13' title="bbox 210 648 1036 691; baseline -0.006 -8"><span class='ocrx_word' id='word_1_81' title='bbox 210 661 260 683; x_wconf 89' lang='lat' dir='ltr'><strong>res</strong></span> <span class='ocrx_word' id='word_1_82' title='bbox 275 661 389 683; x_wconf 89' lang='lat' dir='ltr'><strong>sumus.</strong></span> <span class='ocrx_word' id='word_1_83' title='bbox 405 652 501 691; x_wconf 87' lang='lat' dir='ltr'><strong>Atque</strong></span> <span class='ocrx_word' id='word_1_84' title='bbox 515 651 629 681; x_wconf 92' lang='lat' dir='ltr'><strong>idcirco</strong></span> <span class='ocrx_word' id='word_1_85' title='bbox 658 655 687 681; x_wconf 90' lang='lat' dir='ltr'><strong>et</strong></span> <span class='ocrx_word' id='word_1_86' title='bbox 716 650 846 680; x_wconf 78' lang='lat' dir='ltr'><strong>atrocius</strong></span> <span class='ocrx_word' id='word_1_87' title='bbox 860 648 1036 688; x_wconf 88' lang='lat' dir='ltr'><strong>supplicium</strong></span> 
     </span>
    </p>
   </div>
   <div class='ocr_carea' id='block_1_14' title="bbox 211 692 1038 736">
    <p class='ocr_par' dir='ltr' id='par_1_14' title="bbox 211 692 1038 736">
     <span class='ocr_line' id='line_1_14' title="bbox 211 692 1038 736; baseline -0.006 -9"><span class='ocrx_word' id='word_1_88' title='bbox 211 697 300 727; x_wconf 90' lang='lat' dir='ltr'><strong>nobis</strong></span> <span class='ocrx_word' id='word_1_89' title='bbox 312 696 449 733; x_wconf 84' lang='lat' dir='ltr'><strong>debetur,</strong></span> <span class='ocrx_word' id='word_1_90' title='bbox 463 699 574 736; x_wconf 91' lang='lat' dir='ltr'><strong>quanto</strong></span> <span class='ocrx_word' id='word_1_91' title='bbox 585 693 874 735; x_wconf 84' lang='lat' dir='ltr'><strong>etpraestantioribus</strong></span> <span class='ocrx_word' id='word_1_92' title='bbox 884 692 1038 723; x_wconf 86' lang='lat' dir='ltr'><strong>beneficiis</strong></span> 
     </span>
    </p>
   </div>
   <div class='ocr_carea' id='block_1_15' title="bbox 213 737 1037 778">
    <p class='ocr_par' dir='ltr' id='par_1_15' title="bbox 213 737 1037 778">
     <span class='ocr_line' id='line_1_15' title="bbox 213 737 1037 778; baseline -0.006 -7"><span class='ocrx_word' id='word_1_93' title='bbox 213 740 354 771; x_wconf 85' lang='lat' dir='ltr'><strong>cumulati</strong></span> <span class='ocrx_word' id='word_1_94' title='bbox 367 749 480 776; x_wconf 88' lang='lat' dir='ltr'><strong>sumus,</strong></span> <span class='ocrx_word' id='word_1_95' title='bbox 512 744 541 770; x_wconf 91' lang='lat' dir='ltr'><strong>et</strong></span> <span class='ocrx_word' id='word_1_96' title='bbox 566 741 659 770; x_wconf 91' lang='lat' dir='ltr'><strong>Deum</strong></span> <span class='ocrx_word' id='word_1_97' title='bbox 692 742 812 778; x_wconf 90' lang='lat' dir='ltr'><strong>propter</strong></span> <span class='ocrx_word' id='word_1_98' title='bbox 842 747 894 768; x_wconf 88' lang='lat' dir='ltr'><strong>nos</strong></span> <span class='ocrx_word' id='word_1_99' title='bbox 910 737 1037 767; x_wconf 88' lang='lat' dir='ltr'><strong>similem</strong></span> 
     </span>
    </p>
   </div>
   <div class='ocr_carea' id='block_1_16' title="bbox 211 781 1034 824">
    <p class='ocr_par' dir='ltr' id='par_1_16' title="bbox 211 781 1034 824">
     <span class='ocr_line' id='line_1_16' title="bbox 211 781 1034 824; baseline -0.005 -9"><span class='ocrx_word' id='word_1_100' title='bbox 211 785 317 824; x_wconf 85' lang='lat' dir='ltr'><strong>nostri,</strong></span> <span class='ocrx_word' id='word_1_101' title='bbox 335 784 398 815; x_wconf 91' lang='lat' dir='ltr'><strong>solo</strong></span> <span class='ocrx_word' id='word_1_102' title='bbox 409 788 528 824; x_wconf 89' lang='lat' dir='ltr'><strong>peccato</strong></span> <span class='ocrx_word' id='word_1_103' title='bbox 541 787 676 823; x_wconf 90' lang='lat' dir='ltr'><strong>excepto,</strong></span> <span class='ocrx_word' id='word_1_104' title='bbox 695 783 802 813; x_wconf 86' lang='lat' dir='ltr'><strong>factum</strong></span> <span class='ocrx_word' id='word_1_105' title='bbox 818 781 1034 821; x_wconf 81' lang='lat' dir='ltr'><strong>cognoscimus,</strong></span> 
     </span>
    </p>
   </div>
   <div class='ocr_carea' id='block_1_17' title="bbox 214 825 1038 867">
    <p class='ocr_par' dir='ltr' id='par_1_17' title="bbox 214 825 1038 867">
     <span class='ocr_line' id='line_1_17' title="bbox 214 825 1038 867; baseline -0.004 -8"><span class='ocrx_word' id='word_1_106' title='bbox 214 833 245 860; x_wconf 91' lang='lat' dir='ltr'><strong>ut</strong></span> <span class='ocrx_word' id='word_1_107' title='bbox 260 839 314 859; x_wconf 92' lang='lat' dir='ltr'><strong>nos</strong></span> <span class='ocrx_word' id='word_1_108' title='bbox 329 828 365 859; x_wconf 88' lang='lat' dir='ltr'><strong>ab</strong></span> <span class='ocrx_word' id='word_1_109' title='bbox 381 838 485 859; x_wconf 77' lang='lat' dir='ltr'><strong>errore</strong></span> <span class='ocrx_word' id='word_1_110' title='bbox 513 833 542 859; x_wconf 89' lang='lat' dir='ltr'><strong>et</strong></span> <span class='ocrx_word' id='word_1_111' title='bbox 571 832 692 867; x_wconf 89' lang='lat' dir='ltr'><strong>peccato</strong></span> <span class='ocrx_word' id='word_1_112' title='bbox 722 827 876 857; x_wconf 81' lang='lat' dir='ltr'><strong>liberaret.</strong></span> <span class='ocrx_word' id='word_1_113' title='bbox 894 826 951 857; x_wconf 92' lang='lat' dir='ltr'><strong>Sed</strong></span> <span class='ocrx_word' id='word_1_114' title='bbox 967 825 1038 865; x_wconf 87' lang='lat' dir='ltr'><strong>quid</strong></span> 
     </span>
    </p>
   </div>
   <div class='ocr_carea' id='block_1_18' title="bbox 213 869 1037 912">
    <p class='ocr_par' dir='ltr' id='par_1_18' title="bbox 213 869 1037 912">
     <span class='ocr_line' id='line_1_18' title="bbox 213 869 1037 912; baseline -0.005 -8"><span class='ocrx_word' id='word_1_115' title='bbox 213 873 251 903; x_wconf 91' lang='lat' dir='ltr'><strong>de</strong></span> <span class='ocrx_word' id='word_1_116' title='bbox 266 873 313 904; x_wconf 89' lang='lat' dir='ltr'><strong>his</strong></span> <span class='ocrx_word' id='word_1_117' title='bbox 327 873 476 912; x_wconf 84' lang='lat' dir='ltr'><strong>sigillatim</strong></span> <span class='ocrx_word' id='word_1_118' title='bbox 493 872 581 903; x_wconf 82' lang='lat' dir='ltr'><strong>verba</strong></span> <span class='ocrx_word' id='word_1_119' title='bbox 596 873 692 902; x_wconf 87' lang='lat' dir='ltr'><strong>facere</strong></span> <span class='ocrx_word' id='word_1_120' title='bbox 714 880 789 911; x_wconf 90' lang='lat' dir='ltr'><strong>opus</strong></span> <span class='ocrx_word' id='word_1_121' title='bbox 809 869 875 901; x_wconf 86' lang='lat' dir='ltr'><strong>est?</strong></span> <span class='ocrx_word' id='word_1_122' title='bbox 890 869 1037 907; x_wconf 80' lang='lat' dir='ltr'><strong>Profecto,</strong></span> 
     </span>
    </p>
   </div>
   <div class='ocr_carea' id='block_1_19' title="bbox 212 914 1038 954">
    <p class='ocr_par' dir='ltr' id='par_1_19' title="bbox 212 914 1038 954">
     <span class='ocr_line' id='line_1_19' title="bbox 212 914 1038 954; baseline -0.005 -7"><span class='ocrx_word' id='word_1_123' title='bbox 212 917 303 948; x_wconf 88' lang='lat' dir='ltr'><strong>verbo</strong></span> <span class='ocrx_word' id='word_1_124' title='bbox 320 921 432 947; x_wconf 89' lang='lat' dir='ltr'><strong>tantum</strong></span> <span class='ocrx_word' id='word_1_125' title='bbox 448 917 614 953; x_wconf 89' lang='lat' dir='ltr'><strong>credentes,</strong></span> <span class='ocrx_word' id='word_1_126' title='bbox 633 915 702 946; x_wconf 89' lang='lat' dir='ltr'><strong>facti</strong></span> <span class='ocrx_word' id='word_1_127' title='bbox 731 924 885 954; x_wconf 82' lang='lat' dir='ltr'><strong>negamus,</strong></span> <span class='ocrx_word' id='word_1_128' title='bbox 903 918 935 945; x_wconf 84' lang='lat' dir='ltr'><strong>ut</strong></span> <span class='ocrx_word' id='word_1_129' title='bbox 950 914 1038 944; x_wconf 85' lang='lat' dir='ltr'><strong>etiam</strong></span> 
     </span>
    </p>
   </div>
   <div class='ocr_carea' id='block_1_20' title="bbox 1079 294 1903 335">
    <p class='ocr_par' dir='ltr' id='par_1_20' title="bbox 1079 294 1903 335">
     <span class='ocr_line' id='line_1_20' title="bbox 1079 294 1903 335; baseline 0.002 -11"><span class='ocrx_word' id='word_1_130' title='bbox 1079 294 1197 335; x_wconf 88' lang='lat' dir='ltr'><strong>proprie</strong></span> <span class='ocrx_word' id='word_1_131' title='bbox 1212 294 1289 325; x_wconf 89' lang='lat' dir='ltr'><strong>Deus</strong></span> <span class='ocrx_word' id='word_1_132' title='bbox 1306 295 1387 325; x_wconf 92' lang='lat' dir='ltr'><strong>solus</strong></span> <span class='ocrx_word' id='word_1_133' title='bbox 1416 304 1475 325; x_wconf 91' lang='lat' dir='ltr'><strong>non</strong></span> <span class='ocrx_word' id='word_1_134' title='bbox 1504 294 1580 334; x_wconf 88' lang='lat' dir='ltr'><strong>potis</strong></span> <span class='ocrx_word' id='word_1_135' title='bbox 1609 294 1675 335; x_wconf 87' lang='lat' dir='ltr'><strong>capi</strong></span> <span class='ocrx_word' id='word_1_136' title='bbox 1689 294 1768 325; x_wconf 91' lang='lat' dir='ltr'><strong>inter</strong></span> <span class='ocrx_word' id='word_1_137' title='bbox 1782 305 1817 326; x_wconf 88' lang='lat' dir='ltr'><strong>ea</strong></span> <span class='ocrx_word' id='word_1_138' title='bbox 1833 304 1903 335; x_wconf 62' lang='lat' dir='ltr'><strong>quae</strong></span> 
     </span>
    </p>
   </div>
   <div class='ocr_carea' id='block_1_21' title="bbox 1079 339 1903 379">
    <p class='ocr_par' dir='ltr' id='par_1_21' title="bbox 1079 339 1903 379">
     <span class='ocr_line' id='line_1_21' title="bbox 1079 339 1903 379; baseline 0.002 -11"><span class='ocrx_word' id='word_1_139' title='bbox 1079 349 1138 369; x_wconf 92' lang='lat' dir='ltr'><strong>non</strong></span> <span class='ocrx_word' id='word_1_140' title='bbox 1159 339 1326 379; x_wconf 86' lang='lat' dir='ltr'><strong>capiuntur,</strong></span> <span class='ocrx_word' id='word_1_141' title='bbox 1356 343 1384 369; x_wconf 89' lang='lat' dir='ltr'><strong>et</strong></span> <span class='ocrx_word' id='word_1_142' title='bbox 1413 339 1443 369; x_wconf 92' lang='lat' dir='ltr'><strong>in</strong></span> <span class='ocrx_word' id='word_1_143' title='bbox 1473 339 1828 379; x_wconf 89' lang='lat' dir='ltr'><strong>incomprehensibilibus</strong></span> <span class='ocrx_word' id='word_1_144' title='bbox 1858 340 1903 370; x_wconf 48' lang='lat' dir='ltr'><strong>in.</strong></span> 
     </span>
    </p>
   </div>
   <div class='ocr_carea' id='block_1_22' title="bbox 1078 383 1905 424">
    <p class='ocr_par' dir='ltr' id='par_1_22' title="bbox 1078 383 1905 424">
     <span class='ocr_line' id='line_1_22' title="bbox 1078 383 1905 424; baseline 0.002 -11"><span class='ocrx_word' id='word_1_145' title='bbox 1078 383 1357 423; x_wconf 87' lang='lat' dir='ltr'><strong>comprehensibilis</strong></span> <span class='ocrx_word' id='word_1_146' title='bbox 1375 383 1446 413; x_wconf 91' lang='lat' dir='ltr'><strong>solis</strong></span> <span class='ocrx_word' id='word_1_147' title='bbox 1458 384 1555 423; x_wconf 80' lang='lat' dir='ltr'><strong>dignis</strong></span> <span class='ocrx_word' id='word_1_148' title='bbox 1569 393 1726 424; x_wconf 85' lang='lat' dir='ltr'><strong>apparens,</strong></span> <span class='ocrx_word' id='word_1_149' title='bbox 1744 394 1797 424; x_wconf 91' lang='lat' dir='ltr'><strong>pro</strong></span> <span class='ocrx_word' id='word_1_150' title='bbox 1813 393 1905 415; x_wconf 81' lang='lat' dir='ltr'><strong>nien-</strong></span> 
     </span>
    </p>
   </div>
   <div class='ocr_carea' id='block_1_23' title="bbox 1078 427 1905 467">
    <p class='ocr_par' dir='ltr' id='par_1_23' title="bbox 1078 427 1905 467">
     <span class='ocr_line' id='line_1_23' title="bbox 1078 427 1905 467; baseline 0 -9"><span class='ocrx_word' id='word_1_151' title='bbox 1078 437 1148 458; x_wconf 86' lang='lat' dir='ltr'><strong>sura</strong></span> <span class='ocrx_word' id='word_1_152' title='bbox 1161 427 1230 458; x_wconf 86' lang='lat' dir='ltr'><strong>ﬁdei</strong></span> <span class='ocrx_word' id='word_1_153' title='bbox 1245 428 1275 457; x_wconf 91' lang='lat' dir='ltr'><strong>in</strong></span> <span class='ocrx_word' id='word_1_154' title='bbox 1302 427 1412 467; x_wconf 85' lang='lat' dir='ltr'><strong>ipsum.</strong></span> <span class='ocrx_word' id='word_1_155' title='bbox 1436 427 1612 458; x_wconf 84' lang='lat' dir='ltr'><strong>Peccatores</strong></span> <span class='ocrx_word' id='word_1_156' title='bbox 1637 437 1705 458; x_wconf 91' lang='lat' dir='ltr'><strong>vero</strong></span> <span class='ocrx_word' id='word_1_157' title='bbox 1722 433 1808 459; x_wconf 91' lang='lat' dir='ltr'><strong>erunt</strong></span> <span class='ocrx_word' id='word_1_158' title='bbox 1822 433 1856 459; x_wconf 93' lang='lat' dir='ltr'><strong>ut</strong></span> <span class='ocrx_word' id='word_1_159' title='bbox 1872 429 1905 458; x_wconf 91' lang='lat' dir='ltr'><strong>in</strong></span> 
     </span>
    </p>
   </div>
   <div class='ocr_carea' id='block_1_24' title="bbox 1077 471 1949 512">
    <p class='ocr_par' dir='ltr' id='par_1_24' title="bbox 1077 471 1949 512">
     <span class='ocr_line' id='line_1_24' title="bbox 1077 471 1949 512; baseline 0.002 -11"><span class='ocrx_word' id='word_1_160' title='bbox 1077 471 1189 502; x_wconf 89' lang='lat' dir='ltr'><strong>lumine</strong></span> <span class='ocrx_word' id='word_1_161' title='bbox 1204 472 1299 511; x_wconf 91' lang='lat' dir='ltr'><strong>operti</strong></span> <span class='ocrx_word' id='word_1_162' title='bbox 1327 480 1361 502; x_wconf 91' lang='lat' dir='ltr'><strong>ac</strong></span> <span class='ocrx_word' id='word_1_163' title='bbox 1392 471 1562 502; x_wconf 81' lang='lat' dir='ltr'><strong>circumfusi</strong></span> <span class='ocrx_word' id='word_1_164' title='bbox 1592 472 1734 510; x_wconf 91' lang='lat' dir='ltr'><strong>tenebris,</strong></span> <span class='ocrx_word' id='word_1_165' title='bbox 1751 473 1782 503; x_wconf 91' lang='lat' dir='ltr'><strong>in</strong></span> <span class='ocrx_word' id='word_1_166' title='bbox 1797 473 1905 512; x_wconf 87' lang='lat' dir='ltr'><strong>gaudio</strong></span> <span class='ocrx_word' id='word_1_167' title='bbox 1947 483 1949 486; x_wconf 59' lang='lat'><em>‘</em></span> 
     </span>
    </p>
   </div>
   <div class='ocr_carea' id='block_1_25' title="bbox 1078 515 1905 555">
    <p class='ocr_par' dir='ltr' id='par_1_25' title="bbox 1078 515 1905 555">
     <span class='ocr_line' id='line_1_25' title="bbox 1078 515 1905 555; baseline 0.001 -9"><span class='ocrx_word' id='word_1_168' title='bbox 1078 515 1298 553; x_wconf 85' lang='lat' dir='ltr'><strong>erubescentes,</strong></span> <span class='ocrx_word' id='word_1_169' title='bbox 1317 520 1345 546; x_wconf 91' lang='lat' dir='ltr'><strong>et</strong></span> <span class='ocrx_word' id='word_1_170' title='bbox 1361 515 1391 545; x_wconf 94' lang='lat' dir='ltr'><strong>in</strong></span> <span class='ocrx_word' id='word_1_171' title='bbox 1409 515 1508 546; x_wconf 65' lang='lat' dir='ltr'><strong>laetitia</strong></span> <span class='ocrx_word' id='word_1_172' title='bbox 1523 515 1580 555; x_wconf 89' lang='lat' dir='ltr'><strong>ipsi</strong></span> <span class='ocrx_word' id='word_1_173' title='bbox 1594 516 1791 554; x_wconf 90' lang='lat' dir='ltr'><strong>tabescentes,</strong></span> <span class='ocrx_word' id='word_1_174' title='bbox 1809 521 1839 547; x_wconf 91' lang='lat' dir='ltr'><strong>et</strong></span> <span class='ocrx_word' id='word_1_175' title='bbox 1852 525 1905 547; x_wconf 88' lang='lat' dir='ltr'><strong>ar-</strong></span> 
     </span>
    </p>
   </div>
   <div class='ocr_carea' id='block_1_26' title="bbox 1079 560 1904 597">
    <p class='ocr_par' dir='ltr' id='par_1_26' title="bbox 1079 560 1904 597">
     <span class='ocr_line' id='line_1_26' title="bbox 1079 560 1904 597; baseline 0.002 -7"><span class='ocrx_word' id='word_1_176' title='bbox 1079 560 1185 590; x_wconf 85' lang='lat' dir='ltr'><strong>denter</strong></span> <span class='ocrx_word' id='word_1_177' title='bbox 1197 560 1392 597; x_wconf 89' lang='lat' dir='ltr'><strong>horribiliter,</strong></span> <span class='ocrx_word' id='word_1_178' title='bbox 1409 560 1571 590; x_wconf 90' lang='lat' dir='ltr'><strong>etdiversis</strong></span> <span class='ocrx_word' id='word_1_179' title='bbox 1582 569 1701 591; x_wconf 92' lang='lat' dir='ltr'><strong>suarum</strong></span> <span class='ocrx_word' id='word_1_180' title='bbox 1713 561 1904 592; x_wconf 84' lang='lat' dir='ltr'><strong>aﬂ‘ectionnm</strong></span> 
     </span>
    </p>
   </div>
   <div class='ocr_carea' id='block_1_27' title="bbox 1078 603 1906 644">
    <p class='ocr_par' dir='ltr' id='par_1_27' title="bbox 1078 603 1906 644">
     <span class='ocr_line' id='line_1_27' title="bbox 1078 603 1906 644; baseline 0.001 -9"><span class='ocrx_word' id='word_1_181' title='bbox 1078 605 1238 644; x_wconf 82' lang='lat' dir='ltr'><strong>generibus</strong></span> <span class='ocrx_word' id='word_1_182' title='bbox 1253 604 1376 635; x_wconf 85' lang='lat' dir='ltr'><strong>cruciati</strong></span> <span class='ocrx_word' id='word_1_183' title='bbox 1390 613 1396 635; x_wconf 75' lang='grc' dir='ltr'>ε</span> <span class='ocrx_word' id='word_1_184' title='bbox 1411 605 1486 635; x_wconf 87' lang='lat' dir='ltr'><strong>sicut</strong></span> <span class='ocrx_word' id='word_1_185' title='bbox 1502 603 1616 634; x_wconf 89' lang='lat' dir='ltr'><strong>scilicet</strong></span> <span class='ocrx_word' id='word_1_186' title='bbox 1631 610 1659 635; x_wconf 87' lang='lat' dir='ltr'><strong>et</strong></span> <span class='ocrx_word' id='word_1_187' title='bbox 1671 605 1744 644; x_wconf 82' lang='lat' dir='ltr'><strong>justi</strong></span> <span class='ocrx_word' id='word_1_188' title='bbox 1760 615 1776 636; x_wconf 90' lang='lat' dir='ltr'><strong>a</strong></span> <span class='ocrx_word' id='word_1_189' title='bbox 1790 606 1906 636; x_wconf 88' lang='lat' dir='ltr'><strong>lumine</strong></span> 
     </span>
    </p>
   </div>
   <div class='ocr_carea' id='block_1_28' title="bbox 1079 647 1903 690">
    <p class='ocr_par' dir='ltr' id='par_1_28' title="bbox 1079 647 1903 690">
     <span class='ocr_line' id='line_1_28' title="bbox 1079 647 1903 690; baseline 0.001 -11"><span class='ocrx_word' id='word_1_190' title='bbox 1079 648 1254 685; x_wconf 87' lang='lat' dir='ltr'><strong>collustrati,</strong></span> <span class='ocrx_word' id='word_1_191' title='bbox 1264 647 1588 679; x_wconf 85' lang='lat' dir='ltr'><strong>etdiversisvirtutibus</strong></span> <span class='ocrx_word' id='word_1_192' title='bbox 1597 649 1692 680; x_wconf 85' lang='lat' dir='ltr'><strong>ornati</strong></span> <span class='ocrx_word' id='word_1_193' title='bbox 1704 649 1903 690; x_wconf 85' lang='lat' dir='ltr'><strong>apparebunt.</strong></span> 
     </span>
    </p>
   </div>
   <div class='ocr_carea' id='block_1_29' title="bbox 1080 693 1905 733">
    <p class='ocr_par' dir='ltr' id='par_1_29' title="bbox 1080 693 1905 733">
     <span class='ocr_line' id='line_1_29' title="bbox 1080 693 1905 733; baseline 0.002 -10"><span class='ocrx_word' id='word_1_194' title='bbox 1080 693 1154 724; x_wconf 92' lang='lat' dir='ltr'><strong>Nam</strong></span> <span class='ocrx_word' id='word_1_195' title='bbox 1168 693 1258 731; x_wconf 91' lang='lat' dir='ltr'><strong>Deus,</strong></span> <span class='ocrx_word' id='word_1_196' title='bbox 1279 693 1329 733; x_wconf 90' lang='lat' dir='ltr'><strong>qui</strong></span> <span class='ocrx_word' id='word_1_197' title='bbox 1344 693 1508 723; x_wconf 85' lang='lat' dir='ltr'><strong>secundum</strong></span> <span class='ocrx_word' id='word_1_198' title='bbox 1523 697 1658 724; x_wconf 85' lang='lat' dir='ltr'><strong>naturam</strong></span> <span class='ocrx_word' id='word_1_199' title='bbox 1674 703 1757 724; x_wconf 89' lang='lat' dir='ltr'><strong>suam</strong></span> <span class='ocrx_word' id='word_1_200' title='bbox 1773 694 1905 725; x_wconf 82' lang='lat' dir='ltr'><strong>charitas</strong></span> 
     </span>
    </p>
   </div>
   <div class='ocr_carea' id='block_1_30' title="bbox 1081 737 1904 775">
    <p class='ocr_par' dir='ltr' id='par_1_30' title="bbox 1081 737 1904 775">
     <span class='ocr_line' id='line_1_30' title="bbox 1081 737 1904 775; baseline 0.001 -7"><span class='ocrx_word' id='word_1_201' title='bbox 1081 741 1137 775; x_wconf 88' lang='lat' dir='ltr'><strong>est,</strong></span> <span class='ocrx_word' id='word_1_202' title='bbox 1155 741 1184 768; x_wconf 92' lang='lat' dir='ltr'><strong>et</strong></span> <span class='ocrx_word' id='word_1_203' title='bbox 1198 741 1329 774; x_wconf 87' lang='lat' dir='ltr'><strong>vocatur,</strong></span> <span class='ocrx_word' id='word_1_204' title='bbox 1345 746 1400 767; x_wconf 90' lang='lat' dir='ltr'><strong>nec</strong></span> <span class='ocrx_word' id='word_1_205' title='bbox 1429 737 1583 768; x_wconf 88' lang='lat' dir='ltr'><strong>damnatos</strong></span> <span class='ocrx_word' id='word_1_206' title='bbox 1608 737 1681 774; x_wconf 89' lang='lat' dir='ltr'><strong>odit,</strong></span> <span class='ocrx_word' id='word_1_207' title='bbox 1698 738 1780 768; x_wconf 89' lang='lat' dir='ltr'><strong>omni</strong></span> <span class='ocrx_word' id='word_1_208' title='bbox 1795 739 1904 769; x_wconf 69' lang='lat' dir='ltr'><strong>aﬂ‘ectu</strong></span> 
     </span>
    </p>
   </div>
   <div class='ocr_carea' id='block_1_31' title="bbox 1080 781 1903 821">
    <p class='ocr_par' dir='ltr' id='par_1_31' title="bbox 1080 781 1903 821">
     <span class='ocr_line' id='line_1_31' title="bbox 1080 781 1903 821; baseline 0.001 -9"><span class='ocrx_word' id='word_1_209' title='bbox 1080 782 1252 812; x_wconf 85' lang='lat' dir='ltr'><strong>naturaliter</strong></span> <span class='ocrx_word' id='word_1_210' title='bbox 1265 781 1357 819; x_wconf 91' lang='lat' dir='ltr'><strong>liber,</strong></span> <span class='ocrx_word' id='word_1_211' title='bbox 1374 790 1430 812; x_wconf 86' lang='lat' dir='ltr'><strong>nec</strong></span> <span class='ocrx_word' id='word_1_212' title='bbox 1450 791 1467 812; x_wconf 89' lang='lat' dir='ltr'><strong>a</strong></span> <span class='ocrx_word' id='word_1_213' title='bbox 1482 781 1628 812; x_wconf 80' lang='lat' dir='ltr'><strong>damnatis</strong></span> <span class='ocrx_word' id='word_1_214' title='bbox 1640 782 1709 821; x_wconf 91' lang='lat' dir='ltr'><strong>jure</strong></span> <span class='ocrx_word' id='word_1_215' title='bbox 1723 782 1792 813; x_wconf 90' lang='lat' dir='ltr'><strong>odio</strong></span> <span class='ocrx_word' id='word_1_216' title='bbox 1807 782 1903 813; x_wconf 80' lang='lat' dir='ltr'><strong>habe-</strong></span> 
     </span>
    </p>
   </div>
   <div class='ocr_carea' id='block_1_32' title="bbox 1081 825 1905 866">
    <p class='ocr_par' dir='ltr' id='par_1_32' title="bbox 1081 825 1905 866">
     <span class='ocr_line' id='line_1_32' title="bbox 1081 825 1905 866; baseline 0.002 -10"><span class='ocrx_word' id='word_1_217' title='bbox 1081 831 1127 856; x_wconf 91' lang='lat' dir='ltr'><strong>tur</strong></span> <span class='ocrx_word' id='word_1_218' title='bbox 1145 835 1151 857; x_wconf 71' lang='grc' dir='ltr'>ξ</span> <span class='ocrx_word' id='word_1_219' title='bbox 1171 825 1223 857; x_wconf 89' lang='lat' dir='ltr'><strong>sed</strong></span> <span class='ocrx_word' id='word_1_220' title='bbox 1240 825 1414 866; x_wconf 87' lang='lat' dir='ltr'><strong>quibuscum</strong></span> <span class='ocrx_word' id='word_1_221' title='bbox 1431 829 1531 856; x_wconf 88' lang='lat' dir='ltr'><strong>nostra</strong></span> <span class='ocrx_word' id='word_1_222' title='bbox 1544 826 1692 856; x_wconf 87' lang='lat' dir='ltr'><strong>voluntate</strong></span> <span class='ocrx_word' id='word_1_223' title='bbox 1708 832 1739 857; x_wconf 87' lang='lat' dir='ltr'><strong>et</strong></span> <span class='ocrx_word' id='word_1_224' title='bbox 1754 827 1905 858; x_wconf 87' lang='lat' dir='ltr'><strong>sententia</strong></span> 
     </span>
    </p>
   </div>
   <div class='ocr_carea' id='block_1_33' title="bbox 1079 869 1904 909">
    <p class='ocr_par' dir='ltr' id='par_1_33' title="bbox 1079 869 1904 909">
     <span class='ocr_line' id='line_1_33' title="bbox 1079 869 1904 909; baseline 0.002 -9"><span class='ocrx_word' id='word_1_225' title='bbox 1079 870 1109 900; x_wconf 93' lang='lat' dir='ltr'><strong>in</strong></span> <span class='ocrx_word' id='word_1_226' title='bbox 1135 871 1192 900; x_wconf 90' lang='lat' dir='ltr'><strong>hoc</strong></span> <span class='ocrx_word' id='word_1_227' title='bbox 1213 870 1319 900; x_wconf 57' lang='lat' dir='ltr'><strong>saculo</strong></span> <span class='ocrx_word' id='word_1_228' title='bbox 1347 878 1504 909; x_wconf 88' lang='lat' dir='ltr'><strong>pravorum</strong></span> <span class='ocrx_word' id='word_1_229' title='bbox 1533 869 1698 901; x_wconf 89' lang='lat' dir='ltr'><strong>studiorum</strong></span> <span class='ocrx_word' id='word_1_230' title='bbox 1727 871 1904 902; x_wconf 87' lang='lat' dir='ltr'><strong>societatem</strong></span> 
     </span>
    </p>
   </div>
   <div class='ocr_carea' id='block_1_34' title="bbox 1081 914 1905 954">
    <p class='ocr_par' dir='ltr' id='par_1_34' title="bbox 1081 914 1905 954">
     <span class='ocr_line' id='line_1_34' title="bbox 1081 914 1905 954; baseline 0.002 -10"><span class='ocrx_word' id='word_1_231' title='bbox 1081 914 1234 953; x_wconf 82' lang='lat' dir='ltr'><strong>elegimus,</strong></span> <span class='ocrx_word' id='word_1_232' title='bbox 1251 923 1317 944; x_wconf 90' lang='lat' dir='ltr'><strong>cum</strong></span> <span class='ocrx_word' id='word_1_233' title='bbox 1344 914 1389 944; x_wconf 93' lang='lat' dir='ltr'><strong>his</strong></span> <span class='ocrx_word' id='word_1_234' title='bbox 1419 918 1449 944; x_wconf 89' lang='lat' dir='ltr'><strong>ut</strong></span> <span class='ocrx_word' id='word_1_235' title='bbox 1478 914 1596 954; x_wconf 80' lang='lat' dir='ltr'><strong>merito,</strong></span> <span class='ocrx_word' id='word_1_236' title='bbox 1628 918 1657 945; x_wconf 91' lang='lat' dir='ltr'><strong>et</strong></span> <span class='ocrx_word' id='word_1_237' title='bbox 1685 916 1856 946; x_wconf 86' lang='lat' dir='ltr'><strong>necessario</strong></span> <span class='ocrx_word' id='word_1_238' title='bbox 1874 915 1905 946; x_wconf 92' lang='lat' dir='ltr'><strong>in</strong></span> 
     </span>
    </p>
   </div>
   <div class='ocr_carea' id='block_1_35' title="bbox 212 955 1906 999">
    <p class='ocr_par' dir='ltr' id='par_1_35' title="bbox 212 955 1906 999">
     <span class='ocr_line' id='line_1_35' title="bbox 212 955 1906 999; baseline -0.001 -7"><span class='ocrx_word' id='word_1_239' title='bbox 212 961 318 992; x_wconf 88' lang='lat' dir='ltr'><strong>beatus</strong></span> <span class='ocrx_word' id='word_1_240' title='bbox 341 961 450 992; x_wconf 90' lang='lat' dir='ltr'><strong>Paulus</strong></span> <span class='ocrx_word' id='word_1_241' title='bbox 479 961 684 992; x_wconf 74' lang='lat' dir='ltr'><strong>infidelitatem</strong></span> <span class='ocrx_word' id='word_1_242' title='bbox 717 960 943 999; x_wconf 88' lang='lat' dir='ltr'><strong>reprehendens</strong></span> <span class='ocrx_word' id='word_1_243' title='bbox 970 959 1012 989; x_wconf 86' lang='lat' dir='ltr'><strong>ait</strong></span> <span class='ocrx_word' id='word_1_244' title='bbox 1029 955 1177 989; x_wconf 77' lang='lat' dir='ltr'><strong>:Bfuturo</strong></span> <span class='ocrx_word' id='word_1_245' title='bbox 1194 959 1313 996; x_wconf 85' lang='lat' dir='ltr'><strong>saeculo,</strong></span> <span class='ocrx_word' id='word_1_246' title='bbox 1330 959 1463 998; x_wconf 88' lang='lat' dir='ltr'><strong>quamvis</strong></span> <span class='ocrx_word' id='word_1_247' title='bbox 1478 958 1614 989; x_wconf 87' lang='lat' dir='ltr'><strong>nolentes</strong></span> <span class='ocrx_word' id='word_1_248' title='bbox 1638 959 1743 997; x_wconf 86' lang='lat' dir='ltr'><strong>simus,</strong></span> <span class='ocrx_word' id='word_1_249' title='bbox 1761 960 1906 991; x_wconf 91' lang='lat' dir='ltr'><strong>condem-</strong></span> 
     </span>
    </p>
   </div>
   <div class='ocr_carea' id='block_1_36' title="bbox 214 1005 1038 1044">
    <p class='ocr_par' dir='ltr' id='par_1_36' title="bbox 214 1005 1038 1044">
     <span class='ocr_line' id='line_1_36' title="bbox 214 1005 1038 1044; baseline -0.005 -7"><span class='ocrx_word' id='word_1_250' title='bbox 214 1005 405 1044; x_wconf 81' lang='lat' dir='ltr'><strong>Conﬁtentur</strong></span> <span class='ocrx_word' id='word_1_251' title='bbox 420 1014 451 1036; x_wconf 83' lang='lat' dir='ltr'><strong>se</strong></span> <span class='ocrx_word' id='word_1_252' title='bbox 474 1005 565 1036; x_wconf 76' lang='lat' dir='ltr'><strong>Deum</strong></span> <span class='ocrx_word' id='word_1_253' title='bbox 578 1013 677 1041; x_wconf 85' lang='lat' dir='ltr'><strong>nosse,</strong></span> <span class='ocrx_word' id='word_1_254' title='bbox 691 1005 782 1043; x_wconf 80' lang='lat' dir='ltr'><strong>factis</strong></span> <span class='ocrx_word' id='word_1_255' title='bbox 796 1007 897 1034; x_wconf 74' lang='lat' dir='ltr'><strong>autem</strong></span> <span class='ocrx_word' id='word_1_256' title='bbox 911 1006 1038 1042; x_wconf 79' lang='lat' dir='ltr'><strong>negant,</strong></span> 
     </span>
    </p>
   </div>
   <div class='ocr_carea' id='block_1_37' title="bbox 213 1047 1040 1087">
    <p class='ocr_par' dir='ltr' id='par_1_37' title="bbox 213 1047 1040 1087">
     <span class='ocr_line' id='line_1_37' title="bbox 213 1047 1040 1087; baseline -0.004 -8"><span class='ocrx_word' id='word_1_257' title='bbox 213 1049 394 1087; x_wconf 72' lang='lat' dir='ltr'><strong>abominati,</strong></span> <span class='ocrx_word' id='word_1_258' title='bbox 405 1052 434 1080; x_wconf 85' lang='lat' dir='ltr'><strong>et</strong></span> <span class='ocrx_word' id='word_1_259' title='bbox 445 1049 646 1087; x_wconf 71' lang='lat' dir='ltr'><strong>incredibiles,</strong></span> <span class='ocrx_word' id='word_1_260' title='bbox 655 1053 684 1078; x_wconf 77' lang='lat' dir='ltr'><strong>et</strong></span> <span class='ocrx_word' id='word_1_261' title='bbox 696 1048 736 1078; x_wconf 76' lang='lat' dir='ltr'><strong>ad</strong></span> <span class='ocrx_word' id='word_1_262' title='bbox 747 1056 834 1078; x_wconf 86' lang='lat' dir='ltr'><strong>omne</strong></span> <span class='ocrx_word' id='word_1_263' title='bbox 844 1055 916 1087; x_wconf 82' lang='lat' dir='ltr'><strong>opus</strong></span> <span class='ocrx_word' id='word_1_264' title='bbox 930 1047 1040 1078; x_wconf 84' lang='lat' dir='ltr'><strong>bonum</strong></span> 
     </span>
    </p>
   </div>
   <div class='ocr_carea' id='block_1_38' title="bbox 213 1089 1040 1133">
    <p class='ocr_par' dir='ltr' id='par_1_38' title="bbox 213 1089 1040 1133">
     <span class='ocr_line' id='line_1_38' title="bbox 213 1089 1040 1133; baseline -0.004 -10"><span class='ocrx_word' id='word_1_265' title='bbox 213 1092 375 1132; x_wconf 58' lang='lat' dir='ltr'><strong>reprobi”.</strong></span> <span class='ocrx_word' id='word_1_266' title='bbox 388 1095 434 1124; x_wconf 78' lang='lat' dir='ltr'><strong>An</strong></span> <span class='ocrx_word' id='word_1_267' title='bbox 444 1102 502 1123; x_wconf 93' lang='lat' dir='ltr'><strong>non</strong></span> <span class='ocrx_word' id='word_1_268' title='bbox 516 1093 627 1133; x_wconf 88' lang='lat' dir='ltr'><strong>ubique</strong></span> <span class='ocrx_word' id='word_1_269' title='bbox 636 1091 747 1124; x_wconf 88' lang='lat' dir='ltr'><strong>Christi</strong></span> <span class='ocrx_word' id='word_1_270' title='bbox 759 1101 868 1122; x_wconf 92' lang='lat' dir='ltr'><strong>nomen</strong></span> <span class='ocrx_word' id='word_1_271' title='bbox 879 1089 1040 1131; x_wconf 88' lang='lat' dir='ltr'><strong>personat?</strong></span> 
     </span>
    </p>
   </div>
   <div class='ocr_carea' id='block_1_39' title="bbox 212 1135 1038 1176">
    <p class='ocr_par' dir='ltr' id='par_1_39' title="bbox 212 1135 1038 1176">
     <span class='ocr_line' id='line_1_39' title="bbox 212 1135 1038 1176; baseline -0.004 -8"><span class='ocrx_word' id='word_1_272' title='bbox 212 1140 243 1170; x_wconf 92' lang='lat' dir='ltr'><strong>in</strong></span> <span class='ocrx_word' id='word_1_273' title='bbox 258 1136 394 1175; x_wconf 90' lang='lat' dir='ltr'><strong>urbibus,</strong></span> <span class='ocrx_word' id='word_1_274' title='bbox 413 1137 443 1167; x_wconf 92' lang='lat' dir='ltr'><strong>in</strong></span> <span class='ocrx_word' id='word_1_275' title='bbox 471 1137 556 1176; x_wconf 88' lang='lat' dir='ltr'><strong>vicis,</strong></span> <span class='ocrx_word' id='word_1_276' title='bbox 586 1137 617 1166; x_wconf 92' lang='lat' dir='ltr'><strong>in</strong></span> <span class='ocrx_word' id='word_1_277' title='bbox 647 1135 802 1174; x_wconf 74' lang='lat' dir='ltr'><strong>cmnobiis,</strong></span> <span class='ocrx_word' id='word_1_278' title='bbox 830 1135 859 1166; x_wconf 94' lang='lat' dir='ltr'><strong>in</strong></span> <span class='ocrx_word' id='word_1_279' title='bbox 876 1135 1038 1165; x_wconf 89' lang='lat' dir='ltr'><strong>montibus.</strong></span> 
     </span>
    </p>
   </div>
   <div class='ocr_carea' id='block_1_40' title="bbox 212 1180 1042 1221">
    <p class='ocr_par' dir='ltr' id='par_1_40' title="bbox 212 1180 1042 1221">
     <span class='ocr_line' id='line_1_40' title="bbox 212 1180 1042 1221; baseline -0.002 -10"><span class='ocrx_word' id='word_1_280' title='bbox 212 1180 329 1219; x_wconf 77' lang='lat' dir='ltr'><strong>Quaere,</strong></span> <span class='ocrx_word' id='word_1_281' title='bbox 343 1181 369 1211; x_wconf 89' lang='lat' dir='ltr'><strong>si</strong></span> <span class='ocrx_word' id='word_1_282' title='bbox 381 1181 487 1221; x_wconf 89' lang='lat' dir='ltr'><strong>placet,</strong></span> <span class='ocrx_word' id='word_1_283' title='bbox 503 1185 532 1211; x_wconf 87' lang='lat' dir='ltr'><strong>et</strong></span> <span class='ocrx_word' id='word_1_284' title='bbox 543 1185 679 1212; x_wconf 81' lang='lat' dir='ltr'><strong>scrutare</strong></span> <span class='ocrx_word' id='word_1_285' title='bbox 691 1180 861 1219; x_wconf 80' lang='lat' dir='ltr'><strong>diligenter,</strong></span> <span class='ocrx_word' id='word_1_286' title='bbox 874 1189 910 1210; x_wconf 91' lang='lat' dir='ltr'><strong>an</strong></span> <span class='ocrx_word' id='word_1_287' title='bbox 922 1184 1042 1210; x_wconf 89' lang='lat' dir='ltr'><strong>servent</strong></span> 
     </span>
    </p>
   </div>
   <div class='ocr_carea' id='block_1_41' title="bbox 213 1223 1039 1265">
    <p class='ocr_par' dir='ltr' id='par_1_41' title="bbox 213 1223 1039 1265">
     <span class='ocr_line' id='line_1_41' title="bbox 213 1223 1039 1265; baseline -0.004 -9"><span class='ocrx_word' id='word_1_288' title='bbox 213 1225 351 1256; x_wconf 88' lang='lat' dir='ltr'><strong>mandata</strong></span> <span class='ocrx_word' id='word_1_289' title='bbox 366 1226 441 1265; x_wconf 86' lang='lat' dir='ltr'><strong>ejus,</strong></span> <span class='ocrx_word' id='word_1_290' title='bbox 459 1229 487 1255; x_wconf 90' lang='lat' dir='ltr'><strong>et</strong></span> <span class='ocrx_word' id='word_1_291' title='bbox 504 1225 549 1255; x_wconf 85' lang='lat' dir='ltr'><strong>vix</strong></span> <span class='ocrx_word' id='word_1_292' title='bbox 577 1224 711 1255; x_wconf 84' lang='lat' dir='ltr'><strong>invenies</strong></span> <span class='ocrx_word' id='word_1_293' title='bbox 736 1233 827 1254; x_wconf 93' lang='lat' dir='ltr'><strong>unum</strong></span> <span class='ocrx_word' id='word_1_294' title='bbox 855 1233 871 1253; x_wconf 92' lang='lat' dir='ltr'><strong>e</strong></span> <span class='ocrx_word' id='word_1_295' title='bbox 897 1223 1039 1263; x_wconf 79' lang='lat' dir='ltr'><strong>millibus,</strong></span> 
     </span>
    </p>
   </div>
   <div class='ocr_carea' id='block_1_42' title="bbox 212 1267 1040 1309">
    <p class='ocr_par' dir='ltr' id='par_1_42' title="bbox 212 1267 1040 1309">
     <span class='ocr_line' id='line_1_42' title="bbox 212 1267 1040 1309; baseline -0.002 -9"><span class='ocrx_word' id='word_1_296' title='bbox 212 1269 442 1300; x_wconf 88' lang='lat' dir='ltr'><strong>utdilectusille</strong></span> <span class='ocrx_word' id='word_1_297' title='bbox 455 1269 619 1309; x_wconf 89' lang='lat' dir='ltr'><strong>discipulus</strong></span> <span class='ocrx_word' id='word_1_298' title='bbox 643 1268 772 1300; x_wconf 86' lang='lat' dir='ltr'><strong>Joannes</strong></span> <span class='ocrx_word' id='word_1_299' title='bbox 792 1267 850 1298; x_wconf 90' lang='lat' dir='ltr'><strong>ait:</strong></span> <span class='ocrx_word' id='word_1_300' title='bbox 870 1268 974 1299; x_wconf 83' lang='lat' dir='ltr'><strong>Omm&#39;s</strong></span> <span class='ocrx_word' id='word_1_301' title='bbox 987 1268 1040 1306; x_wconf 76' lang='lat' dir='ltr'><strong>qui</strong></span> 
     </span>
    </p>
   </div>
   <div class='ocr_carea' id='block_1_43' title="bbox 210 1311 1036 1353">
    <p class='ocr_par' dir='ltr' id='par_1_43' title="bbox 210 1311 1036 1353">
     <span class='ocr_line' id='line_1_43' title="bbox 210 1311 1036 1353; baseline -0.005 -8"><span class='ocrx_word' id='word_1_302' title='bbox 210 1317 327 1353; x_wconf 79' lang='lat' dir='ltr'><strong>peccat,</strong></span> <span class='ocrx_word' id='word_1_303' title='bbox 335 1322 397 1345; x_wconf 79' lang='lat' dir='ltr'><strong>non</strong></span> <span class='ocrx_word' id='word_1_304' title='bbox 405 1313 482 1344; x_wconf 73' lang='lat' dir='ltr'><strong>vidit</strong></span> <span class='ocrx_word' id='word_1_305' title='bbox 493 1313 602 1350; x_wconf 86' lang='lat' dir='ltr'><strong>Deum,</strong></span> <span class='ocrx_word' id='word_1_306' title='bbox 612 1322 707 1352; x_wconf 81' lang='lat' dir='ltr'><strong>neque</strong></span> <span class='ocrx_word' id='word_1_307' title='bbox 714 1315 798 1343; x_wconf 78' lang='lat' dir='ltr'><strong>novit</strong></span> <span class='ocrx_word' id='word_1_308' title='bbox 804 1312 913 1343; x_wconf 73' lang='lat' dir='ltr'><strong>eum”.</strong></span> <span class='ocrx_word' id='word_1_309' title='bbox 930 1311 965 1342; x_wconf 92' lang='lat' dir='ltr'><strong>Et</strong></span> <span class='ocrx_word' id='word_1_310' title='bbox 979 1312 1036 1342; x_wconf 93' lang='lat' dir='ltr'><strong>ite-</strong></span> 
     </span>
    </p>
   </div>
   <div class='ocr_carea' id='block_1_44' title="bbox 212 1356 1034 1397">
    <p class='ocr_par' dir='ltr' id='par_1_44' title="bbox 212 1356 1034 1397">
     <span class='ocr_line' id='line_1_44' title="bbox 212 1356 1034 1397; baseline -0.001 -9"><span class='ocrx_word' id='word_1_311' title='bbox 212 1367 279 1388; x_wconf 91' lang='lat' dir='ltr'><strong>rum</strong></span> <span class='ocrx_word' id='word_1_312' title='bbox 294 1367 300 1389; x_wconf 90' lang='lat'>:</span> <span class='ocrx_word' id='word_1_313' title='bbox 318 1359 422 1388; x_wconf 77' lang='lat' dir='ltr'><strong>Omnis</strong></span> <span class='ocrx_word' id='word_1_314' title='bbox 432 1359 486 1397; x_wconf 81' lang='lat' dir='ltr'><strong>qui</strong></span> <span class='ocrx_word' id='word_1_315' title='bbox 495 1358 570 1396; x_wconf 82' lang='lat' dir='ltr'><strong>facit</strong></span> <span class='ocrx_word' id='word_1_316' title='bbox 581 1361 744 1396; x_wconf 83' lang='lat' dir='ltr'><strong>peccatum,</strong></span> <span class='ocrx_word' id='word_1_317' title='bbox 758 1366 795 1388; x_wconf 72' lang='lat' dir='ltr'><strong>ex</strong></span> <span class='ocrx_word' id='word_1_318' title='bbox 803 1356 922 1388; x_wconf 72' lang='lat' dir='ltr'><strong>dia-bolo</strong></span> <span class='ocrx_word' id='word_1_319' title='bbox 938 1359 981 1387; x_wconf 84' lang='lat' dir='ltr'><strong>est</strong></span> <span class='ocrx_word' id='word_1_320' title='bbox 996 1356 1034 1387; x_wconf 67' lang='grc'><strong>18.</strong></span> 
     </span>
    </p>
   </div>
   <div class='ocr_carea' id='block_1_45' title="bbox 213 1401 1033 1442">
    <p class='ocr_par' dir='ltr' id='par_1_45' title="bbox 213 1401 1033 1442">
     <span class='ocr_line' id='line_1_45' title="bbox 213 1401 1033 1442; baseline -0.005 -8"><span class='ocrx_word' id='word_1_321' title='bbox 213 1401 272 1434; x_wconf 91' lang='lat' dir='ltr'><strong>Ubi</strong></span> <span class='ocrx_word' id='word_1_322' title='bbox 287 1401 388 1441; x_wconf 82' lang='lat' dir='ltr'><strong>igitur,</strong></span> <span class='ocrx_word' id='word_1_323' title='bbox 406 1402 485 1432; x_wconf 89' lang='lat' dir='ltr'><strong>bona</strong></span> <span class='ocrx_word' id='word_1_324' title='bbox 501 1411 567 1442; x_wconf 79' lang='lat' dir='ltr'><strong>quae</strong></span> <span class='ocrx_word' id='word_1_325' title='bbox 581 1406 650 1431; x_wconf 84' lang='lat' dir='ltr'><strong>sunt</strong></span> <span class='ocrx_word' id='word_1_326' title='bbox 664 1401 693 1431; x_wconf 88' lang='lat' dir='ltr'><strong>in</strong></span> <span class='ocrx_word' id='word_1_327' title='bbox 710 1401 846 1431; x_wconf 89' lang='lat' dir='ltr'><strong>manibus</strong></span> <span class='ocrx_word' id='word_1_328' title='bbox 860 1401 968 1431; x_wconf 79' lang='lat' dir='ltr'><strong>nostris</strong></span> <span class='ocrx_word' id='word_1_329' title='bbox 985 1409 1033 1431; x_wconf 79' lang='lat' dir='ltr'><strong>rc—</strong></span> 
     </span>
    </p>
   </div>
   <div class='ocr_carea' id='block_1_46' title="bbox 215 1444 1037 1485">
    <p class='ocr_par' dir='ltr' id='par_1_46' title="bbox 215 1444 1037 1485">
     <span class='ocr_line' id='line_1_46' title="bbox 215 1444 1037 1485; baseline -0.002 -9"><span class='ocrx_word' id='word_1_330' title='bbox 215 1445 398 1485; x_wconf 88' lang='lat' dir='ltr'><strong>linquentes,</strong></span> <span class='ocrx_word' id='word_1_331' title='bbox 424 1446 565 1476; x_wconf 88' lang='lat' dir='ltr'><strong>inanibus</strong></span> <span class='ocrx_word' id='word_1_332' title='bbox 588 1451 699 1482; x_wconf 86' lang='lat' dir='ltr'><strong>autem,</strong></span> <span class='ocrx_word' id='word_1_333' title='bbox 731 1449 760 1475; x_wconf 87' lang='lat' dir='ltr'><strong>et</strong></span> <span class='ocrx_word' id='word_1_334' title='bbox 786 1445 872 1475; x_wconf 86' lang='lat' dir='ltr'><strong>ﬂuxis</strong></span> <span class='ocrx_word' id='word_1_335' title='bbox 901 1444 994 1475; x_wconf 91' lang='lat' dir='ltr'><strong>dediti</strong></span> <span class='ocrx_word' id='word_1_336' title='bbox 1008 1449 1037 1475; x_wconf 86' lang='lat' dir='ltr'><strong>et</strong></span> 
     </span>
    </p>
   </div>
   <div class='ocr_carea' id='block_1_47' title="bbox 212 1489 593 1530">
    <p class='ocr_par' dir='ltr' id='par_1_47' title="bbox 212 1489 593 1530">
     <span class='ocr_line' id='line_1_47' title="bbox 212 1489 593 1530; baseline 0.003 -10"><span class='ocrx_word' id='word_1_337' title='bbox 212 1489 308 1530; x_wconf 81' lang='lat' dir='ltr'><strong>afﬁxi,</strong></span> <span class='ocrx_word' id='word_1_338' title='bbox 323 1499 405 1529; x_wconf 90' lang='lat' dir='ltr'><strong>spem</strong></span> <span class='ocrx_word' id='word_1_339' title='bbox 421 1490 565 1520; x_wconf 88' lang='lat' dir='ltr'><strong>habemus</strong></span> <span class='ocrx_word' id='word_1_340' title='bbox 579 1493 593 1521; x_wconf 84' lang='lat'><strong>‘?</strong></span> 
     </span>
    </p>
   </div>
   <div class='ocr_carea' id='block_1_48' title="bbox 253 1533 1037 1574">
    <p class='ocr_par' dir='ltr' id='par_1_48' title="bbox 253 1533 1037 1574">
     <span class='ocr_line' id='line_1_48' title="bbox 253 1533 1037 1574; baseline -0.003 -9"><span class='ocrx_word' id='word_1_341' title='bbox 253 1533 289 1565; x_wconf 84' lang='lat' dir='ltr'><strong>Ut</strong></span> <span class='ocrx_word' id='word_1_342' title='bbox 305 1543 392 1574; x_wconf 91' lang='lat' dir='ltr'><strong>porro</strong></span> <span class='ocrx_word' id='word_1_343' title='bbox 414 1534 451 1565; x_wconf 92' lang='lat' dir='ltr'><strong>ad</strong></span> <span class='ocrx_word' id='word_1_344' title='bbox 477 1533 609 1573; x_wconf 87' lang='lat' dir='ltr'><strong>singulos</strong></span> <span class='ocrx_word' id='word_1_345' title='bbox 624 1533 745 1564; x_wconf 85' lang='lat' dir='ltr'><strong>vanitati</strong></span> <span class='ocrx_word' id='word_1_346' title='bbox 772 1533 959 1564; x_wconf 69' lang='lat' dir='ltr'><strong>adhzerentes</strong></span> <span class='ocrx_word' id='word_1_347' title='bbox 974 1542 1037 1564; x_wconf 87' lang='lat' dir='ltr'><strong>ser-</strong></span> 
     </span>
    </p>
   </div>
   <div class='ocr_carea' id='block_1_49' title="bbox 1080 1002 1903 1044">
    <p class='ocr_par' dir='ltr' id='par_1_49' title="bbox 1080 1002 1903 1044">
     <span class='ocr_line' id='line_1_49' title="bbox 1080 1002 1903 1044; baseline 0.004 -12"><span class='ocrx_word' id='word_1_348' title='bbox 1080 1002 1218 1033; x_wconf 88' lang='lat' dir='ltr'><strong>nabimur</strong></span> <span class='ocrx_word' id='word_1_349' title='bbox 1243 1003 1358 1033; x_wconf 89' lang='lat' dir='ltr'><strong>Etenim</strong></span> <span class='ocrx_word' id='word_1_350' title='bbox 1371 1007 1457 1042; x_wconf 91' lang='lat' dir='ltr'><strong>prout</strong></span> <span class='ocrx_word' id='word_1_351' title='bbox 1470 1003 1594 1043; x_wconf 88' lang='lat' dir='ltr'><strong>quisque</strong></span> <span class='ocrx_word' id='word_1_352' title='bbox 1605 1003 1739 1044; x_wconf 75' lang='lat' dir='ltr'><strong>affectus,</strong></span> <span class='ocrx_word' id='word_1_353' title='bbox 1752 1013 1786 1035; x_wconf 90' lang='lat' dir='ltr'><strong>ac</strong></span> <span class='ocrx_word' id='word_1_354' title='bbox 1797 1004 1903 1044; x_wconf 82' lang='lat' dir='ltr'><strong>dispo-</strong></span> 
     </span>
    </p>
   </div>
   <div class='ocr_carea' id='block_1_50' title="bbox 1081 1047 1904 1084">
    <p class='ocr_par' dir='ltr' id='par_1_50' title="bbox 1081 1047 1904 1084">
     <span class='ocr_line' id='line_1_50' title="bbox 1081 1047 1904 1084; baseline 0.002 -7"><span class='ocrx_word' id='word_1_355' title='bbox 1081 1047 1153 1077; x_wconf 88' lang='lat' dir='ltr'><strong>situs</strong></span> <span class='ocrx_word' id='word_1_356' title='bbox 1165 1051 1220 1084; x_wconf 89' lang='lat' dir='ltr'><strong>est,</strong></span> <span class='ocrx_word' id='word_1_357' title='bbox 1235 1048 1314 1078; x_wconf 89' lang='lat' dir='ltr'><strong>Deus</strong></span> <span class='ocrx_word' id='word_1_358' title='bbox 1323 1047 1424 1077; x_wconf 91' lang='lat' dir='ltr'><strong>unitus</strong></span> <span class='ocrx_word' id='word_1_359' title='bbox 1436 1047 1586 1084; x_wconf 90' lang='lat' dir='ltr'><strong>omnibus,</strong></span> <span class='ocrx_word' id='word_1_360' title='bbox 1600 1049 1630 1077; x_wconf 91' lang='lat' dir='ltr'><strong>in</strong></span> <span class='ocrx_word' id='word_1_361' title='bbox 1651 1048 1709 1078; x_wconf 81' lang='lat' dir='ltr'><strong>fine</strong></span> <span class='ocrx_word' id='word_1_362' title='bbox 1724 1049 1904 1080; x_wconf 71' lang='lat' dir='ltr'><strong>saeculorum</strong></span> 
     </span>
    </p>
   </div>
   <div class='ocr_carea' id='block_1_51' title="bbox 1081 1091 1904 1133">
    <p class='ocr_par' dir='ltr' id='par_1_51' title="bbox 1081 1091 1904 1133">
     <span class='ocr_line' id='line_1_51' title="bbox 1081 1091 1904 1133; baseline 0.004 -12"><span class='ocrx_word' id='word_1_363' title='bbox 1081 1091 1157 1121; x_wconf 89' lang='lat' dir='ltr'><strong>sicut</strong></span> <span class='ocrx_word' id='word_1_364' title='bbox 1172 1091 1250 1121; x_wconf 89' lang='lat' dir='ltr'><strong>novit</strong></span> <span class='ocrx_word' id='word_1_365' title='bbox 1265 1091 1340 1129; x_wconf 88' lang='lat' dir='ltr'><strong>ipse,</strong></span> <span class='ocrx_word' id='word_1_366' title='bbox 1359 1100 1479 1122; x_wconf 89' lang='lat' dir='ltr'><strong>sensum</strong></span> <span class='ocrx_word' id='word_1_367' title='bbox 1495 1091 1604 1131; x_wconf 90' lang='lat' dir='ltr'><strong>cuique</strong></span> <span class='ocrx_word' id='word_1_368' title='bbox 1620 1092 1741 1132; x_wconf 69' lang='lat' dir='ltr'><strong>praebet,</strong></span> <span class='ocrx_word' id='word_1_369' title='bbox 1754 1094 1904 1133; x_wconf 89' lang='lat' dir='ltr'><strong>quomodo</strong></span> 
     </span>
    </p>
   </div>
   <div class='ocr_carea' id='block_1_52' title="bbox 1081 1135 1902 1176">
    <p class='ocr_par' dir='ltr' id='par_1_52' title="bbox 1081 1135 1902 1176">
     <span class='ocr_line' id='line_1_52' title="bbox 1081 1135 1902 1176; baseline 0.004 -11"><span class='ocrx_word' id='word_1_370' title='bbox 1081 1135 1117 1166; x_wconf 87' lang='lat' dir='ltr'><strong>ab</strong></span> <span class='ocrx_word' id='word_1_371' title='bbox 1132 1135 1196 1176; x_wconf 90' lang='lat' dir='ltr'><strong>ipso</strong></span> <span class='ocrx_word' id='word_1_372' title='bbox 1211 1136 1354 1167; x_wconf 89' lang='lat' dir='ltr'><strong>formatus</strong></span> <span class='ocrx_word' id='word_1_373' title='bbox 1381 1136 1429 1167; x_wconf 92' lang='lat' dir='ltr'><strong>sit.</strong></span> <span class='ocrx_word' id='word_1_374' title='bbox 1460 1135 1563 1175; x_wconf 85' lang='lat' dir='ltr'><strong>Dignis</strong></span> <span class='ocrx_word' id='word_1_375' title='bbox 1590 1136 1678 1175; x_wconf 84' lang='lat' dir='ltr'><strong>igitur</strong></span> <span class='ocrx_word' id='word_1_376' title='bbox 1706 1146 1760 1176; x_wconf 92' lang='lat' dir='ltr'><strong>per</strong></span> <span class='ocrx_word' id='word_1_377' title='bbox 1776 1138 1902 1176; x_wconf 88' lang='lat' dir='ltr'><strong>gratiam</strong></span> 
     </span>
    </p>
   </div>
   <div class='ocr_carea' id='block_1_53' title="bbox 1083 1179 1905 1221">
    <p class='ocr_par' dir='ltr' id='par_1_53' title="bbox 1083 1179 1905 1221">
     <span class='ocr_line' id='line_1_53' title="bbox 1083 1179 1905 1221; baseline 0.004 -11"><span class='ocrx_word' id='word_1_378' title='bbox 1083 1179 1183 1210; x_wconf 89' lang='lat' dir='ltr'><strong>unitus</strong></span> <span class='ocrx_word' id='word_1_379' title='bbox 1199 1189 1287 1220; x_wconf 88' lang='lat' dir='ltr'><strong>supra</strong></span> <span class='ocrx_word' id='word_1_380' title='bbox 1316 1184 1462 1218; x_wconf 89' lang='lat' dir='ltr'><strong>naturam,</strong></span> <span class='ocrx_word' id='word_1_381' title='bbox 1488 1180 1598 1217; x_wconf 91' lang='lat' dir='ltr'><strong>divina,</strong></span> <span class='ocrx_word' id='word_1_382' title='bbox 1630 1184 1659 1211; x_wconf 94' lang='lat' dir='ltr'><strong>et</strong></span> <span class='ocrx_word' id='word_1_383' title='bbox 1682 1190 1801 1212; x_wconf 85' lang='lat' dir='ltr'><strong>omnem</strong></span> <span class='ocrx_word' id='word_1_384' title='bbox 1819 1182 1905 1221; x_wconf 78' lang='lat' dir='ltr'><strong>cogi-</strong></span> 
     </span>
    </p>
   </div>
   <div class='ocr_carea' id='block_1_54' title="bbox 1082 1225 1905 1265">
    <p class='ocr_par' dir='ltr' id='par_1_54' title="bbox 1082 1225 1905 1265">
     <span class='ocr_line' id='line_1_54' title="bbox 1082 1225 1905 1265; baseline 0.004 -11"><span class='ocrx_word' id='word_1_385' title='bbox 1082 1225 1221 1255; x_wconf 86' lang='lat' dir='ltr'><strong>tationem</strong></span> <span class='ocrx_word' id='word_1_386' title='bbox 1237 1234 1382 1263; x_wconf 87' lang='lat' dir='ltr'><strong>superans</strong></span> <span class='ocrx_word' id='word_1_387' title='bbox 1397 1225 1531 1265; x_wconf 89' lang='lat' dir='ltr'><strong>voluptas</strong></span> <span class='ocrx_word' id='word_1_388' title='bbox 1546 1234 1612 1256; x_wconf 90' lang='lat' dir='ltr'><strong>esse</strong></span> <span class='ocrx_word' id='word_1_389' title='bbox 1627 1226 1791 1257; x_wconf 83' lang='lat' dir='ltr'><strong>consuevit.</strong></span> <span class='ocrx_word' id='word_1_390' title='bbox 1817 1226 1905 1257; x_wconf 89' lang='lat' dir='ltr'><strong>Indi-</strong></span> 
     </span>
    </p>
   </div>
   <div class='ocr_carea' id='block_1_55' title="bbox 1080 1269 1903 1309">
    <p class='ocr_par' dir='ltr' id='par_1_55' title="bbox 1080 1269 1903 1309">
     <span class='ocr_line' id='line_1_55' title="bbox 1080 1269 1903 1309; baseline 0.004 -10"><span class='ocrx_word' id='word_1_391' title='bbox 1080 1269 1145 1307; x_wconf 89' lang='lat' dir='ltr'><strong>gnis</strong></span> <span class='ocrx_word' id='word_1_392' title='bbox 1153 1273 1249 1299; x_wconf 90' lang='lat' dir='ltr'><strong>autem</strong></span> <span class='ocrx_word' id='word_1_393' title='bbox 1263 1274 1370 1309; x_wconf 62' lang='lat' dir='ltr'><strong>praeter</strong></span> <span class='ocrx_word' id='word_1_394' title='bbox 1381 1269 1503 1308; x_wconf 81' lang='lat' dir='ltr'><strong>gratiam</strong></span> <span class='ocrx_word' id='word_1_395' title='bbox 1515 1269 1627 1309; x_wconf 91' lang='lat' dir='ltr'><strong>unitus,</strong></span> <span class='ocrx_word' id='word_1_396' title='bbox 1641 1273 1750 1309; x_wconf 64' lang='lat' dir='ltr'><strong>praeter</strong></span> <span class='ocrx_word' id='word_1_397' title='bbox 1764 1275 1903 1302; x_wconf 89' lang='lat' dir='ltr'><strong>naturam</strong></span> 
     </span>
    </p>
   </div>
   <div class='ocr_carea' id='block_1_56' title="bbox 1077 1313 1902 1355">
    <p class='ocr_par' dir='ltr' id='par_1_56' title="bbox 1077 1313 1902 1355">
     <span class='ocr_line' id='line_1_56' title="bbox 1077 1313 1902 1355; baseline 0.004 -12"><span class='ocrx_word' id='word_1_398' title='bbox 1077 1313 1240 1344; x_wconf 89' lang='lat' dir='ltr'><strong>secundum</strong></span> <span class='ocrx_word' id='word_1_399' title='bbox 1258 1313 1450 1352; x_wconf 89' lang='lat' dir='ltr'><strong>privationem</strong></span> <span class='ocrx_word' id='word_1_400' title='bbox 1466 1314 1554 1353; x_wconf 91' lang='lat' dir='ltr'><strong>hujus</strong></span> <span class='ocrx_word' id='word_1_401' title='bbox 1569 1314 1669 1354; x_wconf 81' lang='lat' dir='ltr'><strong>gratiae</strong></span> <span class='ocrx_word' id='word_1_402' title='bbox 1692 1315 1902 1355; x_wconf 86' lang='lat' dir='ltr'><strong>constitutum,</strong></span> 
     </span>
    </p>
   </div>
   <div class='ocr_carea' id='block_1_57' title="bbox 1078 1356 1904 1399">
    <p class='ocr_par' dir='ltr' id='par_1_57' title="bbox 1078 1356 1904 1399">
     <span class='ocr_line' id='line_1_57' title="bbox 1078 1356 1904 1399; baseline 0.005 -13"><span class='ocrx_word' id='word_1_403' title='bbox 1078 1356 1296 1387; x_wconf 81' lang='lat' dir='ltr'><strong>etineffabilem</strong></span> <span class='ocrx_word' id='word_1_404' title='bbox 1317 1357 1451 1388; x_wconf 91' lang='lat' dir='ltr'><strong>dolorem</strong></span> <span class='ocrx_word' id='word_1_405' title='bbox 1467 1357 1565 1388; x_wconf 86' lang='lat' dir='ltr'><strong>facere</strong></span> <span class='ocrx_word' id='word_1_406' title='bbox 1583 1357 1668 1395; x_wconf 89' lang='lat' dir='ltr'><strong>solet,</strong></span> <span class='ocrx_word' id='word_1_407' title='bbox 1685 1362 1717 1389; x_wconf 90' lang='lat' dir='ltr'><strong>ut</strong></span> <span class='ocrx_word' id='word_1_408' title='bbox 1733 1362 1761 1389; x_wconf 88' lang='lat' dir='ltr'><strong>et</strong></span> <span class='ocrx_word' id='word_1_409' title='bbox 1777 1368 1904 1399; x_wconf 85' lang='lat' dir='ltr'><strong>magnus</strong></span> 
     </span>
    </p>
   </div>
   <div class='ocr_carea' id='block_1_58' title="bbox 1077 1400 1902 1444">
    <p class='ocr_par' dir='ltr' id='par_1_58' title="bbox 1077 1400 1902 1444">
     <span class='ocr_line' id='line_1_58' title="bbox 1077 1400 1902 1444; baseline 0.005 -13"><span class='ocrx_word' id='word_1_410' title='bbox 1077 1401 1234 1440; x_wconf 85' lang='lat' dir='ltr'><strong>Gregorius</strong></span> <span class='ocrx_word' id='word_1_411' title='bbox 1243 1400 1409 1440; x_wconf 90' lang='lat' dir='ltr'><strong>Theologus</strong></span> <span class='ocrx_word' id='word_1_412' title='bbox 1417 1401 1471 1433; x_wconf 87' lang='lat' dir='ltr'><strong>ait:</strong></span> <span class='ocrx_word' id='word_1_413' title='bbox 1483 1400 1506 1432; x_wconf 92' lang='grc' dir='ltr'><strong>Ο</strong></span> <span class='ocrx_word' id='word_1_414' title='bbox 1517 1401 1660 1439; x_wconf 86' lang='lat' dir='ltr'><strong>Trinitas,</strong></span> <span class='ocrx_word' id='word_1_415' title='bbox 1669 1403 1902 1444; x_wconf 73' lang='lat' dir='ltr'><strong>quaealiquando</strong></span> 
     </span>
    </p>
   </div>
   <div class='ocr_carea' id='block_1_59' title="bbox 1077 1445 1905 1487">
    <p class='ocr_par' dir='ltr' id='par_1_59' title="bbox 1077 1445 1905 1487">
     <span class='ocr_line' id='line_1_59' title="bbox 1077 1445 1905 1487; baseline 0.006 -12"><span class='ocrx_word' id='word_1_416' title='bbox 1077 1445 1225 1486; x_wconf 90' lang='lat' dir='ltr'><strong>omnibus,</strong></span> <span class='ocrx_word' id='word_1_417' title='bbox 1234 1446 1300 1477; x_wconf 88' lang='lat' dir='ltr'><strong>aliis</strong></span> <span class='ocrx_word' id='word_1_418' title='bbox 1317 1446 1523 1483; x_wconf 87' lang='lat' dir='ltr'><strong>illustratione,</strong></span> <span class='ocrx_word' id='word_1_419' title='bbox 1538 1446 1604 1477; x_wconf 91' lang='lat' dir='ltr'><strong>aliis</strong></span> <span class='ocrx_word' id='word_1_420' title='bbox 1618 1447 1771 1479; x_wconf 86' lang='lat' dir='ltr'><strong>vocatione</strong></span> <span class='ocrx_word' id='word_1_421' title='bbox 1783 1449 1905 1487; x_wconf 88' lang='lat' dir='ltr'><strong>cognita</strong></span> 
     </span>
    </p>
   </div>
   <div class='ocr_carea' id='block_1_60' title="bbox 1078 1488 1947 1532">
    <p class='ocr_par' dir='ltr' id='par_1_60' title="bbox 1078 1488 1947 1532">
     <span class='ocr_line' id='line_1_60' title="bbox 1078 1488 1947 1532; baseline 0.006 -13"><span class='ocrx_word' id='word_1_422' title='bbox 1078 1488 1168 1519; x_wconf 83' lang='lat' dir='ltr'><strong>fuisti.</strong></span> <span class='ocrx_word' id='word_1_423' title='bbox 1196 1489 1245 1520; x_wconf 87' lang='lat' dir='ltr'><strong>Sic</strong></span> <span class='ocrx_word' id='word_1_424' title='bbox 1260 1490 1348 1528; x_wconf 81' lang='lat' dir='ltr'><strong>igitur</strong></span> <span class='ocrx_word' id='word_1_425' title='bbox 1360 1490 1558 1531; x_wconf 86' lang='lat' dir='ltr'><strong>corporaliter</strong></span> <span class='ocrx_word' id='word_1_426' title='bbox 1573 1490 1604 1521; x_wconf 92' lang='lat' dir='ltr'><strong>in</strong></span> <span class='ocrx_word' id='word_1_427' title='bbox 1620 1490 1781 1532; x_wconf 87' lang='lat' dir='ltr'><strong>Scripturis</strong></span> <span class='ocrx_word' id='word_1_428' title='bbox 1795 1492 1905 1524; x_wconf 82' lang='lat' dir='ltr'><strong>divini-</strong></span> <span class='ocrx_word' id='word_1_429' title='bbox 1946 1507 1947 1510; x_wconf 56' lang='grc' dir='ltr'><strong>π</strong></span> 
     </span>
    </p>
   </div>
   <div class='ocr_carea' id='block_1_61' title="bbox 1079 1533 1905 1576">
    <p class='ocr_par' dir='ltr' id='par_1_61' title="bbox 1079 1533 1905 1576">
     <span class='ocr_line' id='line_1_61' title="bbox 1079 1533 1905 1576; baseline 0.007 -13"><span class='ocrx_word' id='word_1_430' title='bbox 1079 1533 1290 1574; x_wconf 88' lang='lat' dir='ltr'><strong>tusinspiratis</strong></span> <span class='ocrx_word' id='word_1_431' title='bbox 1305 1535 1367 1565; x_wconf 87' lang='lat' dir='ltr'><strong>haec</strong></span> <span class='ocrx_word' id='word_1_432' title='bbox 1394 1535 1489 1575; x_wconf 88' lang='lat' dir='ltr'><strong>posita</strong></span> <span class='ocrx_word' id='word_1_433' title='bbox 1517 1535 1633 1572; x_wconf 90' lang='lat' dir='ltr'><strong>inveni,</strong></span> <span class='ocrx_word' id='word_1_434' title='bbox 1665 1540 1695 1567; x_wconf 91' lang='lat' dir='ltr'><strong>et</strong></span> <span class='ocrx_word' id='word_1_435' title='bbox 1706 1537 1905 1576; x_wconf 88' lang='lat' dir='ltr'><strong>spiritualiter</strong></span> 
     </span>
    </p>
   </div>
   <div class='ocr_carea' id='block_1_62' title="bbox 212 1577 1903 1620">
    <p class='ocr_par' dir='ltr' id='par_1_62' title="bbox 212 1577 1903 1620">
     <span class='ocr_line' id='line_1_62' title="bbox 212 1577 1903 1620; baseline 0.002 -12"><span class='ocrx_word' id='word_1_436' title='bbox 212 1586 332 1609; x_wconf 88' lang='lat' dir='ltr'><strong>monem</strong></span> <span class='ocrx_word' id='word_1_437' title='bbox 348 1584 530 1618; x_wconf 88' lang='lat' dir='ltr'><strong>convertam,</strong></span> <span class='ocrx_word' id='word_1_438' title='bbox 547 1587 613 1618; x_wconf 85' lang='lat' dir='ltr'><strong>age,</strong></span> <span class='ocrx_word' id='word_1_439' title='bbox 631 1587 688 1617; x_wconf 90' lang='lat' dir='ltr'><strong>quo</strong></span> <span class='ocrx_word' id='word_1_440' title='bbox 706 1581 789 1617; x_wconf 89' lang='lat' dir='ltr'><strong>pacto</strong></span> <span class='ocrx_word' id='word_1_441' title='bbox 803 1577 889 1615; x_wconf 90' lang='lat' dir='ltr'><strong>dicis,</strong></span> <span class='ocrx_word' id='word_1_442' title='bbox 902 1577 965 1608; x_wconf 68' lang='lat' dir='ltr'><strong>haec</strong></span> <span class='ocrx_word' id='word_1_443' title='bbox 976 1587 1068 1616; x_wconf 78' lang='lat' dir='ltr'><strong>om-c</strong></span> <span class='ocrx_word' id='word_1_444' title='bbox 1081 1577 1202 1609; x_wconf 85' lang='lat' dir='ltr'><strong>edoctus</strong></span> <span class='ocrx_word' id='word_1_445' title='bbox 1217 1588 1281 1609; x_wconf 91' lang='lat' dir='ltr'><strong>sum</strong></span> <span class='ocrx_word' id='word_1_446' title='bbox 1295 1588 1313 1610; x_wconf 85' lang='lat' dir='ltr'><strong>a</strong></span> <span class='ocrx_word' id='word_1_447' title='bbox 1329 1579 1451 1620; x_wconf 89' lang='lat' dir='ltr'><strong>Spiritu,</strong></span> <span class='ocrx_word' id='word_1_448' title='bbox 1470 1584 1498 1610; x_wconf 91' lang='lat' dir='ltr'><strong>et</strong></span> <span class='ocrx_word' id='word_1_449' title='bbox 1513 1579 1550 1610; x_wconf 91' lang='lat' dir='ltr'><strong>ad</strong></span> <span class='ocrx_word' id='word_1_450' title='bbox 1577 1590 1629 1611; x_wconf 93' lang='lat' dir='ltr'><strong>vos</strong></span> <span class='ocrx_word' id='word_1_451' title='bbox 1645 1580 1733 1620; x_wconf 86' lang='lat' dir='ltr'><strong>plene</strong></span> <span class='ocrx_word' id='word_1_452' title='bbox 1747 1581 1903 1614; x_wconf 89' lang='lat' dir='ltr'><strong>instruen-</strong></span> 
     </span>
    </p>
   </div>
   <div class='ocr_carea' id='block_1_63' title="bbox 211 1621 1040 1662">
    <p class='ocr_par' dir='ltr' id='par_1_63' title="bbox 211 1621 1040 1662">
     <span class='ocr_line' id='line_1_63' title="bbox 211 1621 1040 1662; baseline -0.001 -10"><span class='ocrx_word' id='word_1_453' title='bbox 211 1621 262 1653; x_wconf 88' lang='lat' dir='ltr'><strong>nia</strong></span> <span class='ocrx_word' id='word_1_454' title='bbox 277 1622 357 1662; x_wconf 88' lang='lat' dir='ltr'><strong>novi,</strong></span> <span class='ocrx_word' id='word_1_455' title='bbox 376 1626 406 1652; x_wconf 89' lang='lat' dir='ltr'><strong>et</strong></span> <span class='ocrx_word' id='word_1_456' title='bbox 422 1631 470 1652; x_wconf 91' lang='lat' dir='ltr'><strong>me</strong></span> <span class='ocrx_word' id='word_1_457' title='bbox 496 1622 661 1658; x_wconf 85' lang='lat' dir='ltr'><strong>mortalem,</strong></span> <span class='ocrx_word' id='word_1_458' title='bbox 690 1626 718 1651; x_wconf 89' lang='lat' dir='ltr'><strong>et</strong></span> <span class='ocrx_word' id='word_1_459' title='bbox 743 1621 878 1652; x_wconf 89' lang='lat' dir='ltr'><strong>umbram</strong></span> <span class='ocrx_word' id='word_1_460' title='bbox 895 1630 959 1652; x_wconf 90' lang='lat' dir='ltr'><strong>esse</strong></span> <span class='ocrx_word' id='word_1_461' title='bbox 974 1631 1040 1662; x_wconf 81' lang='lat' dir='ltr'><strong>quae</strong></span> 
     </span>
    </p>
   </div>
   <div class='ocr_carea' id='block_1_64' title="bbox 211 1666 1038 1706">
    <p class='ocr_par' dir='ltr' id='par_1_64' title="bbox 211 1666 1038 1706">
     <span class='ocr_line' id='line_1_64' title="bbox 211 1666 1038 1706; baseline 0 -10"><span class='ocrx_word' id='word_1_462' title='bbox 211 1666 361 1703; x_wconf 89' lang='lat' dir='ltr'><strong>videntur,</strong></span> <span class='ocrx_word' id='word_1_463' title='bbox 378 1670 407 1697; x_wconf 87' lang='lat' dir='ltr'><strong>et</strong></span> <span class='ocrx_word' id='word_1_464' title='bbox 424 1670 549 1697; x_wconf 91' lang='lat' dir='ltr'><strong>mortem</strong></span> <span class='ocrx_word' id='word_1_465' title='bbox 566 1666 768 1706; x_wconf 87' lang='lat' dir='ltr'><strong>improvisam,</strong></span> <span class='ocrx_word' id='word_1_466' title='bbox 791 1670 820 1696; x_wconf 90' lang='lat' dir='ltr'><strong>et</strong></span> <span class='ocrx_word' id='word_1_467' title='bbox 834 1666 957 1705; x_wconf 83' lang='lat' dir='ltr'><strong>gloriam</strong></span> <span class='ocrx_word' id='word_1_468' title='bbox 970 1667 1038 1706; x_wconf 82' lang='lat' dir='ltr'><strong>jus-</strong></span> 
     </span>
    </p>
   </div>
   <div class='ocr_carea' id='block_1_65' title="bbox 212 1711 1039 1751">
    <p class='ocr_par' dir='ltr' id='par_1_65' title="bbox 212 1711 1039 1751">
     <span class='ocr_line' id='line_1_65' title="bbox 212 1711 1039 1751; baseline 0 -10"><span class='ocrx_word' id='word_1_469' title='bbox 212 1715 310 1741; x_wconf 89' lang='lat' dir='ltr'><strong>torum</strong></span> <span class='ocrx_word' id='word_1_470' title='bbox 321 1715 473 1751; x_wconf 59' lang='lat' dir='ltr'><strong>mternam,</strong></span> <span class='ocrx_word' id='word_1_471' title='bbox 487 1711 727 1742; x_wconf 89' lang='lat' dir='ltr'><strong>etconfusionem</strong></span> <span class='ocrx_word' id='word_1_472' title='bbox 740 1715 927 1751; x_wconf 84' lang='lat' dir='ltr'><strong>peccatorum</strong></span> <span class='ocrx_word' id='word_1_473' title='bbox 937 1720 1039 1742; x_wconf 88' lang='lat' dir='ltr'><strong>carere</strong></span> 
     </span>
    </p>
   </div>
   <div class='ocr_carea' id='block_1_66' title="bbox 211 1755 1037 1795">
    <p class='ocr_par' dir='ltr' id='par_1_66' title="bbox 211 1755 1037 1795">
     <span class='ocr_line' id='line_1_66' title="bbox 211 1755 1037 1795; baseline -0.001 -10"><span class='ocrx_word' id='word_1_474' title='bbox 211 1755 282 1791; x_wconf 85' lang='lat' dir='ltr'><strong>fine,</strong></span> <span class='ocrx_word' id='word_1_475' title='bbox 299 1759 328 1785; x_wconf 90' lang='lat' dir='ltr'><strong>et</strong></span> <span class='ocrx_word' id='word_1_476' title='bbox 342 1755 462 1785; x_wconf 90' lang='lat' dir='ltr'><strong>interim</strong></span> <span class='ocrx_word' id='word_1_477' title='bbox 489 1755 525 1785; x_wconf 88' lang='lat' dir='ltr'><strong>ab</strong></span> <span class='ocrx_word' id='word_1_478' title='bbox 553 1755 744 1795; x_wconf 88' lang='lat' dir='ltr'><strong>improbitate</strong></span> <span class='ocrx_word' id='word_1_479' title='bbox 771 1764 830 1786; x_wconf 91' lang='lat' dir='ltr'><strong>non</strong></span> <span class='ocrx_word' id='word_1_480' title='bbox 845 1755 964 1785; x_wconf 83' lang='lat' dir='ltr'><strong>desistis</strong></span> <span class='ocrx_word' id='word_1_481' title='bbox 979 1756 991 1785; x_wconf 71' lang='grc' dir='ltr'><em>Υ</em></span> <span class='ocrx_word' id='word_1_482' title='bbox 1007 1755 1037 1786; x_wconf 86' lang='lat' dir='ltr'><strong>Si</strong></span> 
     </span>
    </p>
   </div>
   <div class='ocr_carea' id='block_1_67' title="bbox 212 1798 1035 1839">
    <p class='ocr_par' dir='ltr' id='par_1_67' title="bbox 212 1798 1035 1839">
     <span class='ocr_line' id='line_1_67' title="bbox 212 1798 1035 1839; baseline 0 -10"><span class='ocrx_word' id='word_1_483' title='bbox 212 1798 296 1829; x_wconf 89' lang='lat' dir='ltr'><strong>enim</strong></span> <span class='ocrx_word' id='word_1_484' title='bbox 314 1799 406 1837; x_wconf 90' lang='lat' dir='ltr'><strong>vides,</strong></span> <span class='ocrx_word' id='word_1_485' title='bbox 423 1800 571 1839; x_wconf 92' lang='lat' dir='ltr'><strong>quomodo</strong></span> <span class='ocrx_word' id='word_1_486' title='bbox 602 1804 740 1838; x_wconf 85' lang='lat' dir='ltr'><strong>tanquam</strong></span> <span class='ocrx_word' id='word_1_487' title='bbox 758 1808 854 1830; x_wconf 59' lang='lat' dir='ltr'><strong>cacus</strong></span> <span class='ocrx_word' id='word_1_488' title='bbox 871 1799 1035 1837; x_wconf 72' lang='lat' dir='ltr'><strong>offendens,</strong></span> 
     </span>
    </p>
   </div>
   <div class='ocr_carea' id='block_1_68' title="bbox 211 1843 1036 1883">
    <p class='ocr_par' dir='ltr' id='par_1_68' title="bbox 211 1843 1036 1883">
     <span class='ocr_line' id='line_1_68' title="bbox 211 1843 1036 1883; baseline 0 -10"><span class='ocrx_word' id='word_1_489' title='bbox 211 1846 304 1874; x_wconf 89' lang='lat' dir='ltr'><strong>totum</strong></span> <span class='ocrx_word' id='word_1_490' title='bbox 317 1852 436 1883; x_wconf 89' lang='lat' dir='ltr'><strong>corpus,</strong></span> <span class='ocrx_word' id='word_1_491' title='bbox 449 1847 599 1883; x_wconf 88' lang='lat' dir='ltr'><strong>totamque</strong></span> <span class='ocrx_word' id='word_1_492' title='bbox 609 1846 737 1874; x_wconf 85' lang='lat' dir='ltr'><strong>animam</strong></span> <span class='ocrx_word' id='word_1_493' title='bbox 750 1843 921 1882; x_wconf 87' lang='lat' dir='ltr'><strong>denigratus</strong></span> <span class='ocrx_word' id='word_1_494' title='bbox 933 1843 982 1874; x_wconf 74' lang='lat' dir='ltr'><strong>es?</strong></span> <span class='ocrx_word' id='word_1_495' title='bbox 1005 1843 1036 1874; x_wconf 79' lang='lat' dir='ltr'><strong>Si</strong></span> 
     </span>
    </p>
   </div>
   <div class='ocr_carea' id='block_1_69' title="bbox 210 1887 1034 1928">
    <p class='ocr_par' dir='ltr' id='par_1_69' title="bbox 210 1887 1034 1928">
     <span class='ocr_line' id='line_1_69' title="bbox 210 1887 1034 1928; baseline 0.001 -11"><span class='ocrx_word' id='word_1_496' title='bbox 210 1887 288 1917; x_wconf 88' lang='lat' dir='ltr'><strong>nosti</strong></span> <span class='ocrx_word' id='word_1_497' title='bbox 301 1887 433 1924; x_wconf 88' lang='lat' dir='ltr'><strong>meliora,</strong></span> <span class='ocrx_word' id='word_1_498' title='bbox 445 1888 594 1927; x_wconf 90' lang='lat' dir='ltr'><strong>quomodo</strong></span> <span class='ocrx_word' id='word_1_499' title='bbox 605 1887 689 1928; x_wconf 86' lang='lat' dir='ltr'><strong>quasi</strong></span> <span class='ocrx_word' id='word_1_500' title='bbox 698 1897 803 1927; x_wconf 85' lang='lat' dir='ltr'><strong>expers</strong></span> <span class='ocrx_word' id='word_1_501' title='bbox 813 1896 928 1924; x_wconf 88' lang='lat' dir='ltr'><strong>sensus,</strong></span> <span class='ocrx_word' id='word_1_502' title='bbox 947 1888 1034 1919; x_wconf 90' lang='lat' dir='ltr'><strong>dete-</strong></span> 
     </span>
    </p>
   </div>
   <div class='ocr_carea' id='block_1_70' title="bbox 211 1931 1033 1971">
    <p class='ocr_par' dir='ltr' id='par_1_70' title="bbox 211 1931 1033 1971">
     <span class='ocr_line' id='line_1_70' title="bbox 211 1931 1033 1971; baseline 0.001 -10"><span class='ocrx_word' id='word_1_503' title='bbox 211 1931 291 1961; x_wconf 88' lang='lat' dir='ltr'><strong>riora</strong></span> <span class='ocrx_word' id='word_1_504' title='bbox 305 1932 440 1971; x_wconf 88' lang='lat' dir='ltr'><strong>sequeris</strong></span> <span class='ocrx_word' id='word_1_505' title='bbox 455 1931 469 1961; x_wconf 72' lang='lat'><strong>‘2</strong></span> <span class='ocrx_word' id='word_1_506' title='bbox 499 1931 528 1963; x_wconf 91' lang='lat' dir='ltr'><strong>Si</strong></span> <span class='ocrx_word' id='word_1_507' title='bbox 542 1932 620 1962; x_wconf 91' lang='lat' dir='ltr'><strong>nosti</strong></span> <span class='ocrx_word' id='word_1_508' title='bbox 635 1931 735 1962; x_wconf 81' lang='lat' dir='ltr'><strong>omnia</strong></span> <span class='ocrx_word' id='word_1_509' title='bbox 760 1941 826 1962; x_wconf 88' lang='lat' dir='ltr'><strong>esse</strong></span> <span class='ocrx_word' id='word_1_510' title='bbox 842 1931 988 1969; x_wconf 86' lang='lat' dir='ltr'><strong>umbram,</strong></span> <span class='ocrx_word' id='word_1_511' title='bbox 1004 1936 1033 1962; x_wconf 86' lang='lat' dir='ltr'><strong>et</strong></span> 
     </span>
    </p>
   </div>
   <div class='ocr_carea' id='block_1_71' title="bbox 210 1975 1032 2015">
    <p class='ocr_par' dir='ltr' id='par_1_71' title="bbox 210 1975 1032 2015">
     <span class='ocr_line' id='line_1_71' title="bbox 210 1975 1032 2015; baseline 0.002 -10"><span class='ocrx_word' id='word_1_512' title='bbox 210 1975 312 2005; x_wconf 88' lang='lat' dir='ltr'><strong>omnia</strong></span> <span class='ocrx_word' id='word_1_513' title='bbox 341 1975 494 2015; x_wconf 66' lang='lat' dir='ltr'><strong>praeterire</strong></span> <span class='ocrx_word' id='word_1_514' title='bbox 525 1984 591 2015; x_wconf 74' lang='lat' dir='ltr'><strong>quae</strong></span> <span class='ocrx_word' id='word_1_515' title='bbox 613 1975 762 2010; x_wconf 90' lang='lat' dir='ltr'><strong>videntur,</strong></span> <span class='ocrx_word' id='word_1_516' title='bbox 792 1985 850 2006; x_wconf 91' lang='lat' dir='ltr'><strong>non</strong></span> <span class='ocrx_word' id='word_1_517' title='bbox 880 1976 1032 2007; x_wconf 91' lang='lat' dir='ltr'><strong>erubescis</strong></span> 
     </span>
    </p>
   </div>
   <div class='ocr_carea' id='block_1_72' title="bbox 210 2019 1031 2059">
    <p class='ocr_par' dir='ltr' id='par_1_72' title="bbox 210 2019 1031 2059">
     <span class='ocr_line' id='line_1_72' title="bbox 210 2019 1031 2059; baseline 0.002 -10"><span class='ocrx_word' id='word_1_518' title='bbox 210 2027 277 2049; x_wconf 90' lang='lat' dir='ltr'><strong>cum</strong></span> <span class='ocrx_word' id='word_1_519' title='bbox 293 2019 399 2050; x_wconf 88' lang='lat' dir='ltr'><strong>umbra</strong></span> <span class='ocrx_word' id='word_1_520' title='bbox 423 2019 586 2057; x_wconf 91' lang='lat' dir='ltr'><strong>colludere,</strong></span> <span class='ocrx_word' id='word_1_521' title='bbox 618 2024 646 2050; x_wconf 90' lang='lat' dir='ltr'><strong>et</strong></span> <span class='ocrx_word' id='word_1_522' title='bbox 674 2019 794 2050; x_wconf 88' lang='lat' dir='ltr'><strong>ﬂuentia</strong></span> <span class='ocrx_word' id='word_1_523' title='bbox 821 2029 874 2059; x_wconf 92' lang='lat' dir='ltr'><strong>pro</strong></span> <span class='ocrx_word' id='word_1_524' title='bbox 891 2020 1031 2051; x_wconf 87' lang='lat' dir='ltr'><strong>thesauro</strong></span> 
     </span>
    </p>
   </div>
   <div class='ocr_carea' id='block_1_73' title="bbox 211 2063 1031 2105">
    <p class='ocr_par' dir='ltr' id='par_1_73' title="bbox 211 2063 1031 2105">
     <span class='ocr_line' id='line_1_73' title="bbox 211 2063 1031 2105; baseline 0.001 -11"><span class='ocrx_word' id='word_1_525' title='bbox 211 2063 380 2102; x_wconf 82' lang='lat' dir='ltr'><strong>colligere?</strong></span> <span class='ocrx_word' id='word_1_526' title='bbox 407 2073 467 2094; x_wconf 91' lang='lat' dir='ltr'><strong>non</strong></span> <span class='ocrx_word' id='word_1_527' title='bbox 497 2064 623 2095; x_wconf 89' lang='lat' dir='ltr'><strong>advertis</strong></span> <span class='ocrx_word' id='word_1_528' title='bbox 653 2069 693 2101; x_wconf 90' lang='lat' dir='ltr'><strong>te,</strong></span> <span class='ocrx_word' id='word_1_529' title='bbox 721 2068 752 2094; x_wconf 90' lang='lat' dir='ltr'><strong>ut</strong></span> <span class='ocrx_word' id='word_1_530' title='bbox 769 2074 907 2105; x_wconf 90' lang='lat' dir='ltr'><strong>puerum,</strong></span> <span class='ocrx_word' id='word_1_531' title='bbox 926 2065 956 2095; x_wconf 90' lang='lat' dir='ltr'><strong>in</strong></span> <span class='ocrx_word' id='word_1_532' title='bbox 982 2074 1031 2095; x_wconf 89' lang='lat' dir='ltr'><strong>vas</strong></span> 
     </span>
    </p>
   </div>
   <div class='ocr_carea' id='block_1_74' title="bbox 211 2107 1030 2148">
    <p class='ocr_par' dir='ltr' id='par_1_74' title="bbox 211 2107 1030 2148">
     <span class='ocr_line' id='line_1_74' title="bbox 211 2107 1030 2148; baseline 0.002 -11"><span class='ocrx_word' id='word_1_533' title='bbox 211 2107 393 2138; x_wconf 88' lang='lat' dir='ltr'><strong>confractum</strong></span> <span class='ocrx_word' id='word_1_534' title='bbox 404 2108 525 2139; x_wconf 89' lang='lat' dir='ltr'><strong>haurire</strong></span> <span class='ocrx_word' id='word_1_535' title='bbox 538 2109 544 2138; x_wconf 87' lang='lat'><strong>!</strong></span> <span class='ocrx_word' id='word_1_536' title='bbox 564 2113 593 2139; x_wconf 88' lang='lat' dir='ltr'><strong>et</strong></span> <span class='ocrx_word' id='word_1_537' title='bbox 605 2113 631 2139; x_wconf 91' lang='lat' dir='ltr'><strong>te</strong></span> <span class='ocrx_word' id='word_1_538' title='bbox 644 2113 728 2148; x_wconf 84' lang='lat' dir='ltr'><strong>putas</strong></span> <span class='ocrx_word' id='word_1_539' title='bbox 740 2108 793 2139; x_wconf 90' lang='lat' dir='ltr'><strong>tibi</strong></span> <span class='ocrx_word' id='word_1_540' title='bbox 807 2108 1030 2139; x_wconf 87' lang='lat' dir='ltr'><strong>amicissimum.</strong></span> 
     </span>
    </p>
   </div>
   <div class='ocr_carea' id='block_1_75' title="bbox 210 2150 1033 2192">
    <p class='ocr_par' dir='ltr' id='par_1_75' title="bbox 210 2150 1033 2192">
     <span class='ocr_line' id='line_1_75' title="bbox 210 2150 1033 2192; baseline 0.002 -11"><span class='ocrx_word' id='word_1_541' title='bbox 210 2150 429 2182; x_wconf 87' lang='lat' dir='ltr'><strong>Perabsurdum</strong></span> <span class='ocrx_word' id='word_1_542' title='bbox 445 2162 516 2183; x_wconf 89' lang='lat' dir='ltr'><strong>sane</strong></span> <span class='ocrx_word' id='word_1_543' title='bbox 531 2157 560 2183; x_wconf 89' lang='lat' dir='ltr'><strong>et</strong></span> <span class='ocrx_word' id='word_1_544' title='bbox 587 2161 676 2192; x_wconf 79' lang='lat' dir='ltr'><strong>grave</strong></span> <span class='ocrx_word' id='word_1_545' title='bbox 705 2157 761 2190; x_wconf 90' lang='lat' dir='ltr'><strong>est,</strong></span> <span class='ocrx_word' id='word_1_546' title='bbox 793 2158 908 2192; x_wconf 89' lang='lat' dir='ltr'><strong>putare,</strong></span> <span class='ocrx_word' id='word_1_547' title='bbox 926 2158 954 2183; x_wconf 87' lang='lat' dir='ltr'><strong>et</strong></span> <span class='ocrx_word' id='word_1_548' title='bbox 969 2154 1033 2184; x_wconf 87' lang='lat' dir='ltr'><strong>exi-</strong></span> 
     </span>
    </p>
   </div>
   <div class='ocr_carea' id='block_1_76' title="bbox 1080 1621 1903 1667">
    <p class='ocr_par' dir='ltr' id='par_1_76' title="bbox 1080 1621 1903 1667">
     <span class='ocr_line' id='line_1_76' title="bbox 1080 1621 1903 1667; baseline 0.006 -14"><span class='ocrx_word' id='word_1_549' title='bbox 1080 1621 1134 1653; x_wconf 90' lang='lat' dir='ltr'><strong>dos</strong></span> <span class='ocrx_word' id='word_1_550' title='bbox 1147 1631 1182 1654; x_wconf 87' lang='lat' dir='ltr'><strong>ex</strong></span> <span class='ocrx_word' id='word_1_551' title='bbox 1199 1624 1290 1654; x_wconf 87' lang='lat' dir='ltr'><strong>multa</strong></span> <span class='ocrx_word' id='word_1_552' title='bbox 1312 1624 1466 1660; x_wconf 86' lang='lat' dir='ltr'><strong>charitate,</strong></span> <span class='ocrx_word' id='word_1_553' title='bbox 1493 1623 1567 1654; x_wconf 92' lang='lat' dir='ltr'><strong>nihil</strong></span> <span class='ocrx_word' id='word_1_554' title='bbox 1598 1624 1776 1656; x_wconf 87' lang='lat' dir='ltr'><strong>subtrahens</strong></span> <span class='ocrx_word' id='word_1_555' title='bbox 1792 1627 1903 1667; x_wconf 89' lang='lat' dir='ltr'><strong>scripsi</strong></span> 
     </span>
    </p>
   </div>
   <div class='ocr_carea' id='block_1_77' title="bbox 1081 1667 1902 1709">
    <p class='ocr_par' dir='ltr' id='par_1_77' title="bbox 1081 1667 1902 1709">
     <span class='ocr_line' id='line_1_77' title="bbox 1081 1667 1902 1709; baseline 0.006 -12"><span class='ocrx_word' id='word_1_556' title='bbox 1081 1667 1158 1698; x_wconf 86' lang='lat' dir='ltr'><strong>dicta</strong></span> <span class='ocrx_word' id='word_1_557' title='bbox 1174 1668 1259 1705; x_wconf 92' lang='lat' dir='ltr'><strong>mihi,</strong></span> <span class='ocrx_word' id='word_1_558' title='bbox 1269 1672 1298 1699; x_wconf 90' lang='lat' dir='ltr'><strong>et</strong></span> <span class='ocrx_word' id='word_1_559' title='bbox 1309 1668 1470 1709; x_wconf 84' lang='lat' dir='ltr'><strong>declarata,</strong></span> <span class='ocrx_word' id='word_1_560' title='bbox 1486 1673 1515 1699; x_wconf 88' lang='lat' dir='ltr'><strong>et</strong></span> <span class='ocrx_word' id='word_1_561' title='bbox 1526 1669 1611 1709; x_wconf 88' lang='lat' dir='ltr'><strong>jussa</strong></span> <span class='ocrx_word' id='word_1_562' title='bbox 1626 1679 1643 1700; x_wconf 90' lang='lat' dir='ltr'><strong>a</strong></span> <span class='ocrx_word' id='word_1_563' title='bbox 1658 1670 1786 1701; x_wconf 91' lang='lat' dir='ltr'><strong>Domino</strong></span> <span class='ocrx_word' id='word_1_564' title='bbox 1797 1677 1902 1702; x_wconf 87' lang='lat' dir='ltr'><strong>nostro</strong></span> 
     </span>
    </p>
   </div>
   <div class='ocr_carea' id='block_1_78' title="bbox 1078 1711 1903 1756">
    <p class='ocr_par' dir='ltr' id='par_1_78' title="bbox 1078 1711 1903 1756">
     <span class='ocr_line' id='line_1_78' title="bbox 1078 1711 1903 1756; baseline 0.005 -14"><span class='ocrx_word' id='word_1_565' title='bbox 1078 1711 1149 1742; x_wconf 85' lang='lat' dir='ltr'><strong>Jesu</strong></span> <span class='ocrx_word' id='word_1_566' title='bbox 1164 1713 1292 1751; x_wconf 89' lang='lat' dir='ltr'><strong>Christo,</strong></span> <span class='ocrx_word' id='word_1_567' title='bbox 1319 1722 1373 1753; x_wconf 92' lang='lat' dir='ltr'><strong>per</strong></span> <span class='ocrx_word' id='word_1_568' title='bbox 1401 1713 1587 1744; x_wconf 84' lang='lat' dir='ltr'><strong>adorandum</strong></span> <span class='ocrx_word' id='word_1_569' title='bbox 1619 1718 1647 1744; x_wconf 92' lang='lat' dir='ltr'><strong>et</strong></span> <span class='ocrx_word' id='word_1_570' title='bbox 1675 1719 1809 1746; x_wconf 87' lang='lat' dir='ltr'><strong>sanctum</strong></span> <span class='ocrx_word' id='word_1_571' title='bbox 1834 1716 1903 1756; x_wconf 83' lang='lat' dir='ltr'><strong>ejus</strong></span> 
     </span>
    </p>
   </div>
   <div class='ocr_carea' id='block_1_79' title="bbox 1080 1756 1903 1797">
    <p class='ocr_par' dir='ltr' id='par_1_79' title="bbox 1080 1756 1903 1797">
     <span class='ocr_line' id='line_1_79' title="bbox 1080 1756 1903 1797; baseline 0.005 -10"><span class='ocrx_word' id='word_1_572' title='bbox 1080 1756 1233 1797; x_wconf 88' lang='lat' dir='ltr'><strong>Spiritum,</strong></span> <span class='ocrx_word' id='word_1_573' title='bbox 1250 1758 1286 1788; x_wconf 92' lang='lat' dir='ltr'><strong>de</strong></span> <span class='ocrx_word' id='word_1_574' title='bbox 1302 1757 1479 1788; x_wconf 88' lang='lat' dir='ltr'><strong>sublimibus</strong></span> <span class='ocrx_word' id='word_1_575' title='bbox 1508 1757 1607 1794; x_wconf 89' lang='lat' dir='ltr'><strong>donis,</strong></span> <span class='ocrx_word' id='word_1_576' title='bbox 1624 1765 1652 1789; x_wconf 89' lang='lat' dir='ltr'><strong>et</strong></span> <span class='ocrx_word' id='word_1_577' title='bbox 1667 1759 1903 1791; x_wconf 87' lang='lat' dir='ltr'><strong>charismalibus</strong></span> 
     </span>
    </p>
   </div>
   <div class='ocr_carea' id='block_1_80' title="bbox 1079 1800 1901 1844">
    <p class='ocr_par' dir='ltr' id='par_1_80' title="bbox 1079 1800 1901 1844">
     <span class='ocr_line' id='line_1_80' title="bbox 1079 1800 1901 1844; baseline 0.007 -14"><span class='ocrx_word' id='word_1_578' title='bbox 1079 1800 1164 1844; x_wconf 86' lang='lat' dir='ltr'><strong>simul</strong></span> <span class='ocrx_word' id='word_1_579' title='bbox 1200 1802 1338 1842; x_wconf 89' lang='lat' dir='ltr'><strong>principii</strong></span> <span class='ocrx_word' id='word_1_580' title='bbox 1365 1803 1494 1842; x_wconf 88' lang='lat' dir='ltr'><strong>expertis</strong></span> <span class='ocrx_word' id='word_1_581' title='bbox 1533 1802 1598 1840; x_wconf 91' lang='lat' dir='ltr'><strong>Dei,</strong></span> <span class='ocrx_word' id='word_1_582' title='bbox 1633 1806 1663 1834; x_wconf 87' lang='lat' dir='ltr'><strong>et</strong></span> <span class='ocrx_word' id='word_1_583' title='bbox 1692 1804 1783 1843; x_wconf 87' lang='lat' dir='ltr'><strong>patris</strong></span> <span class='ocrx_word' id='word_1_584' title='bbox 1821 1805 1901 1844; x_wconf 85' lang='lat' dir='ltr'><strong>ejus.</strong></span> 
     </span>
    </p>
   </div>
   <div class='ocr_carea' id='block_1_81' title="bbox 1078 1843 1900 1888">
    <p class='ocr_par' dir='ltr' id='par_1_81' title="bbox 1078 1843 1900 1888">
     <span class='ocr_line' id='line_1_81' title="bbox 1078 1843 1900 1888; baseline 0.007 -14"><span class='ocrx_word' id='word_1_585' title='bbox 1078 1843 1208 1879; x_wconf 90' lang='lat' dir='ltr'><strong>Quorum</strong></span> <span class='ocrx_word' id='word_1_586' title='bbox 1220 1851 1252 1876; x_wconf 91' lang='lat' dir='ltr'><strong>ut</strong></span> <span class='ocrx_word' id='word_1_587' title='bbox 1262 1846 1320 1876; x_wconf 85' lang='lat' dir='ltr'><strong>sint</strong></span> <span class='ocrx_word' id='word_1_588' title='bbox 1329 1846 1499 1886; x_wconf 86' lang='lat' dir='ltr'><strong>participes,</strong></span> <span class='ocrx_word' id='word_1_589' title='bbox 1508 1847 1630 1886; x_wconf 89' lang='lat' dir='ltr'><strong>quieum</strong></span> <span class='ocrx_word' id='word_1_590' title='bbox 1640 1847 1741 1878; x_wconf 89' lang='lat' dir='ltr'><strong>labore</strong></span> <span class='ocrx_word' id='word_1_591' title='bbox 1748 1843 1900 1888; x_wconf 60' lang='lat' dir='ltr'><strong>quierunt,</strong></span> 
     </span>
    </p>
   </div>
   <div class='ocr_carea' id='block_1_82' title="bbox 1076 1887 1903 1931">
    <p class='ocr_par' dir='ltr' id='par_1_82' title="bbox 1076 1887 1903 1931">
     <span class='ocr_line' id='line_1_82' title="bbox 1076 1887 1903 1931; baseline 0.007 -13"><span class='ocrx_word' id='word_1_592' title='bbox 1076 1887 1112 1918; x_wconf 88' lang='lat' dir='ltr'><strong>iis</strong></span> <span class='ocrx_word' id='word_1_593' title='bbox 1126 1897 1244 1930; x_wconf 89' lang='lat' dir='ltr'><strong>semper</strong></span> <span class='ocrx_word' id='word_1_594' title='bbox 1270 1890 1418 1921; x_wconf 89' lang='lat' dir='ltr'><strong>concediit</strong></span> <span class='ocrx_word' id='word_1_595' title='bbox 1439 1899 1491 1930; x_wconf 91' lang='lat' dir='ltr'><strong>per</strong></span> <span class='ocrx_word' id='word_1_596' title='bbox 1505 1891 1607 1928; x_wconf 86' lang='lat' dir='ltr'><strong>ﬁdem,</strong></span> <span class='ocrx_word' id='word_1_597' title='bbox 1623 1891 1688 1931; x_wconf 91' lang='lat' dir='ltr'><strong>ipse</strong></span> <span class='ocrx_word' id='word_1_598' title='bbox 1703 1887 1791 1923; x_wconf 79' lang='lat' dir='ltr'><strong>etiam</strong></span> <span class='ocrx_word' id='word_1_599' title='bbox 1818 1902 1903 1925; x_wconf 88' lang='lat' dir='ltr'><strong>nunc</strong></span> 
     </span>
    </p>
   </div>
   <div class='ocr_carea' id='block_1_83' title="bbox 1075 1932 1900 1975">
    <p class='ocr_par' dir='ltr' id='par_1_83' title="bbox 1075 1932 1900 1975">
     <span class='ocr_line' id='line_1_83' title="bbox 1075 1932 1900 1975; baseline 0.007 -12"><span class='ocrx_word' id='word_1_600' title='bbox 1075 1932 1181 1973; x_wconf 87' lang='lat' dir='ltr'><strong>bonus,</strong></span> <span class='ocrx_word' id='word_1_601' title='bbox 1197 1939 1226 1964; x_wconf 91' lang='lat' dir='ltr'><strong>et</strong></span> <span class='ocrx_word' id='word_1_602' title='bbox 1240 1933 1411 1965; x_wconf 86' lang='lat' dir='ltr'><strong>benefactor</strong></span> <span class='ocrx_word' id='word_1_603' title='bbox 1439 1939 1540 1965; x_wconf 91' lang='lat' dir='ltr'><strong>noster</strong></span> <span class='ocrx_word' id='word_1_604' title='bbox 1563 1935 1653 1967; x_wconf 91' lang='lat' dir='ltr'><strong>Deus.</strong></span> <span class='ocrx_word' id='word_1_605' title='bbox 1669 1936 1759 1975; x_wconf 89' lang='lat' dir='ltr'><strong>Ecce,</strong></span> <span class='ocrx_word' id='word_1_606' title='bbox 1776 1947 1900 1970; x_wconf 85' lang='lat' dir='ltr'><strong>annun-</strong></span> 
     </span>
    </p>
   </div>
   <div class='ocr_carea' id='block_1_84' title="bbox 1074 1978 1899 2021">
    <p class='ocr_par' dir='ltr' id='par_1_84' title="bbox 1074 1978 1899 2021">
     <span class='ocr_line' id='line_1_84' title="bbox 1074 1978 1899 2021; baseline 0.007 -14"><span class='ocrx_word' id='word_1_607' title='bbox 1074 1978 1141 2021; x_wconf 78' lang='lat' dir='ltr'><strong>tiavi</strong></span> <span class='ocrx_word' id='word_1_608' title='bbox 1164 1978 1249 2009; x_wconf 91' lang='lat' dir='ltr'><strong>vobis</strong></span> <span class='ocrx_word' id='word_1_609' title='bbox 1277 1979 1390 2019; x_wconf 87' lang='lat' dir='ltr'><strong>omnia,</strong></span> <span class='ocrx_word' id='word_1_610' title='bbox 1422 1983 1452 2009; x_wconf 89' lang='lat' dir='ltr'><strong>et</strong></span> <span class='ocrx_word' id='word_1_611' title='bbox 1481 1979 1620 2010; x_wconf 89' lang='lat' dir='ltr'><strong>talentum</strong></span> <span class='ocrx_word' id='word_1_612' title='bbox 1650 1989 1708 2011; x_wconf 94' lang='lat' dir='ltr'><strong>non</strong></span> <span class='ocrx_word' id='word_1_613' title='bbox 1737 1981 1899 2021; x_wconf 88' lang='lat' dir='ltr'><strong>abscondi,</strong></span> 
     </span>
    </p>
   </div>
   <div class='ocr_carea' id='block_1_85' title="bbox 1072 2020 1901 2066">
    <p class='ocr_par' dir='ltr' id='par_1_85' title="bbox 1072 2020 1901 2066">
     <span class='ocr_line' id='line_1_85' title="bbox 1072 2020 1901 2066; baseline 0.007 -14"><span class='ocrx_word' id='word_1_614' title='bbox 1072 2020 1281 2062; x_wconf 89' lang='lat' dir='ltr'><strong>Unusquisque</strong></span> <span class='ocrx_word' id='word_1_615' title='bbox 1295 2023 1385 2062; x_wconf 85' lang='lat' dir='ltr'><strong>igitur</strong></span> <span class='ocrx_word' id='word_1_616' title='bbox 1399 2027 1529 2054; x_wconf 86' lang='lat' dir='ltr'><strong>vestrum</strong></span> <span class='ocrx_word' id='word_1_617' title='bbox 1556 2024 1594 2054; x_wconf 90' lang='lat' dir='ltr'><strong>de</strong></span> <span class='ocrx_word' id='word_1_618' title='bbox 1618 2028 1724 2055; x_wconf 70' lang='lat' dir='ltr'><strong>caetero</strong></span> <span class='ocrx_word' id='word_1_619' title='bbox 1739 2026 1819 2066; x_wconf 93' lang='lat' dir='ltr'><strong>quod</strong></span> <span class='ocrx_word' id='word_1_620' title='bbox 1836 2020 1901 2058; x_wconf 78' lang='lat' dir='ltr'><strong>vult</strong></span> 
     </span>
    </p>
   </div>
   <div class='ocr_carea' id='block_1_86' title="bbox 1072 2065 1900 2108">
    <p class='ocr_par' dir='ltr' id='par_1_86' title="bbox 1072 2065 1900 2108">
     <span class='ocr_line' id='line_1_86' title="bbox 1072 2065 1900 2108; baseline 0.007 -12"><span class='ocrx_word' id='word_1_621' title='bbox 1072 2065 1182 2106; x_wconf 77' lang='lat' dir='ltr'><strong>eliget:</strong></span> <span class='ocrx_word' id='word_1_622' title='bbox 1215 2077 1268 2106; x_wconf 87' lang='lat' dir='ltr'><strong>ego</strong></span> <span class='ocrx_word' id='word_1_623' title='bbox 1292 2067 1372 2098; x_wconf 91' lang='lat' dir='ltr'><strong>enim</strong></span> <span class='ocrx_word' id='word_1_624' title='bbox 1401 2067 1479 2107; x_wconf 90' lang='lat' dir='ltr'><strong>quod</strong></span> <span class='ocrx_word' id='word_1_625' title='bbox 1505 2067 1542 2098; x_wconf 83' lang='lat' dir='ltr'><strong>ad</strong></span> <span class='ocrx_word' id='word_1_626' title='bbox 1571 2077 1621 2099; x_wconf 92' lang='lat' dir='ltr'><strong>vos</strong></span> <span class='ocrx_word' id='word_1_627' title='bbox 1637 2065 1756 2108; x_wconf 78' lang='lat' dir='ltr'><strong>attinet,</strong></span> <span class='ocrx_word' id='word_1_628' title='bbox 1769 2071 1900 2103; x_wconf 89' lang='lat' dir='ltr'><strong>crimine</strong></span> 
     </span>
    </p>
   </div>
   <div class='ocr_carea' id='block_1_87' title="bbox 1075 2110 1901 2154">
    <p class='ocr_par' dir='ltr' id='par_1_87' title="bbox 1075 2110 1901 2154">
     <span class='ocr_line' id='line_1_87' title="bbox 1075 2110 1901 2154; baseline 0.008 -14"><span class='ocrx_word' id='word_1_629' title='bbox 1075 2119 1156 2150; x_wconf 86' lang='lat' dir='ltr'><strong>vaco,</strong></span> <span class='ocrx_word' id='word_1_630' title='bbox 1173 2111 1203 2141; x_wconf 93' lang='lat' dir='ltr'><strong>in</strong></span> <span class='ocrx_word' id='word_1_631' title='bbox 1220 2110 1335 2142; x_wconf 85' lang='lat' dir='ltr'><strong>Christo</strong></span> <span class='ocrx_word' id='word_1_632' title='bbox 1357 2113 1426 2143; x_wconf 86' lang='lat' dir='ltr'><strong>Jesu</strong></span> <span class='ocrx_word' id='word_1_633' title='bbox 1454 2113 1580 2143; x_wconf 88' lang='lat' dir='ltr'><strong>Domino</strong></span> <span class='ocrx_word' id='word_1_634' title='bbox 1610 2117 1722 2151; x_wconf 91' lang='lat' dir='ltr'><strong>nostro,</strong></span> <span class='ocrx_word' id='word_1_635' title='bbox 1741 2114 1789 2145; x_wconf 91' lang='lat' dir='ltr'><strong>cui</strong></span> <span class='ocrx_word' id='word_1_636' title='bbox 1805 2115 1901 2154; x_wconf 86' lang='lat' dir='ltr'><strong>gloria</strong></span> 
     </span>
    </p>
   </div>
   <div class='ocr_carea' id='block_1_88' title="bbox 1075 2154 1899 2198">
    <p class='ocr_par' dir='ltr' id='par_1_88' title="bbox 1075 2154 1899 2198">
     <span class='ocr_line' id='line_1_88' title="bbox 1075 2154 1899 2198; baseline 0.01 -14"><span class='ocrx_word' id='word_1_637' title='bbox 1075 2158 1103 2198; x_wconf 80' lang='lat' dir='ltr'><strong>et</strong></span> <span class='ocrx_word' id='word_1_638' title='bbox 1114 2154 1270 2198; x_wconf 84' lang='lat' dir='ltr'><strong>imperium</strong></span> <span class='ocrx_word' id='word_1_639' title='bbox 1281 2165 1347 2186; x_wconf 88' lang='lat' dir='ltr'><strong>cum</strong></span> <span class='ocrx_word' id='word_1_640' title='bbox 1359 2157 1445 2187; x_wconf 87' lang='lat' dir='ltr'><strong>Patre</strong></span> <span class='ocrx_word' id='word_1_641' title='bbox 1456 2156 1596 2196; x_wconf 90' lang='lat' dir='ltr'><strong>principii</strong></span> <span class='ocrx_word' id='word_1_642' title='bbox 1614 2163 1737 2198; x_wconf 81' lang='lat' dir='ltr'><strong>experte</strong></span> <span class='ocrx_word' id='word_1_643' title='bbox 1750 2162 1780 2189; x_wconf 91' lang='lat' dir='ltr'><strong>et</strong></span> <span class='ocrx_word' id='word_1_644' title='bbox 1794 2164 1899 2192; x_wconf 88' lang='lat' dir='ltr'><strong>sancto</strong></span> 
     </span>
    </p>
   </div>
   <div class='ocr_carea' id='block_1_89' title="bbox 211 2194 1486 2238">
    <p class='ocr_par' dir='ltr' id='par_1_89' title="bbox 211 2194 1486 2238">
     <span class='ocr_line' id='line_1_89' title="bbox 211 2194 1486 2238; baseline 0.005 -13"><span class='ocrx_word' id='word_1_645' title='bbox 211 2194 359 2233; x_wconf 84' lang='lat' dir='ltr'><strong>stimare;</strong></span> <span class='ocrx_word' id='word_1_646' title='bbox 388 2205 455 2226; x_wconf 88' lang='lat' dir='ltr'><strong>nam</strong></span> <span class='ocrx_word' id='word_1_647' title='bbox 485 2205 538 2236; x_wconf 92' lang='lat' dir='ltr'><strong>per</strong></span> <span class='ocrx_word' id='word_1_648' title='bbox 566 2197 629 2227; x_wconf 65' lang='lat' dir='ltr'><strong>haec</strong></span> <span class='ocrx_word' id='word_1_649' title='bbox 659 2205 724 2227; x_wconf 86' lang='lat' dir='ltr'><strong>esse</strong></span> <span class='ocrx_word' id='word_1_650' title='bbox 752 2197 894 2228; x_wconf 87' lang='lat' dir='ltr'><strong>aufertur.</strong></span> <span class='ocrx_word' id='word_1_651' title='bbox 924 2196 1185 2238; x_wconf 68' lang='lat' dir='ltr'><strong>Horiio,DSpiritu</strong></span> <span class='ocrx_word' id='word_1_652' title='bbox 1200 2198 1231 2229; x_wconf 91' lang='lat' dir='ltr'><strong>in</strong></span> <span class='ocrx_word' id='word_1_653' title='bbox 1246 2199 1362 2230; x_wconf 61' lang='lat' dir='ltr'><strong>sacula.</strong></span> <span class='ocrx_word' id='word_1_654' title='bbox 1379 2194 1486 2232; x_wconf 75' lang='lat' dir='ltr'><strong>Amen.</strong></span> 
     </span>
    </p>
   </div>
   <div class='ocr_carea' id='block_1_90' title="bbox 210 2238 1033 2281">
    <p class='ocr_par' dir='ltr' id='par_1_90' title="bbox 210 2238 1033 2281">
     <span class='ocr_line' id='line_1_90' title="bbox 210 2238 1033 2281; baseline 0.002 -12"><span class='ocrx_word' id='word_1_655' title='bbox 210 2238 324 2270; x_wconf 89' lang='lat' dir='ltr'><strong>credin’</strong></span> <span class='ocrx_word' id='word_1_656' title='bbox 341 2238 490 2271; x_wconf 85' lang='lat' dir='ltr'><strong>Christum</strong></span> <span class='ocrx_word' id='word_1_657' title='bbox 507 2249 572 2271; x_wconf 89' lang='lat' dir='ltr'><strong>esse</strong></span> <span class='ocrx_word' id='word_1_658' title='bbox 587 2240 706 2271; x_wconf 81' lang='lat' dir='ltr'><strong>Deum?</strong></span> <span class='ocrx_word' id='word_1_659' title='bbox 732 2240 763 2271; x_wconf 89' lang='lat' dir='ltr'><strong>Si</strong></span> <span class='ocrx_word' id='word_1_660' title='bbox 778 2241 887 2277; x_wconf 90' lang='lat' dir='ltr'><strong>credis,</strong></span> <span class='ocrx_word' id='word_1_661' title='bbox 906 2241 989 2281; x_wconf 90' lang='lat' dir='ltr'><strong>time,</strong></span> <span class='ocrx_word' id='word_1_662' title='bbox 1005 2245 1033 2272; x_wconf 88' lang='lat' dir='ltr'><strong>et</strong></span> 
     </span>
    </p>
   </div>
   <div class='ocr_carea' id='block_1_91' title="bbox 211 2282 1031 2323">
    <p class='ocr_par' dir='ltr' id='par_1_91' title="bbox 211 2282 1031 2323">
     <span class='ocr_line' id='line_1_91' title="bbox 211 2282 1031 2323; baseline 0.004 -11"><span class='ocrx_word' id='word_1_663' title='bbox 211 2282 349 2313; x_wconf 87' lang='lat' dir='ltr'><strong>mandata</strong></span> <span class='ocrx_word' id='word_1_664' title='bbox 371 2284 436 2323; x_wconf 86' lang='lat' dir='ltr'><strong>ejus</strong></span> <span class='ocrx_word' id='word_1_665' title='bbox 464 2293 560 2315; x_wconf 87' lang='lat' dir='ltr'><strong>serva.</strong></span> <span class='ocrx_word' id='word_1_666' title='bbox 590 2284 621 2315; x_wconf 90' lang='lat' dir='ltr'><strong>Si</strong></span> <span class='ocrx_word' id='word_1_667' title='bbox 650 2294 710 2315; x_wconf 87' lang='lat' dir='ltr'><strong>non</strong></span> <span class='ocrx_word' id='word_1_668' title='bbox 738 2285 847 2323; x_wconf 90' lang='lat' dir='ltr'><strong>credis,</strong></span> <span class='ocrx_word' id='word_1_669' title='bbox 878 2289 907 2315; x_wconf 89' lang='lat' dir='ltr'><strong>at</strong></span> <span class='ocrx_word' id='word_1_670' title='bbox 930 2285 1031 2316; x_wconf 86' lang='lat' dir='ltr'><strong>saltem</strong></span> 
     </span>
    </p>
   </div>
   <div class='ocr_carea' id='block_1_92' title="bbox 211 2326 1032 2369">
    <p class='ocr_par' dir='ltr' id='par_1_92' title="bbox 211 2326 1032 2369">
     <span class='ocr_line' id='line_1_92' title="bbox 211 2326 1032 2369; baseline 0.004 -12"><span class='ocrx_word' id='word_1_671' title='bbox 211 2326 362 2358; x_wconf 65' lang='lat' dir='ltr'><strong>daemones</strong></span> <span class='ocrx_word' id='word_1_672' title='bbox 376 2328 469 2368; x_wconf 88' lang='lat' dir='ltr'><strong>ipsos,</strong></span> <span class='ocrx_word' id='word_1_673' title='bbox 486 2338 560 2369; x_wconf 88' lang='lat' dir='ltr'><strong>quos</strong></span> <span class='ocrx_word' id='word_1_674' title='bbox 573 2328 696 2359; x_wconf 88' lang='lat' dir='ltr'><strong>forsitan</strong></span> <span class='ocrx_word' id='word_1_675' title='bbox 725 2329 783 2360; x_wconf 85' lang='lat' dir='ltr'><strong>fide</strong></span> <span class='ocrx_word' id='word_1_676' title='bbox 799 2329 953 2368; x_wconf 84' lang='lat' dir='ltr'><strong>digniores</strong></span> <span class='ocrx_word' id='word_1_677' title='bbox 968 2330 1032 2360; x_wconf 87' lang='lat' dir='ltr'><strong>exi-</strong></span> 
     </span>
    </p>
   </div>
   <div class='ocr_carea' id='block_1_93' title="bbox 210 2371 1031 2413">
    <p class='ocr_par' dir='ltr' id='par_1_93' title="bbox 210 2371 1031 2413">
     <span class='ocr_line' id='line_1_93' title="bbox 210 2371 1031 2413; baseline 0.002 -11"><span class='ocrx_word' id='word_1_678' title='bbox 210 2371 325 2409; x_wconf 89' lang='lat' dir='ltr'><strong>stimas,</strong></span> <span class='ocrx_word' id='word_1_679' title='bbox 337 2371 495 2411; x_wconf 87' lang='lat' dir='ltr'><strong>interroga.</strong></span> <span class='ocrx_word' id='word_1_680' title='bbox 509 2372 597 2403; x_wconf 89' lang='lat' dir='ltr'><strong>Disce</strong></span> <span class='ocrx_word' id='word_1_681' title='bbox 608 2373 645 2403; x_wconf 88' lang='lat' dir='ltr'><strong>ab</strong></span> <span class='ocrx_word' id='word_1_682' title='bbox 668 2373 716 2410; x_wconf 89' lang='lat' dir='ltr'><strong>iis,</strong></span> <span class='ocrx_word' id='word_1_683' title='bbox 733 2382 749 2403; x_wconf 87' lang='lat' dir='ltr'><strong>a</strong></span> <span class='ocrx_word' id='word_1_684' title='bbox 767 2373 876 2413; x_wconf 91' lang='lat' dir='ltr'><strong>quibus</strong></span> <span class='ocrx_word' id='word_1_685' title='bbox 891 2373 921 2404; x_wconf 93' lang='lat' dir='ltr'><strong>in</strong></span> <span class='ocrx_word' id='word_1_686' title='bbox 937 2374 1031 2404; x_wconf 86' lang='lat' dir='ltr'><strong>servi-</strong></span> 
     </span>
    </p>
   </div>
   <div class='ocr_carea' id='block_1_94' title="bbox 211 2416 1031 2457">
    <p class='ocr_par' dir='ltr' id='par_1_94' title="bbox 211 2416 1031 2457">
     <span class='ocr_line' id='line_1_94' title="bbox 211 2416 1031 2457; baseline 0.002 -11"><span class='ocrx_word' id='word_1_687' title='bbox 211 2419 306 2446; x_wconf 90' lang='lat' dir='ltr'><strong>tutem</strong></span> <span class='ocrx_word' id='word_1_688' title='bbox 322 2416 460 2447; x_wconf 86' lang='lat' dir='ltr'><strong>redactus</strong></span> <span class='ocrx_word' id='word_1_689' title='bbox 489 2426 533 2454; x_wconf 92' lang='lat' dir='ltr'><strong>es,</strong></span> <span class='ocrx_word' id='word_1_690' title='bbox 564 2421 594 2448; x_wconf 89' lang='lat' dir='ltr'><strong>et</strong></span> <span class='ocrx_word' id='word_1_691' title='bbox 622 2426 696 2456; x_wconf 90' lang='lat' dir='ltr'><strong>quos</strong></span> <span class='ocrx_word' id='word_1_692' title='bbox 725 2417 873 2457; x_wconf 83' lang='lat' dir='ltr'><strong>sequeris,</strong></span> <span class='ocrx_word' id='word_1_693' title='bbox 890 2418 1031 2457; x_wconf 88' lang='lat' dir='ltr'><strong>quoniam</strong></span> 
     </span>
    </p>
   </div>
   <div class='ocr_carea' id='block_1_95' title="bbox 211 2460 1033 2500">
    <p class='ocr_par' dir='ltr' id='par_1_95' title="bbox 211 2460 1033 2500">
     <span class='ocr_line' id='line_1_95' title="bbox 211 2460 1033 2500; baseline 0.002 -10"><span class='ocrx_word' id='word_1_694' title='bbox 211 2468 271 2490; x_wconf 90' lang='lat' dir='ltr'><strong>non</strong></span> <span class='ocrx_word' id='word_1_695' title='bbox 295 2463 339 2490; x_wconf 86' lang='lat' dir='ltr'><strong>est</strong></span> <span class='ocrx_word' id='word_1_696' title='bbox 366 2460 443 2491; x_wconf 89' lang='lat' dir='ltr'><strong>alius</strong></span> <span class='ocrx_word' id='word_1_697' title='bbox 456 2460 534 2491; x_wconf 91' lang='lat' dir='ltr'><strong>Deus</strong></span> <span class='ocrx_word' id='word_1_698' title='bbox 550 2464 657 2500; x_wconf 71' lang='lat' dir='ltr'><strong>praeter</strong></span> <span class='ocrx_word' id='word_1_699' title='bbox 670 2460 766 2498; x_wconf 89' lang='lat' dir='ltr'><strong>illum,</strong></span> <span class='ocrx_word' id='word_1_700' title='bbox 784 2461 831 2491; x_wconf 91' lang='lat' dir='ltr'><strong>cui</strong></span> <span class='ocrx_word' id='word_1_701' title='bbox 848 2462 945 2492; x_wconf 90' lang='lat' dir='ltr'><strong>nullus</strong></span> <span class='ocrx_word' id='word_1_702' title='bbox 960 2461 1033 2492; x_wconf 88' lang='lat' dir='ltr'><strong>assi-</strong></span> 
     </span>
    </p>
   </div>
   <div class='ocr_carea' id='block_1_96' title="bbox 211 2503 1032 2544">
    <p class='ocr_par' dir='ltr' id='par_1_96' title="bbox 211 2503 1032 2544">
     <span class='ocr_line' id='line_1_96' title="bbox 211 2503 1032 2544; baseline 0.004 -11"><span class='ocrx_word' id='word_1_703' title='bbox 211 2503 342 2542; x_wconf 88' lang='lat' dir='ltr'><strong>milatur,</strong></span> <span class='ocrx_word' id='word_1_704' title='bbox 372 2513 428 2535; x_wconf 95' lang='lat' dir='ltr'><strong>nec</strong></span> <span class='ocrx_word' id='word_1_705' title='bbox 458 2504 624 2544; x_wconf 88' lang='lat' dir='ltr'><strong>comparari</strong></span> <span class='ocrx_word' id='word_1_706' title='bbox 651 2509 763 2544; x_wconf 89' lang='lat' dir='ltr'><strong>potest,</strong></span> <span class='ocrx_word' id='word_1_707' title='bbox 792 2505 923 2536; x_wconf 90' lang='lat' dir='ltr'><strong>omnium</strong></span> <span class='ocrx_word' id='word_1_708' title='bbox 953 2506 1032 2536; x_wconf 91' lang='lat' dir='ltr'><strong>enim</strong></span> 
     </span>
    </p>
   </div>
   <div class='ocr_carea' id='block_1_97' title="bbox 210 2548 1030 2588">
    <p class='ocr_par' dir='ltr' id='par_1_97' title="bbox 210 2548 1030 2588">
     <span class='ocr_line' id='line_1_97' title="bbox 210 2548 1030 2588; baseline 0.005 -11"><span class='ocrx_word' id='word_1_709' title='bbox 210 2548 356 2579; x_wconf 90' lang='lat' dir='ltr'><strong>Dominus</strong></span> <span class='ocrx_word' id='word_1_710' title='bbox 373 2549 434 2588; x_wconf 87' lang='lat' dir='ltr'><strong>ipse</strong></span> <span class='ocrx_word' id='word_1_711' title='bbox 452 2553 508 2587; x_wconf 87' lang='lat' dir='ltr'><strong>est,</strong></span> <span class='ocrx_word' id='word_1_712' title='bbox 538 2549 671 2580; x_wconf 92' lang='lat' dir='ltr'><strong>omnium</strong></span> <span class='ocrx_word' id='word_1_713' title='bbox 702 2558 763 2586; x_wconf 88' lang='lat' dir='ltr'><strong>rex,</strong></span> <span class='ocrx_word' id='word_1_714' title='bbox 795 2550 929 2580; x_wconf 91' lang='lat' dir='ltr'><strong>conditor</strong></span> <span class='ocrx_word' id='word_1_715' title='bbox 944 2550 1030 2588; x_wconf 91' lang='lat' dir='ltr'><strong>lucis,</strong></span> 
     </span>
    </p>
   </div>
   <div class='ocr_carea' id='block_1_98' title="bbox 210 2591 1031 2634">
    <p class='ocr_par' dir='ltr' id='par_1_98' title="bbox 210 2591 1031 2634">
     <span class='ocr_line' id='line_1_98' title="bbox 210 2591 1031 2634; baseline 0.002 -11"><span class='ocrx_word' id='word_1_716' title='bbox 210 2595 241 2623; x_wconf 89' lang='lat' dir='ltr'><strong>et</strong></span> <span class='ocrx_word' id='word_1_717' title='bbox 254 2591 321 2622; x_wconf 62' lang='lat' dir='ltr'><strong>vitai</strong></span> <span class='ocrx_word' id='word_1_718' title='bbox 335 2592 456 2624; x_wconf 87' lang='lat' dir='ltr'><strong>arbiter.</strong></span> <span class='ocrx_word' id='word_1_719' title='bbox 482 2594 549 2634; x_wconf 89' lang='lat' dir='ltr'><strong>Ipse</strong></span> <span class='ocrx_word' id='word_1_720' title='bbox 575 2593 677 2624; x_wconf 91' lang='lat' dir='ltr'><strong>lumen</strong></span> <span class='ocrx_word' id='word_1_721' title='bbox 705 2593 777 2624; x_wconf 92' lang='lat' dir='ltr'><strong>illud</strong></span> <span class='ocrx_word' id='word_1_722' title='bbox 805 2594 965 2632; x_wconf 71' lang='lat' dir='ltr'><strong>ineffabile,</strong></span> <span class='ocrx_word' id='word_1_723' title='bbox 982 2595 1031 2626; x_wconf 94' lang='lat' dir='ltr'><strong>in-</strong></span> 
     </span>
    </p>
   </div>
   <div class='ocr_carea' id='block_1_99' title="bbox 208 2636 1031 2678">
    <p class='ocr_par' dir='ltr' id='par_1_99' title="bbox 208 2636 1031 2678">
     <span class='ocr_line' id='line_1_99' title="bbox 208 2636 1031 2678; baseline 0.004 -11"><span class='ocrx_word' id='word_1_724' title='bbox 208 2637 394 2674; x_wconf 86' lang='lat' dir='ltr'><strong>accessibile,</strong></span> <span class='ocrx_word' id='word_1_725' title='bbox 424 2637 475 2677; x_wconf 93' lang='lat' dir='ltr'><strong>qui</strong></span> <span class='ocrx_word' id='word_1_726' title='bbox 515 2638 596 2668; x_wconf 88' lang='lat' dir='ltr'><strong>solus</strong></span> <span class='ocrx_word' id='word_1_727' title='bbox 638 2641 693 2668; x_wconf 88' lang='lat' dir='ltr'><strong>est.</strong></span> <span class='ocrx_word' id='word_1_728' title='bbox 736 2636 805 2678; x_wconf 88' lang='lat' dir='ltr'><strong>Ipse</strong></span> <span class='ocrx_word' id='word_1_729' title='bbox 844 2638 875 2669; x_wconf 91' lang='lat' dir='ltr'><strong>in</strong></span> <span class='ocrx_word' id='word_1_730' title='bbox 904 2638 1031 2670; x_wconf 89' lang='lat' dir='ltr'><strong>adventu</strong></span> 
     </span>
    </p>
   </div>
   <div class='ocr_carea' id='block_1_100' title="bbox 209 2681 1030 2722">
    <p class='ocr_par' dir='ltr' id='par_1_100' title="bbox 209 2681 1030 2722">
     <span class='ocr_line' id='line_1_100' title="bbox 209 2681 1030 2722; baseline 0.004 -11"><span class='ocrx_word' id='word_1_731' title='bbox 209 2689 263 2712; x_wconf 89' lang='lat' dir='ltr'><strong>suo</strong></span> <span class='ocrx_word' id='word_1_732' title='bbox 294 2681 450 2722; x_wconf 89' lang='lat' dir='ltr'><strong>dissipabit</strong></span> <span class='ocrx_word' id='word_1_733' title='bbox 476 2691 493 2712; x_wconf 90' lang='lat' dir='ltr'><strong>a</strong></span> <span class='ocrx_word' id='word_1_734' title='bbox 521 2681 596 2712; x_wconf 88' lang='lat' dir='ltr'><strong>facie</strong></span> <span class='ocrx_word' id='word_1_735' title='bbox 621 2691 674 2712; x_wconf 88' lang='lat' dir='ltr'><strong>sua</strong></span> <span class='ocrx_word' id='word_1_736' title='bbox 711 2681 850 2713; x_wconf 91' lang='lat' dir='ltr'><strong>inimicos</strong></span> <span class='ocrx_word' id='word_1_737' title='bbox 877 2692 959 2720; x_wconf 90' lang='lat' dir='ltr'><strong>suos,</strong></span> <span class='ocrx_word' id='word_1_738' title='bbox 1001 2687 1030 2714; x_wconf 90' lang='lat' dir='ltr'><strong>et</strong></span> 
     </span>
    </p>
   </div>
   <div class='ocr_carea' id='block_1_101' title="bbox 209 2724 1028 2767">
    <p class='ocr_par' dir='ltr' id='par_1_101' title="bbox 209 2724 1028 2767">
     <span class='ocr_line' id='line_1_101' title="bbox 209 2724 1028 2767; baseline 0.004 -11"><span class='ocrx_word' id='word_1_739' title='bbox 209 2724 261 2765; x_wconf 82' lang='lat' dir='ltr'><strong>qui</strong></span> <span class='ocrx_word' id='word_1_740' title='bbox 288 2734 347 2756; x_wconf 91' lang='lat' dir='ltr'><strong>non</strong></span> <span class='ocrx_word' id='word_1_741' title='bbox 376 2725 571 2757; x_wconf 89' lang='lat' dir='ltr'><strong>obediverunt</strong></span> <span class='ocrx_word' id='word_1_742' title='bbox 598 2725 746 2757; x_wconf 86' lang='lat' dir='ltr'><strong>mandatis</strong></span> <span class='ocrx_word' id='word_1_743' title='bbox 773 2727 852 2766; x_wconf 87' lang='lat' dir='ltr'><strong>ejus,</strong></span> <span class='ocrx_word' id='word_1_744' title='bbox 880 2727 1028 2767; x_wconf 91' lang='lat' dir='ltr'><strong>quomodo</strong></span> 
     </span>
    </p>
   </div>
   <div class='ocr_carea' id='block_1_102' title="bbox 249 2814 971 2856">
    <p class='ocr_par' dir='ltr' id='par_1_102' title="bbox 249 2814 971 2856">
     <span class='ocr_line' id='line_1_102' title="bbox 249 2814 971 2856; baseline 0.004 -10"><span class='ocrx_word' id='word_1_745' title='bbox 249 2814 281 2840; x_wconf 74' lang='grc'><strong>16</strong></span> <span class='ocrx_word' id='word_1_746' title='bbox 294 2814 353 2847; x_wconf 88' lang='lat' dir='ltr'><strong>Tit.</strong></span> <span class='ocrx_word' id='word_1_747' title='bbox 369 2823 390 2855; x_wconf 80' lang='grc' dir='ltr'><strong>ι,</strong></span> <span class='ocrx_word' id='word_1_748' title='bbox 409 2815 461 2848; x_wconf 81' lang='grc'><strong>16.</strong></span> <span class='ocrx_word' id='word_1_749' title='bbox 501 2816 530 2841; x_wconf 79' lang='grc' dir='ltr'><strong><em>Π</em></strong></span> <span class='ocrx_word' id='word_1_750' title='bbox 544 2815 557 2847; x_wconf 88' lang='grc' dir='ltr'><strong>Ι</strong></span> <span class='ocrx_word' id='word_1_751' title='bbox 571 2815 656 2849; x_wconf 86' lang='lat' dir='ltr'><strong>Joan.</strong></span> <span class='ocrx_word' id='word_1_752' title='bbox 673 2824 715 2856; x_wconf 86' lang='lat' dir='ltr'><strong>nl,</strong></span> <span class='ocrx_word' id='word_1_753' title='bbox 733 2816 763 2847; x_wconf 87' lang='lat'><strong>6.</strong></span> <span class='ocrx_word' id='word_1_754' title='bbox 806 2817 835 2842; x_wconf 66' lang='grc'><strong>18</strong></span> <span class='ocrx_word' id='word_1_755' title='bbox 849 2816 925 2850; x_wconf 87' lang='lat' dir='ltr'><strong>Ibid.</strong></span> <span class='ocrx_word' id='word_1_756' title='bbox 942 2817 971 2849; x_wconf 91' lang='lat'><strong>8.</strong></span> 
     </span>
    </p>
   </div>
   <div class='ocr_carea' id='block_1_103' title="bbox 1347 2246 1619 2280">
    <p class='ocr_par' dir='ltr' id='par_1_103' title="bbox 1347 2246 1619 2280">
     <span class='ocr_line' id='line_1_103' title="bbox 1347 2246 1619 2280; baseline 0 -1"><span class='ocrx_word' id='word_1_757' title='bbox 1347 2246 1489 2279; x_wconf 83' lang='lat' dir='ltr'><strong>ORATIO</strong></span> <span class='ocrx_word' id='word_1_758' title='bbox 1511 2247 1619 2280; x_wconf 78' lang='lat' dir='ltr'><strong>XXIX.</strong></span> 
     </span>
    </p>
   </div>
   <div class='ocr_carea' id='block_1_104' title="bbox 1383 2302 1593 2326">
    <p class='ocr_par' dir='ltr' id='par_1_104' title="bbox 1383 2302 1593 2326">
     <span class='ocr_line' id='line_1_104' title="bbox 1383 2302 1593 2326; baseline 0.01 -2"><span class='ocrx_word' id='word_1_759' title='bbox 1383 2302 1593 2326; x_wconf 75' lang='lat' dir='ltr'><strong>ABGUMENTUM.</strong></span> 
     </span>
    </p>
   </div>
   <div class='ocr_carea' id='block_1_105' title="bbox 1075 2336 1896 2379">
    <p class='ocr_par' dir='ltr' id='par_1_105' title="bbox 1075 2336 1896 2379">
     <span class='ocr_line' id='line_1_105' title="bbox 1075 2336 1896 2379; baseline 0.013 -15"><span class='ocrx_word' id='word_1_760' title='bbox 1075 2336 1171 2366; x_wconf 77' lang='lat' dir='ltr'><strong>Omnes</strong></span> <span class='ocrx_word' id='word_1_761' title='bbox 1184 2339 1311 2379; x_wconf 68' lang='lat' dir='ltr'><strong>hamipes</strong></span> <span class='ocrx_word' id='word_1_762' title='bbox 1321 2347 1339 2367; x_wconf 90' lang='lat' dir='ltr'><strong>a</strong></span> <span class='ocrx_word' id='word_1_763' title='bbox 1354 2340 1464 2379; x_wconf 73' lang='lat' dir='ltr'><strong>Qhristo</strong></span> <span class='ocrx_word' id='word_1_764' title='bbox 1477 2349 1533 2369; x_wconf 75' lang='lat' dir='ltr'><strong>non</strong></span> <span class='ocrx_word' id='word_1_765' title='bbox 1543 2341 1723 2379; x_wconf 76' lang='lat' dir='ltr'><strong>illuminatos.</strong></span> <span class='ocrx_word' id='word_1_766' title='bbox 1734 2350 1819 2373; x_wconf 67' lang='lat' dir='ltr'><strong>meo:</strong></span> <span class='ocrx_word' id='word_1_767' title='bbox 1829 2353 1896 2379; x_wconf 72' lang='lat' dir='ltr'><strong>esse,</strong></span> 
     </span>
    </p>
   </div>
   <div class='ocr_carea' id='block_1_106' title="bbox 1109 2375 1900 2412">
    <p class='ocr_par' dir='ltr' id='par_1_106' title="bbox 1109 2375 1900 2412">
     <span class='ocr_line' id='line_1_106' title="bbox 1109 2375 1900 2412; baseline 0.011 -12"><span class='ocrx_word' id='word_1_768' title='bbox 1109 2381 1156 2401; x_wconf 83' lang='lat' dir='ltr'><strong>nec</strong></span> <span class='ocrx_word' id='word_1_769' title='bbox 1165 2382 1249 2412; x_wconf 59' lang='lat' dir='ltr'><strong>opera</strong></span> <span class='ocrx_word' id='word_1_770' title='bbox 1259 2375 1325 2412; x_wconf 66' lang='lat' dir='ltr'><strong>lucis</strong></span> <span class='ocrx_word' id='word_1_771' title='bbox 1337 2375 1439 2410; x_wconf 84' lang='lat' dir='ltr'><strong>e/ﬁeere</strong></span> <span class='ocrx_word' id='word_1_772' title='bbox 1448 2384 1537 2412; x_wconf 77' lang='lat' dir='ltr'><strong>posse,</strong></span> <span class='ocrx_word' id='word_1_773' title='bbox 1552 2385 1601 2405; x_wconf 83' lang='lat' dir='ltr'><strong>nec</strong></span> <span class='ocrx_word' id='word_1_774' title='bbox 1611 2378 1641 2405; x_wconf 76' lang='lat' dir='ltr'><strong>in</strong></span> <span class='ocrx_word' id='word_1_775' title='bbox 1650 2378 1697 2406; x_wconf 80' lang='lat' dir='ltr'><strong>via</strong></span> <span class='ocrx_word' id='word_1_776' title='bbox 1707 2381 1778 2407; x_wconf 71' lang='lat' dir='ltr'><strong>recte</strong></span> <span class='ocrx_word' id='word_1_777' title='bbox 1787 2375 1900 2410; x_wconf 64' lang='lat' dir='ltr'><strong>vivendi</strong></span> 
     </span>
    </p>
   </div>
   <div class='ocr_carea' id='block_1_107' title="bbox 1106 2410 1897 2450">
    <p class='ocr_par' dir='ltr' id='par_1_107' title="bbox 1106 2410 1897 2450">
     <span class='ocr_line' id='line_1_107' title="bbox 1106 2410 1897 2450; baseline 0.001 -6"><span class='ocrx_word' id='word_1_778' title='bbox 1106 2410 1235 2450; x_wconf 70' lang='lat' dir='ltr'><strong>Progredi</strong></span> <span class='ocrx_word' id='word_1_779' title='bbox 1255 2410 1344 2443; x_wconf 73' lang='lat' dir='ltr'><strong>Quare</strong></span> <span class='ocrx_word' id='word_1_780' title='bbox 1354 2410 1639 2450; x_wconf 54' lang='lat' dir='ltr'><strong>circuirispicie’idum,</strong></span> <span class='ocrx_word' id='word_1_781' title='bbox 1655 2417 1686 2450; x_wconf 15' lang='lat' dir='ltr'><strong>et,</strong></span> <span class='ocrx_word' id='word_1_782' title='bbox 1694 2413 1897 2445; x_wconf 78' lang='lat' dir='ltr'><strong>advertendum</strong></span> 
     </span>
    </p>
   </div>
   <div class='ocr_carea' id='block_1_108' title="bbox 1108 2447 1898 2487">
    <p class='ocr_par' dir='ltr' id='par_1_108' title="bbox 1108 2447 1898 2487">
     <span class='ocr_line' id='line_1_108' title="bbox 1108 2447 1898 2487; baseline 0.01 -15"><span class='ocrx_word' id='word_1_783' title='bbox 1108 2447 1244 2487; x_wconf 59' lang='lat' dir='ltr'><strong>animum,</strong></span> <span class='ocrx_word' id='word_1_784' title='bbox 1259 2454 1299 2487; x_wconf 60' lang='lat' dir='ltr'><strong>art</strong></span> <span class='ocrx_word' id='word_1_785' title='bbox 1305 2453 1368 2487; x_wconf 74' lang='lat' dir='ltr'><strong>vero</strong></span> <span class='ocrx_word' id='word_1_786' title='bbox 1378 2447 1479 2487; x_wconf 69' lang='lat' dir='ltr'><strong>itinere</strong></span> <span class='ocrx_word' id='word_1_787' title='bbox 1484 2448 1515 2487; x_wconf 69' lang='lat' dir='ltr'><strong>tu</strong></span> <span class='ocrx_word' id='word_1_788' title='bbox 1524 2449 1620 2487; x_wconf 55' lang='lat' dir='ltr'><strong>emtum</strong></span> <span class='ocrx_word' id='word_1_789' title='bbox 1630 2449 1810 2487; x_wconf 73' lang='lat' dir='ltr'><strong>ambulemus.</strong></span> <span class='ocrx_word' id='word_1_790' title='bbox 1822 2453 1898 2487; x_wconf 86' lang='lat' dir='ltr'><strong>quod</strong></span> 
     </span>
    </p>
   </div>
   <div class='ocr_carea' id='block_1_109' title="bbox 1109 2481 1893 2519">
    <p class='ocr_par' dir='ltr' id='par_1_109' title="bbox 1109 2481 1893 2519">
     <span class='ocr_line' id='line_1_109' title="bbox 1109 2481 1893 2519; baseline 0.011 -12"><span class='ocrx_word' id='word_1_791' title='bbox 1109 2481 1139 2507; x_wconf 75' lang='lat' dir='ltr'><strong>in</strong></span> <span class='ocrx_word' id='word_1_792' title='bbox 1149 2481 1201 2519; x_wconf 70' lang='lat' dir='ltr'><strong>Dei</strong></span> <span class='ocrx_word' id='word_1_793' title='bbox 1213 2481 1354 2510; x_wconf 77' lang='lat' dir='ltr'><strong>mandatis</strong></span> <span class='ocrx_word' id='word_1_794' title='bbox 1368 2483 1452 2510; x_wconf 74' lang='lat' dir='ltr'><strong>situm</strong></span> <span class='ocrx_word' id='word_1_795' title='bbox 1465 2485 1512 2511; x_wconf 78' lang='lat' dir='ltr'><strong>est.</strong></span> <span class='ocrx_word' id='word_1_796' title='bbox 1526 2484 1579 2517; x_wconf 79' lang='lat' dir='ltr'><strong>Qui</strong></span> <span class='ocrx_word' id='word_1_797' title='bbox 1591 2485 1687 2519; x_wconf 72' lang='lat' dir='ltr'><strong>parvis</strong></span> <span class='ocrx_word' id='word_1_798' title='bbox 1698 2487 1817 2519; x_wconf 75' lang='lat' dir='ltr'><strong>parcatis</strong></span> <span class='ocrx_word' id='word_1_799' title='bbox 1826 2481 1893 2516; x_wconf 62' lang='lat' dir='ltr'><strong>&#39;suc-</strong></span> 
     </span>
    </p>
   </div>
   <div class='ocr_carea' id='block_1_110' title="bbox 1109 2493 1896 2556">
    <p class='ocr_par' dir='ltr' id='par_1_110' title="bbox 1109 2493 1896 2556">
     <span class='ocr_line' id='line_1_110' title="bbox 1109 2493 1893 2519; baseline 0.011 -12"><span class='ocrx_word' id='word_1_800' title='bbox 1109 2493 1139 2507; x_wconf 86' lang='lat' dir='ltr'><strong>m</strong></span> <span class='ocrx_word' id='word_1_801' title='bbox 1149 2493 1200 2508; x_wconf 76' lang='lat' dir='ltr'><strong>uel</strong></span> <span class='ocrx_word' id='word_1_802' title='bbox 1213 2493 1354 2510; x_wconf 76' lang='lat' dir='ltr'><strong>munuuus</strong></span> <span class='ocrx_word' id='word_1_803' title='bbox 1368 2493 1452 2510; x_wconf 72' lang='lat' dir='ltr'><strong>suum</strong></span> <span class='ocrx_word' id='word_1_804' title='bbox 1465 2493 1512 2511; x_wconf 67' lang='lat' dir='ltr'><strong>est.</strong></span> <span class='ocrx_word' id='word_1_805' title='bbox 1526 2493 1579 2517; x_wconf 75' lang='grc' dir='ltr'><strong>υιιι</strong></span> <span class='ocrx_word' id='word_1_806' title='bbox 1591 2493 1687 2519; x_wconf 76' lang='lat' dir='ltr'><strong>parma</strong></span> <span class='ocrx_word' id='word_1_807' title='bbox 1719 2493 1817 2515; x_wconf 68' lang='lat' dir='ltr'><strong>act-aus</strong></span> <span class='ocrx_word' id='word_1_808' title='bbox 1830 2495 1893 2516; x_wconf 81' lang='lat' dir='ltr'><strong>suc-</strong></span> 
     </span>
     <span class='ocr_line' id='line_1_111' title="bbox 1109 2493 1896 2556; baseline 0.011 -13"><span class='ocrx_word' id='word_1_809' title='bbox 1109 2516 1252 2556; x_wconf 68' lang='lat' dir='ltr'><strong>cumbunt,</strong></span> <span class='ocrx_word' id='word_1_810' title='bbox 1266 2524 1310 2556; x_wconf 68' lang='lat' dir='ltr'><strong>ags</strong></span> <span class='ocrx_word' id='word_1_811' title='bbox 1323 2525 1494 2556; x_wconf 66' lang='lat' dir='ltr'><strong>magnorum</strong></span> <span class='ocrx_word' id='word_1_812' title='bbox 1505 2526 1596 2556; x_wconf 77' lang='lat' dir='ltr'><strong>servos</strong></span> <span class='ocrx_word' id='word_1_813' title='bbox 1605 2519 1676 2555; x_wconf 74' lang='lat' dir='ltr'><strong>ﬁeri.</strong></span> <span class='ocrx_word' id='word_1_814' title='bbox 1693 2493 1796 2553; x_wconf 53' lang='lat' dir='ltr'><strong>ﬁnibus</strong></span> <span class='ocrx_word' id='word_1_815' title='bbox 1805 2524 1896 2552; x_wconf 79' lang='lat' dir='ltr'><strong>actio-</strong></span> 
     </span>
    </p>
   </div>
   <div class='ocr_carea' id='block_1_111' title="bbox 1108 2551 1746 2588">
    <p class='ocr_par' dir='ltr' id='par_1_111' title="bbox 1108 2551 1746 2588">
     <span class='ocr_line' id='line_1_112' title="bbox 1108 2551 1746 2588; baseline 0.008 -9"><span class='ocrx_word' id='word_1_816' title='bbox 1108 2551 1190 2580; x_wconf 74' lang='lat' dir='ltr'><strong>nibus</strong></span> <span class='ocrx_word' id='word_1_817' title='bbox 1202 2552 1237 2580; x_wconf 85' lang='lat' dir='ltr'><strong>ab</strong></span> <span class='ocrx_word' id='word_1_818' title='bbox 1251 2551 1392 2588; x_wconf 76' lang='lat' dir='ltr'><strong>affectibus</strong></span> <span class='ocrx_word' id='word_1_819' title='bbox 1406 2554 1549 2583; x_wconf 73' lang='lat' dir='ltr'><strong>ittaudatis</strong></span> <span class='ocrx_word' id='word_1_820' title='bbox 1562 2551 1746 2584; x_wconf 61' lang='lat' dir='ltr'><strong>vindicemur.</strong></span> 
     </span>
    </p>
   </div>
   <div class='ocr_carea' id='block_1_112' title="bbox 1113 2593 1893 2639">
    <p class='ocr_par' dir='ltr' id='par_1_112' title="bbox 1113 2593 1893 2639">
     <span class='ocr_line' id='line_1_113' title="bbox 1113 2593 1893 2639; baseline 0.01 -16"><span class='ocrx_word' id='word_1_821' title='bbox 1113 2593 1365 2639; x_wconf 77' lang='lat' dir='ltr'><strong>Quemadmodum</strong></span> <span class='ocrx_word' id='word_1_822' title='bbox 1383 2605 1479 2627; x_wconf 53' lang='lat' dir='ltr'><strong>caecus</strong></span> <span class='ocrx_word' id='word_1_823' title='bbox 1502 2597 1686 2638; x_wconf 86' lang='lat' dir='ltr'><strong>ingrediens,</strong></span> <span class='ocrx_word' id='word_1_824' title='bbox 1713 2599 1792 2631; x_wconf 88' lang='lat' dir='ltr'><strong>velut</strong></span> <span class='ocrx_word' id='word_1_825' title='bbox 1808 2601 1893 2639; x_wconf 91' lang='lat' dir='ltr'><strong>nolit,</strong></span> 
     </span>
    </p>
   </div>
   <div class='ocr_carea' id='block_1_113' title="bbox 1072 2638 1894 2678">
    <p class='ocr_par' dir='ltr' id='par_1_113' title="bbox 1072 2638 1894 2678">
     <span class='ocr_line' id='line_1_114' title="bbox 1072 2638 1894 2678; baseline 0.01 -11"><span class='ocrx_word' id='word_1_826' title='bbox 1072 2638 1197 2676; x_wconf 90' lang='lat' dir='ltr'><strong>pedibus</strong></span> <span class='ocrx_word' id='word_1_827' title='bbox 1210 2639 1333 2669; x_wconf 77' lang='lat' dir='ltr'><strong>offendit</strong></span> <span class='ocrx_word' id='word_1_828' title='bbox 1349 2650 1357 2678; x_wconf 87' lang='lat'><strong>;</strong></span> <span class='ocrx_word' id='word_1_829' title='bbox 1383 2640 1426 2671; x_wconf 91' lang='lat' dir='ltr'><strong>sic</strong></span> <span class='ocrx_word' id='word_1_830' title='bbox 1441 2641 1529 2672; x_wconf 89' lang='lat' dir='ltr'><strong>homo</strong></span> <span class='ocrx_word' id='word_1_831' title='bbox 1546 2642 1639 2673; x_wconf 92' lang='lat' dir='ltr'><strong>oculis</strong></span> <span class='ocrx_word' id='word_1_832' title='bbox 1654 2643 1760 2674; x_wconf 78' lang='lat' dir='ltr'><strong>animae</strong></span> <span class='ocrx_word' id='word_1_833' title='bbox 1774 2644 1829 2675; x_wconf 90' lang='lat' dir='ltr'><strong>sub</strong></span> <span class='ocrx_word' id='word_1_834' title='bbox 1845 2638 1894 2675; x_wconf 45' lang='lat' dir='ltr'>in;</span> 
     </span>
    </p>
   </div>
   <div class='ocr_carea' id='block_1_114' title="bbox 1071 2682 1892 2728">
    <p class='ocr_par' dir='ltr' id='par_1_114' title="bbox 1071 2682 1892 2728">
     <span class='ocr_line' id='line_1_115' title="bbox 1071 2682 1892 2728; baseline 0.011 -17"><span class='ocrx_word' id='word_1_835' title='bbox 1071 2682 1264 2728; x_wconf 81' lang='lat' dir='ltr'><strong>telligentiam</strong></span> <span class='ocrx_word' id='word_1_836' title='bbox 1277 2684 1464 2722; x_wconf 90' lang='lat' dir='ltr'><strong>cadentibus,</strong></span> <span class='ocrx_word' id='word_1_837' title='bbox 1489 2695 1548 2716; x_wconf 90' lang='lat' dir='ltr'><strong>non</strong></span> <span class='ocrx_word' id='word_1_838' title='bbox 1576 2690 1644 2717; x_wconf 89' lang='lat' dir='ltr'><strong>ante</strong></span> <span class='ocrx_word' id='word_1_839' title='bbox 1669 2687 1780 2728; x_wconf 87' lang='lat' dir='ltr'><strong>apertis</strong></span> <span class='ocrx_word' id='word_1_840' title='bbox 1794 2689 1831 2719; x_wconf 89' lang='lat' dir='ltr'><strong>ab</strong></span> <span class='ocrx_word' id='word_1_841' title='bbox 1843 2699 1892 2727; x_wconf 87' lang='lat' dir='ltr'><strong>eo,</strong></span> 
     </span>
    </p>
   </div>
   <div class='ocr_carea' id='block_1_115' title="bbox 1070 2725 1895 2774">
    <p class='ocr_par' dir='ltr' id='par_1_115' title="bbox 1070 2725 1895 2774">
     <span class='ocr_line' id='line_1_116' title="bbox 1070 2725 1895 2774; baseline 0.01 -17"><span class='ocrx_word' id='word_1_842' title='bbox 1070 2725 1121 2766; x_wconf 92' lang='lat' dir='ltr'><strong>qui</strong></span> <span class='ocrx_word' id='word_1_843' title='bbox 1135 2731 1167 2758; x_wconf 92' lang='lat' dir='ltr'><strong>ut</strong></span> <span class='ocrx_word' id='word_1_844' title='bbox 1181 2736 1326 2759; x_wconf 81' lang='lat' dir='ltr'><strong>caecorum</strong></span> <span class='ocrx_word' id='word_1_845' title='bbox 1341 2729 1444 2761; x_wconf 90' lang='lat' dir='ltr'><strong>oculos</strong></span> <span class='ocrx_word' id='word_1_846' title='bbox 1454 2730 1593 2770; x_wconf 85' lang='lat' dir='ltr'><strong>aperiret,</strong></span> <span class='ocrx_word' id='word_1_847' title='bbox 1606 2725 1769 2764; x_wconf 79' lang='lat' dir='ltr'><strong>humanum</strong></span> <span class='ocrx_word' id='word_1_848' title='bbox 1784 2725 1895 2774; x_wconf 82' lang='lat' dir='ltr'><strong>corpus</strong></span> 
     </span>
    </p>
   </div>
  </div>
