  <div class='ocr_page' id='page_1' title='image "/cluster/home/n/w/nwhite01/storage/ocr_20150623/120/njp.32101010943973/314.png"; bbox 0 0 1978 3078; ppageno 0'>
   <div class='ocr_carea' id='block_1_1' title="bbox 67 151 138 182">
    <p class='ocr_par' dir='ltr' id='par_1_1' title="bbox 67 151 138 182">
     <span class='ocr_line' id='line_1_1' title="bbox 67 151 138 182; baseline 0 0"><span class='ocrx_word' id='word_1_1' title='bbox 67 151 138 182; x_wconf 78' lang='grc'><strong>465</strong></span> 
     </span>
    </p>
   </div>
   <div class='ocr_carea' id='block_1_2' title="bbox 789 156 1061 187">
    <p class='ocr_par' dir='ltr' id='par_1_2' title="bbox 789 156 1061 187">
     <span class='ocr_line' id='line_1_2' title="bbox 789 156 1061 187; baseline 0 -1"><span class='ocrx_word' id='word_1_2' title='bbox 789 156 930 187; x_wconf 80' lang='lat' dir='ltr'><strong>ORATIO</strong></span> <span class='ocrx_word' id='word_1_3' title='bbox 952 156 1061 187; x_wconf 85' lang='lat' dir='ltr'><strong>XXIX.</strong></span> 
     </span>
    </p>
   </div>
   <div class='ocr_carea' id='block_1_3' title="bbox 1709 159 1768 191">
    <p class='ocr_par' dir='ltr' id='par_1_3' title="bbox 1709 159 1768 191">
     <span class='ocr_line' id='line_1_3' title="bbox 1709 159 1768 191; baseline 0 0"><span class='ocrx_word' id='word_1_4' title='bbox 1709 159 1768 191; x_wconf 74' lang='lat'><strong>466</strong></span> 
     </span>
    </p>
   </div>
   <div class='ocr_carea' id='block_1_4' title="bbox 69 219 1772 265">
    <p class='ocr_par' dir='ltr' id='par_1_4' title="bbox 69 219 1772 265">
     <span class='ocr_line' id='line_1_4' title="bbox 69 219 1772 265; baseline 0.004 -16"><span class='ocrx_word' id='word_1_5' title='bbox 69 219 256 265; x_wconf 80' lang='lat' dir='ltr'><strong>assumpsit,</strong></span> <span class='ocrx_word' id='word_1_6' title='bbox 275 228 334 250; x_wconf 91' lang='lat' dir='ltr'><strong>non</strong></span> <span class='ocrx_word' id='word_1_7' title='bbox 351 223 446 260; x_wconf 89' lang='lat' dir='ltr'><strong>potest</strong></span> <span class='ocrx_word' id='word_1_8' title='bbox 474 230 531 251; x_wconf 91' lang='lat' dir='ltr'><strong>non</strong></span> <span class='ocrx_word' id='word_1_9' title='bbox 560 221 635 252; x_wconf 86' lang='lat' dir='ltr'><strong>viam</strong></span> <span class='ocrx_word' id='word_1_10' title='bbox 654 222 741 261; x_wconf 88' lang='lat' dir='ltr'><strong>hujus</strong></span> <span class='ocrx_word' id='word_1_11' title='bbox 757 222 823 253; x_wconf 66' lang='lat' dir='ltr'><strong>vitae</strong></span> <span class='ocrx_word' id='word_1_12' title='bbox 838 231 904 252; x_wconf 82' lang='lat' dir='ltr'><strong>car-</strong></span> <span class='ocrx_word' id='word_1_13' title='bbox 916 226 937 250; x_wconf 78' lang='grc' dir='ltr'><strong>Α</strong></span> <span class='ocrx_word' id='word_1_14' title='bbox 949 222 1056 252; x_wconf 90' lang='lat' dir='ltr'><strong>tiamus</strong></span> <span class='ocrx_word' id='word_1_15' title='bbox 1070 223 1221 260; x_wconf 90' lang='lat' dir='ltr'><strong>omnibus,</strong></span> <span class='ocrx_word' id='word_1_16' title='bbox 1254 228 1286 253; x_wconf 80' lang='lat' dir='ltr'><strong>et</strong></span> <span class='ocrx_word' id='word_1_17' title='bbox 1310 223 1345 253; x_wconf 87' lang='lat' dir='ltr'><strong>ad</strong></span> <span class='ocrx_word' id='word_1_18' title='bbox 1375 228 1528 263; x_wconf 80' lang='lat' dir='ltr'><strong>angustam</strong></span> <span class='ocrx_word' id='word_1_19' title='bbox 1553 228 1642 265; x_wconf 88' lang='lat' dir='ltr'><strong>atque</strong></span> <span class='ocrx_word' id='word_1_20' title='bbox 1658 228 1772 256; x_wconf 83' lang='lat' dir='ltr'><strong>arctam</strong></span> 
     </span>
    </p>
   </div>
   <div class='ocr_carea' id='block_1_5' title="bbox 70 263 906 304">
    <p class='ocr_par' dir='ltr' id='par_1_5' title="bbox 70 263 906 304">
     <span class='ocr_line' id='line_1_5' title="bbox 70 263 906 304; baseline 0.005 -11"><span class='ocrx_word' id='word_1_21' title='bbox 70 263 183 302; x_wconf 88' lang='lat' dir='ltr'><strong>pendo</strong></span> <span class='ocrx_word' id='word_1_22' title='bbox 199 264 374 304; x_wconf 83' lang='lat' dir='ltr'><strong>delinquere</strong></span> <span class='ocrx_word' id='word_1_23' title='bbox 393 274 398 296; x_wconf 90' lang='lat'><strong>:</strong></span> <span class='ocrx_word' id='word_1_24' title='bbox 431 265 527 296; x_wconf 85' lang='lat' dir='ltr'><strong>adhuc</strong></span> <span class='ocrx_word' id='word_1_25' title='bbox 544 266 624 296; x_wconf 91' lang='lat' dir='ltr'><strong>enim</strong></span> <span class='ocrx_word' id='word_1_26' title='bbox 643 276 740 297; x_wconf 63' lang='lat' dir='ltr'><strong>caecus</strong></span> <span class='ocrx_word' id='word_1_27' title='bbox 755 270 811 301; x_wconf 85' lang='lat' dir='ltr'><strong>est,</strong></span> <span class='ocrx_word' id='word_1_28' title='bbox 827 271 855 297; x_wconf 90' lang='lat' dir='ltr'><strong>et</strong></span> <span class='ocrx_word' id='word_1_29' title='bbox 870 266 906 297; x_wconf 91' lang='lat' dir='ltr'><strong>ad</strong></span> 
     </span>
    </p>
   </div>
   <div class='ocr_carea' id='block_1_6' title="bbox 67 307 907 348">
    <p class='ocr_par' dir='ltr' id='par_1_6' title="bbox 67 307 907 348">
     <span class='ocr_line' id='line_1_6' title="bbox 67 307 907 348; baseline 0.006 -11"><span class='ocrx_word' id='word_1_30' title='bbox 67 307 106 338; x_wconf 88' lang='lat' dir='ltr'><strong>id</strong></span> <span class='ocrx_word' id='word_1_31' title='bbox 125 307 210 347; x_wconf 85' lang='lat' dir='ltr'><strong>quod</strong></span> <span class='ocrx_word' id='word_1_32' title='bbox 228 309 345 348; x_wconf 85' lang='lat' dir='ltr'><strong>proprie</strong></span> <span class='ocrx_word' id='word_1_33' title='bbox 362 309 469 339; x_wconf 86' lang='lat' dir='ltr'><strong>malum</strong></span> <span class='ocrx_word' id='word_1_34' title='bbox 488 314 543 346; x_wconf 91' lang='lat' dir='ltr'><strong>est,</strong></span> <span class='ocrx_word' id='word_1_35' title='bbox 560 319 576 340; x_wconf 90' lang='lat' dir='ltr'><strong>a</strong></span> <span class='ocrx_word' id='word_1_36' title='bbox 604 310 681 341; x_wconf 91' lang='lat' dir='ltr'><strong>bono</strong></span> <span class='ocrx_word' id='word_1_37' title='bbox 699 311 907 342; x_wconf 90' lang='lat' dir='ltr'><strong>internoscen-</strong></span> 
     </span>
    </p>
   </div>
   <div class='ocr_carea' id='block_1_7' title="bbox 71 351 906 394">
    <p class='ocr_par' dir='ltr' id='par_1_7' title="bbox 71 351 906 394">
     <span class='ocr_line' id='line_1_7' title="bbox 71 351 906 394; baseline 0.006 -13"><span class='ocrx_word' id='word_1_38' title='bbox 71 351 153 381; x_wconf 89' lang='lat' dir='ltr'><strong>dum</strong></span> <span class='ocrx_word' id='word_1_39' title='bbox 172 361 302 391; x_wconf 90' lang='lat' dir='ltr'><strong>superno</strong></span> <span class='ocrx_word' id='word_1_40' title='bbox 319 353 480 393; x_wconf 90' lang='lat' dir='ltr'><strong>divinoque</strong></span> <span class='ocrx_word' id='word_1_41' title='bbox 507 354 631 394; x_wconf 82' lang='lat' dir='ltr'><strong>lumine,</strong></span> <span class='ocrx_word' id='word_1_42' title='bbox 647 364 720 394; x_wconf 88' lang='lat' dir='ltr'><strong>opus</strong></span> <span class='ocrx_word' id='word_1_43' title='bbox 737 355 835 386; x_wconf 81' lang='lat' dir='ltr'><strong>habet.</strong></span> <span class='ocrx_word' id='word_1_44' title='bbox 863 355 906 386; x_wconf 88' lang='lat' dir='ltr'><strong>Ab</strong></span> 
     </span>
    </p>
   </div>
   <div class='ocr_carea' id='block_1_8' title="bbox 72 396 907 440">
    <p class='ocr_par' dir='ltr' id='par_1_8' title="bbox 72 396 907 440">
     <span class='ocr_line' id='line_1_8' title="bbox 72 396 907 440; baseline 0.006 -15"><span class='ocrx_word' id='word_1_45' title='bbox 72 396 167 440; x_wconf 65' lang='lat' dir='ltr'><strong>omni</strong></span> <span class='ocrx_word' id='word_1_46' title='bbox 185 396 273 435; x_wconf 83' lang='lat' dir='ltr'><strong>igitur</strong></span> <span class='ocrx_word' id='word_1_47' title='bbox 301 402 443 437; x_wconf 88' lang='lat' dir='ltr'><strong>peccante</strong></span> <span class='ocrx_word' id='word_1_48' title='bbox 475 399 536 429; x_wconf 74' lang='lat' dir='ltr'><strong>haec</strong></span> <span class='ocrx_word' id='word_1_49' title='bbox 565 403 690 439; x_wconf 76' lang='lat' dir='ltr'><strong>quatuor</strong></span> <span class='ocrx_word' id='word_1_50' title='bbox 704 400 907 440; x_wconf 88' lang='lat' dir='ltr'><strong>requiruntur.</strong></span> 
     </span>
    </p>
   </div>
   <div class='ocr_carea' id='block_1_9' title="bbox 72 439 909 484">
    <p class='ocr_par' dir='ltr' id='par_1_9' title="bbox 72 439 909 484">
     <span class='ocr_line' id='line_1_9' title="bbox 72 439 909 484; baseline 0.005 -14"><span class='ocrx_word' id='word_1_51' title='bbox 72 439 114 471; x_wconf 89' lang='lat' dir='ltr'><strong>Ut</strong></span> <span class='ocrx_word' id='word_1_52' title='bbox 130 445 295 479; x_wconf 80' lang='lat' dir='ltr'><strong>cognoscat</strong></span> <span class='ocrx_word' id='word_1_53' title='bbox 305 442 384 472; x_wconf 89' lang='lat' dir='ltr'><strong>unde</strong></span> <span class='ocrx_word' id='word_1_54' title='bbox 397 443 658 481; x_wconf 85' lang='lat' dir='ltr'><strong>priveturlumine,</strong></span> <span class='ocrx_word' id='word_1_55' title='bbox 672 439 794 474; x_wconf 83' lang='lat' dir='ltr'><strong>edoctus</strong></span> <span class='ocrx_word' id='word_1_56' title='bbox 806 448 909 484; x_wconf 80' lang='lat' dir='ltr'><strong>myste—</strong></span> 
     </span>
    </p>
   </div>
   <div class='ocr_carea' id='block_1_10' title="bbox 70 484 910 528">
    <p class='ocr_par' dir='ltr' id='par_1_10' title="bbox 70 484 910 528">
     <span class='ocr_line' id='line_1_10' title="bbox 70 484 910 528; baseline 0.005 -13"><span class='ocrx_word' id='word_1_57' title='bbox 70 484 174 523; x_wconf 85' lang='lat' dir='ltr'><strong>rium,</strong></span> <span class='ocrx_word' id='word_1_58' title='bbox 192 495 230 516; x_wconf 88' lang='lat' dir='ltr'><strong>ne</strong></span> <span class='ocrx_word' id='word_1_59' title='bbox 245 486 283 517; x_wconf 94' lang='lat' dir='ltr'><strong>sit</strong></span> <span class='ocrx_word' id='word_1_60' title='bbox 299 486 447 526; x_wconf 90' lang='lat' dir='ltr'><strong>stupidus.</strong></span> <span class='ocrx_word' id='word_1_61' title='bbox 465 486 616 518; x_wconf 80' lang='lat' dir='ltr'><strong>Confessio</strong></span> <span class='ocrx_word' id='word_1_62' title='bbox 625 492 824 528; x_wconf 74' lang='lat' dir='ltr'><strong>peccatorum,</strong></span> <span class='ocrx_word' id='word_1_63' title='bbox 836 489 910 518; x_wconf 90' lang='lat' dir='ltr'><strong>utsit</strong></span> 
     </span>
    </p>
   </div>
   <div class='ocr_carea' id='block_1_11' title="bbox 70 531 907 573">
    <p class='ocr_par' dir='ltr' id='par_1_11' title="bbox 70 531 907 573">
     <span class='ocr_line' id='line_1_11' title="bbox 70 531 907 573; baseline 0.004 -13"><span class='ocrx_word' id='word_1_64' title='bbox 70 538 184 561; x_wconf 88' lang='lat' dir='ltr'><strong>verus.</strong></span> <span class='ocrx_word' id='word_1_65' title='bbox 202 531 281 569; x_wconf 88' lang='lat' dir='ltr'><strong>Fuga</strong></span> <span class='ocrx_word' id='word_1_66' title='bbox 297 531 489 561; x_wconf 86' lang='lat' dir='ltr'><strong>occasionum</strong></span> <span class='ocrx_word' id='word_1_67' title='bbox 506 536 535 562; x_wconf 90' lang='lat' dir='ltr'><strong>et</strong></span> <span class='ocrx_word' id='word_1_68' title='bbox 561 541 731 573; x_wconf 80' lang='lat' dir='ltr'><strong>causarum,</strong></span> <span class='ocrx_word' id='word_1_69' title='bbox 748 533 855 572; x_wconf 83' lang='lat' dir='ltr'><strong>quibus</strong></span> <span class='ocrx_word' id='word_1_70' title='bbox 870 533 907 563; x_wconf 90' lang='lat' dir='ltr'><strong>ad</strong></span> 
     </span>
    </p>
   </div>
   <div class='ocr_carea' id='block_1_12' title="bbox 72 573 906 617">
    <p class='ocr_par' dir='ltr' id='par_1_12' title="bbox 72 573 906 617">
     <span class='ocr_line' id='line_1_12' title="bbox 72 573 906 617; baseline 0.004 -12"><span class='ocrx_word' id='word_1_71' title='bbox 72 573 267 613; x_wconf 85' lang='lat' dir='ltr'><strong>peccandum</strong></span> <span class='ocrx_word' id='word_1_72' title='bbox 284 574 460 614; x_wconf 77' lang='lat' dir='ltr'><strong>impellitur,</strong></span> <span class='ocrx_word' id='word_1_73' title='bbox 478 584 515 605; x_wconf 90' lang='lat' dir='ltr'><strong>ne</strong></span> <span class='ocrx_word' id='word_1_74' title='bbox 530 575 568 606; x_wconf 94' lang='lat' dir='ltr'><strong>sit</strong></span> <span class='ocrx_word' id='word_1_75' title='bbox 584 576 690 607; x_wconf 90' lang='lat' dir='ltr'><strong>stultus</strong></span> <span class='ocrx_word' id='word_1_76' title='bbox 706 582 736 606; x_wconf 85' lang='lat' dir='ltr'><strong>et</strong></span> <span class='ocrx_word' id='word_1_77' title='bbox 750 577 906 617; x_wconf 82' lang='lat' dir='ltr'><strong>insipiens.</strong></span> 
     </span>
    </p>
   </div>
   <div class='ocr_carea' id='block_1_13' title="bbox 74 619 906 659">
    <p class='ocr_par' dir='ltr' id='par_1_13' title="bbox 74 619 906 659">
     <span class='ocr_line' id='line_1_13' title="bbox 74 619 906 659; baseline 0.005 -12"><span class='ocrx_word' id='word_1_78' title='bbox 74 620 250 655; x_wconf 82' lang='lat' dir='ltr'><strong>Postremo,</strong></span> <span class='ocrx_word' id='word_1_79' title='bbox 268 623 300 649; x_wconf 90' lang='lat' dir='ltr'><strong>ut</strong></span> <span class='ocrx_word' id='word_1_80' title='bbox 315 619 464 650; x_wconf 89' lang='lat' dir='ltr'><strong>medicum</strong></span> <span class='ocrx_word' id='word_1_81' title='bbox 481 623 561 659; x_wconf 90' lang='lat' dir='ltr'><strong>petat</strong></span> <span class='ocrx_word' id='word_1_82' title='bbox 588 629 605 650; x_wconf 88' lang='lat' dir='ltr'><strong>a</strong></span> <span class='ocrx_word' id='word_1_83' title='bbox 631 620 694 650; x_wconf 81' lang='lat' dir='ltr'><strong>solo</strong></span> <span class='ocrx_word' id='word_1_84' title='bbox 710 620 826 651; x_wconf 87' lang='lat' dir='ltr'><strong>Christo</strong></span> <span class='ocrx_word' id='word_1_85' title='bbox 842 630 906 652; x_wconf 88' lang='lat' dir='ltr'><strong>ine—</strong></span> 
     </span>
    </p>
   </div>
   <div class='ocr_carea' id='block_1_14' title="bbox 74 661 908 705">
    <p class='ocr_par' dir='ltr' id='par_1_14' title="bbox 74 661 908 705">
     <span class='ocr_line' id='line_1_14' title="bbox 74 661 908 705; baseline 0.004 -13"><span class='ocrx_word' id='word_1_86' title='bbox 74 661 163 702; x_wconf 89' lang='lat' dir='ltr'><strong>dico,</strong></span> <span class='ocrx_word' id='word_1_87' title='bbox 181 662 231 702; x_wconf 86' lang='lat' dir='ltr'><strong>qui</strong></span> <span class='ocrx_word' id='word_1_88' title='bbox 247 663 390 694; x_wconf 84' lang='lat' dir='ltr'><strong>contritus</strong></span> <span class='ocrx_word' id='word_1_89' title='bbox 406 668 501 700; x_wconf 88' lang='lat' dir='ltr'><strong>sanat,</strong></span> <span class='ocrx_word' id='word_1_90' title='bbox 519 668 547 694; x_wconf 89' lang='lat' dir='ltr'><strong>et</strong></span> <span class='ocrx_word' id='word_1_91' title='bbox 575 664 664 694; x_wconf 89' lang='lat' dir='ltr'><strong>modo</strong></span> <span class='ocrx_word' id='word_1_92' title='bbox 681 665 809 705; x_wconf 90' lang='lat' dir='ltr'><strong>quodam</strong></span> <span class='ocrx_word' id='word_1_93' title='bbox 826 665 908 695; x_wconf 85' lang='lat' dir='ltr'><strong>inex-</strong></span> 
     </span>
    </p>
   </div>
   <div class='ocr_carea' id='block_1_15' title="bbox 74 706 907 748">
    <p class='ocr_par' dir='ltr' id='par_1_15' title="bbox 74 706 907 748">
     <span class='ocr_line' id='line_1_15' title="bbox 74 706 907 748; baseline 0.005 -12"><span class='ocrx_word' id='word_1_94' title='bbox 74 706 213 746; x_wconf 88' lang='lat' dir='ltr'><strong>plicabili</strong></span> <span class='ocrx_word' id='word_1_95' title='bbox 229 707 424 738; x_wconf 82' lang='lat' dir='ltr'><strong>contritiones</strong></span> <span class='ocrx_word' id='word_1_96' title='bbox 440 708 550 748; x_wconf 79' lang='lat' dir='ltr'><strong>alligat,</strong></span> <span class='ocrx_word' id='word_1_97' title='bbox 568 708 699 748; x_wconf 87' lang='lat' dir='ltr'><strong>dicitque</strong></span> <span class='ocrx_word' id='word_1_98' title='bbox 713 718 719 738; x_wconf 96' lang='lat'>:</span> <span class='ocrx_word' id='word_1_99' title='bbox 747 709 839 740; x_wconf 73' lang='lat' dir='ltr'><strong>Fides</strong></span> <span class='ocrx_word' id='word_1_100' title='bbox 855 713 907 740; x_wconf 82' lang='lat' dir='ltr'><strong>tua</strong></span> 
     </span>
    </p>
   </div>
   <div class='ocr_carea' id='block_1_16' title="bbox 75 750 908 793">
    <p class='ocr_par' dir='ltr' id='par_1_16' title="bbox 75 750 908 793">
     <span class='ocr_line' id='line_1_16' title="bbox 75 750 908 793; baseline 0.004 -12"><span class='ocrx_word' id='word_1_101' title='bbox 75 754 105 781; x_wconf 78' lang='lat' dir='ltr'><strong>te</strong></span> <span class='ocrx_word' id='word_1_102' title='bbox 114 750 239 782; x_wconf 80' lang='lat' dir='ltr'><strong>salvum</strong></span> <span class='ocrx_word' id='word_1_103' title='bbox 248 753 330 790; x_wconf 78' lang='lat' dir='ltr'><strong>fecit,</strong></span> <span class='ocrx_word' id='word_1_104' title='bbox 348 753 423 783; x_wconf 77' lang='lat' dir='ltr'><strong>vade</strong></span> <span class='ocrx_word' id='word_1_105' title='bbox 437 754 467 783; x_wconf 85' lang='lat' dir='ltr'><strong>in</strong></span> <span class='ocrx_word' id='word_1_106' title='bbox 480 762 556 792; x_wconf 83' lang='lat' dir='ltr'><strong>pace</strong></span> <span class='ocrx_word' id='word_1_107' title='bbox 568 753 611 782; x_wconf 64' lang='lat' dir='ltr'><strong>t9:</strong></span> <span class='ocrx_word' id='word_1_108' title='bbox 631 753 741 793; x_wconf 83' lang='lat' dir='ltr'><strong>alioqui</strong></span> <span class='ocrx_word' id='word_1_109' title='bbox 756 754 833 783; x_wconf 87' lang='lat' dir='ltr'><strong>enim</strong></span> <span class='ocrx_word' id='word_1_110' title='bbox 852 754 908 784; x_wconf 88' lang='lat' dir='ltr'><strong>vita</strong></span> 
     </span>
    </p>
   </div>
   <div class='ocr_carea' id='block_1_17' title="bbox 71 794 906 838">
    <p class='ocr_par' dir='ltr' id='par_1_17' title="bbox 71 794 906 838">
     <span class='ocr_line' id='line_1_17' title="bbox 71 794 906 838; baseline 0.004 -13"><span class='ocrx_word' id='word_1_111' title='bbox 71 794 106 825; x_wconf 90' lang='lat' dir='ltr'><strong>in</strong></span> <span class='ocrx_word' id='word_1_112' title='bbox 124 804 211 835; x_wconf 84' lang='lat' dir='ltr'><strong>pace,</strong></span> <span class='ocrx_word' id='word_1_113' title='bbox 230 795 363 836; x_wconf 90' lang='lat' dir='ltr'><strong>citraque</strong></span> <span class='ocrx_word' id='word_1_114' title='bbox 378 797 479 837; x_wconf 89' lang='lat' dir='ltr'><strong>lapsus</strong></span> <span class='ocrx_word' id='word_1_115' title='bbox 509 797 576 836; x_wconf 87' lang='lat' dir='ltr'><strong>degi</strong></span> <span class='ocrx_word' id='word_1_116' title='bbox 604 807 662 828; x_wconf 91' lang='lat' dir='ltr'><strong>non</strong></span> <span class='ocrx_word' id='word_1_117' title='bbox 679 802 786 838; x_wconf 84' lang='lat' dir='ltr'><strong>potest.</strong></span> <span class='ocrx_word' id='word_1_118' title='bbox 802 797 843 828; x_wconf 85' lang='lat' dir='ltr'><strong>Ex</strong></span> <span class='ocrx_word' id='word_1_119' title='bbox 859 798 906 828; x_wconf 87' lang='lat' dir='ltr'><strong>his</strong></span> 
     </span>
    </p>
   </div>
   <div class='ocr_carea' id='block_1_18' title="bbox 73 841 904 882">
    <p class='ocr_par' dir='ltr' id='par_1_18' title="bbox 73 841 904 882">
     <span class='ocr_line' id='line_1_18' title="bbox 73 841 904 882; baseline 0.005 -12"><span class='ocrx_word' id='word_1_120' title='bbox 73 841 210 881; x_wconf 90' lang='lat' dir='ltr'><strong>primum</strong></span> <span class='ocrx_word' id='word_1_121' title='bbox 226 841 299 872; x_wconf 91' lang='lat' dir='ltr'><strong>illud</strong></span> <span class='ocrx_word' id='word_1_122' title='bbox 313 842 422 873; x_wconf 88' lang='lat' dir='ltr'><strong>bonum</strong></span> <span class='ocrx_word' id='word_1_123' title='bbox 437 847 481 873; x_wconf 86' lang='lat' dir='ltr'><strong>est</strong></span> <span class='ocrx_word' id='word_1_124' title='bbox 495 855 502 881; x_wconf 85' lang='lat'>;</span> <span class='ocrx_word' id='word_1_125' title='bbox 519 843 682 874; x_wconf 90' lang='lat' dir='ltr'><strong>secundum</strong></span> <span class='ocrx_word' id='word_1_126' title='bbox 700 844 825 882; x_wconf 87' lang='lat' dir='ltr'><strong>melius;</strong></span> <span class='ocrx_word' id='word_1_127' title='bbox 843 848 904 874; x_wconf 90' lang='lat' dir='ltr'><strong>ter-</strong></span> 
     </span>
    </p>
   </div>
   <div class='ocr_carea' id='block_1_19' title="bbox 948 266 1770 310">
    <p class='ocr_par' dir='ltr' id='par_1_19' title="bbox 948 266 1770 310">
     <span class='ocr_line' id='line_1_19' title="bbox 948 266 1770 310; baseline 0.006 -15"><span class='ocrx_word' id='word_1_128' title='bbox 948 266 1022 296; x_wconf 88' lang='lat' dir='ltr'><strong>viam</strong></span> <span class='ocrx_word' id='word_1_129' title='bbox 1039 267 1239 305; x_wconf 81' lang='lat' dir='ltr'><strong>procedimus,</strong></span> <span class='ocrx_word' id='word_1_130' title='bbox 1259 272 1288 298; x_wconf 88' lang='lat' dir='ltr'><strong>et</strong></span> <span class='ocrx_word' id='word_1_131' title='bbox 1303 277 1320 298; x_wconf 92' lang='lat' dir='ltr'><strong>a</strong></span> <span class='ocrx_word' id='word_1_132' title='bbox 1335 268 1456 305; x_wconf 87' lang='lat' dir='ltr'><strong>mundo,</strong></span> <span class='ocrx_word' id='word_1_133' title='bbox 1471 269 1690 310; x_wconf 88' lang='lat' dir='ltr'><strong>mundanisque</strong></span> <span class='ocrx_word' id='word_1_134' title='bbox 1706 279 1770 301; x_wconf 87' lang='lat' dir='ltr'><strong>cor-</strong></span> 
     </span>
    </p>
   </div>
   <div class='ocr_carea' id='block_1_20' title="bbox 949 310 1771 352">
    <p class='ocr_par' dir='ltr' id='par_1_20' title="bbox 949 310 1771 352">
     <span class='ocr_line' id='line_1_20' title="bbox 949 310 1771 352; baseline 0.006 -12"><span class='ocrx_word' id='word_1_135' title='bbox 949 310 1090 350; x_wconf 90' lang='lat' dir='ltr'><strong>poraliter</strong></span> <span class='ocrx_word' id='word_1_136' title='bbox 1104 312 1323 351; x_wconf 90' lang='lat' dir='ltr'><strong>quodammodo</strong></span> <span class='ocrx_word' id='word_1_137' title='bbox 1338 317 1538 352; x_wconf 79' lang='lat' dir='ltr'><strong>amputamur,</strong></span> <span class='ocrx_word' id='word_1_138' title='bbox 1556 318 1584 344; x_wconf 91' lang='lat' dir='ltr'><strong>et</strong></span> <span class='ocrx_word' id='word_1_139' title='bbox 1599 313 1635 344; x_wconf 92' lang='lat' dir='ltr'><strong>ab</strong></span> <span class='ocrx_word' id='word_1_140' title='bbox 1650 313 1710 344; x_wconf 89' lang='lat' dir='ltr'><strong>alia</strong></span> <span class='ocrx_word' id='word_1_141' title='bbox 1725 323 1771 345; x_wconf 89' lang='lat' dir='ltr'><strong>re-</strong></span> 
     </span>
    </p>
   </div>
   <div class='ocr_carea' id='block_1_21' title="bbox 950 354 1769 394">
    <p class='ocr_par' dir='ltr' id='par_1_21' title="bbox 950 354 1769 394">
     <span class='ocr_line' id='line_1_21' title="bbox 950 354 1769 394; baseline 0.005 -10"><span class='ocrx_word' id='word_1_142' title='bbox 950 354 1048 394; x_wconf 87' lang='lat' dir='ltr'><strong>gione,</strong></span> <span class='ocrx_word' id='word_1_143' title='bbox 1067 355 1142 393; x_wconf 90' lang='lat' dir='ltr'><strong>loco,</strong></span> <span class='ocrx_word' id='word_1_144' title='bbox 1157 359 1186 386; x_wconf 82' lang='lat' dir='ltr'><strong>et</strong></span> <span class='ocrx_word' id='word_1_145' title='bbox 1201 355 1274 388; x_wconf 88' lang='lat' dir='ltr'><strong>urbe</strong></span> <span class='ocrx_word' id='word_1_146' title='bbox 1289 356 1325 386; x_wconf 88' lang='lat' dir='ltr'><strong>ad</strong></span> <span class='ocrx_word' id='word_1_147' title='bbox 1341 356 1428 387; x_wconf 86' lang='lat' dir='ltr'><strong>aliam</strong></span> <span class='ocrx_word' id='word_1_148' title='bbox 1446 357 1670 391; x_wconf 86' lang='lat' dir='ltr'><strong>habitationem.</strong></span> <span class='ocrx_word' id='word_1_149' title='bbox 1683 368 1769 388; x_wconf 87' lang='lat' dir='ltr'><strong>man-</strong></span> 
     </span>
    </p>
   </div>
   <div class='ocr_carea' id='block_1_22' title="bbox 951 399 1771 442">
    <p class='ocr_par' dir='ltr' id='par_1_22' title="bbox 951 399 1771 442">
     <span class='ocr_line' id='line_1_22' title="bbox 951 399 1771 442; baseline 0.005 -13"><span class='ocrx_word' id='word_1_150' title='bbox 951 399 1127 439; x_wconf 86' lang='lat' dir='ltr'><strong>sionemque</strong></span> <span class='ocrx_word' id='word_1_151' title='bbox 1142 399 1295 435; x_wconf 86' lang='lat' dir='ltr'><strong>abeuntes,</strong></span> <span class='ocrx_word' id='word_1_152' title='bbox 1314 401 1349 431; x_wconf 89' lang='lat' dir='ltr'><strong>ad</strong></span> <span class='ocrx_word' id='word_1_153' title='bbox 1366 401 1507 438; x_wconf 87' lang='lat' dir='ltr'><strong>stadium,</strong></span> <span class='ocrx_word' id='word_1_154' title='bbox 1538 402 1567 432; x_wconf 94' lang='lat' dir='ltr'><strong>in</strong></span> <span class='ocrx_word' id='word_1_155' title='bbox 1583 412 1641 442; x_wconf 91' lang='lat' dir='ltr'><strong>quo</strong></span> <span class='ocrx_word' id='word_1_156' title='bbox 1657 402 1771 433; x_wconf 88' lang='lat' dir='ltr'><strong>virtutis</strong></span> 
     </span>
    </p>
   </div>
   <div class='ocr_carea' id='block_1_23' title="bbox 949 443 1769 486">
    <p class='ocr_par' dir='ltr' id='par_1_23' title="bbox 949 443 1769 486">
     <span class='ocr_line' id='line_1_23' title="bbox 949 443 1769 486; baseline 0.006 -13"><span class='ocrx_word' id='word_1_157' title='bbox 949 443 1027 483; x_wconf 80' lang='lat' dir='ltr'><strong>viget</strong></span> <span class='ocrx_word' id='word_1_158' title='bbox 1042 444 1223 479; x_wconf 80' lang='lat' dir='ltr'><strong>exercitatio.</strong></span> <span class='ocrx_word' id='word_1_159' title='bbox 1242 445 1426 485; x_wconf 82' lang='lat' dir='ltr'><strong>devenimus,</strong></span> <span class='ocrx_word' id='word_1_160' title='bbox 1445 446 1676 486; x_wconf 86' lang='lat' dir='ltr'><strong>perinstitutum</strong></span> <span class='ocrx_word' id='word_1_161' title='bbox 1693 447 1769 485; x_wconf 65' lang='lat' dir='ltr'><strong>vitm,</strong></span> 
     </span>
    </p>
   </div>
   <div class='ocr_carea' id='block_1_24' title="bbox 951 489 1771 531">
    <p class='ocr_par' dir='ltr' id='par_1_24' title="bbox 951 489 1771 531">
     <span class='ocr_line' id='line_1_24' title="bbox 951 489 1771 531; baseline 0.005 -13"><span class='ocrx_word' id='word_1_162' title='bbox 951 492 979 518; x_wconf 89' lang='lat' dir='ltr'><strong>et</strong></span> <span class='ocrx_word' id='word_1_163' title='bbox 994 492 1104 519; x_wconf 70' lang='lat' dir='ltr'><strong>sanctm</strong></span> <span class='ocrx_word' id='word_1_164' title='bbox 1117 489 1238 519; x_wconf 82' lang='lat' dir='ltr'><strong>vivendi</strong></span> <span class='ocrx_word' id='word_1_165' title='bbox 1254 499 1388 519; x_wconf 86' lang='lat' dir='ltr'><strong>normam</strong></span> <span class='ocrx_word' id='word_1_166' title='bbox 1401 499 1453 530; x_wconf 88' lang='lat' dir='ltr'><strong>pro</strong></span> <span class='ocrx_word' id='word_1_167' title='bbox 1477 500 1530 520; x_wconf 88' lang='lat' dir='ltr'><strong>suo</strong></span> <span class='ocrx_word' id='word_1_168' title='bbox 1546 491 1673 531; x_wconf 89' lang='lat' dir='ltr'><strong>quisque</strong></span> <span class='ocrx_word' id='word_1_169' title='bbox 1688 491 1771 522; x_wconf 88' lang='lat' dir='ltr'><strong>arbi-</strong></span> 
     </span>
    </p>
   </div>
   <div class='ocr_carea' id='block_1_25' title="bbox 950 532 1771 570">
    <p class='ocr_par' dir='ltr' id='par_1_25' title="bbox 950 532 1771 570">
     <span class='ocr_line' id='line_1_25' title="bbox 950 532 1771 570; baseline 0.002 -6"><span class='ocrx_word' id='word_1_170' title='bbox 950 532 1007 564; x_wconf 89' lang='lat' dir='ltr'><strong>trio</strong></span> <span class='ocrx_word' id='word_1_171' title='bbox 1023 533 1207 570; x_wconf 88' lang='lat' dir='ltr'><strong>incedentes,</strong></span> <span class='ocrx_word' id='word_1_172' title='bbox 1223 537 1273 563; x_wconf 92' lang='lat' dir='ltr'><strong>aut</strong></span> <span class='ocrx_word' id='word_1_173' title='bbox 1298 534 1386 564; x_wconf 88' lang='lat' dir='ltr'><strong>etiam</strong></span> <span class='ocrx_word' id='word_1_174' title='bbox 1412 534 1625 570; x_wconf 73' lang='lat' dir='ltr'><strong>accelerantes.</strong></span> <span class='ocrx_word' id='word_1_175' title='bbox 1642 545 1771 566; x_wconf 89' lang='lat' dir='ltr'><strong>curren-</strong></span> 
     </span>
    </p>
   </div>
   <div class='ocr_carea' id='block_1_26' title="bbox 950 577 1771 617">
    <p class='ocr_par' dir='ltr' id='par_1_26' title="bbox 950 577 1771 617">
     <span class='ocr_line' id='line_1_26' title="bbox 950 577 1771 617; baseline 0.004 -10"><span class='ocrx_word' id='word_1_176' title='bbox 950 580 1052 617; x_wconf 86' lang='lat' dir='ltr'><strong>tesque</strong></span> <span class='ocrx_word' id='word_1_177' title='bbox 1081 581 1110 607; x_wconf 92' lang='lat' dir='ltr'><strong>et</strong></span> <span class='ocrx_word' id='word_1_178' title='bbox 1137 577 1268 617; x_wconf 77' lang='lat' dir='ltr'><strong>vestigiis</strong></span> <span class='ocrx_word' id='word_1_179' title='bbox 1297 578 1413 609; x_wconf 83' lang='lat' dir='ltr'><strong>Domini</strong></span> <span class='ocrx_word' id='word_1_180' title='bbox 1443 581 1534 609; x_wconf 69' lang='lat' dir='ltr'><strong>nostri</strong></span> <span class='ocrx_word' id='word_1_181' title='bbox 1562 581 1632 610; x_wconf 87' lang='lat' dir='ltr'><strong>Jesu</strong></span> <span class='ocrx_word' id='word_1_182' title='bbox 1661 579 1771 611; x_wconf 89' lang='lat' dir='ltr'><strong>Christi</strong></span> 
     </span>
    </p>
   </div>
   <div class='ocr_carea' id='block_1_27' title="bbox 950 621 1772 662">
    <p class='ocr_par' dir='ltr' id='par_1_27' title="bbox 950 621 1772 662">
     <span class='ocr_line' id='line_1_27' title="bbox 950 621 1772 662; baseline 0.005 -12"><span class='ocrx_word' id='word_1_183' title='bbox 950 622 1132 658; x_wconf 87' lang='lat' dir='ltr'><strong>insistentes,</strong></span> <span class='ocrx_word' id='word_1_184' title='bbox 1149 625 1181 651; x_wconf 89' lang='lat' dir='ltr'><strong>ut</strong></span> <span class='ocrx_word' id='word_1_185' title='bbox 1197 631 1233 652; x_wconf 89' lang='lat' dir='ltr'><strong>ne</strong></span> <span class='ocrx_word' id='word_1_186' title='bbox 1246 622 1372 662; x_wconf 84' lang='lat' dir='ltr'><strong>amplius</strong></span> <span class='ocrx_word' id='word_1_187' title='bbox 1382 621 1472 653; x_wconf 86' lang='lat' dir='ltr'><strong>rebus</strong></span> <span class='ocrx_word' id='word_1_188' title='bbox 1486 623 1627 661; x_wconf 78' lang='lat' dir='ltr'><strong>perituris</strong></span> <span class='ocrx_word' id='word_1_189' title='bbox 1643 623 1772 654; x_wconf 82' lang='lat' dir='ltr'><strong>delecte-</strong></span> 
     </span>
    </p>
   </div>
   <div class='ocr_carea' id='block_1_28' title="bbox 950 666 1770 707">
    <p class='ocr_par' dir='ltr' id='par_1_28' title="bbox 950 666 1770 707">
     <span class='ocr_line' id='line_1_28' title="bbox 950 666 1770 707; baseline 0.002 -11"><span class='ocrx_word' id='word_1_190' title='bbox 950 674 1026 703; x_wconf 91' lang='lat' dir='ltr'><strong>mur,</strong></span> <span class='ocrx_word' id='word_1_191' title='bbox 1044 670 1073 696; x_wconf 92' lang='lat' dir='ltr'><strong>et</strong></span> <span class='ocrx_word' id='word_1_192' title='bbox 1088 666 1221 696; x_wconf 84' lang='lat' dir='ltr'><strong>voluntas</strong></span> <span class='ocrx_word' id='word_1_193' title='bbox 1238 666 1336 696; x_wconf 89' lang='lat' dir='ltr'><strong>carnis</strong></span> <span class='ocrx_word' id='word_1_194' title='bbox 1367 667 1506 698; x_wconf 89' lang='lat' dir='ltr'><strong>voluntati</strong></span> <span class='ocrx_word' id='word_1_195' title='bbox 1523 668 1645 707; x_wconf 88' lang='lat' dir='ltr'><strong>spiritus</strong></span> <span class='ocrx_word' id='word_1_196' title='bbox 1660 668 1770 698; x_wconf 84' lang='lat' dir='ltr'><strong>subda-</strong></span> 
     </span>
    </p>
   </div>
   <div class='ocr_carea' id='block_1_29' title="bbox 949 709 1770 748">
    <p class='ocr_par' dir='ltr' id='par_1_29' title="bbox 949 709 1770 748">
     <span class='ocr_line' id='line_1_29' title="bbox 949 709 1770 748; baseline 0.004 -8"><span class='ocrx_word' id='word_1_197' title='bbox 949 714 1007 741; x_wconf 91' lang='lat' dir='ltr'><strong>tur.</strong></span> <span class='ocrx_word' id='word_1_198' title='bbox 1024 709 1139 740; x_wconf 87' lang='lat' dir='ltr'><strong>Idcirco</strong></span> <span class='ocrx_word' id='word_1_199' title='bbox 1154 720 1170 741; x_wconf 91' lang='lat' dir='ltr'><strong>e</strong></span> <span class='ocrx_word' id='word_1_200' title='bbox 1186 711 1297 741; x_wconf 86' lang='lat' dir='ltr'><strong>mundo</strong></span> <span class='ocrx_word' id='word_1_201' title='bbox 1312 711 1499 748; x_wconf 87' lang='lat' dir='ltr'><strong>secedenles,</strong></span> <span class='ocrx_word' id='word_1_202' title='bbox 1517 712 1615 742; x_wconf 79' lang='lat' dir='ltr'><strong>statim</strong></span> <span class='ocrx_word' id='word_1_203' title='bbox 1633 713 1770 743; x_wconf 87' lang='lat' dir='ltr'><strong>mandata</strong></span> 
     </span>
    </p>
   </div>
   <div class='ocr_carea' id='block_1_30' title="bbox 947 753 1772 796">
    <p class='ocr_par' dir='ltr' id='par_1_30' title="bbox 947 753 1772 796">
     <span class='ocr_line' id='line_1_30' title="bbox 947 753 1772 796; baseline 0.005 -12"><span class='ocrx_word' id='word_1_204' title='bbox 947 753 1065 784; x_wconf 90' lang='lat' dir='ltr'><strong>Domini</strong></span> <span class='ocrx_word' id='word_1_205' title='bbox 1082 755 1276 794; x_wconf 85' lang='lat' dir='ltr'><strong>capessimus,</strong></span> <span class='ocrx_word' id='word_1_206' title='bbox 1294 759 1324 785; x_wconf 87' lang='lat' dir='ltr'><strong>et</strong></span> <span class='ocrx_word' id='word_1_207' title='bbox 1339 755 1506 795; x_wconf 83' lang='lat' dir='ltr'><strong>ejusjussis</strong></span> <span class='ocrx_word' id='word_1_208' title='bbox 1517 755 1772 796; x_wconf 86' lang='lat' dir='ltr'><strong>obtemperantes,</strong></span> 
     </span>
    </p>
   </div>
   <div class='ocr_carea' id='block_1_31' title="bbox 946 798 1560 839">
    <p class='ocr_par' dir='ltr' id='par_1_31' title="bbox 946 798 1560 839">
     <span class='ocr_line' id='line_1_31' title="bbox 946 798 1560 839; baseline 0.002 -11"><span class='ocrx_word' id='word_1_209' title='bbox 946 798 1022 828; x_wconf 89' lang='lat' dir='ltr'><strong>viam</strong></span> <span class='ocrx_word' id='word_1_210' title='bbox 1039 799 1068 829; x_wconf 91' lang='lat' dir='ltr'><strong>in</strong></span> <span class='ocrx_word' id='word_1_211' title='bbox 1085 799 1192 829; x_wconf 71' lang='lat' dir='ltr'><strong>cmlum</strong></span> <span class='ocrx_word' id='word_1_212' title='bbox 1205 799 1348 829; x_wconf 79' lang='lat' dir='ltr'><strong>ferentem</strong></span> <span class='ocrx_word' id='word_1_213' title='bbox 1362 801 1560 839; x_wconf 89' lang='lat' dir='ltr'><strong>auspicamur.</strong></span> 
     </span>
    </p>
   </div>
   <div class='ocr_carea' id='block_1_32' title="bbox 986 843 1769 884">
    <p class='ocr_par' dir='ltr' id='par_1_32' title="bbox 986 843 1769 884">
     <span class='ocr_line' id='line_1_32' title="bbox 986 843 1769 884; baseline 0.003 -10"><span class='ocrx_word' id='word_1_214' title='bbox 986 843 1040 874; x_wconf 89' lang='lat' dir='ltr'><strong>llic</strong></span> <span class='ocrx_word' id='word_1_215' title='bbox 1056 853 1143 884; x_wconf 90' lang='lat' dir='ltr'><strong>porro</strong></span> <span class='ocrx_word' id='word_1_216' title='bbox 1160 843 1232 874; x_wconf 91' lang='lat' dir='ltr'><strong>mihi</strong></span> <span class='ocrx_word' id='word_1_217' title='bbox 1250 843 1432 884; x_wconf 87' lang='lat' dir='ltr'><strong>pensiculate</strong></span> <span class='ocrx_word' id='word_1_218' title='bbox 1444 845 1590 875; x_wconf 88' lang='lat' dir='ltr'><strong>dictorum</strong></span> <span class='ocrx_word' id='word_1_219' title='bbox 1598 845 1656 875; x_wconf 92' lang='lat' dir='ltr'><strong>vim</strong></span> <span class='ocrx_word' id='word_1_220' title='bbox 1673 845 1769 876; x_wconf 91' lang='lat' dir='ltr'><strong>consi-</strong></span> 
     </span>
    </p>
   </div>
   <div class='ocr_carea' id='block_1_33' title="bbox 74 885 1769 930">
    <p class='ocr_par' dir='ltr' id='par_1_33' title="bbox 74 885 1769 930">
     <span class='ocr_line' id='line_1_33' title="bbox 74 885 1769 930; baseline 0.002 -13"><span class='ocrx_word' id='word_1_221' title='bbox 74 885 155 917; x_wconf 89' lang='lat' dir='ltr'><strong>tium</strong></span> <span class='ocrx_word' id='word_1_222' title='bbox 171 887 359 926; x_wconf 79' lang='lat' dir='ltr'><strong>praestantius</strong></span> <span class='ocrx_word' id='word_1_223' title='bbox 375 899 383 923; x_wconf 86' lang='lat'><strong><em>;</em></strong></span> <span class='ocrx_word' id='word_1_224' title='bbox 401 891 537 927; x_wconf 87' lang='lat' dir='ltr'><strong>quartum</strong></span> <span class='ocrx_word' id='word_1_225' title='bbox 554 888 673 928; x_wconf 88' lang='lat' dir='ltr'><strong>proprie</strong></span> <span class='ocrx_word' id='word_1_226' title='bbox 689 887 810 925; x_wconf 87' lang='lat' dir='ltr'><strong>bonum,</strong></span> <span class='ocrx_word' id='word_1_227' title='bbox 823 893 904 920; x_wconf 87' lang='lat' dir='ltr'><strong>extra</strong></span> <span class='ocrx_word' id='word_1_228' title='bbox 915 885 934 909; x_wconf 83' lang='grc' dir='ltr'>Β</span> <span class='ocrx_word' id='word_1_229' title='bbox 947 888 1029 918; x_wconf 85' lang='lat' dir='ltr'><strong>dera.</strong></span> <span class='ocrx_word' id='word_1_230' title='bbox 1043 887 1171 918; x_wconf 81' lang='lat' dir='ltr'><strong>Informa</strong></span> <span class='ocrx_word' id='word_1_231' title='bbox 1183 888 1282 918; x_wconf 88' lang='lat' dir='ltr'><strong>animo</strong></span> <span class='ocrx_word' id='word_1_232' title='bbox 1294 888 1367 918; x_wconf 88' lang='lat' dir='ltr'><strong>viam</strong></span> <span class='ocrx_word' id='word_1_233' title='bbox 1377 888 1453 919; x_wconf 87' lang='lat' dir='ltr'><strong>bene</strong></span> <span class='ocrx_word' id='word_1_234' title='bbox 1465 889 1576 926; x_wconf 80' lang='lat' dir='ltr'><strong>tritam,</strong></span> <span class='ocrx_word' id='word_1_235' title='bbox 1586 890 1769 930; x_wconf 85' lang='lat' dir='ltr'><strong>quamlonga</strong></span> 
     </span>
    </p>
   </div>
   <div class='ocr_carea' id='block_1_34' title="bbox 75 929 1768 973">
    <p class='ocr_par' dir='ltr' id='par_1_34' title="bbox 75 929 1768 973">
     <span class='ocr_line' id='line_1_34' title="bbox 75 929 1768 973; baseline 0.003 -13"><span class='ocrx_word' id='word_1_236' title='bbox 75 929 160 970; x_wconf 91' lang='lat' dir='ltr'><strong>quod</strong></span> <span class='ocrx_word' id='word_1_237' title='bbox 177 940 236 961; x_wconf 87' lang='lat' dir='ltr'><strong>non</strong></span> <span class='ocrx_word' id='word_1_238' title='bbox 251 930 338 961; x_wconf 88' lang='lat' dir='ltr'><strong>datur</strong></span> <span class='ocrx_word' id='word_1_239' title='bbox 351 931 452 972; x_wconf 85' lang='lat' dir='ltr'><strong>salus;</strong></span> <span class='ocrx_word' id='word_1_240' title='bbox 480 936 513 963; x_wconf 89' lang='lat' dir='ltr'><strong>ut</strong></span> <span class='ocrx_word' id='word_1_241' title='bbox 529 933 593 963; x_wconf 89' lang='lat' dir='ltr'><strong>sine</strong></span> <span class='ocrx_word' id='word_1_242' title='bbox 610 933 704 963; x_wconf 89' lang='lat' dir='ltr'><strong>tribus</strong></span> <span class='ocrx_word' id='word_1_243' title='bbox 720 933 901 963; x_wconf 80' lang='lat' dir='ltr'><strong>antecedon-</strong></span> <span class='ocrx_word' id='word_1_244' title='bbox 945 937 999 970; x_wconf 85' lang='lat' dir='ltr'><strong>est,</strong></span> <span class='ocrx_word' id='word_1_245' title='bbox 1013 933 1138 971; x_wconf 83' lang='lat' dir='ltr'><strong>pedibus</strong></span> <span class='ocrx_word' id='word_1_246' title='bbox 1149 933 1264 964; x_wconf 77' lang='lat' dir='ltr'><strong>scilicet</strong></span> <span class='ocrx_word' id='word_1_247' title='bbox 1276 942 1377 964; x_wconf 89' lang='lat' dir='ltr'><strong>eorum</strong></span> <span class='ocrx_word' id='word_1_248' title='bbox 1392 933 1441 973; x_wconf 85' lang='lat' dir='ltr'><strong>qui</strong></span> <span class='ocrx_word' id='word_1_249' title='bbox 1455 929 1768 973; x_wconf 56' lang='lat' dir='ltr'><strong>prmcesseruntﬂinc</strong></span> 
     </span>
    </p>
   </div>
   <div class='ocr_carea' id='block_1_35' title="bbox 75 974 1770 1019">
    <p class='ocr_par' dir='ltr' id='par_1_35' title="bbox 75 974 1770 1019">
     <span class='ocr_line' id='line_1_35' title="bbox 75 974 1770 1019; baseline 0.002 -14"><span class='ocrx_word' id='word_1_250' title='bbox 75 974 160 1006; x_wconf 85' lang='lat' dir='ltr'><strong>tibus</strong></span> <span class='ocrx_word' id='word_1_251' title='bbox 190 979 327 1014; x_wconf 86' lang='lat' dir='ltr'><strong>quartum</strong></span> <span class='ocrx_word' id='word_1_252' title='bbox 369 976 425 1007; x_wconf 90' lang='lat' dir='ltr'><strong>hoc</strong></span> <span class='ocrx_word' id='word_1_253' title='bbox 468 977 602 1008; x_wconf 87' lang='lat' dir='ltr'><strong>Christus</strong></span> <span class='ocrx_word' id='word_1_254' title='bbox 644 979 759 1017; x_wconf 87' lang='lat' dir='ltr'><strong>operari</strong></span> <span class='ocrx_word' id='word_1_255' title='bbox 789 978 902 1018; x_wconf 90' lang='lat' dir='ltr'><strong>nequit.</strong></span> <span class='ocrx_word' id='word_1_256' title='bbox 943 976 1770 1019; x_wconf 83' lang='lat' dir='ltr'><strong>indemontes,silvas,rupesexcelsas,scopulosatque</strong></span> 
     </span>
    </p>
   </div>
   <div class='ocr_carea' id='block_1_36' title="bbox 74 1019 1767 1062">
    <p class='ocr_par' dir='ltr' id='par_1_36' title="bbox 74 1019 1767 1062">
     <span class='ocr_line' id='line_1_36' title="bbox 74 1019 1767 1062; baseline 0.002 -13"><span class='ocrx_word' id='word_1_257' title='bbox 74 1019 175 1050; x_wconf 86' lang='lat' dir='ltr'><strong>Valde</strong></span> <span class='ocrx_word' id='word_1_258' title='bbox 189 1019 337 1060; x_wconf 89' lang='lat' dir='ltr'><strong>siquidem</strong></span> <span class='ocrx_word' id='word_1_259' title='bbox 353 1030 427 1061; x_wconf 91' lang='lat' dir='ltr'><strong>opus</strong></span> <span class='ocrx_word' id='word_1_260' title='bbox 456 1021 555 1058; x_wconf 85' lang='lat' dir='ltr'><strong>habet,</strong></span> <span class='ocrx_word' id='word_1_261' title='bbox 586 1026 617 1052; x_wconf 93' lang='lat' dir='ltr'><strong>ut</strong></span> <span class='ocrx_word' id='word_1_262' title='bbox 647 1032 700 1052; x_wconf 89' lang='lat' dir='ltr'><strong>nos</strong></span> <span class='ocrx_word' id='word_1_263' title='bbox 725 1022 804 1062; x_wconf 69' lang='lat' dir='ltr'><strong>ipsos</strong></span> <span class='ocrx_word' id='word_1_264' title='bbox 822 1023 904 1062; x_wconf 90' lang='lat' dir='ltr'><strong>prius</strong></span> <span class='ocrx_word' id='word_1_265' title='bbox 944 1022 1035 1052; x_wconf 85' lang='lat' dir='ltr'><strong>valles</strong></span> <span class='ocrx_word' id='word_1_266' title='bbox 1046 1024 1184 1061; x_wconf 85' lang='lat' dir='ltr'><strong>concipe.</strong></span> <span class='ocrx_word' id='word_1_267' title='bbox 1199 1021 1270 1053; x_wconf 87' lang='lat' dir='ltr'><strong>Cum</strong></span> <span class='ocrx_word' id='word_1_268' title='bbox 1285 1022 1331 1052; x_wconf 85' lang='lat' dir='ltr'><strong>his</strong></span> <span class='ocrx_word' id='word_1_269' title='bbox 1344 1022 1538 1052; x_wconf 89' lang='lat' dir='ltr'><strong>nihilominus</strong></span> <span class='ocrx_word' id='word_1_270' title='bbox 1549 1032 1682 1062; x_wconf 80' lang='lat' dir='ltr'><strong>campos,</strong></span> <span class='ocrx_word' id='word_1_271' title='bbox 1701 1024 1767 1053; x_wconf 88' lang='lat' dir='ltr'><strong>lior-</strong></span> 
     </span>
    </p>
   </div>
   <div class='ocr_carea' id='block_1_37' title="bbox 75 1065 1767 1106">
    <p class='ocr_par' dir='ltr' id='par_1_37' title="bbox 75 1065 1767 1106">
     <span class='ocr_line' id='line_1_37' title="bbox 75 1065 1767 1106; baseline 0.002 -13"><span class='ocrx_word' id='word_1_272' title='bbox 75 1073 287 1104; x_wconf 82' lang='lat' dir='ltr'><strong>agnoscamus,</strong></span> <span class='ocrx_word' id='word_1_273' title='bbox 319 1074 376 1105; x_wconf 92' lang='lat' dir='ltr'><strong>quo</strong></span> <span class='ocrx_word' id='word_1_274' title='bbox 405 1066 512 1102; x_wconf 85' lang='lat' dir='ltr'><strong>sanati,</strong></span> <span class='ocrx_word' id='word_1_275' title='bbox 543 1066 649 1096; x_wconf 91' lang='lat' dir='ltr'><strong>demus</strong></span> <span class='ocrx_word' id='word_1_276' title='bbox 677 1066 801 1105; x_wconf 83' lang='lat' dir='ltr'><strong>gloriam</strong></span> <span class='ocrx_word' id='word_1_277' title='bbox 829 1068 898 1097; x_wconf 91' lang='lat' dir='ltr'><strong>Deo.</strong></span> <span class='ocrx_word' id='word_1_278' title='bbox 947 1071 1000 1101; x_wconf 85' lang='lat' dir='ltr'><strong>tos,</strong></span> <span class='ocrx_word' id='word_1_279' title='bbox 1019 1065 1082 1096; x_wconf 91' lang='lat' dir='ltr'><strong>loca</strong></span> <span class='ocrx_word' id='word_1_280' title='bbox 1095 1065 1227 1105; x_wconf 87' lang='lat' dir='ltr'><strong>jucunda</strong></span> <span class='ocrx_word' id='word_1_281' title='bbox 1242 1065 1437 1103; x_wconf 87' lang='lat' dir='ltr'><strong>clumbrosa,</strong></span> <span class='ocrx_word' id='word_1_282' title='bbox 1463 1066 1608 1106; x_wconf 82' lang='lat' dir='ltr'><strong>longeque</strong></span> <span class='ocrx_word' id='word_1_283' title='bbox 1623 1067 1767 1098; x_wconf 66' lang='lat' dir='ltr'><strong>amoenis-</strong></span> 
     </span>
    </p>
   </div>
   <div class='ocr_carea' id='block_1_38' title="bbox 75 1107 1768 1150">
    <p class='ocr_par' dir='ltr' id='par_1_38' title="bbox 75 1107 1768 1150">
     <span class='ocr_line' id='line_1_38' title="bbox 75 1107 1768 1150; baseline 0.002 -12"><span class='ocrx_word' id='word_1_284' title='bbox 75 1107 143 1144; x_wconf 90' lang='lat' dir='ltr'><strong>Quo</strong></span> <span class='ocrx_word' id='word_1_285' title='bbox 161 1108 240 1138; x_wconf 91' lang='lat' dir='ltr'><strong>enim</strong></span> <span class='ocrx_word' id='word_1_286' title='bbox 258 1113 342 1148; x_wconf 86' lang='lat' dir='ltr'><strong>pacto</strong></span> <span class='ocrx_word' id='word_1_287' title='bbox 357 1110 504 1150; x_wconf 88' lang='lat' dir='ltr'><strong>quispiam</strong></span> <span class='ocrx_word' id='word_1_288' title='bbox 521 1110 628 1150; x_wconf 87' lang='lat' dir='ltr'><strong>adepta</strong></span> <span class='ocrx_word' id='word_1_289' title='bbox 646 1111 771 1141; x_wconf 87' lang='lat' dir='ltr'><strong>sanitate</strong></span> <span class='ocrx_word' id='word_1_290' title='bbox 788 1111 903 1141; x_wconf 88' lang='lat' dir='ltr'><strong>medico</strong></span> <span class='ocrx_word' id='word_1_291' title='bbox 944 1110 1030 1145; x_wconf 90' lang='lat' dir='ltr'><strong>sima,</strong></span> <span class='ocrx_word' id='word_1_292' title='bbox 1048 1115 1075 1141; x_wconf 84' lang='lat' dir='ltr'><strong>et</strong></span> <span class='ocrx_word' id='word_1_293' title='bbox 1093 1110 1260 1148; x_wconf 84' lang='lat' dir='ltr'><strong>omnigenis</strong></span> <span class='ocrx_word' id='word_1_294' title='bbox 1278 1109 1425 1140; x_wconf 76' lang='lat' dir='ltr'><strong>fructibus</strong></span> <span class='ocrx_word' id='word_1_295' title='bbox 1441 1109 1634 1141; x_wconf 85' lang='lat' dir='ltr'><strong>abundantia.</strong></span> <span class='ocrx_word' id='word_1_296' title='bbox 1650 1111 1768 1142; x_wconf 87' lang='lat' dir='ltr'><strong>Deinde</strong></span> 
     </span>
    </p>
   </div>
   <div class='ocr_carea' id='block_1_39' title="bbox 73 1153 1767 1196">
    <p class='ocr_par' dir='ltr' id='par_1_39' title="bbox 73 1153 1767 1196">
     <span class='ocr_line' id='line_1_39' title="bbox 73 1153 1767 1196; baseline 0.002 -13"><span class='ocrx_word' id='word_1_297' title='bbox 73 1153 186 1192; x_wconf 88' lang='lat' dir='ltr'><strong>gratias</strong></span> <span class='ocrx_word' id='word_1_298' title='bbox 201 1157 278 1192; x_wconf 86' lang='lat' dir='ltr'><strong>agat,</strong></span> <span class='ocrx_word' id='word_1_299' title='bbox 295 1153 319 1184; x_wconf 93' lang='lat' dir='ltr'><strong>si</strong></span> <span class='ocrx_word' id='word_1_300' title='bbox 337 1154 431 1184; x_wconf 89' lang='lat' dir='ltr'><strong>morbi</strong></span> <span class='ocrx_word' id='word_1_301' title='bbox 445 1155 692 1195; x_wconf 86' lang='lat' dir='ltr'><strong>magnitudinem,</strong></span> <span class='ocrx_word' id='word_1_302' title='bbox 716 1155 900 1196; x_wconf 78' lang='lat' dir='ltr'><strong>gravitatem,</strong></span> <span class='ocrx_word' id='word_1_303' title='bbox 944 1154 1767 1191; x_wconf 85' lang='lat' dir='ltr'><strong>nonmediocrembestiarummultitudinem,latronum-</strong></span> 
     </span>
    </p>
   </div>
   <div class='ocr_carea' id='block_1_40' title="bbox 75 1198 1764 1239">
    <p class='ocr_par' dir='ltr' id='par_1_40' title="bbox 75 1198 1764 1239">
     <span class='ocr_line' id='line_1_40' title="bbox 75 1198 1764 1239; baseline 0.002 -12"><span class='ocrx_word' id='word_1_304' title='bbox 75 1201 106 1228; x_wconf 89' lang='lat' dir='ltr'><strong>et</strong></span> <span class='ocrx_word' id='word_1_305' title='bbox 121 1207 269 1228; x_wconf 89' lang='lat' dir='ltr'><strong>summam</strong></span> <span class='ocrx_word' id='word_1_306' title='bbox 286 1198 350 1238; x_wconf 88' lang='lat' dir='ltr'><strong>ejus</strong></span> <span class='ocrx_word' id='word_1_307' title='bbox 365 1199 536 1239; x_wconf 90' lang='lat' dir='ltr'><strong>depellendi</strong></span> <span class='ocrx_word' id='word_1_308' title='bbox 551 1199 753 1230; x_wconf 81' lang='lat' dir='ltr'><strong>difﬁcultatem</strong></span> <span class='ocrx_word' id='word_1_309' title='bbox 764 1205 832 1231; x_wconf 88' lang='lat' dir='ltr'><strong>ante</strong></span> <span class='ocrx_word' id='word_1_310' title='bbox 841 1209 900 1231; x_wconf 86' lang='lat' dir='ltr'><strong>non</strong></span> <span class='ocrx_word' id='word_1_311' title='bbox 943 1208 1012 1238; x_wconf 88' lang='lat' dir='ltr'><strong>que,</strong></span> <span class='ocrx_word' id='word_1_312' title='bbox 1022 1199 1232 1230; x_wconf 85' lang='lat' dir='ltr'><strong>etsicariorum</strong></span> <span class='ocrx_word' id='word_1_313' title='bbox 1245 1198 1350 1237; x_wconf 57' lang='lat' dir='ltr'><strong>globos</strong></span> <span class='ocrx_word' id='word_1_314' title='bbox 1363 1198 1486 1238; x_wconf 90' lang='lat' dir='ltr'><strong>perloca</strong></span> <span class='ocrx_word' id='word_1_315' title='bbox 1497 1199 1547 1229; x_wconf 86' lang='lat' dir='ltr'><strong>illa</strong></span> <span class='ocrx_word' id='word_1_316' title='bbox 1560 1199 1764 1236; x_wconf 88' lang='lat' dir='ltr'><strong>absconditos,</strong></span> 
     </span>
    </p>
   </div>
   <div class='ocr_carea' id='block_1_41' title="bbox 75 1242 1768 1282">
    <p class='ocr_par' dir='ltr' id='par_1_41' title="bbox 75 1242 1768 1282">
     <span class='ocr_line' id='line_1_41' title="bbox 75 1242 1768 1282; baseline 0.002 -10"><span class='ocrx_word' id='word_1_317' title='bbox 75 1242 263 1282; x_wconf 84' lang='lat' dir='ltr'><strong>perspexerit</strong></span> <span class='ocrx_word' id='word_1_318' title='bbox 279 1243 291 1272; x_wconf 72' lang='grc' dir='ltr'><strong><em>ἵ</em></strong></span> <span class='ocrx_word' id='word_1_319' title='bbox 319 1243 458 1280; x_wconf 84' lang='lat' dir='ltr'><strong>maxime,</strong></span> <span class='ocrx_word' id='word_1_320' title='bbox 490 1245 513 1274; x_wconf 89' lang='lat' dir='ltr'><strong>si</strong></span> <span class='ocrx_word' id='word_1_321' title='bbox 540 1244 565 1274; x_wconf 92' lang='lat' dir='ltr'><strong>is</strong></span> <span class='ocrx_word' id='word_1_322' title='bbox 579 1244 615 1274; x_wconf 88' lang='lat' dir='ltr'><strong>ab</strong></span> <span class='ocrx_word' id='word_1_323' title='bbox 632 1244 689 1274; x_wconf 86' lang='lat' dir='ltr'><strong>alio</strong></span> <span class='ocrx_word' id='word_1_324' title='bbox 710 1245 790 1275; x_wconf 93' lang='lat' dir='ltr'><strong>nullo</strong></span> <span class='ocrx_word' id='word_1_325' title='bbox 806 1246 901 1276; x_wconf 87' lang='lat' dir='ltr'><strong>medi-</strong></span> <span class='ocrx_word' id='word_1_326' title='bbox 943 1243 995 1274; x_wconf 74' lang='lat' dir='ltr'><strong>llis</strong></span> <span class='ocrx_word' id='word_1_327' title='bbox 1013 1244 1050 1274; x_wconf 89' lang='lat' dir='ltr'><strong>ita</strong></span> <span class='ocrx_word' id='word_1_328' title='bbox 1067 1253 1099 1274; x_wconf 87' lang='lat' dir='ltr'><strong>se</strong></span> <span class='ocrx_word' id='word_1_329' title='bbox 1114 1243 1302 1279; x_wconf 83' lang='lat' dir='ltr'><strong>habentibus,</strong></span> <span class='ocrx_word' id='word_1_330' title='bbox 1335 1253 1369 1274; x_wconf 73' lang='lat' dir='ltr'><strong>ex</strong></span> <span class='ocrx_word' id='word_1_331' title='bbox 1398 1244 1482 1274; x_wconf 88' lang='lat' dir='ltr'><strong>hisce</strong></span> <span class='ocrx_word' id='word_1_332' title='bbox 1500 1243 1573 1274; x_wconf 90' lang='lat' dir='ltr'><strong>locis</strong></span> <span class='ocrx_word' id='word_1_333' title='bbox 1602 1243 1702 1275; x_wconf 91' lang='lat' dir='ltr'><strong>nullus</strong></span> <span class='ocrx_word' id='word_1_334' title='bbox 1717 1249 1768 1275; x_wconf 89' lang='lat' dir='ltr'><strong>aut</strong></span> 
     </span>
    </p>
   </div>
   <div class='ocr_carea' id='block_1_42' title="bbox 75 1287 1762 1329">
    <p class='ocr_par' dir='ltr' id='par_1_42' title="bbox 75 1287 1762 1329">
     <span class='ocr_line' id='line_1_42' title="bbox 75 1287 1762 1329; baseline 0.001 -12"><span class='ocrx_word' id='word_1_335' title='bbox 75 1296 182 1318; x_wconf 91' lang='lat' dir='ltr'><strong>corum</strong></span> <span class='ocrx_word' id='word_1_336' title='bbox 198 1287 296 1318; x_wconf 89' lang='lat' dir='ltr'><strong>curari</strong></span> <span class='ocrx_word' id='word_1_337' title='bbox 322 1292 423 1327; x_wconf 87' lang='lat' dir='ltr'><strong>queat.</strong></span> <span class='ocrx_word' id='word_1_338' title='bbox 456 1291 587 1320; x_wconf 85' lang='lat' dir='ltr'><strong>Meretur</strong></span> <span class='ocrx_word' id='word_1_339' title='bbox 615 1289 694 1319; x_wconf 76' lang='lat' dir='ltr'><strong>enim</strong></span> <span class='ocrx_word' id='word_1_340' title='bbox 723 1289 901 1329; x_wconf 83' lang='lat' dir='ltr'><strong>supplicium</strong></span> <span class='ocrx_word' id='word_1_341' title='bbox 943 1287 1088 1318; x_wconf 86' lang='lat' dir='ltr'><strong>incscabit</strong></span> <span class='ocrx_word' id='word_1_342' title='bbox 1103 1297 1169 1325; x_wconf 90' lang='lat' dir='ltr'><strong>nos,</strong></span> <span class='ocrx_word' id='word_1_343' title='bbox 1186 1296 1367 1326; x_wconf 82' lang='lat' dir='ltr'><strong>sensumque</strong></span> <span class='ocrx_word' id='word_1_344' title='bbox 1393 1292 1526 1318; x_wconf 88' lang='lat' dir='ltr'><strong>nostrum</strong></span> <span class='ocrx_word' id='word_1_345' title='bbox 1555 1288 1762 1327; x_wconf 90' lang='lat' dir='ltr'><strong>commovebit,</strong></span> 
     </span>
    </p>
   </div>
   <div class='ocr_carea' id='block_1_43' title="bbox 76 1330 1764 1373">
    <p class='ocr_par' dir='ltr' id='par_1_43' title="bbox 76 1330 1764 1373">
     <span class='ocr_line' id='line_1_43' title="bbox 76 1330 1764 1373; baseline 0.002 -12"><span class='ocrx_word' id='word_1_346' title='bbox 76 1330 274 1372; x_wconf 88' lang='lat' dir='ltr'><strong>dirissimum,</strong></span> <span class='ocrx_word' id='word_1_347' title='bbox 304 1332 355 1372; x_wconf 92' lang='lat' dir='ltr'><strong>qui</strong></span> <span class='ocrx_word' id='word_1_348' title='bbox 385 1337 504 1364; x_wconf 89' lang='lat' dir='ltr'><strong>curatus</strong></span> <span class='ocrx_word' id='word_1_349' title='bbox 533 1333 648 1363; x_wconf 90' lang='lat' dir='ltr'><strong>medico</strong></span> <span class='ocrx_word' id='word_1_350' title='bbox 677 1342 729 1373; x_wconf 91' lang='lat' dir='ltr'><strong>pro</strong></span> <span class='ocrx_word' id='word_1_351' title='bbox 758 1334 901 1373; x_wconf 85' lang='lat' dir='ltr'><strong>dignitate</strong></span> <span class='ocrx_word' id='word_1_352' title='bbox 943 1336 991 1362; x_wconf 90' lang='lat' dir='ltr'><strong>aut</strong></span> <span class='ocrx_word' id='word_1_353' title='bbox 1007 1342 1116 1363; x_wconf 88' lang='lat' dir='ltr'><strong>nocere</strong></span> <span class='ocrx_word' id='word_1_354' title='bbox 1132 1332 1218 1363; x_wconf 90' lang='lat' dir='ltr'><strong>nobis</strong></span> <span class='ocrx_word' id='word_1_355' title='bbox 1231 1332 1349 1371; x_wconf 80' lang='lat' dir='ltr'><strong>poteril,</strong></span> <span class='ocrx_word' id='word_1_356' title='bbox 1367 1332 1700 1372; x_wconf 86' lang='lat' dir='ltr'><strong>sequentibussanclos,</strong></span> <span class='ocrx_word' id='word_1_357' title='bbox 1713 1334 1764 1373; x_wconf 91' lang='lat' dir='ltr'><strong>qui</strong></span> 
     </span>
    </p>
   </div>
   <div class='ocr_carea' id='block_1_44' title="bbox 75 1376 1764 1418">
    <p class='ocr_par' dir='ltr' id='par_1_44' title="bbox 75 1376 1764 1418">
     <span class='ocr_line' id='line_1_44' title="bbox 75 1376 1764 1418; baseline 0.001 -12"><span class='ocrx_word' id='word_1_358' title='bbox 75 1376 188 1415; x_wconf 81' lang='lat' dir='ltr'><strong>gratias</strong></span> <span class='ocrx_word' id='word_1_359' title='bbox 204 1385 261 1407; x_wconf 92' lang='lat' dir='ltr'><strong>non</strong></span> <span class='ocrx_word' id='word_1_360' title='bbox 277 1379 346 1416; x_wconf 85' lang='lat' dir='ltr'><strong>agit.</strong></span> <span class='ocrx_word' id='word_1_361' title='bbox 364 1380 406 1409; x_wconf 88' lang='lat' dir='ltr'><strong>Ac</strong></span> <span class='ocrx_word' id='word_1_362' title='bbox 422 1382 579 1417; x_wconf 86' lang='lat' dir='ltr'><strong>propterea</strong></span> <span class='ocrx_word' id='word_1_363' title='bbox 607 1387 674 1408; x_wconf 89' lang='lat' dir='ltr'><strong>eum</strong></span> <span class='ocrx_word' id='word_1_364' title='bbox 691 1387 708 1408; x_wconf 91' lang='lat' dir='ltr'><strong>a</strong></span> <span class='ocrx_word' id='word_1_365' title='bbox 722 1387 779 1418; x_wconf 93' lang='lat' dir='ltr'><strong>quo</strong></span> <span class='ocrx_word' id='word_1_366' title='bbox 796 1388 901 1408; x_wconf 89' lang='lat' dir='ltr'><strong>sanan-</strong></span> <span class='ocrx_word' id='word_1_367' title='bbox 943 1377 1764 1417; x_wconf 71' lang='lat' dir='ltr'><strong>prmiverunt,eademquesemitaambulantibus,quailli</strong></span> 
     </span>
    </p>
   </div>
   <div class='ocr_carea' id='block_1_45' title="bbox 75 1420 1764 1462">
    <p class='ocr_par' dir='ltr' id='par_1_45' title="bbox 75 1420 1764 1462">
     <span class='ocr_line' id='line_1_45' title="bbox 75 1420 1764 1462; baseline 0.001 -12"><span class='ocrx_word' id='word_1_368' title='bbox 75 1421 133 1451; x_wconf 91' lang='lat' dir='ltr'><strong>dus</strong></span> <span class='ocrx_word' id='word_1_369' title='bbox 149 1424 205 1457; x_wconf 91' lang='lat' dir='ltr'><strong>est,</strong></span> <span class='ocrx_word' id='word_1_370' title='bbox 236 1430 324 1451; x_wconf 92' lang='lat' dir='ltr'><strong>nosse</strong></span> <span class='ocrx_word' id='word_1_371' title='bbox 353 1421 453 1453; x_wconf 88' lang='lat' dir='ltr'><strong>debet.</strong></span> <span class='ocrx_word' id='word_1_372' title='bbox 484 1421 558 1453; x_wconf 89' lang='lat' dir='ltr'><strong>Hinc</strong></span> <span class='ocrx_word' id='word_1_373' title='bbox 587 1422 715 1460; x_wconf 89' lang='lat' dir='ltr'><strong>visitare,</strong></span> <span class='ocrx_word' id='word_1_374' title='bbox 749 1426 779 1453; x_wconf 84' lang='lat' dir='ltr'><strong>et</strong></span> <span class='ocrx_word' id='word_1_375' title='bbox 796 1432 900 1454; x_wconf 90' lang='lat' dir='ltr'><strong>sanare</strong></span> <span class='ocrx_word' id='word_1_376' title='bbox 941 1420 1400 1452; x_wconf 88' lang='lat' dir='ltr'><strong>ambulaverunt.Incedentibus</strong></span> <span class='ocrx_word' id='word_1_377' title='bbox 1412 1422 1520 1461; x_wconf 83' lang='lat' dir='ltr'><strong>quippe</strong></span> <span class='ocrx_word' id='word_1_378' title='bbox 1532 1421 1764 1462; x_wconf 87' lang='lat' dir='ltr'><strong>nobisperviam</strong></span> 
     </span>
    </p>
   </div>
   <div class='ocr_carea' id='block_1_46' title="bbox 77 1464 1750 1506">
    <p class='ocr_par' dir='ltr' id='par_1_46' title="bbox 77 1464 1750 1506">
     <span class='ocr_line' id='line_1_46' title="bbox 77 1464 1750 1506; baseline 0.001 -12"><span class='ocrx_word' id='word_1_379' title='bbox 77 1464 266 1495; x_wconf 78' lang='lat' dir='ltr'><strong>infirmitates</strong></span> <span class='ocrx_word' id='word_1_380' title='bbox 297 1470 412 1496; x_wconf 86' lang='lat' dir='ltr'><strong>nostras</strong></span> <span class='ocrx_word' id='word_1_381' title='bbox 441 1476 519 1505; x_wconf 62' lang='lat' dir='ltr'><strong>saepe</strong></span> <span class='ocrx_word' id='word_1_382' title='bbox 548 1471 695 1503; x_wconf 88' lang='lat' dir='ltr'><strong>moratur,</strong></span> <span class='ocrx_word' id='word_1_383' title='bbox 712 1467 900 1506; x_wconf 85' lang='lat' dir='ltr'><strong>quantumvis</strong></span> <span class='ocrx_word' id='word_1_384' title='bbox 917 1504 929 1506; x_wconf 98' lang='lat'><strong>_</strong></span> <span class='ocrx_word' id='word_1_385' title='bbox 943 1465 1149 1496; x_wconf 86' lang='lat' dir='ltr'><strong>mandatorum</strong></span> <span class='ocrx_word' id='word_1_386' title='bbox 1167 1465 1219 1495; x_wconf 90' lang='lat' dir='ltr'><strong>Dei</strong></span> <span class='ocrx_word' id='word_1_387' title='bbox 1234 1474 1268 1495; x_wconf 87' lang='lat' dir='ltr'><strong>ac</strong></span> <span class='ocrx_word' id='word_1_388' title='bbox 1281 1464 1399 1496; x_wconf 89' lang='lat' dir='ltr'><strong>Domini</strong></span> <span class='ocrx_word' id='word_1_389' title='bbox 1416 1466 1508 1495; x_wconf 84' lang='lat' dir='ltr'><strong>nostri</strong></span> <span class='ocrx_word' id='word_1_390' title='bbox 1520 1465 1652 1503; x_wconf 86' lang='lat' dir='ltr'><strong>citraque</strong></span> <span class='ocrx_word' id='word_1_391' title='bbox 1662 1475 1750 1505; x_wconf 87' lang='lat' dir='ltr'><strong>respe</strong></span> 
     </span>
    </p>
   </div>
   <div class='ocr_carea' id='block_1_47' title="bbox 76 1504 1764 1551">
    <p class='ocr_par' dir='ltr' id='par_1_47' title="bbox 76 1504 1764 1551">
     <span class='ocr_line' id='line_1_47' title="bbox 76 1504 1764 1551; baseline 0.001 -12"><span class='ocrx_word' id='word_1_392' title='bbox 76 1509 265 1549; x_wconf 90' lang='lat' dir='ltr'><strong>imploretur.</strong></span> <span class='ocrx_word' id='word_1_393' title='bbox 282 1508 378 1541; x_wconf 89' lang='lat' dir='ltr'><strong>Parcit</strong></span> <span class='ocrx_word' id='word_1_394' title='bbox 388 1511 467 1541; x_wconf 89' lang='lat' dir='ltr'><strong>enim</strong></span> <span class='ocrx_word' id='word_1_395' title='bbox 479 1504 576 1548; x_wconf 83' lang='lat' dir='ltr'><strong>nobis,</strong></span> <span class='ocrx_word' id='word_1_396' title='bbox 589 1521 625 1541; x_wconf 90' lang='lat' dir='ltr'><strong>ne</strong></span> <span class='ocrx_word' id='word_1_397' title='bbox 636 1504 743 1550; x_wconf 76' lang='lat' dir='ltr'><strong>ingrati</strong></span> <span class='ocrx_word' id='word_1_398' title='bbox 754 1511 790 1542; x_wconf 88' lang='lat' dir='ltr'><strong>ad</strong></span> <span class='ocrx_word' id='word_1_399' title='bbox 799 1521 900 1551; x_wconf 83' lang='lat' dir='ltr'><strong>poenas</strong></span> <span class='ocrx_word' id='word_1_400' title='bbox 909 1504 930 1530; x_wconf 70' lang='grc' dir='ltr'>ο</span> <span class='ocrx_word' id='word_1_401' title='bbox 942 1514 1020 1540; x_wconf 84' lang='lat' dir='ltr'><strong>ctum</strong></span> <span class='ocrx_word' id='word_1_402' title='bbox 1032 1509 1067 1539; x_wconf 87' lang='lat' dir='ltr'><strong>ad</strong></span> <span class='ocrx_word' id='word_1_403' title='bbox 1083 1519 1117 1540; x_wconf 88' lang='lat' dir='ltr'><strong>ea</strong></span> <span class='ocrx_word' id='word_1_404' title='bbox 1128 1518 1193 1549; x_wconf 75' lang='lat' dir='ltr'><strong>quae</strong></span> <span class='ocrx_word' id='word_1_405' title='bbox 1202 1513 1281 1539; x_wconf 88' lang='lat' dir='ltr'><strong>retro</strong></span> <span class='ocrx_word' id='word_1_406' title='bbox 1293 1513 1362 1539; x_wconf 90' lang='lat' dir='ltr'><strong>sunt</strong></span> <span class='ocrx_word' id='word_1_407' title='bbox 1382 1510 1482 1539; x_wconf 88' lang='lat' dir='ltr'><strong>omnia</strong></span> <span class='ocrx_word' id='word_1_408' title='bbox 1494 1518 1559 1549; x_wconf 69' lang='lat' dir='ltr'><strong>qua:</strong></span> <span class='ocrx_word' id='word_1_409' title='bbox 1570 1509 1677 1540; x_wconf 87' lang='lat' dir='ltr'><strong>audisti</strong></span> <span class='ocrx_word' id='word_1_410' title='bbox 1694 1504 1764 1549; x_wconf 77' lang='lat' dir='ltr'><strong>per-</strong></span> 
     </span>
    </p>
   </div>
   <div class='ocr_carea' id='block_1_48' title="bbox 77 1553 1763 1595">
    <p class='ocr_par' dir='ltr' id='par_1_48' title="bbox 77 1553 1763 1595">
     <span class='ocr_line' id='line_1_48' title="bbox 77 1553 1763 1595; baseline -0.001 -11"><span class='ocrx_word' id='word_1_411' title='bbox 77 1555 206 1594; x_wconf 88' lang='lat' dir='ltr'><strong>majores</strong></span> <span class='ocrx_word' id='word_1_412' title='bbox 217 1554 419 1586; x_wconf 89' lang='lat' dir='ltr'><strong>devolvamur.</strong></span> <span class='ocrx_word' id='word_1_413' title='bbox 431 1555 631 1591; x_wconf 88' lang='lat' dir='ltr'><strong>Quamobrem</strong></span> <span class='ocrx_word' id='word_1_414' title='bbox 644 1559 788 1595; x_wconf 87' lang='lat' dir='ltr'><strong>quotquot</strong></span> <span class='ocrx_word' id='word_1_415' title='bbox 800 1556 897 1586; x_wconf 90' lang='lat' dir='ltr'><strong>homi-</strong></span> <span class='ocrx_word' id='word_1_416' title='bbox 942 1553 1119 1591; x_wconf 88' lang='lat' dir='ltr'><strong>meantibus,</strong></span> <span class='ocrx_word' id='word_1_417' title='bbox 1138 1563 1226 1584; x_wconf 92' lang='lat' dir='ltr'><strong>nemo</strong></span> <span class='ocrx_word' id='word_1_418' title='bbox 1242 1562 1339 1594; x_wconf 87' lang='lat' dir='ltr'><strong>neque</strong></span> <span class='ocrx_word' id='word_1_419' title='bbox 1355 1553 1505 1584; x_wconf 88' lang='lat' dir='ltr'><strong>latronum</strong></span> <span class='ocrx_word' id='word_1_420' title='bbox 1521 1553 1653 1590; x_wconf 88' lang='lat' dir='ltr'><strong>illorum,</strong></span> <span class='ocrx_word' id='word_1_421' title='bbox 1666 1562 1763 1594; x_wconf 89' lang='lat' dir='ltr'><strong>neque</strong></span> 
     </span>
    </p>
   </div>
   <div class='ocr_carea' id='block_1_49' title="bbox 77 1597 1763 1639">
    <p class='ocr_par' dir='ltr' id='par_1_49' title="bbox 77 1597 1763 1639">
     <span class='ocr_line' id='line_1_49' title="bbox 77 1597 1763 1639; baseline 0.001 -12"><span class='ocrx_word' id='word_1_422' title='bbox 77 1599 125 1628; x_wconf 87' lang='lat' dir='ltr'><strong>nis</strong></span> <span class='ocrx_word' id='word_1_423' title='bbox 139 1597 282 1628; x_wconf 87' lang='lat' dir='ltr'><strong>vocabulo</strong></span> <span class='ocrx_word' id='word_1_424' title='bbox 311 1608 480 1639; x_wconf 85' lang='lat' dir='ltr'><strong>censemur,</strong></span> <span class='ocrx_word' id='word_1_425' title='bbox 511 1599 716 1639; x_wconf 87' lang='lat' dir='ltr'><strong>dispiciamus,</strong></span> <span class='ocrx_word' id='word_1_426' title='bbox 747 1603 775 1629; x_wconf 91' lang='lat' dir='ltr'><strong>et</strong></span> <span class='ocrx_word' id='word_1_427' title='bbox 800 1604 899 1631; x_wconf 85' lang='lat' dir='ltr'><strong>atten-</strong></span> <span class='ocrx_word' id='word_1_428' title='bbox 941 1598 1105 1630; x_wconf 89' lang='lat' dir='ltr'><strong>belluarum</strong></span> <span class='ocrx_word' id='word_1_429' title='bbox 1122 1603 1226 1639; x_wconf 88' lang='lat' dir='ltr'><strong>aperte</strong></span> <span class='ocrx_word' id='word_1_430' title='bbox 1241 1608 1275 1629; x_wconf 89' lang='lat' dir='ltr'><strong>ac</strong></span> <span class='ocrx_word' id='word_1_431' title='bbox 1293 1602 1428 1638; x_wconf 89' lang='lat' dir='ltr'><strong>proterve</strong></span> <span class='ocrx_word' id='word_1_432' title='bbox 1444 1598 1573 1635; x_wconf 89' lang='lat' dir='ltr'><strong>insultat,</strong></span> <span class='ocrx_word' id='word_1_433' title='bbox 1590 1603 1638 1628; x_wconf 88' lang='lat' dir='ltr'><strong>aut</strong></span> <span class='ocrx_word' id='word_1_434' title='bbox 1653 1607 1763 1638; x_wconf 91' lang='lat' dir='ltr'><strong>appro-</strong></span> 
     </span>
    </p>
   </div>
   <div class='ocr_carea' id='block_1_50' title="bbox 77 1642 1764 1684">
    <p class='ocr_par' dir='ltr' id='par_1_50' title="bbox 77 1642 1764 1684">
     <span class='ocr_line' id='line_1_50' title="bbox 77 1642 1764 1684; baseline 0.001 -12"><span class='ocrx_word' id='word_1_435' title='bbox 77 1642 182 1673; x_wconf 88' lang='lat' dir='ltr'><strong>damus</strong></span> <span class='ocrx_word' id='word_1_436' title='bbox 198 1642 284 1673; x_wconf 91' lang='lat' dir='ltr'><strong>nobis</strong></span> <span class='ocrx_word' id='word_1_437' title='bbox 301 1652 423 1674; x_wconf 89' lang='lat' dir='ltr'><strong>necesse</strong></span> <span class='ocrx_word' id='word_1_438' title='bbox 439 1648 495 1682; x_wconf 88' lang='lat' dir='ltr'><strong>est,</strong></span> <span class='ocrx_word' id='word_1_439' title='bbox 522 1644 626 1674; x_wconf 88' lang='lat' dir='ltr'><strong>ﬁdeles</strong></span> <span class='ocrx_word' id='word_1_440' title='bbox 651 1644 737 1683; x_wconf 85' lang='lat' dir='ltr'><strong>juxta</strong></span> <span class='ocrx_word' id='word_1_441' title='bbox 752 1648 839 1684; x_wconf 88' lang='lat' dir='ltr'><strong>atque</strong></span> <span class='ocrx_word' id='word_1_442' title='bbox 854 1644 901 1674; x_wconf 92' lang='lat' dir='ltr'><strong>in-</strong></span> <span class='ocrx_word' id='word_1_443' title='bbox 942 1643 1086 1683; x_wconf 90' lang='lat' dir='ltr'><strong>pinquare</strong></span> <span class='ocrx_word' id='word_1_444' title='bbox 1100 1643 1200 1674; x_wconf 85' lang='lat' dir='ltr'><strong>audet.</strong></span> <span class='ocrx_word' id='word_1_445' title='bbox 1218 1643 1431 1673; x_wconf 82' lang='lat' dir='ltr'><strong>Verumtamen</strong></span> <span class='ocrx_word' id='word_1_446' title='bbox 1442 1642 1514 1673; x_wconf 89' lang='lat' dir='ltr'><strong>alias</strong></span> <span class='ocrx_word' id='word_1_447' title='bbox 1524 1643 1679 1678; x_wconf 89' lang='lat' dir='ltr'><strong>remotius,</strong></span> <span class='ocrx_word' id='word_1_448' title='bbox 1691 1643 1764 1673; x_wconf 90' lang='lat' dir='ltr'><strong>alias</strong></span> 
     </span>
    </p>
   </div>
   <div class='ocr_carea' id='block_1_51' title="bbox 78 1686 1762 1728">
    <p class='ocr_par' dir='ltr' id='par_1_51' title="bbox 78 1686 1762 1728">
     <span class='ocr_line' id='line_1_51' title="bbox 78 1686 1762 1728; baseline 0.001 -12"><span class='ocrx_word' id='word_1_449' title='bbox 78 1686 191 1717; x_wconf 87' lang='lat' dir='ltr'><strong>ﬁdeles.</strong></span> <span class='ocrx_word' id='word_1_450' title='bbox 211 1687 293 1726; x_wconf 88' lang='lat' dir='ltr'><strong>parvi</strong></span> <span class='ocrx_word' id='word_1_451' title='bbox 308 1691 398 1726; x_wconf 89' lang='lat' dir='ltr'><strong>atque</strong></span> <span class='ocrx_word' id='word_1_452' title='bbox 424 1688 522 1727; x_wconf 87' lang='lat' dir='ltr'><strong>magni</strong></span> <span class='ocrx_word' id='word_1_453' title='bbox 539 1697 546 1718; x_wconf 91' lang='lat'><strong>:</strong></span> <span class='ocrx_word' id='word_1_454' title='bbox 578 1693 610 1718; x_wconf 88' lang='lat' dir='ltr'><strong>ut</strong></span> <span class='ocrx_word' id='word_1_455' title='bbox 625 1687 762 1718; x_wconf 87' lang='lat' dir='ltr'><strong>inﬁdeles</strong></span> <span class='ocrx_word' id='word_1_456' title='bbox 778 1688 898 1728; x_wconf 88' lang='lat' dir='ltr'><strong>quidem</strong></span> <span class='ocrx_word' id='word_1_457' title='bbox 940 1687 1086 1723; x_wconf 84' lang='lat' dir='ltr'><strong>vicinius;</strong></span> <span class='ocrx_word' id='word_1_458' title='bbox 1105 1687 1156 1718; x_wconf 89' lang='lat' dir='ltr'><strong>alii</strong></span> <span class='ocrx_word' id='word_1_459' title='bbox 1175 1686 1269 1717; x_wconf 83' lang='lat' dir='ltr'><strong>minas</strong></span> <span class='ocrx_word' id='word_1_460' title='bbox 1282 1686 1450 1726; x_wconf 89' lang='lat' dir='ltr'><strong>intendunt,</strong></span> <span class='ocrx_word' id='word_1_461' title='bbox 1462 1686 1633 1727; x_wconf 84' lang='lat' dir='ltr'><strong>caedemque</strong></span> <span class='ocrx_word' id='word_1_462' title='bbox 1644 1687 1762 1727; x_wconf 90' lang='lat' dir='ltr'><strong>spiran-</strong></span> 
     </span>
    </p>
   </div>
   <div class='ocr_carea' id='block_1_52' title="bbox 77 1730 1764 1770">
    <p class='ocr_par' dir='ltr' id='par_1_52' title="bbox 77 1730 1764 1770">
     <span class='ocr_line' id='line_1_52' title="bbox 77 1730 1764 1770; baseline 0.001 -9"><span class='ocrx_word' id='word_1_463' title='bbox 77 1731 114 1761; x_wconf 86' lang='lat' dir='ltr'><strong>ad</strong></span> <span class='ocrx_word' id='word_1_464' title='bbox 130 1731 325 1770; x_wconf 86' lang='lat' dir='ltr'><strong>cognitionem</strong></span> <span class='ocrx_word' id='word_1_465' title='bbox 358 1736 387 1762; x_wconf 90' lang='lat' dir='ltr'><strong>et</strong></span> <span class='ocrx_word' id='word_1_466' title='bbox 416 1732 504 1762; x_wconf 91' lang='lat' dir='ltr'><strong>ﬁdem</strong></span> <span class='ocrx_word' id='word_1_467' title='bbox 534 1732 587 1762; x_wconf 92' lang='lat' dir='ltr'><strong>Dei</strong></span> <span class='ocrx_word' id='word_1_468' title='bbox 619 1732 781 1762; x_wconf 75' lang='lat' dir='ltr'><strong>conditoris</strong></span> <span class='ocrx_word' id='word_1_469' title='bbox 806 1732 900 1763; x_wconf 87' lang='lat' dir='ltr'><strong>nostri</strong></span> <span class='ocrx_word' id='word_1_470' title='bbox 941 1730 1764 1770; x_wconf 84' lang='lat' dir='ltr'><strong>tibusoculisnonobeunt;aliiquibusdamdelinimen-</strong></span> 
     </span>
    </p>
   </div>
   <div class='ocr_carea' id='block_1_53' title="bbox 81 1775 1760 1816">
    <p class='ocr_par' dir='ltr' id='par_1_53' title="bbox 81 1775 1760 1816">
     <span class='ocr_line' id='line_1_53' title="bbox 81 1775 1760 1816; baseline 0.001 -11"><span class='ocrx_word' id='word_1_471' title='bbox 81 1775 258 1806; x_wconf 71' lang='lat' dir='ltr'><strong>veniamus:</strong></span> <span class='ocrx_word' id='word_1_472' title='bbox 288 1775 403 1813; x_wconf 88' lang='lat' dir='ltr'><strong>ﬁdeles,</strong></span> <span class='ocrx_word' id='word_1_473' title='bbox 435 1781 465 1806; x_wconf 90' lang='lat' dir='ltr'><strong>ut</strong></span> <span class='ocrx_word' id='word_1_474' title='bbox 493 1777 553 1807; x_wconf 89' lang='lat' dir='ltr'><strong>vita</strong></span> <span class='ocrx_word' id='word_1_475' title='bbox 583 1776 630 1816; x_wconf 90' lang='lat' dir='ltr'><strong>pie</strong></span> <span class='ocrx_word' id='word_1_476' title='bbox 659 1780 736 1813; x_wconf 86' lang='lat' dir='ltr'><strong>acta,</strong></span> <span class='ocrx_word' id='word_1_477' title='bbox 755 1776 851 1807; x_wconf 91' lang='lat' dir='ltr'><strong>eidem</strong></span> <span class='ocrx_word' id='word_1_478' title='bbox 868 1776 898 1806; x_wconf 93' lang='lat' dir='ltr'><strong>in</strong></span> <span class='ocrx_word' id='word_1_479' title='bbox 941 1776 977 1806; x_wconf 88' lang='lat' dir='ltr'><strong>tis</strong></span> <span class='ocrx_word' id='word_1_480' title='bbox 993 1780 1022 1806; x_wconf 91' lang='lat' dir='ltr'><strong>et</strong></span> <span class='ocrx_word' id='word_1_481' title='bbox 1043 1775 1195 1806; x_wconf 89' lang='lat' dir='ltr'><strong>blanditiis</strong></span> <span class='ocrx_word' id='word_1_482' title='bbox 1222 1775 1386 1815; x_wconf 87' lang='lat' dir='ltr'><strong>amicisque</strong></span> <span class='ocrx_word' id='word_1_483' title='bbox 1413 1775 1568 1815; x_wconf 87' lang='lat' dir='ltr'><strong>colloquiis</strong></span> <span class='ocrx_word' id='word_1_484' title='bbox 1582 1775 1760 1806; x_wconf 86' lang='lat' dir='ltr'><strong>vicissitudi-</strong></span> 
     </span>
    </p>
   </div>
   <div class='ocr_carea' id='block_1_54' title="bbox 79 1818 897 1860">
    <p class='ocr_par' dir='ltr' id='par_1_54' title="bbox 79 1818 897 1860">
     <span class='ocr_line' id='line_1_54' title="bbox 79 1818 897 1860; baseline 0.001 -11"><span class='ocrx_word' id='word_1_485' title='bbox 79 1819 158 1849; x_wconf 90' lang='lat' dir='ltr'><strong>omni</strong></span> <span class='ocrx_word' id='word_1_486' title='bbox 172 1828 262 1859; x_wconf 90' lang='lat' dir='ltr'><strong>opere</strong></span> <span class='ocrx_word' id='word_1_487' title='bbox 277 1818 354 1849; x_wconf 91' lang='lat' dir='ltr'><strong>bono</strong></span> <span class='ocrx_word' id='word_1_488' title='bbox 385 1820 537 1859; x_wconf 84' lang='lat' dir='ltr'><strong>placentes</strong></span> <span class='ocrx_word' id='word_1_489' title='bbox 565 1829 762 1860; x_wconf 88' lang='lat' dir='ltr'><strong>appareamus</strong></span> <span class='ocrx_word' id='word_1_490' title='bbox 779 1830 786 1857; x_wconf 91' lang='lat'><strong>;</strong></span> <span class='ocrx_word' id='word_1_491' title='bbox 803 1820 897 1860; x_wconf 86' lang='lat' dir='ltr'><strong>parvi,</strong></span> 
     </span>
    </p>
   </div>
   <div class='ocr_carea' id='block_1_55' title="bbox 79 1863 896 1904">
    <p class='ocr_par' dir='ltr' id='par_1_55' title="bbox 79 1863 896 1904">
     <span class='ocr_line' id='line_1_55' title="bbox 79 1863 896 1904; baseline 0.001 -11"><span class='ocrx_word' id='word_1_492' title='bbox 79 1868 109 1894; x_wconf 88' lang='lat' dir='ltr'><strong>ut</strong></span> <span class='ocrx_word' id='word_1_493' title='bbox 124 1863 236 1902; x_wconf 85' lang='lat' dir='ltr'><strong>magnis</strong></span> <span class='ocrx_word' id='word_1_494' title='bbox 252 1868 373 1903; x_wconf 89' lang='lat' dir='ltr'><strong>propter</strong></span> <span class='ocrx_word' id='word_1_495' title='bbox 383 1864 541 1894; x_wconf 91' lang='lat' dir='ltr'><strong>Dominum</strong></span> <span class='ocrx_word' id='word_1_496' title='bbox 553 1864 765 1904; x_wconf 71' lang='lat' dir='ltr'><strong>subjiciamur;</strong></span> <span class='ocrx_word' id='word_1_497' title='bbox 788 1864 896 1903; x_wconf 82' lang='lat' dir='ltr'><strong>magni,</strong></span> 
     </span>
    </p>
   </div>
   <div class='ocr_carea' id='block_1_56' title="bbox 79 1909 898 1949">
    <p class='ocr_par' dir='ltr' id='par_1_56' title="bbox 79 1909 898 1949">
     <span class='ocr_line' id='line_1_56' title="bbox 79 1909 898 1949; baseline 0.001 -11"><span class='ocrx_word' id='word_1_498' title='bbox 79 1912 110 1938; x_wconf 87' lang='lat' dir='ltr'><strong>ut</strong></span> <span class='ocrx_word' id='word_1_499' title='bbox 125 1916 192 1946; x_wconf 84' lang='lat' dir='ltr'><strong>erga</strong></span> <span class='ocrx_word' id='word_1_500' title='bbox 205 1917 308 1948; x_wconf 86' lang='lat' dir='ltr'><strong>parvos</strong></span> <span class='ocrx_word' id='word_1_501' title='bbox 317 1912 455 1948; x_wconf 88' lang='lat' dir='ltr'><strong>tanquam</strong></span> <span class='ocrx_word' id='word_1_502' title='bbox 475 1914 614 1949; x_wconf 89' lang='lat' dir='ltr'><strong>parentes</strong></span> <span class='ocrx_word' id='word_1_503' title='bbox 635 1918 703 1947; x_wconf 86' lang='lat' dir='ltr'><strong>erga</strong></span> <span class='ocrx_word' id='word_1_504' title='bbox 713 1909 824 1939; x_wconf 87' lang='lat' dir='ltr'><strong>liberos</strong></span> <span class='ocrx_word' id='word_1_505' title='bbox 831 1909 898 1939; x_wconf 77' lang='lat' dir='ltr'><strong>at’ﬁ-</strong></span> 
     </span>
    </p>
   </div>
   <div class='ocr_carea' id='block_1_57' title="bbox 79 1952 895 1992">
    <p class='ocr_par' dir='ltr' id='par_1_57' title="bbox 79 1952 895 1992">
     <span class='ocr_line' id='line_1_57' title="bbox 79 1952 895 1992; baseline 0 -10"><span class='ocrx_word' id='word_1_506' title='bbox 79 1953 199 1988; x_wconf 86' lang='lat' dir='ltr'><strong>ciamur,</strong></span> <span class='ocrx_word' id='word_1_507' title='bbox 231 1957 352 1992; x_wconf 83' lang='lat' dir='ltr'><strong>propter</strong></span> <span class='ocrx_word' id='word_1_508' title='bbox 380 1953 550 1984; x_wconf 91' lang='lat' dir='ltr'><strong>mandatum</strong></span> <span class='ocrx_word' id='word_1_509' title='bbox 584 1953 713 1987; x_wconf 87' lang='lat' dir='ltr'><strong>Domini,</strong></span> <span class='ocrx_word' id='word_1_510' title='bbox 746 1952 895 1983; x_wconf 88' lang='lat' dir='ltr'><strong>dicentis:</strong></span> 
     </span>
    </p>
   </div>
   <div class='ocr_carea' id='block_1_58' title="bbox 79 1997 895 2035">
    <p class='ocr_par' dir='ltr' id='par_1_58' title="bbox 79 1997 895 2035">
     <span class='ocr_line' id='line_1_58' title="bbox 79 1997 895 2035; baseline -0.001 -8"><span class='ocrx_word' id='word_1_511' title='bbox 79 1997 221 2034; x_wconf 76' lang='lat' dir='ltr'><strong>Quandiu</strong></span> <span class='ocrx_word' id='word_1_512' title='bbox 242 1997 359 2035; x_wconf 71' lang='lat' dir='ltr'><strong>fecistis</strong></span> <span class='ocrx_word' id='word_1_513' title='bbox 379 1998 435 2028; x_wconf 78' lang='lat' dir='ltr'><strong>uni</strong></span> <span class='ocrx_word' id='word_1_514' title='bbox 463 1998 592 2028; x_wconf 78' lang='lat' dir='ltr'><strong>istorum</strong></span> <span class='ocrx_word' id='word_1_515' title='bbox 607 2006 644 2028; x_wconf 79' lang='lat' dir='ltr'><strong>ea:</strong></span> <span class='ocrx_word' id='word_1_516' title='bbox 658 1997 795 2028; x_wconf 72' lang='lat' dir='ltr'><strong>minimis</strong></span> <span class='ocrx_word' id='word_1_517' title='bbox 809 1998 895 2033; x_wconf 76' lang='lat' dir='ltr'><strong>meis,</strong></span> 
     </span>
    </p>
   </div>
   <div class='ocr_carea' id='block_1_59' title="bbox 79 2041 896 2082">
    <p class='ocr_par' dir='ltr' id='par_1_59' title="bbox 79 2041 896 2082">
     <span class='ocr_line' id='line_1_59' title="bbox 79 2041 896 2082; baseline -0.001 -10"><span class='ocrx_word' id='word_1_518' title='bbox 79 2041 152 2072; x_wconf 81' lang='lat' dir='ltr'><strong>mihi</strong></span> <span class='ocrx_word' id='word_1_519' title='bbox 161 2041 324 2080; x_wconf 57' lang='lat' dir='ltr'><strong>fecistis”.</strong></span> <span class='ocrx_word' id='word_1_520' title='bbox 336 2041 399 2072; x_wconf 88' lang='lat' dir='ltr'><strong>Non</strong></span> <span class='ocrx_word' id='word_1_521' title='bbox 411 2041 503 2082; x_wconf 85' lang='lat' dir='ltr'><strong>enim,</strong></span> <span class='ocrx_word' id='word_1_522' title='bbox 516 2041 594 2081; x_wconf 90' lang='lat' dir='ltr'><strong>quod</strong></span> <span class='ocrx_word' id='word_1_523' title='bbox 601 2041 720 2082; x_wconf 86' lang='lat' dir='ltr'><strong>quidam</strong></span> <span class='ocrx_word' id='word_1_524' title='bbox 728 2041 896 2081; x_wconf 89' lang='lat' dir='ltr'><strong>opinantur,</strong></span> 
     </span>
    </p>
   </div>
   <div class='ocr_carea' id='block_1_60' title="bbox 80 2085 898 2125">
    <p class='ocr_par' dir='ltr' id='par_1_60' title="bbox 80 2085 898 2125">
     <span class='ocr_line' id='line_1_60' title="bbox 80 2085 898 2125; baseline -0.001 -9"><span class='ocrx_word' id='word_1_525' title='bbox 80 2086 116 2116; x_wconf 88' lang='lat' dir='ltr'><strong>de</strong></span> <span class='ocrx_word' id='word_1_526' title='bbox 144 2085 321 2125; x_wconf 86' lang='lat' dir='ltr'><strong>pauperibus</strong></span> <span class='ocrx_word' id='word_1_527' title='bbox 351 2087 565 2122; x_wconf 89' lang='lat' dir='ltr'><strong>tantummodo,</strong></span> <span class='ocrx_word' id='word_1_528' title='bbox 595 2091 626 2116; x_wconf 89' lang='lat' dir='ltr'><strong>et</strong></span> <span class='ocrx_word' id='word_1_529' title='bbox 652 2086 730 2116; x_wconf 90' lang='lat' dir='ltr'><strong>victu</strong></span> <span class='ocrx_word' id='word_1_530' title='bbox 754 2094 898 2124; x_wconf 88' lang='lat' dir='ltr'><strong>corporeo</strong></span> 
     </span>
    </p>
   </div>
   <div class='ocr_carea' id='block_1_61' title="bbox 941 1819 1762 1860">
    <p class='ocr_par' dir='ltr' id='par_1_61' title="bbox 941 1819 1762 1860">
     <span class='ocr_line' id='line_1_61' title="bbox 941 1819 1762 1860; baseline 0 -9"><span class='ocrx_word' id='word_1_531' title='bbox 941 1830 1009 1852; x_wconf 87' lang='lat' dir='ltr'><strong>nem</strong></span> <span class='ocrx_word' id='word_1_532' title='bbox 1025 1826 1053 1851; x_wconf 91' lang='lat' dir='ltr'><strong>et</strong></span> <span class='ocrx_word' id='word_1_533' title='bbox 1067 1821 1319 1852; x_wconf 87' lang='lat' dir='ltr'><strong>intermissionem</strong></span> <span class='ocrx_word' id='word_1_534' title='bbox 1328 1819 1558 1860; x_wconf 74' lang='lat' dir='ltr'><strong>nobisotfei&#39;unt,</strong></span> <span class='ocrx_word' id='word_1_535' title='bbox 1576 1824 1762 1851; x_wconf 87' lang='lat' dir='ltr'><strong>etostentant</strong></span> 
     </span>
    </p>
   </div>
   <div class='ocr_carea' id='block_1_62' title="bbox 940 1864 1761 1905">
    <p class='ocr_par' dir='ltr' id='par_1_62' title="bbox 940 1864 1761 1905">
     <span class='ocr_line' id='line_1_62' title="bbox 940 1864 1761 1905; baseline 0 -10"><span class='ocrx_word' id='word_1_536' title='bbox 940 1865 1075 1895; x_wconf 89' lang='lat' dir='ltr'><strong>locorum</strong></span> <span class='ocrx_word' id='word_1_537' title='bbox 1102 1874 1155 1905; x_wconf 92' lang='lat' dir='ltr'><strong>per</strong></span> <span class='ocrx_word' id='word_1_538' title='bbox 1169 1865 1307 1904; x_wconf 83' lang='lat' dir='ltr'><strong>regiones</strong></span> <span class='ocrx_word' id='word_1_539' title='bbox 1323 1864 1552 1905; x_wconf 72' lang='lat' dir='ltr'><strong>delectamrnla,</strong></span> <span class='ocrx_word' id='word_1_540' title='bbox 1570 1869 1598 1895; x_wconf 90' lang='lat' dir='ltr'><strong>et</strong></span> <span class='ocrx_word' id='word_1_541' title='bbox 1614 1865 1761 1896; x_wconf 80' lang='lat' dir='ltr'><strong>fructuum</strong></span> 
     </span>
    </p>
   </div>
   <div class='ocr_carea' id='block_1_63' title="bbox 940 1901 1760 1949">
    <p class='ocr_par' dir='ltr' id='par_1_63' title="bbox 940 1901 1760 1949">
     <span class='ocr_line' id='line_1_63' title="bbox 940 1901 1760 1949; baseline -0.001 -9"><span class='ocrx_word' id='word_1_542' title='bbox 940 1911 1071 1949; x_wconf 86' lang='lat' dir='ltr'><strong>speciem</strong></span> <span class='ocrx_word' id='word_1_543' title='bbox 1089 1901 1332 1949; x_wconf 68' lang='lat' dir='ltr'><strong>pulcherrimam,</strong></span> <span class='ocrx_word' id='word_1_544' title='bbox 1346 1901 1561 1948; x_wconf 77' lang='lat' dir='ltr'><strong>hortanturque</strong></span> <span class='ocrx_word' id='word_1_545' title='bbox 1571 1913 1602 1939; x_wconf 93' lang='lat' dir='ltr'><strong>ut</strong></span> <span class='ocrx_word' id='word_1_546' title='bbox 1613 1909 1760 1949; x_wconf 88' lang='lat' dir='ltr'><strong>paulatum</strong></span> 
     </span>
    </p>
   </div>
   <div class='ocr_carea' id='block_1_64' title="bbox 939 1952 1762 1993">
    <p class='ocr_par' dir='ltr' id='par_1_64' title="bbox 939 1952 1762 1993">
     <span class='ocr_line' id='line_1_64' title="bbox 939 1952 1762 1993; baseline 0 -10"><span class='ocrx_word' id='word_1_547' title='bbox 939 1953 1174 1993; x_wconf 85' lang='lat' dir='ltr'><strong>requiescentes,</strong></span> <span class='ocrx_word' id='word_1_548' title='bbox 1191 1952 1322 1983; x_wconf 88' lang='lat' dir='ltr'><strong>laborem</strong></span> <span class='ocrx_word' id='word_1_549' title='bbox 1339 1952 1392 1982; x_wconf 67' lang='lat' dir='ltr'><strong>viae</strong></span> <span class='ocrx_word' id='word_1_550' title='bbox 1402 1953 1604 1991; x_wconf 89' lang='lat' dir='ltr'><strong>consolemur,</strong></span> <span class='ocrx_word' id='word_1_551' title='bbox 1617 1958 1645 1983; x_wconf 76' lang='lat' dir='ltr'><strong>et</strong></span> <span class='ocrx_word' id='word_1_552' title='bbox 1655 1953 1692 1983; x_wconf 91' lang='lat' dir='ltr'><strong>de</strong></span> <span class='ocrx_word' id='word_1_553' title='bbox 1702 1953 1762 1984; x_wconf 77' lang='lat' dir='ltr'><strong>iru~</strong></span> 
     </span>
    </p>
   </div>
   <div class='ocr_carea' id='block_1_65' title="bbox 939 1996 1764 2037">
    <p class='ocr_par' dir='ltr' id='par_1_65' title="bbox 939 1996 1764 2037">
     <span class='ocr_line' id='line_1_65' title="bbox 939 1996 1764 2037; baseline 0.001 -10"><span class='ocrx_word' id='word_1_554' title='bbox 939 1997 1035 2028; x_wconf 89' lang='lat' dir='ltr'><strong>ctibus</strong></span> <span class='ocrx_word' id='word_1_555' title='bbox 1049 1998 1138 2028; x_wconf 89' lang='lat' dir='ltr'><strong>edere</strong></span> <span class='ocrx_word' id='word_1_556' title='bbox 1152 1997 1290 2033; x_wconf 83' lang='lat' dir='ltr'><strong>suadent,</strong></span> <span class='ocrx_word' id='word_1_557' title='bbox 1309 1996 1374 2036; x_wconf 89' lang='lat' dir='ltr'><strong>plus</strong></span> <span class='ocrx_word' id='word_1_558' title='bbox 1399 1996 1570 2036; x_wconf 83' lang='lat' dir='ltr'><strong>voluptatis,</strong></span> <span class='ocrx_word' id='word_1_559' title='bbox 1598 2007 1685 2036; x_wconf 91' lang='lat' dir='ltr'><strong>quam</strong></span> <span class='ocrx_word' id='word_1_560' title='bbox 1710 2007 1764 2037; x_wconf 91' lang='lat' dir='ltr'><strong>pro</strong></span> 
     </span>
    </p>
   </div>
   <div class='ocr_carea' id='block_1_66' title="bbox 940 2041 1762 2082">
    <p class='ocr_par' dir='ltr' id='par_1_66' title="bbox 940 2041 1762 2082">
     <span class='ocr_line' id='line_1_66' title="bbox 940 2041 1762 2082; baseline 0 -10"><span class='ocrx_word' id='word_1_561' title='bbox 940 2041 1375 2082; x_wconf 86' lang='lat' dir='ltr'><strong>eorumaspectuatl&#39;erenlibus.</strong></span> <span class='ocrx_word' id='word_1_562' title='bbox 1389 2041 1495 2072; x_wconf 82' lang='lat' dir='ltr'><strong>Multos</strong></span> <span class='ocrx_word' id='word_1_563' title='bbox 1509 2041 1630 2081; x_wconf 90' lang='lat' dir='ltr'><strong>insuper</strong></span> <span class='ocrx_word' id='word_1_564' title='bbox 1642 2041 1762 2081; x_wconf 88' lang='lat' dir='ltr'><strong>laqueos</strong></span> 
     </span>
    </p>
   </div>
   <div class='ocr_carea' id='block_1_67' title="bbox 940 2085 1762 2125">
    <p class='ocr_par' dir='ltr' id='par_1_67' title="bbox 940 2085 1762 2125">
     <span class='ocr_line' id='line_1_67' title="bbox 940 2085 1762 2125; baseline 0.001 -10"><span class='ocrx_word' id='word_1_565' title='bbox 940 2085 1036 2122; x_wconf 88' lang='lat' dir='ltr'><strong>nobis,</strong></span> <span class='ocrx_word' id='word_1_566' title='bbox 1050 2085 1281 2125; x_wconf 89' lang='lat' dir='ltr'><strong>occasionesque</strong></span> <span class='ocrx_word' id='word_1_567' title='bbox 1290 2085 1324 2115; x_wconf 88' lang='lat' dir='ltr'><strong>ad</strong></span> <span class='ocrx_word' id='word_1_568' title='bbox 1346 2085 1523 2124; x_wconf 87' lang='lat' dir='ltr'><strong>capiendum</strong></span> <span class='ocrx_word' id='word_1_569' title='bbox 1538 2085 1646 2123; x_wconf 81' lang='lat' dir='ltr'><strong>varias,</strong></span> <span class='ocrx_word' id='word_1_570' title='bbox 1656 2086 1762 2116; x_wconf 87' lang='lat' dir='ltr'><strong>callide</strong></span> 
     </span>
    </p>
   </div>
   <div class='ocr_carea' id='block_1_68' title="bbox 81 2128 1762 2169">
    <p class='ocr_par' dir='ltr' id='par_1_68' title="bbox 81 2128 1762 2169">
     <span class='ocr_line' id='line_1_68' title="bbox 81 2128 1762 2169; baseline -0.001 -8"><span class='ocrx_word' id='word_1_571' title='bbox 81 2130 230 2169; x_wconf 83' lang='lat' dir='ltr'><strong>egentibus</strong></span> <span class='ocrx_word' id='word_1_572' title='bbox 255 2131 312 2160; x_wconf 88' lang='lat' dir='ltr'><strong>hoc</strong></span> <span class='ocrx_word' id='word_1_573' title='bbox 327 2130 412 2166; x_wconf 84' lang='lat' dir='ltr'><strong>dixit,</strong></span> <span class='ocrx_word' id='word_1_574' title='bbox 430 2131 480 2161; x_wconf 89' lang='lat' dir='ltr'><strong>sed</strong></span> <span class='ocrx_word' id='word_1_575' title='bbox 497 2130 534 2161; x_wconf 92' lang='lat' dir='ltr'><strong>de</strong></span> <span class='ocrx_word' id='word_1_576' title='bbox 549 2129 690 2161; x_wconf 83' lang='lat' dir='ltr'><strong>fratribus</strong></span> <span class='ocrx_word' id='word_1_577' title='bbox 704 2130 773 2160; x_wconf 91' lang='lat' dir='ltr'><strong>item</strong></span> <span class='ocrx_word' id='word_1_578' title='bbox 790 2129 897 2160; x_wconf 89' lang='lat' dir='ltr'><strong>nostris</strong></span> <span class='ocrx_word' id='word_1_579' title='bbox 907 2140 930 2169; x_wconf 67' lang='grc' dir='ltr'><strong>Β</strong></span> <span class='ocrx_word' id='word_1_580' title='bbox 942 2131 1106 2169; x_wconf 87' lang='lat' dir='ltr'><strong>excogitant</strong></span> <span class='ocrx_word' id='word_1_581' title='bbox 1118 2138 1125 2166; x_wconf 90' lang='lat'><strong>;</strong></span> <span class='ocrx_word' id='word_1_582' title='bbox 1138 2138 1193 2160; x_wconf 89' lang='lat' dir='ltr'><strong>nec</strong></span> <span class='ocrx_word' id='word_1_583' title='bbox 1204 2129 1232 2160; x_wconf 92' lang='lat' dir='ltr'><strong>id</strong></span> <span class='ocrx_word' id='word_1_584' title='bbox 1246 2138 1298 2168; x_wconf 90' lang='lat' dir='ltr'><strong>per</strong></span> <span class='ocrx_word' id='word_1_585' title='bbox 1311 2128 1388 2159; x_wconf 89' lang='lat' dir='ltr'><strong>diem</strong></span> <span class='ocrx_word' id='word_1_586' title='bbox 1401 2129 1508 2166; x_wconf 86' lang='lat' dir='ltr'><strong>solum,</strong></span> <span class='ocrx_word' id='word_1_587' title='bbox 1522 2130 1573 2159; x_wconf 85' lang='lat' dir='ltr'><strong>sed</strong></span> <span class='ocrx_word' id='word_1_588' title='bbox 1592 2139 1646 2169; x_wconf 90' lang='lat' dir='ltr'><strong>per</strong></span> <span class='ocrx_word' id='word_1_589' title='bbox 1661 2134 1762 2160; x_wconf 88' lang='lat' dir='ltr'><strong>noctes</strong></span> 
     </span>
    </p>
   </div>
   <div class='ocr_carea' id='block_1_69' title="bbox 81 2174 898 2215">
    <p class='ocr_par' dir='ltr' id='par_1_69' title="bbox 81 2174 898 2215">
     <span class='ocr_line' id='line_1_69' title="bbox 81 2174 898 2215; baseline 0 -10"><span class='ocrx_word' id='word_1_590' title='bbox 81 2174 226 2210; x_wconf 88' lang='lat' dir='ltr'><strong>omnibus.</strong></span> <span class='ocrx_word' id='word_1_591' title='bbox 245 2174 294 2214; x_wconf 91' lang='lat' dir='ltr'><strong>qui</strong></span> <span class='ocrx_word' id='word_1_592' title='bbox 311 2184 369 2204; x_wconf 90' lang='lat' dir='ltr'><strong>non</strong></span> <span class='ocrx_word' id='word_1_593' title='bbox 385 2175 462 2205; x_wconf 82' lang='lat' dir='ltr'><strong>fame</strong></span> <span class='ocrx_word' id='word_1_594' title='bbox 479 2175 584 2215; x_wconf 88' lang='lat' dir='ltr'><strong>pamis,</strong></span> <span class='ocrx_word' id='word_1_595' title='bbox 601 2179 630 2205; x_wconf 87' lang='lat' dir='ltr'><strong>et</strong></span> <span class='ocrx_word' id='word_1_596' title='bbox 660 2175 708 2205; x_wconf 91' lang='lat' dir='ltr'><strong>siti</strong></span> <span class='ocrx_word' id='word_1_597' title='bbox 734 2183 828 2214; x_wconf 70' lang='lat' dir='ltr'><strong>aquae,</strong></span> <span class='ocrx_word' id='word_1_598' title='bbox 846 2174 898 2205; x_wconf 89' lang='lat' dir='ltr'><strong>sed</strong></span> 
     </span>
    </p>
   </div>
   <div class='ocr_carea' id='block_1_70' title="bbox 81 2217 897 2257">
    <p class='ocr_par' dir='ltr' id='par_1_70' title="bbox 81 2217 897 2257">
     <span class='ocr_line' id='line_1_70' title="bbox 81 2217 897 2257; baseline 0 -9"><span class='ocrx_word' id='word_1_599' title='bbox 81 2217 226 2257; x_wconf 83' lang='lat' dir='ltr'><strong>segnitiei,</strong></span> <span class='ocrx_word' id='word_1_600' title='bbox 243 2222 272 2248; x_wconf 89' lang='lat' dir='ltr'><strong>et</strong></span> <span class='ocrx_word' id='word_1_601' title='bbox 288 2218 497 2249; x_wconf 78' lang='lat' dir='ltr'><strong>inobedientiae</strong></span> <span class='ocrx_word' id='word_1_602' title='bbox 523 2219 728 2249; x_wconf 85' lang='lat' dir='ltr'><strong>mandatorum</strong></span> <span class='ocrx_word' id='word_1_603' title='bbox 753 2218 807 2249; x_wconf 89' lang='lat' dir='ltr'><strong>Dei</strong></span> <span class='ocrx_word' id='word_1_604' title='bbox 823 2227 897 2248; x_wconf 88' lang='lat' dir='ltr'><strong>con-</strong></span> 
     </span>
    </p>
   </div>
   <div class='ocr_carea' id='block_1_71' title="bbox 81 2262 896 2303">
    <p class='ocr_par' dir='ltr' id='par_1_71' title="bbox 81 2262 896 2303">
     <span class='ocr_line' id='line_1_71' title="bbox 81 2262 896 2303; baseline -0.002 -9"><span class='ocrx_word' id='word_1_605' title='bbox 81 2263 244 2294; x_wconf 88' lang='lat' dir='ltr'><strong>tabescunt.</strong></span> <span class='ocrx_word' id='word_1_606' title='bbox 273 2262 384 2293; x_wconf 86' lang='lat' dir='ltr'><strong>Omnes</strong></span> <span class='ocrx_word' id='word_1_607' title='bbox 414 2263 513 2303; x_wconf 89' lang='lat' dir='ltr'><strong>itaque</strong></span> <span class='ocrx_word' id='word_1_608' title='bbox 542 2272 708 2301; x_wconf 87' lang='lat' dir='ltr'><strong>curramus,</strong></span> <span class='ocrx_word' id='word_1_609' title='bbox 739 2263 896 2302; x_wconf 87' lang='lat' dir='ltr'><strong>anieqnam</strong></span> 
     </span>
    </p>
   </div>
   <div class='ocr_carea' id='block_1_72' title="bbox 81 2307 895 2347">
    <p class='ocr_par' dir='ltr' id='par_1_72' title="bbox 81 2307 895 2347">
     <span class='ocr_line' id='line_1_72' title="bbox 81 2307 895 2347; baseline -0.002 -9"><span class='ocrx_word' id='word_1_610' title='bbox 81 2307 163 2338; x_wconf 92' lang='lat' dir='ltr'><strong>nobis</strong></span> <span class='ocrx_word' id='word_1_611' title='bbox 179 2316 232 2347; x_wconf 89' lang='lat' dir='ltr'><strong>per</strong></span> <span class='ocrx_word' id='word_1_612' title='bbox 246 2311 372 2337; x_wconf 90' lang='lat' dir='ltr'><strong>mortem</strong></span> <span class='ocrx_word' id='word_1_613' title='bbox 402 2307 584 2346; x_wconf 55' lang='lat' dir='ltr'><strong>poenitentia;</strong></span> <span class='ocrx_word' id='word_1_614' title='bbox 610 2307 702 2347; x_wconf 88' lang='lat' dir='ltr'><strong>janua</strong></span> <span class='ocrx_word' id='word_1_615' title='bbox 729 2307 895 2337; x_wconf 83' lang='lat' dir='ltr'><strong>claudatur.</strong></span> 
     </span>
    </p>
   </div>
   <div class='ocr_carea' id='block_1_73' title="bbox 81 2351 895 2392">
    <p class='ocr_par' dir='ltr' id='par_1_73' title="bbox 81 2351 895 2392">
     <span class='ocr_line' id='line_1_73' title="bbox 81 2351 895 2392; baseline -0.001 -9"><span class='ocrx_word' id='word_1_616' title='bbox 81 2352 248 2391; x_wconf 85' lang='lat' dir='ltr'><strong>Curramus,</strong></span> <span class='ocrx_word' id='word_1_617' title='bbox 281 2356 312 2381; x_wconf 88' lang='lat' dir='ltr'><strong>ut</strong></span> <span class='ocrx_word' id='word_1_618' title='bbox 348 2355 417 2382; x_wconf 87' lang='lat' dir='ltr'><strong>ante</strong></span> <span class='ocrx_word' id='word_1_619' title='bbox 456 2353 565 2382; x_wconf 77' lang='lat' dir='ltr'><strong>exitum</strong></span> <span class='ocrx_word' id='word_1_620' title='bbox 596 2351 895 2392; x_wconf 88' lang='lat' dir='ltr'><strong>comprehendamus.</strong></span> 
     </span>
    </p>
   </div>
   <div class='ocr_carea' id='block_1_74' title="bbox 81 2395 897 2435">
    <p class='ocr_par' dir='ltr' id='par_1_74' title="bbox 81 2395 897 2435">
     <span class='ocr_line' id='line_1_74' title="bbox 81 2395 897 2435; baseline -0.002 -8"><span class='ocrx_word' id='word_1_621' title='bbox 81 2396 272 2435; x_wconf 86' lang='lat' dir='ltr'><strong>Festinemus,</strong></span> <span class='ocrx_word' id='word_1_622' title='bbox 289 2400 320 2426; x_wconf 84' lang='lat' dir='ltr'><strong>ut</strong></span> <span class='ocrx_word' id='word_1_623' title='bbox 334 2396 526 2435; x_wconf 83' lang='lat' dir='ltr'><strong>accipiamus.</strong></span> <span class='ocrx_word' id='word_1_624' title='bbox 557 2396 722 2433; x_wconf 86' lang='lat' dir='ltr'><strong>Pulsemus,</strong></span> <span class='ocrx_word' id='word_1_625' title='bbox 753 2399 784 2426; x_wconf 95' lang='lat' dir='ltr'><strong>ut</strong></span> <span class='ocrx_word' id='word_1_626' title='bbox 799 2395 897 2435; x_wconf 89' lang='lat' dir='ltr'><strong>prius—</strong></span> 
     </span>
    </p>
   </div>
   <div class='ocr_carea' id='block_1_75' title="bbox 83 2439 898 2481">
    <p class='ocr_par' dir='ltr' id='par_1_75' title="bbox 83 2439 898 2481">
     <span class='ocr_line' id='line_1_75' title="bbox 83 2439 898 2481; baseline -0.002 -10"><span class='ocrx_word' id='word_1_627' title='bbox 83 2450 165 2481; x_wconf 88' lang='lat' dir='ltr'><strong>quam</strong></span> <span class='ocrx_word' id='word_1_628' title='bbox 179 2441 215 2471; x_wconf 90' lang='lat' dir='ltr'><strong>de</strong></span> <span class='ocrx_word' id='word_1_629' title='bbox 227 2441 282 2471; x_wconf 89' lang='lat' dir='ltr'><strong>hac</strong></span> <span class='ocrx_word' id='word_1_630' title='bbox 295 2441 361 2471; x_wconf 89' lang='lat' dir='ltr'><strong>luce</strong></span> <span class='ocrx_word' id='word_1_631' title='bbox 374 2441 546 2479; x_wconf 83' lang='lat' dir='ltr'><strong>migremus,</strong></span> <span class='ocrx_word' id='word_1_632' title='bbox 560 2440 687 2480; x_wconf 88' lang='lat' dir='ltr'><strong>paradisi</strong></span> <span class='ocrx_word' id='word_1_633' title='bbox 709 2443 822 2480; x_wconf 85' lang='lat' dir='ltr'><strong>portam</strong></span> <span class='ocrx_word' id='word_1_634' title='bbox 838 2439 898 2470; x_wconf 90' lang='lat' dir='ltr'><strong>Do-</strong></span> 
     </span>
    </p>
   </div>
   <div class='ocr_carea' id='block_1_76' title="bbox 82 2484 898 2524">
    <p class='ocr_par' dir='ltr' id='par_1_76' title="bbox 82 2484 898 2524">
     <span class='ocr_line' id='line_1_76' title="bbox 82 2484 898 2524; baseline -0.002 -8"><span class='ocrx_word' id='word_1_635' title='bbox 82 2486 175 2516; x_wconf 89' lang='lat' dir='ltr'><strong>minus</strong></span> <span class='ocrx_word' id='word_1_636' title='bbox 190 2485 275 2515; x_wconf 89' lang='lat' dir='ltr'><strong>nobis</strong></span> <span class='ocrx_word' id='word_1_637' title='bbox 290 2488 415 2521; x_wconf 90' lang='lat' dir='ltr'><strong>reseret,</strong></span> <span class='ocrx_word' id='word_1_638' title='bbox 433 2489 461 2515; x_wconf 90' lang='lat' dir='ltr'><strong>et</strong></span> <span class='ocrx_word' id='word_1_639' title='bbox 477 2485 609 2524; x_wconf 88' lang='lat' dir='ltr'><strong>seipsmn</strong></span> <span class='ocrx_word' id='word_1_640' title='bbox 626 2484 806 2514; x_wconf 83' lang='lat' dir='ltr'><strong>manifestet.</strong></span> <span class='ocrx_word' id='word_1_641' title='bbox 826 2484 898 2515; x_wconf 91' lang='lat' dir='ltr'><strong>Stu-</strong></span> 
     </span>
    </p>
   </div>
   <div class='ocr_carea' id='block_1_77' title="bbox 82 2528 901 2568">
    <p class='ocr_par' dir='ltr' id='par_1_77' title="bbox 82 2528 901 2568">
     <span class='ocr_line' id='line_1_77' title="bbox 82 2528 901 2568; baseline -0.004 -7"><span class='ocrx_word' id='word_1_642' title='bbox 82 2531 198 2561; x_wconf 86' lang='lat' dir='ltr'><strong>deamus</strong></span> <span class='ocrx_word' id='word_1_643' title='bbox 213 2538 337 2568; x_wconf 82' lang='lat' dir='ltr'><strong>regnum</strong></span> <span class='ocrx_word' id='word_1_644' title='bbox 354 2529 496 2559; x_wconf 75' lang='lat' dir='ltr'><strong>cmlorum</strong></span> <span class='ocrx_word' id='word_1_645' title='bbox 512 2529 590 2560; x_wconf 87' lang='lat' dir='ltr'><strong>intra</strong></span> <span class='ocrx_word' id='word_1_646' title='bbox 617 2539 672 2559; x_wconf 88' lang='lat' dir='ltr'><strong>nos</strong></span> <span class='ocrx_word' id='word_1_647' title='bbox 689 2528 853 2568; x_wconf 82' lang='lat' dir='ltr'><strong>acquirere,</strong></span> <span class='ocrx_word' id='word_1_648' title='bbox 871 2532 901 2559; x_wconf 91' lang='lat' dir='ltr'><strong>et</strong></span> 
     </span>
    </p>
   </div>
   <div class='ocr_carea' id='block_1_78' title="bbox 82 2573 898 2615">
    <p class='ocr_par' dir='ltr' id='par_1_78' title="bbox 82 2573 898 2615">
     <span class='ocr_line' id='line_1_78' title="bbox 82 2573 898 2615; baseline -0.002 -10"><span class='ocrx_word' id='word_1_649' title='bbox 82 2575 204 2615; x_wconf 90' lang='lat' dir='ltr'><strong>idipsum</strong></span> <span class='ocrx_word' id='word_1_650' title='bbox 221 2583 414 2613; x_wconf 84' lang='lat' dir='ltr'><strong>cognoscere,</strong></span> <span class='ocrx_word' id='word_1_651' title='bbox 443 2583 477 2604; x_wconf 88' lang='lat' dir='ltr'><strong>ac</strong></span> <span class='ocrx_word' id='word_1_652' title='bbox 504 2573 626 2610; x_wconf 90' lang='lat' dir='ltr'><strong>sentire,</strong></span> <span class='ocrx_word' id='word_1_653' title='bbox 657 2578 685 2603; x_wconf 90' lang='lat' dir='ltr'><strong>et</strong></span> <span class='ocrx_word' id='word_1_654' title='bbox 713 2582 752 2604; x_wconf 92' lang='lat' dir='ltr'><strong>ne</strong></span> <span class='ocrx_word' id='word_1_655' title='bbox 766 2573 831 2603; x_wconf 91' lang='lat' dir='ltr'><strong>sine</strong></span> <span class='ocrx_word' id='word_1_656' title='bbox 847 2573 898 2603; x_wconf 89' lang='lat' dir='ltr'><strong>illo</strong></span> 
     </span>
    </p>
   </div>
   <div class='ocr_carea' id='block_1_79' title="bbox 84 2617 897 2650">
    <p class='ocr_par' dir='ltr' id='par_1_79' title="bbox 84 2617 897 2650">
     <span class='ocr_line' id='line_1_79' title="bbox 84 2617 897 2650; baseline -0.004 0"><span class='ocrx_word' id='word_1_657' title='bbox 84 2619 148 2650; x_wconf 91' lang='lat' dir='ltr'><strong>hinc</strong></span> <span class='ocrx_word' id='word_1_658' title='bbox 162 2618 359 2649; x_wconf 89' lang='lat' dir='ltr'><strong>discedamus.</strong></span> <span class='ocrx_word' id='word_1_659' title='bbox 376 2617 484 2648; x_wconf 91' lang='lat' dir='ltr'><strong>Ircirco</strong></span> <span class='ocrx_word' id='word_1_660' title='bbox 501 2618 580 2648; x_wconf 89' lang='lat' dir='ltr'><strong>enim</strong></span> <span class='ocrx_word' id='word_1_661' title='bbox 597 2618 742 2648; x_wconf 80' lang='lat' dir='ltr'><strong>elChristi</strong></span> <span class='ocrx_word' id='word_1_662' title='bbox 760 2617 897 2648; x_wconf 91' lang='lat' dir='ltr'><strong>mandato</strong></span> 
     </span>
    </p>
   </div>
   <div class='ocr_carea' id='block_1_80' title="bbox 85 2661 899 2704">
    <p class='ocr_par' dir='ltr' id='par_1_80' title="bbox 85 2661 899 2704">
     <span class='ocr_line' id='line_1_80' title="bbox 85 2661 899 2704; baseline -0.002 -11"><span class='ocrx_word' id='word_1_663' title='bbox 85 2672 133 2704; x_wconf 88' lang='lat' dir='ltr'><strong>pro</strong></span> <span class='ocrx_word' id='word_1_664' title='bbox 147 2662 279 2693; x_wconf 88' lang='lat' dir='ltr'><strong>subsidio</strong></span> <span class='ocrx_word' id='word_1_665' title='bbox 310 2662 430 2702; x_wconf 88' lang='lat' dir='ltr'><strong>utimur,</strong></span> <span class='ocrx_word' id='word_1_666' title='bbox 459 2665 561 2701; x_wconf 90' lang='lat' dir='ltr'><strong>utpote</strong></span> <span class='ocrx_word' id='word_1_667' title='bbox 591 2666 711 2702; x_wconf 75' lang='lat' dir='ltr'><strong>propter</strong></span> <span class='ocrx_word' id='word_1_668' title='bbox 725 2671 790 2698; x_wconf 88' lang='lat' dir='ltr'><strong>nos,</strong></span> <span class='ocrx_word' id='word_1_669' title='bbox 817 2661 899 2691; x_wconf 88' lang='lat' dir='ltr'><strong>inﬁr-</strong></span> 
     </span>
    </p>
   </div>
   <div class='ocr_carea' id='block_1_81' title="bbox 84 2705 898 2747">
    <p class='ocr_par' dir='ltr' id='par_1_81' title="bbox 84 2705 898 2747">
     <span class='ocr_line' id='line_1_81' title="bbox 84 2705 898 2747; baseline -0.002 -9"><span class='ocrx_word' id='word_1_670' title='bbox 84 2708 267 2747; x_wconf 85' lang='lat' dir='ltr'><strong>mitatemque</strong></span> <span class='ocrx_word' id='word_1_671' title='bbox 285 2710 416 2737; x_wconf 88' lang='lat' dir='ltr'><strong>nostram</strong></span> <span class='ocrx_word' id='word_1_672' title='bbox 442 2705 626 2746; x_wconf 81' lang='lat' dir='ltr'><strong>praescripto.</strong></span> <span class='ocrx_word' id='word_1_673' title='bbox 657 2705 771 2737; x_wconf 80' lang='lat' dir='ltr'><strong>idcirco</strong></span> <span class='ocrx_word' id='word_1_674' title='bbox 788 2715 898 2737; x_wconf 90' lang='lat' dir='ltr'><strong>renun-</strong></span> 
     </span>
    </p>
   </div>
   <div class='ocr_carea' id='block_1_82' title="bbox 118 2790 703 2829">
    <p class='ocr_par' dir='ltr' id='par_1_82' title="bbox 118 2790 703 2829">
     <span class='ocr_line' id='line_1_82' title="bbox 118 2790 703 2829; baseline -0.005 -6"><span class='ocrx_word' id='word_1_675' title='bbox 118 2792 143 2817; x_wconf 82' lang='grc'><strong>¹9</strong></span> <span class='ocrx_word' id='word_1_676' title='bbox 156 2793 227 2823; x_wconf 87' lang='lat' dir='ltr'><strong>Luc.</strong></span> <span class='ocrx_word' id='word_1_677' title='bbox 243 2799 295 2828; x_wconf 84' lang='lat' dir='ltr'><strong>vn,</strong></span> <span class='ocrx_word' id='word_1_678' title='bbox 313 2791 362 2822; x_wconf 81' lang='lat'><strong>50.</strong></span> <span class='ocrx_word' id='word_1_679' title='bbox 406 2790 435 2815; x_wconf 62' lang='lat'><strong>20</strong></span> <span class='ocrx_word' id='word_1_680' title='bbox 447 2791 550 2822; x_wconf 83' lang='lat' dir='ltr'><strong>Matth.</strong></span> <span class='ocrx_word' id='word_1_681' title='bbox 568 2799 637 2829; x_wconf 87' lang='lat' dir='ltr'><strong>xxv,</strong></span> <span class='ocrx_word' id='word_1_682' title='bbox 654 2790 703 2822; x_wconf 74' lang='lat'><strong>40.</strong></span> 
     </span>
    </p>
   </div>
   <div class='ocr_carea' id='block_1_83' title="bbox 942 2173 1764 2213">
    <p class='ocr_par' dir='ltr' id='par_1_83' title="bbox 942 2173 1764 2213">
     <span class='ocr_line' id='line_1_83' title="bbox 942 2173 1764 2213; baseline -0.001 -8"><span class='ocrx_word' id='word_1_683' title='bbox 942 2174 1046 2205; x_wconf 89' lang='lat' dir='ltr'><strong>etiam:</strong></span> <span class='ocrx_word' id='word_1_684' title='bbox 1059 2183 1115 2204; x_wconf 85' lang='lat' dir='ltr'><strong>nec</strong></span> <span class='ocrx_word' id='word_1_685' title='bbox 1123 2173 1276 2213; x_wconf 86' lang='lat' dir='ltr'><strong>vigilantes</strong></span> <span class='ocrx_word' id='word_1_686' title='bbox 1292 2173 1391 2211; x_wconf 89' lang='lat' dir='ltr'><strong>modo,</strong></span> <span class='ocrx_word' id='word_1_687' title='bbox 1404 2182 1505 2203; x_wconf 88' lang='lat' dir='ltr'><strong>verum</strong></span> <span class='ocrx_word' id='word_1_688' title='bbox 1519 2174 1606 2203; x_wconf 88' lang='lat' dir='ltr'><strong>etiam</strong></span> <span class='ocrx_word' id='word_1_689' title='bbox 1615 2174 1764 2204; x_wconf 84' lang='lat' dir='ltr'><strong>dormien-</strong></span> 
     </span>
    </p>
   </div>
   <div class='ocr_carea' id='block_1_84' title="bbox 940 2217 1762 2257">
    <p class='ocr_par' dir='ltr' id='par_1_84' title="bbox 940 2217 1762 2257">
     <span class='ocr_line' id='line_1_84' title="bbox 940 2217 1762 2257; baseline 0 -9"><span class='ocrx_word' id='word_1_690' title='bbox 940 2222 984 2248; x_wconf 92' lang='lat' dir='ltr'><strong>tes</strong></span> <span class='ocrx_word' id='word_1_691' title='bbox 995 2218 1222 2257; x_wconf 82' lang='lat' dir='ltr'><strong>aggrediuntur;</strong></span> <span class='ocrx_word' id='word_1_692' title='bbox 1234 2217 1382 2248; x_wconf 87' lang='lat' dir='ltr'><strong>interdum</strong></span> <span class='ocrx_word' id='word_1_693' title='bbox 1395 2217 1515 2257; x_wconf 89' lang='lat' dir='ltr'><strong>quidem</strong></span> <span class='ocrx_word' id='word_1_694' title='bbox 1527 2218 1762 2256; x_wconf 86' lang='lat' dir='ltr'><strong>titillationibus,</strong></span> 
     </span>
    </p>
   </div>
   <div class='ocr_carea' id='block_1_85' title="bbox 940 2262 1762 2298">
    <p class='ocr_par' dir='ltr' id='par_1_85' title="bbox 940 2262 1762 2298">
     <span class='ocr_line' id='line_1_85' title="bbox 940 2262 1762 2298; baseline -0.001 -5"><span class='ocrx_word' id='word_1_695' title='bbox 940 2263 1209 2298; x_wconf 87' lang='lat' dir='ltr'><strong>etexoralionibus;</strong></span> <span class='ocrx_word' id='word_1_696' title='bbox 1224 2262 1374 2292; x_wconf 90' lang='lat' dir='ltr'><strong>interdum</strong></span> <span class='ocrx_word' id='word_1_697' title='bbox 1389 2262 1522 2292; x_wconf 91' lang='lat' dir='ltr'><strong>ciborum</strong></span> <span class='ocrx_word' id='word_1_698' title='bbox 1535 2262 1762 2293; x_wconf 85' lang='lat' dir='ltr'><strong>interdicturum</strong></span> 
     </span>
    </p>
   </div>
   <div class='ocr_carea' id='block_1_86' title="bbox 939 2305 1762 2346">
    <p class='ocr_par' dir='ltr' id='par_1_86' title="bbox 939 2305 1762 2346">
     <span class='ocr_line' id='line_1_86' title="bbox 939 2305 1762 2346; baseline 0 -9"><span class='ocrx_word' id='word_1_699' title='bbox 939 2311 1023 2346; x_wconf 83' lang='lat' dir='ltr'><strong>gustu</strong></span> <span class='ocrx_word' id='word_1_700' title='bbox 1041 2317 1048 2344; x_wconf 92' lang='lat'><strong>;</strong></span> <span class='ocrx_word' id='word_1_701' title='bbox 1065 2306 1212 2337; x_wconf 85' lang='lat' dir='ltr'><strong>interdum</strong></span> <span class='ocrx_word' id='word_1_702' title='bbox 1230 2316 1296 2337; x_wconf 90' lang='lat' dir='ltr'><strong>cum</strong></span> <span class='ocrx_word' id='word_1_703' title='bbox 1307 2305 1431 2343; x_wconf 81' lang='lat' dir='ltr'><strong>lacibus,</strong></span> <span class='ocrx_word' id='word_1_704' title='bbox 1445 2306 1631 2346; x_wconf 74' lang='lat' dir='ltr'><strong>lampadibus</strong></span> <span class='ocrx_word' id='word_1_705' title='bbox 1641 2311 1669 2336; x_wconf 79' lang='lat' dir='ltr'><strong>et</strong></span> <span class='ocrx_word' id='word_1_706' title='bbox 1681 2307 1762 2337; x_wconf 88' lang='lat' dir='ltr'><strong>ensi-</strong></span> 
     </span>
    </p>
   </div>
   <div class='ocr_carea' id='block_1_87' title="bbox 941 2351 1762 2391">
    <p class='ocr_par' dir='ltr' id='par_1_87' title="bbox 941 2351 1762 2391">
     <span class='ocr_line' id='line_1_87' title="bbox 941 2351 1762 2391; baseline 0 -10"><span class='ocrx_word' id='word_1_707' title='bbox 941 2351 995 2381; x_wconf 89' lang='lat' dir='ltr'><strong>hus</strong></span> <span class='ocrx_word' id='word_1_708' title='bbox 1008 2355 1146 2391; x_wconf 89' lang='lat' dir='ltr'><strong>tanquam</strong></span> <span class='ocrx_word' id='word_1_709' title='bbox 1157 2351 1296 2387; x_wconf 89' lang='lat' dir='ltr'><strong>latrones,</strong></span> <span class='ocrx_word' id='word_1_710' title='bbox 1310 2354 1431 2382; x_wconf 78' lang='lat' dir='ltr'><strong>etmare</strong></span> <span class='ocrx_word' id='word_1_711' title='bbox 1452 2351 1598 2381; x_wconf 83' lang='lat' dir='ltr'><strong>latronum</strong></span> <span class='ocrx_word' id='word_1_712' title='bbox 1615 2361 1668 2382; x_wconf 90' lang='lat' dir='ltr'><strong>nos</strong></span> <span class='ocrx_word' id='word_1_713' title='bbox 1682 2351 1762 2382; x_wconf 90' lang='lat' dir='ltr'><strong>inva-</strong></span> 
     </span>
    </p>
   </div>
   <div class='ocr_carea' id='block_1_88' title="bbox 941 2394 1764 2435">
    <p class='ocr_par' dir='ltr' id='par_1_88' title="bbox 941 2394 1764 2435">
     <span class='ocr_line' id='line_1_88' title="bbox 941 2394 1764 2435; baseline 0 -10"><span class='ocrx_word' id='word_1_714' title='bbox 941 2395 1024 2433; x_wconf 89' lang='lat' dir='ltr'><strong>dunt,</strong></span> <span class='ocrx_word' id='word_1_715' title='bbox 1043 2399 1248 2435; x_wconf 87' lang='lat' dir='ltr'><strong>terroremque</strong></span> <span class='ocrx_word' id='word_1_716' title='bbox 1274 2395 1378 2425; x_wconf 89' lang='lat' dir='ltr'><strong>mortis</strong></span> <span class='ocrx_word' id='word_1_717' title='bbox 1405 2394 1564 2425; x_wconf 85' lang='lat' dir='ltr'><strong>incutiunt.</strong></span> <span class='ocrx_word' id='word_1_718' title='bbox 1592 2395 1764 2426; x_wconf 84' lang='lat' dir='ltr'><strong>Percellunt</strong></span> 
     </span>
    </p>
   </div>
   <div class='ocr_carea' id='block_1_89' title="bbox 941 2439 1762 2470">
    <p class='ocr_par' dir='ltr' id='par_1_89' title="bbox 941 2439 1762 2470">
     <span class='ocr_line' id='line_1_89' title="bbox 941 2439 1762 2470; baseline 0.001 -1"><span class='ocrx_word' id='word_1_719' title='bbox 941 2449 993 2470; x_wconf 90' lang='lat' dir='ltr'><strong>nos</strong></span> <span class='ocrx_word' id='word_1_720' title='bbox 1003 2439 1281 2470; x_wconf 84' lang='lat' dir='ltr'><strong>arbitrantes-etiam</strong></span> <span class='ocrx_word' id='word_1_721' title='bbox 1293 2448 1310 2469; x_wconf 91' lang='lat' dir='ltr'><strong>a</strong></span> <span class='ocrx_word' id='word_1_722' title='bbox 1320 2445 1402 2469; x_wconf 79' lang='lat' dir='ltr'><strong>recto</strong></span> <span class='ocrx_word' id='word_1_723' title='bbox 1425 2439 1533 2470; x_wconf 88' lang='lat' dir='ltr'><strong>itinere</strong></span> <span class='ocrx_word' id='word_1_724' title='bbox 1544 2448 1710 2470; x_wconf 89' lang='lat' dir='ltr'><strong>aversuros.</strong></span> <span class='ocrx_word' id='word_1_725' title='bbox 1728 2439 1762 2470; x_wconf 87' lang='lat' dir='ltr'><strong>Et</strong></span> 
     </span>
    </p>
   </div>
   <div class='ocr_carea' id='block_1_90' title="bbox 940 2483 1760 2524">
    <p class='ocr_par' dir='ltr' id='par_1_90' title="bbox 940 2483 1760 2524">
     <span class='ocr_line' id='line_1_90' title="bbox 940 2483 1760 2524; baseline 0 -10"><span class='ocrx_word' id='word_1_726' title='bbox 940 2483 1076 2514; x_wconf 88' lang='lat' dir='ltr'><strong>nonnulli</strong></span> <span class='ocrx_word' id='word_1_727' title='bbox 1091 2483 1213 2523; x_wconf 89' lang='lat' dir='ltr'><strong>quidem</strong></span> <span class='ocrx_word' id='word_1_728' title='bbox 1229 2483 1266 2513; x_wconf 92' lang='lat' dir='ltr'><strong>de</strong></span> <span class='ocrx_word' id='word_1_729' title='bbox 1282 2483 1354 2522; x_wconf 94' lang='lat' dir='ltr'><strong>ipsis</strong></span> <span class='ocrx_word' id='word_1_730' title='bbox 1370 2487 1492 2514; x_wconf 89' lang='lat' dir='ltr'><strong>monent</strong></span> <span class='ocrx_word' id='word_1_731' title='bbox 1507 2484 1571 2514; x_wconf 89' lang='lat' dir='ltr'><strong>ﬁeri</strong></span> <span class='ocrx_word' id='word_1_732' title='bbox 1587 2493 1645 2514; x_wconf 93' lang='lat' dir='ltr'><strong>non</strong></span> <span class='ocrx_word' id='word_1_733' title='bbox 1663 2493 1760 2524; x_wconf 89' lang='lat' dir='ltr'><strong>posse,</strong></span> 
     </span>
    </p>
   </div>
   <div class='ocr_carea' id='block_1_91' title="bbox 940 2528 1762 2569">
    <p class='ocr_par' dir='ltr' id='par_1_91' title="bbox 940 2528 1762 2569">
     <span class='ocr_line' id='line_1_91' title="bbox 940 2528 1762 2569; baseline 0.001 -10"><span class='ocrx_word' id='word_1_734' title='bbox 940 2533 972 2559; x_wconf 89' lang='lat' dir='ltr'><strong>ut</strong></span> <span class='ocrx_word' id='word_1_735' title='bbox 983 2529 1115 2569; x_wconf 89' lang='lat' dir='ltr'><strong>quandiu</strong></span> <span class='ocrx_word' id='word_1_736' title='bbox 1131 2529 1266 2566; x_wconf 89' lang='lat' dir='ltr'><strong>vivimus,</strong></span> <span class='ocrx_word' id='word_1_737' title='bbox 1284 2528 1372 2568; x_wconf 86' lang='lat' dir='ltr'><strong>hujus</strong></span> <span class='ocrx_word' id='word_1_738' title='bbox 1387 2528 1440 2559; x_wconf 67' lang='lat' dir='ltr'><strong>via:</strong></span> <span class='ocrx_word' id='word_1_739' title='bbox 1467 2529 1655 2560; x_wconf 74' lang='lat' dir='ltr'><strong>difﬁcultates</strong></span> <span class='ocrx_word' id='word_1_740' title='bbox 1669 2529 1762 2560; x_wconf 90' lang='lat' dir='ltr'><strong>susti-</strong></span> 
     </span>
    </p>
   </div>
   <div class='ocr_carea' id='block_1_92' title="bbox 940 2573 1761 2614">
    <p class='ocr_par' dir='ltr' id='par_1_92' title="bbox 940 2573 1761 2614">
     <span class='ocr_line' id='line_1_92' title="bbox 940 2573 1761 2614; baseline 0.001 -10"><span class='ocrx_word' id='word_1_741' title='bbox 940 2582 1074 2605; x_wconf 88' lang='lat' dir='ltr'><strong>neamus.</strong></span> <span class='ocrx_word' id='word_1_742' title='bbox 1092 2573 1163 2613; x_wconf 85' lang='lat' dir='ltr'><strong>Alii,</strong></span> <span class='ocrx_word' id='word_1_743' title='bbox 1179 2574 1243 2604; x_wconf 62' lang='lat' dir='ltr'><strong>hac</strong></span> <span class='ocrx_word' id='word_1_744' title='bbox 1259 2582 1324 2604; x_wconf 88' lang='lat' dir='ltr'><strong>esse</strong></span> <span class='ocrx_word' id='word_1_745' title='bbox 1352 2573 1535 2612; x_wconf 76' lang='lat' dir='ltr'><strong>intrugifera,</strong></span> <span class='ocrx_word' id='word_1_746' title='bbox 1554 2578 1582 2604; x_wconf 90' lang='lat' dir='ltr'><strong>et</strong></span> <span class='ocrx_word' id='word_1_747' title='bbox 1596 2584 1661 2614; x_wconf 68' lang='lat' dir='ltr'><strong>quae</strong></span> <span class='ocrx_word' id='word_1_748' title='bbox 1676 2575 1761 2605; x_wconf 88' lang='lat' dir='ltr'><strong>labo-</strong></span> 
     </span>
    </p>
   </div>
   <div class='ocr_carea' id='block_1_93' title="bbox 939 2617 1762 2658">
    <p class='ocr_par' dir='ltr' id='par_1_93' title="bbox 939 2617 1762 2658">
     <span class='ocr_line' id='line_1_93' title="bbox 939 2617 1762 2658; baseline 0.002 -11"><span class='ocrx_word' id='word_1_749' title='bbox 939 2617 1073 2647; x_wconf 82' lang='lat' dir='ltr'><strong>rantibus</strong></span> <span class='ocrx_word' id='word_1_750' title='bbox 1089 2617 1199 2648; x_wconf 90' lang='lat' dir='ltr'><strong>nullam</strong></span> <span class='ocrx_word' id='word_1_751' title='bbox 1233 2623 1342 2657; x_wconf 85' lang='lat' dir='ltr'><strong>queant</strong></span> <span class='ocrx_word' id='word_1_752' title='bbox 1369 2617 1526 2648; x_wconf 87' lang='lat' dir='ltr'><strong>utilitatem</strong></span> <span class='ocrx_word' id='word_1_753' title='bbox 1559 2627 1673 2658; x_wconf 86' lang='lat' dir='ltr'><strong>parere.</strong></span> <span class='ocrx_word' id='word_1_754' title='bbox 1702 2618 1762 2650; x_wconf 90' lang='lat' dir='ltr'><strong>Alii</strong></span> 
     </span>
    </p>
   </div>
   <div class='ocr_carea' id='block_1_94' title="bbox 939 2662 1761 2703">
    <p class='ocr_par' dir='ltr' id='par_1_94' title="bbox 939 2662 1761 2703">
     <span class='ocr_line' id='line_1_94' title="bbox 939 2662 1761 2703; baseline 0.002 -11"><span class='ocrx_word' id='word_1_755' title='bbox 939 2671 1090 2702; x_wconf 86' lang='lat' dir='ltr'><strong>nunquam</strong></span> <span class='ocrx_word' id='word_1_756' title='bbox 1108 2671 1175 2692; x_wconf 90' lang='lat' dir='ltr'><strong>esse</strong></span> <span class='ocrx_word' id='word_1_757' title='bbox 1190 2671 1246 2692; x_wconf 92' lang='lat' dir='ltr'><strong>nec</strong></span> <span class='ocrx_word' id='word_1_758' title='bbox 1262 2662 1325 2692; x_wconf 83' lang='lat' dir='ltr'><strong>fore</strong></span> <span class='ocrx_word' id='word_1_759' title='bbox 1341 2663 1430 2692; x_wconf 89' lang='lat' dir='ltr'><strong>ﬁnem</strong></span> <span class='ocrx_word' id='word_1_760' title='bbox 1448 2663 1535 2702; x_wconf 88' lang='lat' dir='ltr'><strong>hujus</strong></span> <span class='ocrx_word' id='word_1_761' title='bbox 1545 2663 1608 2700; x_wconf 63' lang='lat' dir='ltr'><strong>viai,</strong></span> <span class='ocrx_word' id='word_1_762' title='bbox 1627 2672 1662 2693; x_wconf 90' lang='lat' dir='ltr'><strong>eo</strong></span> <span class='ocrx_word' id='word_1_763' title='bbox 1677 2672 1761 2703; x_wconf 87' lang='lat' dir='ltr'><strong>argu-</strong></span> 
     </span>
    </p>
   </div>
   <div class='ocr_carea' id='block_1_95' title="bbox 940 2705 1762 2748">
    <p class='ocr_par' dir='ltr' id='par_1_95' title="bbox 940 2705 1762 2748">
     <span class='ocr_line' id='line_1_95' title="bbox 940 2705 1762 2748; baseline 0.002 -12"><span class='ocrx_word' id='word_1_764' title='bbox 940 2711 1051 2744; x_wconf 89' lang='lat' dir='ltr'><strong>mento,</strong></span> <span class='ocrx_word' id='word_1_765' title='bbox 1068 2706 1147 2746; x_wconf 89' lang='lat' dir='ltr'><strong>quod</strong></span> <span class='ocrx_word' id='word_1_766' title='bbox 1163 2705 1339 2746; x_wconf 91' lang='lat' dir='ltr'><strong>quibusdam</strong></span> <span class='ocrx_word' id='word_1_767' title='bbox 1355 2715 1403 2737; x_wconf 91' lang='lat' dir='ltr'><strong>res</strong></span> <span class='ocrx_word' id='word_1_768' title='bbox 1432 2715 1535 2746; x_wconf 89' lang='lat' dir='ltr'><strong>parum</strong></span> <span class='ocrx_word' id='word_1_769' title='bbox 1551 2707 1679 2738; x_wconf 81' lang='lat' dir='ltr'><strong>feliciter</strong></span> <span class='ocrx_word' id='word_1_770' title='bbox 1695 2717 1762 2748; x_wconf 92' lang='lat' dir='ltr'><strong>pro-</strong></span> 
     </span>
    </p>
   </div>
  </div>
