1978 3078
196 161 252 193 451

849 159 1038 192 SYMEONIS
1058 157 1232 192 JUNIORIS

1823 155 1887 189 452

195 226 318 268 gloriam
334 225 450 266 videns,
467 230 498 256 ut
512 225 538 257 al
563 226 629 257 aliis
657 225 764 267 qualis,
796 229 824 256 et
852 225 882 257 in
907 228 1016 265 quanta
1026 229 1046 253 Α
1058 229 1124 256 ortu
1139 226 1238 257 insitis
1253 225 1438 267 obisdentur,
1466 230 1495 257 et
1522 225 1553 256 in
1573 225 1674 256 lumen
1690 224 1767 265 quod
1782 223 1888 255 animo

196 273 289 313 gloria
304 272 342 303 sit
371 271 517 312 videatur,
547 272 604 302 hoc
628 271 670 302 illi
700 271 730 301 in
759 275 888 301 mentem
917 270 1018 301 venire

196 326 345 357 nunquam
373 320 480 356 potest.
510 315 656 352 Qumlibet
683 325 762 346 enim
794 321 896 345 sancta
918 315 1018 345 anima

196 362 277 393 omni
302 361 463 402 cupiditate
479 361 580 400 gloria:
595 365 695 392 vacat:
714 359 860 400 siquidem
878 360 971 399 regia,
989 364 1017 390 et

196 405 380 437 lucidissima
408 407 529 446 spiritus
554 405 653 436 tunica
680 409 798 443 ornata,
827 409 856 434 et
871 404 1017 435 immensa

195 451 248 483 Dei
264 451 357 491 gloria
371 451 496 491 repleta,
514 460 574 481 non
595 450 690 481 solum
718 450 876 480 humanam
893 449 1016 488 gloriam

194 507 247 537 pro
264 496 357 527 nihilo
375 499 467 536 putat,
485 495 536 526 sed
553 495 675 525 omnino
693 504 748 525 nec
763 495 798 524 ad
815 494 942 524 oblatam
959 493 1015 524 sibi

193 551 258 573 sese
275 540 429 572 convertit.
445 540 469 571 Α
486 541 545 571 Deo
561 539 669 580 quippe
686 540 756 578 visa,
771 543 799 569 et
811 538 874 578 ipsa
885 538 1013 569 vicissim

194 596 261 617 eum
278 586 393 624 videns,
406 584 497 615 alium
514 584 641 624 aliquem
665 584 816 614 hominem
836 583 947 624 videre,
964 587 1015 614 aut

195 631 231 662 ab
247 631 304 661 alio
317 629 411 661 videri
427 638 577 668 nunquam
594 628 788 659 desiderabit.

236 675 432 712 Quamobrem
449 674 574 704 obsecro
590 683 652 708 vos.
670 675 775 703 fratres
790 673 819 703 iu
831 673 962 710 Christo,
979 681 1016 702 ne

195 721 294 751 verbis
301 720 409 750 dunta\
416 724 444 750 at
454 718 616 749 ineffabilia
628 718 743 748 discere
754 718 890 754 velimus,
901 718 977 758 quod
988 721 1017 748 et

196 765 373 796 docentibus
388 768 417 795 et
432 763 620 794 audientibus
648 773 732 803 aeque
758 767 802 793 est
819 762 1014 802 impossibile.

1060 273 1089 300 et
1103 271 1282 310 cogitatione
1297 271 1430 302 cernitur
1444 271 1584 312 quodque
1609 279 1720 310 primus
1735 269 1744 299 i
1758 269 1784 299 le
1801 272 1894 309 pater

1059 315 1169 356 amisit,
1183 320 1336 357 aspectum
1348 316 1478 356 deﬁgere
1486 316 1600 351 nolunt.
1612 315 1642 346 hi
1656 317 1683 345 in
1696 315 1760 355 ipso
1772 314 1890 344 lumine

1060 363 1155 397 natos,
1172 365 1200 391 et
1221 370 1286 401 quae
1313 361 1434 392 luminis
1459 363 1530 392 sunt
1559 360 1752 391 disserentes.
1780 367 1888 389 eorum

1059 405 1249 436 sermonibus
1262 406 1402 445 perculsi,
1415 415 1466 446 pro
1479 405 1615 436 hostibus
1628 404 1684 435 sibi
1706 403 1889 434 adversariis

1059 449 1182 481 ducunt.
1200 450 1454 486 Quemadmodum
1473 460 1600 490 namque
1615 450 1716 480 radius
1732 448 1813 485 solis,
1833 447 1887 478 ubi

1059 493 1178 526 domum
1196 496 1364 536 quampiam
1381 495 1535 526 obsi-uram
1560 494 1725 532 intraverit,
1743 492 1886 523 tenebras

1056 539 1229 578 utjaculum
1246 544 1390 580 penetrat,
1404 549 1438 570 ac
1449 540 1596 570 dissecat:
1614 539 1653 569 ita
1664 538 1836 578 spiritualis,
1852 541 1885 567 et

1056 584 1149 614 sancti
1173 584 1226 615 viri
1255 594 1272 615 a
1296 584 1356 616 Deo
1378 585 1519 624 inspirata
1546 584 1650 618 oratio.
1682 593 1734 613 ceu
1761 582 1881 621 gladius

1057 636 1166 668 anceps
1182 639 1234 659 cor
1250 629 1380 660 hominis
1394 630 1520 659 carnalis
1536 627 1718 661 consauciat.
1736 627 1824 666 idque
1842 626 1880 656 ad

1057 673 1322 704 contradictionem
1341 678 1368 704 et
1383 673 1495 713 odium,
1511 682 1569 713 prie
1582 672 1757 711 ignorantia.
1773 675 1800 701 et
1812 671 1877 700 inﬁ-

1058 716 1177 747 delitate
1188 717 1336 750 concitat:
1355 718 1415 755 ()ui
1427 722 1526 749 (rutam
1541 719 1695 748 eris-lima!
1713 725 1744 746 se
1758 715 1882 754 aliquid

1057 761 1145 796 scire.
1159 771 1226 793 cum
1238 763 1315 793 nihil
1328 765 1404 794 sciat
1417 762 1459 800 73,
1478 762 1590 793 etiamsi
1606 761 1742 800 angelum
1756 760 1792 790 de
1804 760 1880 790 creto

195 810 296 850 Neque
321 809 398 840 enim
415 808 465 849 qui
481 818 545 849 quae
560 807 622 838 solo
640 808 789 838 intellectu
806 807 1021 847 percipiuntur,
1065 807 1100 838 ad
1115 817 1147 838 se
1161 807 1391 839 descendentem
1408 809 1524 844 viderit,
1542 811 1572 838 ut
1589 808 1696 838 malum
1713 807 1880 837 daemonem

195 860 225 887 et
238 855 337 886 divina
351 859 418 885 sunt
434 854 553 890 docent,
569 862 603 883 ea
614 851 936 892 manilestis’exemplis
950 861 1019 892 per~

194 901 297 941 spicue
312 900 529 934 demonstrare,
556 907 719 937 eorumque
748 887 911 934 veritatem,
939 887 1047 926 utinB

195 945 313 985 negotio
328 944 427 984 aliquo
457 943 594 982 solertes,
624 951 658 973 ac
687 942 748 972 triti
774 944 1014 981 repraesentare:

192 999 249 1021 nec
267 989 318 1030 qui
340 988 496 1024 docentur,
512 996 546 1017 ex
562 987 660 1017 verbis
683 986 754 1017 solis
770 995 872 1017 eorum
888 995 953 1026 quae
968 985 1014 1015 di-

191 1039 298 1066 euntur
314 1033 491 1064 evidentiam
508 1032 623 1062 discere
640 1035 762 1072 possunt
780 1042 785 1059 :
818 1031 869 1062 sed
885 1030 1013 1067 actione,

1066 852 1254 884 adversatur:
1273 858 1302 884 et
1315 854 1448 894 quamvis
1464 853 1646 893 Apostolum,
1664 852 1880 892 quamvispro-

1059 897 1176 937 phelam
1188 898 1251 935 Dei,
1264 899 1351 929 etiam
1364 899 1458 938 ipsum
1470 903 1500 928 ut
1510 899 1599 928 alium
1613 897 1770 938 quemdam
1784 895 1880 926 Simo-

1060 951 1126 972 nem
1143 943 1259 982 Magum
1274 943 1461 974 aliominatur
1479 954 1485 979 ;
1509 947 1536 973 ct
1561 942 1638 982 quod
1657 945 1798 972 extrema:
1813 945 1879 969 sto-

1058 986 1178 1019 liditatis
1206 992 1260 1025 est,
1291 997 1389 1019 czecus
1413 988 1562 1018 cidentem
1593 991 1623 1016 ut
1658 994 1766 1016 caecum
1797 985 1878 1015 ducit

1057 1032 1166 1072 quique
1183 1033 1307 1072 ipsemet
1321 1042 1424 1063 revera
1438 1036 1570 1072 mugator
1582 1036 1637 1066 est,
1652 1031 1716 1070 ejus
1725 1030 1812 1060 verba
1823 1039 1877 1070 pro

192 1078 344 1110 laboribus
360 1082 388 1109 ct
418 1077 578 1108 sudoribus
605 1077 670 1117 ipsa
698 1076 966 1116 comprehendere,
985 1081 1015 1107 et
1058 1077 1142 1114 nugis
1158 1077 1256 1109 habet.
1278 1079 1311 1108 Et
1327 1077 1475 1117 qnmnmlu
1493 1086 1599 1113 uncus,
1617 1076 1705 1116 siqui
1721 1079 1806 1105 noctu
1824 1084 1877 1104 sa:-

191 1123 389 1163 contemplari
404 1123 593 1154 Studeamus:
611 1125 643 1152 ut
655 1121 680 1152 si
697 1121 766 1152 inde
783 1123 869 1151 ctiam
885 1121 1015 1151 rationes
1058 1121 1122 1160 pius
1135 1121 1282 1152 afﬁrmant
1297 1122 1389 1152 solem
1420 1122 1530 1157 lucere,
1545 1122 1646 1150 -ﬁ-lem
1673 1120 1715 1150 eis
1730 1119 1875 1158 adjungit,

192 1168 310 1204 horum,
329 1167 407 1198 velut
431 1176 515 1198 sacra
542 1166 679 1207 mysteria
705 1165 785 1196 docti
814 1165 967 1202 fuerimus,
985 1173 1012 1195 et
1057 1170 1085 1195 et
1099 1175 1215 1196 rursum
1232 1166 1262 1195 in
1279 1166 1403 1196 meridie
1420 1167 1515 1196 furem
1543 1175 1609 1196 esse
1633 1164 1802 1194 dicentibus
1819 1173 1876 1193 non

192 1213 373 1252 gloriﬁeetur
385 1214 474 1248 Deus,
487 1212 530 1242 sic
547 1211 632 1242 nobis
647 1210 837 1250 habentibus,
854 1213 883 1240 et
898 1219 951 1240 nos
963 1218 1016 1249 per
1057 1210 1162 1247 credit,
1180 1211 1336 1250 suspit‘ans
1350 1221 1381 1240 se
1405 1210 1440 1240 ah
1472 1211 1602 1245 utrisque
1632 1208 1728 1248 decipi
1747 1217 1754 1239 :
1773 1213 1797 1238 et
1814 1207 1876 1238 sive

191 1258 309 1288 illorum
335 1257 533 1296 cognitionem
562 1256 762 1296 gloriﬁcrmus
789 1263 868 1291 eum,
891 1254 1015 1294 ipseque
1055 1254 1152 1285 lucem
1170 1256 1198 1285 in
1214 1256 1273 1293 die,
1291 1256 1351 1285 sive
1368 1260 1423 1286 teni
1437 1255 1504 1285 bras
1532 1255 1562 1284 in
1591 1259 1676 1284 nocte
1692 1253 1747 1284 sibi
1765 1253 1874 1293 praelii-

192 1301 338 1341 gloriﬁcct
353 1311 406 1332 nos
422 1301 452 1332 in
469 1301 533 1341 ipso
563 1300 677 1331 Christo
708 1301 769 1330 Deo
785 1304 886 1330 nostro
900 1309 907 1334 ;
924 1307 1012 1338 quem

190 1346 277 1377 decet
294 1346 390 1377 omnis
401 1346 505 1385 gloria,
518 1346 614 1376 honor
626 1349 654 1375 et
678 1345 810 1375 adoratio
826 1353 893 1374 cum
912 1344 1010 1380 Patre,

191 1395 220 1421 et
235 1391 422 1422 sanctissimo
438 1400 474 1422 ac
489 1390 602 1420 viviﬁco
615 1389 736 1430 Spiritu,
750 1398 828 1419 nunc
840 1395 869 1419 et
880 1396 1010 1428 semper,

191 1439 220 1465 et
234 1435 264 1465 in
280 1435 387 1466 szecula
403 1435 589 1466 saeculorum.
605 1435 712 1465 Amen.

468 1487 610 1519 ORATIO
628 1486 743 1519 XXVII.

486 1550 693 1573 ARGUMENTLLM.

189 1589 227 1618 ne
240 1589 353 1618 ιιιτωάα
369 1592 393 1617 ρι
407 1589 512 1625 ardea
525 1597 558 1617 αε
677 1588 819 1624 aratione
833 1587 897 1621 ραω
916 1588 952 1625 δίε
966 1583 1020 1625 οεε
1057 1583 1658 1625 ΕἰΖ¹δέ¹1ἱῗῖξ⁶,ζῖῗζ.⁸¹ί¹ῗῖἱ¹ἶζ’;,ἕ¹¹ῗῖἶῖ¹ζῗξῒῖῗ¹ἒ

433 1612 900 1653 ﬁaﬁsﬂiaiﬁjfﬁl(5.551571%,
915 1612 1016 1653 {ﬁt-71,73
1057 1622 1124 1643 nam
1135 1612 1305 1643 Secundum
1321 1612 1485 1642 secundum
1504 1612 1638 1653 proprias
1652 1612 1783 1651 ipsorum
1799 1620 1873 1641 con-

225 1633 287 1653 cum
302 1626 368 1661 ﬁliis
384 1625 451 1653 lucis
462 1625 639 1654 consociatio.
652 1627 676 1652 et
686 1632 807 1661 quonam
820 1632 871 1660 par

224 1661 367 1697 efficiatur.
386 1661 428 1688 Ad
446 1662 538 1697 ﬁnem,
565 1660 718 1689 sarerdmio
740 1660 853 1696 indigne
866 1660 948 1695 fungi
962 1668 1011 1687 au-

227 1698 353 1726 dentiam
367 1697 522 1725 insectatio.

226 1746 359 1786 Semper,
375 1751 402 1776 et
419 1745 499 1776 omni
516 1745 787 1786 tempore,fratres,
802 1744 879 1775 inter
891 1754 922 1775 se
935 1753 1008 1775 con-

187 1791 277 1822 traria
291 1795 358 1821 sunt
371 1790 419 1820 lux
432 1790 610 1827 ettenebt'w,
621 1790 695 1820 ﬁdes
703 1789 1009 1828 etinﬁdelitas,cogni-

187 1836 227 1866 tio
241 1840 270 1867 et
285 1835 463 1875 ignorantia,
481 1835 610 1865 cbaritas
626 1838 654 1865 et
669 1834 782 1865 odium.
799 1834 872 1864 Nam
888 1843 956 1864 cum
972 1833 1008 1864 ab

184 1880 269 1911 initio
285 1880 408 1910 dixisset
431 1881 519 1919 Deus,
550 1880 618 1910 Fiat
648 1879 701 1910 lux
731 1879 771 1916 Ἠ,
796 1887 889 1919 eaque
917 1879 1009 1909 exsti—

186 1925 283 1961 tisset,
300 1924 380 1955 illico
396 1924 526 1955 tenebrze
538 1928 732 1955 evanuerunt.
751 1925 830 1955 Luce
841 1923 1008 1960 occidente,

185 1969 281 2000 statim
297 1978 354 2000 nox
365 1969 465 2000 rediit.
483 1968 575 1999 Adam
592 1977 661 2000 vero
678 1969 735 2000 ﬁde
750 1969 779 1999 in
802 1968 895 1999 Deum
913 1968 1011 1998 muni-

186 2018 232 2045 tus
247 2023 280 2045 ac
298 2018 386 2051 tutus,
400 2013 662 2053 immortaligloria
677 2012 913 2050 circumfluebat,
932 2019 960 2043 et
977 2013 1007 2043 in

186 2058 322 2099 paradiso
339 2063 412 2089 erat.
428 2058 472 2089 Ab
487 2058 609 2089 inimico
624 2062 722 2090 autem
749 2058 784 2088 ad
801 2057 1006 2089 inﬁdelitatem

184 2103 329 2141 detortus,
342 2108 436 2134 morte
452 2103 618 2141 damnatus,
636 2107 664 2134 et
674 2102 810 2143 paradiso
822 2102 1003 2141 exturbatus,

1055 1304 1156 1330 cantes
1171 1300 1324 1339 ambiguus
1340 1299 1455 1339 rejirit:
1471 1300 1509 1330 ita
1522 1300 1570 1338 qui
1587 1299 1616 1329 in
1635 1298 1768 1330 tenebris
1782 1297 1874 1328 animi

1055 1345 1310 1385 perturbationum
1341 1345 1469 1381 sedent,
1501 1353 1680 1384 scnSumque
1707 1343 1873 1380 ignorantia

1054 1389 1235 1421 obcazcatum
1252 1389 1372 1426 habent,
1385 1389 1428 1419 vel
1443 1390 1551 1429 potius,
1564 1389 1612 1429 qui
1631 1397 1751 1418 sensum
1764 1387 1872 1417 Christi

1054 1443 1112 1464 non
1130 1433 1250 1470 habent,
1266 1433 1359 1473 ipsius
1380 1442 1500 1464 sensum
1528 1433 1698 1472 habentem,
1714 1431 1793 1461 velut
1808 1431 1872 1471 ejus

1053 1482 1215 1518 expertem,
1234 1482 1262 1508 et
1279 1487 1336 1508 non
1354 1478 1513 1509 habentem
1528 1478 1606 1509 velut
1624 1479 1687 1517 ejus
1703 1481 1870 1516 compotem

1019 1530 1037 1554 C
1050 1527 1197 1563 reputant.
1208 1524 1249 1554 De
1260 1522 1367 1562 quibus
1375 1521 1451 1552 bene
1460 1523 1547 1553 David
1563 1523 1724 1562 propheta:
1737 1521 1872 1556 Stultus,

1060 1567 1435 1607 etinsipiensperibunt”.
1456 1567 1682 1603 Quocircatales
1693 1571 1781 1596 totam
1795 1565 1873 1596 divi-

1055 1656 1252 1697 cupiscentias
1280 1656 1452 1696 depravant,
1490 1661 1518 1687 et
1547 1666 1600 1697 pro
1629 1656 1743 1687 vitiosis
1768 1664 1870 1687 eorum

1051 1700 1215 1742 allectibus,
1232 1711 1305 1741 quos
1323 1701 1352 1731 in
1369 1701 1431 1741 ipsa
1447 1711 1503 1731 non
1515 1701 1680 1738 inveniunt,
1694 1700 1746 1731 sed
1757 1700 1870 1731 adulte-

1050 1750 1151 1777 rantes
1166 1755 1231 1776 eam
1259 1746 1421 1786 patiuntur,
1451 1750 1656 1786 corrumpunt.
1674 1745 1754 1776 Cedo
1770 1745 1868 1785 igitur,

1050 1790 1099 1831 qui
1115 1791 1152 1822 de
1166 1790 1255 1821 rebus
1265 1798 1418 1830 perperam
1436 1791 1577 1825 indicant.
1592 1799 1647 1822 nec
1662 1799 1721 1830 prw
1730 1800 1866 1829 arrogan-

1050 1836 1090 1866 tia
1105 1835 1206 1866 doceri
1221 1844 1254 1865 se
1269 1835 1380 1872 sinunt,
1399 1839 1427 1866 et
1443 1835 1512 1866 caeci
1537 1839 1616 1876 sunt,
1640 1839 1721 1866 recte
1737 1844 1867 1875 unquam

1053 1889 1104 1920 pro
1120 1879 1300 1920 semetipsos
1315 1889 1419 1910 sensus
1446 1880 1522 1911 lucis
1544 1885 1723 1920 cognoscent
1738 1882 1751 1910 ‘?
1766 1881 1868 1912 Oculis

1051 1929 1164 1966 captus,
1182 1935 1238 1956 nec
1253 1925 1348 1956 lucem
1365 1925 1495 1960 intuens,
1511 1926 1561 1965 qui
1577 1925 1696 1956 tandem
1713 1926 1826 1957 litteras
1839 1928 1867 1958 in

1052 1970 1118 2001 luce
1132 1970 1226 2010 leget?
1257 1969 1311 2006 Qui
1333 1980 1402 2002 vero
1415 1973 1520 2009 caecus)
1538 1975 1583 2001 est
1597 1980 1698 2006 sensu,
1715 1975 1744 2001 et
1759 1970 1869 2004 Christi

1050 2024 1171 2046 sensum
1186 2015 1255 2045 inse
1269 2025 1328 2046 non
1339 2016 1439 2052 habet,
1452 2015 1600 2055 quomodo
1612 2015 1641 2045 in
1658 2015 1770 2046 lumine
1783 2015 1868 2047 Chri-

1048 2060 1085 2090 sti
1097 2069 1202 2090 sensus
1213 2060 1361 2097 repositos
1371 2069 1405 2090 ac
1420 2059 1589 2091 reconditos
1599 2059 1699 2090 videre
1711 2065 1739 2090 et
1755 2069 1868 2101 expen-

1048 2104 1120 2135 dere
1135 2103 1260 2145 potest?
1289 2104 1380 2140 Talis,
1398 2104 1530 2145 quamvis
1546 2104 1655 2134 millies
1671 2105 1868 2137 exterioribus

184 2157 237 2187 pro
252 2147 351 2178 divina
367 2147 572 2188 spiritualique
602 2147 768 2187 cognitione
785 2147 933 2178 carnalem
951 2157 1003 2179 co-
1018 2149 1142 2190 Doculis
1155 2149 1267 2189 scripta
1281 2158 1401 2179 sensum
1428 2148 1574 2180 moventia
1597 2148 1686 2188 legat,
1704 2158 1864 2190 nunquam,

181 2192 346 2232 gnitionem
361 2192 487 2232 recepit.
505 2192 621 2223 Etenim
636 2192 729 2223 oculis
753 2192 859 2222 animae
873 2192 1004 2229 orbatus,

183 2237 300 2277 vitaque
318 2237 441 2277 perenni
457 2237 611 2277 spoliatus,
636 2237 790 2278 corporeis
806 2237 900 2268 oculis
913 2238 1006 2275 coepit

181 2281 329 2322 aspicere,
345 2281 441 2322 iisque
457 2281 652 2312 sensibilibus
673 2287 702 2312 et
725 2282 955 2322 aspectabilibus
970 2292 1005 2314 ex

181 2327 381 2357 rommotione
390 2325 1002 2367 atlJectis,cognovitEvamuxoremsuam,

181 2380 247 2411 qua:
261 2371 398 2412 concepit
413 2371 566 2412 etpeperit
578 2371 649 2403 Cain
657 2372 699 2402 75.
718 2371 811 2402 Porro
828 2371 892 2402 talis
906 2372 993 2411 cogni

182 2418 222 2446 tio
238 2425 306 2447 vere
318 2418 414 2447 omnis
428 2417 499 2448 boni
510 2416 675 2456 ignorantia
687 2421 741 2454 est,
754 2417 820 2448 Nisi
831 2416 910 2448 enim
924 2417 1005 2456 prius

180 2459 310 2491 divinam
340 2461 539 2501 cognitionem
578 2461 782 2502 visionemque
811 2462 1002 2502 perdidisset,

180 2515 331 2546 nunquam
356 2506 386 2536 in
411 2506 497 2536 istam
522 2506 720 2546 cognitionem
746 2506 899 2536 devolutus
912 2510 1000 2537 esset.

180 2549 230 2581 Sic
245 2550 354 2581 deinde
370 2554 398 2581 et
409 2549 479 2581 Cain
494 2551 570 2581 ﬁlius
580 2551 655 2592 ejus,
679 2551 735 2582 nisi
751 2554 820 2582 ante
840 2551 870 2582 in
886 2551 1000 2589 odium,

180 2599 209 2625 et
224 2595 365 2625 invidiam
382 2604 450 2634 erga
479 2595 553 2626 Abel
580 2596 701 2627 fratrem
727 2605 813 2626 suum
829 2595 1000 2637 exarsisset,

178 2648 238 2671 non
246 2639 272 2670 ei
284 2649 390 2671 necem
401 2640 556 2672 attulisset.
570 2640 717 2682 Quotquot
727 2640 815 2681 igitur
826 2641 958 2672 tenebris
966 2641 1003 2672 ab

218 2728 250 2753 τι
265 2728 339 2761 Gen.
357 2729 420 2770 1,3.
466 2729 498 2755 75
513 2728 587 2761 Gen.
604 2737 644 2770 ιν,
664 2730 691 2761 1.

221 2814 281 2854 (l3)
299 2813 397 2846 Verba
411 2813 513 2847 Graeca
527 2818 598 2847 cunt
621 2814 688 2855 ipsa
705 2824 713 2847 ε
743 2816 776 2844 Ὠ
804 2816 849 2844 τοῦ
870 2817 1003 2854 θαύματος

173 2853 228 2883 ’ὅτιν
250 2853 384 2894 imperito:
427 2859 485 2893 Θεῷ
513 2855 614 2885 ἑνοῦται
634 2853 841 2897 innupta-uxrio,
874 2853 924 2886 aut
947 2866 1002 2884 σω·

735 2729 767 2755 76
781 2729 794 2761 Ι
810 2729 880 2762 Cor.
898 2737 963 2767 vm,
980 2727 1010 2760 2.

1047 2192 1357 2233 opinor,spiritualia,
1387 2197 1415 2224 et
1445 2193 1577 2224 materize
1605 2193 1749 2233 expertia,
1767 2198 1795 2225 et
1811 2195 1866 2226 luci

1046 2237 1156 2269 similia
1188 2238 1218 2268 in
1247 2242 1392 2269 nocturno
1420 2247 1454 2269 ac
1485 2237 1642 2269 tenebroso
1672 2238 1736 2269 loco
1768 2239 1865 2270 videre

1045 2286 1144 2323 queat.
1162 2282 1254 2313 Nemo
1270 2282 1369 2323 itaque
1387 2292 1438 2313 Vos
1456 2282 1592 2314 seducet.
1609 2282 1687 2313 Deus
1703 2283 1752 2314 lux
1768 2288 1822 2321 est,
1839 2289 1866 2315 et

1046 2327 1152 2367 quibus
1168 2328 1345 2367 conjunctus
1361 2327 1461 2364 fuerit,
1478 2337 1543 2358 cum
1556 2327 1593 2357 iis
1605 2337 1660 2366 pro
1675 2328 1767 2366 gradu
1783 2329 1863 2368 puri-

1047 2373 1114 2403 tatis
1123 2372 1254 2413 ipsorum
1268 2372 1430 2404 claritatem
1444 2382 1526 2403 suam
1539 2371 1749 2405 communicat.
1770 2375 1865 2413 Atque

1046 2420 1116 2448 tunc
1131 2418 1275 2448 exstincta
1290 2417 1404 2457 lampas
1429 2417 1546 2454 animae,
1572 2416 1602 2447 id
1620 2421 1674 2454 est,
1693 2426 1776 2448 mens
1789 2418 1863 2449 divi-

1046 2470 1116 2492 num
1140 2461 1238 2500 ignem
1266 2471 1298 2493 se
1321 2461 1570 2502 circumplexum,
1597 2465 1626 2492 et
1652 2462 1863 2494 radaccensum

1044 2515 1109 2537 essa
1127 2506 1290 2546 cognoscit.

1083 2549 1108 2583 Ο
1123 2550 1199 2582 mira
1215 2560 1275 2589 res,
1293 2551 1381 2582 homo
1405 2551 1466 2582 Deo
1493 2551 1688 2592 spiritualiter
1702 2553 1863 2593 corporali-

1043 2599 1147 2637 terque
1158 2595 1260 2627 unitur
1274 2596 1330 2633 (l3)
1343 2605 1349 2627 :
1361 2596 1509 2637 siquidem
1531 2596 1630 2627 anima
1652 2607 1709 2628 non
1721 2607 1738 2628 a
1752 2603 1861 2638 mente,

1043 2651 1099 2672 nec
1114 2640 1150 2672 ab
1165 2640 1265 2672 anima
1276 2650 1385 2681 corpus
1401 2641 1576 2682 sejungitur,
1590 2646 1619 2673 et
1631 2643 1744 2674 unione
1759 2652 1861 2675 essen-

1052 2728 1082 2754 77
1099 2727 1177 2760 Psal.
1195 2735 1298 2766 XLVIII,
1315 2728 1364 2760 tt.

1044 2817 1180 2863 μῖιτιδξῶςζ
1193 2812 1269 2863 εἴτξερ
1290 2814 1320 2862 ob
1347 2815 1487 2863 χωρξςεξιι
1500 2818 1567 2863 ..τοῦ’
1593 2817 1679 2863 νοῇ-ἡ
1692 2857 1697 2863 Ι
1708 2817 1784 2863 «lup-Li.
1809 2817 1863 2863 olidi:

1043 2857 1094 2888 τῆς
1109 2855 1202 2894 ψυχῆς
1216 2855 1247 2882 τὸ
1274 2855 1364 2892 σῶμα.
1389 2854 1457 2883 ἀλλὰ
1483 2858 1517 2893 τῇ
1543 2855 1674 2887 οὖσιωδώς
1689 2854 1780 2885 smack;
1795 2858 1864 2896 γίνε-
