1978 3078
99 193 168 228 453
816 198 908 230 ORA']

979 194 1103 229 XXVII.
1739 193 1796 225 454

101 263 183 301 tiali,
200 264 287 294 etiam
318 265 405 295 homo
434 273 486 304 per
514 265 626 304 gratian
654 266 859 304 tonandum-.0;
888 265 928 294 tit.
943 269 961 292 A
975 267 1002 294 et
1018 262 1170 302 conspicui
1185 266 1336 302 appareat.
1351 262 1422 303 Quis
1431 271 1501 301 ergo
1512 261 1696 292 Christianus
1706 261 1796 293 hosce

102 318 189 338 unus
206 318 259 348 per
274 309 462 347 adoptionem
489 310 577 348 Deus,
605 320 640 340 ex
655 319 780 350 corpore
796 309 935 340 videlicet
977 308 1161 340 Christianos
1177 306 1370 337 nominabit?

103 357 137 382 et
164 353 274 391 anima,
293 358 322 384 et
340 354 435 394 (cujus
465 354 557 384 factus
586 358 630 385 est
661 354 819 394 particeps)
835 353 934 384 tlivino
1017 352 1126 383 Verum
1142 352 1285 382 hactenus
1300 355 1401 381 contra
1416 361 1467 381 eos
1494 350 1543 391 qui
1560 351 1658 381 omnia
1673 351 1751 383 scire
1767 357 1796 384 et

102 396 223 436 Spiritu
240 402 389 434 constans,
420 397 618 438 impleturque
635 403 703 429 tunc
728 398 801 428 illud
818 398 935 428 Davidis
976 397 1076 428 dicere
1090 404 1246 434 conantur,
1278 401 1306 426 et
1335 396 1505 427 existimant
1533 405 1564 426 se
1593 396 1703 436 aliquid
1729 407 1795 429 esse

102 441 931 482 prophetmzfigodiximiiestis,elﬁliiExcclsiomnesTS.
975 452 1040 473 cum
1058 442 1131 473 nihil
1147 442 1214 478 sint,
1234 441 1312 472 velut
1327 441 1355 470 in
1386 440 1473 480 cippo
1503 440 1608 479 qualec
1632 441 1691 472 sint
1705 443 1794 472 Chri-

103 485 177 516 Filii
190 486 304 516 Exeelsi
315 486 478 516 secundum
497 487 655 526 imaginem
669 487 723 516 vidi
736 486 931 522 |icet,simili-
973 487 1061 518 stiani
1078 487 1254 517 docuimus:
1290 490 1320 516 ut
1336 494 1402 515 sese
1415 495 1481 515 cum
1498 485 1655 525 archetypo
1671 495 1792 527 compa-

102 530 406 571 tudinemqueAltiss
421 531 459 560 mi
475 540 481 561 :
505 531 603 561 divina
617 533 772 571 progenies
785 541 820 561 ex
833 531 931 561 divino
973 538 1084 569 rantes,
1103 535 1245 571 quantum
1274 539 1291 560 a
1320 539 1461 568 germane
1491 529 1668 560 Christianis
1684 531 1791 569 absint,

101 572 219 613 Spiritu
236 585 243 613 ;
259 575 366 615 quibts
378 575 450 605 di.\it
464 576 568 606 merito
583 575 735 612 Dominus,
753 584 932 615 semperque
973 577 1147 616 intelligant.
1159 576 1202 607 Ad
1215 585 1265 605 vos
1276 579 1375 605 autem
1388 573 1494 605 Christi
1508 583 1619 614 servos,
1634 579 1663 606 et
1678 576 1794 608 discere

99 618 189 648 dicit:
201 619 355 650 .llanctet'n
364 629 419 656 me,
432 621 597 659 ulfructum
605 621 731 650 multum
739 620 928 660 am’ralisiﬁ'.
972 621 1138 660 cupientes,
1155 625 1328 660 paratosque
1340 619 1374 649 ad
1388 618 1580 656 audiendum,
1593 620 1792 652 universitatis

103 663 248 693 Fructum
261 664 397 703 intelligit
409 673 511 695 eorum
530 665 643 705 copiam
674 664 722 705 qui
741 664 817 704 apud
833 665 928 704 ipsutn
971 665 1114 697 Dominus
1141 675 1193 706 per
1207 669 1308 695 sancta
1322 664 1484 703 Evangelia
1500 673 1552 694 sua
1568 663 1672 695 clamat
1688 677 1694 696 :
1714 666 1792 698 Dum

99 707 272 738 salvantur:
307 709 438 744 l’ulmes,
466 709 570 749 inquit,
589 711 648 740 nisi
663 713 810 740 inmiserit
824 712 853 739 in
870 713 931 740 vile
972 709 1067 740 lucem
1086 710 1212 750 habetis,
1237 709 1276 740 ad
1292 709 1392 740 lumen
1405 709 1526 745 currite,
1548 718 1651 740 ueros
1667 712 1792 742 (cliebrw

99 753 227 789 arescit,
244 756 270 783 et
287 753 319 783 in
333 755 433 792 ignem
450 754 591 785 mittitur.
605 753 724 784 illanetc
735 755 828 794 igitur
840 755 929 784 cosio
971 755 1273 794 comprehendunﬂl
1292 754 1408 784 Currite
1425 763 1478 793 per
1493 753 1693 790 pmnitentiam
1707 755 1735 786 in
1748 756 1793 786 via

98 803 162 831 me,
181 801 208 826 et
221 805 273 836 ego
288 799 320 827 in
337 797 419 828 vobis
433 798 474 828 79.
491 797 644 834 Quomodo
662 798 749 837 igitur
765 803 882 829 maneat
898 799 927 829 in
971 801 1175 830 mandatorum
1191 799 1268 839 ejus,
1281 799 1402 829 currite.
1417 798 1532 829 Currite
1544 798 1614 828 dum
1626 799 1712 830 durat
1728 800 1792 840 ejus

99 839 201 876 nobis,
234 846 262 871 et
289 843 436 881 quomodo
467 843 595 873 vicissim
627 853 681 873 nos
711 852 882 874 maneamus
899 846 926 873 in
970 844 1157 882 illuminutio,
1172 845 1342 885 priusquam
1354 853 1409 873 nox
1423 842 1524 873 mortis
1537 839 1792 884 voscomprehen-

98 884 180 924 ipso,
193 885 411 927 Dominusipse
429 887 528 918 docuit
552 887 610 918 illis
629 888 739 926 verbis,
762 890 802 919 Tu
821 889 925 929 Pater,
939 919 956 929 η
969 889 1028 926 dat,
1041 893 1068 919 et
1082 889 1118 919 ad
1130 889 1267 920 tenebras
1279 887 1697 929 sempiternasamandemini.
1713 890 1790 921 Cur-

99 919 134 960 iit
149 919 207 967 me,
219 936 246 962 et
256 941 308 970 ego
319 935 349 963 in
361 919 402 972 le,
414 937 441 964 et
451 933 522 963 Itiin
532 942 590 973 me,
603 937 630 964 et
642 943 696 972 ego
708 919 738 964 iii
761 933 822 964 illis
834 933 875 963 δῦ.
892 919 957 964 ElB
969 919 1035 970 rite],
1054 935 1188 974 quaerite,
1215 919 1352 974 pulsate:
1370 937 1400 963 ut
1426 932 1516 972 janua
1546 932 1630 972 regni
1646 934 1789 965 caelorum

99 974 180 1005 istud
193 976 292 1006 volens
304 978 492 1014 confirmare,
514 977 618 1008 iterato
638 978 695 1009 ait:
715 979 754 1009 [Ii
772 978 805 1009 in
822 987 879 1018 me,
897 983 927 1009 et
969 978 1050 1008 vobis
1065 978 1226 1018 aperiatur,
1241 983 1271 1009 et
1285 977 1349 1008 sitis
1364 977 1440 1008 intra
1457 977 1539 1017 illud,
1556 982 1584 1008 et
1599 977 1694 1017 ipsum
1712 978 1789 1010 intra

98 1023 130 1050 et
141 1028 195 1058 ego
207 1021 237 1051 in
252 1021 321 1058 illis,
334 1024 420 1053 sicut
432 1027 475 1059 tu,
492 1023 598 1063 Pater,
611 1026 643 1053 in
655 1032 712 1060 me,
725 1028 754 1053 et
773 1032 826 1063 ego
842 1026 924 1059 inte,
967 1031 1017 1053 vos
1033 1023 1220 1063 possidealis.
1239 1022 1294 1059 Qui
1310 1022 1389 1052 enim
1406 1026 1474 1052 ante
1504 1021 1541 1052 de
1564 1022 1620 1052 hac
1634 1023 1690 1052 vita
1706 1023 1789 1055 exie-

99 1068 136 1094 ul
147 1068 177 1095 et
188 1066 246 1104 ipsi
259 1067 291 1097 in
306 1067 391 1098 nobis
412 1077 504 1098 unum
525 1070 584 1099 sint
599 1069 639 1099 δι.
656 1069 761 1099 Adhuc
778 1077 878 1108 porro,
894 1073 926 1099 ut
967 1072 1045 1098 runt.
1063 1077 1151 1108 quam
1168 1068 1196 1098 id
1214 1067 1421 1107 acquisissent,
1445 1066 1495 1096 ubi
1522 1066 1640 1097 tandem
1656 1067 1692 1097 ad
1709 1077 1789 1099 mor—

98 1108 292 1151 audientibus
309 1111 424 1151 plenam
442 1112 529 1142 ﬁdem
557 1122 590 1143 ac
621 1116 732 1143 certam
749 1112 845 1149 faciat,
863 1113 925 1143 haec
968 1115 1031 1142 tuos
1049 1112 1170 1152 profecti
1190 1112 1259 1142 illud
1277 1110 1452 1152 reperient?
1478 1110 1531 1141 Hic
1547 1120 1617 1150 ergo
1633 1115 1746 1151 petere,
1760 1118 1790 1144 et

98 1153 352 1193 adjungit28icut
364 1159 394 1187 tu
407 1165 452 1187 me
463 1157 610 1193 dilexisti,
621 1166 672 1196 ego
693 1157 760 1187 illos
773 1157 925 1189 dile.ri:et
966 1165 1110 1196 quaerere.
1137 1161 1166 1187 el
1187 1157 1306 1197 pulsate
1335 1155 1364 1186 ίη
1394 1155 1566 1195 Ροεηίῑεηιίίι
1594 1162 1625 1186 el
1652 1157 1788 1198 lacrimis

94 1198 920 1241 gloriomquamdedislimilti.(Ietlicls.utsintunum,
961 1201 1039 1240 jussi
1053 1211 1178 1238 sumus;
1205 1205 1234 1231 et
1262 1201 1305 1231 sic
1334 1199 1523 1238 facientibus,
1555 1200 1698 1232 Dominus
1712 1203 1741 1233 id
1757 1212 1788 1234 se

96 1244 176 1274 sicut
188 1253 243 1275 nos
256 1254 465 1277 unumsunms
476 1247 517 1277 82,
535 1249 616 1277 patet
635 1257 716 1285 ergo,
731 1247 807 1278 sicut
823 1252 923 1279 manet
964 1245 1050 1276 nobis
1072 1246 1208 1277 daturum
1225 1249 1268 1277 est
1285 1245 1449 1286 pollicitus.
1464 1244 1547 1281 Quod
1564 1245 1589 1276 si
1605 1246 1660 1276 hoc
1675 1246 1785 1288 facere,

97 1287 225 1319 Paterin
244 1291 317 1321 Filio
333 1301 398 1329 suo,
417 1296 445 1322 et
462 1292 553 1322 Filius
566 1292 595 1322 in
612 1292 679 1322 sinu
699 1292 802 1332 Patris,
820 1302 924 1323 secun-
964 1295 993 1320 et
1005 1290 1120 1321 Christo
1135 1291 1259 1322 Domino
1270 1287 1788 1327 obediredetractabimus,utadhuc

97 1333 168 1362 dum
187 1339 319 1365 naturam
335 1347 341 1364 :
374 1336 415 1366 sic
432 1337 518 1367 etiam
535 1337 584 1377 qui
602 1337 629 1366 in
646 1337 766 1367 veritate
782 1337 921 1368 credide-
964 1335 1137 1375 superstites
1152 1335 1189 1366 ab
1219 1335 1282 1375 ipso
1310 1344 1435 1373 regnum
1466 1335 1612 1365 oculorum
1640 1335 1717 1366 intra
1733 1346 1787 1367 nos

96 1382 177 1414 runt,
196 1383 223 1409 et
254 1389 306 1419 per
331 1379 474 1418 Spiritum
502 1386 634 1412 sanctum
660 1382 824 1420 regenerati
840 1388 919 1419 sunt,
963 1379 1100 1418 accipere
1116 1380 1301 1416 festinemus,
1318 1390 1417 1410 nonne
1443 1390 1508 1410 curn
1532 1380 1602 1410 illuc
1618 1381 1785 1412 excesseri-

96 1420 267 1463 Christique
283 1433 316 1455 ac
333 1424 386 1456 Dei
402 1435 454 1465 per
479 1427 544 1465 ejus
567 1425 676 1456 donum
694 1426 761 1456 facti
777 1430 844 1457 sunt
860 1427 921 1457 [ειδ-
963 1433 1040 1460 mus,
1055 1425 1161 1455 merito
1173 1425 1320 1455 dicentem
1338 1424 1423 1455 nobis
1435 1424 1602 1461 audiemus,
1619 1425 1689 1465 quid
1707 1435 1785 1457 nunc

98 1470 169 1510 tres,
187 1471 214 1498 et
232 1468 285 1498 ﬁlii
302 1470 367 1510 Dei,
385 1474 413 1500 et
427 1470 588 1510 adoptione
617 1471 670 1508 dii,
686 1480 809 1502 munere
824 1481 875 1502 eos
890 1471 919 1502 in
963 1469 1104 1509 quteritis,
1117 1469 1194 1510 quod
1207 1479 1224 1500 a
1236 1479 1282 1499 me
1295 1469 1424 1500 oblatutn
1434 1469 1517 1499 vobis
1531 1469 1668 1510 accipere
1685 1471 1784 1502 nolui-

96 1509 159 1540 Deo
177 1521 230 1551 per
251 1515 384 1551 gratiam,
402 1519 431 1545 et
445 1509 538 1545 Deum
556 1515 586 1545 in
602 1515 671 1545 illis,
962 1514 1015 1544 stis
1026 1517 1040 1545 ?
1062 1509 1166 1545 Nonne
1178 1523 1384 1554 smpenumero
1395 1514 1531 1545 hortante
1543 1509 1604 1555 me,
1620 1519 1650 1545 ut
1665 1515 1782 1547 labora-

137 1555 230 1591 Quam
247 1558 284 1588 ob
299 1568 417 1589 causam
434 1560 484 1600 qui
511 1560 583 1590 talus
607 1570 665 1590 non
681 1564 848 1597 evaserunt,
866 1559 1042 1595 neccretis,
1061 1564 1089 1589 et
1111 1559 1140 1590 id
1165 1569 1182 1590 a
1211 1569 1258 1590 me
1287 1559 1456 1600 sumeretis,
1487 1569 1536 1590 vos
1565 1560 1735 1598 recusastis,
1756 1566 1784 1592 et

94 1601 223 1639 actione,
251 1607 279 1633 et
304 1604 487 1644 cognitione,
513 1605 754 1644 spectationeque
783 1604 920 1635 universe
961 1604 1203 1645 contempsistis:
1236 1604 1494 1644 pereuntiumque,
1531 1614 1565 1635 ac
1595 1609 1782 1637 terrenorum

94 1651 162 1676 sunt
170 1646 328 1685 immutati,
340 1649 487 1688 quomodo
495 1650 611 1689 seipsos
621 1650 770 1689 appellare
780 1649 920 1680 Christia-

95 1699 149 1720 nos
166 1701 224 1721 non
241 1697 410 1725 verentur?
437 1694 585 1732 quomodo
614 1704 648 1724 os
673 1693 804 1734 aperire,
822 1694 919 1734 deque.

94 1735 217 1766 occultis
233 1737 392 1776 mysteriis,
412 1738 490 1769 velut
505 1748 594 1779 super
609 1743 731 1769 stratum
756 1739 917 1778 neglectim

92 1779 425 1822 jacentesimpudenter
441 1783 519 1824 loqui
535 1783 669 1814 audent?
683 1783 830 1823 quomodo
841 1783 918 1815 inter

95 1823 286 1866 Christianos,
303 1823 551 1867 etspiritualeSSc
564 1838 722 1860 numer..rc
735 1838 793 1858 non
808 1829 917 1868 pudet?

96 1870 242 1908 quomodo
259 1873 448 1903 sacerdotum
475 1882 653 1912 assessores,
680 1873 872 1913 corporisque
888 1877 916 1903 et

95 1914 246 1953 sanguinis
261 1915 379 1947 Domini
404 1918 542 1955 sacriﬁci,
567 1922 597 1948 et
617 1917 745 1948 ministri
774 1926 842 1948 esse
857 1928 915 1948 non

95 1958 350 1997 perhorrescunt?
378 1961 501 1993 Prorsus
531 1962 634 1993 mirari
664 1962 735 1993 satis
750 1971 809 1993 non
825 1971 911 2002 queo.

94 2002 149 2034 Sed
167 2004 305 2036 nimirum
318 2007 434 2038 czecitas
444 2007 561 2044 mentis,
580 2012 611 2038 ut
623 2007 733 2038 dictum
747 2011 801 2046 est,
815 2007 913 2038 illius-

94 2057 149 2088 que
164 2049 286 2081 comites
302 2055 405 2092 stupor
418 2056 447 2082 et
471 2052 607 2092 stultitia,
635 2056 664 2083 et
692 2053 762 2083 hinc
787 2061 914 2083 nascens

93 2093 269 2137 arrogantia,
287 2095 343 2126 tale
369 2104 485 2133 aurum,
514 2097 912 2137 pretiosissimumquelapi-

93 2136 157 2166 dem
169 2137 264 2178 ipsum
277 2139 437 2170 Dominum
448 2145 580 2171 nostrum
593 2142 693 2172 Jesum
707 2136 914 2181 Christum,ut

94 2182 182 2212 lutum
199 2184 374 2216 conculcare
391 2186 469 2217 facit.
496 2185 519 2217 Ο
545 2187 698 2218 audaciam
722 2186 909 2224 horribilem,

93 2227 172 2266 cujus
182 2227 311 2268 impulsu
321 2233 460 2271 tanquam
473 2231 630 2262 sublimem
639 2232 762 2270 gradum
770 2240 912 2262 conscen-

93 2271 170 2308 tlunt,
181 2272 258 2309 utibi
269 2277 390 2312 stantes,
405 2275 514 2306 intima:
528 2276 708 2307 multitudini
717 2276 908 2314 excellentes,

130 2353 158 2377 78
173 2353 248 2384 Psal.
266 2362 365 2393 Lxxxt,
382 2355 412 2386 6.
456 2356 497 2380 78'
513 2355 587 2386 Joan
616 2364 668 2393 xv,
684 2356 714 2390 4,
731 2356 760 2386 8.

91 2392 116 2413 8³
130 2394 211 2424 Joan.
229 2403 281 2433 xu,
297 2395 347 2426 35.
391 2395 423 2420 84
436 2395 522 2427 Joan.
537 2404 580 2436 tu,
598 2395 647 2428 36.

91 2484 130 2501 ut.
157 2476 360 2512 τριωπὸπιτος
400 2477 467 2504 κατὰ
501 2477 591 2516 χάριν,
635 2478 678 2505 καὶ
714 2478 727 2504 ὁ
757 2476 902 2515 ἅνθρωπος,

92 2514 130 2545 εἷς
159 2514 227 2542 θέσει
257 2516 314 2547 θεὸς
339 2515 369 2543 ἐκ
400 2514 524 2553 edux-.0}
549 2514 592 2545 zzi
621 2519 726 2556 ψυχῆς,
755 2514 808 2545 κκὶγ
827 2519 905 2556 οὗπερ

92 2553 226 2595 [is-talltqu
248 2557 316 2583 Θεῖου
338 2556 497 2594 πνεύματος,
529 2558 572 2585 καὶ
600 2553 746 2596 alaeue-.1:
775 2553 904 2590 τη-ιιχαὺλ-

90 2605 120 2621 τοι
132 2595 160 2622 τὸ
175 2595 310 2634 εἰρημένον
324 2597 374 2624 ὑπὸ
396 2600 447 2637 ,τοῦ
472 2598 606 2637 προφήτου
629 2596 708 2625 Δαϐίδ
730 2597 800 2635 Ἐγὼ
817 2597 883 2637 εἶπα
895 2606 904 2615 θ

92 2636 145 2662 Θεοί
168 2632 237 2670 Este,
254 2637 297 2664 καὶ
321 2637 370 2664 υἶοὶ
396 2632 654 2675 Ἰ¹ψίστὸυ”πάπίτες,
679 2636 736 2665 καθ’
752 2638 839 2666 εἰκόνα
853 2636 905 2671 δη-

91 2673 162 2714 λαδὴ,
191 2676 234 2704 καὶ
263 2677 320 2704 x10'
349 2677 474 2713 ὁμοίωσιν
503 2677 549 2705 τοῖν
588 2673 723 2717 Ἰψίὲτου,
752 2678 905 2716 γενιιῆμιτπ

91 2716 143 2742 esu
157 2715 186 2757 ἐιξ
200 2719 247 2744 τοῦ
266 2717 341 2757 Delon
362 2717 524 2754 Πνεύματος.
556 2716 703 2755 Occurrit,
717 2715 801 2757 quod
815 2719 904 2748 Jure-

90 2755 247 2798 consultus,
259 2755 292 2798 tt,
307 2757 347 2787 De
357 2757 484 2795 legibus,
506 2761 627 2798 monet:
650 2755 906 2798 Benigniusleges

90 2796 268 2837 interpretati
274 2797 405 2834 dwsunt,
416 2806 474 2837 quo
480 2797 621 2828 voluntas
627 2806 731 2829 earum
744 2796 904 2829 conserue-

90 2838 142 2866 tur.
150 2835 194 2878 Et:
203 2836 244 2878 Iit
252 2837 394 2878 ambigua
403 2835 471 2868 voce
481 2838 568 2878 legis,
577 2847 612 2869 ea
619 2839 721 2877 potius
732 2838 906 2877 accipienda

89 2878 130 2906 est
143 2877 341 2949 signiﬁcatio,
357 2886 425 2918 quae
440 2877 517 2909 vitio
527 2881 629 2909 caret:
645 2878 819 2918 praesertim
839 2886 908 2909 cum

89 2916 170 2948 etiam
182 2926 218 2948 vo
232 2920 324 2949 untas
335 2917 412 2949 leuis
418 2926 457 2949 ea:
467 2918 523 2949 hoc
534 2917 636 2949 colliai
643 2919 748 2949 nossit.
764 2916 846 2949 Idem
854 2926 908 2949 eeo

89 2916 324 2950 etiam’voluntas
331 2916 412 2958 ἰερω
418 2926 457 2949 ea:
467 2918 523 2950 hoc
534 2917 636 2959 colligi
640 2916 748 2958 possit.
764 2916 846 2950 Idem
854 2926 908 2959 ego

804 2356 835 2381 79
849 2355 921 2386 lbitl.
942 2356 972 2385 4.

690 2397 722 2421 ³3
736 2397 841 2428 Matth.
858 2404 926 2433 xxv,

960 1649 1140 1689 voluptatem
1157 1649 1350 1689 prmtu‘istis?
1379 1649 1492 1685 Quibus
1520 1659 1590 1688 ergo
1619 1649 1715 1688 factis,
1733 1655 1784 1682 aut

960 1703 1017 1733 qua
1039 1694 1174 1734 pratione
1191 1694 1218 1724 id
1235 1694 1265 1724 in
1291 1698 1442 1734 posterum
1469 1694 1602 1725 invenire
1619 1695 1752 1734 poteritis
1768 1696 1783 1725 ‘?

960 1737 1154 1778 Quapropter.
1184 1738 1285 1770 Patres
1311 1742 1339 1769 et
1366 1738 1473 1769 fratres
1502 1739 1571 1777 mei,
1603 1749 1701 1779 quazso
1718 1749 1779 1780 vos,

959 1782 1040 1813 omni
1055 1783 1212 1814 sedulitate
1228 1783 1365 1814 mandata
1391 1783 1442 1814 Dei
1462 1783 1554 1814 nostri
1568 1784 1779 1826 custodiamus,

958 1837 1015 1867 quo
1031 1827 1117 1858 vitam
1134 1837 1320 1868 regnumque
1335 1832 1479 1859 azternum
1495 1838 1713 1869 consequamur
1727 1841 1735 1867 ;
1753 1835 1782 1861 et

959 1881 995 1902 ne
1004 1872 1158 1903 audiamus
1170 1883 1248 1904 nunc
1259 1873 1378 1913 quidem
1394 1882 1400 1904 :
1423 1873 1485 1911 Qui
1504 1883 1563 1904 non
1575 1874 1675 1905 odcbit
1685 1874 1779 1916 Filio,

957 1917 1133 1948 nonvidcbil
1142 1918 1255 1949 citum:
1269 1918 1374 1948 satira
1385 1917 1778 1961 Deimanetsupereum“;

957 1961 986 1991 in
1002 1961 1099 1992 futuro
1110 1966 1207 1992 autem
1220 1962 1340 2000 saeculo,
1358 1962 1465 1993 Nescio
1487 1963 1568 1993 unde
1582 1963 1650 1994 silis
1659 1964 1707 1995 85:
1725 1965 1778 1996 sed

957 2005 1141 2037 benedictam
1149 2007 1336 2046 potiusillam
1348 2016 1448 2037 vocem
1461 2007 1653 2047 excipiamus:
1662 2008 1777 2047 Venite,

956 2051 1215 2082 benedictiPatris
1224 2052 1292 2088 mei,
1304 2052 1448 2091 percipite
1459 2061 1587 2092 regnum
1602 2052 1685 2084 vobis
1693 2063 1777 2093 pra:-

954 2099 1097 2136 parulum
1108 2095 1150 2133 33‘,
1164 2095 1304 2136 quoniam
1317 2095 1442 2127 salutem
1457 2101 1582 2127 vestram
1594 2097 1776 2130 esurientem

955 2150 1002 2171 me
1013 2149 1066 2180 per
1076 2139 1312 2171 observationem
1326 2141 1531 2172 mandatorum
1544 2151 1678 2172 meorum
1692 2143 1775 2182 pavi-

954 2185 1018 2223 stis,
1032 2185 1164 2225 putastis,
1175 2184 1342 2225 vestivistis,
1355 2184 1557 2225 collegivistis,
1568 2190 1597 2216 et
1607 2186 1728 2218 venistis
1739 2188 1774 2219 ad

954 2239 1012 2263 me.
1026 2234 1146 2270 purgate
1154 2229 1244 2260 corda
1254 2234 1349 2261 vestra
1366 2229 1402 2261 ab
1424 2230 1506 2261 omni
1519 2231 1645 2268 macula,
1662 2235 1690 2262 et
1706 2241 1774 2263 sor-

952 2274 1040 2305 dibus
1055 2274 1180 2314 peccati.
1197 2274 1239 2306 De
1250 2275 1364 2315 reliquo
1379 2274 1513 2306 fruimini
1527 2275 1615 2307 bonis
1632 2276 1691 2307 mei
1707 2285 1774 2308 cum

1015 2353 1046 2378 80
1061 2353 1145 2384 Joan.
1162 2361 1233 2390 xvtt,
1253 2353 1302 2386 2i.
1345 2353 1371 2392 εξ
1386 2353 1462 2386 Ibid.
1479 2354 1527 2386 23.
1571 2354 1603 2380 83
1629 2354 1704 2386 Ibid.
1721 2355 1772 2388 22.

949 2394 998 2426 12.
1041 2393 1073 2419 86
1086 2393 1161 2424 Ibid.
1181 2393 1231 2425 34.

947 2475 977 2505 in
989 2475 1043 2506 hac
1050 2472 1338 2505 Simeonisoratione
1351 2473 1520 2504 faciendum
1533 2483 1599 2504 esse
1611 2474 1689 2505 dico.
1700 2473 1772 2505 Nam

947 2515 1019 2546 illud
1034 2513 1166 2545 οὸσιωδώς
1182 2514 1285 2554 stega,
1300 2523 1355 2544 nec
1363 2514 1399 2544 ad
1411 2514 1517 2551 Deum,
1532 2524 1586 2544 nec
1595 2514 1631 2544 ad
1646 2515 1772 2554 gratiam

946 2554 1138 2586 referendum
1149 2556 1205 2584 est.
1220 2553 1333 2594 (Neque
1343 2554 1422 2585 enim
1437 2555 1524 2585 homo
1534 2554 1633 2594 justus
1644 2553 1772 2586 autcum

947 2596 1020 2631 Deo,
1038 2599 1089 2626 aut
1103 2603 1170 2635 cum
1187 2594 1279 2635 gratia
1296 2594 1494 2626 essentialiter
1523 2595 1635 2635 unitur)
1661 2595 1712 2625 sed
1735 2595 1772 2626 ad

947 2636 1040 2667 solam
1057 2633 1299 2675 conjunctionem
1322 2634 1456 2674 corporis
1485 2638 1511 2665 cl
1544 2633 1678 2673 animai;
1706 2644 1773 2675 quaa

946 2677 1048 2717 utique
1076 2673 1243 2717 csSentialis
1270 2677 1333 2717 est_;
1362 2673 1391 2710 et
1406 2675 1475 2717 quia
1488 2684 1610 2715 corpus,
1623 2673 1730 2717 anima
1743 2679 1772 2706 et

946 2714 1040 2756 gratia
1055 2719 1123 2756 sunt
1139 2723 1188 2745 res
1205 2714 1290 2744 trina:
1302 2715 1346 2756 _in
1369 2714 1474 2756 eodem
1497 2714 1661 2755 composito
1678 2724 1687 2752 ;
1704 2715 1771 2746 ideo

946 2754 987 2787 ait
998 2755 1149 2787 hominem
1166 2763 1219 2795 per
1233 2754 1363 2796 gratiam,
1384 2755 1448 2786 ﬁeri
1475 2757 1533 2784 θεὸν
1554 2754 1769 2796 clamando-tatem,

947 2795 1003 2828 Ubi
1033 2796 1321 2836 νοχγτρισυπόσῖαζῑος
1338 2795 1520 2836 _improprie
1549 2795 1770 2836 etrsecundum

948 2835 1178 2876 similitudinem
1190 2835 1286 2876 accipi
1300 2834 1392 2867 debet
1400 2834 1418 2873 V;
1438 2834 1470 2866 ut
1485 2836 1549 2876 ipse
1563 2835 1684 2867 Simeon
1698 2836 1771 2867 satis

949 2885 1099 2918 superque
1114 2874 1256 2907 declarat.
