  <div class='ocr_page' id='page_1' title='image "/cluster/home/n/w/nwhite01/storage/ocr_20150623/120/njp.32101010943973/317.png"; bbox 0 0 1978 3078; ppageno 0'>
   <div class='ocr_carea' id='block_1_1' title="bbox 222 158 282 192">
    <p class='ocr_par' dir='ltr' id='par_1_1' title="bbox 222 158 282 192">
     <span class='ocr_line' id='line_1_1' title="bbox 222 158 282 192; baseline 0 -1"><span class='ocrx_word' id='word_1_1' title='bbox 222 158 282 192; x_wconf 74' lang='grc'><strong>455</strong></span> 
     </span>
    </p>
   </div>
   <div class='ocr_carea' id='block_1_2' title="bbox 867 167 1254 202">
    <p class='ocr_par' dir='ltr' id='par_1_2' title="bbox 867 167 1254 202">
     <span class='ocr_line' id='line_1_2' title="bbox 867 167 1254 202; baseline 0.013 -5"><span class='ocrx_word' id='word_1_2' title='bbox 867 167 1060 199; x_wconf 84' lang='lat' dir='ltr'><strong>SYMEONIS</strong></span> <span class='ocrx_word' id='word_1_3' title='bbox 1080 168 1254 202; x_wconf 76' lang='lat' dir='ltr'><strong>JUNIORIS</strong></span> 
     </span>
    </p>
   </div>
   <div class='ocr_carea' id='block_1_3' title="bbox 1850 177 1916 209">
    <p class='ocr_par' dir='ltr' id='par_1_3' title="bbox 1850 177 1916 209">
     <span class='ocr_line' id='line_1_3' title="bbox 1850 177 1916 209; baseline 0 -1"><span class='ocrx_word' id='word_1_4' title='bbox 1850 177 1916 209; x_wconf 82' lang='grc'><strong>456</strong></span> 
     </span>
    </p>
   </div>
   <div class='ocr_carea' id='block_1_4' title="bbox 220 227 1916 281">
    <p class='ocr_par' dir='ltr' id='par_1_4' title="bbox 220 227 1916 281">
     <span class='ocr_line' id='line_1_4' title="bbox 220 227 1916 281; baseline 0.011 -24"><span class='ocrx_word' id='word_1_5' title='bbox 220 227 369 267; x_wconf 87' lang='lat' dir='ltr'><strong>voluptate</strong></span> <span class='ocrx_word' id='word_1_6' title='bbox 399 227 612 270; x_wconf 80' lang='lat' dir='ltr'><strong>inexplicabili,</strong></span> <span class='ocrx_word' id='word_1_7' title='bbox 642 239 709 260; x_wconf 89' lang='lat' dir='ltr'><strong>cum</strong></span> <span class='ocrx_word' id='word_1_8' title='bbox 738 231 797 262; x_wconf 80' lang='lat' dir='ltr'><strong>vita</strong></span> <span class='ocrx_word' id='word_1_9' title='bbox 822 231 980 264; x_wconf 78' lang='lat' dir='ltr'><strong>immortali</strong></span> <span class='ocrx_word' id='word_1_10' title='bbox 1011 238 1074 264; x_wconf 79' lang='lat' dir='ltr'><strong>acA</strong></span> <span class='ocrx_word' id='word_1_11' title='bbox 1086 235 1194 272; x_wconf 78' lang='lat' dir='ltr'><strong>adhuc,</strong></span> <span class='ocrx_word' id='word_1_12' title='bbox 1208 240 1236 268; x_wconf 91' lang='lat' dir='ltr'><strong>et</strong></span> <span class='ocrx_word' id='word_1_13' title='bbox 1249 237 1376 278; x_wconf 87' lang='lat' dir='ltr'><strong>quodam</strong></span> <span class='ocrx_word' id='word_1_14' title='bbox 1391 249 1482 271; x_wconf 88' lang='lat' dir='ltr'><strong>onere</strong></span> <span class='ocrx_word' id='word_1_15' title='bbox 1492 250 1624 281; x_wconf 72' lang='lat' dir='ltr'><strong>pressus,</strong></span> <span class='ocrx_word' id='word_1_16' title='bbox 1639 243 1736 274; x_wconf 90' lang='lat' dir='ltr'><strong>vimnt</strong></span> <span class='ocrx_word' id='word_1_17' title='bbox 1747 253 1806 275; x_wconf 91' lang='lat' dir='ltr'><strong>uno</strong></span> <span class='ocrx_word' id='word_1_18' title='bbox 1818 244 1916 275; x_wconf 81' lang='lat' dir='ltr'><strong>verbo</strong></span> 
     </span>
    </p>
   </div>
   <div class='ocr_carea' id='block_1_5' title="bbox 219 272 1040 317">
    <p class='ocr_par' dir='ltr' id='par_1_5' title="bbox 219 272 1040 317">
     <span class='ocr_line' id='line_1_5' title="bbox 219 272 1040 317; baseline 0.007 -15"><span class='ocrx_word' id='word_1_19' title='bbox 219 272 409 312; x_wconf 85' lang='lat' dir='ltr'><strong>sempiterna,</strong></span> <span class='ocrx_word' id='word_1_20' title='bbox 427 282 484 312; x_wconf 86' lang='lat' dir='ltr'><strong>qua</strong></span> <span class='ocrx_word' id='word_1_21' title='bbox 500 274 649 313; x_wconf 82' lang='lat' dir='ltr'><strong>coutingat</strong></span> <span class='ocrx_word' id='word_1_22' title='bbox 666 283 719 305; x_wconf 89' lang='lat' dir='ltr'><strong>nos</strong></span> <span class='ocrx_word' id='word_1_23' title='bbox 736 286 840 306; x_wconf 88' lang='lat' dir='ltr'><strong>omnes</strong></span> <span class='ocrx_word' id='word_1_24' title='bbox 856 277 953 316; x_wconf 85' lang='lat' dir='ltr'><strong>potiri,</strong></span> <span class='ocrx_word' id='word_1_25' title='bbox 971 287 1040 317; x_wconf 81' lang='lat' dir='ltr'><strong>gra-</strong></span> 
     </span>
    </p>
   </div>
   <div class='ocr_carea' id='block_1_6' title="bbox 219 317 1039 359">
    <p class='ocr_par' dir='ltr' id='par_1_6' title="bbox 219 317 1039 359">
     <span class='ocr_line' id='line_1_6' title="bbox 219 317 1039 359; baseline 0.007 -12"><span class='ocrx_word' id='word_1_26' title='bbox 219 317 259 347; x_wconf 87' lang='lat' dir='ltr'><strong>tia</strong></span> <span class='ocrx_word' id='word_1_27' title='bbox 274 321 303 348; x_wconf 89' lang='lat' dir='ltr'><strong>et</strong></span> <span class='ocrx_word' id='word_1_28' title='bbox 319 317 500 357; x_wconf 81' lang='lat' dir='ltr'><strong>benignitate</strong></span> <span class='ocrx_word' id='word_1_29' title='bbox 516 318 631 350; x_wconf 75' lang='lat' dir='ltr'><strong>Domini</strong></span> <span class='ocrx_word' id='word_1_30' title='bbox 652 320 744 351; x_wconf 81' lang='lat' dir='ltr'><strong>nostri</strong></span> <span class='ocrx_word' id='word_1_31' title='bbox 769 320 840 351; x_wconf 77' lang='lat' dir='ltr'><strong>Jesu</strong></span> <span class='ocrx_word' id='word_1_32' title='bbox 858 321 976 359; x_wconf 78' lang='lat' dir='ltr'><strong>Christi,</strong></span> <span class='ocrx_word' id='word_1_33' title='bbox 995 325 1039 353; x_wconf 89' lang='lat' dir='ltr'><strong>cui</strong></span> 
     </span>
    </p>
   </div>
   <div class='ocr_carea' id='block_1_7' title="bbox 216 361 1042 406">
    <p class='ocr_par' dir='ltr' id='par_1_7' title="bbox 216 361 1042 406">
     <span class='ocr_line' id='line_1_7' title="bbox 216 361 1042 406; baseline 0.007 -15"><span class='ocrx_word' id='word_1_34' title='bbox 216 361 307 401; x_wconf 81' lang='lat' dir='ltr'><strong>gloria</strong></span> <span class='ocrx_word' id='word_1_35' title='bbox 323 366 350 392; x_wconf 87' lang='lat' dir='ltr'><strong>et</strong></span> <span class='ocrx_word' id='word_1_36' title='bbox 367 362 524 401; x_wconf 88' lang='lat' dir='ltr'><strong>imperium</strong></span> <span class='ocrx_word' id='word_1_37' title='bbox 538 373 604 393; x_wconf 90' lang='lat' dir='ltr'><strong>cum</strong></span> <span class='ocrx_word' id='word_1_38' title='bbox 616 364 699 394; x_wconf 83' lang='lat' dir='ltr'><strong>Patre</strong></span> <span class='ocrx_word' id='word_1_39' title='bbox 713 365 851 405; x_wconf 73' lang='lat' dir='ltr'><strong>principii</strong></span> <span class='ocrx_word' id='word_1_40' title='bbox 862 371 994 406; x_wconf 77' lang='lat' dir='ltr'><strong>experte,</strong></span> <span class='ocrx_word' id='word_1_41' title='bbox 1013 371 1042 397; x_wconf 88' lang='lat' dir='ltr'><strong>et</strong></span> 
     </span>
    </p>
   </div>
   <div class='ocr_carea' id='block_1_8' title="bbox 217 406 1042 452">
    <p class='ocr_par' dir='ltr' id='par_1_8' title="bbox 217 406 1042 452">
     <span class='ocr_line' id='line_1_8' title="bbox 217 406 1042 452; baseline 0.006 -15"><span class='ocrx_word' id='word_1_42' title='bbox 217 406 404 437; x_wconf 80' lang='lat' dir='ltr'><strong>sanctissimo</strong></span> <span class='ocrx_word' id='word_1_43' title='bbox 419 407 594 448; x_wconf 87' lang='lat' dir='ltr'><strong>viviﬁcoque</strong></span> <span class='ocrx_word' id='word_1_44' title='bbox 610 408 688 449; x_wconf 80' lang='lat' dir='ltr'><strong>Spiri</strong></span> <span class='ocrx_word' id='word_1_45' title='bbox 705 420 721 439; x_wconf 92' lang='lat' dir='ltr'><strong>u</strong></span> <span class='ocrx_word' id='word_1_46' title='bbox 740 420 817 440; x_wconf 74' lang='lat' dir='ltr'><strong>nunc</strong></span> <span class='ocrx_word' id='word_1_47' title='bbox 830 415 857 440; x_wconf 87' lang='lat' dir='ltr'><strong>et</strong></span> <span class='ocrx_word' id='word_1_48' title='bbox 869 420 998 452; x_wconf 75' lang='lat' dir='ltr'><strong>semper,</strong></span> <span class='ocrx_word' id='word_1_49' title='bbox 1014 416 1042 442; x_wconf 87' lang='lat' dir='ltr'><strong>et</strong></span> 
     </span>
    </p>
   </div>
   <div class='ocr_carea' id='block_1_9' title="bbox 216 451 658 492">
    <p class='ocr_par' dir='ltr' id='par_1_9' title="bbox 216 451 658 492">
     <span class='ocr_line' id='line_1_9' title="bbox 216 451 658 492; baseline 0 -10"><span class='ocrx_word' id='word_1_50' title='bbox 216 461 270 492; x_wconf 86' lang='lat' dir='ltr'><strong>per</strong></span> <span class='ocrx_word' id='word_1_51' title='bbox 285 451 398 481; x_wconf 88' lang='lat' dir='ltr'><strong>inﬁnita</strong></span> <span class='ocrx_word' id='word_1_52' title='bbox 414 452 532 483; x_wconf 66' lang='lat' dir='ltr'><strong>smcula.</strong></span> <span class='ocrx_word' id='word_1_53' title='bbox 552 454 658 483; x_wconf 81' lang='lat' dir='ltr'><strong>Amen.</strong></span> 
     </span>
    </p>
   </div>
   <div class='ocr_carea' id='block_1_10' title="bbox 473 505 771 538">
    <p class='ocr_par' dir='ltr' id='par_1_10' title="bbox 473 505 771 538">
     <span class='ocr_line' id='line_1_10' title="bbox 473 505 771 538; baseline 0 -2"><span class='ocrx_word' id='word_1_54' title='bbox 473 505 617 537; x_wconf 66' lang='lat' dir='ltr'>ORATIO</span> <span class='ocrx_word' id='word_1_55' title='bbox 642 506 771 538; x_wconf 70' lang='lat' dir='ltr'><strong>XXVIII.</strong></span> 
     </span>
    </p>
   </div>
   <div class='ocr_carea' id='block_1_11' title="bbox 521 562 729 585">
    <p class='ocr_par' dir='ltr' id='par_1_11' title="bbox 521 562 729 585">
     <span class='ocr_line' id='line_1_11' title="bbox 521 562 729 585; baseline 0.01 -2"><span class='ocrx_word' id='word_1_56' title='bbox 521 562 690 584; x_wconf 68' lang='lat' dir='ltr'><strong>ARGUMENTL</strong></span> <span class='ocrx_word' id='word_1_57' title='bbox 700 563 729 585; x_wconf 81' lang='grc' dir='ltr'><strong>Μ.</strong></span> 
     </span>
    </p>
   </div>
   <div class='ocr_carea' id='block_1_12' title="bbox 215 605 1037 644">
    <p class='ocr_par' dir='ltr' id='par_1_12' title="bbox 215 605 1037 644">
     <span class='ocr_line' id='line_1_12' title="bbox 215 605 1037 644; baseline 0.004 -11"><span class='ocrx_word' id='word_1_58' title='bbox 215 605 252 633; x_wconf 76' lang='lat' dir='ltr'><strong>De</strong></span> <span class='ocrx_word' id='word_1_59' title='bbox 265 607 475 642; x_wconf 68' lang='lat' dir='ltr'><strong>corruptoribus</strong></span> <span class='ocrx_word' id='word_1_60' title='bbox 500 615 531 644; x_wconf 77' lang='lat' dir='ltr'><strong>uc</strong></span> <span class='ocrx_word' id='word_1_61' title='bbox 554 608 692 642; x_wconf 62' lang='lat' dir='ltr'><strong>pestiferis-</strong></span> <span class='ocrx_word' id='word_1_62' title='bbox 717 608 873 637; x_wconf 76' lang='lat' dir='ltr'><strong>hominibus</strong></span> <span class='ocrx_word' id='word_1_63' title='bbox 887 609 1037 644; x_wconf 71' lang='lat' dir='ltr'><strong>fugiendis,</strong></span> 
     </span>
    </p>
   </div>
   <div class='ocr_carea' id='block_1_13' title="bbox 249 642 1038 677">
    <p class='ocr_par' dir='ltr' id='par_1_13' title="bbox 249 642 1038 677">
     <span class='ocr_line' id='line_1_13' title="bbox 249 642 1038 677; baseline 0.004 -9"><span class='ocrx_word' id='word_1_64' title='bbox 249 642 333 677; x_wconf 67' lang='lat' dir='ltr'><strong>deque</strong></span> <span class='ocrx_word' id='word_1_65' title='bbox 355 643 537 677; x_wconf 65' lang='lat' dir='ltr'><strong>repudiandis</strong></span> <span class='ocrx_word' id='word_1_66' title='bbox 561 651 656 670; x_wconf 71' lang='lat' dir='ltr'><strong>eorum</strong></span> <span class='ocrx_word' id='word_1_67' title='bbox 680 644 862 677; x_wconf 67' lang='lat' dir='ltr'><strong>seruioltiblts,</strong></span> <span class='ocrx_word' id='word_1_68' title='bbox 887 642 1038 672; x_wconf 48' lang='lat' dir='ltr'><strong>etin/tum</strong></span> 
     </span>
    </p>
   </div>
   <div class='ocr_carea' id='block_1_14' title="bbox 249 678 1039 714">
    <p class='ocr_par' dir='ltr' id='par_1_14' title="bbox 249 678 1039 714">
     <span class='ocr_line' id='line_1_14' title="bbox 249 678 1039 714; baseline 0.005 -10"><span class='ocrx_word' id='word_1_69' title='bbox 249 678 361 705; x_wconf 74' lang='lat' dir='ltr'><strong>uirtutis</strong></span> <span class='ocrx_word' id='word_1_70' title='bbox 377 678 551 714; x_wconf 70' lang='lat' dir='ltr'><strong>arripimdo.</strong></span> <span class='ocrx_word' id='word_1_71' title='bbox 569 678 605 706; x_wconf 88' lang='lat' dir='ltr'><strong>De</strong></span> <span class='ocrx_word' id='word_1_72' title='bbox 620 678 721 706; x_wconf 56' lang='lat' dir='ltr'><strong>indui:</strong></span> <span class='ocrx_word' id='word_1_73' title='bbox 739 680 873 708; x_wconf 74' lang='lat' dir='ltr'><strong>libertatis</strong></span> <span class='ocrx_word' id='word_1_74' title='bbox 889 681 996 710; x_wconf 68' lang='lat' dir='ltr'><strong>animm,</strong></span> <span class='ocrx_word' id='word_1_75' title='bbox 1015 684 1039 708; x_wconf 74' lang='grc' dir='ltr'><strong>ιι</strong></span> 
     </span>
    </p>
   </div>
   <div class='ocr_carea' id='block_1_15' title="bbox 250 713 1034 750">
    <p class='ocr_par' dir='ltr' id='par_1_15' title="bbox 250 713 1034 750">
     <span class='ocr_line' id='line_1_15' title="bbox 250 713 1034 750; baseline 0.005 -11"><span class='ocrx_word' id='word_1_76' title='bbox 250 714 310 748; x_wconf 79' lang='lat' dir='ltr'><strong>quis</strong></span> <span class='ocrx_word' id='word_1_77' title='bbox 326 722 430 740; x_wconf 75' lang='lat' dir='ltr'><strong>crucem</strong></span> <span class='ocrx_word' id='word_1_78' title='bbox 445 722 521 741; x_wconf 78' lang='lat' dir='ltr'><strong>suam</strong></span> <span class='ocrx_word' id='word_1_79' title='bbox 538 713 643 748; x_wconf 64' lang='lat' dir='ltr'><strong>(ollius,</strong></span> <span class='ocrx_word' id='word_1_80' title='bbox 659 715 950 750; x_wconf 58' lang='grc' dir='ltr'><strong>(ῘΙινίΗινηπίρωμιν.</strong></span> <span class='ocrx_word' id='word_1_81' title='bbox 967 717 1034 749; x_wconf 81' lang='lat' dir='ltr'><strong>Que-</strong></span> 
     </span>
    </p>
   </div>
   <div class='ocr_carea' id='block_1_16' title="bbox 248 749 1039 786">
    <p class='ocr_par' dir='ltr' id='par_1_16' title="bbox 248 749 1039 786">
     <span class='ocr_line' id='line_1_16' title="bbox 248 749 1039 786; baseline 0.005 -11"><span class='ocrx_word' id='word_1_82' title='bbox 248 749 426 776; x_wconf 66' lang='lat' dir='ltr'><strong>vum/modum</strong></span> <span class='ocrx_word' id='word_1_83' title='bbox 441 750 531 785; x_wconf 77' lang='lat' dir='ltr'><strong>ﬁdelrs</strong></span> <span class='ocrx_word' id='word_1_84' title='bbox 548 750 598 777; x_wconf 78' lang='lat' dir='ltr'><strong>Dei</strong></span> <span class='ocrx_word' id='word_1_85' title='bbox 617 751 694 778; x_wconf 78' lang='lat' dir='ltr'><strong>bonis</strong></span> <span class='ocrx_word' id='word_1_86' title='bbox 717 749 904 786; x_wconf 48' lang='lat' dir='ltr'><strong>inr/fnbiﬁlms</strong></span> <span class='ocrx_word' id='word_1_87' title='bbox 928 754 984 779; x_wconf 78' lang='lat' dir='ltr'><strong>tum</strong></span> <span class='ocrx_word' id='word_1_88' title='bbox 1009 753 1039 779; x_wconf 78' lang='lat' dir='ltr'><strong>in</strong></span> 
     </span>
    </p>
   </div>
   <div class='ocr_carea' id='block_1_17' title="bbox 249 784 1037 822">
    <p class='ocr_par' dir='ltr' id='par_1_17' title="bbox 249 784 1037 822">
     <span class='ocr_line' id='line_1_17' title="bbox 249 784 1037 822; baseline 0.005 -11"><span class='ocrx_word' id='word_1_89' title='bbox 249 784 298 811; x_wconf 80' lang='lat' dir='ltr'><strong>hoc</strong></span> <span class='ocrx_word' id='word_1_90' title='bbox 313 789 370 811; x_wconf 80' lang='lat' dir='ltr'><strong>tum</strong></span> <span class='ocrx_word' id='word_1_91' title='bbox 387 785 413 811; x_wconf 81' lang='lat' dir='ltr'><strong>in</strong></span> <span class='ocrx_word' id='word_1_92' title='bbox 437 787 535 820; x_wconf 71' lang='lat' dir='ltr'><strong>futuro</strong></span> <span class='ocrx_word' id='word_1_93' title='bbox 559 786 662 813; x_wconf 68' lang='lat' dir='ltr'><strong>StBL‘tllO</strong></span> <span class='ocrx_word' id='word_1_94' title='bbox 684 784 828 821; x_wconf 59' lang='lat' dir='ltr'><strong>fruuntur.</strong></span> <span class='ocrx_word' id='word_1_95' title='bbox 856 789 890 815; x_wconf 83' lang='lat' dir='ltr'><strong>Dc</strong></span> <span class='ocrx_word' id='word_1_96' title='bbox 899 788 974 822; x_wconf 78' lang='lat' dir='ltr'><strong>justo</strong></span> <span class='ocrx_word' id='word_1_97' title='bbox 990 787 1037 815; x_wconf 77' lang='lat' dir='ltr'><strong>Uri</strong></span> 
     </span>
    </p>
   </div>
   <div class='ocr_carea' id='block_1_18' title="bbox 247 821 806 857">
    <p class='ocr_par' dir='ltr' id='par_1_18' title="bbox 247 821 806 857">
     <span class='ocr_line' id='line_1_18' title="bbox 247 821 806 857; baseline 0.004 -10"><span class='ocrx_word' id='word_1_98' title='bbox 247 827 329 854; x_wconf 77' lang='lat' dir='ltr'><strong>super</strong></span> <span class='ocrx_word' id='word_1_99' title='bbox 337 821 433 855; x_wconf 78' lang='lat' dir='ltr'><strong>justis,</strong></span> <span class='ocrx_word' id='word_1_100' title='bbox 450 823 474 847; x_wconf 80' lang='lat' dir='ltr'><strong>et</strong></span> <span class='ocrx_word' id='word_1_101' title='bbox 486 822 676 856; x_wconf 74' lang='lat' dir='ltr'><strong>peccatoribus</strong></span> <span class='ocrx_word' id='word_1_102' title='bbox 686 822 806 857; x_wconf 65' lang='lat' dir='ltr'><strong>judicio.</strong></span> 
     </span>
    </p>
   </div>
   <div class='ocr_carea' id='block_1_19' title="bbox 252 867 1033 911">
    <p class='ocr_par' dir='ltr' id='par_1_19' title="bbox 252 867 1033 911">
     <span class='ocr_line' id='line_1_19' title="bbox 252 867 1033 911; baseline 0.005 -13"><span class='ocrx_word' id='word_1_103' title='bbox 252 867 391 907; x_wconf 80' lang='lat' dir='ltr'><strong>Quisquis</strong></span> <span class='ocrx_word' id='word_1_104' title='bbox 406 868 499 900; x_wconf 89' lang='lat' dir='ltr'><strong>Deum</strong></span> <span class='ocrx_word' id='word_1_105' title='bbox 516 870 648 900; x_wconf 89' lang='lat' dir='ltr'><strong>invenire</strong></span> <span class='ocrx_word' id='word_1_106' title='bbox 663 870 822 909; x_wconf 62' lang='lat' dir='ltr'><strong>desiderat,</strong></span> <span class='ocrx_word' id='word_1_107' title='bbox 841 871 967 911; x_wconf 72' lang='lat' dir='ltr'><strong>abneget</strong></span> <span class='ocrx_word' id='word_1_108' title='bbox 984 882 1033 902; x_wconf 88' lang='lat' dir='ltr'><strong>se-</strong></span> 
     </span>
    </p>
   </div>
   <div class='ocr_carea' id='block_1_20' title="bbox 1083 280 1915 328">
    <p class='ocr_par' dir='ltr' id='par_1_20' title="bbox 1083 280 1915 328">
     <span class='ocr_line' id='line_1_20' title="bbox 1083 280 1915 328; baseline 0.013 -19"><span class='ocrx_word' id='word_1_109' title='bbox 1083 280 1191 320; x_wconf 81' lang='lat' dir='ltr'><strong>dicam,</strong></span> <span class='ocrx_word' id='word_1_110' title='bbox 1221 291 1254 312; x_wconf 92' lang='lat' dir='ltr'><strong>ac</strong></span> <span class='ocrx_word' id='word_1_111' title='bbox 1277 283 1462 321; x_wconf 60' lang='lat' dir='ltr'><strong>tyrannidem</strong></span> <span class='ocrx_word' id='word_1_112' title='bbox 1493 280 1525 316; x_wconf 86' lang='lat' dir='ltr'><strong>se</strong></span> <span class='ocrx_word' id='word_1_113' title='bbox 1555 289 1668 328; x_wconf 89' lang='lat' dir='ltr'><strong>perpeti</strong></span> <span class='ocrx_word' id='word_1_114' title='bbox 1698 288 1858 325; x_wconf 55' lang='lat' dir='ltr'><strong>existimat,</strong></span> <span class='ocrx_word' id='word_1_115' title='bbox 1876 298 1915 319; x_wconf 86' lang='lat' dir='ltr'><strong>ac</strong></span> 
     </span>
    </p>
   </div>
   <div class='ocr_carea' id='block_1_21' title="bbox 1085 325 1915 369">
    <p class='ocr_par' dir='ltr' id='par_1_21' title="bbox 1085 325 1915 369">
     <span class='ocr_line' id='line_1_21' title="bbox 1085 325 1915 369; baseline 0.013 -15"><span class='ocrx_word' id='word_1_116' title='bbox 1085 325 1207 364; x_wconf 88' lang='lat' dir='ltr'><strong>proinde</strong></span> <span class='ocrx_word' id='word_1_117' title='bbox 1224 325 1334 357; x_wconf 79' lang='lat' dir='ltr'><strong>invitus</strong></span> <span class='ocrx_word' id='word_1_118' title='bbox 1365 329 1410 358; x_wconf 89' lang='lat' dir='ltr'><strong>his</strong></span> <span class='ocrx_word' id='word_1_119' title='bbox 1438 325 1581 369; x_wconf 79' lang='lat' dir='ltr'><strong>fungitur,</strong></span> <span class='ocrx_word' id='word_1_120' title='bbox 1611 325 1649 362; x_wconf 81' lang='lat' dir='ltr'><strong>ne</strong></span> <span class='ocrx_word' id='word_1_121' title='bbox 1679 332 1704 363; x_wconf 92' lang='lat' dir='ltr'><strong>is</strong></span> <span class='ocrx_word' id='word_1_122' title='bbox 1730 343 1746 364; x_wconf 85' lang='lat' dir='ltr'><strong>e</strong></span> <span class='ocrx_word' id='word_1_123' title='bbox 1771 334 1915 364; x_wconf 87' lang='lat' dir='ltr'><strong>manibus</strong></span> 
     </span>
    </p>
   </div>
   <div class='ocr_carea' id='block_1_22' title="bbox 1083 369 1916 419">
    <p class='ocr_par' dir='ltr' id='par_1_22' title="bbox 1083 369 1916 419">
     <span class='ocr_line' id='line_1_22' title="bbox 1083 369 1916 419; baseline 0.014 -21"><span class='ocrx_word' id='word_1_124' title='bbox 1083 369 1191 400; x_wconf 80' lang='lat' dir='ltr'><strong>diaboli</strong></span> <span class='ocrx_word' id='word_1_125' title='bbox 1204 380 1236 401; x_wconf 88' lang='lat' dir='ltr'><strong>se</strong></span> <span class='ocrx_word' id='word_1_126' title='bbox 1246 372 1384 409; x_wconf 80' lang='lat' dir='ltr'><strong>evasisse,</strong></span> <span class='ocrx_word' id='word_1_127' title='bbox 1395 383 1497 404; x_wconf 89' lang='lat' dir='ltr'><strong>verum</strong></span> <span class='ocrx_word' id='word_1_128' title='bbox 1513 375 1640 416; x_wconf 85' lang='lat' dir='ltr'><strong>improbi</strong></span> <span class='ocrx_word' id='word_1_129' title='bbox 1654 378 1767 417; x_wconf 72' lang='lat' dir='ltr'><strong>tyranni</strong></span> <span class='ocrx_word' id='word_1_130' title='bbox 1780 379 1916 419; x_wconf 88' lang='lat' dir='ltr'><strong>imperio</strong></span> 
     </span>
    </p>
   </div>
   <div class='ocr_carea' id='block_1_23' title="bbox 1084 414 1914 460">
    <p class='ocr_par' dir='ltr' id='par_1_23' title="bbox 1084 414 1914 460">
     <span class='ocr_line' id='line_1_23' title="bbox 1084 414 1914 460; baseline 0.01 -17"><span class='ocrx_word' id='word_1_131' title='bbox 1084 414 1171 444; x_wconf 83' lang='lat' dir='ltr'><strong>etiam</strong></span> <span class='ocrx_word' id='word_1_132' title='bbox 1188 425 1256 445; x_wconf 90' lang='lat' dir='ltr'><strong>num</strong></span> <span class='ocrx_word' id='word_1_133' title='bbox 1275 416 1443 457; x_wconf 81' lang='lat' dir='ltr'><strong>subjectum</strong></span> <span class='ocrx_word' id='word_1_134' title='bbox 1462 414 1587 460; x_wconf 72' lang='lat' dir='ltr'><strong>intelligi</strong></span> <span class='ocrx_word' id='word_1_135' title='bbox 1603 414 1773 452; x_wconf 66' lang='lat' dir='ltr'><strong>arbitretur.</strong></span> <span class='ocrx_word' id='word_1_136' title='bbox 1789 414 1844 454; x_wconf 76' lang='lat' dir='ltr'><strong>Ast</strong></span> <span class='ocrx_word' id='word_1_137' title='bbox 1859 423 1914 454; x_wconf 73' lang='lat' dir='ltr'><strong>ubi</strong></span> 
     </span>
    </p>
   </div>
   <div class='ocr_carea' id='block_1_24' title="bbox 1083 460 1918 501">
    <p class='ocr_par' dir='ltr' id='par_1_24' title="bbox 1083 460 1918 501">
     <span class='ocr_line' id='line_1_24' title="bbox 1083 460 1918 501; baseline 0.014 -14"><span class='ocrx_word' id='word_1_138' title='bbox 1083 467 1149 488; x_wconf 87' lang='lat' dir='ltr'><strong>cum</strong></span> <span class='ocrx_word' id='word_1_139' title='bbox 1167 460 1272 498; x_wconf 80' lang='lat' dir='ltr'><strong>gaudio</strong></span> <span class='ocrx_word' id='word_1_140' title='bbox 1303 465 1331 491; x_wconf 90' lang='lat' dir='ltr'><strong>et</strong></span> <span class='ocrx_word' id='word_1_141' title='bbox 1351 462 1539 501; x_wconf 81' lang='lat' dir='ltr'><strong>jucunditate</strong></span> <span class='ocrx_word' id='word_1_142' title='bbox 1564 466 1655 495; x_wconf 87' lang='lat' dir='ltr'><strong>animi</strong></span> <span class='ocrx_word' id='word_1_143' title='bbox 1673 476 1704 496; x_wconf 90' lang='lat' dir='ltr'><strong>se</strong></span> <span class='ocrx_word' id='word_1_144' title='bbox 1721 472 1857 498; x_wconf 87' lang='lat' dir='ltr'><strong>orantem</strong></span> <span class='ocrx_word' id='word_1_145' title='bbox 1877 478 1918 498; x_wconf 81' lang='lat' dir='ltr'><strong>uc</strong></span> 
     </span>
    </p>
   </div>
   <div class='ocr_carea' id='block_1_25' title="bbox 1083 504 1918 550">
    <p class='ocr_par' dir='ltr' id='par_1_25' title="bbox 1083 504 1918 550">
     <span class='ocr_line' id='line_1_25' title="bbox 1083 504 1918 550; baseline 0.013 -18"><span class='ocrx_word' id='word_1_146' title='bbox 1083 504 1269 541; x_wconf 78' lang='lat' dir='ltr'><strong>psallentem,</strong></span> <span class='ocrx_word' id='word_1_147' title='bbox 1285 511 1476 548; x_wconf 88' lang='lat' dir='ltr'><strong>mentemque</strong></span> <span class='ocrx_word' id='word_1_148' title='bbox 1490 510 1589 540; x_wconf 87' lang='lat' dir='ltr'><strong>omnia</strong></span> <span class='ocrx_word' id='word_1_149' title='bbox 1605 510 1692 550; x_wconf 86' lang='lat' dir='ltr'><strong>hujus</strong></span> <span class='ocrx_word' id='word_1_150' title='bbox 1709 511 1772 542; x_wconf 76' lang='lat' dir='ltr'><strong>vitae</strong></span> <span class='ocrx_word' id='word_1_151' title='bbox 1789 511 1918 543; x_wconf 88' lang='lat' dir='ltr'><strong>blandi-</strong></span> 
     </span>
    </p>
   </div>
   <div class='ocr_carea' id='block_1_26' title="bbox 1082 550 1917 596">
    <p class='ocr_par' dir='ltr' id='par_1_26' title="bbox 1082 550 1917 596">
     <span class='ocr_line' id='line_1_26' title="bbox 1082 550 1917 596; baseline 0.013 -19"><span class='ocrx_word' id='word_1_152' title='bbox 1082 554 1190 586; x_wconf 87' lang='lat' dir='ltr'><strong>menta,</strong></span> <span class='ocrx_word' id='word_1_153' title='bbox 1205 554 1233 579; x_wconf 85' lang='lat' dir='ltr'><strong>et</strong></span> <span class='ocrx_word' id='word_1_154' title='bbox 1244 550 1386 591; x_wconf 84' lang='lat' dir='ltr'><strong>quidquid</strong></span> <span class='ocrx_word' id='word_1_155' title='bbox 1399 562 1432 582; x_wconf 88' lang='lat' dir='ltr'><strong>ea</strong></span> <span class='ocrx_word' id='word_1_156' title='bbox 1444 553 1472 583; x_wconf 93' lang='lat' dir='ltr'><strong>in</strong></span> <span class='ocrx_word' id='word_1_157' title='bbox 1482 554 1576 593; x_wconf 90' lang='lat' dir='ltr'><strong>pretio</strong></span> <span class='ocrx_word' id='word_1_158' title='bbox 1589 555 1688 596; x_wconf 82' lang='lat' dir='ltr'><strong>habet,</strong></span> <span class='ocrx_word' id='word_1_159' title='bbox 1703 562 1917 588; x_wconf 60' lang='lat' dir='ltr'><strong>inecrantem</strong></span> 
     </span>
    </p>
   </div>
   <div class='ocr_carea' id='block_1_27' title="bbox 1081 594 1920 641">
    <p class='ocr_par' dir='ltr' id='par_1_27' title="bbox 1081 594 1920 641">
     <span class='ocr_line' id='line_1_27' title="bbox 1081 594 1920 641; baseline 0.013 -19"><span class='ocrx_word' id='word_1_160' title='bbox 1081 594 1261 632; x_wconf 78' lang='lat' dir='ltr'><strong>cognoverit,</strong></span> <span class='ocrx_word' id='word_1_161' title='bbox 1280 599 1339 626; x_wconf 89' lang='lat' dir='ltr'><strong>tum</strong></span> <span class='ocrx_word' id='word_1_162' title='bbox 1366 597 1485 628; x_wconf 89' lang='lat' dir='ltr'><strong>demum</strong></span> <span class='ocrx_word' id='word_1_163' title='bbox 1513 599 1568 629; x_wconf 73' lang='lat' dir='ltr'><strong>sub</strong></span> <span class='ocrx_word' id='word_1_164' title='bbox 1597 594 1705 631; x_wconf 82' lang='lat' dir='ltr'><strong>Christi</strong></span> <span class='ocrx_word' id='word_1_165' title='bbox 1733 611 1860 641; x_wconf 79' lang='lat' dir='ltr'><strong>regnum</strong></span> <span class='ocrx_word' id='word_1_166' title='bbox 1881 614 1920 633; x_wconf 77' lang='lat' dir='ltr'><strong>se</strong></span> 
     </span>
    </p>
   </div>
   <div class='ocr_carea' id='block_1_28' title="bbox 1080 639 1922 685">
    <p class='ocr_par' dir='ltr' id='par_1_28' title="bbox 1080 639 1922 685">
     <span class='ocr_line' id='line_1_28' title="bbox 1080 639 1922 685; baseline 0.014 -18"><span class='ocrx_word' id='word_1_167' title='bbox 1080 639 1261 669; x_wconf 82' lang='lat' dir='ltr'><strong>successisse</strong></span> <span class='ocrx_word' id='word_1_168' title='bbox 1277 641 1389 672; x_wconf 88' lang='lat' dir='ltr'><strong>credat.</strong></span> <span class='ocrx_word' id='word_1_169' title='bbox 1407 641 1469 673; x_wconf 79' lang='lat' dir='ltr'><strong>Hoc</strong></span> <span class='ocrx_word' id='word_1_170' title='bbox 1485 644 1701 685; x_wconf 68' lang='lat' dir='ltr'><strong>redemptionis</strong></span> <span class='ocrx_word' id='word_1_171' title='bbox 1717 651 1746 676; x_wconf 83' lang='lat' dir='ltr'><strong>et</strong></span> <span class='ocrx_word' id='word_1_172' title='bbox 1762 639 1922 679; x_wconf 75' lang='lat' dir='ltr'><strong>libertatis</strong></span> 
     </span>
    </p>
   </div>
   <div class='ocr_carea' id='block_1_29' title="bbox 1081 683 1919 733">
    <p class='ocr_par' dir='ltr' id='par_1_29' title="bbox 1081 683 1919 733">
     <span class='ocr_line' id='line_1_29' title="bbox 1081 683 1919 733; baseline 0.016 -22"><span class='ocrx_word' id='word_1_173' title='bbox 1081 683 1268 714; x_wconf 85' lang='lat' dir='ltr'><strong>manifestum</strong></span> <span class='ocrx_word' id='word_1_174' title='bbox 1285 691 1489 723; x_wconf 78' lang='lat' dir='ltr'><strong>argumentum</strong></span> <span class='ocrx_word' id='word_1_175' title='bbox 1508 693 1562 729; x_wconf 86' lang='lat' dir='ltr'><strong>est,</strong></span> <span class='ocrx_word' id='word_1_176' title='bbox 1575 683 1612 719; x_wconf 60' lang='lat' dir='ltr'><strong>de</strong></span> <span class='ocrx_word' id='word_1_177' title='bbox 1624 700 1679 730; x_wconf 82' lang='lat' dir='ltr'><strong>qua</strong></span> <span class='ocrx_word' id='word_1_178' title='bbox 1692 691 1810 732; x_wconf 84' lang='lat' dir='ltr'><strong>scripsit</strong></span> <span class='ocrx_word' id='word_1_179' title='bbox 1821 695 1919 733; x_wconf 85' lang='lat' dir='ltr'><strong>Apo-</strong></span> 
     </span>
    </p>
   </div>
   <div class='ocr_carea' id='block_1_30' title="bbox 1081 727 1913 776">
    <p class='ocr_par' dir='ltr' id='par_1_30' title="bbox 1081 727 1913 776">
     <span class='ocr_line' id='line_1_30' title="bbox 1081 727 1913 776; baseline 0.017 -20"><span class='ocrx_word' id='word_1_180' title='bbox 1081 727 1194 757; x_wconf 83' lang='lat' dir='ltr'><strong>stolus:</strong></span> <span class='ocrx_word' id='word_1_181' title='bbox 1220 728 1256 758; x_wconf 86' lang='lat' dir='ltr'><strong>In</strong></span> <span class='ocrx_word' id='word_1_182' title='bbox 1277 729 1423 769; x_wconf 68' lang='lat' dir='ltr'><strong>libertate,</strong></span> <span class='ocrx_word' id='word_1_183' title='bbox 1441 741 1500 771; x_wconf 85' lang='lat' dir='ltr'><strong>qua</strong></span> <span class='ocrx_word' id='word_1_184' title='bbox 1518 727 1571 764; x_wconf 78' lang='lat' dir='ltr'><strong>nos</strong></span> <span class='ocrx_word' id='word_1_185' title='bbox 1587 727 1727 766; x_wconf 64' lang='lat' dir='ltr'><strong>Cirris/us</strong></span> <span class='ocrx_word' id='word_1_186' title='bbox 1745 727 1913 776; x_wconf 56' lang='lat' dir='ltr'><strong>liberauit,</strong></span> 
     </span>
    </p>
   </div>
   <div class='ocr_carea' id='block_1_31' title="bbox 1080 773 1916 817">
    <p class='ocr_par' dir='ltr' id='par_1_31' title="bbox 1080 773 1916 817">
     <span class='ocr_line' id='line_1_31' title="bbox 1080 773 1916 817; baseline 0.016 -17"><span class='ocrx_word' id='word_1_187' title='bbox 1080 773 1204 817; x_wconf 67' lang='lat' dir='ltr'><strong>stuteSS.</strong></span> <span class='ocrx_word' id='word_1_188' title='bbox 1233 773 1308 813; x_wconf 80' lang='lat' dir='ltr'><strong>Ergo</strong></span> <span class='ocrx_word' id='word_1_189' title='bbox 1331 777 1538 817; x_wconf 65' lang='lat' dir='ltr'><strong>unusquisque</strong></span> <span class='ocrx_word' id='word_1_190' title='bbox 1567 779 1603 809; x_wconf 83' lang='lat' dir='ltr'><strong>ad</strong></span> <span class='ocrx_word' id='word_1_191' title='bbox 1634 780 1709 811; x_wconf 89' lang='lat' dir='ltr'><strong>hanc</strong></span> <span class='ocrx_word' id='word_1_192' title='bbox 1734 773 1916 813; x_wconf 73' lang='lat' dir='ltr'><strong>libertatein</strong></span> 
     </span>
    </p>
   </div>
   <div class='ocr_carea' id='block_1_32' title="bbox 1076 815 1914 866">
    <p class='ocr_par' dir='ltr' id='par_1_32' title="bbox 1076 815 1914 866">
     <span class='ocr_line' id='line_1_32' title="bbox 1076 815 1914 866; baseline 0.018 -22"><span class='ocrx_word' id='word_1_193' title='bbox 1076 815 1298 866; x_wconf 61' lang='lat' dir='ltr'><strong>adipiscendam</strong></span> <span class='ocrx_word' id='word_1_194' title='bbox 1314 828 1462 861; x_wconf 84' lang='lat' dir='ltr'><strong>properet,</strong></span> <span class='ocrx_word' id='word_1_195' title='bbox 1476 815 1624 863; x_wconf 63' lang='lat' dir='ltr'><strong>cumquem</strong></span> <span class='ocrx_word' id='word_1_196' title='bbox 1640 825 1757 856; x_wconf 74' lang='lat' dir='ltr'><strong>Christo</strong></span> <span class='ocrx_word' id='word_1_197' title='bbox 1778 827 1914 866; x_wconf 74' lang='lat' dir='ltr'><strong>flagitet.</strong></span> 
     </span>
    </p>
   </div>
   <div class='ocr_carea' id='block_1_33' title="bbox 1078 858 1913 910">
    <p class='ocr_par' dir='ltr' id='par_1_33' title="bbox 1078 858 1913 910">
     <span class='ocr_line' id='line_1_33' title="bbox 1078 858 1913 910; baseline 0.016 -21"><span class='ocrx_word' id='word_1_198' title='bbox 1078 858 1127 890; x_wconf 88' lang='lat' dir='ltr'><strong>Sin</strong></span> <span class='ocrx_word' id='word_1_199' title='bbox 1144 858 1586 903; x_wconf 36' lang='lat' dir='ltr'><strong>consuetumquamn-moleste</strong></span> <span class='ocrx_word' id='word_1_200' title='bbox 1600 869 1667 907; x_wconf 85' lang='lat' dir='ltr'><strong>fert,</strong></span> <span class='ocrx_word' id='word_1_201' title='bbox 1687 873 1714 900; x_wconf 87' lang='lat' dir='ltr'><strong>et</strong></span> <span class='ocrx_word' id='word_1_202' title='bbox 1734 858 1913 910; x_wconf 52' lang='lat' dir='ltr'><strong>longitudi—</strong></span> 
     </span>
    </p>
   </div>
   <div class='ocr_carea' id='block_1_34' title="bbox 213 905 1030 955">
    <p class='ocr_par' dir='ltr' id='par_1_34' title="bbox 213 905 1030 955">
     <span class='ocr_line' id='line_1_34' title="bbox 213 905 1030 955; baseline 0.006 -13"><span class='ocrx_word' id='word_1_203' title='bbox 213 905 384 953; x_wconf 81' lang='lat' dir='ltr'><strong>metipsum,</strong></span> <span class='ocrx_word' id='word_1_204' title='bbox 402 918 429 943; x_wconf 92' lang='lat' dir='ltr'><strong>et</strong></span> <span class='ocrx_word' id='word_1_205' title='bbox 444 914 550 944; x_wconf 64' lang='lat' dir='ltr'><strong>animae.</strong></span> <span class='ocrx_word' id='word_1_206' title='bbox 565 924 624 945; x_wconf 67' lang='lat' dir='ltr'><strong>suae</strong></span> <span class='ocrx_word' id='word_1_207' title='bbox 640 925 675 946; x_wconf 76' lang='lat' dir='ltr'><strong>ne</strong></span> <span class='ocrx_word' id='word_1_208' title='bbox 694 920 793 955; x_wconf 81' lang='lat' dir='ltr'><strong>pa-cat</strong></span> <span class='ocrx_word' id='word_1_209' title='bbox 812 927 817 947; x_wconf 88' lang='lat'>:</span> <span class='ocrx_word' id='word_1_210' title='bbox 836 917 884 947; x_wconf 81' lang='lat' dir='ltr'><strong>srd</strong></span> <span class='ocrx_word' id='word_1_211' title='bbox 900 917 1030 947; x_wconf 89' lang='lat' dir='ltr'><strong>inimici-</strong></span> 
     </span>
    </p>
   </div>
   <div class='ocr_carea' id='block_1_35' title="bbox 1067 905 1914 955">
    <p class='ocr_par' dir='ltr' id='par_1_35' title="bbox 1080 905 1914 952">
     <span class='ocr_line' id='line_1_35' title="bbox 1080 905 1914 952; baseline 0.016 -18"><span class='ocrx_word' id='word_1_212' title='bbox 1080 914 1124 944; x_wconf 75' lang='lat' dir='ltr'><strong>tus</strong></span> <span class='ocrx_word' id='word_1_213' title='bbox 1141 905 1327 945; x_wconf 75' lang='lat' dir='ltr'><strong>hymnorum,</strong></span> <span class='ocrx_word' id='word_1_214' title='bbox 1345 910 1394 949; x_wconf 84' lang='lat' dir='ltr'><strong>qui</strong></span> <span class='ocrx_word' id='word_1_215' title='bbox 1413 910 1471 940; x_wconf 88' lang='lat' dir='ltr'><strong>Deo</strong></span> <span class='ocrx_word' id='word_1_216' title='bbox 1497 918 1643 944; x_wconf 87' lang='lat' dir='ltr'><strong>canuntur</strong></span> <span class='ocrx_word' id='word_1_217' title='bbox 1659 905 1738 945; x_wconf 78' lang='lat' dir='ltr'><strong>eum</strong></span> <span class='ocrx_word' id='word_1_218' title='bbox 1755 905 1853 952; x_wconf 40' lang='lat' dir='ltr'><strong>tie-ilet,</strong></span> <span class='ocrx_word' id='word_1_219' title='bbox 1877 929 1884 945; x_wconf 73' lang='grc' dir='ltr'><em>α</em></span> <span class='ocrx_word' id='word_1_220' title='bbox 1903 922 1914 947; x_wconf 92' lang='lat' dir='ltr'><strong>t</strong></span> 
     </span>
    </p>
   </div>
   <div class='ocr_carea' id='block_1_36' title="bbox 212 957 1032 996">
    <p class='ocr_par' dir='ltr' id='par_1_36' title="bbox 212 957 1032 996">
     <span class='ocr_line' id='line_1_36' title="bbox 212 957 1032 996; baseline 0.006 -9"><span class='ocrx_word' id='word_1_221' title='bbox 212 957 266 987; x_wconf 83' lang='lat' dir='ltr'><strong>iias</strong></span> <span class='ocrx_word' id='word_1_222' title='bbox 282 957 358 988; x_wconf 88' lang='lat' dir='ltr'><strong>inter</strong></span> <span class='ocrx_word' id='word_1_223' title='bbox 373 967 416 996; x_wconf 87' lang='lat' dir='ltr'><strong>se,</strong></span> <span class='ocrx_word' id='word_1_224' title='bbox 435 963 463 989; x_wconf 88' lang='lat' dir='ltr'><strong>ct</strong></span> <span class='ocrx_word' id='word_1_225' title='bbox 478 969 577 993; x_wconf 75' lang='lat' dir='ltr'><strong>omne,</strong></span> <span class='ocrx_word' id='word_1_226' title='bbox 608 960 770 991; x_wconf 80' lang='lat' dir='ltr'><strong>secundum</strong></span> <span class='ocrx_word' id='word_1_227' title='bbox 787 969 907 991; x_wconf 78' lang='lat' dir='ltr'><strong>carnem</strong></span> <span class='ocrx_word' id='word_1_228' title='bbox 924 961 1032 992; x_wconf 89' lang='lat' dir='ltr'><strong>ambu—</strong></span> 
     </span>
    </p>
   </div>
   <div class='ocr_carea' id='block_1_37' title="bbox 212 1003 1032 1044">
    <p class='ocr_par' dir='ltr' id='par_1_37' title="bbox 212 1003 1032 1044">
     <span class='ocr_line' id='line_1_37' title="bbox 212 1003 1032 1044; baseline 0.005 -11"><span class='ocrx_word' id='word_1_229' title='bbox 212 1003 306 1033; x_wconf 77' lang='lat' dir='ltr'><strong>lantes</strong></span> <span class='ocrx_word' id='word_1_230' title='bbox 337 1007 436 1043; x_wconf 85' lang='lat' dir='ltr'><strong>ponat,</strong></span> <span class='ocrx_word' id='word_1_231' title='bbox 465 1013 502 1034; x_wconf 87' lang='lat' dir='ltr'><strong>ne</strong></span> <span class='ocrx_word' id='word_1_232' title='bbox 542 1004 668 1044; x_wconf 78' lang='lat' dir='ltr'><strong>alicujus</strong></span> <span class='ocrx_word' id='word_1_233' title='bbox 697 1006 801 1035; x_wconf 83' lang='lat' dir='ltr'><strong>horum</strong></span> <span class='ocrx_word' id='word_1_234' title='bbox 844 1006 1032 1037; x_wconf 82' lang='lat' dir='ltr'><strong>sermonibus</strong></span> 
     </span>
    </p>
   </div>
   <div class='ocr_carea' id='block_1_38' title="bbox 211 1047 1030 1087">
    <p class='ocr_par' dir='ltr' id='par_1_38' title="bbox 211 1047 1030 1087">
     <span class='ocr_line' id='line_1_38' title="bbox 211 1047 1030 1087; baseline 0.005 -10"><span class='ocrx_word' id='word_1_235' title='bbox 211 1047 379 1078; x_wconf 83' lang='lat' dir='ltr'><strong>hortatoriis</strong></span> <span class='ocrx_word' id='word_1_236' title='bbox 396 1048 545 1087; x_wconf 76' lang='lat' dir='ltr'><strong>inciatus,</strong></span> <span class='ocrx_word' id='word_1_237' title='bbox 572 1054 652 1080; x_wconf 88' lang='lat' dir='ltr'><strong>retro</strong></span> <span class='ocrx_word' id='word_1_238' title='bbox 680 1055 877 1081; x_wconf 80' lang='lat' dir='ltr'><strong>convertatur.</strong></span> <span class='ocrx_word' id='word_1_239' title='bbox 907 1050 948 1081; x_wconf 87' lang='lat' dir='ltr'><strong>Ne</strong></span> <span class='ocrx_word' id='word_1_240' title='bbox 965 1061 1030 1081; x_wconf 84' lang='lat' dir='ltr'><strong>cum</strong></span> 
     </span>
    </p>
   </div>
   <div class='ocr_carea' id='block_1_39' title="bbox 209 1092 1029 1135">
    <p class='ocr_par' dir='ltr' id='par_1_39' title="bbox 209 1092 1029 1135">
     <span class='ocr_line' id='line_1_39' title="bbox 209 1092 1029 1135; baseline 0.004 -13"><span class='ocrx_word' id='word_1_241' title='bbox 209 1092 290 1122; x_wconf 90' lang='lat' dir='ltr'><strong>iisin</strong></span> <span class='ocrx_word' id='word_1_242' title='bbox 308 1093 449 1124; x_wconf 86' lang='lat' dir='ltr'><strong>cathedra</strong></span> <span class='ocrx_word' id='word_1_243' title='bbox 475 1094 596 1130; x_wconf 82' lang='lat' dir='ltr'><strong>sedeat;</strong></span> <span class='ocrx_word' id='word_1_244' title='bbox 626 1104 681 1125; x_wconf 87' lang='lat' dir='ltr'><strong>nec</strong></span> <span class='ocrx_word' id='word_1_245' title='bbox 709 1095 854 1135; x_wconf 85' lang='lat' dir='ltr'><strong>colloquia</strong></span> <span class='ocrx_word' id='word_1_246' title='bbox 879 1105 943 1125; x_wconf 86' lang='lat' dir='ltr'><strong>cum</strong></span> <span class='ocrx_word' id='word_1_247' title='bbox 971 1096 1029 1126; x_wconf 87' lang='lat' dir='ltr'><strong>illis</strong></span> 
     </span>
    </p>
   </div>
   <div class='ocr_carea' id='block_1_40' title="bbox 210 1137 1027 1178">
    <p class='ocr_par' dir='ltr' id='par_1_40' title="bbox 210 1137 1027 1178">
     <span class='ocr_line' id='line_1_40' title="bbox 210 1137 1027 1178; baseline 0.005 -12"><span class='ocrx_word' id='word_1_248' title='bbox 210 1137 287 1167; x_wconf 85' lang='lat' dir='ltr'><strong>mala</strong></span> <span class='ocrx_word' id='word_1_249' title='bbox 301 1142 389 1169; x_wconf 85' lang='lat' dir='ltr'><strong>serat.</strong></span> <span class='ocrx_word' id='word_1_250' title='bbox 409 1147 462 1178; x_wconf 88' lang='lat' dir='ltr'><strong>per</strong></span> <span class='ocrx_word' id='word_1_251' title='bbox 478 1148 542 1178; x_wconf 82' lang='lat' dir='ltr'><strong>quae</strong></span> <span class='ocrx_word' id='word_1_252' title='bbox 557 1139 637 1169; x_wconf 67' lang='lat' dir='ltr'><strong>virus</strong></span> <span class='ocrx_word' id='word_1_253' title='bbox 655 1139 684 1169; x_wconf 90' lang='lat' dir='ltr'><strong>in</strong></span> <span class='ocrx_word' id='word_1_254' title='bbox 698 1139 826 1170; x_wconf 85' lang='lat' dir='ltr'><strong>animam</strong></span> <span class='ocrx_word' id='word_1_255' title='bbox 844 1139 1027 1175; x_wconf 68' lang='lat' dir='ltr'><strong>infundatur,</strong></span> 
     </span>
    </p>
   </div>
   <div class='ocr_carea' id='block_1_41' title="bbox 210 1182 1029 1223">
    <p class='ocr_par' dir='ltr' id='par_1_41' title="bbox 210 1182 1029 1223">
     <span class='ocr_line' id='line_1_41' title="bbox 210 1182 1029 1223; baseline 0.002 -11"><span class='ocrx_word' id='word_1_256' title='bbox 210 1185 238 1212; x_wconf 89' lang='lat' dir='ltr'><strong>et</strong></span> <span class='ocrx_word' id='word_1_257' title='bbox 253 1182 318 1222; x_wconf 84' lang='lat' dir='ltr'><strong>ipse</strong></span> <span class='ocrx_word' id='word_1_258' title='bbox 349 1182 497 1222; x_wconf 84' lang='lat' dir='ltr'><strong>prioribus</strong></span> <span class='ocrx_word' id='word_1_259' title='bbox 526 1192 653 1223; x_wconf 84' lang='lat' dir='ltr'><strong>nequam</strong></span> <span class='ocrx_word' id='word_1_260' title='bbox 680 1184 824 1218; x_wconf 66' lang='lat' dir='ltr'><strong>consiliis.</strong></span> <span class='ocrx_word' id='word_1_261' title='bbox 841 1185 1029 1223; x_wconf 68' lang='lat' dir='ltr'><strong>cogitationi-</strong></span> 
     </span>
    </p>
   </div>
   <div class='ocr_carea' id='block_1_42' title="bbox 210 1225 1029 1266">
    <p class='ocr_par' dir='ltr' id='par_1_42' title="bbox 210 1225 1029 1266">
     <span class='ocr_line' id='line_1_42' title="bbox 210 1225 1029 1266; baseline 0.002 -10"><span class='ocrx_word' id='word_1_262' title='bbox 210 1225 323 1266; x_wconf 88' lang='lat' dir='ltr'><strong>busque</strong></span> <span class='ocrx_word' id='word_1_263' title='bbox 335 1226 487 1257; x_wconf 84' lang='lat' dir='ltr'><strong>immorari</strong></span> <span class='ocrx_word' id='word_1_264' title='bbox 499 1232 630 1266; x_wconf 80' lang='lat' dir='ltr'><strong>cogatur.</strong></span> <span class='ocrx_word' id='word_1_265' title='bbox 640 1227 734 1258; x_wconf 84' lang='lat' dir='ltr'><strong>Homo</strong></span> <span class='ocrx_word' id='word_1_266' title='bbox 746 1238 810 1258; x_wconf 89' lang='lat' dir='ltr'><strong>cum</strong></span> <span class='ocrx_word' id='word_1_267' title='bbox 829 1229 916 1258; x_wconf 87' lang='lat' dir='ltr'><strong>homo</strong></span> <span class='ocrx_word' id='word_1_268' title='bbox 932 1237 1029 1259; x_wconf 82' lang='lat' dir='ltr'><strong>escam</strong></span> 
     </span>
    </p>
   </div>
   <div class='ocr_carea' id='block_1_43' title="bbox 209 1271 1030 1310">
    <p class='ocr_par' dir='ltr' id='par_1_43' title="bbox 209 1271 1030 1310">
     <span class='ocr_line' id='line_1_43' title="bbox 209 1271 1030 1310; baseline 0.004 -10"><span class='ocrx_word' id='word_1_269' title='bbox 209 1271 278 1301; x_wconf 89' lang='lat' dir='ltr'><strong>time</strong></span> <span class='ocrx_word' id='word_1_270' title='bbox 291 1281 298 1307; x_wconf 91' lang='lat'><strong>;</strong></span> <span class='ocrx_word' id='word_1_271' title='bbox 309 1271 376 1301; x_wconf 88' lang='lat' dir='ltr'><strong>audi</strong></span> <span class='ocrx_word' id='word_1_272' title='bbox 389 1280 449 1308; x_wconf 89' lang='lat' dir='ltr'><strong>me,</strong></span> <span class='ocrx_word' id='word_1_273' title='bbox 460 1277 490 1302; x_wconf 91' lang='lat' dir='ltr'><strong>et</strong></span> <span class='ocrx_word' id='word_1_274' title='bbox 501 1272 601 1310; x_wconf 85' lang='lat' dir='ltr'><strong>procul</strong></span> <span class='ocrx_word' id='word_1_275' title='bbox 616 1272 652 1302; x_wconf 87' lang='lat' dir='ltr'><strong>ab</strong></span> <span class='ocrx_word' id='word_1_276' title='bbox 665 1272 725 1302; x_wconf 88' lang='lat' dir='ltr'><strong>illio</strong></span> <span class='ocrx_word' id='word_1_277' title='bbox 738 1273 845 1303; x_wconf 78' lang='lat' dir='ltr'><strong>recede</strong></span> <span class='ocrx_word' id='word_1_278' title='bbox 855 1283 890 1302; x_wconf 87' lang='lat' dir='ltr'><strong>ne</strong></span> <span class='ocrx_word' id='word_1_279' title='bbox 901 1272 1030 1303; x_wconf 90' lang='lat' dir='ltr'><strong>animam</strong></span> 
     </span>
    </p>
   </div>
   <div class='ocr_carea' id='block_1_44' title="bbox 209 1315 1029 1348">
    <p class='ocr_par' dir='ltr' id='par_1_44' title="bbox 209 1315 1029 1348">
     <span class='ocr_line' id='line_1_44' title="bbox 209 1315 1029 1348; baseline 0.002 -3"><span class='ocrx_word' id='word_1_280' title='bbox 209 1319 287 1346; x_wconf 92' lang='lat' dir='ltr'><strong>tuam</strong></span> <span class='ocrx_word' id='word_1_281' title='bbox 304 1315 411 1346; x_wconf 72' lang='lat' dir='ltr'><strong>iterum</strong></span> <span class='ocrx_word' id='word_1_282' title='bbox 441 1316 475 1345; x_wconf 86' lang='lat' dir='ltr'><strong>ad</strong></span> <span class='ocrx_word' id='word_1_283' title='bbox 505 1316 617 1346; x_wconf 87' lang='lat' dir='ltr'><strong>inferos</strong></span> <span class='ocrx_word' id='word_1_284' title='bbox 646 1317 786 1347; x_wconf 42' lang='lat' dir='ltr'><strong>deductis.</strong></span> <span class='ocrx_word' id='word_1_285' title='bbox 806 1319 933 1348; x_wconf 79' lang='lat' dir='ltr'><strong>Mentem</strong></span> <span class='ocrx_word' id='word_1_286' title='bbox 952 1322 1029 1348; x_wconf 89' lang='lat' dir='ltr'><strong>tuam</strong></span> 
     </span>
    </p>
   </div>
   <div class='ocr_carea' id='block_1_45' title="bbox 207 1359 1030 1401">
    <p class='ocr_par' dir='ltr' id='par_1_45' title="bbox 207 1359 1030 1401">
     <span class='ocr_line' id='line_1_45' title="bbox 207 1359 1030 1401; baseline 0.004 -12"><span class='ocrx_word' id='word_1_287' title='bbox 207 1359 275 1398; x_wconf 77' lang='lat' dir='ltr'><strong>ﬁge,</strong></span> <span class='ocrx_word' id='word_1_288' title='bbox 292 1364 320 1389; x_wconf 88' lang='lat' dir='ltr'><strong>et</strong></span> <span class='ocrx_word' id='word_1_289' title='bbox 343 1360 514 1397; x_wconf 79' lang='lat' dir='ltr'><strong>constabili,</strong></span> <span class='ocrx_word' id='word_1_290' title='bbox 542 1365 570 1391; x_wconf 89' lang='lat' dir='ltr'><strong>et</strong></span> <span class='ocrx_word' id='word_1_291' title='bbox 587 1371 622 1391; x_wconf 89' lang='lat' dir='ltr'><strong>ne</strong></span> <span class='ocrx_word' id='word_1_292' title='bbox 640 1361 719 1391; x_wconf 90' lang='lat' dir='ltr'><strong>illam</strong></span> <span class='ocrx_word' id='word_1_293' title='bbox 735 1361 769 1391; x_wconf 67' lang='lat' dir='ltr'><strong>HI</strong></span> <span class='ocrx_word' id='word_1_294' title='bbox 788 1371 869 1401; x_wconf 80' lang='lat' dir='ltr'><strong>vana,</strong></span> <span class='ocrx_word' id='word_1_295' title='bbox 889 1366 916 1392; x_wconf 87' lang='lat' dir='ltr'><strong>et</strong></span> <span class='ocrx_word' id='word_1_296' title='bbox 932 1362 1030 1392; x_wconf 88' lang='lat' dir='ltr'><strong>inania</strong></span> 
     </span>
    </p>
   </div>
   <div class='ocr_carea' id='block_1_46' title="bbox 206 1402 1031 1446">
    <p class='ocr_par' dir='ltr' id='par_1_46' title="bbox 206 1402 1031 1446">
     <span class='ocr_line' id='line_1_46' title="bbox 206 1402 1031 1446; baseline 0.005 -14"><span class='ocrx_word' id='word_1_297' title='bbox 206 1402 357 1433; x_wconf 80' lang='lat' dir='ltr'><strong>avdienda</strong></span> <span class='ocrx_word' id='word_1_298' title='bbox 366 1403 463 1441; x_wconf 80' lang='lat' dir='ltr'><strong>vagari</strong></span> <span class='ocrx_word' id='word_1_299' title='bbox 475 1404 567 1434; x_wconf 82' lang='lat' dir='ltr'><strong>sinas.</strong></span> <span class='ocrx_word' id='word_1_300' title='bbox 581 1405 624 1435; x_wconf 86' lang='lat' dir='ltr'><strong>Ne</strong></span> <span class='ocrx_word' id='word_1_301' title='bbox 635 1405 741 1445; x_wconf 84' lang='lat' dir='ltr'><strong>pedem</strong></span> <span class='ocrx_word' id='word_1_302' title='bbox 754 1405 877 1435; x_wconf 51' lang='lat' dir='ltr'><strong>referas.</strong></span> <span class='ocrx_word' id='word_1_303' title='bbox 892 1406 935 1436; x_wconf 77' lang='lat' dir='ltr'><strong>Nc</strong></span> <span class='ocrx_word' id='word_1_304' title='bbox 948 1406 1031 1446; x_wconf 73' lang='lat' dir='ltr'><strong>piger</strong></span> 
     </span>
    </p>
   </div>
   <div class='ocr_carea' id='block_1_47' title="bbox 207 1445 1031 1489">
    <p class='ocr_par' dir='ltr' id='par_1_47' title="bbox 207 1445 1031 1489">
     <span class='ocr_line' id='line_1_47' title="bbox 207 1445 1031 1489; baseline 0.006 -13"><span class='ocrx_word' id='word_1_305' title='bbox 207 1445 259 1483; x_wconf 87' lang='lat' dir='ltr'><strong>sis,</strong></span> <span class='ocrx_word' id='word_1_306' title='bbox 275 1456 348 1477; x_wconf 85' lang='lat' dir='ltr'><strong>neve</strong></span> <span class='ocrx_word' id='word_1_307' title='bbox 365 1447 501 1478; x_wconf 84' lang='lat' dir='ltr'><strong>socordia</strong></span> <span class='ocrx_word' id='word_1_308' title='bbox 516 1458 651 1488; x_wconf 84' lang='lat' dir='ltr'><strong>gravere,</strong></span> <span class='ocrx_word' id='word_1_309' title='bbox 669 1453 697 1480; x_wconf 90' lang='lat' dir='ltr'><strong>et</strong></span> <span class='ocrx_word' id='word_1_310' title='bbox 722 1449 902 1489; x_wconf 88' lang='lat' dir='ltr'><strong>opprimare.</strong></span> <span class='ocrx_word' id='word_1_311' title='bbox 919 1445 962 1480; x_wconf 76' lang='lat' dir='ltr'><strong>Ne</strong></span> <span class='ocrx_word' id='word_1_312' title='bbox 978 1450 1031 1481; x_wconf 88' lang='lat' dir='ltr'><strong>des</strong></span> 
     </span>
    </p>
   </div>
   <div class='ocr_carea' id='block_1_48' title="bbox 206 1491 1029 1534">
    <p class='ocr_par' dir='ltr' id='par_1_48' title="bbox 206 1491 1029 1534">
     <span class='ocr_line' id='line_1_48' title="bbox 206 1491 1029 1534; baseline 0.005 -14"><span class='ocrx_word' id='word_1_313' title='bbox 206 1499 341 1521; x_wconf 90' lang='lat' dir='ltr'><strong>somnum</strong></span> <span class='ocrx_word' id='word_1_314' title='bbox 358 1491 452 1522; x_wconf 84' lang='lat' dir='ltr'><strong>oculis</strong></span> <span class='ocrx_word' id='word_1_315' title='bbox 465 1493 532 1532; x_wconf 84' lang='lat' dir='ltr'><strong>tuis,</strong></span> <span class='ocrx_word' id='word_1_316' title='bbox 547 1502 605 1524; x_wconf 89' lang='lat' dir='ltr'><strong>neu</strong></span> <span class='ocrx_word' id='word_1_317' title='bbox 616 1497 715 1532; x_wconf 80' lang='lat' dir='ltr'><strong>guttur</strong></span> <span class='ocrx_word' id='word_1_318' title='bbox 727 1497 809 1524; x_wconf 87' lang='lat' dir='ltr'><strong>tuum</strong></span> <span class='ocrx_word' id='word_1_319' title='bbox 830 1493 954 1534; x_wconf 75' lang='lat' dir='ltr'><strong>alicujus</strong></span> <span class='ocrx_word' id='word_1_320' title='bbox 970 1494 1029 1525; x_wconf 87' lang='lat' dir='ltr'><strong>cibi</strong></span> 
     </span>
    </p>
   </div>
   <div class='ocr_carea' id='block_1_49' title="bbox 204 1535 1057 1588">
    <p class='ocr_par' dir='ltr' id='par_1_49' title="bbox 204 1535 1057 1588">
     <span class='ocr_line' id='line_1_49' title="bbox 204 1535 1057 1588; baseline 0.006 -24"><span class='ocrx_word' id='word_1_321' title='bbox 204 1535 348 1566; x_wconf 88' lang='lat' dir='ltr'><strong>suavitate</strong></span> <span class='ocrx_word' id='word_1_322' title='bbox 370 1536 553 1577; x_wconf 84' lang='lat' dir='ltr'><strong>demulceas,</strong></span> <span class='ocrx_word' id='word_1_323' title='bbox 571 1537 667 1568; x_wconf 90' lang='lat' dir='ltr'><strong>donec</strong></span> <span class='ocrx_word' id='word_1_324' title='bbox 697 1538 796 1568; x_wconf 86' lang='lat' dir='ltr'><strong>videas</strong></span> <span class='ocrx_word' id='word_1_325' title='bbox 823 1548 877 1578; x_wconf 87' lang='lat' dir='ltr'><strong>per</strong></span> <span class='ocrx_word' id='word_1_326' title='bbox 901 1538 981 1588; x_wconf 81' lang='lat' dir='ltr'><strong>quid.</strong></span> <span class='ocrx_word' id='word_1_327' title='bbox 1001 1543 1057 1588; x_wconf 84' lang='lat' dir='ltr'><strong>etc</strong></span> 
     </span>
    </p>
   </div>
   <div class='ocr_carea' id='block_1_50' title="bbox 204 1580 1027 1623">
    <p class='ocr_par' dir='ltr' id='par_1_50' title="bbox 204 1580 1027 1623">
     <span class='ocr_line' id='line_1_50' title="bbox 204 1580 1027 1623; baseline 0.006 -14"><span class='ocrx_word' id='word_1_328' title='bbox 204 1584 326 1620; x_wconf 90' lang='lat' dir='ltr'><strong>propter</strong></span> <span class='ocrx_word' id='word_1_329' title='bbox 341 1580 411 1620; x_wconf 88' lang='lat' dir='ltr'><strong>quid</strong></span> <span class='ocrx_word' id='word_1_330' title='bbox 428 1581 520 1611; x_wconf 83' lang='lat' dir='ltr'><strong>Vocati</strong></span> <span class='ocrx_word' id='word_1_331' title='bbox 538 1581 642 1620; x_wconf 79' lang='lat' dir='ltr'><strong>simus,</strong></span> <span class='ocrx_word' id='word_1_332' title='bbox 659 1586 688 1613; x_wconf 90' lang='lat' dir='ltr'><strong>et</strong></span> <span class='ocrx_word' id='word_1_333' title='bbox 703 1592 846 1623; x_wconf 87' lang='lat' dir='ltr'><strong>quorsum</strong></span> <span class='ocrx_word' id='word_1_334' title='bbox 863 1584 1027 1614; x_wconf 87' lang='lat' dir='ltr'><strong>secundum</strong></span> 
     </span>
    </p>
   </div>
   <div class='ocr_carea' id='block_1_51' title="bbox 203 1625 1026 1667">
    <p class='ocr_par' dir='ltr' id='par_1_51' title="bbox 203 1625 1026 1667">
     <span class='ocr_line' id='line_1_51' title="bbox 203 1625 1026 1667; baseline 0.006 -13"><span class='ocrx_word' id='word_1_335' title='bbox 203 1633 325 1664; x_wconf 87' lang='lat' dir='ltr'><strong>scopum</strong></span> <span class='ocrx_word' id='word_1_336' title='bbox 343 1629 422 1655; x_wconf 89' lang='lat' dir='ltr'><strong>tuum</strong></span> <span class='ocrx_word' id='word_1_337' title='bbox 442 1625 575 1657; x_wconf 88' lang='lat' dir='ltr'><strong>festines.</strong></span> <span class='ocrx_word' id='word_1_338' title='bbox 597 1626 773 1667; x_wconf 80' lang='lat' dir='ltr'><strong>llujusmodi</strong></span> <span class='ocrx_word' id='word_1_339' title='bbox 787 1627 1026 1667; x_wconf 74' lang='lat' dir='ltr'><strong>cogitationibus,</strong></span> 
     </span>
    </p>
   </div>
   <div class='ocr_carea' id='block_1_52' title="bbox 204 1669 1027 1712">
    <p class='ocr_par' dir='ltr' id='par_1_52' title="bbox 204 1669 1027 1712">
     <span class='ocr_line' id='line_1_52' title="bbox 204 1669 1027 1712; baseline 0.005 -13"><span class='ocrx_word' id='word_1_340' title='bbox 204 1678 271 1699; x_wconf 93' lang='lat' dir='ltr'><strong>cum</strong></span> <span class='ocrx_word' id='word_1_341' title='bbox 290 1673 317 1699; x_wconf 90' lang='lat' dir='ltr'><strong>te</strong></span> <span class='ocrx_word' id='word_1_342' title='bbox 334 1669 492 1710; x_wconf 79' lang='lat' dir='ltr'><strong>subierint,</strong></span> <span class='ocrx_word' id='word_1_343' title='bbox 514 1671 610 1701; x_wconf 88' lang='lat' dir='ltr'><strong>locum</strong></span> <span class='ocrx_word' id='word_1_344' title='bbox 627 1681 685 1702; x_wconf 90' lang='lat' dir='ltr'><strong>non</strong></span> <span class='ocrx_word' id='word_1_345' title='bbox 703 1671 865 1712; x_wconf 82' lang='lat' dir='ltr'><strong>relinques.</strong></span> <span class='ocrx_word' id='word_1_346' title='bbox 883 1672 957 1708; x_wconf 87' lang='lat' dir='ltr'><strong>Quid</strong></span> <span class='ocrx_word' id='word_1_347' title='bbox 976 1672 1027 1703; x_wconf 87' lang='lat' dir='ltr'><strong>tibi</strong></span> 
     </span>
    </p>
   </div>
   <div class='ocr_carea' id='block_1_53' title="bbox 203 1713 1027 1757">
    <p class='ocr_par' dir='ltr' id='par_1_53' title="bbox 203 1713 1027 1757">
     <span class='ocr_line' id='line_1_53' title="bbox 203 1713 1027 1757; baseline 0.006 -14"><span class='ocrx_word' id='word_1_348' title='bbox 203 1713 317 1754; x_wconf 85' lang='lat' dir='ltr'><strong>labore,</strong></span> <span class='ocrx_word' id='word_1_349' title='bbox 335 1718 364 1745; x_wconf 84' lang='lat' dir='ltr'><strong>et</strong></span> <span class='ocrx_word' id='word_1_350' title='bbox 380 1715 406 1745; x_wconf 89' lang='lat' dir='ltr'><strong>is</strong></span> <span class='ocrx_word' id='word_1_351' title='bbox 421 1724 436 1745; x_wconf 93' lang='lat' dir='ltr'><strong>a</strong></span> <span class='ocrx_word' id='word_1_352' title='bbox 453 1715 621 1754; x_wconf 89' lang='lat' dir='ltr'><strong>importuna</strong></span> <span class='ocrx_word' id='word_1_353' title='bbox 637 1716 847 1755; x_wconf 69' lang='lat' dir='ltr'><strong>defatigatione</strong></span> <span class='ocrx_word' id='word_1_354' title='bbox 864 1726 939 1757; x_wconf 92' lang='lat' dir='ltr'><strong>opus</strong></span> <span class='ocrx_word' id='word_1_355' title='bbox 955 1721 997 1747; x_wconf 85' lang='lat' dir='ltr'><strong>est</strong></span> <span class='ocrx_word' id='word_1_356' title='bbox 1012 1718 1027 1748; x_wconf 86' lang='lat'><strong>?</strong></span> 
     </span>
    </p>
   </div>
   <div class='ocr_carea' id='block_1_54' title="bbox 202 1757 1024 1801">
    <p class='ocr_par' dir='ltr' id='par_1_54' title="bbox 202 1757 1024 1801">
     <span class='ocr_line' id='line_1_54' title="bbox 202 1757 1024 1801; baseline 0.005 -13"><span class='ocrx_word' id='word_1_357' title='bbox 202 1757 333 1797; x_wconf 89' lang='lat' dir='ltr'><strong>Tempus</strong></span> <span class='ocrx_word' id='word_1_358' title='bbox 345 1761 406 1798; x_wconf 89' lang='lat' dir='ltr'><strong>jam</strong></span> <span class='ocrx_word' id='word_1_359' title='bbox 423 1759 601 1797; x_wconf 86' lang='lat' dir='ltr'><strong>implevisti,</strong></span> <span class='ocrx_word' id='word_1_360' title='bbox 632 1761 694 1791; x_wconf 61' lang='lat' dir='ltr'><strong>hanc</strong></span> <span class='ocrx_word' id='word_1_361' title='bbox 723 1761 768 1791; x_wconf 85' lang='lat' dir='ltr'><strong>bis</strong></span> <span class='ocrx_word' id='word_1_362' title='bbox 785 1765 887 1801; x_wconf 85' lang='lat' dir='ltr'><strong>terque</strong></span> <span class='ocrx_word' id='word_1_363' title='bbox 903 1761 1024 1797; x_wconf 79' lang='lat' dir='ltr'><strong>faciens,</strong></span> 
     </span>
    </p>
   </div>
   <div class='ocr_carea' id='block_1_55' title="bbox 201 1803 1025 1846">
    <p class='ocr_par' dir='ltr' id='par_1_55' title="bbox 201 1803 1025 1846">
     <span class='ocr_line' id='line_1_55' title="bbox 201 1803 1025 1846; baseline 0.005 -13"><span class='ocrx_word' id='word_1_364' title='bbox 201 1811 258 1834; x_wconf 87' lang='lat' dir='ltr'><strong>nec</strong></span> <span class='ocrx_word' id='word_1_365' title='bbox 274 1803 364 1833; x_wconf 90' lang='lat' dir='ltr'><strong>ullum</strong></span> <span class='ocrx_word' id='word_1_366' title='bbox 381 1804 450 1834; x_wconf 89' lang='lat' dir='ltr'><strong>inde</strong></span> <span class='ocrx_word' id='word_1_367' title='bbox 462 1804 590 1835; x_wconf 89' lang='lat' dir='ltr'><strong>fructum</strong></span> <span class='ocrx_word' id='word_1_368' title='bbox 603 1806 789 1846; x_wconf 76' lang='lat' dir='ltr'><strong>perspexisti.</strong></span> <span class='ocrx_word' id='word_1_369' title='bbox 803 1805 857 1843; x_wconf 87' lang='lat' dir='ltr'><strong>Ne,</strong></span> <span class='ocrx_word' id='word_1_370' title='bbox 872 1807 961 1838; x_wconf 79' lang='lat' dir='ltr'><strong>frater</strong></span> <span class='ocrx_word' id='word_1_371' title='bbox 973 1807 1025 1844; x_wconf 89' lang='lat' dir='ltr'><strong>mi,</strong></span> 
     </span>
    </p>
   </div>
   <div class='ocr_carea' id='block_1_56' title="bbox 201 1848 1025 1890">
    <p class='ocr_par' dir='ltr' id='par_1_56' title="bbox 201 1848 1025 1890">
     <span class='ocr_line' id='line_1_56' title="bbox 201 1848 1025 1890; baseline 0.006 -13"><span class='ocrx_word' id='word_1_372' title='bbox 201 1857 239 1878; x_wconf 91' lang='lat' dir='ltr'><strong>ne</strong></span> <span class='ocrx_word' id='word_1_373' title='bbox 261 1848 317 1878; x_wconf 88' lang='lat' dir='ltr'><strong>hoc</strong></span> <span class='ocrx_word' id='word_1_374' title='bbox 334 1848 440 1888; x_wconf 77' lang='lat' dir='ltr'><strong>laqueo</strong></span> <span class='ocrx_word' id='word_1_375' title='bbox 470 1849 646 1890; x_wconf 88' lang='lat' dir='ltr'><strong>impliceris,</strong></span> <span class='ocrx_word' id='word_1_376' title='bbox 677 1860 750 1881; x_wconf 84' lang='lat' dir='ltr'><strong>neve</strong></span> <span class='ocrx_word' id='word_1_377' title='bbox 779 1851 886 1890; x_wconf 85' lang='lat' dir='ltr'><strong>prodas</strong></span> <span class='ocrx_word' id='word_1_378' title='bbox 901 1852 1025 1883; x_wconf 82' lang='lat' dir='ltr'><strong>salutem</strong></span> 
     </span>
    </p>
   </div>
   <div class='ocr_carea' id='block_1_57' title="bbox 201 1894 1027 1934">
    <p class='ocr_par' dir='ltr' id='par_1_57' title="bbox 201 1894 1027 1934">
     <span class='ocr_line' id='line_1_57' title="bbox 201 1894 1027 1934; baseline 0.005 -11"><span class='ocrx_word' id='word_1_379' title='bbox 201 1898 307 1923; x_wconf 85' lang='lat' dir='ltr'><strong>tuam:</strong></span> <span class='ocrx_word' id='word_1_380' title='bbox 350 1894 401 1924; x_wconf 87' lang='lat' dir='ltr'><strong>sed</strong></span> <span class='ocrx_word' id='word_1_381' title='bbox 441 1894 550 1934; x_wconf 89' lang='lat' dir='ltr'><strong>impius</strong></span> <span class='ocrx_word' id='word_1_382' title='bbox 579 1904 613 1926; x_wconf 90' lang='lat' dir='ltr'><strong>ac</strong></span> <span class='ocrx_word' id='word_1_383' title='bbox 642 1896 816 1934; x_wconf 80' lang='lat' dir='ltr'><strong>generosius</strong></span> <span class='ocrx_word' id='word_1_384' title='bbox 844 1896 880 1927; x_wconf 87' lang='lat' dir='ltr'><strong>ad</strong></span> <span class='ocrx_word' id='word_1_385' title='bbox 910 1897 1027 1928; x_wconf 89' lang='lat' dir='ltr'><strong>virtutis</strong></span> 
     </span>
    </p>
   </div>
   <div class='ocr_carea' id='block_1_58' title="bbox 200 1937 1023 1980">
    <p class='ocr_par' dir='ltr' id='par_1_58' title="bbox 200 1937 1023 1980">
     <span class='ocr_line' id='line_1_58' title="bbox 200 1937 1023 1980; baseline 0.005 -13"><span class='ocrx_word' id='word_1_386' title='bbox 200 1946 274 1977; x_wconf 88' lang='lat' dir='ltr'><strong>opus</strong></span> <span class='ocrx_word' id='word_1_387' title='bbox 282 1937 420 1968; x_wconf 85' lang='lat' dir='ltr'><strong>incumbe</strong></span> <span class='ocrx_word' id='word_1_388' title='bbox 430 1939 722 1980; x_wconf 76' lang='lat' dir='ltr'><strong>potius,Pati-umque</strong></span> <span class='ocrx_word' id='word_1_389' title='bbox 731 1942 849 1971; x_wconf 83' lang='lat' dir='ltr'><strong>tuorum</strong></span> <span class='ocrx_word' id='word_1_390' title='bbox 858 1941 1023 1972; x_wconf 89' lang='lat' dir='ltr'><strong>secundum</strong></span> 
     </span>
    </p>
   </div>
   <div class='ocr_carea' id='block_1_59' title="bbox 200 1982 1022 2020">
    <p class='ocr_par' dir='ltr' id='par_1_59' title="bbox 200 1982 1022 2020">
     <span class='ocr_line' id='line_1_59' title="bbox 200 1982 1022 2020; baseline 0.007 -10"><span class='ocrx_word' id='word_1_391' title='bbox 200 1982 294 2011; x_wconf 85' lang='lat' dir='ltr'><strong>Deum</strong></span> <span class='ocrx_word' id='word_1_392' title='bbox 311 1982 512 2020; x_wconf 79' lang='lat' dir='ltr'><strong>sermonibus,</strong></span> <span class='ocrx_word' id='word_1_393' title='bbox 540 1988 569 2014; x_wconf 85' lang='lat' dir='ltr'><strong>et</strong></span> <span class='ocrx_word' id='word_1_394' title='bbox 596 1984 832 2015; x_wconf 87' lang='lat' dir='ltr'><strong>institutionibus</strong></span> <span class='ocrx_word' id='word_1_395' title='bbox 855 1995 893 2015; x_wconf 88' lang='lat' dir='ltr'><strong>ne</strong></span> <span class='ocrx_word' id='word_1_396' title='bbox 908 1985 1022 2017; x_wconf 88' lang='lat' dir='ltr'><strong>difﬁde.</strong></span> 
     </span>
    </p>
   </div>
   <div class='ocr_carea' id='block_1_60' title="bbox 201 2025 1021 2070">
    <p class='ocr_par' dir='ltr' id='par_1_60' title="bbox 201 2025 1021 2070">
     <span class='ocr_line' id='line_1_60' title="bbox 201 2025 1021 2070; baseline 0.006 -15"><span class='ocrx_word' id='word_1_397' title='bbox 201 2025 352 2057; x_wconf 84' lang='lat' dir='ltr'><strong>Constitue</strong></span> <span class='ocrx_word' id='word_1_398' title='bbox 365 2027 454 2065; x_wconf 74' lang='lat' dir='ltr'><strong>igitur</strong></span> <span class='ocrx_word' id='word_1_399' title='bbox 463 2028 540 2068; x_wconf 87' lang='lat' dir='ltr'><strong>apud</strong></span> <span class='ocrx_word' id='word_1_400' title='bbox 557 2028 700 2066; x_wconf 88' lang='lat' dir='ltr'><strong>animum,</strong></span> <span class='ocrx_word' id='word_1_401' title='bbox 715 2038 732 2060; x_wconf 88' lang='lat' dir='ltr'><strong>a</strong></span> <span class='ocrx_word' id='word_1_402' title='bbox 750 2029 808 2060; x_wconf 84' lang='lat' dir='ltr'><strong>vita</strong></span> <span class='ocrx_word' id='word_1_403' title='bbox 819 2029 917 2068; x_wconf 90' lang='lat' dir='ltr'><strong>citius,</strong></span> <span class='ocrx_word' id='word_1_404' title='bbox 936 2040 1021 2070; x_wconf 86' lang='lat' dir='ltr'><strong>quam</strong></span> 
     </span>
    </p>
   </div>
   <div class='ocr_carea' id='block_1_61' title="bbox 198 2070 1021 2112">
    <p class='ocr_par' dir='ltr' id='par_1_61' title="bbox 198 2070 1021 2112">
     <span class='ocr_line' id='line_1_61' title="bbox 198 2070 1021 2112; baseline 0.007 -12"><span class='ocrx_word' id='word_1_405' title='bbox 198 2071 236 2100; x_wconf 88' lang='lat' dir='ltr'><strong>ab</strong></span> <span class='ocrx_word' id='word_1_406' title='bbox 252 2070 309 2101; x_wconf 89' lang='lat' dir='ltr'><strong>hac</strong></span> <span class='ocrx_word' id='word_1_407' title='bbox 324 2070 404 2101; x_wconf 85' lang='lat' dir='ltr'><strong>vitali</strong></span> <span class='ocrx_word' id='word_1_408' title='bbox 432 2071 624 2112; x_wconf 87' lang='lat' dir='ltr'><strong>inquisitione</strong></span> <span class='ocrx_word' id='word_1_409' title='bbox 649 2073 805 2104; x_wconf 87' lang='lat' dir='ltr'><strong>discedere</strong></span> <span class='ocrx_word' id='word_1_410' title='bbox 845 2074 928 2110; x_wconf 87' lang='lat' dir='ltr'><strong>Quod</strong></span> <span class='ocrx_word' id='word_1_411' title='bbox 945 2075 970 2106; x_wconf 88' lang='lat' dir='ltr'><strong>si</strong></span> <span class='ocrx_word' id='word_1_412' title='bbox 983 2075 1021 2106; x_wconf 87' lang='lat' dir='ltr'><strong>ab</strong></span> 
     </span>
    </p>
   </div>
   <div class='ocr_carea' id='block_1_62' title="bbox 198 2114 1021 2158">
    <p class='ocr_par' dir='ltr' id='par_1_62' title="bbox 198 2114 1021 2158">
     <span class='ocr_line' id='line_1_62' title="bbox 198 2114 1021 2158; baseline 0.006 -13"><span class='ocrx_word' id='word_1_413' title='bbox 198 2114 284 2146; x_wconf 90' lang='lat' dir='ltr'><strong>initio</strong></span> <span class='ocrx_word' id='word_1_414' title='bbox 298 2115 371 2146; x_wconf 90' lang='lat' dir='ltr'><strong>nihil</strong></span> <span class='ocrx_word' id='word_1_415' title='bbox 384 2121 537 2148; x_wconf 79' lang='lat' dir='ltr'><strong>contactus</strong></span> <span class='ocrx_word' id='word_1_416' title='bbox 548 2118 682 2155; x_wconf 85' lang='lat' dir='ltr'><strong>fecisses,</strong></span> <span class='ocrx_word' id='word_1_417' title='bbox 705 2119 852 2158; x_wconf 70' lang='lat' dir='ltr'><strong>benignus</strong></span> <span class='ocrx_word' id='word_1_418' title='bbox 870 2119 948 2150; x_wconf 89' lang='lat' dir='ltr'><strong>Dens</strong></span> <span class='ocrx_word' id='word_1_419' title='bbox 964 2130 1021 2150; x_wconf 86' lang='lat' dir='ltr'><strong>non</strong></span> 
     </span>
    </p>
   </div>
   <div class='ocr_carea' id='block_1_63' title="bbox 199 2159 1022 2205">
    <p class='ocr_par' dir='ltr' id='par_1_63' title="bbox 199 2159 1022 2205">
     <span class='ocr_line' id='line_1_63' title="bbox 199 2159 1022 2205; baseline 0.007 -16"><span class='ocrx_word' id='word_1_420' title='bbox 199 2164 228 2190; x_wconf 88' lang='lat' dir='ltr'><strong>te</strong></span> <span class='ocrx_word' id='word_1_421' title='bbox 252 2159 448 2200; x_wconf 84' lang='lat' dir='ltr'><strong>despexisset,</strong></span> <span class='ocrx_word' id='word_1_422' title='bbox 467 2161 578 2202; x_wconf 89' lang='lat' dir='ltr'><strong>tibique</strong></span> <span class='ocrx_word' id='word_1_423' title='bbox 603 2162 744 2194; x_wconf 79' lang='lat' dir='ltr'><strong>desiderii</strong></span> <span class='ocrx_word' id='word_1_424' title='bbox 771 2163 810 2194; x_wconf 89' lang='lat' dir='ltr'><strong>tui</strong></span> <span class='ocrx_word' id='word_1_425' title='bbox 827 2163 954 2195; x_wconf 89' lang='lat' dir='ltr'><strong>fructum</strong></span> <span class='ocrx_word' id='word_1_426' title='bbox 970 2174 1022 2205; x_wconf 87' lang='lat' dir='ltr'><strong>pro</strong></span> 
     </span>
    </p>
   </div>
   <div class='ocr_carea' id='block_1_64' title="bbox 197 2205 501 2236">
    <p class='ocr_par' dir='ltr' id='par_1_64' title="bbox 197 2205 501 2236">
     <span class='ocr_line' id='line_1_64' title="bbox 197 2205 501 2236; baseline 0.007 -2"><span class='ocrx_word' id='word_1_427' title='bbox 197 2207 277 2234; x_wconf 88' lang='lat' dir='ltr'><strong>certo</strong></span> <span class='ocrx_word' id='word_1_428' title='bbox 293 2205 501 2236; x_wconf 84' lang='lat' dir='ltr'><strong>concessisset.</strong></span> 
     </span>
    </p>
   </div>
   <div class='ocr_carea' id='block_1_65' title="bbox 235 2247 1021 2293">
    <p class='ocr_par' dir='ltr' id='par_1_65' title="bbox 235 2247 1021 2293">
     <span class='ocr_line' id='line_1_65' title="bbox 235 2247 1021 2293; baseline 0.006 -15"><span class='ocrx_word' id='word_1_429' title='bbox 235 2247 334 2279; x_wconf 86' lang='lat' dir='ltr'><strong>Media</strong></span> <span class='ocrx_word' id='word_1_430' title='bbox 358 2254 445 2280; x_wconf 88' lang='lat' dir='ltr'><strong>nocte</strong></span> <span class='ocrx_word' id='word_1_431' title='bbox 474 2255 676 2290; x_wconf 86' lang='lat' dir='ltr'><strong>experrectus,</strong></span> <span class='ocrx_word' id='word_1_432' title='bbox 705 2256 856 2283; x_wconf 89' lang='lat' dir='ltr'><strong>memento</strong></span> <span class='ocrx_word' id='word_1_433' title='bbox 881 2253 945 2292; x_wconf 85' lang='lat' dir='ltr'><strong>ejus</strong></span> <span class='ocrx_word' id='word_1_434' title='bbox 970 2253 1021 2293; x_wconf 92' lang='lat' dir='ltr'><strong>qui</strong></span> 
     </span>
    </p>
   </div>
   <div class='ocr_carea' id='block_1_66' title="bbox 197 2291 1022 2336">
    <p class='ocr_par' dir='ltr' id='par_1_66' title="bbox 197 2291 1022 2336">
     <span class='ocr_line' id='line_1_66' title="bbox 197 2291 1022 2336; baseline 0.007 -14"><span class='ocrx_word' id='word_1_435' title='bbox 197 2291 286 2323; x_wconf 77' lang='lat' dir='ltr'><strong>dixit&#39;</strong></span> <span class='ocrx_word' id='word_1_436' title='bbox 304 2293 406 2325; x_wconf 73' lang='lat' dir='ltr'><strong>Media</strong></span> <span class='ocrx_word' id='word_1_437' title='bbox 422 2299 509 2326; x_wconf 78' lang='lat' dir='ltr'><strong>nocte</strong></span> <span class='ocrx_word' id='word_1_438' title='bbox 522 2296 683 2336; x_wconf 82' lang='lat' dir='ltr'><strong>surgebam</strong></span> <span class='ocrx_word' id='word_1_439' title='bbox 699 2297 739 2327; x_wconf 81' lang='lat' dir='ltr'><strong>(Id</strong></span> <span class='ocrx_word' id='word_1_440' title='bbox 750 2291 953 2336; x_wconf 74' lang='lat' dir='ltr'><strong>conﬁtendum</strong></span> <span class='ocrx_word' id='word_1_441' title='bbox 967 2291 1022 2328; x_wconf 73' lang='lat' dir='ltr'><strong>tibi</strong></span> 
     </span>
    </p>
   </div>
   <div class='ocr_carea' id='block_1_67' title="bbox 195 2338 1017 2381">
    <p class='ocr_par' dir='ltr' id='par_1_67' title="bbox 195 2338 1017 2381">
     <span class='ocr_line' id='line_1_67' title="bbox 195 2338 1017 2381; baseline 0.006 -14"><span class='ocrx_word' id='word_1_442' title='bbox 195 2345 288 2377; x_wconf 78' lang='lat' dir='ltr'><strong>super</strong></span> <span class='ocrx_word' id='word_1_443' title='bbox 301 2338 420 2374; x_wconf 73' lang='lat' dir='ltr'><strong>iudicia</strong></span> <span class='ocrx_word' id='word_1_444' title='bbox 430 2340 559 2379; x_wconf 76' lang='lat' dir='ltr'><strong>justitiw</strong></span> <span class='ocrx_word' id='word_1_445' title='bbox 571 2346 631 2371; x_wconf 78' lang='lat' dir='ltr'><strong>tnw</strong></span> <span class='ocrx_word' id='word_1_446' title='bbox 645 2341 686 2370; x_wconf 87' lang='lat'><strong>87.</strong></span> <span class='ocrx_word' id='word_1_447' title='bbox 702 2341 737 2372; x_wconf 87' lang='lat' dir='ltr'><strong>Et</strong></span> <span class='ocrx_word' id='word_1_448' title='bbox 752 2341 861 2381; x_wconf 76' lang='lat' dir='ltr'><strong>gratias</strong></span> <span class='ocrx_word' id='word_1_449' title='bbox 876 2351 930 2380; x_wconf 77' lang='lat' dir='ltr'><strong>age</strong></span> <span class='ocrx_word' id='word_1_450' title='bbox 946 2341 1017 2380; x_wconf 91' lang='lat' dir='ltr'><strong>Deo,</strong></span> 
     </span>
    </p>
   </div>
   <div class='ocr_carea' id='block_1_68' title="bbox 196 2382 1016 2424">
    <p class='ocr_par' dir='ltr' id='par_1_68' title="bbox 196 2382 1016 2424">
     <span class='ocr_line' id='line_1_68' title="bbox 196 2382 1016 2424; baseline 0.006 -13"><span class='ocrx_word' id='word_1_451' title='bbox 196 2382 245 2421; x_wconf 88' lang='lat' dir='ltr'><strong>qui</strong></span> <span class='ocrx_word' id='word_1_452' title='bbox 258 2385 286 2412; x_wconf 90' lang='lat' dir='ltr'><strong>te</strong></span> <span class='ocrx_word' id='word_1_453' title='bbox 298 2383 334 2413; x_wconf 89' lang='lat' dir='ltr'><strong>ad</strong></span> <span class='ocrx_word' id='word_1_454' title='bbox 351 2383 553 2424; x_wconf 90' lang='lat' dir='ltr'><strong>laudesipsius</strong></span> <span class='ocrx_word' id='word_1_455' title='bbox 561 2386 711 2416; x_wconf 85' lang='lat' dir='ltr'><strong>canendas</strong></span> <span class='ocrx_word' id='word_1_456' title='bbox 720 2395 736 2416; x_wconf 87' lang='lat' dir='ltr'><strong>e</strong></span> <span class='ocrx_word' id='word_1_457' title='bbox 748 2395 853 2416; x_wconf 90' lang='lat' dir='ltr'><strong>somno</strong></span> <span class='ocrx_word' id='word_1_458' title='bbox 866 2385 1016 2417; x_wconf 84' lang='lat' dir='ltr'><strong>excitavit:</strong></span> 
     </span>
    </p>
   </div>
   <div class='ocr_carea' id='block_1_69' title="bbox 194 2426 1018 2471">
    <p class='ocr_par' dir='ltr' id='par_1_69' title="bbox 194 2426 1018 2471">
     <span class='ocr_line' id='line_1_69' title="bbox 194 2426 1018 2471; baseline 0.006 -15"><span class='ocrx_word' id='word_1_459' title='bbox 194 2426 301 2465; x_wconf 85' lang='lat' dir='ltr'><strong>gaude,</strong></span> <span class='ocrx_word' id='word_1_460' title='bbox 316 2432 345 2458; x_wconf 91' lang='lat' dir='ltr'><strong>et</strong></span> <span class='ocrx_word' id='word_1_461' title='bbox 360 2429 484 2466; x_wconf 81' lang='lat' dir='ltr'><strong>exsulta,</strong></span> <span class='ocrx_word' id='word_1_462' title='bbox 494 2430 562 2470; x_wconf 90' lang='lat' dir='ltr'><strong>quia</strong></span> <span class='ocrx_word' id='word_1_463' title='bbox 587 2430 674 2469; x_wconf 80' lang='lat' dir='ltr'><strong>ignus</strong></span> <span class='ocrx_word' id='word_1_464' title='bbox 695 2434 739 2461; x_wconf 92' lang='lat' dir='ltr'><strong>est</strong></span> <span class='ocrx_word' id='word_1_465' title='bbox 751 2430 881 2471; x_wconf 73' lang='lat' dir='ltr'><strong>habitus,</strong></span> <span class='ocrx_word' id='word_1_466' title='bbox 892 2431 942 2471; x_wconf 90' lang='lat' dir='ltr'><strong>qui</strong></span> <span class='ocrx_word' id='word_1_467' title='bbox 952 2441 1018 2462; x_wconf 90' lang='lat' dir='ltr'><strong>cum</strong></span> 
     </span>
    </p>
   </div>
   <div class='ocr_carea' id='block_1_70' title="bbox 194 2471 1019 2511">
    <p class='ocr_par' dir='ltr' id='par_1_70' title="bbox 194 2471 1019 2511">
     <span class='ocr_line' id='line_1_70' title="bbox 194 2471 1019 2511; baseline 0.007 -11"><span class='ocrx_word' id='word_1_468' title='bbox 194 2471 427 2511; x_wconf 81' lang='lat' dir='ltr'><strong>sanctisangelis</strong></span> <span class='ocrx_word' id='word_1_469' title='bbox 436 2475 528 2504; x_wconf 84' lang='lat' dir='ltr'><strong>Deum</strong></span> <span class='ocrx_word' id='word_1_470' title='bbox 536 2475 739 2507; x_wconf 90' lang='lat' dir='ltr'><strong>concelebres.</strong></span> <span class='ocrx_word' id='word_1_471' title='bbox 749 2474 842 2506; x_wconf 86' lang='lat' dir='ltr'><strong>Christ</strong></span> <span class='ocrx_word' id='word_1_472' title='bbox 850 2475 1019 2506; x_wconf 83' lang='lat' dir='ltr'><strong>ianuseniin</strong></span> 
     </span>
    </p>
   </div>
   <div class='ocr_carea' id='block_1_71' title="bbox 193 2518 1021 2558">
    <p class='ocr_par' dir='ltr' id='par_1_71' title="bbox 193 2518 1021 2558">
     <span class='ocr_line' id='line_1_71' title="bbox 193 2518 1021 2558; baseline 0.008 -14"><span class='ocrx_word' id='word_1_473' title='bbox 193 2521 342 2554; x_wconf 84' lang='lat' dir='ltr'><strong>peccator,</strong></span> <span class='ocrx_word' id='word_1_474' title='bbox 371 2518 408 2548; x_wconf 86' lang='lat' dir='ltr'><strong>de</strong></span> <span class='ocrx_word' id='word_1_475' title='bbox 435 2518 552 2558; x_wconf 73' lang='lat' dir='ltr'><strong>flagitiis</strong></span> <span class='ocrx_word' id='word_1_476' title='bbox 581 2524 723 2551; x_wconf 64' lang='lat' dir='ltr'><strong>anteactae</strong></span> <span class='ocrx_word' id='word_1_477' title='bbox 752 2520 817 2550; x_wconf 60' lang='lat' dir='ltr'><strong>vita;</strong></span> <span class='ocrx_word' id='word_1_478' title='bbox 847 2519 961 2558; x_wconf 88' lang='lat' dir='ltr'><strong>dolens,</strong></span> <span class='ocrx_word' id='word_1_479' title='bbox 991 2524 1021 2551; x_wconf 91' lang='lat' dir='ltr'><strong>et</strong></span> 
     </span>
    </p>
   </div>
   <div class='ocr_carea' id='block_1_72' title="bbox 191 2559 1019 2602">
    <p class='ocr_par' dir='ltr' id='par_1_72' title="bbox 191 2559 1019 2602">
     <span class='ocr_line' id='line_1_72' title="bbox 191 2559 1019 2602; baseline 0.008 -13"><span class='ocrx_word' id='word_1_480' title='bbox 191 2559 279 2590; x_wconf 89' lang='lat' dir='ltr'><strong>vitam</strong></span> <span class='ocrx_word' id='word_1_481' title='bbox 307 2561 369 2592; x_wconf 90' lang='lat' dir='ltr'><strong>Deo</strong></span> <span class='ocrx_word' id='word_1_482' title='bbox 399 2567 510 2601; x_wconf 79' lang='lat' dir='ltr'><strong>gratam</strong></span> <span class='ocrx_word' id='word_1_483' title='bbox 547 2563 716 2602; x_wconf 89' lang='lat' dir='ltr'><strong>instituens,</strong></span> <span class='ocrx_word' id='word_1_484' title='bbox 747 2563 805 2595; x_wconf 90' lang='lat' dir='ltr'><strong>nisi</strong></span> <span class='ocrx_word' id='word_1_485' title='bbox 836 2563 873 2595; x_wconf 88' lang='lat' dir='ltr'><strong>ad</strong></span> <span class='ocrx_word' id='word_1_486' title='bbox 903 2564 1019 2596; x_wconf 87' lang='lat' dir='ltr'><strong>divinas</strong></span> 
     </span>
    </p>
   </div>
   <div class='ocr_carea' id='block_1_73' title="bbox 191 2609 1018 2649">
    <p class='ocr_par' dir='ltr' id='par_1_73' title="bbox 191 2609 1018 2649">
     <span class='ocr_line' id='line_1_73' title="bbox 191 2609 1018 2649; baseline 0.007 -15"><span class='ocrx_word' id='word_1_487' title='bbox 191 2613 328 2644; x_wconf 81' lang='lat' dir='ltr'><strong>synaxes,</strong></span> <span class='ocrx_word' id='word_1_488' title='bbox 359 2610 388 2637; x_wconf 86' lang='lat' dir='ltr'><strong>et</strong></span> <span class='ocrx_word' id='word_1_489' title='bbox 414 2616 514 2638; x_wconf 88' lang='lat' dir='ltr'><strong>sacras</strong></span> <span class='ocrx_word' id='word_1_490' title='bbox 552 2609 742 2648; x_wconf 85' lang='lat' dir='ltr'><strong>psalmodias,</strong></span> <span class='ocrx_word' id='word_1_491' title='bbox 774 2612 803 2639; x_wconf 87' lang='lat' dir='ltr'><strong>et</strong></span> <span class='ocrx_word' id='word_1_492' title='bbox 832 2609 1018 2649; x_wconf 86' lang='lat' dir='ltr'><strong>precationes</strong></span> 
     </span>
    </p>
   </div>
   <div class='ocr_carea' id='block_1_74' title="bbox 191 2649 1018 2694">
    <p class='ocr_par' dir='ltr' id='par_1_74' title="bbox 191 2649 1018 2694">
     <span class='ocr_line' id='line_1_74' title="bbox 191 2649 1018 2694; baseline 0.007 -15"><span class='ocrx_word' id='word_1_493' title='bbox 191 2649 336 2687; x_wconf 67' lang='lat' dir='ltr'><strong>laetitiam,</strong></span> <span class='ocrx_word' id='word_1_494' title='bbox 349 2650 544 2690; x_wconf 85' lang='lat' dir='ltr'><strong>alacritatem,</strong></span> <span class='ocrx_word' id='word_1_495' title='bbox 559 2653 676 2694; x_wconf 88' lang='lat' dir='ltr'><strong>taleque</strong></span> <span class='ocrx_word' id='word_1_496' title='bbox 689 2653 832 2692; x_wconf 89' lang='lat' dir='ltr'><strong>studium,</strong></span> <span class='ocrx_word' id='word_1_497' title='bbox 847 2654 1018 2685; x_wconf 82' lang='lat' dir='ltr'><strong>etattentio-</strong></span> 
     </span>
    </p>
   </div>
   <div class='ocr_carea' id='block_1_75' title="bbox 191 2698 1015 2739">
    <p class='ocr_par' dir='ltr' id='par_1_75' title="bbox 191 2698 1015 2739">
     <span class='ocr_line' id='line_1_75' title="bbox 191 2698 1015 2739; baseline 0.008 -16"><span class='ocrx_word' id='word_1_498' title='bbox 191 2703 272 2739; x_wconf 88' lang='lat' dir='ltr'><strong>nem,</strong></span> <span class='ocrx_word' id='word_1_499' title='bbox 291 2700 433 2735; x_wconf 87' lang='lat' dir='ltr'><strong>quantam</strong></span> <span class='ocrx_word' id='word_1_500' title='bbox 463 2701 493 2728; x_wconf 86' lang='lat' dir='ltr'><strong>et</strong></span> <span class='ocrx_word' id='word_1_501' title='bbox 520 2698 639 2738; x_wconf 85' lang='lat' dir='ltr'><strong>qualem</strong></span> <span class='ocrx_word' id='word_1_502' title='bbox 669 2702 755 2729; x_wconf 87' lang='lat' dir='ltr'><strong>antea</strong></span> <span class='ocrx_word' id='word_1_503' title='bbox 786 2702 818 2729; x_wconf 91' lang='lat' dir='ltr'><strong>ut</strong></span> <span class='ocrx_word' id='word_1_504' title='bbox 841 2699 1015 2739; x_wconf 86' lang='lat' dir='ltr'><strong>voluptates,</strong></span> 
     </span>
    </p>
   </div>
   <div class='ocr_carea' id='block_1_76' title="bbox 192 2738 1018 2781">
    <p class='ocr_par' dir='ltr' id='par_1_76' title="bbox 192 2738 1018 2781">
     <span class='ocr_line' id='line_1_76' title="bbox 192 2738 1018 2781; baseline 0.008 -12"><span class='ocrx_word' id='word_1_505' title='bbox 192 2738 362 2780; x_wconf 69' lang='lat' dir='ltr'><strong>vimqueim</strong></span> <span class='ocrx_word' id='word_1_506' title='bbox 367 2741 559 2781; x_wconf 88' lang='lat' dir='ltr'><strong>probitatem,</strong></span> <span class='ocrx_word' id='word_1_507' title='bbox 570 2743 716 2781; x_wconf 84' lang='lat' dir='ltr'><strong>ostendit;</strong></span> <span class='ocrx_word' id='word_1_508' title='bbox 730 2742 782 2775; x_wconf 89' lang='lat' dir='ltr'><strong>sed</strong></span> <span class='ocrx_word' id='word_1_509' title='bbox 792 2743 872 2775; x_wconf 88' lang='lat' dir='ltr'><strong>velut</strong></span> <span class='ocrx_word' id='word_1_510' title='bbox 881 2738 1018 2776; x_wconf 84' lang='lat' dir='ltr'><strong>laborans</strong></span> 
     </span>
    </p>
   </div>
   <div class='ocr_carea' id='block_1_77' title="bbox 1076 949 1911 994">
    <p class='ocr_par' dir='ltr' id='par_1_77' title="bbox 1076 949 1911 994">
     <span class='ocr_line' id='line_1_77' title="bbox 1076 949 1911 994; baseline 0.017 -15"><span class='ocrx_word' id='word_1_511' title='bbox 1076 949 1231 989; x_wconf 78' lang='lat' dir='ltr'><strong>frangitur,</strong></span> <span class='ocrx_word' id='word_1_512' title='bbox 1247 953 1314 992; x_wconf 88' lang='lat' dir='ltr'><strong>prof</strong></span> <span class='ocrx_word' id='word_1_513' title='bbox 1331 956 1498 986; x_wconf 83' lang='lat' dir='ltr'><strong>ctunescit:</strong></span> <span class='ocrx_word' id='word_1_514' title='bbox 1515 958 1614 994; x_wconf 73' lang='lat' dir='ltr'><strong>Quum</strong></span> <span class='ocrx_word' id='word_1_515' title='bbox 1636 958 1735 990; x_wconf 76' lang='lat' dir='ltr'><strong>(lu/cia</strong></span> <span class='ocrx_word' id='word_1_516' title='bbox 1757 961 1820 992; x_wconf 79' lang='lat' dir='ltr'><strong>sint</strong></span> <span class='ocrx_word' id='word_1_517' title='bbox 1835 962 1911 992; x_wconf 74' lang='lat' dir='ltr'><strong>elo-</strong></span> 
     </span>
    </p>
   </div>
   <div class='ocr_carea' id='block_1_78' title="bbox 1074 994 1915 1044">
    <p class='ocr_par' dir='ltr' id='par_1_78' title="bbox 1074 994 1915 1044">
     <span class='ocr_line' id='line_1_78' title="bbox 1074 994 1915 1044; baseline 0.017 -21"><span class='ocrx_word' id='word_1_518' title='bbox 1074 994 1147 1032; x_wconf 81' lang='lat' dir='ltr'><strong>quia</strong></span> <span class='ocrx_word' id='word_1_519' title='bbox 1162 995 1216 1026; x_wconf 78' lang='lat' dir='ltr'><strong>Dei</strong></span> <span class='ocrx_word' id='word_1_520' title='bbox 1227 997 1258 1026; x_wconf 82' lang='lat' dir='ltr'><strong>in</strong></span> <span class='ocrx_word' id='word_1_521' title='bbox 1269 997 1333 1035; x_wconf 78' lang='lat' dir='ltr'><strong>fotu</strong></span> <span class='ocrx_word' id='word_1_522' title='bbox 1342 998 1603 1039; x_wconf 61' lang='lat' dir='ltr'><strong>ibusdiligentiam</strong></span> <span class='ocrx_word' id='word_1_523' title='bbox 1615 1012 1691 1035; x_wconf 80' lang='lat' dir='ltr'><strong>eum.</strong></span> <span class='ocrx_word' id='word_1_524' title='bbox 1704 1009 1830 1044; x_wconf 79' lang='lat' dir='ltr'><strong>elsuper</strong></span> <span class='ocrx_word' id='word_1_525' title='bbox 1840 1004 1915 1037; x_wconf 64' lang='lat' dir='ltr'><strong>me!</strong></span> 
     </span>
    </p>
   </div>
   <div class='ocr_carea' id='block_1_79' title="bbox 1074 1040 1911 1086">
    <p class='ocr_par' dir='ltr' id='par_1_79' title="bbox 1074 1040 1911 1086">
     <span class='ocr_line' id='line_1_79' title="bbox 1074 1040 1911 1086; baseline 0.018 -19"><span class='ocrx_word' id='word_1_526' title='bbox 1074 1047 1109 1068; x_wconf 83' lang='lat' dir='ltr'><strong>uc</strong></span> <span class='ocrx_word' id='word_1_527' title='bbox 1119 1040 1220 1077; x_wconf 80' lang='lat' dir='ltr'><strong>furum</strong></span> <span class='ocrx_word' id='word_1_528' title='bbox 1235 1043 1263 1071; x_wconf 86' lang='lat' dir='ltr'><strong>in</strong></span> <span class='ocrx_word' id='word_1_529' title='bbox 1277 1051 1327 1072; x_wconf 77' lang='lat' dir='ltr'><strong>ore</strong></span> <span class='ocrx_word' id='word_1_530' title='bbox 1339 1047 1581 1083; x_wconf 70' lang='lat' dir='ltr'><strong>cognoscentium</strong></span> <span class='ocrx_word' id='word_1_531' title='bbox 1590 1048 1687 1086; x_wconf 68' lang='lat' dir='ltr'><strong>ipsum</strong></span> <span class='ocrx_word' id='word_1_532' title='bbox 1699 1049 1745 1085; x_wconf 64' lang='lat' dir='ltr'><strong>b9;</strong></span> <span class='ocrx_word' id='word_1_533' title='bbox 1757 1040 1809 1080; x_wconf 80' lang='lat' dir='ltr'><strong>sed</strong></span> <span class='ocrx_word' id='word_1_534' title='bbox 1822 1055 1911 1081; x_wconf 77' lang='lat' dir='ltr'><strong>totus</strong></span> 
     </span>
    </p>
   </div>
   <div class='ocr_carea' id='block_1_80' title="bbox 1073 1088 1908 1134">
    <p class='ocr_par' dir='ltr' id='par_1_80' title="bbox 1073 1088 1908 1134">
     <span class='ocr_line' id='line_1_80' title="bbox 1073 1088 1908 1134; baseline 0.017 -22"><span class='ocrx_word' id='word_1_535' title='bbox 1073 1091 1152 1118; x_wconf 70' lang='lat' dir='ltr'><strong>caro.</strong></span> <span class='ocrx_word' id='word_1_536' title='bbox 1171 1093 1279 1124; x_wconf 78' lang='lat' dir='ltr'><strong>nempe</strong></span> <span class='ocrx_word' id='word_1_537' title='bbox 1308 1088 1418 1118; x_wconf 79' lang='lat' dir='ltr'><strong>(‘ut‘ttuli</strong></span> <span class='ocrx_word' id='word_1_538' title='bbox 1445 1091 1580 1128; x_wconf 57' lang='lat' dir='ltr'><strong>prhilitus</strong></span> <span class='ocrx_word' id='word_1_539' title='bbox 1608 1094 1719 1128; x_wconf 85' lang='lat' dir='ltr'><strong>animo,</strong></span> <span class='ocrx_word' id='word_1_540' title='bbox 1749 1099 1776 1125; x_wconf 89' lang='lat' dir='ltr'><strong>et</strong></span> <span class='ocrx_word' id='word_1_541' title='bbox 1805 1097 1908 1134; x_wconf 80' lang='lat' dir='ltr'><strong>magis</strong></span> 
     </span>
    </p>
   </div>
   <div class='ocr_carea' id='block_1_81' title="bbox 1072 1128 1908 1177">
    <p class='ocr_par' dir='ltr' id='par_1_81' title="bbox 1072 1128 1908 1177">
     <span class='ocr_line' id='line_1_81' title="bbox 1072 1128 1908 1177; baseline 0.017 -21"><span class='ocrx_word' id='word_1_542' title='bbox 1072 1128 1183 1158; x_wconf 86' lang='lat' dir='ltr'><strong>carnali</strong></span> <span class='ocrx_word' id='word_1_543' title='bbox 1209 1139 1312 1167; x_wconf 69' lang='grc' dir='ltr'><strong>δυιιεει,</strong></span> <span class='ocrx_word' id='word_1_544' title='bbox 1350 1142 1406 1162; x_wconf 80' lang='lat' dir='ltr'><strong>non</strong></span> <span class='ocrx_word' id='word_1_545' title='bbox 1438 1137 1536 1172; x_wconf 81' lang='lat' dir='ltr'><strong>potest</strong></span> <span class='ocrx_word' id='word_1_546' title='bbox 1559 1136 1753 1174; x_wconf 74' lang='lat' dir='ltr'><strong>spiriIualiter</strong></span> <span class='ocrx_word' id='word_1_547' title='bbox 1768 1128 1908 1177; x_wconf 60' lang='lat' dir='ltr'><strong>gustare,</strong></span> 
     </span>
    </p>
   </div>
   <div class='ocr_carea' id='block_1_82' title="bbox 1072 1173 1909 1217">
    <p class='ocr_par' dir='ltr' id='par_1_82' title="bbox 1072 1173 1909 1217">
     <span class='ocr_line' id='line_1_82' title="bbox 1072 1173 1909 1217; baseline 0.017 -17"><span class='ocrx_word' id='word_1_548' title='bbox 1072 1182 1137 1211; x_wconf 69' lang='lat' dir='ltr'><strong>qua)</strong></span> <span class='ocrx_word' id='word_1_549' title='bbox 1147 1183 1163 1202; x_wconf 88' lang='lat' dir='ltr'><strong>a</strong></span> <span class='ocrx_word' id='word_1_550' title='bbox 1173 1173 1233 1203; x_wconf 81' lang='lat' dir='ltr'><strong>Deu</strong></span> <span class='ocrx_word' id='word_1_551' title='bbox 1247 1176 1312 1205; x_wconf 83' lang='lat' dir='ltr'><strong>data</strong></span> <span class='ocrx_word' id='word_1_552' title='bbox 1324 1181 1392 1206; x_wconf 73' lang='lat' dir='ltr'><strong>Sunt</strong></span> <span class='ocrx_word' id='word_1_553' title='bbox 1406 1178 1492 1207; x_wconf 75' lang='lat' dir='ltr'><strong>nobis</strong></span> <span class='ocrx_word' id='word_1_554' title='bbox 1504 1173 1661 1217; x_wconf 81' lang='lat' dir='ltr'><strong>beneﬁcia,</strong></span> <span class='ocrx_word' id='word_1_555' title='bbox 1676 1190 1776 1212; x_wconf 82' lang='lat' dir='ltr'><strong>verum</strong></span> <span class='ocrx_word' id='word_1_556' title='bbox 1797 1185 1909 1214; x_wconf 82' lang='lat' dir='ltr'><strong>omnia</strong></span> 
     </span>
    </p>
   </div>
   <div class='ocr_carea' id='block_1_83' title="bbox 1074 1216 1907 1264">
    <p class='ocr_par' dir='ltr' id='par_1_83' title="bbox 1074 1216 1907 1264">
     <span class='ocr_line' id='line_1_83' title="bbox 1074 1216 1907 1264; baseline 0.019 -20"><span class='ocrx_word' id='word_1_557' title='bbox 1074 1216 1171 1247; x_wconf 84' lang='lat' dir='ltr'><strong>divina</strong></span> <span class='ocrx_word' id='word_1_558' title='bbox 1183 1218 1208 1248; x_wconf 83' lang='lat' dir='ltr'><strong>ei</strong></span> <span class='ocrx_word' id='word_1_559' title='bbox 1221 1228 1320 1250; x_wconf 82' lang='lat' dir='ltr'><strong>amara</strong></span> <span class='ocrx_word' id='word_1_560' title='bbox 1332 1221 1468 1252; x_wconf 84' lang='lat' dir='ltr'><strong>videntur</strong></span> <span class='ocrx_word' id='word_1_561' title='bbox 1481 1232 1488 1258; x_wconf 90' lang='lat'><strong>;</strong></span> <span class='ocrx_word' id='word_1_562' title='bbox 1502 1227 1530 1252; x_wconf 89' lang='lat' dir='ltr'><strong>et</strong></span> <span class='ocrx_word' id='word_1_563' title='bbox 1543 1223 1612 1253; x_wconf 89' lang='lat' dir='ltr'><strong>illud</strong></span> <span class='ocrx_word' id='word_1_564' title='bbox 1628 1234 1634 1255; x_wconf 74' lang='grc' dir='ltr'>ζ</span> <span class='ocrx_word' id='word_1_565' title='bbox 1654 1227 1786 1264; x_wconf 67' lang='lat' dir='ltr'><strong>Gustate,</strong></span> <span class='ocrx_word' id='word_1_566' title='bbox 1802 1231 1831 1258; x_wconf 80' lang='lat' dir='ltr'><strong>et</strong></span> <span class='ocrx_word' id='word_1_567' title='bbox 1847 1231 1907 1259; x_wconf 73' lang='lat' dir='ltr'><strong>t&#39;i—</strong></span> 
     </span>
    </p>
   </div>
   <div class='ocr_carea' id='block_1_84' title="bbox 1072 1264 1904 1311">
    <p class='ocr_par' dir='ltr' id='par_1_84' title="bbox 1072 1264 1904 1311">
     <span class='ocr_line' id='line_1_84' title="bbox 1072 1264 1904 1311; baseline 0.016 -19"><span class='ocrx_word' id='word_1_568' title='bbox 1072 1264 1138 1294; x_wconf 64' lang='lat' dir='ltr'><strong>dcte</strong></span> <span class='ocrx_word' id='word_1_569' title='bbox 1154 1268 1294 1304; x_wconf 63' lang='lat' dir='ltr'><strong>quuxu‘um</strong></span> <span class='ocrx_word' id='word_1_570' title='bbox 1304 1268 1456 1298; x_wconf 74' lang='lat' dir='ltr'><strong>sttucisesl</strong></span> <span class='ocrx_word' id='word_1_571' title='bbox 1465 1269 1498 1298; x_wconf 86' lang='lat' dir='ltr'><strong>l).-</strong></span> <span class='ocrx_word' id='word_1_572' title='bbox 1506 1270 1614 1300; x_wconf 72' lang='lat' dir='ltr'><strong>minus</strong></span> <span class='ocrx_word' id='word_1_573' title='bbox 1621 1271 1662 1308; x_wconf 83' lang='lat'><strong>90,</strong></span> <span class='ocrx_word' id='word_1_574' title='bbox 1677 1271 1802 1311; x_wconf 76' lang='lat' dir='ltr'><strong>ignorat.</strong></span> <span class='ocrx_word' id='word_1_575' title='bbox 1811 1274 1904 1310; x_wconf 84' lang='lat' dir='ltr'><strong>Quod</strong></span> 
     </span>
    </p>
   </div>
   <div class='ocr_carea' id='block_1_85' title="bbox 1072 1308 1907 1351">
    <p class='ocr_par' dir='ltr' id='par_1_85' title="bbox 1072 1308 1907 1351">
     <span class='ocr_line' id='line_1_85' title="bbox 1072 1308 1907 1351; baseline 0.017 -14"><span class='ocrx_word' id='word_1_576' title='bbox 1072 1308 1122 1347; x_wconf 91' lang='lat' dir='ltr'><strong>qui</strong></span> <span class='ocrx_word' id='word_1_577' title='bbox 1149 1309 1301 1340; x_wconf 76' lang='lat' dir='ltr'><strong>evidenter</strong></span> <span class='ocrx_word' id='word_1_578' title='bbox 1327 1321 1383 1342; x_wconf 77' lang='lat' dir='ltr'><strong>non</strong></span> <span class='ocrx_word' id='word_1_579' title='bbox 1405 1313 1471 1349; x_wconf 88' lang='lat' dir='ltr'><strong>scit,</strong></span> <span class='ocrx_word' id='word_1_580' title='bbox 1489 1323 1504 1343; x_wconf 88' lang='lat' dir='ltr'><strong>a</strong></span> <span class='ocrx_word' id='word_1_581' title='bbox 1520 1314 1673 1351; x_wconf 81' lang='lat' dir='ltr'><strong>charitate,</strong></span> <span class='ocrx_word' id='word_1_582' title='bbox 1689 1308 1720 1347; x_wconf 72' lang='lat' dir='ltr'><strong>et</strong></span> <span class='ocrx_word' id='word_1_583' title='bbox 1735 1308 1907 1351; x_wconf 79' lang='lat' dir='ltr'><strong>dulcedine</strong></span> 
     </span>
    </p>
   </div>
   <div class='ocr_carea' id='block_1_86' title="bbox 1072 1353 1905 1398">
    <p class='ocr_par' dir='ltr' id='par_1_86' title="bbox 1072 1353 1905 1398">
     <span class='ocr_line' id='line_1_86' title="bbox 1072 1353 1905 1398; baseline 0.017 -17"><span class='ocrx_word' id='word_1_584' title='bbox 1072 1353 1125 1383; x_wconf 81' lang='lat' dir='ltr'><strong>Dei</strong></span> <span class='ocrx_word' id='word_1_585' title='bbox 1140 1353 1254 1384; x_wconf 86' lang='lat' dir='ltr'><strong>alienus</strong></span> <span class='ocrx_word' id='word_1_586' title='bbox 1270 1360 1313 1385; x_wconf 82' lang='lat' dir='ltr'><strong>est</strong></span> <span class='ocrx_word' id='word_1_587' title='bbox 1343 1357 1398 1392; x_wconf 80' lang='lat' dir='ltr'><strong>Qui</strong></span> <span class='ocrx_word' id='word_1_588' title='bbox 1429 1367 1516 1397; x_wconf 83' lang='lat' dir='ltr'><strong>porro</strong></span> <span class='ocrx_word' id='word_1_589' title='bbox 1541 1364 1644 1398; x_wconf 77' lang='lat' dir='ltr'><strong>gustus</strong></span> <span class='ocrx_word' id='word_1_590' title='bbox 1675 1362 1777 1393; x_wconf 86' lang='lat' dir='ltr'><strong>horum</strong></span> <span class='ocrx_word' id='word_1_591' title='bbox 1794 1373 1905 1395; x_wconf 69' lang='lat' dir='ltr'><strong>exsors.</strong></span> 
     </span>
    </p>
   </div>
   <div class='ocr_carea' id='block_1_87' title="bbox 1073 1399 1901 1447">
    <p class='ocr_par' dir='ltr' id='par_1_87' title="bbox 1073 1399 1901 1447">
     <span class='ocr_line' id='line_1_87' title="bbox 1073 1399 1901 1447; baseline 0.016 -18"><span class='ocrx_word' id='word_1_592' title='bbox 1073 1406 1128 1434; x_wconf 73' lang='lat' dir='ltr'><strong>cst,</strong></span> <span class='ocrx_word' id='word_1_593' title='bbox 1139 1399 1213 1437; x_wconf 85' lang='lat' dir='ltr'><strong>proh</strong></span> <span class='ocrx_word' id='word_1_594' title='bbox 1225 1400 1252 1430; x_wconf 70' lang='lat' dir='ltr'><strong>dc</strong></span> <span class='ocrx_word' id='word_1_595' title='bbox 1264 1401 1328 1431; x_wconf 82' lang='lat' dir='ltr'><strong>lor!</strong></span> <span class='ocrx_word' id='word_1_596' title='bbox 1347 1403 1399 1433; x_wconf 83' lang='lat' dir='ltr'><strong>Dei</strong></span> <span class='ocrx_word' id='word_1_597' title='bbox 1416 1403 1565 1443; x_wconf 83' lang='lat' dir='ltr'><strong>inimicus,</strong></span> <span class='ocrx_word' id='word_1_598' title='bbox 1583 1410 1610 1436; x_wconf 92' lang='lat' dir='ltr'><strong>et</strong></span> <span class='ocrx_word' id='word_1_599' title='bbox 1625 1416 1736 1447; x_wconf 79' lang='lat' dir='ltr'><strong>aregno</strong></span> <span class='ocrx_word' id='word_1_600' title='bbox 1749 1410 1901 1441; x_wconf 66' lang='lat' dir='ltr'><strong>caelorum</strong></span> 
     </span>
    </p>
   </div>
   <div class='ocr_carea' id='block_1_88' title="bbox 1072 1448 1898 1497">
    <p class='ocr_par' dir='ltr' id='par_1_88' title="bbox 1072 1448 1898 1497">
     <span class='ocr_line' id='line_1_88' title="bbox 1072 1448 1898 1497; baseline 0.017 -24"><span class='ocrx_word' id='word_1_601' title='bbox 1072 1448 1242 1483; x_wconf 79' lang='lat' dir='ltr'><strong>extraneos,</strong></span> <span class='ocrx_word' id='word_1_602' title='bbox 1258 1456 1291 1477; x_wconf 88' lang='lat' dir='ltr'><strong>ac</strong></span> <span class='ocrx_word' id='word_1_603' title='bbox 1305 1449 1480 1488; x_wconf 82' lang='lat' dir='ltr'><strong>peregrinus</strong></span> <span class='ocrx_word' id='word_1_604' title='bbox 1492 1455 1546 1482; x_wconf 88' lang='lat' dir='ltr'><strong>est.</strong></span> <span class='ocrx_word' id='word_1_605' title='bbox 1559 1451 1650 1487; x_wconf 86' lang='lat' dir='ltr'><strong>Quam</strong></span> <span class='ocrx_word' id='word_1_606' title='bbox 1668 1454 1758 1492; x_wconf 89' lang='lat' dir='ltr'><strong>enim,</strong></span> <span class='ocrx_word' id='word_1_607' title='bbox 1776 1465 1898 1497; x_wconf 60' lang='lat' dir='ltr'><strong>quaeso,</strong></span> 
     </span>
    </p>
   </div>
   <div class='ocr_carea' id='block_1_89' title="bbox 1070 1489 1901 1535">
    <p class='ocr_par' dir='ltr' id='par_1_89' title="bbox 1070 1489 1901 1535">
     <span class='ocr_line' id='line_1_89' title="bbox 1070 1489 1901 1535; baseline 0.017 -17"><span class='ocrx_word' id='word_1_608' title='bbox 1070 1489 1157 1519; x_wconf 88' lang='lat' dir='ltr'><strong>aliam</strong></span> <span class='ocrx_word' id='word_1_609' title='bbox 1173 1499 1255 1529; x_wconf 90' lang='lat' dir='ltr'><strong>spem</strong></span> <span class='ocrx_word' id='word_1_610' title='bbox 1284 1493 1415 1530; x_wconf 86' lang='lat' dir='ltr'><strong>habebit,</strong></span> <span class='ocrx_word' id='word_1_611' title='bbox 1446 1499 1494 1525; x_wconf 90' lang='lat' dir='ltr'><strong>aut</strong></span> <span class='ocrx_word' id='word_1_612' title='bbox 1524 1496 1610 1535; x_wconf 88' lang='lat' dir='ltr'><strong>cujus</strong></span> <span class='ocrx_word' id='word_1_613' title='bbox 1639 1489 1901 1531; x_wconf 45' lang='lat' dir='ltr'><strong>aliusdilelctione</strong></span> 
     </span>
    </p>
   </div>
   <div class='ocr_carea' id='block_1_90' title="bbox 1070 1536 1897 1586">
    <p class='ocr_par' dir='ltr' id='par_1_90' title="bbox 1070 1536 1897 1586">
     <span class='ocr_line' id='line_1_90' title="bbox 1070 1536 1897 1586; baseline 0.015 -20"><span class='ocrx_word' id='word_1_614' title='bbox 1070 1536 1282 1576; x_wconf 87' lang='lat' dir='ltr'><strong>implicabitur,</strong></span> <span class='ocrx_word' id='word_1_615' title='bbox 1301 1544 1351 1571; x_wconf 87' lang='lat' dir='ltr'><strong>aut</strong></span> <span class='ocrx_word' id='word_1_616' title='bbox 1379 1551 1396 1572; x_wconf 89' lang='lat' dir='ltr'><strong>a</strong></span> <span class='ocrx_word' id='word_1_617' title='bbox 1419 1551 1476 1581; x_wconf 88' lang='lat' dir='ltr'><strong>quo</strong></span> <span class='ocrx_word' id='word_1_618' title='bbox 1505 1543 1736 1576; x_wconf 88' lang='lat' dir='ltr'><strong>consolationem</strong></span> <span class='ocrx_word' id='word_1_619' title='bbox 1762 1556 1813 1577; x_wconf 84' lang='lat' dir='ltr'><strong>seu</strong></span> <span class='ocrx_word' id='word_1_620' title='bbox 1830 1547 1897 1586; x_wconf 87' lang='lat' dir='ltr'><strong>hic,</strong></span> 
     </span>
    </p>
   </div>
   <div class='ocr_carea' id='block_1_91' title="bbox 1071 1583 1897 1631">
    <p class='ocr_par' dir='ltr' id='par_1_91' title="bbox 1071 1583 1897 1631">
     <span class='ocr_line' id='line_1_91' title="bbox 1071 1583 1897 1631; baseline 0.015 -20"><span class='ocrx_word' id='word_1_621' title='bbox 1071 1590 1124 1612; x_wconf 88' lang='lat' dir='ltr'><strong>seu</strong></span> <span class='ocrx_word' id='word_1_622' title='bbox 1136 1587 1200 1622; x_wconf 87' lang='lat' dir='ltr'><strong>post</strong></span> <span class='ocrx_word' id='word_1_623' title='bbox 1212 1583 1322 1615; x_wconf 90' lang='lat' dir='ltr'><strong>obitum</strong></span> <span class='ocrx_word' id='word_1_624' title='bbox 1334 1585 1487 1617; x_wconf 83' lang='lat' dir='ltr'><strong>inveniet?</strong></span> <span class='ocrx_word' id='word_1_625' title='bbox 1505 1586 1536 1617; x_wconf 94' lang='lat' dir='ltr'><strong>In</strong></span> <span class='ocrx_word' id='word_1_626' title='bbox 1549 1587 1597 1618; x_wconf 90' lang='lat' dir='ltr'><strong>die</strong></span> <span class='ocrx_word' id='word_1_627' title='bbox 1609 1590 1807 1629; x_wconf 82' lang='lat' dir='ltr'><strong>verojudicii,</strong></span> <span class='ocrx_word' id='word_1_628' title='bbox 1821 1583 1897 1631; x_wconf 86' lang='lat' dir='ltr'><strong>quid</strong></span> 
     </span>
    </p>
   </div>
   <div class='ocr_carea' id='block_1_92' title="bbox 1068 1627 1900 1669">
    <p class='ocr_par' dir='ltr' id='par_1_92' title="bbox 1068 1627 1900 1669">
     <span class='ocr_line' id='line_1_92' title="bbox 1068 1627 1900 1669; baseline 0.014 -13"><span class='ocrx_word' id='word_1_629' title='bbox 1068 1627 1271 1667; x_wconf 82' lang='lat' dir='ltr'><strong>respondebit,</strong></span> <span class='ocrx_word' id='word_1_630' title='bbox 1283 1630 1400 1669; x_wconf 83' lang='lat' dir='ltr'><strong>quando</strong></span> <span class='ocrx_word' id='word_1_631' title='bbox 1412 1632 1546 1662; x_wconf 89' lang='lat' dir='ltr'><strong>Christus</strong></span> <span class='ocrx_word' id='word_1_632' title='bbox 1567 1634 1664 1664; x_wconf 86' lang='lat' dir='ltr'><strong>veniet</strong></span> <span class='ocrx_word' id='word_1_633' title='bbox 1679 1627 1806 1666; x_wconf 74' lang='lat' dir='ltr'><strong>reddere</strong></span> <span class='ocrx_word' id='word_1_634' title='bbox 1821 1627 1900 1667; x_wconf 81' lang='lat' dir='ltr'><strong>lini—</strong></span> 
     </span>
    </p>
   </div>
   <div class='ocr_carea' id='block_1_93' title="bbox 1068 1671 1899 1718">
    <p class='ocr_par' dir='ltr' id='par_1_93' title="bbox 1068 1671 1899 1718">
     <span class='ocr_line' id='line_1_93' title="bbox 1068 1671 1899 1718; baseline 0.012 -17"><span class='ocrx_word' id='word_1_635' title='bbox 1068 1671 1176 1711; x_wconf 87' lang='lat' dir='ltr'><strong>cuique</strong></span> <span class='ocrx_word' id='word_1_636' title='bbox 1191 1674 1354 1705; x_wconf 89' lang='lat' dir='ltr'><strong>secundum</strong></span> <span class='ocrx_word' id='word_1_637' title='bbox 1371 1684 1460 1716; x_wconf 81' lang='lat' dir='ltr'><strong>opera</strong></span> <span class='ocrx_word' id='word_1_638' title='bbox 1477 1686 1529 1707; x_wconf 87' lang='lat' dir='ltr'><strong>sua</strong></span> <span class='ocrx_word' id='word_1_639' title='bbox 1542 1677 1569 1702; x_wconf 83' lang='lat'><strong>9|</strong></span> <span class='ocrx_word' id='word_1_640' title='bbox 1586 1687 1593 1707; x_wconf 86' lang='lat'><strong>:</strong></span> <span class='ocrx_word' id='word_1_641' title='bbox 1617 1679 1734 1718; x_wconf 86' lang='lat' dir='ltr'><strong>quando</strong></span> <span class='ocrx_word' id='word_1_642' title='bbox 1750 1690 1766 1710; x_wconf 89' lang='lat' dir='ltr'><strong>a</strong></span> <span class='ocrx_word' id='word_1_643' title='bbox 1783 1690 1873 1712; x_wconf 86' lang='lat' dir='ltr'><strong>mena</strong></span> <span class='ocrx_word' id='word_1_644' title='bbox 1885 1699 1899 1705; x_wconf 83' lang='lat'><strong>-</strong></span> 
     </span>
    </p>
   </div>
   <div class='ocr_carea' id='block_1_94' title="bbox 1068 1716 1894 1766">
    <p class='ocr_par' dir='ltr' id='par_1_94' title="bbox 1068 1716 1894 1766">
     <span class='ocr_line' id='line_1_94' title="bbox 1068 1716 1894 1766; baseline 0.013 -21"><span class='ocrx_word' id='word_1_645' title='bbox 1068 1716 1142 1753; x_wconf 91' lang='lat' dir='ltr'><strong>chis,</strong></span> <span class='ocrx_word' id='word_1_646' title='bbox 1157 1717 1206 1757; x_wconf 92' lang='lat' dir='ltr'><strong>qui</strong></span> <span class='ocrx_word' id='word_1_647' title='bbox 1218 1727 1250 1749; x_wconf 79' lang='lat' dir='ltr'><strong>se</strong></span> <span class='ocrx_word' id='word_1_648' title='bbox 1263 1719 1305 1749; x_wconf 90' lang='lat' dir='ltr'><strong>illi</strong></span> <span class='ocrx_word' id='word_1_649' title='bbox 1317 1729 1414 1750; x_wconf 87' lang='lat' dir='ltr'><strong>coram</strong></span> <span class='ocrx_word' id='word_1_650' title='bbox 1432 1721 1531 1751; x_wconf 90' lang='lat' dir='ltr'><strong>multis</strong></span> <span class='ocrx_word' id='word_1_651' title='bbox 1543 1716 1665 1752; x_wconf 74' lang='lat' dir='ltr'><strong>testibus</strong></span> <span class='ocrx_word' id='word_1_652' title='bbox 1681 1731 1894 1766; x_wconf 73' lang='lat' dir='ltr'><strong>aggregarnnt,</strong></span> 
     </span>
    </p>
   </div>
   <div class='ocr_carea' id='block_1_95' title="bbox 1070 1763 1895 1803">
    <p class='ocr_par' dir='ltr' id='par_1_95' title="bbox 1070 1763 1895 1803">
     <span class='ocr_line' id='line_1_95' title="bbox 1070 1763 1895 1803; baseline 0.013 -13"><span class='ocrx_word' id='word_1_653' title='bbox 1070 1765 1154 1799; x_wconf 85' lang='lat' dir='ltr'><strong>pacta</strong></span> <span class='ocrx_word' id='word_1_654' title='bbox 1170 1771 1234 1802; x_wconf 65' lang='lat' dir='ltr'><strong>qua;</strong></span> <span class='ocrx_word' id='word_1_655' title='bbox 1250 1763 1286 1793; x_wconf 91' lang='lat' dir='ltr'><strong>ad</strong></span> <span class='ocrx_word' id='word_1_656' title='bbox 1309 1769 1442 1795; x_wconf 88' lang='lat' dir='ltr'><strong>sanctum</strong></span> <span class='ocrx_word' id='word_1_657' title='bbox 1471 1768 1576 1803; x_wconf 72' lang='lat' dir='ltr'><strong>altare,</strong></span> <span class='ocrx_word' id='word_1_658' title='bbox 1608 1772 1638 1798; x_wconf 90' lang='lat' dir='ltr'><strong>et</strong></span> <span class='ocrx_word' id='word_1_659' title='bbox 1661 1777 1760 1798; x_wconf 87' lang='lat' dir='ltr'><strong>coram</strong></span> <span class='ocrx_word' id='word_1_660' title='bbox 1777 1763 1895 1801; x_wconf 80' lang='lat' dir='ltr'><strong>sanctis</strong></span> 
     </span>
    </p>
   </div>
   <div class='ocr_carea' id='block_1_96' title="bbox 1068 1805 1895 1854">
    <p class='ocr_par' dir='ltr' id='par_1_96' title="bbox 1068 1805 1895 1854">
     <span class='ocr_line' id='line_1_96' title="bbox 1068 1805 1895 1854; baseline 0.013 -20"><span class='ocrx_word' id='word_1_661' title='bbox 1068 1805 1181 1844; x_wconf 81' lang='lat' dir='ltr'><strong>angelis</strong></span> <span class='ocrx_word' id='word_1_662' title='bbox 1193 1807 1256 1846; x_wconf 86' lang='lat' dir='ltr'><strong>ejus</strong></span> <span class='ocrx_word' id='word_1_663' title='bbox 1271 1809 1455 1848; x_wconf 65' lang='lat' dir='ltr'><strong>praestituros</strong></span> <span class='ocrx_word' id='word_1_664' title='bbox 1469 1819 1504 1841; x_wconf 89' lang='lat' dir='ltr'><strong>ac</strong></span> <span class='ocrx_word' id='word_1_665' title='bbox 1533 1818 1702 1843; x_wconf 40' lang='lat' dir='ltr'><strong>si&#39;rvaturos</strong></span> <span class='ocrx_word' id='word_1_666' title='bbox 1717 1822 1750 1843; x_wconf 89' lang='lat' dir='ltr'><strong>se</strong></span> <span class='ocrx_word' id='word_1_667' title='bbox 1766 1814 1895 1854; x_wconf 84' lang='lat' dir='ltr'><strong>pepige-</strong></span> 
     </span>
    </p>
   </div>
   <div class='ocr_carea' id='block_1_97' title="bbox 1067 1851 1308 1892">
    <p class='ocr_par' dir='ltr' id='par_1_97' title="bbox 1067 1851 1308 1892">
     <span class='ocr_line' id='line_1_97' title="bbox 1067 1851 1308 1892; baseline 0.017 -13"><span class='ocrx_word' id='word_1_668' title='bbox 1067 1854 1146 1887; x_wconf 91' lang='lat' dir='ltr'><strong>runt,</strong></span> <span class='ocrx_word' id='word_1_669' title='bbox 1163 1851 1308 1892; x_wconf 85' lang='lat' dir='ltr'><strong>requiret.—</strong></span> 
     </span>
    </p>
   </div>
   <div class='ocr_carea' id='block_1_98' title="bbox 1107 1894 1894 1941">
    <p class='ocr_par' dir='ltr' id='par_1_98' title="bbox 1107 1894 1894 1941">
     <span class='ocr_line' id='line_1_98' title="bbox 1107 1894 1894 1941; baseline 0.011 -15"><span class='ocrx_word' id='word_1_670' title='bbox 1107 1894 1181 1931; x_wconf 82' lang='lat' dir='ltr'><strong>Quid</strong></span> <span class='ocrx_word' id='word_1_671' title='bbox 1189 1896 1268 1927; x_wconf 91' lang='lat' dir='ltr'><strong>enim</strong></span> <span class='ocrx_word' id='word_1_672' title='bbox 1281 1897 1454 1937; x_wconf 79' lang='lat' dir='ltr'><strong>interrogati</strong></span> <span class='ocrx_word' id='word_1_673' title='bbox 1468 1901 1683 1941; x_wconf 80' lang='lat' dir='ltr'><strong>respondemus</strong></span> <span class='ocrx_word' id='word_1_674' title='bbox 1690 1902 1705 1932; x_wconf 66' lang='grc' dir='ltr'><strong>ξ)</strong></span> <span class='ocrx_word' id='word_1_675' title='bbox 1717 1902 1759 1933; x_wconf 87' lang='lat' dir='ltr'><strong>An</strong></span> <span class='ocrx_word' id='word_1_676' title='bbox 1766 1913 1835 1940; x_wconf 87' lang='lat' dir='ltr'><strong>non,</strong></span> <span class='ocrx_word' id='word_1_677' title='bbox 1849 1906 1894 1935; x_wconf 78' lang='lat' dir='ltr'><strong>ad</strong></span> 
     </span>
    </p>
   </div>
   <div class='ocr_carea' id='block_1_99' title="bbox 1067 1942 1892 1987">
    <p class='ocr_par' dir='ltr' id='par_1_99' title="bbox 1067 1942 1892 1987">
     <span class='ocr_line' id='line_1_99' title="bbox 1067 1942 1892 1987; baseline 0.011 -17"><span class='ocrx_word' id='word_1_678' title='bbox 1067 1945 1200 1971; x_wconf 82' lang='lat' dir='ltr'><strong>sanctum</strong></span> <span class='ocrx_word' id='word_1_679' title='bbox 1227 1942 1329 1979; x_wconf 86' lang='lat' dir='ltr'><strong>altare.</strong></span> <span class='ocrx_word' id='word_1_680' title='bbox 1361 1948 1390 1974; x_wconf 84' lang='lat' dir='ltr'><strong>et</strong></span> <span class='ocrx_word' id='word_1_681' title='bbox 1405 1944 1439 1974; x_wconf 89' lang='lat' dir='ltr'><strong>ad</strong></span> <span class='ocrx_word' id='word_1_682' title='bbox 1457 1954 1573 1975; x_wconf 87' lang='lat' dir='ltr'><strong>sacrum</strong></span> <span class='ocrx_word' id='word_1_683' title='bbox 1602 1947 1681 1977; x_wconf 92' lang='lat' dir='ltr'><strong>hunc</strong></span> <span class='ocrx_word' id='word_1_684' title='bbox 1697 1953 1892 1987; x_wconf 90' lang='lat' dir='ltr'><strong>conventum,</strong></span> 
     </span>
    </p>
   </div>
   <div class='ocr_carea' id='block_1_100' title="bbox 1066 1984 1894 2032">
    <p class='ocr_par' dir='ltr' id='par_1_100' title="bbox 1066 1984 1894 2032">
     <span class='ocr_line' id='line_1_100' title="bbox 1066 1984 1894 2032; baseline 0.012 -18"><span class='ocrx_word' id='word_1_685' title='bbox 1066 1984 1153 2016; x_wconf 88' lang='lat' dir='ltr'><strong>vitam</strong></span> <span class='ocrx_word' id='word_1_686' title='bbox 1179 1988 1384 2026; x_wconf 46' lang='lat' dir='ltr'><strong>monasticam,</strong></span> <span class='ocrx_word' id='word_1_687' title='bbox 1413 1994 1442 2020; x_wconf 92' lang='lat' dir='ltr'><strong>et</strong></span> <span class='ocrx_word' id='word_1_688' title='bbox 1458 1991 1521 2021; x_wconf 57' lang='lat' dir='ltr'><strong>vitae</strong></span> <span class='ocrx_word' id='word_1_689' title='bbox 1537 1990 1703 2022; x_wconf 89' lang='lat' dir='ltr'><strong>institutum</strong></span> <span class='ocrx_word' id='word_1_690' title='bbox 1719 1993 1894 2032; x_wconf 79' lang='lat' dir='ltr'><strong>angelicum</strong></span> 
     </span>
    </p>
   </div>
   <div class='ocr_carea' id='block_1_101' title="bbox 1065 2030 1891 2072">
    <p class='ocr_par' dir='ltr' id='par_1_101' title="bbox 1065 2030 1891 2072">
     <span class='ocr_line' id='line_1_101' title="bbox 1065 2030 1891 2072; baseline 0.012 -13"><span class='ocrx_word' id='word_1_691' title='bbox 1065 2030 1172 2061; x_wconf 81' lang='lat' dir='ltr'><strong>sectari</strong></span> <span class='ocrx_word' id='word_1_692' title='bbox 1183 2031 1388 2064; x_wconf 88' lang='lat' dir='ltr'><strong>desiderantes</strong></span> <span class='ocrx_word' id='word_1_693' title='bbox 1398 2044 1455 2064; x_wconf 93' lang='lat' dir='ltr'><strong>non</strong></span> <span class='ocrx_word' id='word_1_694' title='bbox 1471 2035 1633 2066; x_wconf 87' lang='lat' dir='ltr'><strong>accessisse</strong></span> <span class='ocrx_word' id='word_1_695' title='bbox 1645 2037 1657 2066; x_wconf 67' lang='grc' dir='ltr'><strong>Υ</strong></span> <span class='ocrx_word' id='word_1_696' title='bbox 1668 2036 1742 2072; x_wconf 89' lang='lat' dir='ltr'><strong>Quid</strong></span> <span class='ocrx_word' id='word_1_697' title='bbox 1757 2030 1837 2068; x_wconf 73' lang='lat' dir='ltr'><strong>enim</strong></span> <span class='ocrx_word' id='word_1_698' title='bbox 1849 2040 1891 2069; x_wconf 85' lang='lat' dir='ltr'><strong>ad</strong></span> 
     </span>
    </p>
   </div>
   <div class='ocr_carea' id='block_1_102' title="bbox 1064 2073 1892 2121">
    <p class='ocr_par' dir='ltr' id='par_1_102' title="bbox 1064 2073 1892 2121">
     <span class='ocr_line' id='line_1_102' title="bbox 1064 2073 1892 2121; baseline 0.012 -17"><span class='ocrx_word' id='word_1_699' title='bbox 1064 2073 1181 2114; x_wconf 82' lang='lat' dir='ltr'><strong>singula</strong></span> <span class='ocrx_word' id='word_1_700' title='bbox 1191 2077 1350 2108; x_wconf 85' lang='lat' dir='ltr'><strong>referimus</strong></span> <span class='ocrx_word' id='word_1_701' title='bbox 1362 2078 1374 2109; x_wconf 72' lang='lat'><em>‘3</em></span> <span class='ocrx_word' id='word_1_702' title='bbox 1384 2088 1483 2110; x_wconf 78' lang='lat' dir='ltr'><strong>nonne</strong></span> <span class='ocrx_word' id='word_1_703' title='bbox 1495 2079 1583 2111; x_wconf 74' lang='lat' dir='ltr'><strong>illud?</strong></span> <span class='ocrx_word' id='word_1_704' title='bbox 1593 2081 1706 2121; x_wconf 83' lang='lat' dir='ltr'><strong>Etiam,</strong></span> <span class='ocrx_word' id='word_1_705' title='bbox 1715 2085 1892 2115; x_wconf 78' lang='lat' dir='ltr'><strong>venerande</strong></span> 
     </span>
    </p>
   </div>
   <div class='ocr_carea' id='block_1_103' title="bbox 1066 2119 1889 2164">
    <p class='ocr_par' dir='ltr' id='par_1_103' title="bbox 1066 2119 1889 2164">
     <span class='ocr_line' id='line_1_103' title="bbox 1066 2119 1889 2164; baseline 0.01 -14"><span class='ocrx_word' id='word_1_706' title='bbox 1066 2119 1157 2164; x_wconf 53' lang='lat' dir='ltr'><strong>fater</strong></span> <span class='ocrx_word' id='word_1_707' title='bbox 1167 2122 1182 2151; x_wconf 82' lang='grc'><em>9</em></span> <span class='ocrx_word' id='word_1_708' title='bbox 1197 2120 1342 2153; x_wconf 85' lang='lat' dir='ltr'><strong>Sacerdos</strong></span> <span class='ocrx_word' id='word_1_709' title='bbox 1355 2128 1464 2164; x_wconf 87' lang='lat' dir='ltr'><strong>autem,</strong></span> <span class='ocrx_word' id='word_1_710' title='bbox 1478 2125 1549 2164; x_wconf 87' lang='lat' dir='ltr'><strong>quid</strong></span> <span class='ocrx_word' id='word_1_711' title='bbox 1562 2134 1679 2156; x_wconf 88' lang='lat' dir='ltr'><strong>rursum</strong></span> <span class='ocrx_word' id='word_1_712' title='bbox 1695 2119 1779 2157; x_wconf 88' lang='lat' dir='ltr'><strong>nobis</strong></span> <span class='ocrx_word' id='word_1_713' title='bbox 1791 2127 1889 2159; x_wconf 83' lang='lat' dir='ltr'><strong>dicit?</strong></span> 
     </span>
    </p>
   </div>
   <div class='ocr_carea' id='block_1_104' title="bbox 1065 2162 1886 2206">
    <p class='ocr_par' dir='ltr' id='par_1_104' title="bbox 1065 2162 1886 2206">
     <span class='ocr_line' id='line_1_104' title="bbox 1065 2162 1886 2206; baseline 0.013 -13"><span class='ocrx_word' id='word_1_714' title='bbox 1065 2162 1186 2202; x_wconf 89' lang='lat' dir='ltr'><strong>Scitote,</strong></span> <span class='ocrx_word' id='word_1_715' title='bbox 1203 2166 1319 2202; x_wconf 88' lang='lat' dir='ltr'><strong>fratres,</strong></span> <span class='ocrx_word' id='word_1_716' title='bbox 1333 2162 1522 2206; x_wconf 33' lang='lat' dir='ltr'><strong>venisse-vos,</strong></span> <span class='ocrx_word' id='word_1_717' title='bbox 1535 2174 1566 2200; x_wconf 92' lang='lat' dir='ltr'><strong>ut</strong></span> <span class='ocrx_word' id='word_1_718' title='bbox 1582 2170 1725 2201; x_wconf 88' lang='lat' dir='ltr'><strong>militibus</strong></span> <span class='ocrx_word' id='word_1_719' title='bbox 1735 2181 1769 2202; x_wconf 84' lang='lat' dir='ltr'><strong>ac</strong></span> <span class='ocrx_word' id='word_1_720' title='bbox 1784 2172 1886 2204; x_wconf 82' lang='lat' dir='ltr'><strong>famu—</strong></span> 
     </span>
    </p>
   </div>
   <div class='ocr_carea' id='block_1_105' title="bbox 1033 2203 1889 2259">
    <p class='ocr_par' dir='ltr' id='par_1_105' title="bbox 1033 2203 1889 2259">
     <span class='ocr_line' id='line_1_105' title="bbox 1033 2203 1889 2259; baseline 0.013 -21"><span class='ocrx_word' id='word_1_721' title='bbox 1033 2203 1099 2238; x_wconf 79' lang='lat' dir='ltr'><strong>Dlis</strong></span> <span class='ocrx_word' id='word_1_722' title='bbox 1111 2209 1220 2241; x_wconf 86' lang='lat' dir='ltr'><strong>Christi</strong></span> <span class='ocrx_word' id='word_1_723' title='bbox 1238 2212 1318 2251; x_wconf 82' lang='lat' dir='ltr'><strong>regis</strong></span> <span class='ocrx_word' id='word_1_724' title='bbox 1339 2213 1468 2244; x_wconf 75' lang='lat' dir='ltr'><strong>caelestis</strong></span> <span class='ocrx_word' id='word_1_725' title='bbox 1490 2203 1740 2253; x_wconf 83' lang='lat' dir='ltr'><strong>adnumeremini,</strong></span> <span class='ocrx_word' id='word_1_726' title='bbox 1758 2217 1889 2259; x_wconf 83' lang='lat' dir='ltr'><strong>ideoque</strong></span> 
     </span>
    </p>
   </div>
   <div class='ocr_carea' id='block_1_106' title="bbox 1063 2253 1886 2302">
    <p class='ocr_par' dir='ltr' id='par_1_106' title="bbox 1063 2253 1886 2302">
     <span class='ocr_line' id='line_1_106' title="bbox 1063 2253 1886 2302; baseline 0.013 -19"><span class='ocrx_word' id='word_1_727' title='bbox 1063 2253 1099 2283; x_wconf 88' lang='lat' dir='ltr'><strong>ad</strong></span> <span class='ocrx_word' id='word_1_728' title='bbox 1116 2255 1292 2287; x_wconf 88' lang='lat' dir='ltr'><strong>tentationes</strong></span> <span class='ocrx_word' id='word_1_729' title='bbox 1307 2266 1357 2288; x_wconf 89' lang='lat' dir='ltr'><strong>vos</strong></span> <span class='ocrx_word' id='word_1_730' title='bbox 1365 2263 1546 2298; x_wconf 89' lang='lat' dir='ltr'><strong>comparate.</strong></span> <span class='ocrx_word' id='word_1_731' title='bbox 1563 2259 1718 2291; x_wconf 90' lang='lat' dir='ltr'><strong>Videbidis</strong></span> <span class='ocrx_word' id='word_1_732' title='bbox 1733 2261 1813 2292; x_wconf 88' lang='lat' dir='ltr'><strong>enim</strong></span> <span class='ocrx_word' id='word_1_733' title='bbox 1821 2253 1886 2302; x_wconf 78' lang='lat' dir='ltr'><strong>jam</strong></span> 
     </span>
    </p>
   </div>
   <div class='ocr_carea' id='block_1_107' title="bbox 1064 2297 1888 2339">
    <p class='ocr_par' dir='ltr' id='par_1_107' title="bbox 1064 2297 1888 2339">
     <span class='ocr_line' id='line_1_107' title="bbox 1064 2297 1888 2339; baseline 0.012 -11"><span class='ocrx_word' id='word_1_734' title='bbox 1064 2297 1133 2329; x_wconf 87' lang='lat' dir='ltr'><strong>hinc</strong></span> <span class='ocrx_word' id='word_1_735' title='bbox 1146 2298 1299 2331; x_wconf 90' lang='lat' dir='ltr'><strong>inimicum</strong></span> <span class='ocrx_word' id='word_1_736' title='bbox 1326 2297 1441 2333; x_wconf 13' lang='lat' dir='ltr'><strong>omnes?</strong></span> <span class='ocrx_word' id='word_1_737' title='bbox 1459 2308 1537 2334; x_wconf 84' lang='lat' dir='ltr'><strong>artes</strong></span> <span class='ocrx_word' id='word_1_738' title='bbox 1566 2313 1633 2334; x_wconf 90' lang='lat' dir='ltr'><strong>suas</strong></span> <span class='ocrx_word' id='word_1_739' title='bbox 1658 2297 1888 2339; x_wconf 48' lang='lat' dir='ltr'><strong>adversum&#39;vos</strong></span> 
     </span>
    </p>
   </div>
   <div class='ocr_carea' id='block_1_108' title="bbox 1061 2341 1886 2390">
    <p class='ocr_par' dir='ltr' id='par_1_108' title="bbox 1061 2341 1886 2390">
     <span class='ocr_line' id='line_1_108' title="bbox 1061 2341 1886 2390; baseline 0.016 -18"><span class='ocrx_word' id='word_1_740' title='bbox 1061 2341 1220 2375; x_wconf 90' lang='lat' dir='ltr'><strong>ferventius</strong></span> <span class='ocrx_word' id='word_1_741' title='bbox 1237 2346 1378 2386; x_wconf 82' lang='lat' dir='ltr'><strong>experiri.</strong></span> <span class='ocrx_word' id='word_1_742' title='bbox 1392 2346 1546 2387; x_wconf 85' lang='lat' dir='ltr'><strong>Oportebit</strong></span> <span class='ocrx_word' id='word_1_743' title='bbox 1561 2348 1651 2388; x_wconf 86' lang='lat' dir='ltr'><strong>igitur</strong></span> <span class='ocrx_word' id='word_1_744' title='bbox 1666 2354 1694 2380; x_wconf 90' lang='lat' dir='ltr'><strong>et</strong></span> <span class='ocrx_word' id='word_1_745' title='bbox 1709 2352 1835 2390; x_wconf 90' lang='lat' dir='ltr'><strong>esurire,</strong></span> <span class='ocrx_word' id='word_1_746' title='bbox 1857 2359 1886 2385; x_wconf 89' lang='lat' dir='ltr'><strong>et</strong></span> 
     </span>
    </p>
   </div>
   <div class='ocr_carea' id='block_1_109' title="bbox 1061 2387 1884 2437">
    <p class='ocr_par' dir='ltr' id='par_1_109' title="bbox 1061 2387 1884 2437">
     <span class='ocr_line' id='line_1_109' title="bbox 1061 2387 1884 2437; baseline 0.015 -19"><span class='ocrx_word' id='word_1_747' title='bbox 1061 2387 1157 2425; x_wconf 86' lang='lat' dir='ltr'><strong>sitire,</strong></span> <span class='ocrx_word' id='word_1_748' title='bbox 1175 2394 1203 2420; x_wconf 88' lang='lat' dir='ltr'><strong>et</strong></span> <span class='ocrx_word' id='word_1_749' title='bbox 1218 2391 1329 2430; x_wconf 81' lang='lat' dir='ltr'><strong>algere,</strong></span> <span class='ocrx_word' id='word_1_750' title='bbox 1360 2391 1554 2431; x_wconf 78' lang='lat' dir='ltr'><strong>ignominiam</strong></span> <span class='ocrx_word' id='word_1_751' title='bbox 1578 2387 1731 2434; x_wconf 79' lang='lat' dir='ltr'><strong>accipere,</strong></span> <span class='ocrx_word' id='word_1_752' title='bbox 1745 2387 1884 2437; x_wconf 80' lang='lat' dir='ltr'><strong>conspui,</strong></span> 
     </span>
    </p>
   </div>
   <div class='ocr_carea' id='block_1_110' title="bbox 1061 2433 1886 2483">
    <p class='ocr_par' dir='ltr' id='par_1_110' title="bbox 1061 2433 1886 2483">
     <span class='ocr_line' id='line_1_110' title="bbox 1061 2433 1886 2483; baseline 0.016 -21"><span class='ocrx_word' id='word_1_753' title='bbox 1061 2433 1153 2473; x_wconf 85' lang='lat' dir='ltr'><strong>aiapis</strong></span> <span class='ocrx_word' id='word_1_754' title='bbox 1165 2434 1249 2473; x_wconf 70' lang='lat' dir='ltr'><strong>caadi,</strong></span> <span class='ocrx_word' id='word_1_755' title='bbox 1268 2436 1456 2478; x_wconf 85' lang='lat' dir='ltr'><strong>subsannari,</strong></span> <span class='ocrx_word' id='word_1_756' title='bbox 1476 2442 1506 2469; x_wconf 89' lang='lat' dir='ltr'><strong>et</strong></span> <span class='ocrx_word' id='word_1_757' title='bbox 1527 2440 1636 2479; x_wconf 73' lang='lat' dir='ltr'><strong>qumvis</strong></span> <span class='ocrx_word' id='word_1_758' title='bbox 1650 2433 1747 2472; x_wconf 74' lang='lat' dir='ltr'><strong>tristia</strong></span> <span class='ocrx_word' id='word_1_759' title='bbox 1763 2433 1886 2483; x_wconf 76' lang='lat' dir='ltr'><strong>propter</strong></span> 
     </span>
    </p>
   </div>
   <div class='ocr_carea' id='block_1_111' title="bbox 1063 2478 1884 2520">
    <p class='ocr_par' dir='ltr' id='par_1_111' title="bbox 1063 2478 1884 2520">
     <span class='ocr_line' id='line_1_111' title="bbox 1063 2478 1884 2520; baseline 0.016 -13"><span class='ocrx_word' id='word_1_760' title='bbox 1063 2478 1156 2508; x_wconf 88' lang='lat' dir='ltr'><strong>Deum</strong></span> <span class='ocrx_word' id='word_1_761' title='bbox 1174 2488 1327 2520; x_wconf 85' lang='lat' dir='ltr'><strong>properre,</strong></span> <span class='ocrx_word' id='word_1_762' title='bbox 1344 2481 1419 2517; x_wconf 90' lang='lat' dir='ltr'><strong>Quid</strong></span> <span class='ocrx_word' id='word_1_763' title='bbox 1445 2492 1499 2513; x_wconf 84' lang='lat' dir='ltr'><strong>nos</strong></span> <span class='ocrx_word' id='word_1_764' title='bbox 1521 2478 1580 2514; x_wconf 84' lang='lat' dir='ltr'><strong>tum</strong></span> <span class='ocrx_word' id='word_1_765' title='bbox 1606 2485 1642 2515; x_wconf 89' lang='lat' dir='ltr'><strong>ad</strong></span> <span class='ocrx_word' id='word_1_766' title='bbox 1672 2485 1728 2516; x_wconf 85' lang='lat' dir='ltr'><strong>ista</strong></span> <span class='ocrx_word' id='word_1_767' title='bbox 1740 2478 1884 2520; x_wconf 41' lang='lat' dir='ltr'><strong>{nonne</strong></span> 
     </span>
    </p>
   </div>
   <div class='ocr_carea' id='block_1_112' title="bbox 1062 2525 1883 2571">
    <p class='ocr_par' dir='ltr' id='par_1_112' title="bbox 1062 2525 1883 2571">
     <span class='ocr_line' id='line_1_112' title="bbox 1062 2525 1883 2571; baseline 0.015 -19"><span class='ocrx_word' id='word_1_768' title='bbox 1062 2531 1201 2561; x_wconf 88' lang='lat' dir='ltr'><strong>passuros</strong></span> <span class='ocrx_word' id='word_1_769' title='bbox 1225 2529 1253 2555; x_wconf 90' lang='lat' dir='ltr'><strong>et</strong></span> <span class='ocrx_word' id='word_1_770' title='bbox 1281 2525 1456 2557; x_wconf 89' lang='lat' dir='ltr'><strong>toleraturos</strong></span> <span class='ocrx_word' id='word_1_771' title='bbox 1485 2528 1585 2559; x_wconf 89' lang='lat' dir='ltr'><strong>omnia</strong></span> <span class='ocrx_word' id='word_1_772' title='bbox 1615 2531 1825 2571; x_wconf 88' lang='lat' dir='ltr'><strong>promittimus,</strong></span> <span class='ocrx_word' id='word_1_773' title='bbox 1854 2540 1883 2566; x_wconf 86' lang='lat' dir='ltr'><strong>et</strong></span> 
     </span>
    </p>
   </div>
   <div class='ocr_carea' id='block_1_113' title="bbox 1060 2566 1880 2613">
    <p class='ocr_par' dir='ltr' id='par_1_113' title="bbox 1060 2566 1880 2613">
     <span class='ocr_line' id='line_1_113' title="bbox 1060 2566 1880 2613; baseline 0.015 -16"><span class='ocrx_word' id='word_1_774' title='bbox 1060 2566 1133 2613; x_wconf 84' lang='lat' dir='ltr'><strong>illud</strong></span> <span class='ocrx_word' id='word_1_775' title='bbox 1146 2568 1291 2601; x_wconf 87' lang='lat' dir='ltr'><strong>solemne:</strong></span> <span class='ocrx_word' id='word_1_776' title='bbox 1306 2571 1419 2609; x_wconf 82' lang='lat' dir='ltr'><strong>Etiam,</strong></span> <span class='ocrx_word' id='word_1_777' title='bbox 1432 2574 1593 2605; x_wconf 69' lang='lat' dir='ltr'><strong>reverenda</strong></span> <span class='ocrx_word' id='word_1_778' title='bbox 1604 2566 1704 2613; x_wconf 77' lang='lat' dir='ltr'><strong>i’ater,</strong></span> <span class='ocrx_word' id='word_1_779' title='bbox 1714 2576 1750 2606; x_wconf 89' lang='lat' dir='ltr'><strong>ad</strong></span> <span class='ocrx_word' id='word_1_780' title='bbox 1760 2566 1880 2609; x_wconf 82' lang='lat' dir='ltr'><strong>omnem</strong></span> 
     </span>
    </p>
   </div>
   <div class='ocr_carea' id='block_1_114' title="bbox 1060 2611 1879 2656">
    <p class='ocr_par' dir='ltr' id='par_1_114' title="bbox 1060 2611 1879 2656">
     <span class='ocr_line' id='line_1_114' title="bbox 1060 2611 1879 2656; baseline 0.016 -15"><span class='ocrx_word' id='word_1_781' title='bbox 1060 2611 1322 2652; x_wconf 82' lang='lat' dir='ltr'><strong>interrogationem</strong></span> <span class='ocrx_word' id='word_1_782' title='bbox 1340 2625 1394 2656; x_wconf 84' lang='lat' dir='ltr'><strong>per</strong></span> <span class='ocrx_word' id='word_1_783' title='bbox 1423 2617 1595 2656; x_wconf 88' lang='lat' dir='ltr'><strong>patientiam</strong></span> <span class='ocrx_word' id='word_1_784' title='bbox 1622 2611 1812 2652; x_wconf 75' lang='lat' dir='ltr'><strong>ft-rendorum</strong></span> <span class='ocrx_word' id='word_1_785' title='bbox 1830 2623 1879 2655; x_wconf 85' lang='lat' dir='ltr'><strong>in--</strong></span> 
     </span>
    </p>
   </div>
   <div class='ocr_carea' id='block_1_115' title="bbox 1060 2657 1877 2707">
    <p class='ocr_par' dir='ltr' id='par_1_115' title="bbox 1060 2657 1877 2707">
     <span class='ocr_line' id='line_1_115' title="bbox 1060 2657 1877 2707; baseline 0.015 -21"><span class='ocrx_word' id='word_1_786' title='bbox 1060 2657 1283 2689; x_wconf 89' lang='lat' dir='ltr'><strong>commodorum</strong></span> <span class='ocrx_word' id='word_1_787' title='bbox 1299 2660 1488 2692; x_wconf 87' lang='lat' dir='ltr'><strong>enuntiamus</strong></span> <span class='ocrx_word' id='word_1_788' title='bbox 1500 2662 1516 2692; x_wconf 85' lang='lat'><strong>?</strong></span> <span class='ocrx_word' id='word_1_789' title='bbox 1534 2665 1641 2695; x_wconf 86' lang='lat' dir='ltr'><strong>Nonne</strong></span> <span class='ocrx_word' id='word_1_790' title='bbox 1655 2666 1877 2707; x_wconf 87' lang='lat' dir='ltr'><strong>continentiam,</strong></span> 
     </span>
    </p>
   </div>
   <div class='ocr_carea' id='block_1_116' title="bbox 1059 2700 1876 2747">
    <p class='ocr_par' dir='ltr' id='par_1_116' title="bbox 1059 2700 1876 2747">
     <span class='ocr_line' id='line_1_116' title="bbox 1059 2700 1876 2747; baseline 0.015 -16"><span class='ocrx_word' id='word_1_791' title='bbox 1059 2700 1184 2741; x_wconf 81' lang='lat' dir='ltr'><strong>vigilias,</strong></span> <span class='ocrx_word' id='word_1_792' title='bbox 1211 2702 1411 2736; x_wconf 88' lang='lat' dir='ltr'><strong>obedientiam</strong></span> <span class='ocrx_word' id='word_1_793' title='bbox 1439 2716 1532 2747; x_wconf 91' lang='lat' dir='ltr'><strong>usque</strong></span> <span class='ocrx_word' id='word_1_794' title='bbox 1547 2707 1583 2738; x_wconf 91' lang='lat' dir='ltr'><strong>ad</strong></span> <span class='ocrx_word' id='word_1_795' title='bbox 1600 2713 1725 2740; x_wconf 89' lang='lat' dir='ltr'><strong>mortem</strong></span> <span class='ocrx_word' id='word_1_796' title='bbox 1742 2700 1876 2743; x_wconf 50' lang='lat' dir='ltr'><strong>servatu:</strong></span> 
     </span>
    </p>
   </div>
   <div class='ocr_carea' id='block_1_117' title="bbox 1058 2748 1875 2795">
    <p class='ocr_par' dir='ltr' id='par_1_117' title="bbox 1058 2748 1875 2795">
     <span class='ocr_line' id='line_1_117' title="bbox 1058 2748 1875 2795; baseline 0.015 -19"><span class='ocrx_word' id='word_1_797' title='bbox 1058 2754 1120 2785; x_wconf 91' lang='lat' dir='ltr'><strong>ros,</strong></span> <span class='ocrx_word' id='word_1_798' title='bbox 1144 2748 1316 2788; x_wconf 85' lang='lat' dir='ltr'><strong>praeposito,</strong></span> <span class='ocrx_word' id='word_1_799' title='bbox 1343 2751 1456 2793; x_wconf 88' lang='lat' dir='ltr'><strong>totique</strong></span> <span class='ocrx_word' id='word_1_800' title='bbox 1485 2752 1607 2784; x_wconf 84' lang='lat' dir='ltr'><strong>fratrum</strong></span> <span class='ocrx_word' id='word_1_801' title='bbox 1637 2754 1762 2795; x_wconf 83' lang='lat' dir='ltr'><strong>collegio</strong></span> <span class='ocrx_word' id='word_1_802' title='bbox 1777 2765 1875 2787; x_wconf 86' lang='lat' dir='ltr'><strong>coram</strong></span> 
     </span>
    </p>
   </div>
   <div class='ocr_carea' id='block_1_118' title="bbox 229 2823 1872 2883">
    <p class='ocr_par' dir='ltr' id='par_1_118' title="bbox 229 2823 1872 2883">
     <span class='ocr_line' id='line_1_118' title="bbox 229 2823 1872 2883; baseline 0.01 -28"><span class='ocrx_word' id='word_1_803' title='bbox 229 2823 262 2850; x_wconf 74' lang='grc'><strong>87</strong></span> <span class='ocrx_word' id='word_1_804' title='bbox 275 2823 351 2857; x_wconf 87' lang='lat' dir='ltr'><strong>Psal.</strong></span> <span class='ocrx_word' id='word_1_805' title='bbox 368 2832 467 2866; x_wconf 83' lang='lat' dir='ltr'><strong>cxvnt,</strong></span> <span class='ocrx_word' id='word_1_806' title='bbox 482 2827 534 2860; x_wconf 67' lang='lat'><strong>69.</strong></span> <span class='ocrx_word' id='word_1_807' title='bbox 576 2829 608 2854; x_wconf 85' lang='lat'><strong><em>88</em></strong></span> <span class='ocrx_word' id='word_1_808' title='bbox 623 2827 718 2862; x_wconf 84' lang='lat' dir='ltr'><strong>Gatat.</strong></span> <span class='ocrx_word' id='word_1_809' title='bbox 735 2837 773 2870; x_wconf 82' lang='lat' dir='ltr'><strong>IV,</strong></span> <span class='ocrx_word' id='word_1_810' title='bbox 789 2827 840 2861; x_wconf 81' lang='lat' dir='ltr'><strong>3t.</strong></span> <span class='ocrx_word' id='word_1_811' title='bbox 881 2829 915 2855; x_wconf 80' lang='lat'><strong>89</strong></span> <span class='ocrx_word' id='word_1_812' title='bbox 927 2827 1006 2862; x_wconf 84' lang='lat' dir='ltr'><strong>Psal.</strong></span> <span class='ocrx_word' id='word_1_813' title='bbox 1021 2838 1123 2872; x_wconf 79' lang='lat' dir='ltr'><strong>omn,</strong></span> <span class='ocrx_word' id='word_1_814' title='bbox 1142 2833 1212 2866; x_wconf 75' lang='lat'><strong>103.</strong></span> <span class='ocrx_word' id='word_1_815' title='bbox 1255 2835 1288 2861; x_wconf 86' lang='lat'><strong>90</strong></span> <span class='ocrx_word' id='word_1_816' title='bbox 1303 2835 1382 2869; x_wconf 85' lang='lat' dir='ltr'><strong>Psal.</strong></span> <span class='ocrx_word' id='word_1_817' title='bbox 1399 2845 1502 2879; x_wconf 82' lang='lat' dir='ltr'><strong>xxxm,</strong></span> <span class='ocrx_word' id='word_1_818' title='bbox 1518 2837 1548 2870; x_wconf 86' lang='lat'><strong>9.</strong></span> <span class='ocrx_word' id='word_1_819' title='bbox 1591 2838 1615 2860; x_wconf 74' lang='lat'><strong>91</strong></span> <span class='ocrx_word' id='word_1_820' title='bbox 1632 2839 1734 2873; x_wconf 85' lang='lat' dir='ltr'><strong>Matth.</strong></span> <span class='ocrx_word' id='word_1_821' title='bbox 1750 2849 1814 2883; x_wconf 78' lang='lat' dir='ltr'><strong>XVI,</strong></span> <span class='ocrx_word' id='word_1_822' title='bbox 1824 2842 1872 2874; x_wconf 83' lang='lat'><strong>27.</strong></span> 
     </span>
    </p>
   </div>
  </div>
