1978 3078
42 150 109 188 457

755 155 896 190 ORATIO
916 155 1055 188 XXVIII.

1677 162 1736 193 458

42 222 113 270 Deo
122 227 152 253 ct
163 222 486 270 angelispromittirnus
496 223 511 254 ‘2
520 223 613 270 Quam
630 223 667 254 ob
680 232 797 270 causam
804 230 873 270 vero
883 227 902 252 Α
916 223 980 259 bus,
1007 227 1034 270 et
1049 222 1116 254 tolle
1128 232 1244 270 crucem
1255 228 1355 270 tuam,
1372 229 1400 257 et
1414 228 1482 258 veni
1492 236 1619 268 sequere
1633 238 1680 260 me
1693 229 1733 270 93,

44 266 192 302 militare,
218 266 387 306 Christique
402 267 597 298 bellatoribus
611 267 763 298 accenseri
779 267 875 298 volui-

44 319 118 340 mus
135 310 147 340 ?
164 320 264 341 nonne
279 315 310 341 ut
336 316 438 342 contra
461 312 562 342 hostes
577 312 631 342 sub
647 316 798 352 aspectum
814 321 873 342 non

42 354 205 385 venientes
222 364 430 395 pugnaremus,
455 360 487 386 ut
507 356 873 387 contraconcitatosanimi

42 403 150 429 motus
165 398 272 430 bellum
287 408 514 439 capesseremus
526 400 538 430 ἲ
549 400 583 431 Et
595 410 686 440 nunc,
703 400 826 440 perinde
841 406 873 430 ut

42 443 73 472 si
91 448 177 483 pacta
192 448 335 474 conventa
349 453 436 474 nemo
457 454 474 475 a
497 444 583 475 nobis
598 449 753 476 exacturus
767 445 805 474 sit
820 453 873 474 nos

41 489 183 526 gerimus
200 499 206 521 :
225 489 371 529 solutique
387 490 492 520 timore
521 491 573 521 Dei
597 497 625 521 et
646 494 784 521 mandata
808 490 872 529 ejus

40 536 274 564 contemnentes
290 533 422 566 vivimus.
439 534 508 565 Mihi
539 535 678 575 equidem
694 535 724 564 in
740 538 870 565 mentem

39 577 130 608 venit
157 577 310 615 admirari,
339 579 488 618 quomodo
516 578 546 609 in
576 583 682 609 tantam
714 579 870 617 caliginem

40 622 345 661 prmcipitaverimus,
364 623 522 663 omniaque
538 633 604 654 cum
631 623 796 654 animorum
812 632 869 653 no-

39 669 177 696 strorum
196 665 373 697 detrimento
384 666 524 697 faciamus
535 677 541 697 :
554 676 680 707 cumque
692 666 868 706 nosmetipsi

34 709 227 748 jugulemus,
242 711 268 741 id
281 714 418 750 tanquam
431 711 487 741 vivi
498 720 532 741 ac
550 711 723 751 superstites
738 720 797 741 non
813 719 866 741 cu-

37 762 168 784 remus:
186 759 213 785 et
224 755 425 794 cumipsinos
447 762 633 794 peccatorum
653 755 777 786 vinculis
793 764 866 786 ron-

915 267 1105 304 tentationes,
1122 277 1156 298 ac
1171 268 1379 300 tribulationes
1408 271 1504 302 crucis
1521 267 1641 303 nomine
1658 267 1733 304 insi;

915 321 1019 342 nuans.
1042 313 1117 343 Dare
1133 321 1220 351 porro
1237 313 1346 351 omnia,
1364 316 1504 354 pecunias
1520 326 1553 347 ac
1570 319 1733 356 possessio-

915 366 990 402 nes,
1011 356 1178 386 incursibus
1203 362 1299 402 autem
1329 359 1523 391 tentationuin
1552 361 1732 402 reliquorum

913 399 1089 431 acerborum
1113 410 1147 430 ac
1179 401 1371 432 molestorum
1401 413 1459 433 non
1488 399 1732 436 excelsoVanimo

913 444 1065 482 resistere,
1077 445 1185 475 animae
1196 446 1316 484 ignavae,
1330 454 1364 476 ac
1375 456 1428 477 sua
1439 448 1595 479 commoda
1609 458 1667 479 non
1685 451 1730 480 in-

913 488 1073 527 telligentis
1089 489 1162 519 nihil
1179 489 1304 521 videtur.
1321 490 1399 520 Nihil
1417 492 1495 521 enim
1513 493 1649 531 pecuniis
1664 498 1730 524 tati—

911 533 1062 563 tummodo
1078 533 1204 573 aliisque
1217 533 1307 564 rebus
1319 533 1496 574 abjicicndis
1503 545 1536 566 ac
1548 537 1730 574 deferendis,

911 581 940 607 et
954 577 989 607 ad
1008 577 1094 607 vitam
1109 578 1273 608 :iolitariem
1287 579 1484 618 confugiendo
1497 589 1523 619 pl
1534 581 1662 618 oficitur,
1675 582 1733 612 nisi

910 620 941 651 in
958 621 1182 660 tentationibus,
1200 626 1228 653 et
1254 622 1505 664 tribulationibus,
1523 628 1552 654 et
1566 626 1729 656 secundum

909 664 987 696 Deus
1001 666 1143 696 molestiis
1155 675 1248 706 usque
1265 666 1301 697 ad
1315 667 1403 697 finem
1427 677 1611 707 perseveres.
1628 669 1730 710 Neque

910 710 988 740 enim
998 710 1134 740 Chrisrus
1141 710 1216 741 Deus
1224 711 1362 741 nosterin
1369 720 1468 741 rerum
1477 717 1641 744 nostrarum
1651 713 1730 753 abje-

908 753 1017 794 ctione,
1034 754 1084 784 Sed
1097 753 1126 784 in
1139 755 1279 794 patientia
1290 759 1388 785 nostra
1401 756 1515 786 animas
1527 760 1641 787 nostras
1657 767 1728 798 pos-

37 797 238 837 stringamus,
256 799 342 829 etiam
358 799 497 838 gaudium
525 801 681 839 agitemus,
698 799 865 830 committa-

38 851 172 882 musque
187 843 359 883 omniaquae
373 846 450 874 Deus
459 844 531 882 odit,
545 849 643 884 etquae
655 844 683 874 in
699 845 865 883 gehennam
877 880 894 885 λ
906 843 1125 883 stribulionem,
1144 844 1278 884 etfugam
1290 844 1389 874 saeculi
1401 844 1507 874 bonam
1522 850 1610 885 atque
1624 847 1724 878 utilem

36 880 252 925 ignis—animas
277 880 391 919 nostras
419 880 596 922 deturbem.-
623 892 652 919 et
666 880 830 919 ea—vincula
845 898 861 918 a
877 880 894 904 Β
906 896 938 917 es
955 897 971 918 e
985 892 1100 918 constat
1114 880 1124 918 ε’
1145 880 1346 918 verumtamen
1361 888 1422 918 sola
1437 898 1489 928 per
1499 880 1639 929 Scip-sam,
1652 891 1726 922 citra

37 930 133 961 nobis
143 932 321 970 auferentes,
332 932 712 972 quasitruculentaeszt'ze,
721 933 863 964 devorare
903 932 1096 962 tentationum
1105 932 1458 968 tolerantiam,bominem
1466 934 1628 964 secundum
1636 935 1726 965 Deum

37 983 201 1007 conemur.
217 975 290 1007 Nam
313 977 337 1007 si
358 986 375 1007 a
403 977 539 1017 quopiam
556 977 700 1007 fuerimus
714 977 860 1017 impediti,
903 976 1262 1016 perfectumredderenon
1273 981 1377 1017 potest.
1388 976 1592 1013 Quodutitase
1605 978 1724 1015 habere,

38 1028 84 1049 ne
101 1019 172 1059 quid
189 1025 291 1051 contra
313 1021 427 1051 animas
451 1025 566 1051 nostras
595 1021 761 1060 moliamur,
779 1020 861 1050 illum
904 1020 978 1050 etita
992 1020 1474 1061 Deoplacerecredas,audiipsius
1490 1023 1576 1052 verba
1592 1022 1629 1052 ad
1646 1023 1725 1053 divi-

39 1072 129 1094 more
144 1073 249 1095 canum
278 1065 448 1096 rabidorum
474 1065 654 1103 allatramus,
684 1069 714 1096 et
727 1064 862 1096 comitiis
904 1068 977 1094 tem:
995 1064 1030 1095 Si
1045 1065 1088 1095 vis
1099 1065 1251 1104 perfectus
1263 1074 1338 1101 esse,
1354 1066 1448 1096 vende
1459 1074 1524 1105 qua:
1534 1066 1638 1106 habes,
1649 1071 1676 1097 et
1687 1067 1726 1097 da

906 807 1039 829 sessuros
1050 799 1257 831 atiirmavit93.
1278 799 1459 830 Facultatum
1478 801 1504 831 in
1523 811 1668 841 pauperes
1682 803 1729 832 di-

36 1107 234 1147 incessimus,
252 1119 307 1140 nec
322 1110 497 1144 desinimus,
514 1110 610 1140 donec
638 1119 670 1140 re
696 1114 862 1149 perpetrata

37 1152 154 1183 animis
166 1154 276 1184 nostris
291 1154 411 1185 exitium
427 1154 664 1184 conflaverimus.
674 1153 862 1184 Postmodum

36 1197 77 1228 ad
97 1197 269 1237 hujusmodi
279 1199 500 1238 perversitatem
513 1197 680 1235 assuefacti,
691 1197 865 1229 naturaliter

36 1243 188 1281 perversi,
205 1247 292 1282 atque
320 1242 448 1282 improbi
464 1242 640 1282 ,reddimur,
670 1251 724 1272 nec
739 1241 864 1282 amplius

36 1286 118 1317 caelo
134 1291 221 1326 caput
243 1287 347 1318 tollere
375 1287 457 1318 libet.
476 1287 531 1318 Ubi
549 1291 614 1327 post
628 1287 781 1317 hominum
799 1295 860 1316 me-

36 1330 167 1361 moriam
183 1331 291 1362 similis
313 1331 492 1362 machinatio
513 1331 612 1362 audita
626 1331 696 1362 est?
713 1331 784 1367 Quis
798 1330 860 1362 dte-

35 1385 113 1406 mon
130 1376 249 1406 modum
267 1376 444 1416 perditionis
467 1376 523 1407 hoc
547 1377 688 1415 majorem
705 1375 860 1406 adversum

35 1420 157 1451 animas
173 1425 288 1451 nostras
317 1420 494 1461 excogitabit
522 1420 582 1450 imo
609 1424 701 1457 certe,
719 1420 790 1460 quid
805 1420 861 1451 hoc

35 1465 170 1504 amplius
185 1470 288 1496 contra
307 1475 360 1496 nos
388 1466 538 1496 daemones
553 1475 619 1495 cum
636 1464 716 1495 omni
732 1473 812 1504 cura,
832 1469 861 1496 et

900 1109 1099 1148 pauperibus,
1116 1112 1143 1140 et
1163 1109 1235 1140 tolle
1247 1118 1364 1141 crucem
1376 1114 1470 1149 tuum,
1487 1115 1512 1140 et
1524 1112 1591 1141 veni
1602 1119 1726 1150 sequere

904 1161 961 1183 me.
976 1152 1124 1183 Vocabqu
1139 1154 1248 1190 crucis,
1265 1158 1295 1184 ut
1314 1154 1425 1184 dictum
1447 1158 1492 1184 est
1517 1154 1725 1186 tribulationes

904 1201 934 1227 et
949 1197 1126 1227 tentationes
1139 1196 1295 1228 obscurius
1309 1198 1455 1236 significat
1485 1197 1628 1233 Quoniam
1643 1198 1723 1228 enim

904 1250 1030 1280 regnum
1043 1241 1185 1272 caelorum
1196 1241 1263 1272 vim
1274 1245 1401 1281 patitur,
1424 1246 1451 1272 et
1469 1244 1593 1273 rio/ent!
1601 1244 1724 1282 rapiunt

905 1286 982 1317 illud
991 1286 1034 1323 94,
1051 1285 1195 1316 aliterbue
1218 1285 1313 1316 fidelis
1340 1286 1369 1316 iu
1403 1286 1511 1326 ipsum,
1530 1287 1584 1316 nisi
1602 1296 1654 1326 per
1668 1296 1723 1317 an-

902 1335 1015 1370 gustatu
1032 1335 1146 1370 portam
1163 1329 1397 1369 tribulationum,
1425 1335 1453 1360 ct
1471 1331 1662 1361 tentationum
1680 1331 1724 1361 in-

901 1375 993 1405 troire
1009 1374 1120 1414 nequit,
1138 1375 1243 1405 merito
1269 1374 1368 1404 divina
1398 1373 1425 1405 S-
1440 1374 1548 1414 iiplura
1566 1375 1697 1414 praecipit
1714 1384 1720 1406 :

901 1418 1075 1449 Contendite
1099 1419 1212 1448 intrare
1233 1427 1288 1458 per
1311 1421 1472 1458 angustam
1491 1419 1664 1458 purt1m95.
1690 1418 1724 1449 Et

901 1462 1025 1493 iterum:
1035 1462 1072 1492 In
1080 1463 1230 1502 patientia
1242 1462 1537 1502 vestraposst'debitis
1544 1463 1665 1493 animos
1674 1472 1722 1493 ve-

35 1510 244 1542 sollicitudine
252 1510 387 1541 invenire
397 1510 554 1550 poterunt?
569 1510 725 1540 Monachos
735 1509 797 1540 fore
808 1519 861 1540 nos
871 1511 890 1535 C
901 1507 1027 1538 sh‘as93.
1049 1507 1099 1538 Et:
1123 1508 1183 1537 Per
1202 1506 1314 1537 multas
1322 1506 1530 1537 lrilmlutioms
1541 1510 1654 1546 oportet
1669 1515 1724 1538 nos

37 1555 272 1595 spopondimus,
299 1559 329 1586 et
344 1564 381 1585 en
396 1564 485 1595 supra
501 1554 665 1584 mundanas
681 1553 861 1593 improbitati

35 1609 98 1630 nos
107 1599 301 1638 alligavimus.
315 1599 358 1630 Ad
371 1599 491 1636 famem,
505 1599 596 1635 sitim,
610 1598 799 1629 atl‘lictionem
814 1608 861 1629 su-

37 1644 221 1682 stinendam,
239 1649 270 1675 ut
285 1649 352 1675 ante
375 1644 562 1680 dicebamus,
588 1643 729 1682 descripti
745 1653 858 1680 sumus,

37 1693 68 1720 et
87 1695 210 1730 propter
224 1690 344 1720 unicum
369 1689 454 1729 panis
470 1688 594 1719 frustum
614 1687 703 1727 (quod
719 1687 793 1718 forte
805 1697 858 1718 ex-

904 1551 1059 1582 intrarein
1066 1559 1191 1590 regnum
1201 1550 1352 1590 calorum,
1363 1555 1393 1580 ut
1406 1555 1435 1580 et
1446 1551 1515 1581 alibi
1528 1551 1555 1580 id
1569 1550 1723 1590 Scriptura

903 1596 1072 1626 tcs=atur97.
1092 1595 1173 1631 Filii,
1191 1595 1330 1625 accidens
1345 1594 1561 1625 adservilulem
1571 1595 1627 1625 Dei
1642 1603 1723 1634 prae-

899 1648 976 1679 para
987 1641 1119 1670 animum
1136 1644 1219 1669 tuam
1231 1640 1271 1670 ad
1284 1640 1496 1669 tentationem.
1512 1639 1654 1678 Dept'ime
1668 1647 1721 1669 cor

901 1683 1189 1717 tuum.etsustine98.
1196 1683 1402 1722 EtApostolus:
1409 1682 1528 1720 Quodsi
1535 1686 1621 1712 extra
1629 1683 1720 1712 disci-

37 1727 96 1764 tra'
111 1727 264 1764 definitum
287 1733 344 1764 cibi
369 1727 507 1763 sumendi
529 1737 645 1772 tempus
667 1731 860 1771 requirimus)
896 1727 1722 1772 plinameslix,cuiusparticipes/irrumatomnes,ergo

35 1777 141 1809 verbis
154 1778 278 1815 velitari,
292 1784 322 1809 et
334 1777 441 1818 probra
449 1778 562 1817 jactare
570 1786 627 1806 non
640 1775 857 1806 erubescimus.

37 1821 187 1854 Omnibus
197 1832 262 1863 quae
271 1822 301 1853 in
313 1822 423 1852 mundo
435 1825 513 1856 sunt,
525 1820 696 1851 renuntiare
711 1819 856 1856 venimus,

38 1867 224 1907 parentibus,
238 1867 368 1907 inquam,
380 1865 531 1904 fratribus,
544 1869 572 1895 et
582 1863 695 1900 amicis,
718 1867 747 1894 et
760 1868 860 1894 tamen

40 1911 111 1943 illos
128 1911 165 1942 de
182 1910 352 1942 monasterii
368 1909 494 1949 panibus
510 1910 589 1939 alere
607 1907 703 1948 potius
718 1915 776 1938 non
792 1916 858 1938 ces-

40 1964 155 1987 samus.
172 1955 312 1986 Mundum
328 1958 360 1985 ut
383 1955 496 1985 hostem
522 1953 661 1993 fugimus,
689 1955 718 1982 et
740 1951 858 1982 interim

41 2000 219 2038 mundanos,
237 2004 267 2030 et
281 2008 347 2040 quae
362 1997 465 2029 mundi
480 2003 560 2038 sunt,
588 1996 654 2037 plus
669 2004 757 2038 quam
772 1996 859 2028 Chri-

39 2048 115 2076 stum
132 2045 230 2085 ipsum
244 2043 404 2083 diligimus.

78 2089 137 2126 Qui
152 2093 250 2120 autem
264 2088 383 2129 assequi
397 2087 459 2118 vult
471 2095 537 2128 quae
552 2086 643 2126 cupit,
655 2085 857 2122 etdesiderat,

41 2133 118 2165 bona
133 2133 188 2164 Dei
201 2132 351 2172 videlicet,
368 2135 397 2163 et
412 2141 448 2162 ex
469 2131 589 2162 homine
600 2131 629 2162 in
642 2131 778 2170 angelum
795 2133 857 2160 ter-

899 1772 1043 1806 arlttllrri,
1057 1776 1086 1801 el
1096 1781 1153 1802 non
1162 1772 1222 1810 ﬁlii
1240 1772 1311 1801 estis
1321 1771 1362 1800 99.
1380 1771 1418 1802 Et
1432 1771 1490 1801 alio
1505 1770 1570 1800 loco
1589 1779 1596 1801 :
1613 1769 1720 1801 Omnia

901 1825 965 1855 qua:
982 1816 1032 1846 tibi
1049 1816 1229 1853 inferuntur,
1247 1819 1278 1845 ut
1296 1815 1373 1845 bona
1390 1815 1516 1854 suscipe,
1535 1815 1635 1845 sciens
1656 1814 1721 1844 sine

901 1859 962 1890 Deo
979 1859 1054 1890 nihil
1069 1860 1144 1889 fieri.
1162 1859 1216 1895 Qui
1232 1859 1311 1890 enim
1327 1859 1452 1890 fortunis
1468 1859 1531 1888 suis
1550 1858 1579 1888 in
1596 1862 1722 1898 egentes

901 1904 1016 1934 collatis
1027 1912 1043 1934 e
1053 1904 1162 1934 mundo
1175 1908 1202 1934 et
1212 1903 1300 1934 rebus
1314 1904 1378 1943 ejus
1390 1903 1514 1940 recedit,
1533 1904 1562 1932 in
1571 1912 1624 1942 spe
1639 1911 1721 1932 mer-

901 1947 995 1982 cedis,
1012 1952 1042 1978 et
1056 1948 1202 1987 voluptate
1219 1947 1311 1978 multa
1325 1951 1419 1986 gestat
1446 1946 1670 1977 conscientiam.
1687 1945 1723 1976 Et

900 1992 1057 2032 aliquando
1088 2000 1159 2021 vana
1187 1991 1279 2030 gloria
1307 1990 1475 2022 mercedem
1507 1990 1630 2020 furatur.
1660 1989 1720 2024 Qui

899 2044 968 2066 vero
994 2039 1148 2075 postquam
1179 2035 1278 2065 omnia
1306 2035 1387 2065 dedit
1417 2034 1607 2074 pauperibus,
1625 2033 1717 2064 etiam

901 2079 1022 2110 molesta
1034 2078 1170 2116 sustinet,
1185 2083 1214 2109 et
1226 2079 1334 2118 gratias
1343 2079 1411 2118 agit,
1426 2083 1452 2108 ct
1465 2078 1588 2108 adversa
1601 2077 1720 2117 patien-

899 2127 944 2154 ter
959 2123 1078 2164 perfert,
1093 2123 1123 2153 in
1138 2132 1174 2153 eo
1189 2123 1307 2163 quidem
1331 2123 1488 2153 maximam
1514 2121 1718 2158 acerbitatem,

40 2181 166 2209 restrem
183 2177 322 2217 migrare,
345 2165 564 2207 afflictationem
589 2165 723 2215 corporis
736 2173 856 2212 amabit,
869 2183 891 2208 ι)
901 2167 1045 2207 laborem,
1056 2177 1090 2216 τις
1104 2167 1236 2216 dolorem
1250 2166 1338 2197 sentit
1354 2177 1360 2196 :
1381 2167 1432 2197 sed
1447 2175 1576 2217 praeseps
1591 2175 1625 2195 ac
1640 2165 1721 2195 futu-

43 2223 187 2254 malorum
202 2221 424 2262 perpassionem
449 2219 657 2260 amplectetur,
684 2219 859 2250 tentationes

43 2270 71 2298 ut
87 2266 188 2298 omnis
200 2266 270 2297 boni
289 2265 347 2297 sibi
361 2265 579 2296 conciliatrices
592 2263 669 2294 haud
685 2263 858 2303 aspernabi-

45 2314 98 2343 tur.
109 2311 150 2343 Ut
165 2311 245 2342 enim
260 2319 364 2341 aurum
381 2309 473 2340 multa
488 2308 627 2340 infectum
644 2308 785 2347 aerugine,
803 2307 860 2338 nisi

45 2354 70 2386 in
86 2365 198 2396 prunas
210 2354 399 2394 conjiciatur,
413 2358 441 2385 et
453 2353 568 2384 malleis
579 2353 729 2389 tundatur,
742 2351 860 2392 purgari

46 2400 138 2441 aliter,
155 2400 287 2440 atquein
317 2399 472 2440 pristinum
502 2397 644 2436 fulgorem
670 2396 786 2428 restitui
801 2405 859 2425 non

46 2448 152 2483 potest:
161 2444 204 2475 sic
212 2444 311 2474 anima
321 2451 439 2483 quoque
449 2441 560 2482 peccati
573 2441 857 2480 aeruginecoopcrta,

48 2491 73 2518 et
94 2488 129 2520 ad
147 2497 296 2519 summum
311 2487 387 2518 facta
404 2487 531 2523 inutilis,
549 2486 606 2516 alia
621 2485 669 2516 via
684 2484 814 2524 purgari,
832 2488 860 2514 et

48 2533 194 2574 antiquam
200 2540 385 2574 recuperare
403 2531 655 2574 pulchritudinem
671 2530 790 2574 nequit,
803 2528 860 2559 nisi

48 2569 253 2604 tentationibus
266 2569 411 2612 jactetur,
423 2576 453 2603 et
475 2570 699 2602 tribulationum
716 2569 861 2600 conﬂatu-

49 2624 103 2648 ram
119 2617 235 2649 subeat.
251 2616 325 2648 Nam
341 2620 370 2647 et
397 2616 473 2646 istuc
497 2614 615 2646 Domini
632 2613 725 2644 nostri
740 2613 861 2644 verbum

51 2660 210 2693 subindicat
223 2670 231 2693 :
249 2661 348 2693 Vende
360 2659 518 2700 facultates
530 2663 613 2697 tuas,
623 2661 652 2690 et
662 2658 700 2689 da
709 2658 862 2698 paupert-

85 2740 111 2765 9’
122 2741 228 2773 Matth.
243 2739 361 2778 nx,21.

54 2784 106 2820 XN,
119 2781 169 2813 21.
211 2780 244 2806 98
256 2777 350 2813 Eccli.
366 2788 399 2818 ii,
415 2781 446 2816 1,
462 2778 493 2810 2.
533 2777 566 2802 99
582 2777 676 2808 Hubr.
692 2784 748 2814 xu,
763 2777 794 2809 8.

197 2867 325 2900 PA'mOL.
341 2865 396 2898 Gn.
411 2861 494 2898 CXX.

404 2739 436 2765 93
450 2739 522 2770 Luc.
538 2745 600 2774 xxx,
619 2737 667 2769 19.
708 2736 742 2762 94
755 2736 858 2768 Matth.
872 2743 915 2775 ιι,
931 2734 980 2766 42.
1023 2733 1056 2760 9⁸
1071 2735 1173 2766 Matth.
1187 2743 1239 2773 vu,
1255 2734 1300 2766 13.

899 2220 964 2242 rum
981 2210 1146 2250 praemium,
1174 2210 1385 2250 ingentemque
1413 2209 1638 2240 retributionem
1670 2217 1723 2248 pro

901 2255 1036 2296 perfugio
1048 2255 1146 2286 habet:
1173 2259 1275 2295 utpote
1289 2255 1340 2295 qui
1361 2254 1514 2295 passiones
1526 2252 1635 2284 Christi
1651 2252 1720 2296 imi-

902 2295 988 2338 tetur,
1007 2308 1136 2339 eumque
1148 2299 1178 2329 in
1194 2299 1298 2329 diebus
1316 2299 1523 2335 tentationum,
1542 2301 1570 2328 et
1589 2295 1721 2327 adversi-

902 2348 993 2376 tatum
1008 2345 1184 2374 irruentium
1201 2347 1356 2380 sustineat,
1369 2347 1397 2374 et
1409 2341 1722 2383 exspectet.Quocirca

901 2398 952 2420 oro
969 2397 1028 2425 vos,
1044 2387 1149 2418 fratres
1162 2387 1192 2418 in
1208 2387 1336 2424 Christo,
1354 2388 1459 2418 demus
1476 2395 1596 2427 operam
1613 2394 1722 2416 secun-

901 2433 970 2464 dum
991 2441 1093 2463 vocem
1105 2432 1233 2469 Domini,
1248 2433 1300 2463 Dei
1312 2442 1347 2462 ac
1366 2431 1525 2462 Salvatoris
1546 2430 1641 2461 nostri
1654 2429 1726 2461 Jesu

902 2477 1022 2514 Christi,
1035 2481 1067 2507 ut
1077 2481 1230 2516 postquam
1251 2477 1374 2516 mundo,
1392 2476 1550 2516 ethisquaa
1565 2475 1594 2505 in
1611 2473 1725 2504 mundo

902 2520 1185 2561 suntvalediximus,
1206 2530 1258 2561 per
1276 2524 1427 2560 angustam
1436 2525 1549 2560 portam
1564 2519 1721 2558 intremus,

903 2575 968 2607 quae
983 2565 1110 2596 carnalis
1123 2565 1216 2596 nostri
1227 2574 1343 2602 sensus,
1361 2564 1558 2596 etvoluntatis
1573 2561 1721 2603 praecisio,

903 2615 934 2642 et
947 2611 1013 2650 fuga
1027 2615 1083 2641 est.
1101 2609 1163 2640 Nisi
1179 2610 1258 2640 enim
1289 2610 1383 2647 carni,
1409 2607 1673 2649 concupiscentiis,
1690 2615 1726 2636 ac

904 2654 1101 2686 voluntatibus
1117 2654 1182 2694 ejus
1208 2655 1381 2694 moriamur,
1405 2653 1627 2691 remissionem,
1642 2650 1728 2681 abso-

1343 2734 1375 2763 96
1385 2735 1446 2766 Luc
1453 2742 1515 2770 xxi,
1529 2733 1578 2765 19.
1619 2729 1651 2755 97
1662 2729 1727 2760 Act.

1448 2858 1486 2888 ιδ
