1978 3078
227 166 287 198 459

875 163 1065 196 SYMEONIS
1084 161 1259 194 JUNIORIS

1850 165 1910 198 460

230 231 432 270 lutionemque
441 228 1049 269 malorum,etlibertatem,etsequentema
1058 236 1080 260 Α
1091 228 1219 269 cujusvis
1234 227 1364 259 nominis
1378 237 1431 268 per
1446 228 1650 268 paenitentiam
1664 230 1701 261 ad
1715 239 1748 261 se
1761 231 1911 263 venientis

229 279 331 305 sancto
343 273 455 314 Spiritu
471 273 706 304 consolationem
722 273 847 312 adipisci
863 283 921 303 non
938 274 1047 313 poteri-

230 327 310 350 mus:
325 327 391 358 qua:
406 317 666 357 nisisuperveniat,
683 326 771 347 nemo
781 316 936 347 Dominum
950 327 1004 348 nec
1019 318 1048 348 in

228 362 285 393 hoc
292 372 346 393 nec
353 362 381 392 in
390 362 489 392 futuro
496 362 603 392 saeculo
612 360 806 392 videbit.Nam
813 366 894 392 recte
908 368 936 392 te
944 361 1048 393 fecisse

230 415 297 437 cum
313 415 416 437 omnes
431 406 583 437 facultates
594 410 656 436 tuas
671 405 700 436 in
717 414 861 445 pauperes
871 405 1047 436 distribuisti

228 450 263 489 (si
280 456 378 482 tamen
396 450 470 481 nihil
487 450 539 480 tibi
556 450 691 490 exemplo
715 450 837 480 Ananiae
853 449 932 480 illius
948 459 1047 481 reser-

227 496 301 526 vasti
316 495 338 534 ί)
358 499 387 525 et
410 495 512 525 adhaec
538 494 662 531 mundo,
693 497 722 524 et
746 493 783 523 iis
812 503 875 533 quae
890 494 920 524 in
937 494 1046 524 mundo

228 543 299 570 sunt
313 539 501 576 renuntiasti,
519 538 702 577 desertisque
731 538 820 578 hujus
836 538 901 568 vitae
915 538 993 568 curis
1008 538 1044 568 ad

229 586 345 624 portum
358 587 476 613 aeternae
485 583 548 613 vitae
560 582 727 619 cucurristi,
739 582 870 622 speciem
883 586 910 613 et
923 582 1045 621 figuram

230 627 346 666 pietatis
361 627 492 664 indutus,
505 635 557 665 ego
570 635 687 665 quoque
698 635 756 656 non
775 626 899 663 inficior,
921 630 951 656 et
966 629 994 656 te
1007 626 1044 656 ob

228 671 285 702 hoc
296 671 427 702 studium
439 671 541 701 laudo:
555 671 605 701 sed
617 670 739 710 insuper
751 671 934 710 prudentiam
949 671 1046 700 carnis

227 715 306 746 velut
323 715 451 746 tunicam
467 724 586 751 exuere,
603 719 632 746 et
644 715 808 745 secundum
823 714 940 752 stolam,
957 724 1045 754 quam

228 769 282 800 per
296 759 444 791 Christum
473 759 606 795 induisti,
636 768 733 789 mores
759 758 877 795 animae,
894 758 1046 799 ipsamque

228 804 411 844 spiritualem
440 803 628 843 prudentiam
653 803 805 843 possidere
830 812 952 834 necesse
976 807 1042 834 est:

1089 283 1141 304 cor
1155 273 1313 309 illuminat,
1331 277 1375 303 est
1401 272 1586 312 impossibile
1604 283 1610 305 :
1646 274 1791 314 siquidem
1807 276 1912 307 mundi

1087 317 1179 348 corde
1193 318 1287 348 Deum
1303 317 1404 347 vident
1418 317 1442 348 ί.

1130 361 1284 392 Enitamur
1299 361 1397 401 itaque
1412 365 1522 401 patres,
1542 362 1660 401 fratres,
1679 365 1708 392 et
1719 363 1770 393 filii
1783 364 1842 394 mei
1858 373 1912 404 per

1089 404 1273 444 diligentiam
1290 405 1319 435 in
1336 405 1478 443 moribus,
1497 409 1525 436 et
1542 406 1644 445 jugem
1659 407 1840 438 occultarum
1856 418 1908 439 co-

1088 448 1263 488 gitationum
1277 449 1495 480 confessionem
1507 459 1559 480 cor
1569 459 1675 490 purum
1685 451 1832 482 obtinere.
1840 451 1910 488 Qua:

1089 491 1167 522 enim
1183 491 1367 532 frequenter,
1390 496 1419 522 et
1445 493 1578 533 quotidie
1607 494 1640 524 fit
1669 503 1686 525 a
1700 495 1787 526 nobis
1803 495 1907 526 harum

1086 536 1228 572 confessi,
1245 536 1269 566 si
1288 546 1321 567 ex
1337 537 1436 567 animo
1451 537 1614 577 ptenitente
1629 539 1779 580 procedat,
1794 540 1908 580 pesipi-

1086 580 1229 610 scentiam
1246 580 1441 620 doloremque
1457 581 1486 611 in
1502 581 1588 612 nobis
1616 582 1771 620 factorum,
1788 584 1910 615 medita-

1087 627 1219 654 torumve
1239 629 1389 664 operatur,
1410 625 1460 665 qui
1473 634 1507 656 ex
1518 625 1630 656 intimis
1643 627 1749 658 animae
1763 627 1910 668 lacrymas

1086 667 1166 705 ciet;
1185 668 1320 708 lacryma;
1333 669 1461 700 animam
1484 674 1619 710 purgant,
1646 674 1675 701 et
1688 667 1909 712 ingentia’pec—

1087 716 1151 742 cata
1162 712 1261 742 delent
1272 722 1280 750 ;
1307 713 1413 753 quibus
1424 713 1542 751 deletis,
1553 715 1647 745 sancti
1661 714 1787 755 Spiritus
1798 716 1909 747 solatiis

1087 756 1298 797 permulcetur,
1325 766 1360 788 ex
1386 759 1614 798 compunctione
1642 759 1752 790 ﬂuento
1781 761 1909 800 quodam

1086 799 1253 846 dulcedinis
1272 800 1421 846 irrigatur,
1441 802 1520 832 unde
1537 803 1681 842 quotidie,
1696 805 1735 834 ita
1749 799 1908 835 utintelli-
1944 843 1945 846 η

228 858 326 889 neque
336 849 393 878 hoc
404 848 511 881 solum,
521 847 572 878 sed
586 847 671 878 etiam
686 857 738 887 per
747 847 945 887 paenitentiam
961 847 1043 877 tuni—
1054 852 1074 877 Β
1084 844 1182 883 gentia
1197 845 1407 885 percipiamur,
1424 847 1600 886 pinguescit,
1617 852 1646 878 et
1660 847 1772 879 fructus
1787 849 1908 889 spiritus

228 901 293 923 cam
310 892 448 928 lucidam,
465 891 514 931 qui
545 895 588 922 est
615 891 680 931 ipse
708 891 835 931 Spiritus
852 895 982 928 sanctus,
999 900 1045 921 su-

229 936 409 976 perinduere
427 946 435 973 ;
457 935 534 975 quod
551 935 608 966 nisi
624 943 677 974 per
690 939 873 966 constantem
890 935 1043 966 mandato-

229 990 295 1011 rum
312 980 559 1016 observationem,
578 983 607 1010 et
620 979 803 1010 tolerantiam
821 980 1043 1010 tribulationum

226 1034 286 1055 non
302 1029 346 1055 est
360 1028 392 1054 ut
406 1025 466 1055 ﬁat.
493 1026 598 1054 Pressa
627 1024 705 1054 enim
736 1032 788 1063 per
803 1025 990 1062 tentationes,
1006 1025 1042 1055 ad

228 1071 370 1110 lacrymas
385 1073 586 1100 commovetur
605 1080 613 1106 ;
640 1069 776 1109 lacrymae
800 1078 851 1100 cor
867 1074 1041 1108 purgantes,

226 1114 382 1154 templum,
395 1113 627 1144 etdiversorium
649 1113 775 1153 Spiritus
791 1113 884 1144 sancti
899 1114 1041 1144 efﬁciunt.

225 1159 288 1189 Nec
304 1158 384 1188 enim
401 1157 486 1188 nobis
500 1158 536 1188 ad
551 1158 688 1197 salutem,
699 1161 727 1187 et
738 1157 947 1197 perfectionem
964 1158 1043 1188 solus

228 1202 364 1240 vestitus,
378 1206 406 1232 et
418 1202 547 1233 exterior
555 1206 656 1232 statuae
667 1209 789 1232 ornatus
799 1202 908 1233 sufficit
921 1213 927 1233 :
944 1202 997 1232 sed
1012 1207 1045 1233 ut

227 1247 415 1283 exteriorem,
433 1246 472 1276 ita
488 1246 660 1276 interiorem
677 1246 827 1276 hominem
844 1250 975 1277 nostrum
992 1256 1042 1277 or-

225 1299 297 1321 nare
312 1290 421 1320 amictu
445 1289 581 1330 Spiritus,
613 1294 746 1329 totosque
774 1293 803 1320 et
831 1289 960 1328 integros
976 1299 1041 1321 cum

225 1334 335 1371 anima,
352 1338 382 1364 et
396 1343 520 1373 corpore
535 1334 596 1364 Deo
612 1342 645 1364 se
659 1333 766 1364 offerre
782 1338 908 1373 oportet.
926 1335 965 1365 Et
980 1343 1044 1365 cor-

227 1378 356 1418 poralem
373 1377 492 1417 quidem
523 1377 764 1408 exercitationem
793 1382 913 1417 propter
927 1379 1044 1409 virtutis

226 1422 343 1452 labores
357 1431 520 1459 assumere,
539 1426 570 1452 ut
583 1421 701 1461 egregie
730 1421 862 1452 molestis
879 1422 1043 1453 secundum

225 1465 319 1497 Deum
329 1474 545 1503 assuescamus,
556 1469 584 1497 et
594 1466 724 1496 feramus
732 1465 859 1505 ingenue
874 1467 1041 1498 amnritiem

222 1510 342 1550 jejunii,
360 1497 563 1540 difficultatem
580 1497 781 1548 continentiae:
790 1497 1072 1542 necessitatemvi-c

224 1554 374 1594 giliarum,
394 1554 561 1584 afﬂictionis
577 1563 664 1585 omne
680 1563 773 1593 genus
790 1565 797 1584 :
823 1555 930 1595 pietate
945 1559 1042 1587 autem

224 1598 347 1638 spiritus
361 1598 480 1629 erudire
490 1598 618 1628 animam
629 1599 666 1629 ad
678 1598 852 1638 sapiendum
859 1608 923 1639 quae
929 1604 1046 1639 oportet

223 1652 340 1683 sapere,
355 1647 383 1673 et
412 1642 612 1673 meditandum
638 1652 757 1683 semper
783 1643 872 1674 vitam
888 1648 1040 1680 aeternam,

225 1696 290 1718 esse
306 1686 460 1727 humilem,
478 1687 591 1724 mitem,
618 1687 789 1725 contritum,
818 1692 1039 1727 compunctum,

223 1732 374 1770 lugentem
387 1731 514 1768 assidue,
528 1735 557 1761 et
567 1731 662 1762 lucem
675 1731 794 1771 spiritus
820 1741 873 1771 per
887 1741 991 1771 preces
1005 1732 1041 1762 ad

223 1784 256 1806 se
272 1775 451 1811 elicientem,
466 1784 531 1814 quae
546 1780 574 1806 et
589 1775 695 1806 adesse
710 1775 752 1806 illi
770 1776 1042 1816 per‘pmnitentiam

223 1819 469 1849 ferventissimam
486 1828 679 1858 consuevere,
710 1824 839 1860 purgatae
866 1829 918 1860 per
933 1821 1042 1852 uberes

224 1862 377 1903 lacrymas,
395 1863 459 1893 sine
475 1863 582 1903 quibus
597 1873 652 1894 nec
667 1865 794 1895 tunicam
811 1865 875 1903 ejus
891 1865 1038 1902 mundari,

223 1915 279 1936 nec
294 1906 323 1936 in
339 1905 466 1936 sublime
478 1907 737 1946 contemplationis
753 1916 816 1937 eam
832 1908 996 1939 ascendere
1007 1908 1040 1938 li-

222 1954 279 1981 cet.
293 1952 367 1982 Nam
378 1955 410 1981 ut
419 1951 625 1982 vestimentum
637 1961 654 1982 e
664 1961 747 1983 emno
761 1952 909 1990 alicunde,
923 1957 952 1983 et
962 1958 1039 1983 ster-

222 1994 345 2035 quilinio
362 1994 485 2025 nimium
514 2001 655 2035 quantum
684 1996 876 2036 deft‘edatum,
895 1996 950 2026 nisi
965 2006 1039 2037 aqua

221 2038 324 2078 multa,
335 2042 365 2069 et
374 2038 478 2069 crebro
499 2039 624 2080 pedibus
640 2040 781 2070 calcatum
799 2049 858 2070 non
871 2045 1011 2080 purgatur
1028 2053 1034 2071 :

221 2082 264 2114 sic
278 2087 308 2114 et
322 2082 429 2113 animae
454 2083 543 2113 vestis
558 2093 592 2114 ex
609 2084 680 2117 luto.
712 2089 743 2116 et
771 2085 955 2124 sterquilinio
972 2095 1038 2124 pec-

220 2127 361 2157 catricum
378 2127 566 2158 aﬂ'ectionum
596 2131 724 2168 turpata,
755 2128 811 2159 nisi
842 2138 895 2169 per
909 2129 1037 2160 ubertim

1084 888 1162 926 alit;
1191 898 1265 929 quos
1293 893 1429 930 tempore
1457 891 1630 929 congruenti
1658 901 1712 922 ceu
1728 888 1907 924 frumentum

1085 933 1177 962 multo
1190 942 1257 963 cum
1269 933 1381 964 foenore
1395 934 1431 964 ad
1446 943 1478 965 se
1496 934 1527 964 in
1540 935 1628 965 vitam
1647 935 1857 974 immortalem,
1875 947 1909 968 ac

1085 978 1295 1017 sempiternam
1312 979 1386 1009 citra
1400 979 1489 1009 ullam
1519 979 1757 1020 absumptionem
1772 981 1909 1013 nutrien-

1085 1021 1152 1051 dam
1167 1022 1263 1053 offert.
1291 1021 1364 1053 Cum
1386 1022 1539 1063 hucusque
1567 1024 1664 1054 studio
1693 1033 1754 1055 suae
1769 1026 1910 1065 praeclare

1084 1067 1261 1104 pervenerit,
1289 1066 1349 1097 Deo
1374 1066 1538 1105 familiaris,
1556 1072 1585 1098 et
1599 1067 1780 1099 domicilium
1797 1070 1910 1101 habita-

1084 1109 1243 1150 culumque
1260 1118 1457 1142 sacrosanctae
1473 1111 1626 1143 Trinitatis
1648 1113 1754 1150 evadit,
1771 1123 1846 1153 pure
1863 1116 1907 1145 in-

1084 1157 1171 1184 tuens
1185 1154 1278 1185 Deum
1293 1154 1502 1186 fabricatorem
1517 1164 1615 1194 suum,
1634 1160 1663 1187 et
1677 1166 1745 1187 cum
1761 1157 1825 1197 ipso
1841 1168 1908 1189 ver-

1085 1207 1152 1228 sans
1168 1199 1311 1238 quotidie,
1329 1209 1346 1230 e
1360 1209 1495 1240 corpore,
1526 1204 1554 1231 et
1583 1201 1705 1238 mundo,
1723 1206 1751 1233 et
1766 1211 1835 1234 aere
1851 1204 1907 1235 isto

1086 1242 1205 1282 excidit,
1223 1247 1253 1273 et
1268 1243 1436 1282 virtutibus,
1452 1249 1540 1284 atque
1568 1245 1622 1275 alis
1647 1245 1797 1277 charitatis
1812 1257 1829 1278 a
1844 1247 1906 1279 Deo

1086 1287 1196 1317 elevata
1203 1287 1240 1332 ‘in
1255 1288 1361 1318 oculum
1377 1290 1553 1328 ascendens,
1583 1299 1651 1320 cum
1667 1290 1805 1322 omnibus
1817 1293 1907 1332 justis

1084 1339 1102 1360 a
1116 1330 1266 1362 laboribus
1282 1332 1343 1362 suis
1367 1333 1538 1373 requiescit,
1569 1337 1597 1364 et
1625 1338 1669 1364 est
1692 1335 1724 1365 in
1738 1330 1855 1367 infinito
1871 1346 1906 1368 ac

1085 1374 1185 1405 divino
1200 1376 1324 1414 lumine,
1350 1376 1402 1407 ubi
1430 1377 1629 1417 apostolorum
1659 1379 1778 1418 Christi,
1798 1385 1906 1421 marty-

1084 1427 1162 1457 rum,
1187 1423 1355 1450 sanctorum
1367 1425 1395 1451 et
1405 1421 1538 1452 omnium
1553 1430 1750 1462 supernarum
1764 1424 1906 1456 virtutum

1085 1463 1205 1494 ordines
1221 1473 1280 1495 una
1310 1465 1408 1496 choris
1436 1465 1603 1505 indulgent.
1631 1466 1716 1498 Hunc
1729 1468 1829 1508 itaque
1845 1473 1906 1500 sta-

1087 1511 1160 1545 tum,
1174 1508 1280 1539 fratres
1303 1509 1334 1539 in
1363 1509 1493 1547 Ghristo,
1524 1520 1578 1541 nos
1592 1520 1710 1552 quoque
1724 1513 1907 1553 complecta-

1085 1561 1153 1582 mur
1163 1562 1201 1583 ne
1212 1552 1322 1583 sanctis
1333 1553 1470 1585 Patribus
1482 1555 1590 1585 nostris
1612 1555 1770 1587 inferiores
1785 1557 1881 1589 simus
1897 1568 1903 1588 :
1944 1560 1945 1563 “

1084 1596 1137 1627 sed
1153 1601 1184 1627 ut
1198 1606 1252 1637 per
1267 1598 1507 1629 exercitationem
1529 1608 1631 1631 rerum
1653 1600 1858 1641 honestarum,
1878 1607 1907 1634 et

1085 1650 1140 1680 per
1153 1641 1353 1673 obedientiam
1379 1642 1487 1674 Christi
1516 1644 1734 1682 mandatorum,
1763 1645 1794 1676 in
1809 1646 1905 1677 virum

1085 1685 1245 1724 perfectum
1259 1686 1430 1727 evadamus,
1445 1688 1475 1718 in
1486 1697 1655 1719 mensuram
1668 1690 1760 1720 aetatis
1771 1690 1904 1730 plenitu-

1084 1729 1163 1759 dinis
1178 1730 1286 1760 Christi
1300 1731 1326 1760 3.
1342 1730 1422 1761 Nihil
1437 1732 1516 1762 enim
1534 1732 1685 1772 prohibet,
1714 1734 1740 1764 si
1763 1729 1904 1767 velimus.

1084 1772 1133 1803 Sic
1142 1773 1272 1804 etDeum
1292 1775 1378 1805 nobis
1394 1775 1467 1815 ipsis
1487 1776 1729 1816 glorificabimus,
1747 1782 1776 1808 et
1788 1778 1869 1810 Deus
1886 1789 1902 1810 a

1083 1817 1169 1848 nobis
1195 1817 1293 1849 laetitia
1304 1818 1463 1859 afﬁcietur,
1477 1824 1506 1850 et
1516 1826 1550 1850 ex
1562 1821 1619 1851 hac
1629 1821 1686 1851 vita
1702 1821 1904 1862 demigrantes

1082 1870 1150 1892 eum
1160 1862 1357 1901 inveniemus,
1369 1866 1419 1904 qui
1431 1873 1484 1894 nos
1494 1868 1526 1894 ut
1536 1874 1658 1904 magnus
1679 1865 1805 1897 Abrahae
1819 1867 1904 1898 sinus
1941 1867 1942 1870 “

1083 1905 1112 1936 in
1139 1915 1230 1951 regno
1247 1907 1389 1938 ctelorum
1414 1908 1553 1949 excipiat,
1583 1913 1612 1939 et
1628 1909 1736 1941 foveat.
1753 1911 1790 1941 Et
1806 1912 1859 1951 qui
1873 1912 1904 1942 in

1082 1950 1181 1981 medio
1198 1951 1336 1989 tumultu,
1350 1956 1379 1982 et
1389 1953 1526 1993 strepitu,
1545 1957 1575 1983 et
1588 1955 1637 1993 qui
1656 1954 1688 1984 in
1702 1950 1859 1993 coenobiis,
1877 1960 1905 1986 et

1082 1994 1132 2034 qui
1146 1994 1177 2024 in
1194 1995 1355 2033 montibus,
1372 2005 1406 2026 ac
1435 1996 1586 2037 speluncis
1600 2004 1680 2038 sunt,
1699 1999 1904 2040 mandatisque

1079 2038 1188 2069 Christi
1203 2039 1414 2071 convenienter
1427 2041 1538 2079 vivunt,
1566 2041 1727 2083 salvantur,
1743 2047 1773 2073 et
1787 2038 1903 2083 magnis

1078 2082 1161 2113 aDeo
1172 2083 1259 2114 donis
1269 2083 1435 2123 dignantur:
1448 2082 1902 2119 Voluntatemenimtimentium

1078 2135 1110 2158 se
1117 2127 1225 2173 faciet,
1242 2131 1285 2173 et,
1301 2129 1542 2173 deprecationem
1568 2138 1673 2161 eorum
1702 2132 1855 2173 ecaudiet,
1873 2137 1901 2164 et

218 2171 344 2202 ﬂuentes
359 2171 517 2211 lacrymas,
534 2173 799 2213 tentationumque,
830 2178 858 2205 et
875 2171 1207 2216 tribulatio-Dsalvabit
1220 2172 1299 2203 e054.
1315 2172 1372 2203 Ubi
1383 2174 1481 2210 timor,
1491 2173 1531 2204 ait
1543 2173 1659 2205 divinus
1669 2171 1900 2216 Gregorius,'ibi

220 2223 292 2245 num
306 2215 491 2246 tolerantiam
517 2225 534 2246 a
558 2217 695 2247 sordibus
717 2227 776 2248 non
805 2218 945 2249 abluitur.
963 2219 1036 2249 Nam

220 2267 287 2289 cum
303 2268 319 2289 a
335 2259 469 2299 corporis
483 2260 576 2291 nostri
600 2260 763 2292 substantia
786 2262 958 2293 naturaliter
972 2265 1037 2293 duae

218 2303 362 2334 ﬂuxiones
381 2303 531 2344 exsistant,
546 2314 605 2335 una
620 2306 755 2345 superior
769 2306 973 2346 lacrymarum,
990 2307 1035 2337 al-

219 2350 281 2378 tera
295 2347 430 2388 inferior,
447 2357 464 2378 a
485 2348 621 2379 facultate
634 2349 753 2389 genitali
771 2360 777 2380 :
795 2355 824 2381 et
838 2351 901 2381 haec
915 2350 1035 2390 quidem

216 2391 241 2421 si
257 2395 360 2423 contra
374 2401 462 2432 quam
478 2397 595 2434 natura,
613 2398 642 2424 et
669 2394 784 2433 legibus
798 2394 962 2425 institutum
980 2400 1034 2432 est,

216 2435 277 2473 fiat,
292 2436 421 2466 animam
438 2437 619 2469 contaminet
634 2447 645 2475 ;
673 2437 724 2468 illa
749 2438 774 2469 si
802 2447 837 2469 ex
853 2439 1035 2478 paenitudine

215 2479 367 2519 procedat,
384 2481 519 2511 eamdem
538 2486 653 2522 purget,
671 2491 721 2513 eos
744 2483 795 2522 qui
812 2483 989 2523 turbulenta,
1007 2488 1036 2514 et

213 2532 280 2554 cum
297 2527 418 2568 peccato
434 2525 593 2565 conjuncta
609 2526 708 2557 cordis
723 2527 867 2565 motione,
884 2527 1033 2568 cupidita-

215 2570 279 2612 tum
287 2577 303 2597 a
315 2567 429 2598 ratione
438 2569 601 2600 alienarum
610 2570 721 2601 formas
732 2571 789 2601 sibi
801 2567 1031 2612 insculpSerunt,

214 2615 243 2641 et
271 2611 312 2642 ita
340 2612 468 2643 animam
498 2613 701 2653 inquinarunt,
728 2615 865 2655 plurimis
893 2611 1034 2655 lacrymis

214 2655 363 2693 mundari,
372 2656 560 2698 tunicamque
568 2658 676 2689 animm
684 2660 872 2699 purissimam
880 2660 1034 2700 acquirere

213 2703 338 2739 oportet.
359 2701 476 2742 Alioqui
484 2702 589 2734 videre
602 2703 707 2739 Deum,
720 2703 817 2744 ipsum
829 2704 941 2743 lumen,
955 2705 1033 2745 quod

1078 2215 1285 2259 mandatorum
1293 2216 1443 2254 custodia;
1458 2216 1509 2247 ubi
1519 2218 1739 2256 mandatorum,
1751 2215 1898 2259 custodia,
1943 2231 1944 2234 ‘

1077 2257 1117 2289 ibi
1129 2259 1211 2290 canis
1220 2260 1367 2299 purgatio;
1380 2270 1485 2301 nempe
1495 2261 1582 2293 nubis
1597 2262 1820 2294 obteuebrantis
1831 2257 1898 2296 ani;

1078 2312 1170 2340 mam,
1186 2312 1242 2334 nec
1256 2304 1380 2334 sinentis
1396 2305 1527 2336 divinum
1543 2306 1658 2337 radium
1674 2307 1756 2338 clare
1769 2308 1898 2341 intueri.
1943 2328 1944 2341 ς

1077 2348 1134 2378 Ubi
1150 2348 1297 2387 purgatio,
1314 2348 1356 2379 ibi
1385 2349 1574 2382 illuminatio.
1604 2351 1783 2383 llluminatio
1799 2357 1898 2385 autem
1943 2347 1944 2353 ‘

1077 2391 1220 2423 desiderii
1231 2393 1362 2433 impletio
1376 2393 1433 2434 his,
1445 2395 1495 2434 qui
1509 2396 1645 2433 maxima,
1661 2400 1711 2427 aut
1722 2397 1896 2436 maximum,

1077 2440 1133 2481 aut
1142 2437 1297 2477 plusquam
1313 2447 1453 2477 maguum
1468 2443 1619 2480 appetunt.
1634 2441 1737 2481 Itaque
1752 2451 1818 2472 cum
1834 2443 1897 2473 haec

1077 2480 1161 2519 dixit,
1175 2481 1264 2512 finem
1276 2491 1335 2512 non
1345 2482 1433 2514 finem
1455 2494 1522 2515 esse
1539 2484 1636 2515 omnis
1656 2480 1763 2516 animae
1781 2485 1896 2517 illumi-

1077 2525 1228 2571 nationem
1236 2527 1362 2571 Spiritus
1374 2527 1559 2567 significavit,
1572 2538 1661 2569 quam
1673 2529 1799 2570 adeptus
1815 2532 1894 2571 quis,

1075 2570 1165 2600 finem
1181 2570 1312 2609 quidem,
1331 2575 1359 2602 et
1375 2577 1537 2604 extremum
1559 2574 1745 2604 sensibilium
1762 2570 1894 2607 omnium
1945 2606 1946 2611 η

1075 2615 1312 2661 comprehendit,
1326 2616 1507 2661 principium
1523 2623 1621 2649 autem
1637 2619 1816 2658 cognitionis
1830 2621 1894 2661 spi-

1075 2658 1224 2689 ritualium
1235 2659 1356 2691 invenit.
1367 2661 1566 2697 Quamobrem
1577 2662 1619 2693 uti
1638 2672 1758 2694 cursum
1774 2658 1895 2696 manda-

1075 2708 1171 2735 torum
1187 2703 1296 2735 Christi
1308 2705 1456 2745 patienter
1471 2707 1634 2739 laborando
1647 2708 1772 2740 curratis
1786 2717 1850 2747 oro,
1867 2713 1896 2740 et

252 2786 263 2807 ¹
279 2786 345 2818 Act.
361 2795 392 2826 v,
408 2788 422 2818 1
439 2797 523 2829 seqq.
566 2788 580 2810 ²
592 2789 695 2823 Matth.
711 2799 742 2830 v,
758 2790 788 2822 8.
829 2791 845 2816 3
859 2790 970 2831 Ephes.
984 2800 1025 2832 IV,
1040 2791 1092 2824 13.
1134 2792 1149 2816 ι
1162 2790 1239 2823 Psal.
1256 2800 1351 2833 cxuv,
1368 2794 1415 2826 19.
