1978 3078
64 166 124 198 461

63 277 116 307 bet
128 276 290 317 patienter,
304 280 534 315 constanterque
557 277 685 317 pulsanti
699 282 798 317 portas
814 278 899 316 regni

63 321 113 351 sui
130 321 239 361 aperit,
253 321 342 352 etdat
354 321 466 361 petenti
480 321 622 361 Spiritum
639 325 765 359 rectum,
784 325 812 352 et
826 330 897 353 san-

63 365 247 399 ctissimum,
263 375 318 396 nec
330 365 393 396 ﬁeri
405 369 510 405 potest,
535 370 566 396 ut
579 369 638 397 tota
650 367 749 397 anima
763 375 898 406 qumrens

69 419 133 440 non
149 410 290 450 inveniat,
309 414 338 440 et
366 410 491 440 ditescat
518 409 628 440 divitiis
643 411 789 441 donorum
807 410 870 450 ejus
888 421 894 441 :

62 455 110 485 sic
121 459 154 484 et
166 454 258 484 nosin
273 453 359 484 bonis
374 454 437 493 ejus
453 453 665 490 ineffabilibus,
683 463 760 485 nunc
776 453 895 493 quidem

63 508 101 529 ex
109 502 207 538 parte,
221 507 287 529 cum
295 498 532 537 inintelligentia,
542 498 743 537 etcognitione
751 502 896 537 praestan-

65 542 180 572 tiorum
196 551 203 580 ;
220 543 250 573 in
266 543 365 574 futuro
380 547 481 572 autetn
509 542 622 574 szeculo
637 542 768 582 perfecte
783 546 812 572 et
826 552 894 572 con-

64 591 215 618 summate
231 596 299 618 cum
327 586 438 618 sanctis
468 586 608 617 omnibus
635 586 759 617 delicias
779 591 894 617 nostras

64 631 245 663 habeamus.
262 631 383 662 Eterna
397 630 507 671 quippe
523 630 600 661 bona
616 640 632 661 a
656 631 718 661 Deo
735 631 849 667 electis,
866 634 895 660 et

64 676 221 706 salvandis
236 675 341 715 partim
353 675 415 714 jam
432 683 510 705 nunc
540 674 663 714 pignora
687 675 804 712 dantur,
821 674 892 714 ipsis

65 719 230 760 proposita,
247 719 391 759 revelata,
422 719 608 759 apparentia,
640 723 669 749 et
696 719 768 756 visa,
787 718 890 759 partim

65 768 135 804 post
152 767 288 800 mortem,
306 767 334 794 et
349 763 600 794 resurrectionem
616 763 802 802 contingunt.

766 165 908 198 ORATIO
929 165 1070 199 XXVIII.

64 232 163 263 facies
178 236 283 264 vestra!
297 241 356 263 non
381 231 621 264 confundantur:
646 231 699 264 sed
719 232 796 263 sicut
811 231 1111 263 cuilI-Ainvocabant
1140 241 1187 262 me
1220 241 1349 273 semper.

1702 173 1760 208 462

1395 233 1492 274 Mane,
1533 235 1627 276 inquit
1654 237 1756 278 David,

940 277 1070 308 Emaudt
1084 286 1130 307 me
1144 277 1182 307 ίο.
1199 277 1290 308 Mane
1305 279 1407 309 astabo
1434 279 1489 310 tibi
1510 284 1537 311 et
1551 282 1656 314 videbo
1670 284 1707 313 η.
1725 285 1760 315 Et

939 322 1027 352 alius.
1040 321 1121 352 Tunc
1127 323 1355 361 erumpetquast'
1363 332 1450 354 mmte
1459 324 1561 356 lumen
1570 330 1666 364 tuum,
1676 334 1704 359 et
1712 339 1759 361 sa-

939 368 1019 397 nitas
1034 371 1085 397 tua
1102 367 1191 397 citius
1207 367 1368 404 orietur”,
1399 369 1516 407 quando
1533 374 1560 400 et
1577 375 1606 401 tu
1622 373 1758 406 videlicet

940 411 1076 442 mandata
1092 420 1156 441 mea
1172 410 1377 442 custodiveris.
1395 412 1429 442 Et
1444 413 1513 452 quid
1539 415 1642 447 attinet
1658 419 1756 450 omnia

938 463 1126 494 percensere,
1144 465 1208 495 quae
1235 455 1312 486 Deus
1341 456 1441 486 salutis
1471 462 1577 490 nostra
1602 462 1706 493 sitiens
1720 464 1756 494 ad

938 499 1137 545 nos‘loquitur
1151 499 1238 545 ‘tqnisi
1253 500 1386 536 omnino,
1404 505 1435 530 ut
1457 511 1507 540 per
1528 504 1627 534 omnia
1643 515 1755 545 cogno-

937 543 1024 590 scatis
1050 543 1246 590 et‘credatis,
1271 544 1415 590 sedentes
1442 545 1470 575 in
1503 547 1632 578 tenebris
1658 543 1755 590 magni

935 588 1224 634 luminis__fulgorem
1243 588 1355 634 _vider_e
1375 593 1523 628 oportere,
1555 591 1579 621 si
1595 588 1754 634 quidquam

936 632 1046 679 vident.
1063 632 1099 662 Et
1114 642 1150 662 ne
1166 632 1215 672 qui
1233 632 1270 662 de
1291 632 1374 662 vobis
1399 634 1538 672 cogitent,
1555 632 1755 679 fulsisse—qui-

933 675 1012 721 dem,
1024 676 1073 706 sed
1086 676 1135 716 qui
1147 676 1280 721 adhuc‘in
1290 685 1414 715 corpore
1424 681 1492 706 sunt
1504 678 1649 717 homines,
1658 675 1754 721 ipsum

933 720 1033 751 videre
1049 730 1106 750 non
1123 730 1219 760 posse.
1237 719 1268 751 Si
1285 721 1363 750 enim
1390 721 1446 751 hoc
1472 722 1536 752 fieri
1554 733 1611 754 non
1627 719 1753 767 poterat,

933 765 1003 804 quid
1019 765 1105 800 luxit,
1122 769 1150 795 et
1166 764 1246 795 lucid
1270 765 1378 802 adltuc,
1405 775 1471 795 cum
1503 766 1538 796 ab
1556 768 1599 798 eis
1615 778 1674 800 non
1687 764 1755 802 cer;

107 807 221 855 Discite
235 808 333 848 igitur,
351 807 452 838 dilecti
476 807 601 855 fratres,_
621 808 791 838 thesaurum
807 807 891 838 inex—
932 813 1018 840 natur
1034 809 1048 838 ἱ)
1075 809 1137 839 Imo
1166 818 1236 839 vero
1252 809 1351 840 lumen
1367 819 1486 849 semper
1501 816 1574 849 erat,
1593 817 1621 843 et
1635 823 1755 855 semper

66 852 251 893 plicabilem,
267 861 357 892 super
371 861 490 882 omnem
506 851 703 892 principatum
721 856 750 882 et
765 856 889 892 potesta-
929 855 1015 890 luxit,
1034 857 1062 883 et
1080 853 1156 883 lucet
1173 853 1203 883 in
1230 853 1275 883 his
1300 854 1349 893 qui
1380 855 1492 893 purgati
1521 861 1599 893 sunt,
1618 862 1646 888 et
1662 859 1691 889 in
1702 851 1754 892 te-

68 901 143 933 tem,
162 897 248 936 cujus
276 896 476 927 haereditatem
503 896 578 936 justi
606 895 712 926 adituri
735 900 814 933 sunt,
830 906 889 927 non
906 915 925 940 Β
937 897 1038 928 nebris
1049 896 1218 936 apparebat,
1232 897 1400 928 ettenebra:
1411 898 1439 928 id
1458 903 1756 940 noncomprehende-

70 943 101 972 in
117 942 218 972 futuro
234 941 341 972 saeculo
367 941 517 976 duntaxat,
534 940 586 970 sed
599 940 660 980 jam
677 940 893 980 quodammodo

67 990 140 1017 ante
155 986 270 1023 oculos,
298 991 326 1016 et
342 994 457 1021 manus,
477 989 505 1015 et
520 984 612 1025 pedes
627 989 742 1015 nostros
758 985 894 1025 proposi-

68 1035 131 1061 tum
144 1039 229 1069 esse;
245 1039 333 1071 quem
345 1039 399 1060 nos
410 1029 516 1060 animae
527 1029 631 1059 oculos
643 1038 703 1069 prm
719 1029 894 1067 ignorantia,

69 1075 259 1112 inﬁdelitate,
276 1084 366 1105 sensu
381 1073 650 1114 perturbationum,
669 1074 753 1113 quasi
768 1074 895 1114 quadam

69 1121 199 1161 caligine
214 1121 314 1157 oﬂ'usi,
331 1125 360 1151 et
378 1119 490 1155 caecati,
507 1129 566 1150 non
591 1119 728 1150 videmus
745 1129 751 1150 :
779 1120 896 1158 Venite,

68 1166 185 1196 credite
214 1166 386 1195 thesaurum
416 1165 517 1204 istum,
546 1173 633 1204 quem
659 1164 741 1195 vobis
757 1165 897 1205 praadico,

68 1211 174 1240 lumen
189 1209 292 1240 mundi
304 1218 369 1240 esse
385 1209 469 1248 :Ego
483 1217 550 1239 sum
567 1210 747 1240 resurrectio
758 1213 787 1240 et
801 1210 897 1240 υἰιαῦ.

69 1255 131 1295 Ego
149 1265 213 1286 sum
225 1263 358 1296 granum
371 1256 486 1294 sinapis
496 1254 522 1290 6,
539 1253 616 1295 quod
635 1255 664 1284 in
679 1258 757 1285 terra
772 1254 894 1286 abscon-

70 1300 163 1332 ditur.
179 1300 239 1339 Εεο
250 1309 314 1330 sum
330 1299 501 1338 margarita
513 1299 539 1339 7,
557 1308 621 1339 quae
637 1308 652 1329 a
668 1299 806 1330 ﬁdelibus
821 1300 896 1330 emi-

70 1349 132 1375 tur.
149 1344 210 1383 Ego
223 1353 288 1374 sum
304 1352 434 1382 regnum
449 1343 590 1374 calorum
598 1343 625 1379 8,
657 1343 735 1383 quod
754 1343 831 1374 intra
845 1353 895 1376 vos

69 1389 152 1421 latet.
169 1389 205 1419 Et
230 1388 480 1429 quemadmodum
508 1396 616 1418 ceruor
642 1387 678 1418 ab
706 1387 753 1418 his
782 1389 832 1428 qui
847 1397 896 1420 me

69 1444 150 1465 nunc
179 1433 368 1474 quaesierunt,
399 1436 429 1463 et
457 1431 649 1462 invenirunt'
689 1431 732 1462 sic
759 1432 889 1473 fulgebo,

69 1479 141 1517 illis,
169 1483 199 1510 et
223 1487 313 1518 super
341 1485 445 1508 omnes
473 1477 564 1507 ctelos
591 1476 736 1508 residens.
753 1477 813 1516 Ego
840 1478 890 1518 qui

938 941 1007 972 bant
1020 942 1059 973 π).
1076 943 1112 973 Et
1127 951 1205 973 nunc
1231 942 1318 977 lucet,
1347 946 1375 972 et
1406 943 1535 974 teneht‘aa
1551 945 1580 974 id
1597 956 1655 978 non
1671 957 1754 980 com-

938 986 1139 1032 prehendunt,
1155 986 1216 1016 sive
1232 996 1290 1032 non
1308 991 1438 1032 tangunt.
1458 987 1539 1022 Quod
1557 994 1654 1021 autem
1671 993 1753 1032 dixit,

939 1030 1007 1076 quia
1018 1034 1112 1076 ortum
1125 1033 1170 1076 est
1178 1030 1285 1076 populo
1297 1030 1415 1076 sedenti
1425 1036 1453 1060 tn
1470 1032 1600 1076 tenebris
1611 1035 1649 1072 14,
1660 1036 1688 1066 id
1699 1030 1753 1076 est,

939 1074 1025 1104 modo
1043 1073 1188 1114 placuisse
1205 1074 1329 1104 revelari
1344 1074 1380 1104 iis
1409 1074 1437 1104 in
1463 1075 1570 1114 quibus
1585 1082 1613 1107 et
1627 1073 1755 1111 manile;

940 1122 1059 1149 stratur.
1072 1118 1128 1148 Alii
1141 1118 1220 1148 enim
1232 1118 1262 1148 in
1283 1118 1413 1148 tenebris
1429 1124 1589 1158 versantes,
1607 1122 1679 1153 illud
1696 1134 1755 1156 non

941 1162 1207 1202 comprehendunt.
1239 1162 1376 1193 Invisibis
1405 1163 1495 1200 enim,
1538 1169 1606 1196 tunc
1636 1168 1756 1207 quidem

941 1215 993 1246 per
1008 1216 1113 1246 corpus
1124 1207 1202 1238 visus
1214 1211 1259 1237 est
1269 1207 1417 1244 omnibus,
1430 1208 1480 1247 qui
1495 1216 1672 1248 aspexerunt
1688 1222 1755 1244 eum

937 1251 1126 1282 credentibus
1144 1256 1171 1282 et
1186 1261 1243 1282 non
1259 1252 1459 1284 credentibus.
1476 1252 1569 1283 Etiam
1597 1255 1756 1288 divinitatis

936 1295 1000 1334 ejus
1016 1296 1114 1326 lumen
1131 1297 1282 1335 cognitum
1313 1301 1341 1326 et
1369 1297 1527 1327 revelatum
1554 1303 1598 1328 est
1613 1300 1684 1330 solis
1699 1302 1757 1332 illis

939 1349 990 1384 per
1004 1349 1094 1380 opera
1109 1340 1255 1377 ﬁdelibus,
1272 1340 1322 1380 qui
1339 1345 1366 1370 ct
1381 1341 1519 1372 dicebant
1535 1343 1561 1373 ei
1575 1355 1581 1372 :
1598 1345 1674 1376 Ecce
1688 1355 1753 1384 nos,

936 1383 1075 1421 Domine,
1093 1385 1271 1425 reliquimus
1289 1387 1402 1422 omnia,
1415 1388 1544 1417 etsuculi
1557 1397 1660 1419 munus
1675 1395 1701 1420 te
1715 1391 1753 1422 15.

935 1427 1016 1474 Quod
1033 1428 1084 1466 ait,
1097 1430 1212 1467 omnia,
1232 1438 1266 1459 ea
1282 1438 1359 1474 vocer
1370 1431 1521 1469 pecunias,
1540 1434 1754 1474 possessiones,

932 1473 1106 1514 voluntates,
1123 1477 1323 1513 contemptum
1354 1473 1439 1513 hujus
1454 1475 1518 1514 vjtze
1545 1481 1573 1506 et
1599 1477 1754 1510 abomina-

70 1524 161 1555 etiam
178 1523 228 1554 hic
243 1517 348 1554 natura
373 1531 389 1553 ει
417 1521 499 1552 vobis
529 1531 586 1552 ιιοη
617 1521 728 1562 capior,
745 1526 773 1553 et
789 1517 894 1553 ίηνίέί,
905 1532 924 1557 ο
939 1517 1047 1548 tionem
1065 1518 1142 1557 ejus,
1154 1521 1275 1558 propter
1290 1523 1406 1557 gustum
1422 1519 1614 1551 subsistensis
1629 1522 1658 1552 in
1670 1523 1756 1555 nobis

69 1568 139 1599 bilis
164 1567 276 1605 videor,
308 1576 369 1597 non
392 1570 520 1607 quantus
549 1575 613 1596 sum
645 1575 692 1596 me
721 1567 894 1607 ostendens,

69 1621 237 1654 quanquam
251 1615 328 1642 totus
341 1620 445 1641 maneo
460 1610 510 1650 qui
526 1620 603 1647 sum,
617 1610 686 1642 dum
705 1610 824 1649 videor;
843 1614 894 1644 sed

70 1660 215 1698 quantum
230 1665 278 1687 me
305 1655 467 1686 videntium
493 1659 608 1695 natura,
642 1658 671 1685 et
697 1655 789 1686 virtus
804 1657 892 1697 capit.

70 1703 132 1741 Ego
163 1710 228 1731 sum
254 1701 434 1740 fermentum
460 1699 488 1736 9,
518 1698 597 1738 quod
626 1703 780 1739 acceptum
797 1701 895 1732 anima

71 1746 152 1777 misit
167 1745 198 1776 in
227 1748 288 1775 tres
317 1747 415 1784 partes
444 1753 526 1779 suos,
555 1746 583 1773 et
609 1743 804 1774 fermentatur
818 1745 893 1785 ipsa,

70 1795 100 1822 et
117 1794 175 1821 tota
190 1789 264 1820 mihi
279 1788 385 1819 similis
401 1788 540 1819 efﬁcitur.
557 1787 651 1823 Quale
667 1787 746 1817 enim
765 1788 895 1820 fermen-

70 1839 143 1872 tum,
163 1833 231 1864 talis
246 1833 278 1863 ﬁt
293 1833 380 1863 etiam
412 1832 518 1867 farina,
547 1840 611 1871 qua:
640 1831 709 1862 huic
724 1841 791 1861 cum
807 1842 892 1873 aqua,

70 1884 100 1910 et
114 1879 175 1910 sale
191 1878 343 1908 miscetur.
375 1876 431 1912 Qui
456 1876 548 1912 enim,
579 1875 686 1915 inquit,
703 1885 821 1906 mecum
839 1882 893 1914 est,

75 1922 276 1954 connaturalis
291 1920 378 1952 Pater
392 1929 487 1958 meus,
505 1924 533 1949 et
558 1919 623 1958 ejus
640 1918 780 1959 Spiritus,
794 1920 895 1952 idonei

72 1971 176 1999 natura
205 1969 285 2003 sunt,
316 1969 349 1996 ut
377 1974 430 2005 pro
468 1973 554 2004 aqua,
588 1967 617 1993 et
644 1963 706 1994 sale
735 1964 806 1996 sint.
834 1962 895 2004 Ego

72 2021 124 2053 pro
140 2010 274 2042 sensibili
304 2009 502 2049 intelligibilis
530 2008 685 2049 paradisus
713 2009 806 2039 servis
820 2010 909 2041 meiS'

68 2057 163 2088 factus
178 2065 256 2092 sum,
282 2055 312 2085 in
342 2064 399 2095 quo
431 2053 542 2085 colloco
571 2061 675 2083 omnes
689 2053 846 2085 credentes
860 2054 892 2085 in

71 2109 133 2141 me,
148 2103 178 2131 et
192 2103 384 2139 regeneratos
396 2107 451 2139 per
462 2097 623 2137 Spiritum:
638 2096 687 2137 qui
700 2106 824 2137 peccare
834 2107 895 2128 am-

71 2144 149 2184 plius
164 2152 224 2174 non
248 2146 396 2184 possunt;
423 2151 480 2173 nec
508 2141 648 2182 princeps
671 2140 760 2181 hujus
790 2142 891 2172 mundi

72 2187 231 2228 quidquam
247 2187 402 2218 adversum
430 2186 498 2217 illos
521 2186 607 2216 valet.
638 2186 704 2225 Ego
732 2185 812 2216 enim
827 2195 891 2216 sum

70 2232 101 2263 in
116 2232 186 2270 illis,
204 2235 233 2263 et
249 2231 307 2272 ipsi
322 2232 352 2262 in
369 2240 428 2268 me,
460 2234 489 2261 et
514 2229 636 2260 vincunt
649 2229 808 2267 mundum,
825 2230 894 2270 quia

71 2280 152 2308 extra
167 2275 310 2306 mundum
324 2279 403 2314 sunt,
426 2283 534 2315 meque
545 2273 740 2304 fortissimum
756 2274 890 2304 omnium

71 2330 173 2351 secum
189 2320 310 2351 habent.
335 2319 397 2358 Ego
411 2329 477 2350 sum
494 2319 558 2350 fons
574 2318 692 2349 lucidus
712 2318 892 2349 immortalis

72 2365 173 2397 ﬂuenti
188 2374 223 2395 ac
237 2364 329 2401 ﬂuvii,
357 2364 388 2395 in
413 2373 470 2405 quo
501 2373 561 2394 non
589 2367 653 2404 post
682 2366 819 2398 mortem,
839 2363 892 2394 sed

71 2410 101 2441 in
117 2410 215 2449 horas,
234 2409 285 2449 qui
302 2418 350 2440 me
378 2413 440 2439 toto
466 2411 587 2448 pectore
616 2407 755 2446 diligunt,
769 2416 843 2446 aqua
858 2415 892 2437 ex

72 2463 119 2484 me
132 2453 281 2484 deﬂuente
295 2453 441 2491 lavantur,
473 2461 640 2492 corpusque
663 2455 692 2482 et
713 2450 841 2481 animam
857 2450 893 2482 ab

72 2507 106 2529 ea
121 2497 186 2528 labe
215 2503 350 2538 purgant,
380 2502 409 2528 et
439 2497 491 2527 toti
521 2497 614 2527 instar
645 2495 800 2535 lampadis,
818 2495 893 2526 etin

73 2541 201 2583 speciem
211 2542 304 2573 radiis
318 2541 388 2572 solis
399 2541 520 2572 micant.
534 2540 596 2579 Ego
608 2549 672 2570 sum
683 2539 734 2579 qui
745 2538 774 2569 in
791 2539 890 2578 horas,

72 2591 105 2618 ut
119 2596 218 2625 mane,
234 2586 265 2617 in
280 2586 326 2617 his
341 2586 471 2624 exorior,
501 2589 532 2616 et
558 2584 660 2615 videor
675 2583 718 2614 sol
735 2592 788 2624 per
802 2583 892 2614 intel-

73 2631 180 2662 lectum
195 2642 203 2668 ;
223 2631 299 2662 sicut
313 2631 384 2662 olim
401 2639 517 2671 quoque
545 2629 575 2660 in
595 2627 748 2669 prophetis
764 2628 890 2660 manife-

75 2675 184 2707 stabam
201 2676 361 2716 meipsum,
379 2675 496 2715 ipsique
522 2674 659 2705 videntes
673 2671 845 2713 laudabant,
863 2677 893 2704 et

111 2762 128 2788 5
140 2762 226 2792 Joan.
243 2768 284 2799 ιι,
301 2760 353 2792 25.
393 2759 410 2784 6
425 2759 526 2791 Matth.
542 2765 626 2799 XXIII,
643 2756 694 2789 31.
737 2755 840 2799 'thid.

74 2801 98 2824 “
113 2801 187 2833 lbid.
204 2801 234 2833 5.
276 2795 304 2822 λε
317 2799 375 2832 Isa.
391 2807 473 2840 Lyut,
488 2799 518 2830 8.
561 2798 591 2823 4'5
602 2798 686 2830 Joan.
703 2805 725 2837 ι,
741 2798 771 2827 5.
815 2795 846 2822 44
860 2808 891 2840 ιςλ

937 2806 973 2837 rx,
992 2797 1022 2829 2.

892 2783 899 2791 .
941 2759 957 2784 8
970 2758 1042 2788 Luc.
1058 2764 1130 2792 xvn,
1142 2756 1192 2787 20.

939 1566 967 1593 et
980 1565 1100 1594 aeterna:
1128 1563 1206 1593 illius
1232 1562 1296 1592 vita:
1325 1564 1495 1602 complexus
1523 1569 1578 1595 est.
1595 1567 1658 1597 Hoc
1674 1569 1753 1600 enim

937 1607 1023 1652 plane
1032 1607 1147 1652 dulcius
1158 1610 1211 1652 est,
1225 1611 1252 1636 et
1263 1608 1503 1646 anteponendum
1515 1609 1663 1648 omnibus,
1677 1613 1755 1652 quod

937 1655 979 1682 est
996 1651 1059 1691 ipse
1074 1651 1151 1682 Deus
1179 1650 1258 1688 Haec,
1289 1652 1394 1681 fratres
1420 1653 1489 1689 mei,
1505 1658 1573 1684 sunt
1590 1655 1642 1686 Dei
1656 1650 1754 1688 admi-

936 1696 1051 1727 rahila.
1068 1695 1262 1726 Misereamur
1277 1695 1374 1735 itaque
1390 1696 1482 1727 nostri
1498 1697 1630 1737 ipsorum
1643 1710 1754 1740 quaeso,

937 1745 964 1769 et
977 1739 1062 1779 hujus
1078 1740 1143 1770 vitae
1155 1740 1312 1780 participes
1333 1740 1395 1770 ﬁeri
1416 1741 1614 1783 elaboremus,
1629 1739 1695 1784 quae
1710 1751 1755 1777 est

936 1783 1036 1814 lumen
1053 1784 1115 1821 Dei,
1133 1785 1196 1824 ipse
1223 1784 1351 1824 Spiritus
1378 1789 1507 1825 sanctus,
1533 1787 1578 1817 sui
1595 1783 1755 1829 participes

936 1829 1132 1863 sanctiﬁcans,
1151 1833 1178 1859 et
1193 1829 1267 1859 deos
1278 1838 1330 1868 per
1341 1829 1528 1868 adoptionem
1541 1831 1664 1864 facens.
1682 1836 1753 1866 Cre-

936 1872 1040 1903 damus
1056 1877 1114 1904 toto
1143 1873 1242 1904 animo
1271 1873 1301 1903 in
1329 1873 1434 1913 Deum,
1465 1879 1584 1913 terram,
1611 1882 1639 1907 et
1654 1879 1754 1910 omnia

937 1917 1144 1956 praetereuntia
1159 1917 1373 1957 relinquamus,
1387 1918 1423 1948 ad
1433 1918 1517 1949 illum
1528 1921 1714 1960 accedamus,
1725 1923 1754 1954 ei

935 1960 1150 1998 adhzereamus,
1160 1961 1298 2001 quoniam
1312 1961 1408 1991 adhuc
1419 1962 1580 2000 modicutn,
1599 1970 1627 1995 et
1641 1967 1752 1997 coelum

936 2014 969 2035 ac
985 2009 1064 2036 terra
1080 2005 1258 2045 transibunt,
1275 2009 1304 2034 et
1321 2009 1401 2035 extra
1415 2006 1497 2036 illum
1516 2016 1574 2038 non
1590 2013 1635 2039 est
1646 2014 1750 2048 status,

936 2059 990 2081 nec
1007 2051 1162 2088 terminus,
1178 2059 1242 2095 neci
1250 2051 1465 2095 comprehendi
1481 2056 1587 2091 potest,
1606 2063 1664 2093 quo
1681 2064 1752 2095 pec-

934 2099 1048 2126 catores
1063 2095 1213 2126 decidant.
1230 2094 1308 2125 Deus
1323 2094 1401 2124 enitn
1417 2095 1481 2134 capi
1498 2105 1555 2126 non
1572 2094 1751 2136 poteshaec

934 2139 1082 2170 intellectu
1099 2138 1319 2179 comprehendi.
1338 2138 1409 2174 Quis
1432 2139 1520 2178 igitur
1535 2140 1616 2172 locus
1631 2147 1686 2179 est,
1703 2143 1752 2174 die

934 2185 1018 2221 mihi,
1034 2193 1124 2223 regno
1137 2183 1201 2223 ejus
1217 2183 1427 2214 excidentium.

973 2229 1068 2269 Cogor
1083 2228 1248 2265 lamentari,
1266 2232 1296 2258 et
1310 2237 1362 2258 cor
1374 2237 1473 2260 meum
1491 2229 1624 2266 comedo,
1641 2234 1671 2261 et
1686 2240 1750 2262 ma-

935 2283 1030 2311 ceror,
1049 2283 1115 2304 cum
1132 2273 1226 2312 cogito
1256 2273 1415 2303 Dominum
1445 2277 1502 2304 tam
1534 2274 1706 2305 muniﬁcum
1723 2280 1753 2306 et

934 2319 1106 2358 humanum,
1121 2321 1154 2348 ut
1171 2322 1290 2357 propter
1300 2317 1392 2348 solam
1404 2317 1433 2348 in
1446 2327 1477 2348 se
1490 2318 1577 2348 tidem
1589 2319 1655 2349 talia
1667 2320 1752 2351 nobis

934 2362 1086 2401 largiatur,
1104 2371 1170 2402 quae
1186 2367 1329 2397 mentem,
1342 2361 1486 2399 auditum,
1500 2365 1528 2392 et
1542 2362 1751 2401 cogitationem

934 2410 1085 2446 superant,
1098 2405 1189 2436 necin
1200 2414 1251 2435 cor
1261 2405 1390 2435 hominis
1402 2405 1601 2436 ascenderunt
1610 2415 1753 2446 unquam;

934 2460 985 2481 eos
997 2454 1093 2481 autem
1107 2450 1185 2481 velut
1196 2449 1307 2480 bestias
1318 2449 1457 2488 praeferre
1479 2453 1586 2480 terram
1603 2450 1708 2487 solam,
1725 2454 1754 2481 et

935 2499 1064 2532 terrena,
1081 2494 1168 2525 nobis
1178 2503 1232 2534 per
1248 2493 1368 2524 multam
1380 2493 1617 2525 misericordiam
1628 2495 1664 2525 ad
1676 2495 1756 2526 sufﬁ-

934 2539 1062 2571 cientem
1079 2539 1211 2579 corporis
1227 2548 1311 2569 usum
1336 2538 1497 2578 impertita,
1528 2542 1560 2569 ut
1574 2548 1609 2569 ex
1625 2539 1671 2570 his
1686 2548 1754 2570 mo-

934 2584 1035 2616 derate
1052 2588 1082 2614 et
1097 2593 1149 2623 pro
1178 2582 1313 2622 portione
1343 2582 1467 2620 alamur,
1499 2587 1527 2613 et
1542 2583 1641 2614 anima
1656 2587 1755 2614 nostra

932 2629 1006 2660 citra
1020 2627 1266 2668 impedimentum
1293 2626 1330 2656 ad
1353 2635 1480 2666 superna
1511 2627 1676 2666 gradiatur,
1693 2627 1756 2665 ipsa

932 2681 1049 2714 quoque
1063 2671 1256 2703 intellectuali
1274 2674 1357 2711 pastu
1372 2680 1407 2702 ex
1437 2670 1558 2711 Spiritu,
1571 2671 1655 2711 juxta
1670 2679 1755 2701 men-

1235 2755 1251 2780 9
1264 2754 1364 2787 Matth.
1376 2763 1441 2794 xm,
1453 2754 1502 2787 33.
1544 2754 1574 2780 ίο
1583 2754 1660 2785 Psal.
1674 2761 1703 2784 v.
1720 2754 1751 2785 4.

1065 2797 1095 2822 1⁵
1108 2796 1211 2827 Matth.
1227 2804 1286 2826 XIX.
1304 2795 1353 2826 ‘27.
