1978 3078
209 192 270 224 463

852 189 1043 220 SYMEONIS
1063 189 1250 221 JUNIORIS.

1832 187 1893 221 464

210 267 309 289 suram
327 256 510 298 purgationis
539 261 569 286 et
596 265 737 286 ascensus
764 255 809 286 sui
836 254 955 285 nutrita.
973 253 1175 298 HocAnoctis
1198 252 1355 298 caliginem
1384 252 1523 284 exoriens
1551 252 1595 298 sol
1625 252 1766 298 dispellit.
1794 253 1830 284 Et
1846 253 1906 284 erit

209 303 289 334 enim
305 306 350 333 est
365 302 466 338 homo,
483 304 511 331 et
527 301 583 331 hoc
599 301 658 330 ﬁne
673 300 796 337 conditi,
815 304 844 330 et
859 298 896 329 ob
912 299 989 329 istud
1006 298 1036 328 in

209 346 354 377 mundum
371 347 516 385 procreati
541 354 657 384 sumus,
689 349 720 375 ut
747 344 796 374 hic
822 343 922 384 paucis
937 341 1037 373 affecti

210 390 378 427 beneficiis,
397 398 450 429 per
465 389 627 428 gratiarum
643 388 803 425 actionem,
823 391 852 418 et
869 387 949 427 pium
967 395 1036 424 erga

210 434 303 467 Deum
320 434 470 470 affectum,
499 433 671 473 majoribus,
703 437 732 463 et
758 432 880 463 aeternis
895 431 955 462 illic
971 439 1034 470 per-

210 479 355 510 fruamur.
373 478 411 509 At
425 477 523 519 enim,
536 477 610 517 prob
641 477 746 506 dolor?
771 476 846 506 nihil
863 484 984 515 prorsus
999 475 1036 504 de

209 524 317 555 futuris
329 523 458 559 solliciti.
476 522 584 562 ingrati
607 523 694 553 etiam
725 522 762 551 de
779 521 825 551 his
841 529 952 557 sumus,
972 528 1036 559 quae

210 568 242 598 in
258 567 395 598 manibus
410 567 565 602 habemus,
583 570 611 596 et
643 567 795 595 dwmones
810 564 974 600 imitamur,
991 562 1036 593 vel

211 610 386 642 daenouibus
403 611 504 646 etiam,
522 610 546 639 si
563 618 632 639 vera
663 608 791 639 dicenda
806 613 886 644 sunt,
904 606 1036 637 deterio-

210 664 259 686 res
275 664 389 686 sumus.
405 654 500 694 Atque
515 653 628 684 idcirco
658 657 687 683 et
716 652 846 683 atrocius
860 651 1036 691 supplicium

211 699 300 730 nobis
313 698 449 736 debetur,
463 702 574 738 quanto
584 695 874 737 etpraastantioribus
884 694 1038 726 beneﬁciis

212 743 353 774 cumulati
367 752 479 779 sumus,
512 747 541 773 et
566 743 659 773 Deum
692 745 812 781 propter
841 749 895 770 nos
910 739 1037 770 similem

211 788 317 827 nostri,
335 787 398 818 solo
409 791 528 827 peccato
541 790 676 826 excepto,
695 786 802 816 factum
817 784 1034 824 cognoscimus,

213 836 245 863 ut
260 841 314 863 nos
329 832 365 862 ab
381 841 484 862 errore
513 836 542 862 et
571 835 692 870 peccato
722 829 875 860 liberaret.
894 828 951 860 Sed
967 828 1038 868 quid

213 876 251 907 de
266 876 313 907 his
327 876 476 915 sigillatim
493 875 581 906 verba
596 876 692 905 facere
714 883 789 913 opus
809 872 875 904 est?
890 872 1037 910 Profecto,

213 920 303 951 verbo
320 924 432 950 tantum
448 920 614 956 credentes,
633 918 702 950 facti
731 926 884 957 negamus,
902 921 935 947 ut
950 916 1038 947 etiam

1079 297 1196 337 proprie
1212 297 1289 327 Deus
1306 297 1387 327 solus
1416 306 1476 327 non
1504 296 1580 337 potis
1609 297 1676 336 capi
1689 297 1768 327 inter
1782 307 1818 329 ea
1834 307 1903 338 quae

1079 351 1138 372 non
1159 341 1327 381 capiuntur,
1356 345 1385 371 et
1413 341 1443 371 in
1473 341 1828 381 incomprehensibilibus
1859 342 1904 372 in-

1078 386 1357 426 comprehensibilis
1375 385 1446 416 solis
1458 386 1555 425 dignis
1570 395 1726 426 apparens,
1744 396 1797 427 pro
1814 395 1905 417 men-

1078 439 1147 460 sura
1161 430 1230 460 fidei
1244 430 1274 460 in
1302 429 1412 469 ipsum.
1437 429 1612 461 Peccatores
1637 440 1705 461 vero
1722 435 1808 462 erunt
1823 436 1858 462 ut
1873 431 1905 461 in

1077 474 1189 504 lumine
1204 474 1299 513 operti
1327 483 1361 504 ac
1392 474 1562 505 circumfusi
1592 474 1734 512 tenebris,
1751 475 1782 506 in
1797 475 1905 515 gaudio

1078 517 1299 555 erubescentes,
1317 522 1346 549 et
1362 518 1391 548 in
1409 517 1509 548 laetitia
1523 518 1580 558 ipsi
1594 518 1792 557 tabescentes,
1809 523 1839 550 et
1853 528 1905 549 ar-

1079 563 1185 593 denter
1197 562 1392 599 horribiliter,
1410 562 1571 593 etdiversis
1582 571 1701 593 suarum
1713 564 1904 594 aﬂ‘ectionum

1078 607 1238 646 generibus
1253 606 1375 638 cruciati
1390 616 1396 637 :
1411 608 1486 637 sicut
1502 606 1616 637 scilicet
1631 612 1660 638 et
1671 607 1744 646 justi
1760 608 1906 638 alumine

1079 651 1254 688 collustrati,
1265 655 1292 681 et
1299 650 1424 682 diversis
1431 650 1588 681 virtutibus
1597 651 1693 682 ornati
1704 652 1902 692 apparebunt.

1080 696 1154 726 Nam
1168 695 1257 734 Deus,
1279 695 1329 735 qui
1344 695 1507 726 secundum
1524 699 1658 726 naturam
1674 705 1756 727 suam
1773 697 1904 727 Charitas

1081 744 1137 777 est,
1155 743 1184 770 et
1198 743 1329 776 vocatur,
1345 748 1400 770 nec
1429 740 1583 770 damnatos
1608 740 1681 777 odit,
1698 740 1780 770 omni
1795 741 1903 771 aﬂ'eclu

1080 784 1252 815 naturaliter
1265 783 1357 821 liber,
1374 793 1430 814 nec
1450 793 1466 814 a
1482 784 1628 814 damnatis
1639 784 1709 824 jure
1724 785 1791 815 odio
1807 785 1902 816 habe-

1081 833 1127 858 tur
1145 837 1151 859 :
1171 828 1223 859 sed
1240 827 1414 868 quibuscum
1431 832 1531 858 nostra
1544 828 1692 859 voluntate
1708 834 1739 860 et
1754 829 1904 860 sententia

1079 872 1110 902 in
1135 873 1191 903 hoc
1213 872 1319 903 smoulo
1347 881 1504 911 pravorum
1533 872 1699 903 studiorum
1727 873 1916 909 societatem

1080 916 1233 955 elegimus,
1251 926 1317 946 cum
1343 917 1389 947 his
1419 920 1449 946 ut
1477 917 1596 956 merito,
1628 921 1657 947 et
1686 918 1856 948 necessario
1873 917 1904 948 in

213 964 318 995 beatus
341 964 450 995 Paulus
478 964 684 995 infidelitatem
716 962 943 1002 reprehendens
970 961 1012 991 ait
1029 957 1177 992 :Bfuturo
1194 961 1314 998 saaculo,
1331 961 1463 1001 quamvis
1478 961 1614 991 nolentes
1638 961 1743 1000 simus,
1761 962 1905 993 condem-

214 1009 405 1048 Conﬁtentur
420 1017 451 1039 se
474 1009 565 1039 Deum
577 1016 677 1044 nosse,
690 1007 782 1046 factis
796 1010 897 1037 autem
912 1008 1038 1045 negant,

213 1053 394 1090 abominati,
405 1055 434 1083 et
444 1052 645 1090 incredibiles,
655 1056 684 1082 et
696 1051 735 1081 ad
747 1059 834 1081 omne
844 1058 916 1090 opus
930 1049 1040 1080 bonum

213 1096 376 1136 reprobi”.
388 1098 434 1128 An
444 1105 502 1126 non
516 1096 626 1136 ubique
636 1095 747 1127 Christi
759 1104 868 1125 nomen
879 1092 1040 1134 personat?

211 1143 243 1174 in
258 1140 395 1178 urbibus,
412 1140 444 1170 in
470 1140 556 1180 vicis,
586 1140 617 1170 in
647 1138 802 1176 cmnobiis,
829 1138 859 1168 in
876 1137 1038 1168 montibus.

212 1184 328 1222 Quaere,
343 1184 368 1215 si
380 1185 488 1224 placet,
503 1188 531 1214 et
543 1188 678 1215 scrutare
691 1183 861 1222 diligenter,
873 1191 909 1212 an
922 1186 1042 1213 servent

212 1229 351 1259 mandata
366 1229 441 1268 ejus,
459 1233 487 1258 et
503 1229 549 1258 vix
578 1227 711 1258 invenies
736 1236 827 1257 unum
855 1236 870 1257 e
896 1226 1039 1266 millibus,

212 1272 442 1303 utdilectusille
455 1272 619 1312 discipulus
642 1271 772 1303 Joannes
792 1271 850 1301 ait:
870 1271 974 1302 Omnis
987 1271 1040 1309 qui

210 1321 327 1357 peccat,
336 1325 398 1348 non
405 1316 483 1348 vidit
494 1317 589 1347 Deum
596 1341 603 1353 ,
613 1325 707 1355 neque
714 1315 913 1346 noviteum”.
930 1314 965 1345 Et
979 1315 1035 1345 ite-

212 1370 278 1392 rum
294 1370 300 1392 :
318 1362 422 1392 Omnis
432 1362 485 1400 qui
495 1361 570 1399 facit
581 1364 743 1399 peccatum,
757 1368 794 1391 ea:
802 1359 922 1390 diabolo
937 1362 981 1390 est
996 1359 1033 1390 ‘8.

212 1404 272 1436 Ubi
286 1405 388 1444 igitur,
406 1405 486 1435 bona
501 1414 567 1444 quae
581 1409 650 1434 sunt
663 1405 693 1434 in
710 1403 846 1434 manibus
860 1404 968 1434 nostris
985 1413 1033 1433 rc~

215 1449 398 1489 linquentes,
424 1448 565 1479 inanibus
589 1454 699 1485 autem,
731 1451 760 1478 et
786 1448 871 1478 ﬂuxis
900 1447 994 1478 dediti
1008 1451 1037 1478 et

212 1493 308 1534 afﬁxi,
323 1502 405 1533 spem
421 1492 566 1524 habemus
580 1496 594 1523 ?

253 1536 289 1568 Ut
305 1545 391 1577 porro
414 1537 451 1568 ad
477 1536 609 1576 singulos
624 1536 745 1567 vanitati
773 1535 959 1567 adhaerentes
974 1545 1037 1567 ser-

1080 1005 1218 1036 nabimur
1242 1005 1358 1035 Etenim
1371 1009 1457 1045 prout
1470 1005 1594 1045 quisque
1605 1006 1739 1046 affectus,
1752 1015 1786 1037 ac
1797 1006 1904 1046 dispo-

1081 1050 1153 1080 situs
1165 1054 1220 1087 est,
1234 1051 1314 1081 Deus
1323 1049 1424 1080 unitus
1436 1048 1586 1086 omnibus,
1600 1051 1630 1080 in
1651 1050 1709 1081 fine
1724 1051 1903 1082 saeculorum

1081 1093 1157 1124 sicut
1172 1093 1250 1124 novit
1265 1094 1340 1132 ipse,
1359 1102 1479 1124 sensum
1495 1093 1603 1134 cuique
1620 1094 1742 1134 praebet,
1754 1096 1904 1135 quomodo

1082 1138 1118 1168 ab
1132 1138 1196 1178 ipso
1211 1138 1354 1169 formatus
1381 1138 1429 1169 sit.
1460 1138 1563 1177 Dignis
1590 1138 1679 1177 igitur
1706 1148 1760 1179 per
1776 1140 1902 1178 gratiam

1083 1182 1184 1213 unitus
1199 1192 1287 1222 supra
1316 1187 1462 1220 naturam,
1489 1183 1598 1219 divina,
1630 1187 1659 1214 et
1682 1192 1801 1214 omnem
1819 1184 1906 1224 cogi-

1082 1227 1221 1257 tationem
1237 1236 1382 1266 superans
1397 1227 1531 1268 voluptas
1547 1236 1612 1258 esse
1627 1228 1791 1260 consuevit.
1817 1228 1905 1260 Indi-

1080 1271 1145 1310 gnis
1153 1275 1250 1302 autem
1263 1277 1370 1311 prmter
1381 1272 1503 1311 gratiam
1515 1271 1628 1312 unitus,
1642 1275 1750 1312 praeter
1765 1277 1902 1304 naturam

1077 1316 1240 1346 secundum
1258 1316 1451 1355 privationem
1467 1316 1555 1356 hujus
1569 1317 1669 1357 gratiae
1692 1317 1902 1357 constitutum,

1077 1359 1296 1390 etineﬂ‘abilem
1318 1359 1451 1390 dolorem
1467 1360 1565 1390 facere
1583 1360 1669 1398 solet,
1685 1365 1717 1391 ut
1733 1365 1761 1391 et
1777 1370 1904 1401 magnus

1077 1403 1235 1442 Gregorius
1243 1403 1409 1443 Theologus
1417 1404 1472 1436 ait:
1483 1403 1506 1435 Ο
1518 1404 1660 1441 Trinitas,
1670 1414 1733 1445 qua;
1739 1406 1903 1446 aliquando

1077 1447 1225 1488 omnibus,
1235 1448 1301 1480 aliis
1316 1448 1523 1486 illustratione,
1538 1449 1605 1479 aliis
1619 1449 1771 1481 vocatione
1783 1451 1906 1489 cognita

1077 1491 1168 1522 fuisti.
1196 1491 1245 1523 Sic
1260 1493 1348 1531 igitur
1361 1492 1558 1533 corporaliter
1573 1492 1604 1523 in
1621 1493 1782 1534 Scripturis
1795 1495 1906 1526 divini-

1079 1541 1124 1567 tus
1139 1535 1290 1576 inspiratis
1305 1537 1367 1568 hac
1394 1537 1490 1577 posita
1517 1537 1633 1575 inveni,
1665 1543 1695 1569 et
1706 1539 1906 1578 spiritualiter

212 1590 332 1612 monem
347 1587 530 1621 convertam,
548 1590 613 1621 age,
631 1590 689 1620 quo
706 1584 789 1620 pacto
803 1580 889 1618 dicis,
902 1580 965 1611 haec
976 1589 1038 1611 om-
1049 1594 1068 1619 ο
1081 1580 1202 1612 edoctus
1217 1591 1282 1612 sum
1295 1591 1313 1613 a
1329 1581 1452 1622 Spiritu,
1470 1586 1499 1613 et
1514 1582 1550 1612 ad
1577 1592 1629 1613 vos
1646 1582 1732 1622 plene
1747 1583 1904 1615 instruen—

211 1625 262 1656 nia
276 1625 356 1665 novi,
376 1629 406 1656 et
422 1634 470 1655 me
496 1625 661 1662 mortalem,
690 1629 719 1654 et
743 1624 877 1655 umbram
895 1633 959 1655 esse
974 1633 1040 1665 quae

211 1669 361 1706 videntur,
378 1673 407 1700 et
425 1673 549 1700 mortem
566 1668 768 1709 improvisam,
791 1673 820 1699 et
834 1668 957 1708 gloriam
970 1670 1037 1709 jus-

212 1718 310 1745 torum
321 1718 474 1754 aeternam,
487 1714 728 1745 etconfusionem
741 1718 928 1754 peccatorum
937 1723 1039 1744 carere

211 1758 282 1795 ﬁne,
299 1762 328 1789 et
342 1758 462 1789 interim
489 1758 525 1788 ab
553 1758 744 1798 improbitate
771 1767 830 1788 non
846 1758 965 1788 desistis
980 1759 991 1788 Υ
1007 1758 1037 1789 Si

212 1801 296 1832 enim
314 1802 406 1840 vides,
423 1803 571 1842 quomodo
602 1807 740 1842 tanquam
759 1811 854 1833 cmcus
871 1802 1035 1840 offendens,

211 1849 304 1877 totum
317 1855 436 1886 corpus,
450 1850 599 1886 totamque
610 1849 738 1877 animam
751 1846 921 1885 denigratus
933 1848 982 1877 es?
1005 1846 1036 1877 Si

210 1890 288 1920 nosti
301 1891 434 1927 meliora,
445 1891 593 1930 quomodo
605 1891 690 1930 quasi
698 1899 803 1930 expers
813 1899 928 1926 sensus,
947 1891 1035 1922 dete-

211 1934 291 1964 riora
305 1935 440 1974 sequeris
455 1934 470 1964 ‘?
499 1934 528 1965 Si
542 1935 620 1965 nosti
635 1934 735 1965 omnia
760 1943 827 1965 esse
842 1934 988 1971 umbram,
1004 1938 1033 1965 et

211 1978 313 2008 omnia
341 1978 494 2018 praeterire
525 1987 591 2018 quae
614 1978 762 2013 videntur,
793 1988 850 2008 non
880 1979 1032 2009 erubescis

211 2030 277 2052 cum
293 2022 399 2053 umbra
423 2021 587 2060 colludere,
618 2027 647 2053 et
675 2022 795 2053 fluentia
822 2031 874 2062 pro
891 2023 1031 2054 thesauro

211 2066 380 2105 colligere?
407 2076 466 2097 non
496 2067 623 2098 advertis
654 2071 693 2104 te,
721 2071 752 2098 ut
770 2076 907 2107 puerum,
926 2067 957 2097 in
982 2077 1031 2098 vas

211 2110 393 2141 confractum
403 2111 526 2142 haurire
538 2112 544 2141 !
564 2115 593 2142 et
605 2115 632 2142 te
644 2115 729 2151 putas
740 2111 794 2141 tibi
807 2111 1030 2142 amicissimum.

210 2153 429 2186 Perabsurdum
445 2165 516 2186 sane
531 2161 561 2186 et
588 2164 677 2194 grave
705 2159 761 2192 est,
794 2160 909 2195 putare,
927 2160 955 2186 et
970 2156 1034 2187 exi-

1080 1625 1134 1655 dos
1147 1634 1182 1657 ex
1199 1626 1291 1657 multa
1312 1626 1466 1662 charitate,
1494 1626 1567 1657 nihil
1598 1626 1777 1659 subtrahens
1792 1629 1904 1669 scripsi

1081 1669 1158 1700 dicta
1174 1671 1298 1708 mihi,et
1309 1671 1470 1712 declarata,
1486 1675 1515 1702 et
1526 1672 1611 1711 jussa
1626 1681 1643 1702 a
1659 1672 1785 1703 Domino
1797 1679 1902 1704 nostro

1078 1714 1149 1745 Jesu
1165 1715 1292 1753 Christo,
1320 1725 1374 1756 per
1402 1716 1587 1747 adorandum
1619 1720 1647 1746 et
1675 1721 1809 1748 sanctum
1835 1718 1903 1757 ejus

1080 1759 1233 1800 Spiritum,
1250 1761 1287 1791 de
1302 1760 1480 1791 sublimibus
1508 1759 1607 1796 donis,
1624 1767 1652 1791 et
1667 1761 1904 1793 charismatibus

1079 1803 1164 1834 simul
1200 1804 1338 1845 principii
1366 1805 1495 1845 expertis
1534 1804 1599 1842 Dei,
1634 1808 1663 1836 et
1692 1805 1784 1845 patris
1821 1807 1902 1846 ejus.

1078 1846 1208 1882 Quorum
1220 1854 1252 1878 ut
1262 1849 1321 1879 sint
1329 1849 1499 1889 participes,
1508 1849 1630 1889 quieum
1640 1849 1741 1880 labore
1748 1856 1901 1890 quaerunt,

1076 1890 1112 1921 iis
1127 1900 1244 1932 semper
1271 1893 1418 1924 concediit
1439 1902 1491 1932 per
1505 1893 1607 1930 fidem,
1623 1894 1688 1933 ipse
1703 1894 1792 1924 etiam
1819 1905 1904 1928 nunc

1075 1935 1181 1976 bonus,
1197 1941 1226 1967 et
1240 1936 1411 1968 benefactor
1439 1941 1540 1968 noster
1563 1938 1653 1968 Deus.
1669 1937 1759 1977 Ecce,
1776 1949 1901 1972 annun-

1074 1981 1141 2011 tiavi
1164 1981 1249 2012 vobis
1277 1981 1390 2021 omnia,
1422 1985 1452 2012 et
1480 1981 1620 2012 talentum
1650 1991 1709 2012 non
1737 1983 1900 2023 abscondi,

1072 2023 1281 2065 Unusquisque
1295 2025 1386 2065 igitur
1399 2029 1530 2056 vestrum
1556 2025 1593 2056 de
1618 2029 1724 2056 caetero
1739 2028 1819 2068 quod
1837 2031 1902 2061 vult

1073 2068 1182 2108 eliget:
1215 2079 1268 2108 ego
1292 2069 1372 2100 enim
1401 2069 1479 2109 quod
1505 2069 1542 2100 ad
1571 2079 1622 2100 vos
1637 2071 1752 2109 attinet,
1769 2072 1901 2105 crimine

1075 2121 1156 2153 vaco,
1173 2114 1203 2143 in
1220 2113 1335 2144 Christo
1357 2115 1426 2145 Jesu
1454 2115 1580 2145 Domino
1610 2119 1723 2153 nostro,
1741 2116 1790 2146 cui
1805 2117 1902 2156 gloria

1075 2161 1104 2187 et
1114 2157 1270 2196 imperium
1281 2167 1347 2188 cum
1359 2159 1446 2189 Patre
1457 2158 1596 2199 principii
1615 2164 1737 2199 experte
1751 2164 1781 2191 et
1795 2166 1900 2194 sancto

211 2197 359 2236 stimare;
389 2208 454 2229 nam
485 2208 538 2239 per
567 2199 629 2230 haec
659 2208 724 2230 esse
752 2199 894 2230 aufertur.
925 2199 1186 2241 Homo,DSpiritu
1201 2201 1231 2231 in
1246 2201 1362 2233 saecula.
1379 2197 1486 2234 Amen.

210 2241 324 2273 credin'
341 2241 490 2274 Christum
507 2252 572 2274 esse
587 2243 706 2274 Deum?
732 2242 763 2274 Si
778 2244 888 2280 credis,
906 2244 990 2284 time,
1006 2248 1034 2274 et

211 2285 349 2316 mandata
372 2287 436 2326 ejus
464 2295 560 2318 serva.
590 2286 621 2318 Si
651 2296 710 2318 non
739 2288 848 2325 credis,
879 2292 907 2318 at
930 2288 1032 2318 saltem

211 2329 362 2361 daemones
376 2330 469 2371 ipsos,
486 2341 560 2372 quos
574 2331 696 2362 forsitan
726 2331 784 2362 fide
799 2332 953 2371 digniores
969 2333 1032 2363 exi-

211 2374 325 2412 stimas,
337 2375 496 2414 interroga.
510 2375 597 2406 Disce
608 2376 645 2406 ab
668 2375 717 2413 iis,
733 2385 749 2406 a
767 2376 876 2416 quibus
891 2376 921 2406 in
937 2377 1031 2406 servi-

212 2421 306 2449 tutem
322 2419 460 2450 redactus
490 2429 534 2457 es,
564 2424 595 2451 et
623 2429 696 2459 quos
725 2419 873 2460 sequeris,
891 2420 1032 2460 quoniam

211 2471 271 2492 non
296 2467 340 2493 est
367 2463 443 2494 alius
456 2463 535 2494 Deus
551 2467 657 2502 praeter
671 2463 766 2501 illum,
784 2463 831 2494 cui
848 2464 945 2495 nullus
960 2464 1034 2494 assi-

212 2506 342 2545 milatur,
372 2516 428 2538 nec
458 2507 624 2547 comparari
652 2511 763 2547 potest,
793 2508 924 2538 omnium
953 2509 1032 2539 enim

211 2551 356 2582 Dominus
373 2552 434 2591 ipse
452 2556 508 2590 est,
538 2552 671 2583 omnium
702 2561 764 2588 rex,
795 2552 930 2583 conditor
945 2552 1030 2590 lucis,

211 2599 242 2625 et
255 2594 321 2625 vitae
336 2595 456 2626 arbiter.
483 2597 549 2636 Ipse
575 2596 677 2626 lumen
705 2596 778 2626 illud
805 2596 965 2634 ineffabile,
982 2598 1032 2628 in-

208 2639 395 2677 accessibile,
425 2640 475 2680 qui
516 2640 596 2671 solus
639 2643 693 2671 est.
737 2639 805 2680 Ipse
845 2641 875 2671 in
904 2641 1032 2673 adventu

210 2692 263 2714 suo
294 2683 451 2725 dissipabit
477 2693 493 2715 a
521 2684 596 2715 facie
621 2693 674 2715 sua
712 2684 851 2715 inimicos
878 2694 959 2723 suos,
1001 2690 1031 2717 et

210 2727 262 2767 qui
289 2737 347 2759 non
376 2728 572 2760 obediverunt
599 2727 746 2760 mandatis
774 2730 852 2768 ejus,
881 2730 1029 2769 quomodo

251 2817 282 2842 1⁸
295 2817 353 2850 Tit.
370 2826 391 2857 ι,
410 2818 462 2850 16.
502 2817 657 2852 "110311.
674 2827 716 2858 m,
734 2819 764 2850 6.
807 2819 836 2844 ‘3
849 2819 925 2852 Ibid.
942 2820 972 2852 8.

1347 2249 1489 2281 ORATIO
1511 2249 1620 2282 XXIX.

1383 2304 1593 2328 ARGUMENTUM.

1075 2338 1171 2369 Omnes
1185 2342 1312 2381 homines
1321 2349 1339 2370 α
1354 2342 1464 2381 gluma
1478 2351 1533 2371 non
1543 2343 1723 2381 illuminatos.
1735 2352 1819 2375 amcos
1830 2355 1898 2381 esse,

1110 2383 1156 2404 nec
1166 2384 1249 2414 opera
1259 2378 1325 2414 turis
1338 2377 1439 2413 efﬁcere
1449 2386 1537 2414 posse,
1552 2387 1601 2407 nec
1611 2380 1641 2407 in
1651 2380 1697 2408 via
1707 2383 1779 2409 recte
1787 2377 1901 2412 vivendi

1107 2413 1235 2450 progredi
1255 2413 1344 2446 Quare
1355 2413 1639 2450 circunispiciendum.
1656 2418 1680 2443 et
1695 2415 1898 2447 advertendum

1109 2448 1245 2489 ani-mum,
1259 2456 1299 2489 an_
1305 2456 1369 2489 vero
1379 2448 1515 2489 itivteréin
1524 2451 1620 2489 emtum
1631 2451 1810 2489 ambulemus.
1822 2455 1899 2489 quod

1109 2484 1140 2510 in
1149 2484 1201 2522 Dei
1213 2484 1354 2512 mandatis
1368 2485 1452 2512 situm
1466 2487 1513 2513 est.
1527 2486 1579 2518 Qui
1591 2487 1687 2522 parvis
1698 2488 1817 2522 peccatis
1826 2484 1895 2518 ‘suc-

1109 2519 1252 2559 cumbunt,
1267 2527 1310 2559 eos
1324 2527 1494 2559 magnorum
1505 2519 1600 2559 servos
1606 2521 1676 2559 ﬁeri.
1693 2519 1796 2554 Quibus
1805 2526 1897 2554 actio-

1109 2554 1191 2583 nibus
1203 2555 1237 2582 ab
1252 2554 1393 2590 affectibus
1407 2556 1549 2585 illaudatis
1563 2554 1746 2586 vindicentur.

1113 2595 1366 2641 Quemadmodum
1383 2607 1479 2629 caecus
1502 2599 1686 2640 ingrediens,
1713 2601 1792 2633 velut
1808 2603 1894 2641 nolit,

1073 2640 1198 2678 pedibus
1211 2641 1333 2672 offendit
1349 2652 1357 2680 ;
1383 2642 1427 2673 sic
1441 2643 1530 2674 homo
1546 2643 1639 2675 oculis
1655 2645 1760 2676 animae
1774 2646 1830 2676 sub
1845 2640 1896 2678 in-

1073 2684 1264 2729 telligentiam
1277 2686 1464 2724 cadentibus,
1489 2697 1548 2718 non
1577 2693 1644 2719 ante
1669 2689 1781 2729 apertis
1795 2691 1832 2721 ab
1844 2701 1894 2729 eo,

1070 2728 1122 2768 qui
1136 2733 1168 2760 ut
1181 2739 1327 2762 caecorum
1342 2731 1444 2763 oculos
1454 2731 1593 2772 aperiret,
1606 2728 1770 2766 humanum
1784 2728 1896 2776 corpus
