1978 3078
51 130 114 162 465
761 134 902 165 ORATIO

924 134 1034 165 XXIX.
1682 136 1740 168 466

52 198 229 238 assumpsit,
247 207 307 229 non
323 203 418 239 potest
446 209 503 230 non
532 200 608 230 viam
626 201 714 240 hujus
729 200 796 232 vitae
811 208 877 230 car-
889 203 910 228 Α
922 200 1028 230 tiamus
1043 200 1193 238 omnibus,
1227 205 1259 231 et
1282 201 1317 231 ad
1347 206 1500 240 angustam
1525 205 1615 242 atque
1630 205 1744 233 arctam

53 243 155 282 pemlo
171 243 347 283 delinquere
365 254 371 275 :
404 244 500 275 adhuc
516 245 596 275 enim
616 254 713 276 caecus
728 249 783 279 est.
800 250 829 275 et
843 245 879 275 ad

50 287 84 318 id
101 287 183 327 quod
199 288 318 328 proprie
335 288 442 318 malum
461 293 516 326 est,
532 298 549 320 a
577 289 654 320 bono
672 290 880 320 internoscen-

53 331 128 361 dum
145 341 276 371 superno
292 332 452 372 divinaque
479 333 603 373 lumine,
620 343 693 374 opus
710 333 808 364 habet.
835 333 879 364 Ab

54 376 141 406 omni
156 375 246 415 igitur
274 382 416 417 peccante
447 378 509 408 haec
538 382 662 418 quatuor
677 378 880 418 requiruntur.

54 419 92 450 Ut
106 424 268 459 cognoscat
278 421 356 451 unde
370 421 631 460 priveturlumine,
645 422 766 453 edoctus
779 426 883 462 myste-

53 464 147 502 rium,
165 475 203 495 ne
218 465 257 496 sit
272 465 420 506 stupidus.
438 465 589 497 Confessio
598 471 797 507 peccatorum,
809 467 883 497 utsit

52 518 156 540 verus.
174 510 254 549 Fuga
270 510 462 541 occasionum
479 515 508 541 et
534 520 704 551 causarum,
722 511 828 551 quibus
843 511 880 541 ad

54 553 241 593 peccandum
257 554 433 594 impellitur,
451 564 488 585 ne
503 554 541 585 sit
557 555 663 585 stultus
680 561 709 585 et
723 555 878 595 insipiens.

54 599 223 635 Postremo,
242 602 274 628 ut
289 598 436 629 medicum
454 602 534 638 petat
561 608 578 629 a
604 599 667 629 solo
683 598 799 630 Christo
815 609 880 630 me-

55 641 138 682 dico,
154 641 204 682 qui
221 642 364 673 contritos
379 647 474 680 sanat,
492 647 521 673 et
549 643 637 673 modo
655 643 782 684 quodam
799 643 881 674 inex-

55 685 187 726 plicabili
201 687 398 718 contritiones
413 687 523 727 alligat,
542 687 693 728 dicitque:
720 688 813 719 Fides
828 692 880 718 tua

56 730 213 762 tesalvum
221 731 303 769 fecit,
322 732 396 762 vade
410 733 441 763 in
453 740 529 772 pace
540 732 585 761 t9:
605 731 715 772 alioqui
729 733 807 762 enim
825 733 881 762 vita

53 774 83 805 in
100 784 185 814 pace,
204 775 336 816 citraque
352 776 452 816 lapsus
483 776 550 815 degi
577 786 636 806 non
653 780 760 816 potest.
776 776 816 806 Ex
833 776 879 807 his

54 820 184 861 primum
200 821 273 851 illud
287 821 396 852 bonum
411 827 476 860 est;
493 822 656 853 secundum
674 822 798 860 melius;
817 826 878 853 ter-

921 244 995 275 viam
1012 245 1213 283 procedimus,
1233 250 1261 276 et
1276 255 1292 276 a
1308 246 1429 283 mundo,
1444 246 1663 287 mundanisque
1679 256 1743 278 cor-

922 289 1062 328 poraliter
1077 289 1296 329 quodammodo
1311 295 1511 330 amputamur,
1529 295 1557 321 et
1571 290 1608 321 ab
1623 291 1682 322 alia
1697 301 1744 322 re-

923 333 1020 372 gione,
1040 333 1115 371 luco,
1130 337 1160 363 et
1174 333 1247 367 urbe
1262 334 1298 364 ad
1314 334 1401 364 aliam
1419 334 1642 370 habitationem,
1656 345 1742 365 man-

924 377 1100 417 sionemque
1115 377 1268 412 abeuntes,
1287 378 1322 408 ad
1339 379 1480 416 stadium,
1511 379 1540 409 in
1557 389 1614 419 quo
1630 379 1745 410 virtutis

922 421 1000 461 viget
1015 422 1197 458 exercitatio,
1216 422 1400 462 devenimus,
1419 423 1650 463 perinstilutum
1666 423 1742 462 vitaz,

924 471 952 497 et
967 471 1077 497 sanctae
1090 467 1211 497 vivendi
1227 476 1361 497 normam
1375 477 1427 508 pro
1451 477 1503 498 suo
1519 468 1646 508 quisque
1661 468 1744 498 arbi-

922 510 980 542 trio
996 510 1180 548 incedentes,
1197 515 1246 541 aut
1272 511 1359 541 etiam
1385 512 1598 547 accelerautes,
1616 521 1744 543 curren-

923 558 1026 595 tesque
1055 559 1084 586 et
1110 555 1241 594 vestigiis
1270 555 1387 586 Domini
1416 561 1507 586 nostri
1536 558 1606 587 Jesu
1635 557 1744 588 Christi

923 600 1106 636 insistentes,
1123 603 1155 629 ut
1170 609 1207 629 ne
1219 600 1346 639 amplius
1355 599 1445 630 rebus
1459 600 1601 638 perituris
1616 600 1745 631 delecte-

923 653 999 681 mur,
1018 649 1047 674 et
1062 644 1195 674 voluntas
1212 644 1310 674 carnis
1340 644 1479 675 voluntati
1496 645 1618 684 spiritus
1633 645 1743 676 subda-

923 692 980 720 tur.
998 688 1112 719 Idcirco
1128 698 1144 718 e
1159 688 1270 719 mundo
1286 689 1473 726 secedenles,
1491 690 1588 719 statim
1607 690 1743 720 mandata

921 732 1038 762 Domini
1056 732 1250 772 capessimus,
1268 737 1297 763 et
1313 733 1377 773 ejus
1387 733 1480 773 jussis
1491 733 1745 774 obtemperantes,

920 777 996 807 viam
1013 777 1041 807 in
1059 777 1166 807 caelum
1179 777 1322 807 ferentem
1335 778 1534 817 auspicamur.

960 821 1013 852 Hic
1030 831 1117 862 porro
1134 821 1207 852 mihi
1224 821 1406 862 pensiculate
1417 822 1564 852 dictorum
1572 822 1630 852 vim
1646 822 1743 852 consi-

55 865 130 896 tium
145 866 333 905 praestantius
349 878 357 902 ;
374 870 511 906 quartum
528 867 647 907 proprie
663 866 784 903 bonum,
796 871 878 898 extra
889 863 908 888 Β
920 866 1003 897 dera.
1017 866 1146 896 Informa
1157 865 1256 896 animo
1268 866 1341 896 viam
1351 865 1426 896 bene
1439 866 1549 903 tritam,
1560 866 1743 907 quamlonga

55 909 135 950 quod
150 919 210 940 non
225 910 311 941 datur
325 911 426 951 salus;
454 915 486 942 ut
502 911 567 942 sine
583 911 677 942 tribus
693 911 875 942 anteceden-

55 954 135 985 tibus
165 958 301 994 quartum
343 955 399 986 hoc
442 955 576 986 Christus
618 957 733 996 operari
763 957 875 996 nequit.

55 998 149 1030 Valde
163 999 311 1039 siquidem
327 1009 401 1040 opus
430 1000 529 1037 habet,
560 1005 591 1030 ut
621 1010 673 1031 nos
699 1001 778 1040 ipsos
796 1001 877 1041 prius

55 1052 261 1083 agnoscamus,
293 1053 350 1084 quo
379 1045 485 1081 sanati,
517 1045 623 1075 demus
651 1044 776 1084 gloriam
803 1046 873 1075 Deo.

56 1087 118 1124 Quo
135 1087 214 1118 enim
232 1092 316 1127 pacto
331 1089 478 1129 quispiam
495 1089 602 1129 adepta
620 1089 745 1120 sanitate
762 1089 877 1120 medico

54 1133 160 1171 gratias
176 1137 253 1171 agat,
269 1132 294 1163 si
311 1133 405 1164 morbi
419 1133 666 1173 magnitudinem,
690 1134 874 1175 gravitatem,

56 1181 82 1207 et
97 1186 243 1208 summam
260 1177 324 1217 ejus
339 1178 510 1218 depellendi
525 1178 728 1209 difﬁcultatem
738 1184 807 1209 ante
815 1188 875 1210 non

56 1221 265 1262 perspexerit?
294 1223 432 1260 maxime,
464 1224 487 1253 si
515 1223 540 1253 is
554 1223 589 1253 ab
606 1223 664 1253 alio
684 1224 764 1254 nullo
780 1224 876 1254 medi-

56 1275 156 1297 corum
172 1266 270 1297 curari
296 1271 397 1307 queat.
431 1269 561 1299 Meretur
589 1267 668 1298 enim
698 1268 875 1308 supplicium

56 1310 249 1351 dirissimum,
279 1311 329 1352 qui
359 1316 478 1343 curatus
507 1311 622 1342 medico
651 1321 704 1352 pro
733 1312 875 1352 dignitate

56 1356 162 1395 gratias
178 1365 236 1386 non
252 1358 320 1395 agit.
339 1359 381 1388 Ac
398 1361 553 1396 propterea
581 1366 649 1387 eum
667 1366 682 1387 a
697 1366 754 1397 quo
770 1367 875 1387 sanan-

56 1399 106 1430 dus
123 1403 180 1436 est,
211 1409 298 1431 nosse
328 1401 428 1432 debet.
458 1401 533 1432 Hinc
562 1401 690 1439 visitare,
724 1405 754 1432 et
770 1411 875 1432 sanare

58 1443 241 1475 inﬁrmitates
272 1449 386 1475 nostras
415 1455 494 1484 sape
523 1450 670 1482 moratur,
687 1446 875 1485 quantumvis

56 1488 239 1529 impleretur.
257 1488 352 1520 Parcit
363 1490 442 1520 enim
454 1482 551 1527 nobis,
564 1499 600 1520 ne
611 1482 717 1528 ingrati
729 1490 765 1521 ad
774 1499 875 1530 poenas
884 1482 905 1508 ί)

57 1534 180 1573 majores
193 1533 393 1565 devolvamur.
405 1533 606 1570 Quamobrem
619 1538 763 1574 quotquot
775 1535 872 1565 homi-

58 1578 99 1608 nis
113 1577 256 1607 vocabulo
286 1587 454 1618 censemur,
486 1578 691 1618 dispiciamus,
722 1582 750 1608 et
775 1582 874 1609 atten-

57 1621 156 1653 damus
173 1622 259 1652 nobis
276 1631 398 1653 necesse
414 1627 469 1661 est,
497 1623 601 1654 ﬁdeles
627 1623 712 1662 juxta
726 1627 814 1662 atque
830 1622 876 1653 in-

58 1665 166 1697 ﬁdeles.
186 1666 268 1706 parvi
282 1670 373 1706 atque
399 1667 497 1706 magni
514 1676 521 1698 z
552 1671 585 1698 ut
599 1666 737 1697 inﬁdeles
753 1666 874 1706 quidem

58 1709 89 1740 ad
104 1710 300 1750 cognitionem
333 1715 362 1741 et
391 1712 479 1741 ﬁdem
510 1711 562 1742 Dei
594 1711 756 1741 conditoris
781 1710 875 1742 nostri

61 1755 233 1785 veniamus:
264 1755 378 1792 ﬁdeles,
410 1760 440 1786 ut
467 1756 528 1786 vita
558 1755 605 1796 pie
634 1759 712 1792 acta,
729 1755 826 1785 eidem
844 1754 873 1785 in

58 1799 132 1828 omni
147 1807 238 1838 opere
253 1798 329 1828 bono
360 1799 512 1838 placentes
540 1808 737 1839 appareamus
754 1809 762 1836 ;
779 1799 872 1838 parvi,

59 1846 86 1872 ut
99 1843 211 1882 magnis
226 1847 349 1882 propter
358 1843 516 1874 Dominum
529 1843 740 1882 subjiciamur;
763 1843 872 1882 magni,

59 1891 86 1916 ut
100 1896 168 1926 erga
181 1896 283 1927 parvos
293 1891 430 1928 tanquam
451 1893 590 1928 parentes
610 1897 679 1926 erga
689 1887 799 1918 liberos
807 1888 873 1918 afﬁ-

59 1930 174 1967 ciamur,
207 1936 327 1972 propter
356 1932 525 1963 mandatum
559 1931 689 1966 Domini,
721 1931 870 1962 dicentis:

59 1974 197 2012 Quandiu
217 1977 334 2014 fecistis
355 1977 410 2007 uni
438 1977 567 2007 istorum
583 1985 620 2007 ex
634 1976 770 2006 minimis
785 1977 871 2012 meis,

59 2021 125 2051 mihi
134 2021 251 2060 fecistis
258 2020 300 2052 20.
312 2020 374 2051 Νοι]
387 2021 478 2060 enim,
491 2020 569 2060 quod
577 2020 695 2060 quidam
703 2020 871 2060 opinantur,

61 2063 92 2094 de
118 2064 297 2105 pauperibus
326 2066 541 2101 tantummodo,
572 2070 601 2095 et
628 2065 706 2095 victu
730 2073 874 2103 corporeo

61 2110 205 2147 egentibus
232 2110 287 2140 hoc
303 2110 387 2146 dixit,
406 2110 456 2140 sed
473 2109 510 2140 de
525 2109 665 2140 fratribus
680 2109 749 2139 item
766 2108 906 2148 nostrisn

61 2154 202 2189 omnibus,
221 2154 270 2194 qui
287 2163 345 2184 non
361 2154 438 2184 fame
456 2154 560 2194 pamis,
578 2158 606 2184 et
636 2153 684 2184 siti
710 2162 803 2193 aquae,
822 2153 873 2183 sed

62 2197 202 2235 segnitiei,
219 2201 248 2227 et
264 2197 474 2228 inobedientia}
499 2197 704 2228 mandatorum
730 2197 783 2228 Dei
799 2206 872 2227 con-

63 2241 220 2273 tabescunt.
248 2241 360 2273 Omnes
391 2242 488 2282 itaque
518 2250 684 2280 curramus,
716 2242 872 2281 aniequam

63 2285 137 2317 nobis
153 2295 207 2327 per
221 2289 348 2317 mortem
379 2286 561 2326 poenitentiae
586 2286 679 2326 janua
705 2285 871 2316 claudatur.

63 2328 223 2371 Curramus,
256 2335 288 2361 ut
324 2335 393 2361 ante
432 2331 541 2361 exitum
572 2330 872 2370 comprehendamus.

63 2372 248 2415 Festinemus,
265 2379 296 2405 ut
310 2375 502 2415 accipiamus.
532 2375 699 2412 Pulsemus,
730 2378 761 2405 ut
775 2373 873 2414 prius-

65 2426 140 2457 quam
152 2420 191 2451 de
203 2420 258 2451 hac
271 2420 338 2450 luce
350 2420 522 2459 migremus,
536 2419 664 2460 paradisi
686 2422 797 2459 portam
814 2417 874 2448 Do-

65 2462 150 2494 minus
165 2465 252 2495 nubis
266 2467 391 2501 reseret,
409 2468 438 2494 et
453 2463 586 2503 seipsum
603 2463 783 2494 manifestet.
802 2462 874 2493 Stu-

65 2506 174 2540 deaiuus
189 2518 314 2548 regnum
330 2508 472 2538 cmlorum
489 2508 566 2538 intra
594 2518 648 2538 nos
665 2507 829 2547 acquirere,
847 2511 877 2537 et

65 2549 179 2591 idipsum
197 2562 390 2593 cognoscere,
420 2562 453 2583 ac
480 2552 603 2590 sentire,
633 2556 662 2582 et
690 2561 728 2582 ne
743 2551 808 2582 sine
823 2551 874 2582 illo

68 2594 127 2627 hinc
139 2598 336 2628 discedamus.
352 2597 461 2628 lrcirco
478 2597 557 2627 enim
574 2596 719 2627 etChristi
736 2596 874 2626 mandato

69 2647 113 2676 pro
127 2641 256 2672 subsidio
286 2641 407 2681 utimur,
435 2645 538 2681 utpote
568 2645 688 2681 propter
702 2649 767 2677 nos,
793 2639 876 2670 inﬁr-

69 2683 244 2726 mitatemque
262 2689 393 2716 nostram
419 2684 603 2726 praescripto.
634 2684 748 2716 Idcirco
764 2693 876 2715 renun-

101 2767 125 2792 ‘9
137 2770 204 2802 Luc.
220 2778 272 2808 vu,
289 2770 340 2802 50.
383 2769 411 2795 ⁵ο
424 2770 527 2801 Matth.
545 2778 614 2808 xxv,
631 2769 680 2801 40.

919 915 973 947 est,
987 911 1112 949 pedibus
1123 911 1238 942 Scilicet
1250 920 1351 941 eorum
1366 911 1415 950 qui
1429 911 1742 950 przecesserunt.Hinc

917 955 988 985 inde
1000 960 1127 992 montes,
1143 955 1241 991 silvas,
1253 964 1341 994 rupes
1351 956 1493 993 excelsas,
1506 955 1645 995 scopulos
1656 960 1744 996 atque

919 1000 1009 1030 valles
1020 1001 1159 1039 concipe.
1173 999 1244 1030 Cum
1259 1000 1305 1030 bis
1318 999 1512 1030 nihilominus
1523 1009 1656 1040 campos,
1675 1001 1742 1031 lior-

920 1049 974 1080 tos,
993 1044 1056 1074 loca
1069 1043 1201 1083 jucunda
1216 1047 1244 1073 et
1259 1043 1412 1080 umbrosa,
1437 1043 1582 1083 longeque
1598 1044 1741 1075 amoenis-

919 1088 1004 1124 sima,
1023 1093 1049 1119 et
1067 1087 1235 1126 omnigenis
1253 1087 1400 1118 fructibus
1415 1087 1608 1118 abundantia.
1625 1088 1743 1119 Deinde

918 1142 977 1163 non
984 1133 1167 1163 mediocrem
1174 1132 1335 1162 bestiarum
1345 1131 1741 1168 multitudinem,latronum-

918 1186 987 1217 que,
996 1176 1206 1208 etsicariorum
1220 1176 1324 1214 eiobus
1337 1176 1461 1216 perloca
1472 1176 1522 1206 illa
1534 1176 1739 1214 absconditos,

918 1221 969 1252 His
987 1222 1025 1252 ita
1042 1231 1073 1252 se
1089 1221 1277 1257 habentibus,
1310 1231 1343 1251 ex
1373 1221 1456 1252 hisce
1475 1221 1548 1252 locis
1577 1221 1676 1253 nullus
1692 1226 1742 1252 aut

918 1265 1144 1304 inescabitnos,
1161 1275 1341 1304 sensumque
1368 1270 1500 1296 nostrum
1529 1265 1737 1305 commovebit,

917 1315 966 1341 aut
982 1320 1091 1341 nocere
1107 1310 1193 1340 nobis
1206 1310 1324 1350 poteril,
1342 1309 1536 1350 sequentibus
1547 1314 1675 1347 sanctos,
1688 1311 1739 1350 qui

917 1355 1274 1395 praciverunt,eademque
1281 1354 1438 1385 semitaam
1445 1354 1627 1391 bulautibus,
1635 1355 1739 1394 quailli

916 1400 1149 1430 ambulaverunt.
1163 1398 1375 1429 Incedeutibus
1386 1399 1495 1439 quippe
1507 1398 1592 1428 nobis
1602 1408 1656 1439 per
1665 1400 1739 1429 viam

917 1443 1124 1474 mandatorum
1142 1443 1194 1473 Dei
1208 1452 1242 1473 ac
1256 1442 1374 1474 Domini
1391 1443 1484 1472 nostri
1495 1442 1627 1480 citraque
1637 1452 1726 1482 respe

918 1492 995 1518 ctum
1007 1487 1042 1517 ad
1058 1497 1092 1518 ea
1103 1496 1168 1527 qum
1177 1491 1256 1517 retro
1267 1491 1337 1517 sunt
1357 1488 1457 1517 omnia
1469 1495 1534 1526 quze
1545 1486 1652 1517 audisti
1670 1495 1740 1526 per-

916 1531 1094 1569 meantibus,
1112 1541 1201 1562 nemo
1218 1540 1314 1572 neque
1330 1531 1479 1561 latronum
1496 1531 1629 1568 illorum,
1641 1539 1739 1570 neque

917 1577 1080 1608 belluarum
1098 1580 1201 1617 aperte
1216 1586 1251 1606 ac
1268 1580 1403 1615 proterve
1419 1576 1549 1612 insultat,
1565 1580 1613 1606 aut
1628 1584 1738 1615 appro-

917 1621 1061 1661 pinquare
1076 1621 1176 1652 audet.
1193 1621 1406 1651 Verumtamen
1418 1620 1489 1650 alias
1499 1620 1654 1655 remotius.
1667 1620 1739 1650 alias

916 1665 1062 1701 vicinius;
1081 1665 1131 1695 alii
1150 1665 1245 1695 minas
1258 1664 1425 1704 intendunt,
1437 1664 1608 1704 caedemque
1619 1664 1738 1704 spiran-

916 1709 994 1740 tibus
1005 1709 1099 1740 Oculis
1107 1719 1165 1740 non
1177 1708 1303 1743 obeunt;
1316 1708 1366 1738 alii
1377 1708 1553 1748 quibusdam
1564 1708 1739 1739 delinimen-

917 1755 952 1784 tis
969 1758 997 1785 et
1019 1753 1170 1784 blanditiis
1198 1753 1361 1793 amicisque
1388 1753 1544 1792 colloquiis
1557 1752 1735 1783 vicissitudi-

917 1809 985 1830 nem
1000 1803 1029 1830 et
1043 1798 1294 1830 intermissionem
1304 1797 1389 1828 uobis
1396 1798 1534 1837 oderunt,
1552 1801 1738 1829 etostentant

916 1843 1051 1874 locorum
1077 1852 1131 1883 per
1145 1842 1283 1882 regiones
1299 1841 1527 1883 delectamento,
1545 1847 1574 1872 et
1589 1843 1736 1873 fructuum

915 1890 1047 1928 speciem
1064 1878 1308 1928 pulcherrimam,
1321 1878 1537 1926 hortanturque
1547 1890 1578 1916 ut
1589 1886 1736 1926 paulatum

915 1931 1149 1971 requiescentes,
1167 1930 1298 1962 laborem
1314 1930 1368 1960 viae
1378 1931 1580 1968 consolemur,
1592 1935 1621 1960 et
1631 1931 1668 1961 de
1678 1931 1738 1961 fru-

915 1976 1010 2006 ctibus
1025 1976 1114 2006 edere
1128 1974 1265 2011 suadent,
1285 1974 1350 2014 plus
1375 1974 1546 2014 voluptatis,
1574 1984 1662 2014 quam
1686 1984 1740 2015 pro

916 2019 1352 2060 eorumaspectuaﬁereiitibus.
1364 2018 1471 2049 Multos
1484 2019 1606 2058 insuper
1618 2019 1738 2058 laqueos

916 2063 1012 2101 nobis,
1026 2063 1257 2103 occasionesque
1265 2063 1300 2092 ad
1321 2062 1500 2102 capiendum
1514 2063 1621 2100 varias,
1632 2063 1738 2094 callide

917 2110 1082 2147 excogitant
1094 2117 1101 2145 ;
1114 2117 1169 2138 nec
1180 2107 1208 2137 id
1221 2116 1274 2146 per
1287 2106 1364 2137 diem
1377 2106 1484 2143 solum,
1499 2107 1549 2136 sed
1568 2116 1622 2146 per
1638 2112 1738 2138 noctes

918 2153 1021 2184 etiam:
1036 2162 1091 2182 nec.
1100 2152 1252 2191 vigilantes
1268 2151 1367 2188 modo,
1380 2160 1481 2181 verum
1495 2151 1583 2181 etiam
1591 2151 1740 2182 dormien-

915 2201 960 2228 tes
971 2197 1197 2236 aggrediuntur;
1210 2195 1358 2226 interdum
1372 2195 1491 2235 quidem
1503 2195 1738 2233 titillationibus,

916 2241 1185 2276 etexorationibus;
1200 2240 1350 2271 interdum
1365 2240 1498 2270 ciborum
1511 2239 1738 2270 interdictorum

915 2289 1000 2324 gustu
1017 2295 1024 2323 ;
1041 2285 1189 2315 interdum
1206 2294 1272 2315 cum
1283 2283 1408 2321 lacibus,
1421 2283 1608 2323 lampadibus
1618 2288 1646 2314 et
1658 2283 1738 2314 ensi-

917 2330 972 2360 bus
984 2334 1122 2369 tanquam
1133 2329 1273 2365 latrones,
1286 2332 1315 2360 ct
1326 2337 1407 2359 mare
1428 2328 1575 2359 latronum
1592 2337 1645 2358 nos
1659 2328 1738 2358 inva-

917 2374 1000 2411 dunt,
1019 2377 1224 2413 terroremque
1251 2373 1354 2403 mortis
1382 2372 1541 2402 incutiunt.
1569 2373 1740 2403 Percellunt

917 2427 970 2448 nos
979 2417 1258 2448 arbitrantes-etiam
1269 2426 1286 2447 a
1297 2423 1378 2447 recto
1402 2416 1509 2447 itinere
1521 2425 1687 2447 aversuros.
1705 2416 1738 2447 Et

917 2462 1052 2492 nonnulli
1068 2462 1189 2501 quidem
1205 2461 1242 2491 de
1258 2460 1330 2500 ipsis
1347 2465 1468 2491 monent
1483 2461 1548 2491 ﬁeri
1563 2470 1622 2491 non
1640 2471 1736 2501 posse,

917 2511 948 2537 ut
959 2507 1092 2548 quandiu
1108 2506 1243 2544 vivimus,
1260 2506 1349 2546 hujus
1363 2506 1417 2536 via)
1443 2506 1632 2537 difﬁcultates
1646 2507 1739 2537 susti-

917 2561 1051 2583 neamus.
1069 2551 1140 2592 Alii,
1156 2552 1219 2582 haec
1235 2560 1301 2581 esse
1328 2550 1511 2590 infrugifera,
1531 2555 1559 2582 et
1573 2561 1638 2592 qua:
1653 2552 1739 2582 labo-

916 2595 1050 2626 rentibus
1066 2595 1176 2626 nullam
1209 2600 1319 2635 queant
1345 2595 1503 2625 utilitatem
1536 2604 1650 2635 parere.
1679 2595 1739 2627 Alii

916 2649 1067 2680 nunquam
1085 2649 1151 2670 esse
1167 2649 1223 2670 nec
1239 2639 1302 2670 fore
1317 2640 1407 2670 ﬁnem
1425 2640 1512 2679 hujus
1522 2640 1585 2676 viae,
1603 2649 1638 2670 eo
1655 2649 1738 2679 argu-

917 2689 1028 2721 mento,
1045 2683 1124 2724 quod
1140 2683 1316 2724 quibusdam
1332 2693 1380 2715 res
1409 2693 1512 2724 parum
1528 2684 1656 2715 feliciter
1672 2693 1739 2724 pro-
