  <div class='ocr_page' id='page_1' title='image "/cluster/home/n/w/nwhite01/storage/ocr_20150623/120/njp.32101010943973/323.png"; bbox 0 0 1978 3078; ppageno 0'>
   <div class='ocr_carea' id='block_1_1' title="bbox 207 168 268 202">
    <p class='ocr_par' dir='ltr' id='par_1_1' title="bbox 207 168 268 202">
     <span class='ocr_line' id='line_1_1' title="bbox 207 168 268 202; baseline 0 -1"><span class='ocrx_word' id='word_1_1' title='bbox 207 168 268 202; x_wconf 74' lang='grc'>455</span> 
     </span>
    </p>
   </div>
   <div class='ocr_carea' id='block_1_2' title="bbox 206 235 1030 277">
    <p class='ocr_par' dir='ltr' id='par_1_2' title="bbox 206 235 1030 277">
     <span class='ocr_line' id='line_1_2' title="bbox 206 235 1030 277; baseline 0.001 -10"><span class='ocrx_word' id='word_1_2' title='bbox 206 237 355 277; x_wconf 86' lang='lat' dir='ltr'><strong>voluptate</strong></span> <span class='ocrx_word' id='word_1_3' title='bbox 386 235 598 277; x_wconf 82' lang='lat' dir='ltr'><strong>inexplicabili,</strong></span> <span class='ocrx_word' id='word_1_4' title='bbox 628 245 696 267; x_wconf 88' lang='lat' dir='ltr'><strong>cum</strong></span> <span class='ocrx_word' id='word_1_5' title='bbox 725 238 783 267; x_wconf 69' lang='lat' dir='ltr'><strong>vita</strong></span> <span class='ocrx_word' id='word_1_6' title='bbox 808 236 967 268; x_wconf 73' lang='lat' dir='ltr'><strong>immortali</strong></span> <span class='ocrx_word' id='word_1_7' title='bbox 997 246 1030 268; x_wconf 85' lang='lat' dir='ltr'><strong>ac</strong></span> 
     </span>
    </p>
   </div>
   <div class='ocr_carea' id='block_1_3' title="bbox 206 281 1026 322">
    <p class='ocr_par' dir='ltr' id='par_1_3' title="bbox 206 281 1026 322">
     <span class='ocr_line' id='line_1_3' title="bbox 206 281 1026 322; baseline 0 -10"><span class='ocrx_word' id='word_1_8' title='bbox 206 281 396 322; x_wconf 84' lang='lat' dir='ltr'><strong>sempiterna,</strong></span> <span class='ocrx_word' id='word_1_9' title='bbox 414 290 470 321; x_wconf 90' lang='lat' dir='ltr'><strong>qua</strong></span> <span class='ocrx_word' id='word_1_10' title='bbox 486 282 636 320; x_wconf 82' lang='lat' dir='ltr'><strong>contingat</strong></span> <span class='ocrx_word' id='word_1_11' title='bbox 653 290 706 311; x_wconf 88' lang='lat' dir='ltr'><strong>nos</strong></span> <span class='ocrx_word' id='word_1_12' title='bbox 723 291 827 312; x_wconf 86' lang='lat' dir='ltr'><strong>omnes</strong></span> <span class='ocrx_word' id='word_1_13' title='bbox 842 281 939 320; x_wconf 84' lang='lat' dir='ltr'><strong>potiri,</strong></span> <span class='ocrx_word' id='word_1_14' title='bbox 958 291 1026 321; x_wconf 80' lang='lat' dir='ltr'><strong>gra-</strong></span> 
     </span>
    </p>
   </div>
   <div class='ocr_carea' id='block_1_4' title="bbox 206 325 1026 365">
    <p class='ocr_par' dir='ltr' id='par_1_4' title="bbox 206 325 1026 365">
     <span class='ocr_line' id='line_1_4' title="bbox 206 325 1026 365; baseline -0.001 -8"><span class='ocrx_word' id='word_1_15' title='bbox 206 327 246 357; x_wconf 79' lang='lat' dir='ltr'><strong>tia</strong></span> <span class='ocrx_word' id='word_1_16' title='bbox 261 331 290 357; x_wconf 92' lang='lat' dir='ltr'><strong>et</strong></span> <span class='ocrx_word' id='word_1_17' title='bbox 306 327 487 365; x_wconf 83' lang='lat' dir='ltr'><strong>benignitate</strong></span> <span class='ocrx_word' id='word_1_18' title='bbox 503 326 618 356; x_wconf 76' lang='lat' dir='ltr'><strong>Domini</strong></span> <span class='ocrx_word' id='word_1_19' title='bbox 639 326 731 357; x_wconf 83' lang='lat' dir='ltr'><strong>nostri</strong></span> <span class='ocrx_word' id='word_1_20' title='bbox 756 325 827 357; x_wconf 85' lang='lat' dir='ltr'><strong>Jesu</strong></span> <span class='ocrx_word' id='word_1_21' title='bbox 844 326 962 363; x_wconf 76' lang='lat' dir='ltr'><strong>Christi,</strong></span> <span class='ocrx_word' id='word_1_22' title='bbox 982 329 1026 357; x_wconf 90' lang='lat' dir='ltr'><strong>cui</strong></span> 
     </span>
    </p>
   </div>
   <div class='ocr_carea' id='block_1_5' title="bbox 203 370 1029 411">
    <p class='ocr_par' dir='ltr' id='par_1_5' title="bbox 203 370 1029 411">
     <span class='ocr_line' id='line_1_5' title="bbox 203 370 1029 411; baseline -0.001 -10"><span class='ocrx_word' id='word_1_23' title='bbox 203 371 296 411; x_wconf 81' lang='lat' dir='ltr'><strong>gloria</strong></span> <span class='ocrx_word' id='word_1_24' title='bbox 311 375 338 401; x_wconf 88' lang='lat' dir='ltr'><strong>et</strong></span> <span class='ocrx_word' id='word_1_25' title='bbox 355 370 512 410; x_wconf 86' lang='lat' dir='ltr'><strong>imperium</strong></span> <span class='ocrx_word' id='word_1_26' title='bbox 525 380 591 400; x_wconf 89' lang='lat' dir='ltr'><strong>cum</strong></span> <span class='ocrx_word' id='word_1_27' title='bbox 603 370 686 401; x_wconf 84' lang='lat' dir='ltr'><strong>Patre</strong></span> <span class='ocrx_word' id='word_1_28' title='bbox 701 370 838 411; x_wconf 73' lang='lat' dir='ltr'><strong>principii</strong></span> <span class='ocrx_word' id='word_1_29' title='bbox 849 375 981 410; x_wconf 77' lang='lat' dir='ltr'><strong>experte,</strong></span> <span class='ocrx_word' id='word_1_30' title='bbox 1001 375 1029 400; x_wconf 88' lang='lat' dir='ltr'><strong>et</strong></span> 
     </span>
    </p>
   </div>
   <div class='ocr_carea' id='block_1_6' title="bbox 205 415 1029 455">
    <p class='ocr_par' dir='ltr' id='par_1_6' title="bbox 205 415 1029 455">
     <span class='ocr_line' id='line_1_6' title="bbox 205 415 1029 455; baseline -0.002 -8"><span class='ocrx_word' id='word_1_31' title='bbox 205 415 392 447; x_wconf 80' lang='lat' dir='ltr'><strong>sanctissimo</strong></span> <span class='ocrx_word' id='word_1_32' title='bbox 407 415 582 455; x_wconf 82' lang='lat' dir='ltr'><strong>vivificoque</strong></span> <span class='ocrx_word' id='word_1_33' title='bbox 597 415 676 455; x_wconf 85' lang='lat' dir='ltr'><strong>Spiri</strong></span> <span class='ocrx_word' id='word_1_34' title='bbox 693 425 710 446; x_wconf 89' lang='lat' dir='ltr'><strong>u</strong></span> <span class='ocrx_word' id='word_1_35' title='bbox 728 426 805 446; x_wconf 72' lang='lat' dir='ltr'><strong>nune</strong></span> <span class='ocrx_word' id='word_1_36' title='bbox 817 419 845 444; x_wconf 86' lang='lat' dir='ltr'><strong>et</strong></span> <span class='ocrx_word' id='word_1_37' title='bbox 857 424 986 455; x_wconf 70' lang='lat' dir='ltr'><strong>semper,</strong></span> <span class='ocrx_word' id='word_1_38' title='bbox 1002 420 1029 445; x_wconf 84' lang='lat' dir='ltr'><strong>et</strong></span> 
     </span>
    </p>
   </div>
   <div class='ocr_carea' id='block_1_7' title="bbox 205 460 647 502">
    <p class='ocr_par' dir='ltr' id='par_1_7' title="bbox 205 460 647 502">
     <span class='ocr_line' id='line_1_7' title="bbox 205 460 647 502; baseline -0.007 -10"><span class='ocrx_word' id='word_1_39' title='bbox 205 470 258 502; x_wconf 85' lang='lat' dir='ltr'><strong>per</strong></span> <span class='ocrx_word' id='word_1_40' title='bbox 273 460 386 491; x_wconf 80' lang='lat' dir='ltr'><strong>infinita</strong></span> <span class='ocrx_word' id='word_1_41' title='bbox 402 460 520 491; x_wconf 64' lang='lat' dir='ltr'><strong>saecula.</strong></span> <span class='ocrx_word' id='word_1_42' title='bbox 540 461 647 491; x_wconf 85' lang='lat' dir='ltr'><strong>Amen.</strong></span> 
     </span>
    </p>
   </div>
   <div class='ocr_carea' id='block_1_8' title="bbox 462 512 759 544">
    <p class='ocr_par' dir='ltr' id='par_1_8' title="bbox 462 512 759 544">
     <span class='ocr_line' id='line_1_8' title="bbox 462 512 759 544; baseline -0.007 0"><span class='ocrx_word' id='word_1_43' title='bbox 462 513 605 544; x_wconf 72' lang='lat' dir='ltr'><strong>ORATIO</strong></span> <span class='ocrx_word' id='word_1_44' title='bbox 631 512 759 544; x_wconf 78' lang='lat' dir='ltr'><strong>XXVill.</strong></span> 
     </span>
    </p>
   </div>
   <div class='ocr_carea' id='block_1_9' title="bbox 510 569 718 591">
    <p class='ocr_par' dir='ltr' id='par_1_9' title="bbox 510 569 718 591">
     <span class='ocr_line' id='line_1_9' title="bbox 510 569 718 591; baseline 0 -1"><span class='ocrx_word' id='word_1_45' title='bbox 510 569 718 591; x_wconf 70' lang='lat' dir='ltr'><strong>ARGUMENTt&#39;M.</strong></span> 
     </span>
    </p>
   </div>
   <div class='ocr_carea' id='block_1_10' title="bbox 204 613 1026 651">
    <p class='ocr_par' dir='ltr' id='par_1_10' title="bbox 204 613 1026 651">
     <span class='ocr_line' id='line_1_10' title="bbox 204 613 1026 651; baseline -0.007 -8"><span class='ocrx_word' id='word_1_46' title='bbox 204 615 241 643; x_wconf 73' lang='lat' dir='ltr'><strong>De</strong></span> <span class='ocrx_word' id='word_1_47' title='bbox 255 615 465 651; x_wconf 68' lang='lat' dir='ltr'><strong>corruptoribus</strong></span> <span class='ocrx_word' id='word_1_48' title='bbox 489 623 520 642; x_wconf 78' lang='lat' dir='ltr'><strong>ac</strong></span> <span class='ocrx_word' id='word_1_49' title='bbox 543 615 682 650; x_wconf 65' lang='lat' dir='ltr'><strong>prsH/i‘ris</strong></span> <span class='ocrx_word' id='word_1_50' title='bbox 707 613 862 651; x_wconf 58' lang='lat' dir='ltr'><strong>homiuibus</strong></span> <span class='ocrx_word' id='word_1_51' title='bbox 877 613 1026 651; x_wconf 65' lang='lat' dir='ltr'><strong>fugiendis,</strong></span> 
     </span>
    </p>
   </div>
   <div class='ocr_carea' id='block_1_11' title="bbox 239 649 1028 687">
    <p class='ocr_par' dir='ltr' id='par_1_11' title="bbox 239 649 1028 687">
     <span class='ocr_line' id='line_1_11' title="bbox 239 649 1028 687; baseline -0.003 -9"><span class='ocrx_word' id='word_1_52' title='bbox 239 652 323 687; x_wconf 66' lang='lat' dir='ltr'><strong>deque</strong></span> <span class='ocrx_word' id='word_1_53' title='bbox 340 649 526 687; x_wconf 48' lang='lat' dir='ltr'><strong>repudiandis</strong></span> <span class='ocrx_word' id='word_1_54' title='bbox 544 649 657 687; x_wconf 57' lang='lat' dir='ltr'><strong>eorum</strong></span> <span class='ocrx_word' id='word_1_55' title='bbox 669 649 852 687; x_wconf 63' lang='lat' dir='ltr'><strong>servitutibus,</strong></span> <span class='ocrx_word' id='word_1_56' title='bbox 879 653 903 676; x_wconf 69' lang='lat' dir='ltr'><strong>et</strong></span> <span class='ocrx_word' id='word_1_57' title='bbox 917 650 1028 687; x_wconf 66' lang='lat' dir='ltr'><strong>tit/funt</strong></span> 
     </span>
    </p>
   </div>
   <div class='ocr_carea' id='block_1_12' title="bbox 239 685 1029 722">
    <p class='ocr_par' dir='ltr' id='par_1_12' title="bbox 239 685 1029 722">
     <span class='ocr_line' id='line_1_12' title="bbox 239 685 1029 722; baseline -0.001 -9"><span class='ocrx_word' id='word_1_58' title='bbox 239 685 351 714; x_wconf 62' lang='lat' dir='ltr'><strong>virtutis</strong></span> <span class='ocrx_word' id='word_1_59' title='bbox 367 685 541 722; x_wconf 63' lang='lat' dir='ltr'><strong>arripienda.</strong></span> <span class='ocrx_word' id='word_1_60' title='bbox 559 685 595 713; x_wconf 85' lang='lat' dir='ltr'><strong>De</strong></span> <span class='ocrx_word' id='word_1_61' title='bbox 609 685 674 713; x_wconf 73' lang='lat' dir='ltr'><strong>indu</strong></span> <span class='ocrx_word' id='word_1_62' title='bbox 685 686 710 712; x_wconf 27' lang='lat' dir='ltr'><strong>iit</strong></span> <span class='ocrx_word' id='word_1_63' title='bbox 729 685 863 712; x_wconf 72' lang='lat' dir='ltr'><strong>libertatis</strong></span> <span class='ocrx_word' id='word_1_64' title='bbox 878 685 986 713; x_wconf 67' lang='lat' dir='ltr'><strong>auium.</strong></span> <span class='ocrx_word' id='word_1_65' title='bbox 1004 687 1029 712; x_wconf 77' lang='lat' dir='ltr'><strong>lt</strong></span> 
     </span>
    </p>
   </div>
   <div class='ocr_carea' id='block_1_13' title="bbox 240 721 1024 758">
    <p class='ocr_par' dir='ltr' id='par_1_13' title="bbox 240 721 1024 758">
     <span class='ocr_line' id='line_1_13' title="bbox 240 721 1024 758; baseline -0.004 -8"><span class='ocrx_word' id='word_1_66' title='bbox 240 724 300 758; x_wconf 83' lang='lat' dir='ltr'><strong>quis</strong></span> <span class='ocrx_word' id='word_1_67' title='bbox 316 731 420 749; x_wconf 67' lang='lat' dir='ltr'><strong>crucem</strong></span> <span class='ocrx_word' id='word_1_68' title='bbox 432 721 511 749; x_wconf 39' lang='lat' dir='ltr'><strong>&#39;suam</strong></span> <span class='ocrx_word' id='word_1_69' title='bbox 528 721 633 754; x_wconf 43' lang='lat' dir='ltr'><strong>tollens,</strong></span> <span class='ocrx_word' id='word_1_70' title='bbox 649 721 730 749; x_wconf 69' lang='lat' dir='ltr'><strong>Cirris</strong></span> <span class='ocrx_word' id='word_1_71' title='bbox 746 726 940 758; x_wconf 55' lang='lat' dir='ltr'><strong>atmsrqnatnl&#39;.</strong></span> <span class='ocrx_word' id='word_1_72' title='bbox 957 721 1024 758; x_wconf 70' lang='lat' dir='ltr'><strong>Que-</strong></span> 
     </span>
    </p>
   </div>
   <div class='ocr_carea' id='block_1_14' title="bbox 239 757 1029 793">
    <p class='ocr_par' dir='ltr' id='par_1_14' title="bbox 239 757 1029 793">
     <span class='ocr_line' id='line_1_14' title="bbox 239 757 1029 793; baseline -0.005 -8"><span class='ocrx_word' id='word_1_73' title='bbox 239 757 416 786; x_wconf 55' lang='lat' dir='ltr'><strong>inavlmmtum</strong></span> <span class='ocrx_word' id='word_1_74' title='bbox 431 758 521 793; x_wconf 65' lang='lat' dir='ltr'><strong>ﬁdetrs</strong></span> <span class='ocrx_word' id='word_1_75' title='bbox 538 758 588 785; x_wconf 77' lang='lat' dir='ltr'><strong>Dei</strong></span> <span class='ocrx_word' id='word_1_76' title='bbox 608 757 685 785; x_wconf 79' lang='lat' dir='ltr'><strong>bonis</strong></span> <span class='ocrx_word' id='word_1_77' title='bbox 708 757 895 792; x_wconf 57' lang='lat' dir='ltr'><strong>ine/fabiumm</strong></span> <span class='ocrx_word' id='word_1_78' title='bbox 919 757 1029 793; x_wconf 42' lang='lat' dir='ltr'><strong>unum</strong></span> 
     </span>
    </p>
   </div>
   <div class='ocr_carea' id='block_1_15' title="bbox 239 791 1028 828">
    <p class='ocr_par' dir='ltr' id='par_1_15' title="bbox 239 791 1028 828">
     <span class='ocr_line' id='line_1_15' title="bbox 239 791 1028 828; baseline -0.001 -7"><span class='ocrx_word' id='word_1_79' title='bbox 239 794 288 821; x_wconf 68' lang='lat' dir='ltr'><strong>hoc</strong></span> <span class='ocrx_word' id='word_1_80' title='bbox 303 799 360 821; x_wconf 80' lang='lat' dir='ltr'><strong>tum</strong></span> <span class='ocrx_word' id='word_1_81' title='bbox 377 794 404 820; x_wconf 77' lang='lat' dir='ltr'><strong>iu</strong></span> <span class='ocrx_word' id='word_1_82' title='bbox 427 791 525 828; x_wconf 68' lang='lat' dir='ltr'><strong>futuro</strong></span> <span class='ocrx_word' id='word_1_83' title='bbox 550 793 653 820; x_wconf 63' lang='lat' dir='ltr'><strong>semoto</strong></span> <span class='ocrx_word' id='word_1_84' title='bbox 675 793 818 828; x_wconf 80' lang='lat' dir='ltr'><strong>fruuntur.</strong></span> <span class='ocrx_word' id='word_1_85' title='bbox 847 792 965 827; x_wconf 77' lang='lat' dir='ltr'><strong>Dojusto</strong></span> <span class='ocrx_word' id='word_1_86' title='bbox 981 791 1028 819; x_wconf 79' lang='lat' dir='ltr'><strong>Uri</strong></span> 
     </span>
    </p>
   </div>
   <div class='ocr_carea' id='block_1_16' title="bbox 237 829 797 864">
    <p class='ocr_par' dir='ltr' id='par_1_16' title="bbox 237 829 797 864">
     <span class='ocr_line' id='line_1_16' title="bbox 237 829 797 864; baseline -0.004 -7"><span class='ocrx_word' id='word_1_87' title='bbox 237 829 424 864; x_wconf 78' lang='lat' dir='ltr'><strong>superjustis,</strong></span> <span class='ocrx_word' id='word_1_88' title='bbox 441 831 465 856; x_wconf 72' lang='lat' dir='ltr'><strong>et</strong></span> <span class='ocrx_word' id='word_1_89' title='bbox 478 829 667 864; x_wconf 74' lang='lat' dir='ltr'><strong>peccatoribus</strong></span> <span class='ocrx_word' id='word_1_90' title='bbox 677 829 797 864; x_wconf 72' lang='lat' dir='ltr'><strong>jtttlt&#39;rio.</strong></span> 
     </span>
    </p>
   </div>
   <div class='ocr_carea' id='block_1_17' title="bbox 243 876 1024 917">
    <p class='ocr_par' dir='ltr' id='par_1_17' title="bbox 243 876 1024 917">
     <span class='ocr_line' id='line_1_17' title="bbox 243 876 1024 917; baseline -0.003 -9"><span class='ocrx_word' id='word_1_91' title='bbox 243 877 382 917; x_wconf 80' lang='lat' dir='ltr'><strong>Quisquis</strong></span> <span class='ocrx_word' id='word_1_92' title='bbox 397 877 491 908; x_wconf 88' lang='lat' dir='ltr'><strong>Deum</strong></span> <span class='ocrx_word' id='word_1_93' title='bbox 507 877 639 907; x_wconf 87' lang='lat' dir='ltr'><strong>invenire</strong></span> <span class='ocrx_word' id='word_1_94' title='bbox 655 877 813 914; x_wconf 66' lang='lat' dir='ltr'><strong>desiderat,</strong></span> <span class='ocrx_word' id='word_1_95' title='bbox 833 876 959 915; x_wconf 64' lang='lat' dir='ltr'><strong>abneget</strong></span> <span class='ocrx_word' id='word_1_96' title='bbox 975 885 1024 906; x_wconf 85' lang='lat' dir='ltr'><strong>se-</strong></span> 
     </span>
    </p>
   </div>
   <div class='ocr_carea' id='block_1_18' title="bbox 205 920 1025 962">
    <p class='ocr_par' dir='ltr' id='par_1_18' title="bbox 205 920 1025 962">
     <span class='ocr_line' id='line_1_18' title="bbox 205 920 1025 962; baseline -0.004 -9"><span class='ocrx_word' id='word_1_97' title='bbox 205 923 375 962; x_wconf 88' lang='lat' dir='ltr'><strong>metipsum,</strong></span> <span class='ocrx_word' id='word_1_98' title='bbox 393 926 420 952; x_wconf 90' lang='lat' dir='ltr'><strong>et</strong></span> <span class='ocrx_word' id='word_1_99' title='bbox 435 922 541 952; x_wconf 63' lang='lat' dir='ltr'><strong>anima:</strong></span> <span class='ocrx_word' id='word_1_100' title='bbox 556 931 615 952; x_wconf 73' lang='lat' dir='ltr'><strong>sua:</strong></span> <span class='ocrx_word' id='word_1_101' title='bbox 632 931 667 952; x_wconf 70' lang='lat' dir='ltr'><strong>ne</strong></span> <span class='ocrx_word' id='word_1_102' title='bbox 685 926 785 961; x_wconf 66' lang='lat' dir='ltr'><strong>pa&#39;cat</strong></span> <span class='ocrx_word' id='word_1_103' title='bbox 803 932 808 952; x_wconf 90' lang='lat'>:</span> <span class='ocrx_word' id='word_1_104' title='bbox 828 922 876 951; x_wconf 86' lang='lat' dir='ltr'><strong>srd</strong></span> <span class='ocrx_word' id='word_1_105' title='bbox 891 920 1025 951; x_wconf 84' lang='lat' dir='ltr'><strong>inimici-</strong></span> 
     </span>
    </p>
   </div>
   <div class='ocr_carea' id='block_1_19' title="bbox 204 965 1023 1004">
    <p class='ocr_par' dir='ltr' id='par_1_19' title="bbox 204 965 1023 1004">
     <span class='ocr_line' id='line_1_19' title="bbox 204 965 1023 1004; baseline -0.002 -7"><span class='ocrx_word' id='word_1_106' title='bbox 204 967 258 997; x_wconf 87' lang='lat' dir='ltr'><strong>iias</strong></span> <span class='ocrx_word' id='word_1_107' title='bbox 273 967 350 997; x_wconf 88' lang='lat' dir='ltr'><strong>inter</strong></span> <span class='ocrx_word' id='word_1_108' title='bbox 365 976 407 1004; x_wconf 82' lang='lat' dir='ltr'><strong>se,</strong></span> <span class='ocrx_word' id='word_1_109' title='bbox 427 971 455 997; x_wconf 87' lang='lat' dir='ltr'><strong>et</strong></span> <span class='ocrx_word' id='word_1_110' title='bbox 470 976 569 1000; x_wconf 76' lang='lat' dir='ltr'><strong>omne,</strong></span> <span class='ocrx_word' id='word_1_111' title='bbox 600 966 762 997; x_wconf 84' lang='lat' dir='ltr'><strong>secundum</strong></span> <span class='ocrx_word' id='word_1_112' title='bbox 779 975 899 996; x_wconf 83' lang='lat' dir='ltr'><strong>carnem</strong></span> <span class='ocrx_word' id='word_1_113' title='bbox 916 965 1023 995; x_wconf 83' lang='lat' dir='ltr'><strong>ambu—</strong></span> 
     </span>
    </p>
   </div>
   <div class='ocr_carea' id='block_1_20' title="bbox 204 1009 1024 1052">
    <p class='ocr_par' dir='ltr' id='par_1_20' title="bbox 204 1009 1024 1052">
     <span class='ocr_line' id='line_1_20' title="bbox 204 1009 1024 1052; baseline -0.004 -9"><span class='ocrx_word' id='word_1_114' title='bbox 204 1012 298 1043; x_wconf 78' lang='lat' dir='ltr'><strong>iantes</strong></span> <span class='ocrx_word' id='word_1_115' title='bbox 329 1016 428 1052; x_wconf 74' lang='lat' dir='ltr'><strong>ponat,</strong></span> <span class='ocrx_word' id='word_1_116' title='bbox 458 1021 495 1042; x_wconf 88' lang='lat' dir='ltr'><strong>ne</strong></span> <span class='ocrx_word' id='word_1_117' title='bbox 535 1011 660 1050; x_wconf 84' lang='lat' dir='ltr'><strong>alicujus</strong></span> <span class='ocrx_word' id='word_1_118' title='bbox 689 1012 793 1041; x_wconf 87' lang='lat' dir='ltr'><strong>horum</strong></span> <span class='ocrx_word' id='word_1_119' title='bbox 836 1009 1024 1041; x_wconf 80' lang='lat' dir='ltr'><strong>sermonibus</strong></span> 
     </span>
    </p>
   </div>
   <div class='ocr_carea' id='block_1_21' title="bbox 203 1055 1023 1093">
    <p class='ocr_par' dir='ltr' id='par_1_21' title="bbox 203 1055 1023 1093">
     <span class='ocr_line' id='line_1_21' title="bbox 203 1055 1023 1093; baseline -0.004 -6"><span class='ocrx_word' id='word_1_120' title='bbox 203 1056 538 1093; x_wconf 77' lang='lat' dir='ltr'><strong>hortatoriisinciatus,</strong></span> <span class='ocrx_word' id='word_1_121' title='bbox 566 1060 645 1086; x_wconf 89' lang='lat' dir='ltr'><strong>retro</strong></span> <span class='ocrx_word' id='word_1_122' title='bbox 672 1059 869 1086; x_wconf 84' lang='lat' dir='ltr'><strong>convertatur.</strong></span> <span class='ocrx_word' id='word_1_123' title='bbox 900 1055 941 1085; x_wconf 79' lang='lat' dir='ltr'><strong>Ne</strong></span> <span class='ocrx_word' id='word_1_124' title='bbox 957 1064 1023 1085; x_wconf 87' lang='lat' dir='ltr'><strong>cum</strong></span> 
     </span>
    </p>
   </div>
   <div class='ocr_carea' id='block_1_22' title="bbox 201 1099 1022 1140">
    <p class='ocr_par' dir='ltr' id='par_1_22' title="bbox 201 1099 1022 1140">
     <span class='ocr_line' id='line_1_22' title="bbox 201 1099 1022 1140; baseline -0.005 -8"><span class='ocrx_word' id='word_1_125' title='bbox 201 1102 238 1132; x_wconf 92' lang='lat' dir='ltr'><strong>iis</strong></span> <span class='ocrx_word' id='word_1_126' title='bbox 254 1102 283 1132; x_wconf 91' lang='lat' dir='ltr'><strong>in</strong></span> <span class='ocrx_word' id='word_1_127' title='bbox 301 1101 442 1132; x_wconf 79' lang='lat' dir='ltr'><strong>cathedra</strong></span> <span class='ocrx_word' id='word_1_128' title='bbox 468 1101 589 1136; x_wconf 80' lang='lat' dir='ltr'><strong>sedeat;</strong></span> <span class='ocrx_word' id='word_1_129' title='bbox 619 1109 674 1130; x_wconf 86' lang='lat' dir='ltr'><strong>nec</strong></span> <span class='ocrx_word' id='word_1_130' title='bbox 702 1100 847 1140; x_wconf 80' lang='lat' dir='ltr'><strong>colloquia</strong></span> <span class='ocrx_word' id='word_1_131' title='bbox 871 1109 936 1130; x_wconf 84' lang='lat' dir='ltr'><strong>cum</strong></span> <span class='ocrx_word' id='word_1_132' title='bbox 964 1099 1022 1129; x_wconf 92' lang='lat' dir='ltr'><strong>illis</strong></span> 
     </span>
    </p>
   </div>
   <div class='ocr_carea' id='block_1_23' title="bbox 203 1143 1021 1185">
    <p class='ocr_par' dir='ltr' id='par_1_23' title="bbox 203 1143 1021 1185">
     <span class='ocr_line' id='line_1_23' title="bbox 203 1143 1021 1185; baseline -0.005 -8"><span class='ocrx_word' id='word_1_133' title='bbox 203 1146 280 1177; x_wconf 87' lang='lat' dir='ltr'><strong>mala</strong></span> <span class='ocrx_word' id='word_1_134' title='bbox 295 1150 382 1178; x_wconf 86' lang='lat' dir='ltr'><strong>serat.</strong></span> <span class='ocrx_word' id='word_1_135' title='bbox 402 1154 455 1185; x_wconf 87' lang='lat' dir='ltr'><strong>per</strong></span> <span class='ocrx_word' id='word_1_136' title='bbox 471 1154 535 1185; x_wconf 77' lang='lat' dir='ltr'><strong>quae</strong></span> <span class='ocrx_word' id='word_1_137' title='bbox 551 1145 631 1176; x_wconf 68' lang='lat' dir='ltr'><strong>virus</strong></span> <span class='ocrx_word' id='word_1_138' title='bbox 648 1145 678 1175; x_wconf 89' lang='lat' dir='ltr'><strong>in</strong></span> <span class='ocrx_word' id='word_1_139' title='bbox 692 1144 819 1174; x_wconf 88' lang='lat' dir='ltr'><strong>animam</strong></span> <span class='ocrx_word' id='word_1_140' title='bbox 837 1143 1021 1178; x_wconf 75' lang='lat' dir='ltr'><strong>infundatur,</strong></span> 
     </span>
    </p>
   </div>
   <div class='ocr_carea' id='block_1_24' title="bbox 203 1188 1023 1231">
    <p class='ocr_par' dir='ltr' id='par_1_24' title="bbox 203 1188 1023 1231">
     <span class='ocr_line' id='line_1_24' title="bbox 203 1188 1023 1231; baseline -0.004 -10"><span class='ocrx_word' id='word_1_141' title='bbox 203 1195 232 1221; x_wconf 88' lang='lat' dir='ltr'><strong>et</strong></span> <span class='ocrx_word' id='word_1_142' title='bbox 246 1191 311 1231; x_wconf 89' lang='lat' dir='ltr'><strong>ipse</strong></span> <span class='ocrx_word' id='word_1_143' title='bbox 342 1189 490 1230; x_wconf 88' lang='lat' dir='ltr'><strong>prioribus</strong></span> <span class='ocrx_word' id='word_1_144' title='bbox 519 1199 646 1230; x_wconf 85' lang='lat' dir='ltr'><strong>nequam</strong></span> <span class='ocrx_word' id='word_1_145' title='bbox 674 1189 818 1223; x_wconf 77' lang='lat' dir='ltr'><strong>consiliis,</strong></span> <span class='ocrx_word' id='word_1_146' title='bbox 835 1188 1023 1227; x_wconf 71' lang='lat' dir='ltr'><strong>cogitationi-</strong></span> 
     </span>
    </p>
   </div>
   <div class='ocr_carea' id='block_1_25' title="bbox 853 171 1239 204">
    <p class='ocr_par' dir='ltr' id='par_1_25' title="bbox 853 171 1239 204">
     <span class='ocr_line' id='line_1_25' title="bbox 853 171 1239 204; baseline 0.005 -2"><span class='ocrx_word' id='word_1_147' title='bbox 853 171 1007 202; x_wconf 86' lang='lat' dir='ltr'><strong>SYMEON</strong></span> <span class='ocrx_word' id='word_1_148' title='bbox 1012 171 1046 202; x_wconf 90' lang='lat' dir='ltr'><strong>IS</strong></span> <span class='ocrx_word' id='word_1_149' title='bbox 1065 171 1239 204; x_wconf 83' lang='lat' dir='ltr'><strong>JUNIORIS</strong></span> 
     </span>
    </p>
   </div>
   <div class='ocr_carea' id='block_1_26' title="bbox 1839 173 1914 206">
    <p class='ocr_par' dir='ltr' id='par_1_26' title="bbox 1839 173 1914 206">
     <span class='ocr_line' id='line_1_26' title="bbox 1839 173 1914 206; baseline 0.027 -2"><span class='ocrx_word' id='word_1_150' title='bbox 1839 173 1914 206; x_wconf 77' lang='grc'><strong>456</strong></span> 
     </span>
    </p>
   </div>
   <div class='ocr_carea' id='block_1_27' title="bbox 1040 238 1912 280">
    <p class='ocr_par' dir='ltr' id='par_1_27' title="bbox 1040 238 1912 280">
     <span class='ocr_line' id='line_1_27' title="bbox 1040 238 1912 280; baseline 0.006 -13"><span class='ocrx_word' id='word_1_151' title='bbox 1040 242 1060 266; x_wconf 76' lang='grc' dir='ltr'><strong>Α</strong></span> <span class='ocrx_word' id='word_1_152' title='bbox 1072 238 1180 274; x_wconf 80' lang='lat' dir='ltr'><strong>adhuc,</strong></span> <span class='ocrx_word' id='word_1_153' title='bbox 1195 242 1223 270; x_wconf 92' lang='lat' dir='ltr'><strong>et</strong></span> <span class='ocrx_word' id='word_1_154' title='bbox 1236 239 1363 280; x_wconf 85' lang='lat' dir='ltr'><strong>quodam</strong></span> <span class='ocrx_word' id='word_1_155' title='bbox 1377 249 1468 271; x_wconf 85' lang='lat' dir='ltr'><strong>onere</strong></span> <span class='ocrx_word' id='word_1_156' title='bbox 1478 250 1610 280; x_wconf 66' lang='lat' dir='ltr'><strong>pressus,</strong></span> <span class='ocrx_word' id='word_1_157' title='bbox 1624 241 1681 272; x_wconf 86' lang='lat' dir='ltr'><strong>vim</strong></span> <span class='ocrx_word' id='word_1_158' title='bbox 1691 246 1721 272; x_wconf 90' lang='lat' dir='ltr'><strong>ut</strong></span> <span class='ocrx_word' id='word_1_159' title='bbox 1731 251 1791 272; x_wconf 91' lang='lat' dir='ltr'><strong>uno</strong></span> <span class='ocrx_word' id='word_1_160' title='bbox 1804 241 1912 272; x_wconf 81' lang='lat' dir='ltr'><strong>verbo</strong></span> 
     </span>
    </p>
   </div>
   <div class='ocr_carea' id='block_1_28' title="bbox 1069 283 1910 326">
    <p class='ocr_par' dir='ltr' id='par_1_28' title="bbox 1069 283 1910 326">
     <span class='ocr_line' id='line_1_28' title="bbox 1069 283 1910 326; baseline 0.002 -13"><span class='ocrx_word' id='word_1_161' title='bbox 1069 283 1178 322; x_wconf 81' lang='lat' dir='ltr'><strong>dicam,</strong></span> <span class='ocrx_word' id='word_1_162' title='bbox 1207 293 1242 314; x_wconf 86' lang='lat' dir='ltr'><strong>ac</strong></span> <span class='ocrx_word' id='word_1_163' title='bbox 1263 284 1448 323; x_wconf 65' lang='lat' dir='ltr'><strong>tyrannidem</strong></span> <span class='ocrx_word' id='word_1_164' title='bbox 1479 295 1511 315; x_wconf 85' lang='lat' dir='ltr'><strong>se</strong></span> <span class='ocrx_word' id='word_1_165' title='bbox 1541 287 1654 326; x_wconf 83' lang='lat' dir='ltr'><strong>perpeti</strong></span> <span class='ocrx_word' id='word_1_166' title='bbox 1683 286 1848 321; x_wconf 56' lang='lat' dir='ltr'><strong>existimat,</strong></span> <span class='ocrx_word' id='word_1_167' title='bbox 1869 295 1910 316; x_wconf 85' lang='lat' dir='ltr'><strong>ac</strong></span> 
     </span>
    </p>
   </div>
   <div class='ocr_carea' id='block_1_29' title="bbox 1071 327 1910 369">
    <p class='ocr_par' dir='ltr' id='par_1_29' title="bbox 1071 327 1910 369">
     <span class='ocr_line' id='line_1_29' title="bbox 1071 327 1910 369; baseline 0.005 -12"><span class='ocrx_word' id='word_1_168' title='bbox 1071 327 1194 367; x_wconf 85' lang='lat' dir='ltr'><strong>proinde</strong></span> <span class='ocrx_word' id='word_1_169' title='bbox 1212 327 1322 359; x_wconf 80' lang='lat' dir='ltr'><strong>imitus</strong></span> <span class='ocrx_word' id='word_1_170' title='bbox 1351 329 1397 359; x_wconf 86' lang='lat' dir='ltr'><strong>his</strong></span> <span class='ocrx_word' id='word_1_171' title='bbox 1425 329 1567 369; x_wconf 81' lang='lat' dir='ltr'><strong>fungitur,</strong></span> <span class='ocrx_word' id='word_1_172' title='bbox 1599 340 1636 361; x_wconf 89' lang='lat' dir='ltr'><strong>ne</strong></span> <span class='ocrx_word' id='word_1_173' title='bbox 1665 331 1690 361; x_wconf 94' lang='lat' dir='ltr'><strong>is</strong></span> <span class='ocrx_word' id='word_1_174' title='bbox 1716 340 1732 361; x_wconf 90' lang='lat' dir='ltr'><strong>e</strong></span> <span class='ocrx_word' id='word_1_175' title='bbox 1757 330 1910 361; x_wconf 87' lang='lat' dir='ltr'><strong>manibus</strong></span> 
     </span>
    </p>
   </div>
   <div class='ocr_carea' id='block_1_30' title="bbox 1071 372 1909 416">
    <p class='ocr_par' dir='ltr' id='par_1_30' title="bbox 1071 372 1909 416">
     <span class='ocr_line' id='line_1_30' title="bbox 1071 372 1909 416; baseline 0.006 -15"><span class='ocrx_word' id='word_1_176' title='bbox 1071 372 1179 403; x_wconf 81' lang='lat' dir='ltr'><strong>diaboli</strong></span> <span class='ocrx_word' id='word_1_177' title='bbox 1191 382 1223 404; x_wconf 82' lang='lat' dir='ltr'><strong>se</strong></span> <span class='ocrx_word' id='word_1_178' title='bbox 1233 373 1371 410; x_wconf 73' lang='lat' dir='ltr'><strong>evasisse,</strong></span> <span class='ocrx_word' id='word_1_179' title='bbox 1383 383 1484 404; x_wconf 91' lang='lat' dir='ltr'><strong>verum</strong></span> <span class='ocrx_word' id='word_1_180' title='bbox 1500 374 1627 414; x_wconf 86' lang='lat' dir='ltr'><strong>improbi</strong></span> <span class='ocrx_word' id='word_1_181' title='bbox 1641 375 1754 416; x_wconf 70' lang='lat' dir='ltr'><strong>tyranni</strong></span> <span class='ocrx_word' id='word_1_182' title='bbox 1767 375 1909 416; x_wconf 87' lang='lat' dir='ltr'><strong>imperio</strong></span> 
     </span>
    </p>
   </div>
   <div class='ocr_carea' id='block_1_31' title="bbox 1072 417 1906 460">
    <p class='ocr_par' dir='ltr' id='par_1_31' title="bbox 1072 417 1906 460">
     <span class='ocr_line' id='line_1_31' title="bbox 1072 417 1906 460; baseline 0.004 -14"><span class='ocrx_word' id='word_1_183' title='bbox 1072 417 1159 447; x_wconf 88' lang='lat' dir='ltr'><strong>etiam</strong></span> <span class='ocrx_word' id='word_1_184' title='bbox 1175 427 1244 447; x_wconf 90' lang='lat' dir='ltr'><strong>num</strong></span> <span class='ocrx_word' id='word_1_185' title='bbox 1262 417 1430 458; x_wconf 84' lang='lat' dir='ltr'><strong>subjectum</strong></span> <span class='ocrx_word' id='word_1_186' title='bbox 1449 419 1574 460; x_wconf 85' lang='lat' dir='ltr'><strong>intelligi</strong></span> <span class='ocrx_word' id='word_1_187' title='bbox 1591 419 1760 450; x_wconf 77' lang='lat' dir='ltr'><strong>arbitretur.</strong></span> <span class='ocrx_word' id='word_1_188' title='bbox 1776 422 1833 451; x_wconf 84' lang='lat' dir='ltr'><strong>Ast</strong></span> <span class='ocrx_word' id='word_1_189' title='bbox 1849 420 1906 450; x_wconf 70' lang='lat' dir='ltr'><strong>ubi</strong></span> 
     </span>
    </p>
   </div>
   <div class='ocr_carea' id='block_1_32' title="bbox 1071 462 1909 502">
    <p class='ocr_par' dir='ltr' id='par_1_32' title="bbox 1071 462 1909 502">
     <span class='ocr_line' id='line_1_32' title="bbox 1071 462 1909 502; baseline 0.004 -11"><span class='ocrx_word' id='word_1_190' title='bbox 1071 470 1137 491; x_wconf 89' lang='lat' dir='ltr'><strong>cum</strong></span> <span class='ocrx_word' id='word_1_191' title='bbox 1155 462 1261 500; x_wconf 82' lang='lat' dir='ltr'><strong>gaudio</strong></span> <span class='ocrx_word' id='word_1_192' title='bbox 1290 467 1319 492; x_wconf 86' lang='lat' dir='ltr'><strong>et</strong></span> <span class='ocrx_word' id='word_1_193' title='bbox 1339 463 1527 502; x_wconf 84' lang='lat' dir='ltr'><strong>jucunditato</strong></span> <span class='ocrx_word' id='word_1_194' title='bbox 1552 464 1643 494; x_wconf 86' lang='lat' dir='ltr'><strong>animi</strong></span> <span class='ocrx_word' id='word_1_195' title='bbox 1661 474 1692 494; x_wconf 90' lang='lat' dir='ltr'><strong>se</strong></span> <span class='ocrx_word' id='word_1_196' title='bbox 1709 469 1848 495; x_wconf 84' lang='lat' dir='ltr'><strong>orantem</strong></span> <span class='ocrx_word' id='word_1_197' title='bbox 1868 474 1909 494; x_wconf 79' lang='lat' dir='ltr'><strong>uc</strong></span> 
     </span>
    </p>
   </div>
   <div class='ocr_carea' id='block_1_33' title="bbox 1071 507 1908 548">
    <p class='ocr_par' dir='ltr' id='par_1_33' title="bbox 1071 507 1908 548">
     <span class='ocr_line' id='line_1_33' title="bbox 1071 507 1908 548; baseline 0.004 -12"><span class='ocrx_word' id='word_1_198' title='bbox 1071 507 1257 544; x_wconf 73' lang='lat' dir='ltr'><strong>psallentem,</strong></span> <span class='ocrx_word' id='word_1_199' title='bbox 1273 511 1464 548; x_wconf 87' lang='lat' dir='ltr'><strong>mentemque</strong></span> <span class='ocrx_word' id='word_1_200' title='bbox 1478 509 1577 539; x_wconf 87' lang='lat' dir='ltr'><strong>omnia</strong></span> <span class='ocrx_word' id='word_1_201' title='bbox 1593 509 1680 548; x_wconf 82' lang='lat' dir='ltr'><strong>hujus</strong></span> <span class='ocrx_word' id='word_1_202' title='bbox 1697 508 1761 539; x_wconf 64' lang='lat' dir='ltr'><strong>vitae</strong></span> <span class='ocrx_word' id='word_1_203' title='bbox 1777 509 1908 539; x_wconf 86' lang='lat' dir='ltr'><strong>blandi-</strong></span> 
     </span>
    </p>
   </div>
   <div class='ocr_carea' id='block_1_34' title="bbox 1071 551 1906 594">
    <p class='ocr_par' dir='ltr' id='par_1_34' title="bbox 1071 551 1906 594">
     <span class='ocr_line' id='line_1_34' title="bbox 1071 551 1906 594; baseline 0.005 -14"><span class='ocrx_word' id='word_1_204' title='bbox 1071 556 1178 587; x_wconf 84' lang='lat' dir='ltr'><strong>menta,</strong></span> <span class='ocrx_word' id='word_1_205' title='bbox 1194 555 1222 581; x_wconf 87' lang='lat' dir='ltr'><strong>et</strong></span> <span class='ocrx_word' id='word_1_206' title='bbox 1233 551 1374 592; x_wconf 87' lang='lat' dir='ltr'><strong>quidquid</strong></span> <span class='ocrx_word' id='word_1_207' title='bbox 1388 563 1421 582; x_wconf 84' lang='lat' dir='ltr'><strong>ea</strong></span> <span class='ocrx_word' id='word_1_208' title='bbox 1433 553 1461 583; x_wconf 94' lang='lat' dir='ltr'><strong>in</strong></span> <span class='ocrx_word' id='word_1_209' title='bbox 1471 554 1565 593; x_wconf 88' lang='lat' dir='ltr'><strong>pretio</strong></span> <span class='ocrx_word' id='word_1_210' title='bbox 1578 554 1678 594; x_wconf 86' lang='lat' dir='ltr'><strong>habet,</strong></span> <span class='ocrx_word' id='word_1_211' title='bbox 1691 566 1697 580; x_wconf 77' lang='grc' dir='ltr'><strong>ε</strong></span> <span class='ocrx_word' id='word_1_212' title='bbox 1709 559 1906 584; x_wconf 67' lang='lat' dir='ltr'><strong>Xsecrantem</strong></span> 
     </span>
    </p>
   </div>
   <div class='ocr_carea' id='block_1_35' title="bbox 1070 596 1908 638">
    <p class='ocr_par' dir='ltr' id='par_1_35' title="bbox 1070 596 1908 638">
     <span class='ocr_line' id='line_1_35' title="bbox 1070 596 1908 638; baseline 0.004 -12"><span class='ocrx_word' id='word_1_213' title='bbox 1070 596 1250 634; x_wconf 71' lang='lat' dir='ltr'><strong>cognoverit,</strong></span> <span class='ocrx_word' id='word_1_214' title='bbox 1269 601 1328 626; x_wconf 91' lang='lat' dir='ltr'><strong>tum</strong></span> <span class='ocrx_word' id='word_1_215' title='bbox 1355 597 1474 628; x_wconf 86' lang='lat' dir='ltr'><strong>demum</strong></span> <span class='ocrx_word' id='word_1_216' title='bbox 1502 599 1557 628; x_wconf 67' lang='lat' dir='ltr'><strong>Sub</strong></span> <span class='ocrx_word' id='word_1_217' title='bbox 1586 599 1694 630; x_wconf 82' lang='lat' dir='ltr'><strong>Christi</strong></span> <span class='ocrx_word' id='word_1_218' title='bbox 1721 609 1850 638; x_wconf 79' lang='lat' dir='ltr'><strong>regnum</strong></span> <span class='ocrx_word' id='word_1_219' title='bbox 1871 610 1908 629; x_wconf 85' lang='lat' dir='ltr'><strong>se</strong></span> 
     </span>
    </p>
   </div>
   <div class='ocr_carea' id='block_1_36' title="bbox 1070 641 1909 683">
    <p class='ocr_par' dir='ltr' id='par_1_36' title="bbox 1070 641 1909 683">
     <span class='ocr_line' id='line_1_36' title="bbox 1070 641 1909 683; baseline 0.006 -13"><span class='ocrx_word' id='word_1_220' title='bbox 1070 641 1250 671; x_wconf 79' lang='lat' dir='ltr'><strong>successisse</strong></span> <span class='ocrx_word' id='word_1_221' title='bbox 1266 642 1378 673; x_wconf 88' lang='lat' dir='ltr'><strong>credat.</strong></span> <span class='ocrx_word' id='word_1_222' title='bbox 1396 641 1458 673; x_wconf 84' lang='lat' dir='ltr'><strong>Hoc</strong></span> <span class='ocrx_word' id='word_1_223' title='bbox 1474 643 1691 683; x_wconf 75' lang='lat' dir='ltr'><strong>redemptionis</strong></span> <span class='ocrx_word' id='word_1_224' title='bbox 1707 649 1735 674; x_wconf 90' lang='lat' dir='ltr'><strong>et</strong></span> <span class='ocrx_word' id='word_1_225' title='bbox 1751 645 1909 675; x_wconf 72' lang='lat' dir='ltr'><strong>libertatis</strong></span> 
     </span>
    </p>
   </div>
   <div class='ocr_carea' id='block_1_37' title="bbox 1071 685 1905 730">
    <p class='ocr_par' dir='ltr' id='par_1_37' title="bbox 1071 685 1905 730">
     <span class='ocr_line' id='line_1_37' title="bbox 1071 685 1905 730; baseline 0.01 -17"><span class='ocrx_word' id='word_1_226' title='bbox 1071 685 1258 715; x_wconf 86' lang='lat' dir='ltr'><strong>manifestum</strong></span> <span class='ocrx_word' id='word_1_227' title='bbox 1275 692 1479 724; x_wconf 76' lang='lat' dir='ltr'><strong>argumentum</strong></span> <span class='ocrx_word' id='word_1_228' title='bbox 1498 693 1552 728; x_wconf 87' lang='lat' dir='ltr'><strong>est,</strong></span> <span class='ocrx_word' id='word_1_229' title='bbox 1565 691 1602 719; x_wconf 67' lang='lat' dir='ltr'><strong>de</strong></span> <span class='ocrx_word' id='word_1_230' title='bbox 1613 699 1669 728; x_wconf 77' lang='lat' dir='ltr'><strong>qua</strong></span> <span class='ocrx_word' id='word_1_231' title='bbox 1681 689 1800 729; x_wconf 81' lang='lat' dir='ltr'><strong>scripsit</strong></span> <span class='ocrx_word' id='word_1_232' title='bbox 1812 691 1905 730; x_wconf 85' lang='lat' dir='ltr'><strong>Apo-</strong></span> 
     </span>
    </p>
   </div>
   <div class='ocr_carea' id='block_1_38' title="bbox 1072 730 1900 772">
    <p class='ocr_par' dir='ltr' id='par_1_38' title="bbox 1072 730 1900 772">
     <span class='ocr_line' id='line_1_38' title="bbox 1072 730 1900 772; baseline 0.007 -13"><span class='ocrx_word' id='word_1_233' title='bbox 1072 730 1184 760; x_wconf 84' lang='lat' dir='ltr'><strong>stolus:</strong></span> <span class='ocrx_word' id='word_1_234' title='bbox 1210 730 1245 760; x_wconf 84' lang='lat' dir='ltr'><strong>1n</strong></span> <span class='ocrx_word' id='word_1_235' title='bbox 1267 730 1414 769; x_wconf 73' lang='lat' dir='ltr'><strong>libertate,</strong></span> <span class='ocrx_word' id='word_1_236' title='bbox 1432 741 1490 771; x_wconf 85' lang='lat' dir='ltr'><strong>quo</strong></span> <span class='ocrx_word' id='word_1_237' title='bbox 1508 742 1561 763; x_wconf 82' lang='lat' dir='ltr'><strong>nos</strong></span> <span class='ocrx_word' id='word_1_238' title='bbox 1577 734 1718 764; x_wconf 70' lang='lat' dir='ltr'><strong>Christus</strong></span> <span class='ocrx_word' id='word_1_239' title='bbox 1735 734 1900 772; x_wconf 74' lang='lat' dir='ltr'><strong>liberavit,</strong></span> 
     </span>
    </p>
   </div>
   <div class='ocr_carea' id='block_1_39' title="bbox 1070 774 1903 817">
    <p class='ocr_par' dir='ltr' id='par_1_39' title="bbox 1070 774 1903 817">
     <span class='ocr_line' id='line_1_39' title="bbox 1070 774 1903 817; baseline 0.007 -14"><span class='ocrx_word' id='word_1_240' title='bbox 1070 775 1195 805; x_wconf 72' lang='lat' dir='ltr'><strong>stute88.</strong></span> <span class='ocrx_word' id='word_1_241' title='bbox 1223 774 1298 815; x_wconf 78' lang='lat' dir='ltr'><strong>Ergo</strong></span> <span class='ocrx_word' id='word_1_242' title='bbox 1322 777 1529 817; x_wconf 68' lang='lat' dir='ltr'><strong>unusquisque</strong></span> <span class='ocrx_word' id='word_1_243' title='bbox 1558 778 1593 808; x_wconf 86' lang='lat' dir='ltr'><strong>ad</strong></span> <span class='ocrx_word' id='word_1_244' title='bbox 1624 779 1700 809; x_wconf 87' lang='lat' dir='ltr'><strong>hanc</strong></span> <span class='ocrx_word' id='word_1_245' title='bbox 1725 778 1903 809; x_wconf 84' lang='lat' dir='ltr'><strong>libertatem</strong></span> 
     </span>
    </p>
   </div>
   <div class='ocr_carea' id='block_1_40' title="bbox 1067 818 1901 862">
    <p class='ocr_par' dir='ltr' id='par_1_40' title="bbox 1067 818 1901 862">
     <span class='ocr_line' id='line_1_40' title="bbox 1067 818 1901 862; baseline 0.007 -14"><span class='ocrx_word' id='word_1_246' title='bbox 1067 818 1290 862; x_wconf 71' lang='lat' dir='ltr'><strong>adipiscendam</strong></span> <span class='ocrx_word' id='word_1_247' title='bbox 1305 829 1454 861; x_wconf 78' lang='lat' dir='ltr'><strong>properet,</strong></span> <span class='ocrx_word' id='word_1_248' title='bbox 1467 832 1592 862; x_wconf 85' lang='lat' dir='ltr'><strong>eamque</strong></span> <span class='ocrx_word' id='word_1_249' title='bbox 1603 834 1616 852; x_wconf 78' lang='lat' dir='ltr'><strong>a</strong></span> <span class='ocrx_word' id='word_1_250' title='bbox 1631 823 1748 854; x_wconf 57' lang='lat' dir='ltr'><strong>Christo</strong></span> <span class='ocrx_word' id='word_1_251' title='bbox 1769 824 1901 862; x_wconf 78' lang='lat' dir='ltr'><strong>ﬂagitet.</strong></span> 
     </span>
    </p>
   </div>
   <div class='ocr_carea' id='block_1_41' title="bbox 1069 861 1900 907">
    <p class='ocr_par' dir='ltr' id='par_1_41' title="bbox 1069 861 1900 907">
     <span class='ocr_line' id='line_1_41' title="bbox 1069 861 1900 907; baseline 0.006 -14"><span class='ocrx_word' id='word_1_252' title='bbox 1069 861 1118 893; x_wconf 88' lang='lat' dir='ltr'><strong>Sin</strong></span> <span class='ocrx_word' id='word_1_253' title='bbox 1135 869 1305 895; x_wconf 67' lang='lat' dir='ltr'><strong>consuetam</strong></span> <span class='ocrx_word' id='word_1_254' title='bbox 1320 866 1440 904; x_wconf 70' lang='lat' dir='ltr'><strong>~yna.\in</strong></span> <span class='ocrx_word' id='word_1_255' title='bbox 1455 861 1578 897; x_wconf 59' lang='lat' dir='ltr'><strong>moleste</strong></span> <span class='ocrx_word' id='word_1_256' title='bbox 1592 868 1658 905; x_wconf 82' lang='lat' dir='ltr'><strong>fert,</strong></span> <span class='ocrx_word' id='word_1_257' title='bbox 1679 871 1705 898; x_wconf 85' lang='lat' dir='ltr'><strong>el</strong></span> <span class='ocrx_word' id='word_1_258' title='bbox 1725 861 1900 907; x_wconf 73' lang='lat' dir='ltr'><strong>longitudi—</strong></span> 
     </span>
    </p>
   </div>
   <div class='ocr_carea' id='block_1_42' title="bbox 1038 908 1902 950">
    <p class='ocr_par' dir='ltr' id='par_1_42' title="bbox 1038 908 1902 950">
     <span class='ocr_line' id='line_1_42' title="bbox 1038 908 1902 950; baseline 0.007 -14"><span class='ocrx_word' id='word_1_259' title='bbox 1038 920 1057 944; x_wconf 73' lang='grc' dir='ltr'>Β</span> <span class='ocrx_word' id='word_1_260' title='bbox 1071 917 1116 947; x_wconf 71' lang='lat' dir='ltr'><strong>nis</strong></span> <span class='ocrx_word' id='word_1_261' title='bbox 1132 908 1319 947; x_wconf 83' lang='lat' dir='ltr'><strong>hymnorum,</strong></span> <span class='ocrx_word' id='word_1_262' title='bbox 1337 911 1386 950; x_wconf 88' lang='lat' dir='ltr'><strong>qui</strong></span> <span class='ocrx_word' id='word_1_263' title='bbox 1405 910 1463 941; x_wconf 73' lang='lat' dir='ltr'><strong>Deo</strong></span> <span class='ocrx_word' id='word_1_264' title='bbox 1489 917 1634 942; x_wconf 87' lang='lat' dir='ltr'><strong>canuntur</strong></span> <span class='ocrx_word' id='word_1_265' title='bbox 1663 921 1730 942; x_wconf 88' lang='lat' dir='ltr'><strong>eum</strong></span> <span class='ocrx_word' id='word_1_266' title='bbox 1746 914 1848 948; x_wconf 72' lang='lat' dir='ltr'><strong>lm&#39;let,</strong></span> <span class='ocrx_word' id='word_1_267' title='bbox 1869 917 1902 942; x_wconf 79' lang='grc' dir='ltr'><strong>«ι</strong></span> 
     </span>
    </p>
   </div>
   <div class='ocr_carea' id='block_1_43' title="bbox 1068 952 1898 994">
    <p class='ocr_par' dir='ltr' id='par_1_43' title="bbox 1068 952 1898 994">
     <span class='ocr_line' id='line_1_43' title="bbox 1068 952 1898 994; baseline 0.007 -12"><span class='ocrx_word' id='word_1_268' title='bbox 1068 952 1223 991; x_wconf 74' lang='lat' dir='ltr'><strong>frangitur,</strong></span> <span class='ocrx_word' id='word_1_269' title='bbox 1239 954 1306 994; x_wconf 92' lang='lat' dir='ltr'><strong>prof</strong></span> <span class='ocrx_word' id='word_1_270' title='bbox 1323 960 1369 984; x_wconf 83' lang='lat' dir='ltr'><strong>cto</strong></span> <span class='ocrx_word' id='word_1_271' title='bbox 1380 955 1490 985; x_wconf 87' lang='lat' dir='ltr'><strong>nescit:</strong></span> <span class='ocrx_word' id='word_1_272' title='bbox 1507 957 1606 993; x_wconf 75' lang='lat' dir='ltr'><strong>Quum</strong></span> <span class='ocrx_word' id='word_1_273' title='bbox 1628 956 1727 987; x_wconf 80' lang='lat' dir='ltr'><strong>dulcia</strong></span> <span class='ocrx_word' id='word_1_274' title='bbox 1749 958 1812 988; x_wconf 79' lang='lat' dir='ltr'><strong>sint</strong></span> <span class='ocrx_word' id='word_1_275' title='bbox 1829 958 1898 988; x_wconf 73' lang='lat' dir='ltr'><strong>elu-</strong></span> 
     </span>
    </p>
   </div>
   <div class='ocr_carea' id='block_1_44' title="bbox 1067 997 1903 1041">
    <p class='ocr_par' dir='ltr' id='par_1_44' title="bbox 1067 997 1903 1041">
     <span class='ocr_line' id='line_1_44' title="bbox 1067 997 1903 1041; baseline 0.008 -15"><span class='ocrx_word' id='word_1_276' title='bbox 1067 997 1139 1035; x_wconf 84' lang='lat' dir='ltr'><strong>quia</strong></span> <span class='ocrx_word' id='word_1_277' title='bbox 1154 997 1208 1028; x_wconf 79' lang='lat' dir='ltr'><strong>Dei</strong></span> <span class='ocrx_word' id='word_1_278' title='bbox 1219 998 1249 1028; x_wconf 79' lang='lat' dir='ltr'><strong>in</strong></span> <span class='ocrx_word' id='word_1_279' title='bbox 1261 999 1401 1037; x_wconf 64' lang='lat' dir='ltr'><strong>[iiut-itus</strong></span> <span class='ocrx_word' id='word_1_280' title='bbox 1409 1000 1596 1038; x_wconf 60' lang='lat' dir='ltr'><strong>diligentiam</strong></span> <span class='ocrx_word' id='word_1_281' title='bbox 1607 1010 1684 1032; x_wconf 73' lang='lat' dir='ltr'><strong>cuin.</strong></span> <span class='ocrx_word' id='word_1_282' title='bbox 1696 1006 1823 1041; x_wconf 65' lang='grc' dir='ltr'><strong>σιδηρέη·</strong></span> <span class='ocrx_word' id='word_1_283' title='bbox 1834 999 1903 1033; x_wconf 73' lang='lat' dir='ltr'><strong>me!</strong></span> 
     </span>
    </p>
   </div>
   <div class='ocr_carea' id='block_1_45' title="bbox 1066 1042 1899 1084">
    <p class='ocr_par' dir='ltr' id='par_1_45' title="bbox 1066 1042 1899 1084">
     <span class='ocr_line' id='line_1_45' title="bbox 1066 1042 1899 1084; baseline 0.008 -14"><span class='ocrx_word' id='word_1_284' title='bbox 1066 1049 1101 1070; x_wconf 82' lang='lat' dir='ltr'><strong>uc</strong></span> <span class='ocrx_word' id='word_1_285' title='bbox 1111 1042 1213 1079; x_wconf 78' lang='lat' dir='ltr'><strong>furum</strong></span> <span class='ocrx_word' id='word_1_286' title='bbox 1227 1044 1256 1072; x_wconf 75' lang='lat' dir='ltr'><strong>in</strong></span> <span class='ocrx_word' id='word_1_287' title='bbox 1269 1052 1320 1073; x_wconf 77' lang='lat' dir='ltr'><strong>ore</strong></span> <span class='ocrx_word' id='word_1_288' title='bbox 1332 1045 1574 1083; x_wconf 71' lang='lat' dir='ltr'><strong>eognosrentium</strong></span> <span class='ocrx_word' id='word_1_289' title='bbox 1583 1046 1680 1084; x_wconf 60' lang='lat' dir='ltr'><strong>ipsum</strong></span> <span class='ocrx_word' id='word_1_290' title='bbox 1692 1045 1738 1082; x_wconf 56' lang='lat'><strong>89;</strong></span> <span class='ocrx_word' id='word_1_291' title='bbox 1750 1047 1802 1077; x_wconf 88' lang='lat' dir='ltr'><strong>sed</strong></span> <span class='ocrx_word' id='word_1_292' title='bbox 1815 1051 1899 1077; x_wconf 85' lang='lat' dir='ltr'><strong>totus</strong></span> 
     </span>
    </p>
   </div>
   <div class='ocr_carea' id='block_1_46' title="bbox 1066 1088 1897 1130">
    <p class='ocr_par' dir='ltr' id='par_1_46' title="bbox 1066 1088 1897 1130">
     <span class='ocr_line' id='line_1_46' title="bbox 1066 1088 1897 1130; baseline 0.008 -16"><span class='ocrx_word' id='word_1_293' title='bbox 1066 1094 1146 1120; x_wconf 67' lang='lat' dir='ltr'><strong>caro,</strong></span> <span class='ocrx_word' id='word_1_294' title='bbox 1165 1095 1272 1125; x_wconf 87' lang='lat' dir='ltr'><strong>nempe</strong></span> <span class='ocrx_word' id='word_1_295' title='bbox 1301 1088 1411 1118; x_wconf 77' lang='lat' dir='ltr'><strong>carnali</strong></span> <span class='ocrx_word' id='word_1_296' title='bbox 1438 1089 1573 1128; x_wconf 62' lang='lat' dir='ltr'><strong>pt&#39;lltiilus</strong></span> <span class='ocrx_word' id='word_1_297' title='bbox 1601 1092 1712 1126; x_wconf 85' lang='lat' dir='ltr'><strong>animo,</strong></span> <span class='ocrx_word' id='word_1_298' title='bbox 1742 1096 1769 1122; x_wconf 89' lang='lat' dir='ltr'><strong>et</strong></span> <span class='ocrx_word' id='word_1_299' title='bbox 1799 1093 1897 1130; x_wconf 74' lang='lat' dir='ltr'><strong>magis</strong></span> 
     </span>
    </p>
   </div>
   <div class='ocr_carea' id='block_1_47' title="bbox 1065 1130 1897 1173">
    <p class='ocr_par' dir='ltr' id='par_1_47' title="bbox 1065 1130 1897 1173">
     <span class='ocr_line' id='line_1_47' title="bbox 1065 1130 1897 1173; baseline 0.008 -14"><span class='ocrx_word' id='word_1_300' title='bbox 1065 1130 1176 1160; x_wconf 82' lang='lat' dir='ltr'><strong>carnali</strong></span> <span class='ocrx_word' id='word_1_301' title='bbox 1201 1140 1305 1168; x_wconf 78' lang='lat' dir='ltr'><strong>seus=i,</strong></span> <span class='ocrx_word' id='word_1_302' title='bbox 1343 1143 1400 1162; x_wconf 77' lang='lat' dir='ltr'><strong>non</strong></span> <span class='ocrx_word' id='word_1_303' title='bbox 1431 1137 1529 1172; x_wconf 83' lang='lat' dir='ltr'><strong>potest</strong></span> <span class='ocrx_word' id='word_1_304' title='bbox 1553 1134 1747 1172; x_wconf 72' lang='lat' dir='ltr'><strong>spirilualiter</strong></span> <span class='ocrx_word' id='word_1_305' title='bbox 1761 1132 1897 1173; x_wconf 67' lang='lat' dir='ltr'><strong>guStare,</strong></span> 
     </span>
    </p>
   </div>
   <div class='ocr_carea' id='block_1_48' title="bbox 1066 1175 1898 1215">
    <p class='ocr_par' dir='ltr' id='par_1_48' title="bbox 1066 1175 1898 1215">
     <span class='ocr_line' id='line_1_48' title="bbox 1066 1175 1898 1215; baseline 0.008 -11"><span class='ocrx_word' id='word_1_306' title='bbox 1066 1185 1130 1214; x_wconf 73' lang='grc' dir='ltr'><strong>ιμιίυ</strong></span> <span class='ocrx_word' id='word_1_307' title='bbox 1141 1175 1226 1206; x_wconf 80' lang='lat' dir='ltr'><strong>aDeo</strong></span> <span class='ocrx_word' id='word_1_308' title='bbox 1241 1177 1306 1206; x_wconf 83' lang='lat' dir='ltr'><strong>data</strong></span> <span class='ocrx_word' id='word_1_309' title='bbox 1318 1182 1386 1206; x_wconf 80' lang='lat' dir='ltr'><strong>Stzltl</strong></span> <span class='ocrx_word' id='word_1_310' title='bbox 1400 1178 1486 1207; x_wconf 84' lang='lat' dir='ltr'><strong>nubis</strong></span> <span class='ocrx_word' id='word_1_311' title='bbox 1498 1177 1655 1215; x_wconf 83' lang='lat' dir='ltr'><strong>benelieia,</strong></span> <span class='ocrx_word' id='word_1_312' title='bbox 1669 1188 1770 1210; x_wconf 89' lang='lat' dir='ltr'><strong>verum</strong></span> <span class='ocrx_word' id='word_1_313' title='bbox 1791 1182 1898 1212; x_wconf 83' lang='lat' dir='ltr'><strong>omnia</strong></span> 
     </span>
    </p>
   </div>
   <div class='ocr_carea' id='block_1_49' title="bbox 203 1220 1896 1275">
    <p class='ocr_par' dir='ltr' id='par_1_49' title="bbox 203 1220 1896 1275">
     <span class='ocr_line' id='line_1_49' title="bbox 203 1220 1896 1275; baseline -0.005 -10"><span class='ocrx_word' id='word_1_314' title='bbox 329 1220 481 1265; x_wconf 78' lang='lat' dir='ltr'><strong>iinmorari</strong></span> <span class='ocrx_word' id='word_1_315' title='bbox 493 1220 728 1273; x_wconf 70' lang='lat' dir='ltr'><strong>cogaiurJIomo</strong></span> <span class='ocrx_word' id='word_1_316' title='bbox 740 1220 910 1264; x_wconf 68' lang='lat' dir='ltr'><strong>cumhodm</strong></span> <span class='ocrx_word' id='word_1_317' title='bbox 926 1241 1023 1263; x_wconf 84' lang='lat' dir='ltr'><strong>escam</strong></span> <span class='ocrx_word' id='word_1_318' title='bbox 1067 1220 1165 1275; x_wconf 52' lang='grc' dir='ltr'><strong>(ξίνίηδ</strong></span> <span class='ocrx_word' id='word_1_319' title='bbox 1176 1221 1202 1250; x_wconf 63' lang='grc' dir='ltr'><strong>εί</strong></span> <span class='ocrx_word' id='word_1_320' title='bbox 1215 1230 1314 1251; x_wconf 69' lang='lat' dir='ltr'><strong>“mam</strong></span> <span class='ocrx_word' id='word_1_321' title='bbox 1327 1222 1482 1275; x_wconf 52' lang='lat' dir='ltr'><strong>&quot;i‘lfmlm&#39;j</strong></span> <span class='ocrx_word' id='word_1_322' title='bbox 1496 1226 1525 1252; x_wconf 74' lang='grc' dir='ltr'><strong>οι</strong></span> <span class='ocrx_word' id='word_1_323' title='bbox 1537 1222 1607 1252; x_wconf 64' lang='lat' dir='ltr'><strong>muti</strong></span> <span class='ocrx_word' id='word_1_324' title='bbox 1622 1232 1629 1254; x_wconf 79' lang='grc' dir='ltr'><em>ῑ</em></span> <span class='ocrx_word' id='word_1_325' title='bbox 1648 1225 1781 1275; x_wconf 58' lang='grc' dir='ltr'><strong>ϐμεΐαῐν,</strong></span> <span class='ocrx_word' id='word_1_326' title='bbox 1797 1229 1826 1256; x_wconf 74' lang='lat' dir='ltr'><strong>ct</strong></span> <span class='ocrx_word' id='word_1_327' title='bbox 1843 1235 1896 1257; x_wconf 74' lang='lat'><strong>1&#39;1-</strong></span> 
     </span>
    </p>
   </div>
   <div class='ocr_carea' id='block_1_50' title="bbox 203 1267 1025 1318">
    <p class='ocr_par' dir='ltr' id='par_1_50' title="bbox 203 1267 1025 1318">
     <span class='ocr_line' id='line_1_50' title="bbox 203 1267 1025 1318; baseline -0.002 -9"><span class='ocrx_word' id='word_1_328' title='bbox 203 1267 292 1316; x_wconf 66' lang='lat' dir='ltr'><strong>time;</strong></span> <span class='ocrx_word' id='word_1_329' title='bbox 304 1279 370 1309; x_wconf 85' lang='lat' dir='ltr'><strong>audi</strong></span> <span class='ocrx_word' id='word_1_330' title='bbox 384 1288 444 1316; x_wconf 89' lang='lat' dir='ltr'><strong>me,</strong></span> <span class='ocrx_word' id='word_1_331' title='bbox 454 1285 483 1310; x_wconf 91' lang='lat' dir='ltr'><strong>et</strong></span> <span class='ocrx_word' id='word_1_332' title='bbox 495 1267 596 1318; x_wconf 67' lang='lat' dir='ltr'><strong>procul</strong></span> <span class='ocrx_word' id='word_1_333' title='bbox 610 1278 646 1309; x_wconf 84' lang='lat' dir='ltr'><strong>ab</strong></span> <span class='ocrx_word' id='word_1_334' title='bbox 659 1279 720 1308; x_wconf 92' lang='lat' dir='ltr'><strong>illio</strong></span> <span class='ocrx_word' id='word_1_335' title='bbox 732 1277 839 1308; x_wconf 78' lang='lat' dir='ltr'><strong>recede</strong></span> <span class='ocrx_word' id='word_1_336' title='bbox 849 1287 884 1307; x_wconf 88' lang='lat' dir='ltr'><strong>ne</strong></span> <span class='ocrx_word' id='word_1_337' title='bbox 896 1277 1025 1307; x_wconf 86' lang='lat' dir='ltr'><strong>animam</strong></span> 
     </span>
    </p>
   </div>
   <div class='ocr_carea' id='block_1_51' title="bbox 1065 1267 1894 1318">
    <p class='ocr_par' dir='ltr' id='par_1_51' title="bbox 1067 1267 1894 1310">
     <span class='ocr_line' id='line_1_51' title="bbox 1067 1267 1894 1310; baseline 0.007 -14"><span class='ocrx_word' id='word_1_338' title='bbox 1067 1267 1132 1297; x_wconf 66' lang='lat' dir='ltr'><strong>dele</strong></span> <span class='ocrx_word' id='word_1_339' title='bbox 1148 1270 1289 1306; x_wconf 56' lang='lat' dir='ltr'><strong>quoniam</strong></span> <span class='ocrx_word' id='word_1_340' title='bbox 1298 1269 1450 1299; x_wconf 75' lang='lat' dir='ltr'><strong>suurisest</strong></span> <span class='ocrx_word' id='word_1_341' title='bbox 1460 1269 1657 1307; x_wconf 54' lang='lat' dir='ltr'><strong>anzt&#39;nus90,</strong></span> <span class='ocrx_word' id='word_1_342' title='bbox 1672 1269 1797 1310; x_wconf 75' lang='lat' dir='ltr'><strong>ignorat.</strong></span> <span class='ocrx_word' id='word_1_343' title='bbox 1807 1271 1894 1308; x_wconf 81' lang='lat' dir='ltr'><strong>Quod</strong></span> 
     </span>
    </p>
   </div>
   <div class='ocr_carea' id='block_1_52' title="bbox 204 1312 1896 1362">
    <p class='ocr_par' dir='ltr' id='par_1_52' title="bbox 204 1312 1896 1362">
     <span class='ocr_line' id='line_1_52' title="bbox 204 1312 1896 1362; baseline -0.005 -7"><span class='ocrx_word' id='word_1_344' title='bbox 204 1312 406 1355; x_wconf 39' lang='lat' dir='ltr'><strong>tuam&#39;iterum</strong></span> <span class='ocrx_word' id='word_1_345' title='bbox 435 1312 470 1353; x_wconf 78' lang='lat' dir='ltr'><strong>ad</strong></span> <span class='ocrx_word' id='word_1_346' title='bbox 495 1312 611 1354; x_wconf 81' lang='lat' dir='ltr'><strong>inferos</strong></span> <span class='ocrx_word' id='word_1_347' title='bbox 641 1323 781 1353; x_wconf 68' lang='lat' dir='ltr'><strong>deducas.</strong></span> <span class='ocrx_word' id='word_1_348' title='bbox 800 1324 928 1353; x_wconf 83' lang='lat' dir='ltr'><strong>Mentem</strong></span> <span class='ocrx_word' id='word_1_349' title='bbox 947 1327 1024 1352; x_wconf 89' lang='lat' dir='ltr'><strong>tuam</strong></span> <span class='ocrx_word' id='word_1_350' title='bbox 1067 1312 1119 1362; x_wconf 57' lang='lat' dir='ltr'><strong>{iul</strong></span> <span class='ocrx_word' id='word_1_351' title='bbox 1144 1312 1296 1362; x_wconf 56' lang='lat' dir='ltr'><strong>&#39;{Yldemf‘r</strong></span> <span class='ocrx_word' id='word_1_352' title='bbox 1322 1313 1466 1362; x_wconf 48' lang='lat' dir='ltr'><strong>“ffllﬁcm</strong></span> <span class='ocrx_word' id='word_1_353' title='bbox 1483 1314 1715 1362; x_wconf 66' lang='lat' dir='ltr'><strong>acllal&#39;itate._el</strong></span> <span class='ocrx_word' id='word_1_354' title='bbox 1731 1315 1896 1348; x_wconf 84' lang='lat' dir='ltr'><strong>dulcedine</strong></span> 
     </span>
    </p>
   </div>
   <div class='ocr_carea' id='block_1_53' title="bbox 202 1356 1894 1408">
    <p class='ocr_par' dir='ltr' id='par_1_53' title="bbox 202 1356 1894 1408">
     <span class='ocr_line' id='line_1_53' title="bbox 202 1356 1894 1408; baseline -0.002 -9"><span class='ocrx_word' id='word_1_355' title='bbox 202 1369 270 1408; x_wconf 74' lang='lat' dir='ltr'><strong>fige,</strong></span> <span class='ocrx_word' id='word_1_356' title='bbox 288 1373 315 1399; x_wconf 89' lang='lat' dir='ltr'><strong>et</strong></span> <span class='ocrx_word' id='word_1_357' title='bbox 339 1367 510 1405; x_wconf 76' lang='lat' dir='ltr'><strong>constabili,</strong></span> <span class='ocrx_word' id='word_1_358' title='bbox 537 1372 565 1398; x_wconf 91' lang='lat' dir='ltr'><strong>et</strong></span> <span class='ocrx_word' id='word_1_359' title='bbox 582 1377 618 1398; x_wconf 87' lang='lat' dir='ltr'><strong>ne</strong></span> <span class='ocrx_word' id='word_1_360' title='bbox 635 1367 714 1397; x_wconf 84' lang='lat' dir='ltr'><strong>illam</strong></span> <span class='ocrx_word' id='word_1_361' title='bbox 731 1367 765 1397; x_wconf 82' lang='lat' dir='ltr'><strong>:d</strong></span> <span class='ocrx_word' id='word_1_362' title='bbox 783 1376 865 1406; x_wconf 86' lang='lat' dir='ltr'><strong>vana,</strong></span> <span class='ocrx_word' id='word_1_363' title='bbox 884 1371 911 1396; x_wconf 85' lang='lat' dir='ltr'><strong>et</strong></span> <span class='ocrx_word' id='word_1_364' title='bbox 927 1366 1026 1396; x_wconf 86' lang='lat' dir='ltr'><strong>inania</strong></span> <span class='ocrx_word' id='word_1_365' title='bbox 1068 1356 1120 1386; x_wconf 66' lang='lat' dir='ltr'><strong>Dei</strong></span> <span class='ocrx_word' id='word_1_366' title='bbox 1135 1356 1249 1408; x_wconf 47' lang='lat' dir='ltr'><strong>“mf”?</strong></span> <span class='ocrx_word' id='word_1_367' title='bbox 1261 1361 1323 1408; x_wconf 59' lang='lat' dir='ltr'><strong>f&#39;51_</strong></span> <span class='ocrx_word' id='word_1_368' title='bbox 1412 1367 1511 1408; x_wconf 66' lang='lat' dir='ltr'><strong>_l‘f’”f’</strong></span> <span class='ocrx_word' id='word_1_369' title='bbox 1537 1364 1640 1398; x_wconf 68' lang='grc' dir='ltr'><strong>ἓυδιυε</strong></span> <span class='ocrx_word' id='word_1_370' title='bbox 1670 1360 1773 1391; x_wconf 69' lang='lat' dir='ltr'><strong>horum</strong></span> <span class='ocrx_word' id='word_1_371' title='bbox 1790 1371 1894 1392; x_wconf 63' lang='lat' dir='ltr'><strong>exsors</strong></span> 
     </span>
    </p>
   </div>
   <div class='ocr_carea' id='block_1_54' title="bbox 202 1402 1892 1451">
    <p class='ocr_par' dir='ltr' id='par_1_54' title="bbox 202 1402 1892 1451">
     <span class='ocr_line' id='line_1_54' title="bbox 202 1402 1892 1451; baseline 0.002 -17"><span class='ocrx_word' id='word_1_372' title='bbox 202 1402 352 1442; x_wconf 42' lang='lat' dir='ltr'><strong>acdienda</strong></span> <span class='ocrx_word' id='word_1_373' title='bbox 362 1412 459 1450; x_wconf 71' lang='lat' dir='ltr'><strong>vagari</strong></span> <span class='ocrx_word' id='word_1_374' title='bbox 471 1402 562 1442; x_wconf 56' lang='lat' dir='ltr'><strong>sihas.</strong></span> <span class='ocrx_word' id='word_1_375' title='bbox 576 1412 619 1442; x_wconf 80' lang='lat' dir='ltr'><strong>Ne</strong></span> <span class='ocrx_word' id='word_1_376' title='bbox 631 1411 737 1451; x_wconf 72' lang='lat' dir='ltr'><strong>pedem</strong></span> <span class='ocrx_word' id='word_1_377' title='bbox 750 1402 873 1441; x_wconf 30' lang='lat' dir='ltr'><strong>referas:</strong></span> <span class='ocrx_word' id='word_1_378' title='bbox 888 1411 931 1441; x_wconf 73' lang='lat' dir='ltr'><strong>Nc</strong></span> <span class='ocrx_word' id='word_1_379' title='bbox 944 1409 1027 1450; x_wconf 61' lang='lat' dir='ltr'><strong>piger</strong></span> <span class='ocrx_word' id='word_1_380' title='bbox 1069 1409 1124 1437; x_wconf 63' lang='grc' dir='ltr'><strong>(δ’,</strong></span> <span class='ocrx_word' id='word_1_381' title='bbox 1134 1402 1209 1440; x_wconf 70' lang='grc' dir='ltr'><strong>1)Ῑ“0¹ὶ</strong></span> <span class='ocrx_word' id='word_1_382' title='bbox 1221 1402 1247 1432; x_wconf 81' lang='lat' dir='ltr'><strong>dt</strong></span> <span class='ocrx_word' id='word_1_383' title='bbox 1260 1402 1323 1433; x_wconf 77' lang='lat' dir='ltr'><strong>iOl‘</strong></span> <span class='ocrx_word' id='word_1_384' title='bbox 1342 1404 1395 1434; x_wconf 87' lang='lat' dir='ltr'><strong>[lei</strong></span> <span class='ocrx_word' id='word_1_385' title='bbox 1410 1404 1606 1451; x_wconf 29' lang='grc' dir='ltr'><strong>ιιιίηιίευεηρι</strong></span> <span class='ocrx_word' id='word_1_386' title='bbox 1621 1415 1732 1445; x_wconf 79' lang='lat' dir='ltr'><strong>aregno</strong></span> <span class='ocrx_word' id='word_1_387' title='bbox 1745 1407 1892 1438; x_wconf 70' lang='lat' dir='ltr'><strong>caelorum</strong></span> 
     </span>
    </p>
   </div>
   <div class='ocr_carea' id='block_1_55' title="bbox 203 1449 1025 1496">
    <p class='ocr_par' dir='ltr' id='par_1_55' title="bbox 203 1449 1025 1496">
     <span class='ocr_line' id='line_1_55' title="bbox 203 1449 1025 1496; baseline -0.004 -9"><span class='ocrx_word' id='word_1_388' title='bbox 203 1456 255 1494; x_wconf 92' lang='lat' dir='ltr'><strong>sis,</strong></span> <span class='ocrx_word' id='word_1_389' title='bbox 271 1465 344 1487; x_wconf 87' lang='lat' dir='ltr'><strong>neve</strong></span> <span class='ocrx_word' id='word_1_390' title='bbox 361 1449 497 1486; x_wconf 82' lang='lat' dir='ltr'><strong>socordia</strong></span> <span class='ocrx_word' id='word_1_391' title='bbox 512 1449 647 1496; x_wconf 75' lang='lat' dir='ltr'><strong>gravere,</strong></span> <span class='ocrx_word' id='word_1_392' title='bbox 665 1460 693 1486; x_wconf 86' lang='lat' dir='ltr'><strong>et</strong></span> <span class='ocrx_word' id='word_1_393' title='bbox 717 1455 898 1495; x_wconf 74' lang='lat' dir='ltr'><strong>opprimere.</strong></span> <span class='ocrx_word' id='word_1_394' title='bbox 916 1449 959 1485; x_wconf 75' lang='lat' dir='ltr'><strong>Ne</strong></span> <span class='ocrx_word' id='word_1_395' title='bbox 974 1454 1025 1484; x_wconf 84' lang='lat' dir='ltr'><strong>des</strong></span> 
     </span>
    </p>
   </div>
   <div class='ocr_carea' id='block_1_56' title="bbox 1065 1449 1890 1496">
    <p class='ocr_par' dir='ltr' id='par_1_56' title="bbox 1068 1449 1890 1496">
     <span class='ocr_line' id='line_1_56' title="bbox 1068 1449 1890 1496; baseline 0.007 -19"><span class='ocrx_word' id='word_1_396' title='bbox 1068 1451 1238 1496; x_wconf 48' lang='lat' dir='ltr'><strong>ettraneus,</strong></span> <span class='ocrx_word' id='word_1_397' title='bbox 1254 1458 1288 1496; x_wconf 81' lang='lat' dir='ltr'><strong>ac</strong></span> <span class='ocrx_word' id='word_1_398' title='bbox 1301 1449 1477 1496; x_wconf 74' lang='lat' dir='ltr'><strong>peregrinus</strong></span> <span class='ocrx_word' id='word_1_399' title='bbox 1488 1454 1542 1482; x_wconf 91' lang='lat' dir='ltr'><strong>est.</strong></span> <span class='ocrx_word' id='word_1_400' title='bbox 1555 1450 1646 1487; x_wconf 88' lang='lat' dir='ltr'><strong>Quam</strong></span> <span class='ocrx_word' id='word_1_401' title='bbox 1664 1453 1755 1490; x_wconf 88' lang='lat' dir='ltr'><strong>enim,</strong></span> <span class='ocrx_word' id='word_1_402' title='bbox 1773 1463 1890 1494; x_wconf 70' lang='lat' dir='ltr'><strong>quaeso,</strong></span> 
     </span>
    </p>
   </div>
   <div class='ocr_carea' id='block_1_57' title="bbox 202 1492 1025 1541">
    <p class='ocr_par' dir='ltr' id='par_1_57' title="bbox 202 1492 1025 1541">
     <span class='ocr_line' id='line_1_57' title="bbox 202 1492 1025 1541; baseline -0.004 -10"><span class='ocrx_word' id='word_1_403' title='bbox 202 1492 338 1531; x_wconf 90' lang='lat' dir='ltr'><strong>somnum</strong></span> <span class='ocrx_word' id='word_1_404' title='bbox 354 1500 449 1531; x_wconf 83' lang='lat' dir='ltr'><strong>Oculis</strong></span> <span class='ocrx_word' id='word_1_405' title='bbox 462 1492 528 1541; x_wconf 61' lang='lat' dir='ltr'><strong>tuis,</strong></span> <span class='ocrx_word' id='word_1_406' title='bbox 543 1509 601 1531; x_wconf 90' lang='lat' dir='ltr'><strong>neu</strong></span> <span class='ocrx_word' id='word_1_407' title='bbox 613 1492 712 1539; x_wconf 79' lang='lat' dir='ltr'><strong>guttur</strong></span> <span class='ocrx_word' id='word_1_408' title='bbox 724 1492 805 1530; x_wconf 80' lang='lat' dir='ltr'><strong>tuum</strong></span> <span class='ocrx_word' id='word_1_409' title='bbox 826 1499 951 1538; x_wconf 79' lang='lat' dir='ltr'><strong>alicujus</strong></span> <span class='ocrx_word' id='word_1_410' title='bbox 967 1498 1025 1529; x_wconf 85' lang='lat' dir='ltr'><strong>cibi</strong></span> 
     </span>
    </p>
   </div>
   <div class='ocr_carea' id='block_1_58' title="bbox 1065 1492 1892 1541">
    <p class='ocr_par' dir='ltr' id='par_1_58' title="bbox 1066 1492 1892 1535">
     <span class='ocr_line' id='line_1_58' title="bbox 1066 1492 1892 1535; baseline 0.008 -13"><span class='ocrx_word' id='word_1_411' title='bbox 1066 1492 1153 1522; x_wconf 88' lang='lat' dir='ltr'><strong>aliam</strong></span> <span class='ocrx_word' id='word_1_412' title='bbox 1170 1502 1252 1532; x_wconf 82' lang='lat' dir='ltr'><strong>spem</strong></span> <span class='ocrx_word' id='word_1_413' title='bbox 1281 1494 1412 1530; x_wconf 79' lang='lat' dir='ltr'><strong>habebit,</strong></span> <span class='ocrx_word' id='word_1_414' title='bbox 1442 1498 1491 1525; x_wconf 86' lang='lat' dir='ltr'><strong>aut</strong></span> <span class='ocrx_word' id='word_1_415' title='bbox 1521 1496 1606 1535; x_wconf 86' lang='lat' dir='ltr'><strong>cujus</strong></span> <span class='ocrx_word' id='word_1_416' title='bbox 1636 1496 1710 1527; x_wconf 89' lang='lat' dir='ltr'><strong>alius</strong></span> <span class='ocrx_word' id='word_1_417' title='bbox 1727 1492 1892 1529; x_wconf 74' lang='lat' dir='ltr'><strong>dilectione</strong></span> 
     </span>
    </p>
   </div>
   <div class='ocr_carea' id='block_1_59' title="bbox 201 1539 1890 1591">
    <p class='ocr_par' dir='ltr' id='par_1_59' title="bbox 201 1539 1890 1591">
     <span class='ocr_line' id='line_1_59' title="bbox 201 1539 1890 1591; baseline -0.001 -16"><span class='ocrx_word' id='word_1_418' title='bbox 201 1545 345 1576; x_wconf 85' lang='lat' dir='ltr'><strong>suavitate</strong></span> <span class='ocrx_word' id='word_1_419' title='bbox 367 1539 550 1585; x_wconf 83' lang='lat' dir='ltr'><strong>demulceas,</strong></span> <span class='ocrx_word' id='word_1_420' title='bbox 568 1545 664 1576; x_wconf 87' lang='lat' dir='ltr'><strong>donec</strong></span> <span class='ocrx_word' id='word_1_421' title='bbox 693 1544 793 1574; x_wconf 85' lang='lat' dir='ltr'><strong>videas</strong></span> <span class='ocrx_word' id='word_1_422' title='bbox 820 1552 874 1583; x_wconf 77' lang='lat' dir='ltr'><strong>per</strong></span> <span class='ocrx_word' id='word_1_423' title='bbox 898 1543 979 1584; x_wconf 89' lang='lat' dir='ltr'><strong>quid.</strong></span> <span class='ocrx_word' id='word_1_424' title='bbox 997 1539 1280 1591; x_wconf 47' lang='lat' dir='ltr'><strong>etcimplicabit&#39;ur,</strong></span> <span class='ocrx_word' id='word_1_425' title='bbox 1298 1546 1348 1591; x_wconf 79' lang='lat' dir='ltr'><strong>aut</strong></span> <span class='ocrx_word' id='word_1_426' title='bbox 1375 1551 1392 1572; x_wconf 88' lang='lat' dir='ltr'><strong>a</strong></span> <span class='ocrx_word' id='word_1_427' title='bbox 1416 1551 1474 1582; x_wconf 89' lang='lat' dir='ltr'><strong>quo</strong></span> <span class='ocrx_word' id='word_1_428' title='bbox 1502 1543 1734 1591; x_wconf 64' lang='lat' dir='ltr'><strong>consolationem</strong></span> <span class='ocrx_word' id='word_1_429' title='bbox 1759 1554 1810 1575; x_wconf 86' lang='lat' dir='ltr'><strong>seu</strong></span> <span class='ocrx_word' id='word_1_430' title='bbox 1827 1545 1890 1582; x_wconf 87' lang='lat' dir='ltr'><strong>hic,</strong></span> 
     </span>
    </p>
   </div>
   <div class='ocr_carea' id='block_1_60' title="bbox 201 1585 1891 1630">
    <p class='ocr_par' dir='ltr' id='par_1_60' title="bbox 201 1585 1891 1630">
     <span class='ocr_line' id='line_1_60' title="bbox 201 1585 1891 1630; baseline 0 -10"><span class='ocrx_word' id='word_1_431' title='bbox 201 1593 324 1630; x_wconf 86' lang='lat' dir='ltr'><strong>propter</strong></span> <span class='ocrx_word' id='word_1_432' title='bbox 339 1589 408 1629; x_wconf 90' lang='lat' dir='ltr'><strong>quid</strong></span> <span class='ocrx_word' id='word_1_433' title='bbox 425 1589 518 1620; x_wconf 87' lang='lat' dir='ltr'><strong>vocati</strong></span> <span class='ocrx_word' id='word_1_434' title='bbox 535 1589 640 1626; x_wconf 79' lang='lat' dir='ltr'><strong>siuius,</strong></span> <span class='ocrx_word' id='word_1_435' title='bbox 656 1593 685 1620; x_wconf 90' lang='lat' dir='ltr'><strong>et</strong></span> <span class='ocrx_word' id='word_1_436' title='bbox 700 1598 843 1629; x_wconf 85' lang='lat' dir='ltr'><strong>quorsum</strong></span> <span class='ocrx_word' id='word_1_437' title='bbox 860 1587 1024 1618; x_wconf 81' lang='lat' dir='ltr'><strong>secundum</strong></span> <span class='ocrx_word' id='word_1_438' title='bbox 1036 1585 1054 1591; x_wconf 76' lang='grc'><strong>“’</strong></span> <span class='ocrx_word' id='word_1_439' title='bbox 1068 1593 1121 1615; x_wconf 88' lang='lat' dir='ltr'><strong>seu</strong></span> <span class='ocrx_word' id='word_1_440' title='bbox 1133 1589 1197 1625; x_wconf 88' lang='lat' dir='ltr'><strong>post</strong></span> <span class='ocrx_word' id='word_1_441' title='bbox 1209 1585 1320 1617; x_wconf 89' lang='lat' dir='ltr'><strong>obitum</strong></span> <span class='ocrx_word' id='word_1_442' title='bbox 1331 1586 1484 1618; x_wconf 86' lang='lat' dir='ltr'><strong>inveniet?</strong></span> <span class='ocrx_word' id='word_1_443' title='bbox 1502 1586 1533 1617; x_wconf 94' lang='lat' dir='ltr'><strong>In</strong></span> <span class='ocrx_word' id='word_1_444' title='bbox 1546 1587 1594 1618; x_wconf 90' lang='lat' dir='ltr'><strong>die</strong></span> <span class='ocrx_word' id='word_1_445' title='bbox 1607 1588 1804 1627; x_wconf 82' lang='lat' dir='ltr'><strong>verojudicii,</strong></span> <span class='ocrx_word' id='word_1_446' title='bbox 1818 1589 1891 1629; x_wconf 88' lang='lat' dir='ltr'><strong>quid</strong></span> 
     </span>
    </p>
   </div>
   <div class='ocr_carea' id='block_1_61' title="bbox 200 1630 1892 1674">
    <p class='ocr_par' dir='ltr' id='par_1_61' title="bbox 200 1630 1892 1674">
     <span class='ocr_line' id='line_1_61' title="bbox 200 1630 1892 1674; baseline 0 -10"><span class='ocrx_word' id='word_1_447' title='bbox 200 1643 323 1674; x_wconf 87' lang='lat' dir='ltr'><strong>scopum</strong></span> <span class='ocrx_word' id='word_1_448' title='bbox 340 1638 421 1664; x_wconf 93' lang='lat' dir='ltr'><strong>tuum</strong></span> <span class='ocrx_word' id='word_1_449' title='bbox 440 1634 572 1664; x_wconf 88' lang='lat' dir='ltr'><strong>festines.</strong></span> <span class='ocrx_word' id='word_1_450' title='bbox 594 1633 770 1674; x_wconf 82' lang='lat' dir='ltr'><strong>liujusmndi</strong></span> <span class='ocrx_word' id='word_1_451' title='bbox 785 1632 1024 1672; x_wconf 76' lang='lat' dir='ltr'><strong>cogitationibus,</strong></span> <span class='ocrx_word' id='word_1_452' title='bbox 1065 1630 1268 1670; x_wconf 82' lang='lat' dir='ltr'><strong>respondebit,</strong></span> <span class='ocrx_word' id='word_1_453' title='bbox 1281 1631 1398 1671; x_wconf 84' lang='lat' dir='ltr'><strong>quando</strong></span> <span class='ocrx_word' id='word_1_454' title='bbox 1409 1632 1543 1663; x_wconf 88' lang='lat' dir='ltr'><strong>Christus</strong></span> <span class='ocrx_word' id='word_1_455' title='bbox 1564 1633 1662 1663; x_wconf 86' lang='lat' dir='ltr'><strong>veniet</strong></span> <span class='ocrx_word' id='word_1_456' title='bbox 1676 1633 1803 1664; x_wconf 87' lang='lat' dir='ltr'><strong>reddere</strong></span> <span class='ocrx_word' id='word_1_457' title='bbox 1819 1634 1892 1664; x_wconf 88' lang='lat' dir='ltr'><strong>uni-</strong></span> 
     </span>
    </p>
   </div>
   <div class='ocr_carea' id='block_1_62' title="bbox 202 1674 1892 1719">
    <p class='ocr_par' dir='ltr' id='par_1_62' title="bbox 202 1674 1892 1719">
     <span class='ocr_line' id='line_1_62' title="bbox 202 1674 1892 1719; baseline -0.001 -10"><span class='ocrx_word' id='word_1_458' title='bbox 202 1688 270 1710; x_wconf 88' lang='lat' dir='ltr'><strong>cum</strong></span> <span class='ocrx_word' id='word_1_459' title='bbox 288 1683 315 1709; x_wconf 90' lang='lat' dir='ltr'><strong>te</strong></span> <span class='ocrx_word' id='word_1_460' title='bbox 332 1678 490 1719; x_wconf 87' lang='lat' dir='ltr'><strong>subierint,</strong></span> <span class='ocrx_word' id='word_1_461' title='bbox 513 1678 608 1709; x_wconf 89' lang='lat' dir='ltr'><strong>locum</strong></span> <span class='ocrx_word' id='word_1_462' title='bbox 626 1687 683 1708; x_wconf 92' lang='lat' dir='ltr'><strong>non</strong></span> <span class='ocrx_word' id='word_1_463' title='bbox 701 1677 863 1717; x_wconf 86' lang='lat' dir='ltr'><strong>relinques.</strong></span> <span class='ocrx_word' id='word_1_464' title='bbox 881 1677 955 1713; x_wconf 90' lang='lat' dir='ltr'><strong>Quid</strong></span> <span class='ocrx_word' id='word_1_465' title='bbox 973 1676 1025 1707; x_wconf 89' lang='lat' dir='ltr'><strong>tibi</strong></span> <span class='ocrx_word' id='word_1_466' title='bbox 1067 1674 1174 1714; x_wconf 79' lang='lat' dir='ltr'><strong>Cuique</strong></span> <span class='ocrx_word' id='word_1_467' title='bbox 1189 1676 1352 1706; x_wconf 88' lang='lat' dir='ltr'><strong>secundum</strong></span> <span class='ocrx_word' id='word_1_468' title='bbox 1369 1685 1459 1716; x_wconf 80' lang='lat' dir='ltr'><strong>opera</strong></span> <span class='ocrx_word' id='word_1_469' title='bbox 1475 1686 1527 1707; x_wconf 90' lang='lat' dir='ltr'><strong>sua</strong></span> <span class='ocrx_word' id='word_1_470' title='bbox 1540 1677 1567 1701; x_wconf 87' lang='lat'><strong>9|</strong></span> <span class='ocrx_word' id='word_1_471' title='bbox 1584 1687 1591 1707; x_wconf 87' lang='lat'>:</span> <span class='ocrx_word' id='word_1_472' title='bbox 1615 1677 1732 1717; x_wconf 84' lang='lat' dir='ltr'><strong>quando</strong></span> <span class='ocrx_word' id='word_1_473' title='bbox 1748 1688 1764 1708; x_wconf 88' lang='lat' dir='ltr'><strong>a</strong></span> <span class='ocrx_word' id='word_1_474' title='bbox 1781 1688 1868 1708; x_wconf 89' lang='lat' dir='ltr'><strong>mona</strong></span> <span class='ocrx_word' id='word_1_475' title='bbox 1880 1696 1892 1702; x_wconf 89' lang='lat'><strong>-</strong></span> 
     </span>
    </p>
   </div>
   <div class='ocr_carea' id='block_1_63' title="bbox 201 1719 1888 1763">
    <p class='ocr_par' dir='ltr' id='par_1_63' title="bbox 201 1719 1888 1763">
     <span class='ocr_line' id='line_1_63' title="bbox 201 1719 1888 1763; baseline -0.001 -9"><span class='ocrx_word' id='word_1_476' title='bbox 201 1723 315 1763; x_wconf 83' lang='lat' dir='ltr'><strong>labore,</strong></span> <span class='ocrx_word' id='word_1_477' title='bbox 333 1727 363 1754; x_wconf 86' lang='lat' dir='ltr'><strong>et</strong></span> <span class='ocrx_word' id='word_1_478' title='bbox 379 1723 403 1754; x_wconf 88' lang='lat' dir='ltr'><strong>is</strong></span> <span class='ocrx_word' id='word_1_479' title='bbox 419 1733 435 1753; x_wconf 76' lang='grc' dir='ltr'><strong>ιι</strong></span> <span class='ocrx_word' id='word_1_480' title='bbox 451 1723 619 1762; x_wconf 85' lang='lat' dir='ltr'><strong>importuna</strong></span> <span class='ocrx_word' id='word_1_481' title='bbox 635 1722 845 1761; x_wconf 73' lang='lat' dir='ltr'><strong>defatigatione</strong></span> <span class='ocrx_word' id='word_1_482' title='bbox 861 1731 937 1762; x_wconf 90' lang='lat' dir='ltr'><strong>opus</strong></span> <span class='ocrx_word' id='word_1_483' title='bbox 953 1721 1025 1752; x_wconf 80' lang='lat' dir='ltr'><strong>est?</strong></span> <span class='ocrx_word' id='word_1_484' title='bbox 1066 1719 1140 1756; x_wconf 85' lang='lat' dir='ltr'><strong>citis,</strong></span> <span class='ocrx_word' id='word_1_485' title='bbox 1155 1719 1205 1759; x_wconf 88' lang='lat' dir='ltr'><strong>qui</strong></span> <span class='ocrx_word' id='word_1_486' title='bbox 1217 1729 1248 1750; x_wconf 74' lang='lat' dir='ltr'><strong>se</strong></span> <span class='ocrx_word' id='word_1_487' title='bbox 1261 1720 1303 1751; x_wconf 93' lang='lat' dir='ltr'><strong>illi</strong></span> <span class='ocrx_word' id='word_1_488' title='bbox 1314 1730 1413 1752; x_wconf 91' lang='lat' dir='ltr'><strong>coram</strong></span> <span class='ocrx_word' id='word_1_489' title='bbox 1430 1721 1529 1751; x_wconf 89' lang='lat' dir='ltr'><strong>multis</strong></span> <span class='ocrx_word' id='word_1_490' title='bbox 1541 1722 1664 1752; x_wconf 84' lang='lat' dir='ltr'><strong>testibus</strong></span> <span class='ocrx_word' id='word_1_491' title='bbox 1679 1728 1888 1763; x_wconf 71' lang='lat' dir='ltr'><strong>aggregarnnt,</strong></span> 
     </span>
    </p>
   </div>
   <div class='ocr_carea' id='block_1_64' title="bbox 200 1765 1890 1807">
    <p class='ocr_par' dir='ltr' id='par_1_64' title="bbox 200 1765 1890 1807">
     <span class='ocr_line' id='line_1_64' title="bbox 200 1765 1890 1807; baseline -0.001 -9"><span class='ocrx_word' id='word_1_492' title='bbox 200 1767 332 1806; x_wconf 87' lang='lat' dir='ltr'><strong>Tempus</strong></span> <span class='ocrx_word' id='word_1_493' title='bbox 344 1769 404 1807; x_wconf 88' lang='lat' dir='ltr'><strong>jam</strong></span> <span class='ocrx_word' id='word_1_494' title='bbox 423 1767 600 1805; x_wconf 85' lang='lat' dir='ltr'><strong>implevisti,</strong></span> <span class='ocrx_word' id='word_1_495' title='bbox 631 1767 692 1798; x_wconf 65' lang='lat' dir='ltr'><strong>haec</strong></span> <span class='ocrx_word' id='word_1_496' title='bbox 722 1767 766 1797; x_wconf 87' lang='lat' dir='ltr'><strong>bis</strong></span> <span class='ocrx_word' id='word_1_497' title='bbox 783 1771 886 1806; x_wconf 85' lang='lat' dir='ltr'><strong>terque</strong></span> <span class='ocrx_word' id='word_1_498' title='bbox 901 1766 1023 1800; x_wconf 75' lang='lat' dir='ltr'><strong>faciens,</strong></span> <span class='ocrx_word' id='word_1_499' title='bbox 1068 1768 1153 1802; x_wconf 86' lang='lat' dir='ltr'><strong>pacta</strong></span> <span class='ocrx_word' id='word_1_500' title='bbox 1169 1773 1233 1804; x_wconf 70' lang='lat' dir='ltr'><strong>qua:</strong></span> <span class='ocrx_word' id='word_1_501' title='bbox 1249 1765 1284 1795; x_wconf 90' lang='lat' dir='ltr'><strong>ad</strong></span> <span class='ocrx_word' id='word_1_502' title='bbox 1308 1770 1440 1796; x_wconf 89' lang='lat' dir='ltr'><strong>sanctum</strong></span> <span class='ocrx_word' id='word_1_503' title='bbox 1469 1768 1575 1802; x_wconf 72' lang='lat' dir='ltr'><strong>auare,</strong></span> <span class='ocrx_word' id='word_1_504' title='bbox 1607 1770 1636 1796; x_wconf 87' lang='lat' dir='ltr'><strong>et</strong></span> <span class='ocrx_word' id='word_1_505' title='bbox 1660 1776 1759 1797; x_wconf 85' lang='lat' dir='ltr'><strong>coram</strong></span> <span class='ocrx_word' id='word_1_506' title='bbox 1776 1768 1890 1797; x_wconf 77' lang='lat' dir='ltr'><strong>sanctis</strong></span> 
     </span>
    </p>
   </div>
   <div class='ocr_carea' id='block_1_65' title="bbox 199 1808 1890 1852">
    <p class='ocr_par' dir='ltr' id='par_1_65' title="bbox 199 1808 1890 1852">
     <span class='ocr_line' id='line_1_65' title="bbox 199 1808 1890 1852; baseline -0.001 -9"><span class='ocrx_word' id='word_1_507' title='bbox 199 1821 256 1844; x_wconf 88' lang='lat' dir='ltr'><strong>nec</strong></span> <span class='ocrx_word' id='word_1_508' title='bbox 273 1813 363 1843; x_wconf 92' lang='lat' dir='ltr'><strong>ullum</strong></span> <span class='ocrx_word' id='word_1_509' title='bbox 380 1813 449 1843; x_wconf 90' lang='lat' dir='ltr'><strong>inde</strong></span> <span class='ocrx_word' id='word_1_510' title='bbox 461 1812 589 1843; x_wconf 89' lang='lat' dir='ltr'><strong>fructum</strong></span> <span class='ocrx_word' id='word_1_511' title='bbox 602 1811 788 1852; x_wconf 77' lang='lat' dir='ltr'><strong>perspexisti.</strong></span> <span class='ocrx_word' id='word_1_512' title='bbox 802 1811 856 1849; x_wconf 89' lang='lat' dir='ltr'><strong>Ne,</strong></span> <span class='ocrx_word' id='word_1_513' title='bbox 871 1811 960 1842; x_wconf 84' lang='lat' dir='ltr'><strong>frater</strong></span> <span class='ocrx_word' id='word_1_514' title='bbox 972 1811 1024 1848; x_wconf 79' lang='lat' dir='ltr'><strong>mi,</strong></span> <span class='ocrx_word' id='word_1_515' title='bbox 1067 1808 1179 1847; x_wconf 81' lang='lat' dir='ltr'><strong>angelis</strong></span> <span class='ocrx_word' id='word_1_516' title='bbox 1192 1809 1256 1848; x_wconf 82' lang='lat' dir='ltr'><strong>ejus</strong></span> <span class='ocrx_word' id='word_1_517' title='bbox 1271 1810 1454 1849; x_wconf 63' lang='lat' dir='ltr'><strong>praestituros</strong></span> <span class='ocrx_word' id='word_1_518' title='bbox 1468 1819 1502 1841; x_wconf 88' lang='lat' dir='ltr'><strong>ac</strong></span> <span class='ocrx_word' id='word_1_519' title='bbox 1532 1817 1701 1842; x_wconf 40' lang='lat' dir='ltr'><strong>si&#39;rvazuros</strong></span> <span class='ocrx_word' id='word_1_520' title='bbox 1717 1820 1748 1841; x_wconf 89' lang='lat' dir='ltr'><strong>se</strong></span> <span class='ocrx_word' id='word_1_521' title='bbox 1766 1811 1890 1852; x_wconf 78' lang='lat' dir='ltr'><strong>pepige-</strong></span> 
     </span>
    </p>
   </div>
   <div class='ocr_carea' id='block_1_66' title="bbox 200 1853 1307 1898">
    <p class='ocr_par' dir='ltr' id='par_1_66' title="bbox 200 1853 1307 1898">
     <span class='ocr_line' id='line_1_66' title="bbox 200 1853 1307 1898; baseline -0.003 -10"><span class='ocrx_word' id='word_1_522' title='bbox 200 1867 238 1888; x_wconf 91' lang='lat' dir='ltr'><strong>ne</strong></span> <span class='ocrx_word' id='word_1_523' title='bbox 261 1858 317 1888; x_wconf 91' lang='lat' dir='ltr'><strong>hoc</strong></span> <span class='ocrx_word' id='word_1_524' title='bbox 333 1857 439 1898; x_wconf 74' lang='lat' dir='ltr'><strong>laqueo</strong></span> <span class='ocrx_word' id='word_1_525' title='bbox 469 1857 645 1897; x_wconf 83' lang='lat' dir='ltr'><strong>impliceris,</strong></span> <span class='ocrx_word' id='word_1_526' title='bbox 676 1865 750 1887; x_wconf 81' lang='lat' dir='ltr'><strong>neve</strong></span> <span class='ocrx_word' id='word_1_527' title='bbox 778 1856 886 1896; x_wconf 85' lang='lat' dir='ltr'><strong>prodas</strong></span> <span class='ocrx_word' id='word_1_528' title='bbox 900 1856 1024 1887; x_wconf 87' lang='lat' dir='ltr'><strong>salutem</strong></span> <span class='ocrx_word' id='word_1_529' title='bbox 1067 1857 1146 1898; x_wconf 81' lang='lat' dir='ltr'><strong>runt,</strong></span> <span class='ocrx_word' id='word_1_530' title='bbox 1162 1853 1307 1894; x_wconf 67' lang='lat' dir='ltr'><strong>requiret;</strong></span> 
     </span>
    </p>
   </div>
   <div class='ocr_carea' id='block_1_67' title="bbox 200 1897 1887 1942">
    <p class='ocr_par' dir='ltr' id='par_1_67' title="bbox 200 1897 1887 1942">
     <span class='ocr_line' id='line_1_67' title="bbox 200 1897 1887 1942; baseline -0.001 -9"><span class='ocrx_word' id='word_1_531' title='bbox 200 1909 307 1933; x_wconf 85' lang='lat' dir='ltr'><strong>tuam:</strong></span> <span class='ocrx_word' id='word_1_532' title='bbox 350 1903 401 1933; x_wconf 88' lang='lat' dir='ltr'><strong>sed</strong></span> <span class='ocrx_word' id='word_1_533' title='bbox 441 1902 550 1942; x_wconf 91' lang='lat' dir='ltr'><strong>impius</strong></span> <span class='ocrx_word' id='word_1_534' title='bbox 579 1911 613 1933; x_wconf 90' lang='lat' dir='ltr'><strong>ac</strong></span> <span class='ocrx_word' id='word_1_535' title='bbox 642 1901 816 1941; x_wconf 80' lang='lat' dir='ltr'><strong>generosius</strong></span> <span class='ocrx_word' id='word_1_536' title='bbox 844 1901 879 1932; x_wconf 86' lang='lat' dir='ltr'><strong>ad</strong></span> <span class='ocrx_word' id='word_1_537' title='bbox 910 1901 1026 1932; x_wconf 87' lang='lat' dir='ltr'><strong>virtutis</strong></span> <span class='ocrx_word' id='word_1_538' title='bbox 1106 1897 1887 1940; x_wconf 71' lang='lat' dir='ltr'><strong>Quideniminterrogatirespondemus?Annon,ad</strong></span> 
     </span>
    </p>
   </div>
   <div class='ocr_carea' id='block_1_68' title="bbox 200 1944 1885 1987">
    <p class='ocr_par' dir='ltr' id='par_1_68' title="bbox 200 1944 1885 1987">
     <span class='ocr_line' id='line_1_68' title="bbox 200 1944 1885 1987; baseline -0.001 -9"><span class='ocrx_word' id='word_1_539' title='bbox 200 1945 1023 1987; x_wconf 80' lang='lat' dir='ltr'><strong>opusincumbepotius,Pati-umqnctuorumsecundum</strong></span> <span class='ocrx_word' id='word_1_540' title='bbox 1066 1947 1200 1974; x_wconf 81' lang='lat' dir='ltr'><strong>sanctum</strong></span> <span class='ocrx_word' id='word_1_541' title='bbox 1226 1944 1329 1980; x_wconf 84' lang='lat' dir='ltr'><strong>altare,</strong></span> <span class='ocrx_word' id='word_1_542' title='bbox 1362 1949 1390 1975; x_wconf 91' lang='lat' dir='ltr'><strong>et</strong></span> <span class='ocrx_word' id='word_1_543' title='bbox 1405 1945 1439 1975; x_wconf 85' lang='lat' dir='ltr'><strong>ad</strong></span> <span class='ocrx_word' id='word_1_544' title='bbox 1457 1954 1573 1975; x_wconf 85' lang='lat' dir='ltr'><strong>sacrum</strong></span> <span class='ocrx_word' id='word_1_545' title='bbox 1603 1945 1681 1976; x_wconf 90' lang='lat' dir='ltr'><strong>hunc</strong></span> <span class='ocrx_word' id='word_1_546' title='bbox 1697 1950 1885 1984; x_wconf 90' lang='lat' dir='ltr'><strong>conventum,</strong></span> 
     </span>
    </p>
   </div>
   <div class='ocr_carea' id='block_1_69' title="bbox 201 1988 1886 2030">
    <p class='ocr_par' dir='ltr' id='par_1_69' title="bbox 201 1988 1886 2030">
     <span class='ocr_line' id='line_1_69' title="bbox 201 1988 1886 2030; baseline 0.001 -10"><span class='ocrx_word' id='word_1_547' title='bbox 201 1993 294 2022; x_wconf 86' lang='lat' dir='ltr'><strong>Deum</strong></span> <span class='ocrx_word' id='word_1_548' title='bbox 312 1991 513 2028; x_wconf 78' lang='lat' dir='ltr'><strong>sermonibus,</strong></span> <span class='ocrx_word' id='word_1_549' title='bbox 541 1995 570 2021; x_wconf 88' lang='lat' dir='ltr'><strong>et</strong></span> <span class='ocrx_word' id='word_1_550' title='bbox 596 1989 832 2021; x_wconf 86' lang='lat' dir='ltr'><strong>institutionibus</strong></span> <span class='ocrx_word' id='word_1_551' title='bbox 856 1999 893 2020; x_wconf 92' lang='lat' dir='ltr'><strong>ne</strong></span> <span class='ocrx_word' id='word_1_552' title='bbox 908 1990 1022 2020; x_wconf 84' lang='lat' dir='ltr'><strong>difﬁde.</strong></span> <span class='ocrx_word' id='word_1_553' title='bbox 1065 1988 1153 2018; x_wconf 85' lang='lat' dir='ltr'><strong>vitam</strong></span> <span class='ocrx_word' id='word_1_554' title='bbox 1179 1989 1385 2026; x_wconf 39' lang='lat' dir='ltr'><strong>monasticam,</strong></span> <span class='ocrx_word' id='word_1_555' title='bbox 1414 1994 1442 2020; x_wconf 92' lang='lat' dir='ltr'><strong>et</strong></span> <span class='ocrx_word' id='word_1_556' title='bbox 1458 1990 1521 2020; x_wconf 72' lang='lat' dir='ltr'><strong>vitae</strong></span> <span class='ocrx_word' id='word_1_557' title='bbox 1537 1990 1703 2021; x_wconf 89' lang='lat' dir='ltr'><strong>institutum</strong></span> <span class='ocrx_word' id='word_1_558' title='bbox 1719 1991 1886 2030; x_wconf 79' lang='lat' dir='ltr'><strong>angelicum</strong></span> 
     </span>
    </p>
   </div>
   <div class='ocr_carea' id='block_1_70' title="bbox 201 2033 1882 2075">
    <p class='ocr_par' dir='ltr' id='par_1_70' title="bbox 201 2033 1882 2075">
     <span class='ocr_line' id='line_1_70' title="bbox 201 2033 1882 2075; baseline -0.001 -9"><span class='ocrx_word' id='word_1_559' title='bbox 201 2035 352 2067; x_wconf 87' lang='lat' dir='ltr'><strong>Conslitue</strong></span> <span class='ocrx_word' id='word_1_560' title='bbox 366 2036 455 2074; x_wconf 78' lang='lat' dir='ltr'><strong>igitur</strong></span> <span class='ocrx_word' id='word_1_561' title='bbox 464 2036 541 2075; x_wconf 84' lang='lat' dir='ltr'><strong>apud</strong></span> <span class='ocrx_word' id='word_1_562' title='bbox 557 2035 701 2072; x_wconf 89' lang='lat' dir='ltr'><strong>animum,</strong></span> <span class='ocrx_word' id='word_1_563' title='bbox 715 2045 732 2066; x_wconf 91' lang='lat' dir='ltr'><strong>a</strong></span> <span class='ocrx_word' id='word_1_564' title='bbox 751 2035 808 2065; x_wconf 89' lang='lat' dir='ltr'><strong>vita</strong></span> <span class='ocrx_word' id='word_1_565' title='bbox 820 2034 918 2073; x_wconf 87' lang='lat' dir='ltr'><strong>citius,</strong></span> <span class='ocrx_word' id='word_1_566' title='bbox 936 2044 1022 2074; x_wconf 84' lang='lat' dir='ltr'><strong>quain</strong></span> <span class='ocrx_word' id='word_1_567' title='bbox 1065 2033 1173 2064; x_wconf 87' lang='lat' dir='ltr'><strong>sectari</strong></span> <span class='ocrx_word' id='word_1_568' title='bbox 1184 2033 1455 2064; x_wconf 85' lang='lat' dir='ltr'><strong>desiderantesnon</strong></span> <span class='ocrx_word' id='word_1_569' title='bbox 1472 2034 1634 2065; x_wconf 85' lang='lat' dir='ltr'><strong>accessisse</strong></span> <span class='ocrx_word' id='word_1_570' title='bbox 1646 2035 1658 2064; x_wconf 69' lang='grc' dir='ltr'>ἵ</span> <span class='ocrx_word' id='word_1_571' title='bbox 1669 2035 1743 2070; x_wconf 87' lang='lat' dir='ltr'><strong>Quid</strong></span> <span class='ocrx_word' id='word_1_572' title='bbox 1757 2036 1835 2066; x_wconf 87' lang='lat' dir='ltr'><strong>enim</strong></span> <span class='ocrx_word' id='word_1_573' title='bbox 1847 2036 1882 2066; x_wconf 83' lang='lat' dir='ltr'><strong>ad</strong></span> 
     </span>
    </p>
   </div>
   <div class='ocr_carea' id='block_1_71' title="bbox 199 2077 1886 2120">
    <p class='ocr_par' dir='ltr' id='par_1_71' title="bbox 199 2077 1886 2120">
     <span class='ocr_line' id='line_1_71' title="bbox 199 2077 1886 2120; baseline 0.001 -10"><span class='ocrx_word' id='word_1_574' title='bbox 199 2081 237 2111; x_wconf 89' lang='lat' dir='ltr'><strong>ab</strong></span> <span class='ocrx_word' id='word_1_575' title='bbox 253 2080 310 2110; x_wconf 90' lang='lat' dir='ltr'><strong>hac</strong></span> <span class='ocrx_word' id='word_1_576' title='bbox 324 2079 406 2110; x_wconf 86' lang='lat' dir='ltr'><strong>vitali</strong></span> <span class='ocrx_word' id='word_1_577' title='bbox 433 2080 625 2120; x_wconf 87' lang='lat' dir='ltr'><strong>inquisitione</strong></span> <span class='ocrx_word' id='word_1_578' title='bbox 650 2079 806 2110; x_wconf 88' lang='lat' dir='ltr'><strong>discedere</strong></span> <span class='ocrx_word' id='word_1_579' title='bbox 846 2079 929 2115; x_wconf 89' lang='lat' dir='ltr'><strong>Quod</strong></span> <span class='ocrx_word' id='word_1_580' title='bbox 946 2079 971 2110; x_wconf 91' lang='lat' dir='ltr'><strong>si</strong></span> <span class='ocrx_word' id='word_1_581' title='bbox 984 2079 1022 2110; x_wconf 88' lang='lat' dir='ltr'><strong>ab</strong></span> <span class='ocrx_word' id='word_1_582' title='bbox 1065 2077 1182 2117; x_wconf 84' lang='lat' dir='ltr'><strong>singula</strong></span> <span class='ocrx_word' id='word_1_583' title='bbox 1192 2078 1484 2109; x_wconf 79' lang='lat' dir='ltr'><strong>refcrimus?nnone</strong></span> <span class='ocrx_word' id='word_1_584' title='bbox 1495 2079 1584 2110; x_wconf 83' lang='lat' dir='ltr'><strong>illud?</strong></span> <span class='ocrx_word' id='word_1_585' title='bbox 1595 2079 1886 2119; x_wconf 72' lang='lat' dir='ltr'><strong>Etiam,venerande</strong></span> 
     </span>
    </p>
   </div>
   <div class='ocr_carea' id='block_1_72' title="bbox 201 2122 1883 2164">
    <p class='ocr_par' dir='ltr' id='par_1_72' title="bbox 201 2122 1883 2164">
     <span class='ocr_line' id='line_1_72' title="bbox 201 2122 1883 2164; baseline 0 -9"><span class='ocrx_word' id='word_1_586' title='bbox 201 2124 286 2156; x_wconf 90' lang='lat' dir='ltr'><strong>initio</strong></span> <span class='ocrx_word' id='word_1_587' title='bbox 300 2124 372 2156; x_wconf 93' lang='lat' dir='ltr'><strong>nihil</strong></span> <span class='ocrx_word' id='word_1_588' title='bbox 386 2129 539 2156; x_wconf 88' lang='lat' dir='ltr'><strong>cuntactus</strong></span> <span class='ocrx_word' id='word_1_589' title='bbox 549 2125 684 2162; x_wconf 88' lang='lat' dir='ltr'><strong>fecisses,</strong></span> <span class='ocrx_word' id='word_1_590' title='bbox 707 2124 853 2164; x_wconf 67' lang='lat' dir='ltr'><strong>benignus</strong></span> <span class='ocrx_word' id='word_1_591' title='bbox 871 2124 950 2155; x_wconf 88' lang='lat' dir='ltr'><strong>Dens</strong></span> <span class='ocrx_word' id='word_1_592' title='bbox 966 2134 1023 2154; x_wconf 89' lang='lat' dir='ltr'><strong>non</strong></span> <span class='ocrx_word' id='word_1_593' title='bbox 1068 2123 1158 2153; x_wconf 81' lang='lat' dir='ltr'><strong>Pater</strong></span> <span class='ocrx_word' id='word_1_594' title='bbox 1169 2124 1184 2154; x_wconf 76' lang='grc'><em>9</em></span> <span class='ocrx_word' id='word_1_595' title='bbox 1199 2122 1343 2154; x_wconf 86' lang='lat' dir='ltr'><strong>Sacerdos</strong></span> <span class='ocrx_word' id='word_1_596' title='bbox 1357 2128 1466 2164; x_wconf 90' lang='lat' dir='ltr'><strong>autem,</strong></span> <span class='ocrx_word' id='word_1_597' title='bbox 1480 2124 1550 2164; x_wconf 88' lang='lat' dir='ltr'><strong>quid</strong></span> <span class='ocrx_word' id='word_1_598' title='bbox 1563 2133 1681 2154; x_wconf 88' lang='lat' dir='ltr'><strong>rursum</strong></span> <span class='ocrx_word' id='word_1_599' title='bbox 1697 2125 1781 2155; x_wconf 83' lang='lat' dir='ltr'><strong>nobis</strong></span> <span class='ocrx_word' id='word_1_600' title='bbox 1792 2125 1883 2156; x_wconf 84' lang='lat' dir='ltr'><strong>dicit?</strong></span> 
     </span>
    </p>
   </div>
   <div class='ocr_carea' id='block_1_73' title="bbox 201 2166 1880 2210">
    <p class='ocr_par' dir='ltr' id='par_1_73' title="bbox 201 2166 1880 2210">
     <span class='ocr_line' id='line_1_73' title="bbox 201 2166 1880 2210; baseline 0 -10"><span class='ocrx_word' id='word_1_601' title='bbox 201 2174 230 2200; x_wconf 88' lang='lat' dir='ltr'><strong>te</strong></span> <span class='ocrx_word' id='word_1_602' title='bbox 254 2169 450 2210; x_wconf 79' lang='lat' dir='ltr'><strong>despexisset,</strong></span> <span class='ocrx_word' id='word_1_603' title='bbox 469 2169 580 2210; x_wconf 88' lang='lat' dir='ltr'><strong>tibique</strong></span> <span class='ocrx_word' id='word_1_604' title='bbox 605 2169 746 2200; x_wconf 83' lang='lat' dir='ltr'><strong>desiderii</strong></span> <span class='ocrx_word' id='word_1_605' title='bbox 772 2169 811 2199; x_wconf 92' lang='lat' dir='ltr'><strong>tui</strong></span> <span class='ocrx_word' id='word_1_606' title='bbox 829 2169 955 2199; x_wconf 89' lang='lat' dir='ltr'><strong>fructum</strong></span> <span class='ocrx_word' id='word_1_607' title='bbox 971 2178 1024 2209; x_wconf 92' lang='lat' dir='ltr'><strong>pro</strong></span> <span class='ocrx_word' id='word_1_608' title='bbox 1037 2206 1052 2210; x_wconf 93' lang='lat'><em>_</em></span> <span class='ocrx_word' id='word_1_609' title='bbox 1067 2166 1188 2204; x_wconf 85' lang='lat' dir='ltr'><strong>Scitote,</strong></span> <span class='ocrx_word' id='word_1_610' title='bbox 1205 2167 1321 2202; x_wconf 85' lang='lat' dir='ltr'><strong>fratres,</strong></span> <span class='ocrx_word' id='word_1_611' title='bbox 1336 2168 1451 2198; x_wconf 89' lang='lat' dir='ltr'><strong>venisse</strong></span> <span class='ocrx_word' id='word_1_612' title='bbox 1463 2178 1524 2204; x_wconf 88' lang='lat' dir='ltr'><strong>vos,</strong></span> <span class='ocrx_word' id='word_1_613' title='bbox 1537 2174 1568 2199; x_wconf 91' lang='lat' dir='ltr'><strong>ut</strong></span> <span class='ocrx_word' id='word_1_614' title='bbox 1584 2169 1726 2200; x_wconf 87' lang='lat' dir='ltr'><strong>militibus</strong></span> <span class='ocrx_word' id='word_1_615' title='bbox 1737 2179 1771 2200; x_wconf 88' lang='lat' dir='ltr'><strong>ac</strong></span> <span class='ocrx_word' id='word_1_616' title='bbox 1787 2170 1880 2201; x_wconf 83' lang='lat' dir='ltr'><strong>famu-</strong></span> 
     </span>
    </p>
   </div>
   <div class='ocr_carea' id='block_1_74' title="bbox 199 2206 1883 2255">
    <p class='ocr_par' dir='ltr' id='par_1_74' title="bbox 199 2206 1883 2255">
     <span class='ocr_line' id='line_1_74' title="bbox 199 2206 1883 2255; baseline 0.001 -11"><span class='ocrx_word' id='word_1_617' title='bbox 199 2217 279 2244; x_wconf 92' lang='lat' dir='ltr'><strong>certo</strong></span> <span class='ocrx_word' id='word_1_618' title='bbox 296 2206 503 2244; x_wconf 74' lang='lat' dir='ltr'><strong>concessisset.</strong></span> <span class='ocrx_word' id='word_1_619' title='bbox 532 2206 540 2210; x_wconf 66' lang='grc'><em>’</em></span> <span class='ocrx_word' id='word_1_620' title='bbox 972 2206 980 2209; x_wconf 71' lang='grc'><em>’</em></span> <span class='ocrx_word' id='word_1_621' title='bbox 1035 2206 1102 2241; x_wconf 74' lang='grc' dir='ltr'><strong>οιὶε</strong></span> <span class='ocrx_word' id='word_1_622' title='bbox 1113 2211 1222 2243; x_wconf 87' lang='lat' dir='ltr'><strong>Christi</strong></span> <span class='ocrx_word' id='word_1_623' title='bbox 1240 2213 1320 2252; x_wconf 82' lang='lat' dir='ltr'><strong>regis</strong></span> <span class='ocrx_word' id='word_1_624' title='bbox 1341 2213 1471 2244; x_wconf 66' lang='lat' dir='ltr'><strong>caelestis</strong></span> <span class='ocrx_word' id='word_1_625' title='bbox 1493 2213 1743 2251; x_wconf 89' lang='lat' dir='ltr'><strong>adnumeremini,</strong></span> <span class='ocrx_word' id='word_1_626' title='bbox 1760 2215 1883 2255; x_wconf 83' lang='lat' dir='ltr'><strong>ideoque</strong></span> 
     </span>
    </p>
   </div>
   <div class='ocr_carea' id='block_1_75' title="bbox 238 2256 1880 2299">
    <p class='ocr_par' dir='ltr' id='par_1_75' title="bbox 238 2256 1880 2299">
     <span class='ocr_line' id='line_1_75' title="bbox 238 2256 1880 2299; baseline 0.001 -11"><span class='ocrx_word' id='word_1_627' title='bbox 238 2257 337 2289; x_wconf 85' lang='lat' dir='ltr'><strong>Media</strong></span> <span class='ocrx_word' id='word_1_628' title='bbox 361 2262 448 2289; x_wconf 89' lang='lat' dir='ltr'><strong>nocte</strong></span> <span class='ocrx_word' id='word_1_629' title='bbox 477 2262 678 2298; x_wconf 83' lang='lat' dir='ltr'><strong>experrectus,</strong></span> <span class='ocrx_word' id='word_1_630' title='bbox 708 2261 858 2288; x_wconf 86' lang='lat' dir='ltr'><strong>memento</strong></span> <span class='ocrx_word' id='word_1_631' title='bbox 883 2257 947 2297; x_wconf 88' lang='lat' dir='ltr'><strong>ejus</strong></span> <span class='ocrx_word' id='word_1_632' title='bbox 973 2256 1024 2297; x_wconf 90' lang='lat' dir='ltr'><strong>qui</strong></span> <span class='ocrx_word' id='word_1_633' title='bbox 1066 2256 1102 2287; x_wconf 90' lang='lat' dir='ltr'><strong>ad</strong></span> <span class='ocrx_word' id='word_1_634' title='bbox 1119 2257 1294 2288; x_wconf 88' lang='lat' dir='ltr'><strong>tentationes</strong></span> <span class='ocrx_word' id='word_1_635' title='bbox 1309 2263 1548 2298; x_wconf 88' lang='lat' dir='ltr'><strong>voscomparate.</strong></span> <span class='ocrx_word' id='word_1_636' title='bbox 1566 2258 1720 2289; x_wconf 87' lang='lat' dir='ltr'><strong>Videbidis</strong></span> <span class='ocrx_word' id='word_1_637' title='bbox 1736 2259 1880 2299; x_wconf 84' lang='lat' dir='ltr'><strong>cnimjain</strong></span> 
     </span>
    </p>
   </div>
   <div class='ocr_carea' id='block_1_76' title="bbox 199 2300 1882 2343">
    <p class='ocr_par' dir='ltr' id='par_1_76' title="bbox 199 2300 1882 2343">
     <span class='ocr_line' id='line_1_76' title="bbox 199 2300 1882 2343; baseline 0.002 -11"><span class='ocrx_word' id='word_1_638' title='bbox 199 2302 289 2333; x_wconf 75' lang='lat' dir='ltr'><strong>dixit&#39;</strong></span> <span class='ocrx_word' id='word_1_639' title='bbox 307 2303 409 2335; x_wconf 74' lang='lat' dir='ltr'><strong>Merlin</strong></span> <span class='ocrx_word' id='word_1_640' title='bbox 425 2307 512 2334; x_wconf 84' lang='lat' dir='ltr'><strong>nocte</strong></span> <span class='ocrx_word' id='word_1_641' title='bbox 525 2303 686 2343; x_wconf 80' lang='lat' dir='ltr'><strong>surgebam</strong></span> <span class='ocrx_word' id='word_1_642' title='bbox 702 2303 956 2341; x_wconf 79' lang='lat' dir='ltr'><strong>(triconﬁtendum</strong></span> <span class='ocrx_word' id='word_1_643' title='bbox 970 2301 1025 2332; x_wconf 80' lang='lat' dir='ltr'><strong>tibi</strong></span> <span class='ocrx_word' id='word_1_644' title='bbox 1067 2300 1135 2331; x_wconf 90' lang='lat' dir='ltr'><strong>hinc</strong></span> <span class='ocrx_word' id='word_1_645' title='bbox 1149 2301 1302 2332; x_wconf 91' lang='lat' dir='ltr'><strong>inimicum</strong></span> <span class='ocrx_word' id='word_1_646' title='bbox 1329 2312 1433 2333; x_wconf 88' lang='lat' dir='ltr'><strong>omnes</strong></span> <span class='ocrx_word' id='word_1_647' title='bbox 1462 2307 1540 2333; x_wconf 88' lang='lat' dir='ltr'><strong>artes</strong></span> <span class='ocrx_word' id='word_1_648' title='bbox 1569 2312 1635 2333; x_wconf 87' lang='lat' dir='ltr'><strong>suas</strong></span> <span class='ocrx_word' id='word_1_649' title='bbox 1660 2303 1815 2335; x_wconf 84' lang='lat' dir='ltr'><strong>adversum</strong></span> <span class='ocrx_word' id='word_1_650' title='bbox 1831 2315 1882 2335; x_wconf 87' lang='lat' dir='ltr'><strong>vos</strong></span> 
     </span>
    </p>
   </div>
   <div class='ocr_carea' id='block_1_77' title="bbox 198 2346 1021 2388">
    <p class='ocr_par' dir='ltr' id='par_1_77' title="bbox 198 2346 1021 2388">
     <span class='ocr_line' id='line_1_77' title="bbox 198 2346 1021 2388; baseline -0.001 -11"><span class='ocrx_word' id='word_1_651' title='bbox 198 2355 291 2387; x_wconf 78' lang='lat' dir='ltr'><strong>super</strong></span> <span class='ocrx_word' id='word_1_652' title='bbox 305 2347 424 2384; x_wconf 72' lang='lat' dir='ltr'><strong>iudicia</strong></span> <span class='ocrx_word' id='word_1_653' title='bbox 434 2348 562 2388; x_wconf 70' lang='lat' dir='ltr'><strong>justitiw</strong></span> <span class='ocrx_word' id='word_1_654' title='bbox 574 2353 634 2378; x_wconf 74' lang='lat' dir='ltr'><strong>mw</strong></span> <span class='ocrx_word' id='word_1_655' title='bbox 648 2347 689 2377; x_wconf 84' lang='lat'><strong>87.</strong></span> <span class='ocrx_word' id='word_1_656' title='bbox 706 2347 740 2378; x_wconf 88' lang='lat' dir='ltr'><strong>Et</strong></span> <span class='ocrx_word' id='word_1_657' title='bbox 755 2347 864 2387; x_wconf 76' lang='lat' dir='ltr'><strong>gratias</strong></span> <span class='ocrx_word' id='word_1_658' title='bbox 880 2355 933 2385; x_wconf 79' lang='lat' dir='ltr'><strong>age</strong></span> <span class='ocrx_word' id='word_1_659' title='bbox 949 2346 1021 2384; x_wconf 89' lang='lat' dir='ltr'><strong>Deo,</strong></span> 
     </span>
    </p>
   </div>
   <div class='ocr_carea' id='block_1_78' title="bbox 199 2390 1020 2432">
    <p class='ocr_par' dir='ltr' id='par_1_78' title="bbox 199 2390 1020 2432">
     <span class='ocr_line' id='line_1_78' title="bbox 199 2390 1020 2432; baseline -0.002 -10"><span class='ocrx_word' id='word_1_660' title='bbox 199 2392 249 2432; x_wconf 90' lang='lat' dir='ltr'><strong>qui</strong></span> <span class='ocrx_word' id='word_1_661' title='bbox 262 2395 290 2422; x_wconf 91' lang='lat' dir='ltr'><strong>te</strong></span> <span class='ocrx_word' id='word_1_662' title='bbox 301 2392 338 2422; x_wconf 84' lang='lat' dir='ltr'><strong>ad</strong></span> <span class='ocrx_word' id='word_1_663' title='bbox 354 2392 556 2432; x_wconf 88' lang='lat' dir='ltr'><strong>laudesipsius</strong></span> <span class='ocrx_word' id='word_1_664' title='bbox 564 2392 714 2423; x_wconf 88' lang='lat' dir='ltr'><strong>canendas</strong></span> <span class='ocrx_word' id='word_1_665' title='bbox 724 2401 740 2422; x_wconf 88' lang='lat' dir='ltr'><strong>e</strong></span> <span class='ocrx_word' id='word_1_666' title='bbox 752 2401 857 2422; x_wconf 90' lang='lat' dir='ltr'><strong>somno</strong></span> <span class='ocrx_word' id='word_1_667' title='bbox 869 2390 1020 2421; x_wconf 84' lang='lat' dir='ltr'><strong>excitavit:</strong></span> 
     </span>
    </p>
   </div>
   <div class='ocr_carea' id='block_1_79' title="bbox 198 2435 1022 2478">
    <p class='ocr_par' dir='ltr' id='par_1_79' title="bbox 198 2435 1022 2478">
     <span class='ocr_line' id='line_1_79' title="bbox 198 2435 1022 2478; baseline -0.001 -12"><span class='ocrx_word' id='word_1_668' title='bbox 198 2435 306 2475; x_wconf 84' lang='lat' dir='ltr'><strong>gaude,</strong></span> <span class='ocrx_word' id='word_1_669' title='bbox 320 2441 349 2467; x_wconf 89' lang='lat' dir='ltr'><strong>et</strong></span> <span class='ocrx_word' id='word_1_670' title='bbox 364 2437 567 2478; x_wconf 83' lang='lat' dir='ltr'><strong>exsulta,quia</strong></span> <span class='ocrx_word' id='word_1_671' title='bbox 590 2437 678 2476; x_wconf 80' lang='lat' dir='ltr'><strong>ignus</strong></span> <span class='ocrx_word' id='word_1_672' title='bbox 699 2440 743 2467; x_wconf 91' lang='lat' dir='ltr'><strong>est</strong></span> <span class='ocrx_word' id='word_1_673' title='bbox 754 2435 946 2476; x_wconf 82' lang='lat' dir='ltr'><strong>habitus,qui</strong></span> <span class='ocrx_word' id='word_1_674' title='bbox 956 2445 1022 2466; x_wconf 91' lang='lat' dir='ltr'><strong>cum</strong></span> 
     </span>
    </p>
   </div>
   <div class='ocr_carea' id='block_1_80' title="bbox 199 2479 1023 2520">
    <p class='ocr_par' dir='ltr' id='par_1_80' title="bbox 199 2479 1023 2520">
     <span class='ocr_line' id='line_1_80' title="bbox 199 2479 1023 2520; baseline -0.001 -10"><span class='ocrx_word' id='word_1_675' title='bbox 199 2481 431 2520; x_wconf 82' lang='lat' dir='ltr'><strong>sanctisangelis</strong></span> <span class='ocrx_word' id='word_1_676' title='bbox 440 2483 500 2513; x_wconf 81' lang='lat' dir='ltr'><strong>Ueu</strong></span> <span class='ocrx_word' id='word_1_677' title='bbox 506 2491 532 2512; x_wconf 94' lang='lat' dir='ltr'><strong>m</strong></span> <span class='ocrx_word' id='word_1_678' title='bbox 540 2481 744 2513; x_wconf 86' lang='lat' dir='ltr'><strong>concelebres.</strong></span> <span class='ocrx_word' id='word_1_679' title='bbox 753 2479 847 2512; x_wconf 78' lang='lat' dir='ltr'><strong>Christ</strong></span> <span class='ocrx_word' id='word_1_680' title='bbox 855 2480 937 2510; x_wconf 90' lang='lat' dir='ltr'><strong>ianus</strong></span> <span class='ocrx_word' id='word_1_681' title='bbox 943 2479 1023 2510; x_wconf 89' lang='lat' dir='ltr'><strong>enim</strong></span> 
     </span>
    </p>
   </div>
   <div class='ocr_carea' id='block_1_81' title="bbox 198 2524 1025 2566">
    <p class='ocr_par' dir='ltr' id='par_1_81' title="bbox 198 2524 1025 2566">
     <span class='ocr_line' id='line_1_81' title="bbox 198 2524 1025 2566; baseline -0.002 -10"><span class='ocrx_word' id='word_1_682' title='bbox 198 2531 347 2565; x_wconf 82' lang='lat' dir='ltr'><strong>peccator.</strong></span> <span class='ocrx_word' id='word_1_683' title='bbox 376 2527 413 2557; x_wconf 91' lang='lat' dir='ltr'><strong>do</strong></span> <span class='ocrx_word' id='word_1_684' title='bbox 440 2526 558 2566; x_wconf 72' lang='lat' dir='ltr'><strong>flagitiis</strong></span> <span class='ocrx_word' id='word_1_685' title='bbox 586 2531 728 2558; x_wconf 64' lang='lat' dir='ltr'><strong>anteactae</strong></span> <span class='ocrx_word' id='word_1_686' title='bbox 757 2526 822 2555; x_wconf 71' lang='lat' dir='ltr'><strong>vitae</strong></span> <span class='ocrx_word' id='word_1_687' title='bbox 852 2524 966 2562; x_wconf 89' lang='lat' dir='ltr'><strong>dolens,</strong></span> <span class='ocrx_word' id='word_1_688' title='bbox 996 2528 1025 2554; x_wconf 89' lang='lat' dir='ltr'><strong>et</strong></span> 
     </span>
    </p>
   </div>
   <div class='ocr_carea' id='block_1_82' title="bbox 196 2568 1024 2610">
    <p class='ocr_par' dir='ltr' id='par_1_82' title="bbox 196 2568 1024 2610">
     <span class='ocr_line' id='line_1_82' title="bbox 196 2568 1024 2610; baseline -0.001 -11"><span class='ocrx_word' id='word_1_689' title='bbox 196 2569 284 2600; x_wconf 85' lang='lat' dir='ltr'><strong>vitam</strong></span> <span class='ocrx_word' id='word_1_690' title='bbox 312 2571 374 2602; x_wconf 90' lang='lat' dir='ltr'><strong>Deo</strong></span> <span class='ocrx_word' id='word_1_691' title='bbox 404 2575 515 2610; x_wconf 72' lang='lat' dir='ltr'><strong>gratam</strong></span> <span class='ocrx_word' id='word_1_692' title='bbox 553 2571 721 2608; x_wconf 87' lang='lat' dir='ltr'><strong>instituens,</strong></span> <span class='ocrx_word' id='word_1_693' title='bbox 753 2569 811 2601; x_wconf 91' lang='lat' dir='ltr'><strong>nisi</strong></span> <span class='ocrx_word' id='word_1_694' title='bbox 841 2568 878 2600; x_wconf 91' lang='lat' dir='ltr'><strong>ad</strong></span> <span class='ocrx_word' id='word_1_695' title='bbox 908 2568 1024 2599; x_wconf 89' lang='lat' dir='ltr'><strong>divinas</strong></span> 
     </span>
    </p>
   </div>
   <div class='ocr_carea' id='block_1_83' title="bbox 197 2613 1024 2655">
    <p class='ocr_par' dir='ltr' id='par_1_83' title="bbox 197 2613 1024 2655">
     <span class='ocr_line' id='line_1_83' title="bbox 197 2613 1024 2655; baseline 0 -11"><span class='ocrx_word' id='word_1_696' title='bbox 197 2624 333 2654; x_wconf 81' lang='lat' dir='ltr'><strong>synaxes,</strong></span> <span class='ocrx_word' id='word_1_697' title='bbox 365 2619 394 2646; x_wconf 91' lang='lat' dir='ltr'><strong>et</strong></span> <span class='ocrx_word' id='word_1_698' title='bbox 420 2625 520 2646; x_wconf 88' lang='lat' dir='ltr'><strong>sacras</strong></span> <span class='ocrx_word' id='word_1_699' title='bbox 557 2615 748 2655; x_wconf 88' lang='lat' dir='ltr'><strong>psalmodias,</strong></span> <span class='ocrx_word' id='word_1_700' title='bbox 780 2617 809 2645; x_wconf 87' lang='lat' dir='ltr'><strong>et</strong></span> <span class='ocrx_word' id='word_1_701' title='bbox 838 2613 1024 2654; x_wconf 85' lang='lat' dir='ltr'><strong>precationes</strong></span> 
     </span>
    </p>
   </div>
   <div class='ocr_carea' id='block_1_84' title="bbox 197 2658 1024 2701">
    <p class='ocr_par' dir='ltr' id='par_1_84' title="bbox 197 2658 1024 2701">
     <span class='ocr_line' id='line_1_84' title="bbox 197 2658 1024 2701; baseline -0.001 -11"><span class='ocrx_word' id='word_1_702' title='bbox 197 2659 341 2697; x_wconf 82' lang='lat' dir='ltr'><strong>laetitiam,</strong></span> <span class='ocrx_word' id='word_1_703' title='bbox 355 2659 550 2698; x_wconf 89' lang='lat' dir='ltr'><strong>alacritatem,</strong></span> <span class='ocrx_word' id='word_1_704' title='bbox 564 2661 682 2701; x_wconf 87' lang='lat' dir='ltr'><strong>taleque</strong></span> <span class='ocrx_word' id='word_1_705' title='bbox 695 2659 838 2697; x_wconf 86' lang='lat' dir='ltr'><strong>studium,</strong></span> <span class='ocrx_word' id='word_1_706' title='bbox 852 2658 1024 2690; x_wconf 83' lang='lat' dir='ltr'><strong>etattentio-</strong></span> 
     </span>
    </p>
   </div>
   <div class='ocr_carea' id='block_1_85' title="bbox 197 2704 1022 2746">
    <p class='ocr_par' dir='ltr' id='par_1_85' title="bbox 197 2704 1022 2746">
     <span class='ocr_line' id='line_1_85' title="bbox 197 2704 1022 2746; baseline 0 -12"><span class='ocrx_word' id='word_1_707' title='bbox 197 2713 278 2743; x_wconf 90' lang='lat' dir='ltr'><strong>nem,</strong></span> <span class='ocrx_word' id='word_1_708' title='bbox 296 2709 439 2745; x_wconf 86' lang='lat' dir='ltr'><strong>quantam</strong></span> <span class='ocrx_word' id='word_1_709' title='bbox 469 2709 499 2736; x_wconf 90' lang='lat' dir='ltr'><strong>et</strong></span> <span class='ocrx_word' id='word_1_710' title='bbox 526 2705 645 2746; x_wconf 87' lang='lat' dir='ltr'><strong>qualem</strong></span> <span class='ocrx_word' id='word_1_711' title='bbox 675 2708 762 2736; x_wconf 88' lang='lat' dir='ltr'><strong>antea</strong></span> <span class='ocrx_word' id='word_1_712' title='bbox 792 2707 825 2735; x_wconf 91' lang='lat' dir='ltr'><strong>ut</strong></span> <span class='ocrx_word' id='word_1_713' title='bbox 848 2704 1022 2744; x_wconf 87' lang='lat' dir='ltr'><strong>voluptates,</strong></span> 
     </span>
    </p>
   </div>
   <div class='ocr_carea' id='block_1_86' title="bbox 199 2747 1025 2791">
    <p class='ocr_par' dir='ltr' id='par_1_86' title="bbox 199 2747 1025 2791">
     <span class='ocr_line' id='line_1_86' title="bbox 199 2747 1025 2791; baseline 0 -12"><span class='ocrx_word' id='word_1_714' title='bbox 199 2748 566 2791; x_wconf 83' lang='lat' dir='ltr'><strong>vitaequeimprobilatem,</strong></span> <span class='ocrx_word' id='word_1_715' title='bbox 576 2750 723 2788; x_wconf 86' lang='lat' dir='ltr'><strong>ostendit;</strong></span> <span class='ocrx_word' id='word_1_716' title='bbox 737 2747 789 2780; x_wconf 85' lang='lat' dir='ltr'><strong>sed</strong></span> <span class='ocrx_word' id='word_1_717' title='bbox 799 2748 878 2780; x_wconf 87' lang='lat' dir='ltr'><strong>velut</strong></span> <span class='ocrx_word' id='word_1_718' title='bbox 887 2748 1025 2780; x_wconf 89' lang='lat' dir='ltr'><strong>laborans</strong></span> 
     </span>
    </p>
   </div>
   <div class='ocr_carea' id='block_1_87' title="bbox 1064 2345 1879 2387">
    <p class='ocr_par' dir='ltr' id='par_1_87' title="bbox 1064 2345 1879 2387">
     <span class='ocr_line' id='line_1_87' title="bbox 1064 2345 1879 2387; baseline 0.006 -11"><span class='ocrx_word' id='word_1_719' title='bbox 1064 2345 1224 2377; x_wconf 86' lang='lat' dir='ltr'><strong>ferventius</strong></span> <span class='ocrx_word' id='word_1_720' title='bbox 1240 2347 1381 2387; x_wconf 84' lang='lat' dir='ltr'><strong>experiri.</strong></span> <span class='ocrx_word' id='word_1_721' title='bbox 1396 2346 1549 2387; x_wconf 86' lang='lat' dir='ltr'><strong>Oportebit</strong></span> <span class='ocrx_word' id='word_1_722' title='bbox 1564 2347 1654 2387; x_wconf 85' lang='lat' dir='ltr'><strong>igitur</strong></span> <span class='ocrx_word' id='word_1_723' title='bbox 1669 2352 1697 2378; x_wconf 89' lang='lat' dir='ltr'><strong>et</strong></span> <span class='ocrx_word' id='word_1_724' title='bbox 1713 2349 1833 2386; x_wconf 87' lang='lat' dir='ltr'><strong>esurire,</strong></span> <span class='ocrx_word' id='word_1_725' title='bbox 1853 2355 1879 2381; x_wconf 88' lang='lat' dir='ltr'><strong>et</strong></span> 
     </span>
    </p>
   </div>
   <div class='ocr_carea' id='block_1_88' title="bbox 1065 2390 1878 2434">
    <p class='ocr_par' dir='ltr' id='par_1_88' title="bbox 1065 2390 1878 2434">
     <span class='ocr_line' id='line_1_88' title="bbox 1065 2390 1878 2434; baseline 0.007 -14"><span class='ocrx_word' id='word_1_726' title='bbox 1065 2390 1161 2428; x_wconf 88' lang='lat' dir='ltr'><strong>sitire,</strong></span> <span class='ocrx_word' id='word_1_727' title='bbox 1179 2396 1207 2422; x_wconf 88' lang='lat' dir='ltr'><strong>et</strong></span> <span class='ocrx_word' id='word_1_728' title='bbox 1222 2392 1334 2431; x_wconf 79' lang='lat' dir='ltr'><strong>algere,</strong></span> <span class='ocrx_word' id='word_1_729' title='bbox 1364 2392 1557 2431; x_wconf 79' lang='lat' dir='ltr'><strong>ignominiam</strong></span> <span class='ocrx_word' id='word_1_730' title='bbox 1587 2393 1735 2433; x_wconf 68' lang='lat' dir='ltr'><strong>aet-ipere,</strong></span> <span class='ocrx_word' id='word_1_731' title='bbox 1749 2397 1878 2434; x_wconf 84' lang='lat' dir='ltr'><strong>conspui,</strong></span> 
     </span>
    </p>
   </div>
   <div class='ocr_carea' id='block_1_89' title="bbox 1065 2435 1880 2480">
    <p class='ocr_par' dir='ltr' id='par_1_89' title="bbox 1065 2435 1880 2480">
     <span class='ocr_line' id='line_1_89' title="bbox 1065 2435 1880 2480; baseline 0.007 -14"><span class='ocrx_word' id='word_1_732' title='bbox 1065 2435 1157 2476; x_wconf 84' lang='lat' dir='ltr'><strong>alapis</strong></span> <span class='ocrx_word' id='word_1_733' title='bbox 1169 2436 1253 2474; x_wconf 73' lang='lat' dir='ltr'><strong>czedi,</strong></span> <span class='ocrx_word' id='word_1_734' title='bbox 1272 2437 1460 2478; x_wconf 89' lang='lat' dir='ltr'><strong>subsannari,</strong></span> <span class='ocrx_word' id='word_1_735' title='bbox 1480 2442 1510 2468; x_wconf 91' lang='lat' dir='ltr'><strong>et</strong></span> <span class='ocrx_word' id='word_1_736' title='bbox 1531 2438 1640 2478; x_wconf 72' lang='lat' dir='ltr'><strong>qumvis</strong></span> <span class='ocrx_word' id='word_1_737' title='bbox 1656 2439 1750 2470; x_wconf 76' lang='lat' dir='ltr'><strong>tristia</strong></span> <span class='ocrx_word' id='word_1_738' title='bbox 1766 2445 1880 2480; x_wconf 64' lang='lat' dir='ltr'><strong>proltter</strong></span> 
     </span>
    </p>
   </div>
   <div class='ocr_carea' id='block_1_90' title="bbox 1067 2481 1879 2521">
    <p class='ocr_par' dir='ltr' id='par_1_90' title="bbox 1067 2481 1879 2521">
     <span class='ocr_line' id='line_1_90' title="bbox 1067 2481 1879 2521; baseline 0.006 -9"><span class='ocrx_word' id='word_1_739' title='bbox 1067 2481 1160 2512; x_wconf 87' lang='lat' dir='ltr'><strong>Deum</strong></span> <span class='ocrx_word' id='word_1_740' title='bbox 1178 2489 1331 2521; x_wconf 90' lang='lat' dir='ltr'><strong>properre,</strong></span> <span class='ocrx_word' id='word_1_741' title='bbox 1349 2481 1423 2518; x_wconf 88' lang='lat' dir='ltr'><strong>Quid</strong></span> <span class='ocrx_word' id='word_1_742' title='bbox 1449 2492 1503 2513; x_wconf 84' lang='lat' dir='ltr'><strong>nos</strong></span> <span class='ocrx_word' id='word_1_743' title='bbox 1525 2487 1584 2513; x_wconf 91' lang='lat' dir='ltr'><strong>tum</strong></span> <span class='ocrx_word' id='word_1_744' title='bbox 1610 2483 1646 2514; x_wconf 88' lang='lat' dir='ltr'><strong>ad</strong></span> <span class='ocrx_word' id='word_1_745' title='bbox 1676 2483 1759 2515; x_wconf 85' lang='lat' dir='ltr'><strong>ista?</strong></span> <span class='ocrx_word' id='word_1_746' title='bbox 1786 2494 1879 2518; x_wconf 88' lang='lat' dir='ltr'><strong>nonne</strong></span> 
     </span>
    </p>
   </div>
   <div class='ocr_carea' id='block_1_91' title="bbox 1067 2527 1879 2568">
    <p class='ocr_par' dir='ltr' id='par_1_91' title="bbox 1067 2527 1879 2568">
     <span class='ocr_line' id='line_1_91' title="bbox 1067 2527 1879 2568; baseline 0.009 -13"><span class='ocrx_word' id='word_1_747' title='bbox 1067 2534 1206 2564; x_wconf 88' lang='lat' dir='ltr'><strong>passuros</strong></span> <span class='ocrx_word' id='word_1_748' title='bbox 1230 2531 1258 2556; x_wconf 88' lang='lat' dir='ltr'><strong>et</strong></span> <span class='ocrx_word' id='word_1_749' title='bbox 1286 2527 1460 2557; x_wconf 87' lang='lat' dir='ltr'><strong>toleraturos</strong></span> <span class='ocrx_word' id='word_1_750' title='bbox 1490 2528 1590 2558; x_wconf 86' lang='lat' dir='ltr'><strong>omnia</strong></span> <span class='ocrx_word' id='word_1_751' title='bbox 1619 2529 1826 2568; x_wconf 87' lang='lat' dir='ltr'><strong>promittimus,</strong></span> <span class='ocrx_word' id='word_1_752' title='bbox 1852 2538 1879 2563; x_wconf 90' lang='lat' dir='ltr'><strong>et</strong></span> 
     </span>
    </p>
   </div>
   <div class='ocr_carea' id='block_1_92' title="bbox 1065 2569 1875 2610">
    <p class='ocr_par' dir='ltr' id='par_1_92' title="bbox 1065 2569 1875 2610">
     <span class='ocr_line' id='line_1_92' title="bbox 1065 2569 1875 2610; baseline 0.007 -10"><span class='ocrx_word' id='word_1_753' title='bbox 1065 2569 1139 2601; x_wconf 91' lang='lat' dir='ltr'><strong>illud</strong></span> <span class='ocrx_word' id='word_1_754' title='bbox 1151 2570 1296 2602; x_wconf 87' lang='lat' dir='ltr'><strong>solemne:</strong></span> <span class='ocrx_word' id='word_1_755' title='bbox 1311 2571 1425 2609; x_wconf 82' lang='lat' dir='ltr'><strong>Etiam,</strong></span> <span class='ocrx_word' id='word_1_756' title='bbox 1437 2573 1597 2604; x_wconf 71' lang='lat' dir='ltr'><strong>reverenda</strong></span> <span class='ocrx_word' id='word_1_757' title='bbox 1609 2574 1710 2610; x_wconf 82' lang='lat' dir='ltr'><strong>Pater,</strong></span> <span class='ocrx_word' id='word_1_758' title='bbox 1720 2574 1756 2604; x_wconf 88' lang='lat' dir='ltr'><strong>ad</strong></span> <span class='ocrx_word' id='word_1_759' title='bbox 1765 2584 1875 2607; x_wconf 88' lang='lat' dir='ltr'><strong>omnem</strong></span> 
     </span>
    </p>
   </div>
   <div class='ocr_carea' id='block_1_93' title="bbox 1065 2614 1875 2657">
    <p class='ocr_par' dir='ltr' id='par_1_93' title="bbox 1065 2614 1875 2657">
     <span class='ocr_line' id='line_1_93' title="bbox 1065 2614 1875 2657; baseline 0.007 -13"><span class='ocrx_word' id='word_1_760' title='bbox 1065 2614 1327 2654; x_wconf 82' lang='lat' dir='ltr'><strong>interrogationem</strong></span> <span class='ocrx_word' id='word_1_761' title='bbox 1346 2625 1399 2656; x_wconf 88' lang='lat' dir='ltr'><strong>per</strong></span> <span class='ocrx_word' id='word_1_762' title='bbox 1428 2617 1599 2657; x_wconf 88' lang='lat' dir='ltr'><strong>patientiam</strong></span> <span class='ocrx_word' id='word_1_763' title='bbox 1627 2617 1875 2652; x_wconf 65' lang='lat' dir='ltr'><strong>ferendoruminu</strong></span> 
     </span>
    </p>
   </div>
   <div class='ocr_carea' id='block_1_94' title="bbox 1066 2659 1873 2705">
    <p class='ocr_par' dir='ltr' id='par_1_94' title="bbox 1066 2659 1873 2705">
     <span class='ocr_line' id='line_1_94' title="bbox 1066 2659 1873 2705; baseline 0.007 -16"><span class='ocrx_word' id='word_1_764' title='bbox 1066 2659 1289 2705; x_wconf 82' lang='lat' dir='ltr'><strong>commodorum</strong></span> <span class='ocrx_word' id='word_1_765' title='bbox 1299 2661 1494 2705; x_wconf 16' lang='lat' dir='ltr'><strong>renuntiamus</strong></span> <span class='ocrx_word' id='word_1_766' title='bbox 1506 2662 1521 2692; x_wconf 83' lang='lat'><strong>?</strong></span> <span class='ocrx_word' id='word_1_767' title='bbox 1539 2664 1646 2694; x_wconf 86' lang='lat' dir='ltr'><strong>Nonne</strong></span> <span class='ocrx_word' id='word_1_768' title='bbox 1661 2663 1873 2705; x_wconf 85' lang='lat' dir='ltr'><strong>continentiam,</strong></span> 
     </span>
    </p>
   </div>
   <div class='ocr_carea' id='block_1_95' title="bbox 1065 2703 1872 2747">
    <p class='ocr_par' dir='ltr' id='par_1_95' title="bbox 1065 2703 1872 2747">
     <span class='ocr_line' id='line_1_95' title="bbox 1065 2703 1872 2747; baseline 0.006 -13"><span class='ocrx_word' id='word_1_769' title='bbox 1065 2703 1191 2744; x_wconf 77' lang='lat' dir='ltr'><strong>vigilias,</strong></span> <span class='ocrx_word' id='word_1_770' title='bbox 1217 2704 1417 2736; x_wconf 88' lang='lat' dir='ltr'><strong>obedientiam</strong></span> <span class='ocrx_word' id='word_1_771' title='bbox 1445 2715 1538 2747; x_wconf 88' lang='lat' dir='ltr'><strong>usque</strong></span> <span class='ocrx_word' id='word_1_772' title='bbox 1553 2706 1589 2737; x_wconf 85' lang='lat' dir='ltr'><strong>ad</strong></span> <span class='ocrx_word' id='word_1_773' title='bbox 1606 2711 1731 2738; x_wconf 91' lang='lat' dir='ltr'><strong>mortem</strong></span> <span class='ocrx_word' id='word_1_774' title='bbox 1748 2703 1872 2740; x_wconf 45' lang='lat' dir='ltr'><strong>servatué</strong></span> 
     </span>
    </p>
   </div>
   <div class='ocr_carea' id='block_1_96' title="bbox 1065 2749 1871 2793">
    <p class='ocr_par' dir='ltr' id='par_1_96' title="bbox 1065 2749 1871 2793">
     <span class='ocr_line' id='line_1_96' title="bbox 1065 2749 1871 2793; baseline 0.006 -13"><span class='ocrx_word' id='word_1_775' title='bbox 1065 2757 1127 2787; x_wconf 89' lang='lat' dir='ltr'><strong>ros,</strong></span> <span class='ocrx_word' id='word_1_776' title='bbox 1151 2749 1322 2790; x_wconf 73' lang='lat' dir='ltr'><strong>praeposito,</strong></span> <span class='ocrx_word' id='word_1_777' title='bbox 1349 2751 1463 2793; x_wconf 89' lang='lat' dir='ltr'><strong>totique</strong></span> <span class='ocrx_word' id='word_1_778' title='bbox 1491 2751 1613 2783; x_wconf 87' lang='lat' dir='ltr'><strong>fratrum</strong></span> <span class='ocrx_word' id='word_1_779' title='bbox 1643 2752 1768 2792; x_wconf 88' lang='lat' dir='ltr'><strong>collegio</strong></span> <span class='ocrx_word' id='word_1_780' title='bbox 1782 2762 1871 2785; x_wconf 84' lang='lat' dir='ltr'><strong>coram</strong></span> 
     </span>
    </p>
   </div>
   <div class='ocr_carea' id='block_1_97' title="bbox 237 2832 1025 2880">
    <p class='ocr_par' dir='ltr' id='par_1_97' title="bbox 237 2832 1013 2876">
     <span class='ocr_line' id='line_1_97' title="bbox 237 2832 1013 2876; baseline 0 -10"><span class='ocrx_word' id='word_1_781' title='bbox 237 2833 268 2860; x_wconf 71' lang='grc'><strong>8⁷</strong></span> <span class='ocrx_word' id='word_1_782' title='bbox 282 2833 358 2867; x_wconf 85' lang='lat' dir='ltr'><strong>Psal.</strong></span> <span class='ocrx_word' id='word_1_783' title='bbox 375 2841 475 2874; x_wconf 82' lang='lat' dir='ltr'><strong>cxvut,</strong></span> <span class='ocrx_word' id='word_1_784' title='bbox 489 2836 541 2868; x_wconf 71' lang='lat'><strong>69.</strong></span> <span class='ocrx_word' id='word_1_785' title='bbox 583 2835 616 2861; x_wconf 84' lang='lat'><strong>88</strong></span> <span class='ocrx_word' id='word_1_786' title='bbox 630 2834 725 2868; x_wconf 82' lang='lat' dir='ltr'><strong>Galat.</strong></span> <span class='ocrx_word' id='word_1_787' title='bbox 742 2843 781 2876; x_wconf 85' lang='lat' dir='ltr'><strong>iv,</strong></span> <span class='ocrx_word' id='word_1_788' title='bbox 796 2833 847 2866; x_wconf 80' lang='lat' dir='ltr'><strong>3t.</strong></span> <span class='ocrx_word' id='word_1_789' title='bbox 888 2833 922 2859; x_wconf 82' lang='lat'><strong>89</strong></span> <span class='ocrx_word' id='word_1_790' title='bbox 934 2832 1013 2866; x_wconf 88' lang='lat' dir='ltr'><strong>Psal.</strong></span> 
     </span>
    </p>
   </div>
   <div class='ocr_carea' id='block_1_98' title="bbox 1065 2832 1869 2880">
    <p class='ocr_par' dir='ltr' id='par_1_98' title="bbox 1065 2835 1869 2880">
     <span class='ocr_line' id='line_1_98' title="bbox 1065 2835 1869 2880; baseline 0.006 -15"><span class='ocrx_word' id='word_1_791' title='bbox 1065 2842 1130 2874; x_wconf 76' lang='lat' dir='ltr'><strong>nu,</strong></span> <span class='ocrx_word' id='word_1_792' title='bbox 1149 2835 1220 2868; x_wconf 75' lang='grc'><strong>103.</strong></span> <span class='ocrx_word' id='word_1_793' title='bbox 1261 2836 1295 2862; x_wconf 78' lang='lat'><strong>90</strong></span> <span class='ocrx_word' id='word_1_794' title='bbox 1310 2836 1389 2869; x_wconf 83' lang='lat' dir='ltr'><strong>Psal.</strong></span> <span class='ocrx_word' id='word_1_795' title='bbox 1406 2844 1509 2878; x_wconf 66' lang='grc' dir='ltr'><strong>χχχιιι,</strong></span> <span class='ocrx_word' id='word_1_796' title='bbox 1525 2836 1555 2869; x_wconf 87' lang='grc'><strong>9.</strong></span> <span class='ocrx_word' id='word_1_797' title='bbox 1597 2837 1623 2858; x_wconf 80' lang='grc'><strong>91</strong></span> <span class='ocrx_word' id='word_1_798' title='bbox 1639 2837 1741 2870; x_wconf 86' lang='lat' dir='ltr'><strong>Matth.</strong></span> <span class='ocrx_word' id='word_1_799' title='bbox 1757 2839 1869 2880; x_wconf 58' lang='lat'><strong>151,27.</strong></span> 
     </span>
    </p>
   </div>
   <div class='ocr_carea' id='block_1_99' title="bbox 1946 1266 1959 1556">
    <p class='ocr_par' dir='ltr' id='par_1_99' title="bbox 1946 1266 1959 1556">
     <span class='ocr_line' id='line_1_99' title="bbox 1950 1266 1957 1279; baseline 0 0"><span class='ocrx_word' id='word_1_800' title='bbox 1950 1266 1957 1279; x_wconf 65' lang='grc' dir='ltr'>η</span> 
     </span>
     <span class='ocr_line' id='line_1_100' title="bbox 1950 1317 1959 1332; baseline -0.222 -2"><span class='ocrx_word' id='word_1_801' title='bbox 1950 1317 1959 1332; x_wconf 52' lang='grc'><strong>,1,</strong></span> 
     </span>
     <span class='ocr_line' id='line_1_101' title="bbox 1948 1357 1959 1376; baseline 0 0"><span class='ocrx_word' id='word_1_802' title='bbox 1948 1357 1959 1376; x_wconf 72' lang='lat' dir='ltr'><strong>It</strong></span> 
     </span>
     <span class='ocr_line' id='line_1_102' title="bbox 1947 1402 1957 1421; baseline 0 0"><span class='ocrx_word' id='word_1_803' title='bbox 1947 1402 1957 1421; x_wconf 68' lang='grc' dir='ltr'><strong>Σ]</strong></span> 
     </span>
     <span class='ocr_line' id='line_1_103' title="bbox 1946 1491 1959 1512; baseline 0.154 -2"><span class='ocrx_word' id='word_1_804' title='bbox 1946 1491 1959 1512; x_wconf 75' lang='grc' dir='ltr'><strong>ἱ]</strong></span> 
     </span>
     <span class='ocr_line' id='line_1_104' title="bbox 1948 1536 1957 1556; baseline 0.111 -1"><span class='ocrx_word' id='word_1_805' title='bbox 1948 1536 1957 1556; x_wconf 68' lang='lat' dir='ltr'><strong>Ei</strong></span> 
     </span>
    </p>
   </div>
  </div>
