1978 3078
226 166 286 198 459

874 162 1064 196 SYMEONIS
1083 160 1258 194 JUNIORIS

1848 164 1907 198 460

229 231 431 270 lutionemque
440 227 1078 269 malorum,etlibertatem,etsequentemaA
1090 228 1218 268 cuju5vis
1233 227 1362 258 nominis
1377 237 1430 267 per
1445 228 1649 267 paenitentiam
1663 229 1699 260 ad
1714 239 1747 260 se
1760 230 1908 262 venientis

228 279 329 305 sancto
342 273 454 314 Spiritu
470 273 704 304 consolationem
721 272 846 312 adipisci
862 282 920 303 non
937 273 1046 313 poteri-

229 327 309 349 mus:
325 327 390 358 quas
405 317 665 357 nisisupervenial,
683 325 770 347 nemo
779 316 935 347 Dominum
948 326 1003 348 nec
1017 318 1047 348 in

227 362 284 393 hoc
291 371 345 393 nec
352 362 380 392 in
389 362 488 392 futuro
495 361 602 392 saeculo
611 360 805 392 videbit.Nam
812 365 893 391 recte
907 368 935 392 te
943 361 1047 393 fecisse

229 415 296 437 cum
312 415 415 437 omnes
430 406 655 437 facultatestuas
669 405 699 435 in
716 414 860 445 pauperes
870 405 1046 436 distribuisti

227 451 262 489 (si
278 455 377 482 tamen
394 450 468 481 nihil
486 450 538 480 tibi
555 450 689 490 exemplo
714 449 836 480 Ananiae
851 449 930 479 illius
946 459 1046 481 reser-

227 496 299 526 vasti
315 495 337 534 ¹)
357 499 386 525 et
410 495 511 525 adhazc
537 494 660 531 mundo,
691 497 721 524 et
745 493 781 523 iis
810 502 874 533 quae
889 493 919 523 in
936 494 1045 524 mundo

227 543 298 570 sunt
312 538 500 576 renuntiasti,
518 538 701 577 desertisque
730 538 819 577 hujus
835 538 900 568 vitae
914 538 993 568 curis
1007 538 1043 568 ad

228 586 344 624 portum
357 587 475 613 aeterna;
484 582 548 612 vita:
559 582 726 619 cucurristi,
738 581 869 621 speciem
882 585 909 612 et
922 582 1044 620 ﬁguram

229 627 345 666 pietatis
361 627 491 664 indutus,
504 635 556 665 ego
569 635 686 665 quoque
697 635 755 656 non
774 625 899 662 inficior,
921 630 950 656 et
965 629 993 656 te
1007 625 1043 656 ob

227 671 284 702 hoc
295 671 426 702 studium
439 671 539 701 laudo:
554 671 605 701 sed
616 670 738 710 insuper
750 670 934 710 prudentiam
948 671 1045 700 carnis

227 716 305 746 velut
322 715 451 746 tunicam
467 724 585 750 exuere,
602 719 631 745 et
644 715 807 745 secundum
823 714 939 752 stolam,
956 723 1044 754 quam

228 769 281 800 per
295 759 443 791 Christum
472 759 605 795 induisti,
635 768 732 789 mores
759 758 876 795 animae,
893 758 1045 798 ipsamque

227 804 410 844 spiritualem
439 803 626 843 prudentiam
652 802 804 843 possidere
829 811 952 833 necesse
975 806 1041 833 est:

1088 282 1139 303 cor
1153 272 1312 308 illuminat,
1330 276 1373 302 est
1400 272 1585 312 impossibile
1603 282 1609 304 :
1644 273 1790 313 siquidem
1806 275 1909 306 mundi

1087 317 1178 347 corde
1191 317 1285 348 Deum
1302 316 1402 347 vident
1416 316 1440 348 9.

1129 361 1283 392 Enitamur
1298 360 1396 401 itaque
1411 365 1521 400 patres,
1541 362 1658 400 fratres,
1677 365 1707 392 et
1717 361 1769 392 filii
1782 363 1841 394 mei
1857 372 1909 403 per

1088 404 1271 443 diligentiam
1289 404 1318 434 in
1335 404 1477 442 moribus,
1495 409 1524 435 et
1541 405 1642 444 jugem
1657 406 1839 437 occultarum
1855 417 1907 438 co-

1087 448 1262 487 gitationum
1276 449 1495 479 confessionem
1506 458 1558 479 cor
1568 459 1673 489 purum
1684 450 1830 482 obtinere.
1840 451 1907 487 Quae

1087 491 1166 521 enim
1183 491 1367 531 frequenter,
1389 496 1418 522 et
1444 492 1577 532 quotidie
1606 493 1640 523 fit
1668 503 1684 524 a
1699 494 1786 525 nobis
1802 495 1904 525 harum
1941 491 1942 496 “

1086 535 1227 571 confessi,
1243 536 1268 566 si
1287 545 1320 566 ex
1336 537 1435 567 animo
1450 536 1612 576 pcenitente
1628 538 1778 579 procedat,
1792 539 1905 579 pesipi-

1085 579 1228 610 scentiam
1245 580 1440 620 doloremque
1456 581 1486 610 in
1501 580 1587 611 nobis
1615 581 1769 619 factorum,
1787 583 1908 614 medita-

1086 626 1219 653 torumve
1238 628 1388 663 operatur,
1409 624 1459 664 qui
1472 634 1506 655 ex
1516 624 1628 655 intimis
1641 626 1748 657 animas
1762 627 1907 667 lacrymas

1085 666 1165 705 ciet;
1184 667 1319 708 lacrymae
1332 668 1461 699 animam
1483 673 1618 709 purgant,
1645 674 1674 700 et
1687 666 1906 711 ingentiaipec-

1085 715 1150 741 cata
1161 711 1279 750 delent;
1306 712 1413 752 quibus
1423 712 1541 750 deletis,
1552 714 1645 744 sancti
1660 714 1786 754 Spiritus
1797 715 1906 746 solatiis

1086 756 1297 800 permulcetur,
1324 766 1359 787 ex
1385 758 1613 797 compunctione
1641 759 1751 790 ﬂuento
1780 760 1906 800 quodam

1085 799 1252 830 dulcedinis
1271 801 1420 840 irrigatur,
1440 801 1519 832 unde
1537 802 1680 842 quotidie,
1695 805 1734 834 ita
1748 807 1780 834 ut
1792 799 1905 835 intelli-

227 857 325 889 neque
335 848 392 878 hoc
403 848 510 881 solum.
520 847 571 878 sed
585 846 670 878 etiam
685 856 737 887 per
746 847 944 886 paenitentiam
961 846 1042 877 tuni-
1053 852 1073 877 B
1084 844 1182 889 gentia
1197 844 1406 884 percipiamur,
1424 846 1599 885 pinguescit,
1616 850 1645 877 et
1659 847 1771 878 fructus
1786 847 1906 888 spiritus

228 902 292 923 cam
309 892 446 927 lucidam,
464 891 513 931 qui
544 895 587 922 est
614 891 679 930 ipse
707 891 834 931 Spiritus
851 894 981 928 sanctus,
999 900 1044 921 su-

229 936 408 976 perinduere
427 946 434 973 ;
457 935 533 975 quod
550 935 607 965 nisi
623 944 676 974 per
689 939 872 965 constantem
889 935 1042 966 mandato-

229 990 295 1011 rum
311 980 559 1016 observationem,
577 983 606 1010 et
620 979 803 1009 tolerantiam
820 979 1041 1010 tribulationum

225 1034 285 1055 non
301 1028 346 1055 est
360 1028 391 1054 ut
405 1024 465 1054 fiat.
493 1026 597 1054 Pressa
626 1024 704 1054 enim
735 1032 787 1062 per
802 1024 990 1061 tentationes,
1005 1024 1042 1054 ad

228 1071 369 1110 Iacrymas
384 1073 586 1100 commovetur
604 1079 612 1106 ;
640 1069 775 1109 lacrymae
799 1078 851 1099 cor
867 1073 1040 1108 purgantes,

226 1114 381 1154 templum,
394 1113 626 1144 etdiversorium
648 1112 774 1153 Spiritus
790 1113 883 1143 sancti
898 1113 1040 1144 efﬁciunt.

225 1159 287 1189 Nec
303 1158 383 1188 enim
400 1157 485 1188 nobis
499 1158 535 1188 ad
551 1157 687 1197 salutem,
698 1161 726 1187 et
737 1157 947 1197 perfectionem
963 1158 1043 1188 solus

227 1202 364 1240 vestitus,
377 1205 405 1232 et
418 1202 546 1233 exterior
554 1206 655 1232 statuae
666 1209 788 1232 ornatus
799 1201 907 1233 sufficit
921 1212 926 1232 :
944 1201 996 1232 sed
1012 1206 1044 1232 ut

226 1246 415 1283 exteriorem,
432 1246 471 1276 ita
488 1245 659 1276 interiorem
676 1245 827 1276 hominem
843 1249 974 1277 nostrum
991 1255 1042 1277 or-

224 1299 296 1320 nare
311 1290 420 1320 amictu
445 1289 581 1329 Spiritus,
612 1293 745 1329 totosque
773 1293 803 1319 et
830 1289 959 1328 integros
974 1298 1041 1320 cum

225 1334 334 1370 anima,
352 1337 381 1364 et
396 1343 519 1373 corpore
534 1333 595 1364 Deo
611 1342 644 1364 se
658 1333 766 1364 ofierre
781 1337 908 1373 oportet.
925 1334 965 1365 Et
979 1343 1044 1364 cor-

226 1378 356 1418 poralem
372 1377 492 1417 quidem
523 1377 763 1408 exercitationem
792 1381 913 1417 propter
926 1379 1044 1409 virtutis

225 1422 342 1452 labores
356 1430 520 1459 assumere,
538 1426 569 1452 ut
583 1421 700 1461 egregie
730 1422 861 1452 molestis
878 1422 1041 1452 secundum

224 1465 319 1496 Deum
328 1474 544 1502 assuescamus,
556 1470 583 1497 et
593 1465 859 1505 feramusingenue
873 1467 1041 1497 amaritiem

222 1510 341 1550 jejunii,
359 1497 562 1541 difﬁcultatem
579 1497 780 1548 continentiae:
789 1497 1072 1542 necessitatemvi-C

224 1554 374 1594 giliarum,
393 1554 561 1584 afﬂictionis
576 1563 663 1585 omne
679 1563 772 1593 genus
789 1565 796 1584 :
823 1555 930 1595 pietate
944 1559 1042 1586 autem

224 1598 347 1638 spiritus
360 1598 480 1629 erudire
490 1598 617 1628 animam
629 1598 665 1629 ad
678 1598 851 1639 sapiendum
858 1603 1045 1639 quaeoportet

223 1651 339 1683 sapere,
354 1646 383 1673 et
412 1642 612 1673 meditandam
637 1652 756 1683 semper
783 1643 871 1674 vitam
888 1648 1040 1680 aeternam,

224 1696 290 1718 esse
305 1686 460 1726 humilem,
478 1687 590 1724 mitem,
618 1687 788 1725 contritum,
817 1692 1039 1727 compunctum,

223 1732 373 1770 lugentem
386 1730 514 1768 assidue,
527 1735 556 1761 et
567 1731 662 1762 lucem
674 1732 794 1771 spiritus
820 1741 872 1771 per
887 1741 990 1772 preces
1005 1732 1041 1762 ad

223 1784 256 1806 se
271 1775 450 1810 elicientem,
465 1784 530 1815 qua
546 1780 574 1806 et
589 1775 694 1806 adesse
710 1775 751 1805 illi
769 1785 822 1815 per
837 1776 1041 1815 paenitentiam

223 1819 469 1850 ferventissimam
486 1829 678 1858 consuevere,
710 1824 839 1859 purgata:
866 1829 917 1860 per
933 1821 1041 1852 uberes

224 1862 377 1902 lacrymas,
395 1863 458 1893 sine
475 1863 582 1903 quibus
597 1873 652 1894 nec
668 1865 794 1895 tunicam
811 1865 875 1903 ejus
891 1865 1037 1902 mandari,

223 1915 278 1936 nec
293 1906 323 1936 in
339 1905 466 1936 sublime
477 1907 737 1946 contemplationis
752 1916 816 1937 eam
832 1908 996 1938 ascendere
1007 1908 1039 1938 li-

222 1954 279 1981 cet.
293 1952 366 1982 Nam
378 1955 410 1981 ut
419 1951 624 1982 vestimentum
637 1961 653 1982 e
664 1961 747 1983 caeno
760 1952 909 1990 alicunde,
922 1957 952 1983 et
962 1957 1039 1983 ster-

222 1994 345 2035 quilinio
362 1994 485 2025 nimium
514 2001 654 2035 quantum
684 1996 875 2036 defosdatum,
894 1996 950 2026 nisi
964 2006 1039 2037 aqua

221 2038 323 2078 multa,
335 2042 364 2069 et
374 2038 477 2069 crebro
498 2039 624 2079 pedibus
640 2039 781 2070 calcatum
799 2049 857 2070 non
871 2044 1011 2080 purgatur
1028 2053 1034 2071 :

221 2082 265 2113 sic
278 2087 308 2113 et
322 2082 429 2113 animae
454 2084 543 2113 vestis
558 2093 592 2114 ex
609 2084 680 2117 luto.
711 2089 743 2116 et
771 2085 955 2124 sterquilinio
972 2094 1037 2124 pec-

220 2126 361 2156 catricum
377 2127 566 2157 aﬂ'ectionum
596 2131 723 2168 turpata,
755 2129 812 2159 nisi
842 2138 895 2169 per
909 2129 1037 2160 ubertim

1084 888 1161 925 alit;
1190 898 1264 928 quos
1293 893 1428 929 tempore
1456 891 1629 928 congruenti
1657 901 1711 922 ceu
1726 891 1905 923 frumentum

1085 932 1176 962 multo
1189 941 1257 962 cum
1268 933 1380 964 fcenore
1394 934 1430 964 ad
1445 942 1478 964 se
1495 934 1526 964 in
1539 935 1627 964 vitam
1646 934 1856 973 immortalem,
1874 946 1906 967 ac

1084 977 1295 1017 sempiternam
1312 978 1385 1008 citra
1399 978 1488 1009 ullam
1519 978 1756 1019 absumptionem
1771 980 1906 1012 nutrien-

1084 1020 1151 1050 dam
1166 1022 1262 1052 offert.
1291 1021 1363 1052 Cum
1386 1022 1538 1062 hucusque
1566 1024 1664 1053 studio
1692 1033 1754 1054 suae
1768 1025 1907 1064 praeclare

1084 1067 1261 1104 pervenerit,
1289 1065 1349 1096 Deo
1374 1066 1537 1104 familiaris,
1555 1071 1585 1098 et
1599 1067 1779 1098 domicilium
1797 1069 1907 1100 habita-
1940 1076 1941 1080 ‘

1083 1109 1243 1149 culumque
1259 1117 1457 1141 sacrosanctae
1473 1110 1625 1142 Trinitatis
1647 1112 1753 1150 evadit,
1770 1122 1845 1153 pure
1861 1115 1904 1144 in-

1084 1156 1170 1183 tuens
1185 1153 1278 1184 Deum
1293 1154 1502 1186 fabricatorem
1517 1163 1614 1193 suum,
1634 1160 1663 1186 et
1676 1165 1744 1186 cum
1760 1157 1825 1197 ipso
1839 1167 1904 1188 ver-

1084 1206 1151 1228 sans
1167 1198 1310 1238 quotidie,
1329 1209 1345 1229 e
1360 1209 1494 1239 corpore,
1525 1204 1554 1230 et
1582 1201 1704 1236 mundo,
1722 1205 1751 1232 et
1765 1211 1835 1233 aere
1849 1202 1904 1233 isto

1085 1241 1204 1282 excidit,
1222 1246 1253 1273 et
1267 1242 1436 1281 virtutibus,
1451 1248 1540 1284 atque
1567 1244 1621 1275 alis
1646 1245 1797 1277 charitatis
1812 1256 1829 1277 a
1843 1247 1903 1278 Deo

1085 1287 1196 1332 elevata
1209 1287 1240 1317 in
1254 1287 1361 1318 coelum
1377 1289 1553 1328 ascendens,
1583 1298 1650 1320 cum
1666 1290 1805 1321 omnibus
1817 1292 1904 1332 justis

1084 1329 1266 1361 alaboribus
1281 1331 1342 1362 suis
1366 1332 1537 1372 requiescit,
1568 1337 1596 1363 et
1624 1338 1669 1364 est
1692 1334 1723 1364 in
1738 1329 1854 1366 inﬁnito
1869 1345 1903 1366 ac
1939 1367 1940 1370 η

1085 1374 1184 1405 divino
1200 1375 1323 1413 lumine,
1350 1375 1401 1406 ubi
1429 1377 1628 1417 apostolorum
1658 1378 1778 1417 Christi,
1797 1385 1903 1420 marty-

1084 1427 1161 1456 rum,
1186 1423 1355 1450 sauctorum
1366 1424 1394 1451 et
1405 1421 1537 1451 omnium
1553 1430 1749 1462 supernarum
1764 1423 1902 1454 virtutum

1084 1463 1205 1493 ordines
1221 1473 1280 1494 una
1310 1464 1408 1495 choris
1436 1465 1603 1505 indulgent.
1631 1466 1715 1498 Hunc
1729 1467 1828 1508 itaque
1843 1471 1903 1498 sta—

1087 1511 1159 1544 tum,
1174 1508 1280 1539 fratres
1303 1508 1333 1539 in
1362 1508 1493 1547 Ghristo,
1523 1519 1577 1541 nos
1592 1519 1709 1551 quoque
1724 1513 1904 1552 complecta-

1085 1561 1152 1582 mur
1163 1561 1201 1583 ne
1211 1552 1321 1583 sanctis
1333 1553 1469 1584 Patribus
1481 1555 1590 1585 nostris
1612 1555 1770 1586 inferiores
1785 1556 1879 1587 simus
1894 1566 1900 1586 :
1940 1558 1941 1561 “

1084 1596 1136 1626 sed
1152 1601 1184 1626 ut
1198 1606 1251 1637 per
1266 1598 1507 1629 exercitationem
1529 1608 1631 1630 rerum
1653 1599 1857 1639 honestarum,
1876 1604 1904 1631 et

1084 1649 1139 1680 per
1152 1640 1352 1672 obedientiam
1379 1641 1488 1673 Christi
1515 1644 1733 1682 mandatorum,
1762 1645 1794 1675 in
1809 1645 1902 1675 virum

1084 1685 1245 1724 perfectum
1258 1686 1429 1727 evadamus,
1444 1688 1474 1717 in
1486 1697 1654 1718 mensuram
1667 1689 1759 1720 aetatis
1770 1690 1901 1729 plenitu-

1083 1729 1162 1759 dinis
1178 1730 1286 1760 Christi
1299 1730 1326 1760 5.
1342 1730 1421 1761 Nihil
1436 1732 1516 1762 enim
1533 1732 1684 1772 prohibet,
1714 1733 1740 1764 si
1763 1734 1900 1765 velimus.

1083 1772 1133 1803 Sic
1142 1778 1169 1803 et
1179 1773 1271 1804 Deum
1292 1774 1377 1805 nobis
1394 1775 1466 1815 ipsis
1487 1776 1729 1815 glorificabimus,
1746 1782 1775 1808 et
1789 1778 1868 1808 Deus
1883 1786 1899 1807 a

1082 1817 1168 1848 nobis
1194 1817 1293 1849 laetitia
1304 1818 1462 1859 afficietur,
1477 1824 1505 1850 et
1516 1825 1550 1850 ex
1561 1820 1619 1850 hac
1629 1821 1686 1851 vita
1701 1821 1901 1861 demigrantes

1082 1870 1149 1892 eum
1160 1862 1357 1901 inveniemus,
1369 1865 1419 1903 qui
1430 1873 1484 1894 nos
1494 1868 1526 1894 ut
1536 1873 1658 1904 magnus
1678 1865 1806 1896 Abrahae
1820 1866 1901 1896 sinus

1082 1905 1111 1936 in
1139 1915 1230 1945 regno
1246 1907 1388 1938 caelorum
1413 1908 1552 1949 excipiat,
1583 1913 1612 1939 et
1628 1909 1736 1940 foveat.
1753 1910 1790 1940 Et
1807 1911 1857 1950 qui
1871 1909 1901 1939 in

1081 1950 1181 1981 medio
1197 1951 1336 1988 tumultu,
1350 1956 1379 1982 et
1389 1952 1526 1992 strepitu,
1545 1956 1575 1983 et
1588 1954 1637 1993 qui
1656 1953 1687 1983 in
1702 1953 1858 1991 coenobiis,
1875 1957 1903 1983 et

1081 1994 1131 2034 qui
1146 1994 1176 2024 in
1193 1995 1355 2033 montibus,
1372 2004 1406 2026 ac
1435 1996 1585 2036 speluncis
1600 2003 1680 2038 sunt,
1699 1998 1901 2038 mandatisque

1079 2038 1188 2069 Christi
1203 2039 1413 2070 convenienter
1427 2040 1538 2078 vivunt,
1565 2041 1727 2082 salvantur,
1743 2046 1772 2072 et.
1786 2042 1900 2081 magnis

1078 2081 1161 2113 aDeo
1172 2083 1258 2113 donis
1269 2083 1435 2122 dignantur:
1447 2084 1635 2116 Voluntatem
1641 2086 1720 2116 enim
1727 2087 1899 2118 timentium

1078 2135 1110 2158 se
1121 2127 1224 2167 faciet,
1242 2131 1270 2158 et
1300 2128 1541 2167 deprecationem
1568 2138 1673 2160 eorum
1701 2131 1854 2170 exaudiet,
1871 2133 1898 2160 ει

218 2171 344 2202 ﬂuentes
359 2171 517 2210 lacrymas,
534 2172 799 2213 tentationumque,
830 2178 858 2204 et
875 2173 1037 2204 tribulatio-
1048 2171 1207 2215 Dsalvabi't
1219 2172 1298 2202 e034.
1314 2171 1371 2202 Ubi
1383 2174 1481 2210 timor,
1491 2173 1531 2203 ait
1542 2173 1658 2204 divinus
1669 2174 1841 2215 Gregorius,
1858 2173 1897 2204 ibi

220 2223 292 2245 num
306 2215 491 2246 tolerantiam
517 2225 534 2246 a
558 2217 695 2247 sordibus
717 2227 775 2247 non
805 2218 945 2249 abluitur.
962 2219 1035 2249 Nam

219 2267 287 2289 cum
302 2268 319 2289 a
335 2259 469 2299 corporis
483 2260 576 2290 nostri
600 2261 763 2291 substantia
786 2262 957 2292 naturaliter
972 2264 1037 2293 dua;

218 2303 362 2334 ﬂuxiones
381 2303 531 2344 exsistant,
546 2313 604 2335 una
620 2305 754 2345 superior
769 2305 972 2346 lacrymarum,
990 2307 1035 2337 al-

217 2350 281 2378 tera
295 2347 430 2388 inferior,
447 2357 464 2377 a
485 2348 621 2379 facultate
635 2349 754 2389 genitali
771 2360 777 2380 :
795 2354 823 2380 et
837 2350 900 2380 haec
915 2350 1035 2390 quidem

215 2391 241 2421 si
257 2395 359 2423 contra
374 2401 462 2432 quam
477 2397 595 2433 natura,
613 2398 642 2424 et
669 2393 784 2433 legibus
798 2394 962 2425 institutum
979 2399 1034 2432 est,

216 2435 277 2474 ﬁat,
292 2436 421 2466 animam
437 2437 619 2468 contaminet
634 2447 645 2476 ;
673 2437 723 2468 illa
749 2438 773 2469 si
802 2448 836 2469 ex
852 2439 1035 2478 paenitudine

215 2479 367 2519 procedat,
384 2481 519 2512 eamdem
538 2486 653 2522 purget,
671 2491 721 2512 eos
744 2483 794 2522 qui
811 2482 989 2523 turbulenta,
1006 2488 1036 2514 et

213 2532 280 2554 cum
297 2528 418 2563 peccato
434 2525 593 2565 conjuncta
609 2526 708 2557 cordis
723 2527 867 2565 motione,
884 2527 1033 2567 cupidita-

215 2570 278 2598 tum
287 2577 302 2598 a
315 2567 429 2599 ratione
438 2569 601 2600 alienarum
609 2570 721 2602 formas
732 2571 788 2601 sibi
800 2571 1031 2611 insculpserunt,

213 2615 243 2642 et
271 2611 312 2642 ita
340 2612 468 2644 animam
497 2613 701 2653 inquinarunt,
728 2615 865 2655 plurimis
892 2616 1034 2655 lacrymis

214 2655 363 2693 mundari,
373 2657 560 2698 tunicamque
567 2658 676 2689 animae
684 2659 872 2699 purissimam
879 2660 1033 2700 acquirere

213 2703 338 2739 oportet.
359 2700 476 2742 Alioqui
484 2702 589 2734 videre
602 2703 707 2739 Deum,
720 2703 817 2744 ipsum
829 2704 941 2743 lumen,
955 2705 1033 2744 quod

1077 2214 1284 2245 mandatorum
1293 2216 1443 2254 custodia;
1457 2216 1509 2247 ubi
1519 2218 1738 2255 mandatorum,
1751 2218 1895 2255 custodia,

1077 2257 1116 2288 ibi
1129 2259 1210 2289 canis
1219 2259 1367 2299 purgatio;
1379 2269 1485 2300 nempe
1495 2261 1582 2292 nubis
1597 2262 1820 2294 obtenebrantis
1831 2262 1895 2293 ani-

1078 2311 1170 2340 mam,
1186 2312 1242 2334 nec
1256 2303 1380 2334 sinentis
1395 2305 1526 2335 divinum
1543 2305 1658 2337 radium
1673 2307 1756 2338 clare
1769 2306 1895 2339 intueri.
1940 2340 1941 2344 η

1078 2347 1134 2378 Ubi
1150 2348 1297 2387 purgatio,
1314 2347 1356 2378 ibi
1385 2348 1573 2381 illuminatio.
1604 2351 1783 2383 llluminatio
1798 2355 1895 2383 autem

1077 2391 1220 2422 desiderii
1231 2392 1362 2432 impletio
1376 2393 1433 2433 his,
1444 2394 1494 2434 qui
1509 2395 1645 2433 maxima,
1661 2400 1711 2426 aut
1722 2397 1893 2432 maximum,

1076 2439 1126 2480 aut
1142 2436 1297 2476 plusquam
1313 2446 1453 2476 magnum
1467 2443 1619 2479 appetunt.
1635 2440 1736 2480 Itaque
1751 2450 1818 2471 cum
1834 2440 1895 2470 haec

1077 2479 1160 2518 dixit,
1175 2481 1264 2511 ﬁnem
1276 2490 1335 2511 non
1345 2482 1433 2513 ﬁnem
1455 2493 1522 2515 esse
1539 2484 1636 2514 omnis
1655 2479 1762 2515 animm
1780 2482 1894 2515 illumi-

1076 2524 1226 2555 nationem
1235 2526 1362 2565 Spiritus
1374 2527 1559 2566 signiﬁcavit,
1572 2538 1660 2569 quam
1673 2529 1799 2569 adeptus
1815 2528 1891 2569 quis,

1075 2569 1165 2600 finem
1180 2569 1311 2609 quidem,
1331 2574 1359 2601 et
1374 2577 1537 2604 extremum
1558 2573 1744 2603 sensibilium
1761 2573 1892 2604 omnium
1942 2599 1944 2603 ,

1075 2614 1311 2654 comprehendit,
1329 2615 1506 2657 principium
1523 2621 1621 2648 autem
1637 2617 1816 2657 cognitionis
1830 2616 1892 2656 spi-

1074 2658 1223 2688 ritualium
1234 2658 1356 2690 invenit.
1367 2660 1566 2696 Quamobrem
1577 2661 1619 2692 uti
1638 2671 1758 2693 cursum
1774 2661 1893 2693 manda-

1075 2707 1171 2734 torum
1187 2702 1296 2734 Christi
1308 2705 1456 2744 patienter
1471 2706 1634 2738 lahorando
1647 2707 1771 2739 curratis
1786 2715 1849 2743 oro,
1866 2707 1893 2734 ei
1943 2719 1945 2723 ι

252 2786 263 2807 ί
279 2786 345 2818 Act.
361 2795 392 2825 v,
408 2787 423 2818 1
439 2796 523 2829 seqq.
565 2789 580 2810 ί
592 2789 695 2823 Matth.
711 2798 742 2830 ν,
758 2790 787 2822 8.
829 2791 845 2815 5
859 2789 970 2831 Ephes.
984 2799 1025 2832 tv,

1084 2814 1091 2822 .
1133 2791 1149 2816 4
1162 2790 1239 2822 Psal.
1256 2799 1350 2832 σιω,
1367 2793 1415 2825 t9.
