1978 3078
38 169 99 201 461

37 280 90 310 bet
103 279 266 320 patienter,
279 283 509 318 constanterque
532 280 659 320 pulsanti
673 286 774 320 portas
788 282 874 319 regni

38 324 87 354 sui
104 324 214 364 aperit,
227 327 256 355 et
267 324 317 355 dat
329 324 441 364 petenti
455 324 597 365 Spiritum
613 329 739 362 rectum,
759 329 787 356 et
801 333 872 356 san-

38 368 222 403 ctissimum,
238 378 293 399 nec
304 369 368 399 ﬁeri
380 373 485 408 potest,
509 373 540 399 ut
553 373 613 400 tota
625 369 723 400 anima
737 378 872 409 qumrens

43 422 107 443 non
123 413 265 453 inveniat,
284 417 312 443 et
341 413 466 443 ditescat
493 413 603 443 divitiis
618 414 764 444 donorum
781 414 844 452 ejus
862 424 869 444 :

36 457 84 487 sic
96 462 128 487 et
141 457 233 487 nosin
248 457 334 487 bonis
348 457 412 496 ejus
429 456 639 493 ineﬁ‘abilibus,
658 466 735 489 nunc
751 457 870 496 quidem

37 510 74 532 ex
84 505 181 541 parte,
196 511 262 532 cum
270 501 506 540 inintelligentia,
517 501 718 540 etcognitione
726 505 870 540 praestan-

38 545 155 576 tiorum
170 554 178 583 ;
195 545 225 576 in
241 546 340 577 futuro
355 550 455 576 autem
484 545 596 577 szeculo
612 545 743 585 perfecte
758 549 786 575 et
801 555 868 576 con-

37 594 190 621 summate
206 599 274 621 cum
301 590 413 621 sanctis
443 589 582 620 omnibus
610 590 734 620 delicias
754 594 868 620 nostras

37 635 220 666 habeamus.
237 634 357 665 lEterna
372 633 482 674 quippe
498 633 574 664 bona
591 643 606 665 a
630 634 693 665 Deo
709 634 823 671 electis,
841 638 870 664 et

37 679 196 709 salvandis
211 678 316 718 partim
328 678 390 717 jam
407 687 485 708 nunc
515 677 638 717 pignora
661 678 779 715 dantur,
795 677 867 717 ipsis

38 723 205 763 proposita,
222 722 367 762 revelata,
396 722 582 762 apparentia,
615 726 644 752 et
671 722 742 760 visa,
762 721 864 762 partim

39 771 109 807 post
126 770 263 804 mortem,
281 770 309 797 et
324 766 575 797 resurrectionem
591 767 776 805 contingunt.

82 811 196 842 Discite
210 811 308 850 igitur,
325 811 427 841 dilecti
451 810 568 848 fratres,
596 811 766 842 thesaurum
781 811 865 841 inex-

39 855 225 896 plicabilem,
242 864 331 895 super
346 864 465 885 omnem
480 855 678 895 principatum
696 859 724 886 et
740 860 863 895 potesta-

741 168 883 201 ORATIO
904 168 1045 202 XXVIII.

39 235 138 266 facies
152 239 257 266 vestrae
272 244 331 266 non
356 234 595 267 confundantur:
621 235 674 267 sed
694 235 770 266 sicut
785 235 1086 266 ouili-Ainvocabant
1115 244 1162 266 me
1195 245 1324 276 semper.

1676 176 1734 211 462

1370 237 1466 278 Mane,
1507 239 1602 280 inquit
1629 241 1730 281 David,

915 280 1044 311 Exaudi
1059 289 1105 310 me
1119 280 1157 310 ‘0.
1174 281 1265 311 Mane
1279 283 1382 312 astabo
1408 283 1463 313 (ibi
1485 287 1512 315 et
1527 285 1630 317 videbo
1645 288 1682 317 Η.
1700 280 1734 319 Et

914 325 1002 355 alius.
1015 325 1095 356 Tunc
1101 327 1329 365 erumpetquasi
1338 336 1425 358 mane
1434 327 1534 359 lumen
1544 333 1641 368 tuum,
1651 337 1678 363 et
1687 342 1734 364 sa-

913 371 994 401 nitas
1008 374 1059 400 tua
1077 370 1166 400 citius
1181 370 1342 408 orietur”,
1373 372 1490 411 quando
1507 378 1535 404 et
1552 378 1580 404 tu
1597 376 1732 409 videlicet

914 415 1050 445 mandata
1067 423 1131 445 mea
1146 414 1352 446 custodiveris.
1369 415 1404 445 Et
1418 416 1488 455 quid
1513 419 1616 450 attinet
1632 423 1731 454 omnia

912 467 1101 497 percensere,
1119 468 1182 498 quae
1210 458 1287 489 Deus
1316 460 1416 490 salutis
1446 466 1552 493 nostrae
1577 465 1680 497 sitiens
1694 468 1731 498 ad

912 511 968 533 nos
977 503 1112 548 loquitur
1125 502 1213 548 ἶ)ῗηίδί
1228 503 1360 548 omnino,
1379 508 1410 533 ut
1431 514 1482 544 per
1502 508 1602 538 omnia
1618 519 1730 548 cogno—

911 547 1221 594 scatispet_c_redatis,
1245 547 1390 594 sedentes
1416 549 1444 579 in
1477 551 1606 582 tenebris
1633 547 1730 594 magni

909 591 1028 638 luminis
1038 592 1199 638 "fulgorem
1217 591 1330 638 ‘viderep
1350 596 1497 638 oportere,
1529 595 1554 624 si
1569 591 1728 638 quidquam

910 635 1020 682 vident.
1038 635 1073 682 Et
1089 645 1125 682 n_e
1141 636 1190 682 qui
1208 635 1245 682 de
1265 635 1348 666 vobis
1374 637 1513 675 cogitent,
1529 635 1729 682 fulsisse-qui-

908 679 987 725 dem,
998 679 1048 710 sed
1060 679 1109 719 qui
1121 679 1255 725 adhuc_i_n
1264 688 1389 725 corpore
1398 684 1467 710 sunt
1478 681 1623 721 homines,
1632 679 1728 725 ipsum

908 723 1007 754 videre
1024 733 1080 754 non
1098 733 1194 764 posse.
1211 723 1243 770 _Si
1259 723 1338 753 enim
1365 724 1421 754 hoc
1447 725 1511 755 ﬁeri
1528 736 1585 757 non
1602 723 1727 770 poterat,

907 768 977 807 quid
994 768 1080 804 luxit,
1097 772 1124 798 et
1141 767 1220 798 lucid
1244 768 1352 806 adhuc,
1380 778 1446 799 cum
1477 769 1513 800 ab
1530 772 1573 802 eis
1590 782 1649 803 non
1662 767 1730 805 cer;

906 816 993 843 natur
1008 813 1023 842 ’Ζ
1050 812 1111 859 imo
1140 821 1210 859 vero
1227 813 1326 859 lumen
1342 822 1461 853 semper
1475 819 1549 853 erat,
1567 820 1595 846 et
1610 827 1729 859 semper

904 858 990 893 luxit,
1009 860 1037 886 et
1054 856 1131 886 lucet
1148 856 1178 886 in
1204 857 1250 887 his
1275 857 1324 896 qui
1354 858 1466 896 purgati
1496 865 1574 897 sunt,
1592 866 1621 891 et
1636 863 1666 893 in
1676 856 1728 896 ἰθ-

41 904 117 936 tem,
136 900 222 940 cujus
250 899 451 930 haereditatem
478 899 557 944 justi
581 899 687 929 adituri
710 904 789 937 sunt,
805 909 863 930 non
880 900 1012 943 Bnebris
1024 900 1192 940 apparebat,
1207 904 1235 931 et
1246 900 1413 931 tenebracid
1432 907 1731 944 noncomprehende-

43 946 75 975 in
91 944 193 974 futuro
208 944 316 975 saeculo
342 944 492 979 duntaxat,
509 943 561 973 sed
574 943 635 983 jam
651 943 868 983 quodammodo

41 993 114 1020 ante
129 989 245 1026 oculos,
273 993 301 1019 et
316 997 432 1024 manus,
451 992 480 1018 et
495 988 586 1028 pedes
602 992 717 1018 nostros
733 988 868 1028 proposi-

41 1038 105 1064 tum
118 1042 204 1071 esse;
219 1042 307 1074 quem
320 1042 373 1064 nos
385 1033 491 1063 anima:
502 1032 606 1062 oculos
618 1041 678 1072 pra:
693 1033 868 1071 ignorantia,

42 1077 233 1114 inﬁdelitate,
250 1087 340 1108 sensu
356 1076 625 1117 perturbationum,
643 1077 727 1116 quasi
743 1077 869 1117 quadam

42 1124 173 1163 caligine
188 1123 288 1160 oﬂ‘usi,
305 1128 334 1154 et
352 1122 465 1159 caecati,
482 1131 541 1153 non
566 1123 703 1154 videmus
720 1132 726 1154 :
753 1123 871 1162 Venite,

42 1169 159 1199 credite
189 1168 360 1198 thesaurum
390 1167 492 1208 istum,
520 1176 607 1208 quem
633 1167 716 1198 vobis
732 1168 871 1208 przedico,

42 1214 148 1243 lumen
163 1212 267 1243 mundi
278 1221 344 1242 esse
359 1222 365 1242 :
378 1212 444 1251 Ego
458 1220 525 1243 sum
542 1213 721 1243 resurrectio
733 1216 761 1243 et
775 1214 871 1244 υἰιαδ.

43 1258 105 1298 Ego
123 1267 188 1290 sum
200 1267 333 1298 granum
345 1259 461 1297 sinapis
471 1257 498 1293 ϐ,
514 1257 591 1298 quod
610 1259 638 1288 in
655 1262 732 1288 terra
746 1257 869 1289 abscon-

43 1303 138 1334 ditur.
153 1303 213 1342 Ego
224 1312 288 1333 sum
304 1302 476 1341 margarita
487 1302 514 1342 7,
531 1311 596 1342 quae
611 1311 627 1332 a
643 1302 781 1333 ﬁdelibus
796 1303 870 1334 emi-

44 1352 106 1378 tur.
123 1347 184 1386 Ego
198 1356 263 1378 sum
278 1355 408 1386 regnum
423 1346 565 1377 caelorum
573 1347 599 1383 9,
631 1347 709 1386 quod
729 1346 806 1378 intra
820 1357 870 1379 vos

42 1392 126 1424 latet.
143 1391 180 1423 Et
204 1391 455 1431 quemadmodum
483 1399 591 1421 ceruor
617 1390 653 1421 ab
681 1391 728 1421 his
756 1392 807 1431 qui
822 1401 870 1424 me

42 1446 125 1468 nunc
153 1436 342 1477 quaesierunt,
374 1439 403 1466 et
431 1435 623 1466 invenirunt-
664 1435 707 1466 sic
734 1435 864 1476 fulgebo,

43 1482 115 1520 illis,
144 1486 173 1512 et
197 1490 287 1522 super
315 1488 419 1511 omnes
448 1480 538 1510 C(elos
565 1479 711 1512 residens.
728 1480 788 1519 Ego
815 1482 864 1521 qui

912 944 981 975 bant
995 945 1033 976 ‘5.
1050 947 1086 976 Et
1101 955 1179 976 nunc
1205 945 1292 981 lucet,
1322 950 1349 975 ct
1381 947 1510 978 tenebrze
1525 948 1554 978 id
1571 959 1629 981 non
1645 961 1729 984 com-

913 989 1113 1036 prehendunt,
1130 989 1190 1019 sive
1206 999 1264 1036 non
1283 994 1412 1029 tangunt.
1433 990 1514 1026 Quod
1531 998 1628 1025 autem
1645 997 1727 1036 dixit,

913 1033 981 1080 quia
992 1037 1087 1080 ortum
1100 1033 1259 1080 estpopulo
1271 1034 1390 1080 sedenti,
1399 1039 1427 1064 tn
1444 1035 1574 1080 tenebris
1585 1038 1624 1076 η,
1635 1039 1663 1070 id
1674 1033 1727 1080 est,

913 1077 1000 1108 modo
1017 1077 1162 1117 placuisse
1179 1077 1303 1108 revelari
1318 1077 1354 1107 iis
1383 1078 1412 1108 in
1437 1079 1543 1118 quibus
1559 1086 1587 1111 et
1600 1077 1729 1115 manile;

914 1125 1033 1153 strator.
1046 1122 1102 1152 Alii
1115 1121 1194 1152 enim
1207 1122 1236 1151 in
1257 1122 1387 1152 tenebris
1403 1129 1563 1162 versantes,
1582 1126 1653 1157 illud
1671 1138 1729 1160 non

915 1166 1181 1205 comprehendunt.
1213 1165 1350 1211 Invisibis
1379 1167 1470 1204 enim,
1512 1172 1580 1200 tunc
1610 1172 1730 1211 quidem

916 1219 968 1249 per
982 1220 1087 1250 corpus
1099 1211 1176 1241 visus
1188 1214 1233 1241 est
1243 1210 1392 1247 omnibus,
1404 1212 1454 1251 qui
1469 1210 1646 1252 aspexerunt
1662 1226 1729 1248 eum

911 1254 1100 1286 credentibus
1118 1259 1145 1285 et
1160 1264 1217 1285 non
1232 1255 1433 1287 credentibus.
1451 1256 1543 1287 Etiam
1571 1259 1730 1292 divinitatis

911 1298 974 1337 ejus
991 1299 1089 1330 lumen
1106 1301 1256 1338 cognitum
1287 1305 1315 1329 et
1344 1301 1502 1331 revelatum
1529 1307 1573 1331 est
1587 1304 1658 1334 solis
1673 1305 1731 1336 illis

913 1352 964 1388 per
979 1352 1068 1383 opera
1084 1343 1229 1381 ﬁdelibus,
1246 1344 1296 1384 qui
1312 1348 1340 1374 ct
1355 1345 1493 1376 dicebant
1509 1347 1556 1377 ei:
1573 1349 1648 1380 Ecce
1662 1359 1728 1388 nos,

910 1386 1049 1425 Domine,
1068 1388 1246 1428 reliquimus
1264 1391 1376 1426 ornum,
1389 1392 1519 1421 «(seculi
1532 1401 1634 1423 suum:
1649 1398 1676 1424 te
1689 1386 1728 1426 15.

909 1430 991 1478 Quod
1008 1432 1058 1470 ait,
1072 1434 1187 1470 omnia,
1206 1441 1241 1463 ea
1256 1442 1333 1478 vocer
1344 1435 1495 1473 pecunias,
1515 1438 1728 1478 possessiones,

906 1476 1080 1517 voluntates,
1097 1481 1297 1517 contemptum
1328 1477 1413 1517 hujus
1429 1479 1493 1518 vjtze
1520 1485 1548 1510 et
1574 1476 1729 1515 abomina;

43 1527 135 1558 etiam
153 1526 202 1557 hic
217 1532 323 1556 natura
347 1535 364 1556 a
392 1524 473 1555 vobis
502 1534 560 1555 non
591 1525 702 1565 capior,
720 1529 747 1556 et
763 1525 898 1560 invisi-(3
913 1521 1022 1551 tionem
1039 1522 1116 1561 ejus,
1128 1525 1250 1561 propter
1263 1527 1380 1560 gustum
1397 1523 1588 1555 subsistensis
1603 1526 1632 1556 in
1645 1528 1730 1560 nobis

42 1571 113 1602 bilis
137 1570 250 1608 videor,
282 1579 343 1600 non
367 1573 494 1610 quantus
524 1578 588 1599 sum
619 1578 666 1599 me
695 1571 869 1610 ostendens,

42 1624 212 1657 quanquam
225 1618 303 1645 totus
316 1623 419 1644 maneo
434 1613 484 1653 qui
500 1623 577 1650 sum,
592 1613 661 1644 dum
679 1613 799 1653 videor;
818 1617 868 1648 sed

43 1663 189 1701 quantum
205 1668 252 1690 me
279 1657 441 1689 videntium
468 1662 582 1698 natura,
617 1662 645 1688 et
671 1658 763 1689 virtus
779 1661 866 1701 capit.

42 1706 105 1744 Ego
137 1713 202 1734 sum
229 1704 409 1742 fermentum
434 1702 462 1739 9,
493 1702 571 1742 quod
600 1707 754 1742 acceptum
771 1705 869 1736 anima

45 1749 125 1780 misit
141 1748 172 1778 in
201 1751 262 1778 tres
291 1751 390 1787 partes
419 1755 500 1783 suos,
529 1750 557 1776 et
583 1746 778 1778 fermentatur
792 1748 866 1788 ipsa,

43 1798 72 1825 et
90 1797 149 1824 tota
163 1792 238 1823 mihi
253 1791 359 1822 similis
375 1791 514 1821 efﬁcitur.
531 1790 625 1826 Quale
641 1791 720 1820 enim
739 1792 870 1823 fermen-

43 1842 116 1874 tum,
136 1836 205 1867 talis
220 1835 252 1866 ﬁt
267 1836 354 1866 etiam
387 1835 492 1869 farina,
521 1843 586 1874 quae
615 1834 683 1865 huic
698 1844 765 1865 cum
781 1845 866 1876 aqua,

44 1887 73 1913 et
87 1882 149 1913 sale
164 1880 317 1911 miscetur.
350 1879 406 1915 Qui
431 1878 522 1915 enim,
553 1878 660 1918 inquit,
677 1888 795 1910 mecum
813 1885 867 1918 est,

47 1924 250 1957 counaturalis
265 1924 352 1955 Pater
366 1932 462 1960 meus,
479 1927 507 1952 ct
532 1922 597 1961 ejus
614 1921 754 1962 Spiritus,
768 1923 870 1955 idonei

46 1974 150 2002 natura
179 1972 259 2006 sunt,
290 1972 323 1999 ut
351 1977 404 2008 pro
442 1976 528 2008 aqua,
562 1969 591 1997 et
618 1966 680 1997 sale
709 1967 780 1999 sint.
807 1966 869 2008 Ego

45 2024 97 2056 pro
113 2013 248 2045 sensibili
277 2011 475 2052 intelligibilis
504 2011 659 2052 paradisus
687 2012 780 2043 servis
794 2013 884 2044 meis

913 1570 942 1596 et
955 1569 1075 1597 zeternaa
1102 1566 1180 1596 illius
1207 1566 1270 1596 vitae
1299 1568 1468 1606 complexus
1497 1573 1552 1599 est.
1570 1571 1632 1601 Hoc
1648 1574 1727 1603 enim

912 1610 997 1656 plane
1006 1610 1121 1656 dulcius
1132 1614 1185 1656 est,
1199 1614 1226 1640 et
1237 1612 1477 1650 anteponendtun
1489 1614 1638 1652 omnibus,
1651 1617 1729 1656 quod

911 1659 954 1685 est
970 1655 1033 1694 ipse
1048 1654 1125 1685 Deus
1153 1654 1232 1692 Haec,
1263 1656 1368 1685 l'ratres
1394 1656 1463 1693 mei,
1479 1662 1548 1688 sunt
1564 1659 1616 1689 Dei
1630 1654 1728 1692 admi-

910 1699 1025 1744 rahilza.
1042 1699 1236 1730 Miscreamur
1251 1699 1348 1739 itaque
1364 1701 1456 1730 nostri
1473 1701 1604 1741 ipsorum
1617 1714 1728 1744 quaeso,

911 1748 939 1788 et
951 1743 1037 1782 hujus
1053 1744 1117 1774 vita:
1129 1743 1286 1783 participes
1307 1744 1370 1774 ﬁeri
1391 1745 1588 1788 elaboremus,
1603 1743 1668 1788 qua
1684 1743 1729 1781 est

910 1787 1010 1818 lumen
1027 1788 1089 1825 Dei,
1107 1788 1182 1833 ipse,
1197 1788 1325 1827 Spiritus
1352 1793 1481 1829 sanctus,
1507 1791 1551 1821 sui
1569 1787 1728 1833 participes

910 1832 1106 1867 sanctiﬁcans,
1125 1837 1153 1863 et
1168 1832 1241 1862 deos
1252 1841 1304 1871 per
1315 1833 1502 1872 adoptionem
1515 1835 1637 1868 iacens.
1657 1832 1727 1870 Cre-

910 1876 1014 1907 damus
1030 1881 1088 1907 toto
1117 1876 1217 1907 animo
1245 1876 1275 1906 in
1303 1876 1408 1917 Deum,
1439 1883 1558 1917 terram,
1585 1885 1613 1911 et
1629 1883 1728 1913 omnia

911 1921 1118 1960 praetereuntia
1134 1920 1347 1961 relinquamus,
1361 1921 1397 1951 ad
1408 1921 1490 1952 illum
1502 1925 1688 1963 accedamus,
1700 1927 1728 1958 ei

909 1964 1124 2002 adhaereamus,
1134 1964 1272 2004 quoniam
1286 1964 1381 1995 adhuc
1392 1966 1553 2005 modicum,
1573 1973 1601 1999 et
1615 1970 1725 2001 caelum

910 2018 943 2039 ac
959 2013 1038 2039 terra
1054 2009 1232 2048 transibunt,
1250 2013 1278 2038 et
1295 2013 1375 2039 extra
1389 2010 1471 2039 illum
1489 2020 1547 2042 non
1564 2017 1608 2043 est
1620 2018 1724 2052 status,

43 2059 136 2090 factus
152 2068 230 2096 sum,
256 2057 286 2088 in
316 2067 374 2098 quo
405 2056 516 2088 colloco
545 2064 649 2086 omnes
663 2056 820 2088 credentes
835 2058 866 2088 in
910 2063 965 2085 nec
980 2055 1136 2092 terminns,
1153 2055 1438 2099 necicomprehendi
1455 2059 1561 2094 potest,
1580 2067 1638 2097 quo
1655 2068 1725 2099 pec-

44 2113 105 2144 me,
121 2106 151 2134 et
165 2106 357 2142 regeneratos
371 2110 424 2142 per
436 2100 597 2141 Spiritum:
612 2099 662 2140 qui
674 2110 798 2140 peccare
808 2110 868 2132 am-
908 2103 1022 2144 calores
1037 2098 1282 2144 decidantsDeus
1297 2098 1375 2144 enim
1391 2099 1455 2138 capi
1471 2109 1528 2130 non
1545 2098 1724 2140 potest,uec

45 2142 122 2188 plius
137 2155 198 2176 non
222 2149 345 2186 possunt
361 2155 369 2184 ;
397 2154 453 2176 nec
482 2144 621 2185 princeps
646 2144 734 2184 hujus
764 2143 1056 2188 mundinintellectu
1072 2142 1294 2188 comprehendi.
1312 2142 1383 2188 Quis
1405 2144 1493 2182 igitur
1508 2144 1589 2176 locus
1605 2151 1659 2183 est,
1676 2147 1726 2178 die

45 2191 205 2232 quidquam
220 2190 376 2221 adversum
404 2189 472 2220 illos
495 2189 581 2220 valet.
612 2189 678 2228 Ego
706 2189 786 2219 enim
800 2199 865 2220 sum

44 2236 74 2266 in
89 2235 159 2273 illis,
177 2238 207 2265 et
222 2234 281 2275 ipsi
296 2235 325 2265 in
342 2243 402 2272 me,
433 2238 462 2264 et
488 2233 609 2263 vincunt
623 2232 782 2270 mundum,
799 2233 868 2274 quia

45 2283 125 2310 extra
139 2278 283 2309 mundum
297 2282 376 2317 sunt,
400 2287 507 2318 meque
518 2276 714 2308 fortissimum
730 2277 864 2308 omnium

45 2333 146 2355 secum
161 2323 284 2354 habent.
309 2322 370 2361 Ego
385 2332 450 2353 sum
467 2322 532 2353 fons
547 2321 666 2353 lucidus
686 2321 865 2353 immortalis

45 2368 146 2400 ﬂuenti
161 2377 196 2398 ac
210 2367 303 2404 ﬂuvii,
331 2367 361 2398 in
387 2376 444 2407 quo
475 2375 534 2397 non
562 2369 626 2407 post
656 2368 793 2401 mortem,
813 2365 866 2396 sed

44 2413 73 2444 in
88 2413 188 2452 horas,
207 2411 258 2452 qui
275 2421 324 2442 me
352 2415 414 2442 toto
439 2414 560 2451 pectore
589 2409 728 2449 diligunt,
743 2419 817 2450 aqua
832 2419 866 2441 ex

46 2466 91 2488 me
104 2457 255 2487 deﬂuente
269 2456 414 2494 lavantur,
446 2464 614 2495 corpusque
637 2458 665 2485 et
686 2454 814 2484 animam
830 2454 866 2485 ab

45 2511 79 2533 ea
92 2501 159 2532 labe
188 2505 324 2540 purgant,
353 2505 383 2531 et
413 2500 464 2530 toti
495 2500 588 2530 instar
619 2498 774 2539 lampadis,
792 2502 821 2528 et
835 2498 866 2529 in

46 2545 173 2586 speciem
183 2545 278 2576 radiis
291 2544 362 2576 solis
373 2544 493 2574 micant.
507 2543 569 2583 Ego
582 2552 645 2573 sum
657 2542 707 2582 qui
718 2542 748 2572 in
765 2543 864 2581 horas,

46 2594 77 2621 ut
91 2599 190 2628 mane,
207 2590 238 2620 in
254 2589 300 2620 his
314 2589 444 2627 exorior,
475 2592 506 2619 et
532 2587 634 2618 videor
649 2587 692 2617 sol
709 2596 761 2627 per
775 2587 866 2618 intel-

47 2635 152 2665 lectum
167 2645 175 2671 ;
196 2634 272 2665 sicut
287 2634 358 2665 olim
374 2642 491 2674 quoque
519 2633 549 2663 in
568 2631 721 2672 prophetis
737 2632 864 2663 manife-

49 2679 157 2710 stabam
173 2679 334 2719 meipsum,
352 2678 470 2718 ipsique
496 2677 633 2708 videntes
647 2674 818 2716 laudabant,
836 2680 866 2707 et

84 2765 100 2791 5
112 2765 198 2795 Joan.
215 2771 258 2802 x1,
274 2762 327 2795 25.
367 2762 383 2787 6
398 2762 499 2794 Matth.
516 2768 599 2802 xxiii,
617 2759 668 2792 31.
711 2758 814 2802 71bid._

865 2787 873 2794 .
914 2762 931 2787 8
943 2761 1015 2792 Luc.
1031 2768 1103 2796 xvn,
1115 2759 1165 2790 20.

908 2189 991 2225 mihi,
1008 2197 1098 2226 regno
1112 2188 1175 2227 ejus
1191 2187 1401 2218 excidentium.

947 2233 1042 2272 Cogor
1057 2232 1222 2269 lamentari,
1241 2236 1269 2262 et
1284 2241 1335 2262 cor
1348 2241 1446 2264 meum
1464 2234 1598 2270 comedo,
1615 2238 1644 2265 et
1659 2244 1723 2267 ma-

909 2286 1004 2314 ceror,
1023 2286 1089 2307 cum
1105 2278 1200 2315 cogito
1230 2277 1388 2307 Dominum
1418 2281 1476 2307 tam
1507 2278 1680 2309 muniﬁcum
1697 2284 1727 2310 et

908 2322 1080 2362 humanum,
1095 2325 1128 2352 ut
1145 2326 1265 2361 propter
1274 2321 1366 2352 solam
1377 2321 1407 2352 in
1419 2331 1451 2352 se
1465 2322 1551 2352 tidem
1562 2323 1628 2353 talia
1640 2324 1726 2355 nobis

908 2365 1059 2404 largiatur,
1078 2374 1144 2405 quae
1160 2370 1303 2401 mentem,
1316 2365 1460 2403 auditum,
1473 2369 1502 2396 et
1516 2366 1725 2405 cogitationem

908 2414 1059 2450 superant,
1071 2408 1163 2439 necin
1174 2417 1225 2439 cor
1235 2408 1364 2439 hominis
1376 2409 1575 2440 ascenderunt
1584 2419 1727 2451 unquam;

908 2463 959 2484 eos
971 2458 1067 2484 autem
1080 2453 1159 2484 velut
1170 2453 1280 2483 bestias
1292 2452 1431 2492 praeferre
1452 2457 1560 2484 terram
1577 2454 1682 2492 solam,
1699 2459 1728 2485 et

908 2502 1043 2536 terrena,
1055 2497 1142 2528 nobis
1152 2506 1205 2537 per
1221 2497 1342 2528 multam
1354 2497 1591 2529 misericordiam
1601 2499 1637 2529 ad
1649 2499 1729 2530 suffi-

908 2543 1035 2574 cientem
1053 2542 1185 2582 corporis
1201 2551 1284 2572 usum
1310 2541 1470 2582 impertita,
1501 2546 1533 2572 ut
1548 2552 1583 2573 ex
1598 2543 1645 2573 his
1659 2553 1727 2574 mo-

907 2588 1008 2619 derate
1025 2593 1055 2618 et
1071 2596 1122 2627 pro
1152 2586 1286 2626 portione
1316 2586 1441 2624 alamur,
1473 2591 1501 2616 et
1515 2587 1615 2617 anima
1629 2591 1730 2618 nostra

906 2633 979 2664 citra
994 2631 1240 2671 impedimentum
1267 2630 1303 2660 ad
1326 2639 1454 2670 superna
1485 2631 1650 2670 gradiatur,
1667 2631 1730 2669 ipsa

905 2685 1022 2718 quoque
1037 2674 1230 2707 intellectuali
1247 2679 1330 2715 pastu
1346 2684 1380 2706 ex
1410 2674 1532 2715 Spiritu,
1545 2675 1629 2715 juxta
1644 2683 1728 2705 men-

1208 2759 1224 2784 9
1237 2758 1338 2791 Matth.
1349 2767 1414 2798 xm,
1426 2758 1476 2791 33.
1518 2759 1547 2784 ¹ο
1556 2758 1634 2790 Psal.
1648 2766 1677 2789 v.
1693 2759 1724 2789 4.

49 2805 71 2826 υ
86 2804 159 2836 Ibid.
176 2805 207 2836 5.
249 2799 278 2825 λε
291 2802 348 2835 Isa.
365 2810 446 2843 Lvttt,
462 2802 492 2833 8.
534 2801 660 2832 1Mean.
677 2807 699 2840 Ι,
715 2801 745 2830 5.
789 2799 819 2825 ¹4
834 2811 865 2843 μς

911 2809 946 2841 lx,
965 2801 995 2833 2.
1038 2801 1069 2825 15
1082 2800 1184 2830 Matth.
1200 2807 1260 2830 χιχ.
1277 2799 1326 2830 2'7.
