  <div class='ocr_page' id='page_1' title='image "/cluster/home/n/w/nwhite01/storage/ocr_20150623/120/njp.32101010943973/327.png"; bbox 0 0 1978 3078; ppageno 0'>
   <div class='ocr_carea' id='block_1_1' title="bbox 208 191 270 223">
    <p class='ocr_par' dir='ltr' id='par_1_1' title="bbox 208 191 270 223">
     <span class='ocr_line' id='line_1_1' title="bbox 208 191 270 223; baseline 0.016 -1"><span class='ocrx_word' id='word_1_1' title='bbox 208 191 270 223; x_wconf 76' lang='grc'><strong>463</strong></span> 
     </span>
    </p>
   </div>
   <div class='ocr_carea' id='block_1_2' title="bbox 850 187 1247 219">
    <p class='ocr_par' dir='ltr' id='par_1_2' title="bbox 850 187 1247 219">
     <span class='ocr_line' id='line_1_2' title="bbox 850 187 1247 219; baseline 0.003 -1"><span class='ocrx_word' id='word_1_2' title='bbox 850 187 1042 219; x_wconf 87' lang='lat' dir='ltr'><strong>SYMEONIS</strong></span> <span class='ocrx_word' id='word_1_3' title='bbox 1061 188 1247 219; x_wconf 84' lang='lat' dir='ltr'><strong>JUNIORIS.</strong></span> 
     </span>
    </p>
   </div>
   <div class='ocr_carea' id='block_1_3' title="bbox 1830 186 1889 220">
    <p class='ocr_par' dir='ltr' id='par_1_3' title="bbox 1830 186 1889 220">
     <span class='ocr_line' id='line_1_3' title="bbox 1830 186 1889 220; baseline 0.034 -2"><span class='ocrx_word' id='word_1_4' title='bbox 1830 186 1889 220; x_wconf 83' lang='grc'>464</span> 
     </span>
    </p>
   </div>
   <div class='ocr_carea' id='block_1_4' title="bbox 209 250 1902 297">
    <p class='ocr_par' dir='ltr' id='par_1_4' title="bbox 209 250 1902 297">
     <span class='ocr_line' id='line_1_4' title="bbox 209 250 1902 297; baseline -0.003 -9"><span class='ocrx_word' id='word_1_5' title='bbox 209 266 308 288; x_wconf 90' lang='lat' dir='ltr'><strong>suram</strong></span> <span class='ocrx_word' id='word_1_6' title='bbox 325 255 509 297; x_wconf 78' lang='lat' dir='ltr'><strong>purgationis</strong></span> <span class='ocrx_word' id='word_1_7' title='bbox 537 259 567 285; x_wconf 89' lang='lat' dir='ltr'><strong>et</strong></span> <span class='ocrx_word' id='word_1_8' title='bbox 594 264 736 285; x_wconf 76' lang='lat' dir='ltr'><strong>ascensus</strong></span> <span class='ocrx_word' id='word_1_9' title='bbox 762 254 807 285; x_wconf 90' lang='lat' dir='ltr'><strong>sui</strong></span> <span class='ocrx_word' id='word_1_10' title='bbox 835 253 953 284; x_wconf 90' lang='lat' dir='ltr'><strong>nutrita.</strong></span> <span class='ocrx_word' id='word_1_11' title='bbox 971 251 1174 297; x_wconf 84' lang='lat' dir='ltr'><strong>HocAnoctis</strong></span> <span class='ocrx_word' id='word_1_12' title='bbox 1197 251 1353 297; x_wconf 69' lang='lat' dir='ltr'><strong>caliginem</strong></span> <span class='ocrx_word' id='word_1_13' title='bbox 1382 250 1521 282; x_wconf 81' lang='lat' dir='ltr'><strong>exoriens</strong></span> <span class='ocrx_word' id='word_1_14' title='bbox 1549 251 1592 297; x_wconf 85' lang='lat' dir='ltr'><strong>sol</strong></span> <span class='ocrx_word' id='word_1_15' title='bbox 1623 250 1764 297; x_wconf 84' lang='lat' dir='ltr'><strong>dispellit.</strong></span> <span class='ocrx_word' id='word_1_16' title='bbox 1792 251 1828 282; x_wconf 89' lang='lat' dir='ltr'><strong>Et</strong></span> <span class='ocrx_word' id='word_1_17' title='bbox 1843 252 1902 283; x_wconf 87' lang='lat' dir='ltr'><strong>erit</strong></span> 
     </span>
    </p>
   </div>
   <div class='ocr_carea' id='block_1_5' title="bbox 208 297 1034 337">
    <p class='ocr_par' dir='ltr' id='par_1_5' title="bbox 208 297 1034 337">
     <span class='ocr_line' id='line_1_5' title="bbox 208 297 1034 337; baseline -0.007 -5"><span class='ocrx_word' id='word_1_18' title='bbox 208 302 287 332; x_wconf 90' lang='lat' dir='ltr'><strong>enim</strong></span> <span class='ocrx_word' id='word_1_19' title='bbox 304 305 348 332; x_wconf 86' lang='lat' dir='ltr'><strong>est</strong></span> <span class='ocrx_word' id='word_1_20' title='bbox 363 301 464 337; x_wconf 89' lang='lat' dir='ltr'><strong>homo,</strong></span> <span class='ocrx_word' id='word_1_21' title='bbox 482 304 510 330; x_wconf 88' lang='lat' dir='ltr'><strong>et</strong></span> <span class='ocrx_word' id='word_1_22' title='bbox 525 300 581 330; x_wconf 91' lang='lat' dir='ltr'><strong>hoc</strong></span> <span class='ocrx_word' id='word_1_23' title='bbox 597 299 656 329; x_wconf 89' lang='lat' dir='ltr'><strong>ﬁne</strong></span> <span class='ocrx_word' id='word_1_24' title='bbox 670 299 794 336; x_wconf 88' lang='lat' dir='ltr'><strong>conditi,</strong></span> <span class='ocrx_word' id='word_1_25' title='bbox 813 303 842 329; x_wconf 87' lang='lat' dir='ltr'><strong>et</strong></span> <span class='ocrx_word' id='word_1_26' title='bbox 857 297 894 328; x_wconf 91' lang='lat' dir='ltr'><strong>ob</strong></span> <span class='ocrx_word' id='word_1_27' title='bbox 911 297 987 328; x_wconf 91' lang='lat' dir='ltr'><strong>istud</strong></span> <span class='ocrx_word' id='word_1_28' title='bbox 1005 297 1034 326; x_wconf 95' lang='lat' dir='ltr'><strong>in</strong></span> 
     </span>
    </p>
   </div>
   <div class='ocr_carea' id='block_1_6' title="bbox 208 340 1035 385">
    <p class='ocr_par' dir='ltr' id='par_1_6' title="bbox 208 340 1035 385">
     <span class='ocr_line' id='line_1_6' title="bbox 208 340 1035 385; baseline -0.006 -9"><span class='ocrx_word' id='word_1_29' title='bbox 208 345 353 376; x_wconf 89' lang='lat' dir='ltr'><strong>mundum</strong></span> <span class='ocrx_word' id='word_1_30' title='bbox 370 346 514 385; x_wconf 84' lang='lat' dir='ltr'><strong>procreati</strong></span> <span class='ocrx_word' id='word_1_31' title='bbox 539 353 656 383; x_wconf 91' lang='lat' dir='ltr'><strong>sumus,</strong></span> <span class='ocrx_word' id='word_1_32' title='bbox 687 349 718 374; x_wconf 89' lang='lat' dir='ltr'><strong>ut</strong></span> <span class='ocrx_word' id='word_1_33' title='bbox 746 343 794 374; x_wconf 90' lang='lat' dir='ltr'><strong>hic</strong></span> <span class='ocrx_word' id='word_1_34' title='bbox 820 342 920 382; x_wconf 91' lang='lat' dir='ltr'><strong>paucis</strong></span> <span class='ocrx_word' id='word_1_35' title='bbox 936 340 1035 372; x_wconf 77' lang='lat' dir='ltr'><strong>affecti</strong></span> 
     </span>
    </p>
   </div>
   <div class='ocr_carea' id='block_1_7' title="bbox 208 386 1034 428">
    <p class='ocr_par' dir='ltr' id='par_1_7' title="bbox 208 386 1034 428">
     <span class='ocr_line' id='line_1_7' title="bbox 208 386 1034 428; baseline -0.006 -8"><span class='ocrx_word' id='word_1_36' title='bbox 208 389 376 427; x_wconf 87' lang='lat' dir='ltr'><strong>beneﬁciis,</strong></span> <span class='ocrx_word' id='word_1_37' title='bbox 395 397 449 428; x_wconf 88' lang='lat' dir='ltr'><strong>per</strong></span> <span class='ocrx_word' id='word_1_38' title='bbox 464 388 625 427; x_wconf 80' lang='lat' dir='ltr'><strong>gratiarum</strong></span> <span class='ocrx_word' id='word_1_39' title='bbox 641 387 801 424; x_wconf 82' lang='lat' dir='ltr'><strong>actionem,</strong></span> <span class='ocrx_word' id='word_1_40' title='bbox 821 390 850 417; x_wconf 91' lang='lat' dir='ltr'><strong>et</strong></span> <span class='ocrx_word' id='word_1_41' title='bbox 867 386 947 426; x_wconf 89' lang='lat' dir='ltr'><strong>pium</strong></span> <span class='ocrx_word' id='word_1_42' title='bbox 965 393 1034 423; x_wconf 82' lang='lat' dir='ltr'><strong>erga</strong></span> 
     </span>
    </p>
   </div>
   <div class='ocr_carea' id='block_1_8' title="bbox 208 430 1033 472">
    <p class='ocr_par' dir='ltr' id='par_1_8' title="bbox 208 430 1033 472">
     <span class='ocr_line' id='line_1_8' title="bbox 208 430 1033 472; baseline -0.007 -7"><span class='ocrx_word' id='word_1_43' title='bbox 208 434 302 466; x_wconf 88' lang='lat' dir='ltr'><strong>Deum</strong></span> <span class='ocrx_word' id='word_1_44' title='bbox 319 434 469 469; x_wconf 76' lang='lat' dir='ltr'><strong>affectum,</strong></span> <span class='ocrx_word' id='word_1_45' title='bbox 498 432 669 472; x_wconf 83' lang='lat' dir='ltr'><strong>majoribus.</strong></span> <span class='ocrx_word' id='word_1_46' title='bbox 702 436 731 462; x_wconf 90' lang='lat' dir='ltr'><strong>et</strong></span> <span class='ocrx_word' id='word_1_47' title='bbox 756 431 878 462; x_wconf 74' lang='lat' dir='ltr'><strong>aeternis</strong></span> <span class='ocrx_word' id='word_1_48' title='bbox 893 430 953 460; x_wconf 93' lang='lat' dir='ltr'><strong>illic</strong></span> <span class='ocrx_word' id='word_1_49' title='bbox 968 438 1033 469; x_wconf 92' lang='lat' dir='ltr'><strong>per-</strong></span> 
     </span>
    </p>
   </div>
   <div class='ocr_carea' id='block_1_9' title="bbox 209 474 1034 518">
    <p class='ocr_par' dir='ltr' id='par_1_9' title="bbox 209 474 1034 518">
     <span class='ocr_line' id='line_1_9' title="bbox 209 474 1034 518; baseline -0.006 -10"><span class='ocrx_word' id='word_1_50' title='bbox 209 478 355 509; x_wconf 84' lang='lat' dir='ltr'><strong>fruamur.</strong></span> <span class='ocrx_word' id='word_1_51' title='bbox 372 477 410 508; x_wconf 91' lang='lat' dir='ltr'><strong>At</strong></span> <span class='ocrx_word' id='word_1_52' title='bbox 423 476 521 518; x_wconf 66' lang='lat' dir='ltr'><strong>enim,</strong></span> <span class='ocrx_word' id='word_1_53' title='bbox 535 477 609 516; x_wconf 90' lang='lat' dir='ltr'><strong>proh</strong></span> <span class='ocrx_word' id='word_1_54' title='bbox 639 476 745 506; x_wconf 82' lang='lat' dir='ltr'><strong>dolor?</strong></span> <span class='ocrx_word' id='word_1_55' title='bbox 770 475 844 505; x_wconf 88' lang='lat' dir='ltr'><strong>nihil</strong></span> <span class='ocrx_word' id='word_1_56' title='bbox 861 483 982 514; x_wconf 79' lang='lat' dir='ltr'><strong>prorsus</strong></span> <span class='ocrx_word' id='word_1_57' title='bbox 997 474 1034 504; x_wconf 90' lang='lat' dir='ltr'><strong>de</strong></span> 
     </span>
    </p>
   </div>
   <div class='ocr_carea' id='block_1_10' title="bbox 209 520 1035 561">
    <p class='ocr_par' dir='ltr' id='par_1_10' title="bbox 209 520 1035 561">
     <span class='ocr_line' id='line_1_10' title="bbox 209 520 1035 561; baseline -0.007 -7"><span class='ocrx_word' id='word_1_58' title='bbox 209 523 316 554; x_wconf 83' lang='lat' dir='ltr'><strong>futuris</strong></span> <span class='ocrx_word' id='word_1_59' title='bbox 328 522 457 558; x_wconf 78' lang='lat' dir='ltr'><strong>solliciti.</strong></span> <span class='ocrx_word' id='word_1_60' title='bbox 475 521 582 561; x_wconf 84' lang='lat' dir='ltr'><strong>ingrati</strong></span> <span class='ocrx_word' id='word_1_61' title='bbox 605 522 692 551; x_wconf 87' lang='lat' dir='ltr'><strong>etiam</strong></span> <span class='ocrx_word' id='word_1_62' title='bbox 724 521 761 550; x_wconf 89' lang='lat' dir='ltr'><strong>de</strong></span> <span class='ocrx_word' id='word_1_63' title='bbox 777 520 823 550; x_wconf 88' lang='lat' dir='ltr'><strong>his</strong></span> <span class='ocrx_word' id='word_1_64' title='bbox 839 528 950 556; x_wconf 90' lang='lat' dir='ltr'><strong>sumus,</strong></span> <span class='ocrx_word' id='word_1_65' title='bbox 970 527 1035 558; x_wconf 64' lang='lat' dir='ltr'><strong>quae</strong></span> 
     </span>
    </p>
   </div>
   <div class='ocr_carea' id='block_1_11' title="bbox 209 561 1035 601">
    <p class='ocr_par' dir='ltr' id='par_1_11' title="bbox 209 561 1035 601">
     <span class='ocr_line' id='line_1_11' title="bbox 209 561 1035 601; baseline -0.007 -4"><span class='ocrx_word' id='word_1_66' title='bbox 209 567 241 597; x_wconf 89' lang='lat' dir='ltr'><strong>in</strong></span> <span class='ocrx_word' id='word_1_67' title='bbox 256 566 394 597; x_wconf 90' lang='lat' dir='ltr'><strong>manibus</strong></span> <span class='ocrx_word' id='word_1_68' title='bbox 409 565 564 601; x_wconf 90' lang='lat' dir='ltr'><strong>habemus,</strong></span> <span class='ocrx_word' id='word_1_69' title='bbox 582 569 609 595; x_wconf 91' lang='lat' dir='ltr'><strong>et</strong></span> <span class='ocrx_word' id='word_1_70' title='bbox 641 565 794 595; x_wconf 72' lang='lat' dir='ltr'><strong>daemones</strong></span> <span class='ocrx_word' id='word_1_71' title='bbox 808 563 972 599; x_wconf 77' lang='lat' dir='ltr'><strong>imitamur,</strong></span> <span class='ocrx_word' id='word_1_72' title='bbox 989 561 1035 593; x_wconf 88' lang='lat' dir='ltr'><strong>vel</strong></span> 
     </span>
    </p>
   </div>
   <div class='ocr_carea' id='block_1_12' title="bbox 210 605 1034 645">
    <p class='ocr_par' dir='ltr' id='par_1_12' title="bbox 210 605 1034 645">
     <span class='ocr_line' id='line_1_12' title="bbox 210 605 1034 645; baseline -0.007 -4"><span class='ocrx_word' id='word_1_73' title='bbox 210 609 385 641; x_wconf 82' lang='lat' dir='ltr'><strong>daenouibus</strong></span> <span class='ocrx_word' id='word_1_74' title='bbox 402 609 502 645; x_wconf 89' lang='lat' dir='ltr'><strong>etiam,</strong></span> <span class='ocrx_word' id='word_1_75' title='bbox 521 608 545 638; x_wconf 88' lang='lat' dir='ltr'><strong>si</strong></span> <span class='ocrx_word' id='word_1_76' title='bbox 562 617 631 638; x_wconf 90' lang='lat' dir='ltr'><strong>vera</strong></span> <span class='ocrx_word' id='word_1_77' title='bbox 661 607 790 638; x_wconf 87' lang='lat' dir='ltr'><strong>dicenda</strong></span> <span class='ocrx_word' id='word_1_78' title='bbox 805 612 884 643; x_wconf 82' lang='lat' dir='ltr'><strong>sunt,</strong></span> <span class='ocrx_word' id='word_1_79' title='bbox 903 605 1034 636; x_wconf 85' lang='lat' dir='ltr'><strong>deterio-</strong></span> 
     </span>
    </p>
   </div>
   <div class='ocr_carea' id='block_1_13' title="bbox 209 649 1035 693">
    <p class='ocr_par' dir='ltr' id='par_1_13' title="bbox 209 649 1035 693">
     <span class='ocr_line' id='line_1_13' title="bbox 209 649 1035 693; baseline -0.007 -8"><span class='ocrx_word' id='word_1_80' title='bbox 209 663 258 685; x_wconf 90' lang='lat' dir='ltr'><strong>res</strong></span> <span class='ocrx_word' id='word_1_81' title='bbox 274 663 388 684; x_wconf 90' lang='lat' dir='ltr'><strong>sumus.</strong></span> <span class='ocrx_word' id='word_1_82' title='bbox 404 653 499 693; x_wconf 81' lang='lat' dir='ltr'><strong>Atque</strong></span> <span class='ocrx_word' id='word_1_83' title='bbox 514 652 627 682; x_wconf 90' lang='lat' dir='ltr'><strong>idcirco</strong></span> <span class='ocrx_word' id='word_1_84' title='bbox 657 657 686 682; x_wconf 90' lang='lat' dir='ltr'><strong>et</strong></span> <span class='ocrx_word' id='word_1_85' title='bbox 714 651 844 682; x_wconf 85' lang='lat' dir='ltr'><strong>atrocius</strong></span> <span class='ocrx_word' id='word_1_86' title='bbox 859 649 1035 690; x_wconf 88' lang='lat' dir='ltr'><strong>supplicium</strong></span> 
     </span>
    </p>
   </div>
   <div class='ocr_carea' id='block_1_14' title="bbox 209 693 1037 737">
    <p class='ocr_par' dir='ltr' id='par_1_14' title="bbox 209 693 1037 737">
     <span class='ocr_line' id='line_1_14' title="bbox 209 693 1037 737; baseline -0.007 -8"><span class='ocrx_word' id='word_1_87' title='bbox 209 698 298 729; x_wconf 87' lang='lat' dir='ltr'><strong>nobis</strong></span> <span class='ocrx_word' id='word_1_88' title='bbox 311 697 447 734; x_wconf 84' lang='lat' dir='ltr'><strong>debetur,</strong></span> <span class='ocrx_word' id='word_1_89' title='bbox 462 700 572 737; x_wconf 89' lang='lat' dir='ltr'><strong>quanto</strong></span> <span class='ocrx_word' id='word_1_90' title='bbox 583 695 873 736; x_wconf 66' lang='lat' dir='ltr'><strong>etprwstantioribus</strong></span> <span class='ocrx_word' id='word_1_91' title='bbox 883 693 1037 725; x_wconf 89' lang='lat' dir='ltr'><strong>beneﬁciis</strong></span> 
     </span>
    </p>
   </div>
   <div class='ocr_carea' id='block_1_15' title="bbox 211 738 1035 780">
    <p class='ocr_par' dir='ltr' id='par_1_15' title="bbox 211 738 1035 780">
     <span class='ocr_line' id='line_1_15' title="bbox 211 738 1035 780; baseline -0.006 -7"><span class='ocrx_word' id='word_1_92' title='bbox 211 741 352 773; x_wconf 85' lang='lat' dir='ltr'><strong>cumulati</strong></span> <span class='ocrx_word' id='word_1_93' title='bbox 365 751 478 777; x_wconf 87' lang='lat' dir='ltr'><strong>sumus,</strong></span> <span class='ocrx_word' id='word_1_94' title='bbox 510 745 539 771; x_wconf 89' lang='lat' dir='ltr'><strong>et</strong></span> <span class='ocrx_word' id='word_1_95' title='bbox 564 742 657 772; x_wconf 91' lang='lat' dir='ltr'><strong>Deum</strong></span> <span class='ocrx_word' id='word_1_96' title='bbox 690 744 810 780; x_wconf 83' lang='lat' dir='ltr'><strong>propter</strong></span> <span class='ocrx_word' id='word_1_97' title='bbox 839 747 893 769; x_wconf 90' lang='lat' dir='ltr'><strong>nos</strong></span> <span class='ocrx_word' id='word_1_98' title='bbox 909 738 1035 769; x_wconf 88' lang='lat' dir='ltr'><strong>similem</strong></span> 
     </span>
    </p>
   </div>
   <div class='ocr_carea' id='block_1_16' title="bbox 210 783 1033 826">
    <p class='ocr_par' dir='ltr' id='par_1_16' title="bbox 210 783 1033 826">
     <span class='ocr_line' id='line_1_16' title="bbox 210 783 1033 826; baseline -0.006 -9"><span class='ocrx_word' id='word_1_99' title='bbox 210 787 315 826; x_wconf 82' lang='lat' dir='ltr'><strong>nostri,</strong></span> <span class='ocrx_word' id='word_1_100' title='bbox 333 786 397 817; x_wconf 91' lang='lat' dir='ltr'><strong>solo</strong></span> <span class='ocrx_word' id='word_1_101' title='bbox 408 789 527 826; x_wconf 84' lang='lat' dir='ltr'><strong>peccato</strong></span> <span class='ocrx_word' id='word_1_102' title='bbox 540 789 675 825; x_wconf 86' lang='lat' dir='ltr'><strong>excepto,</strong></span> <span class='ocrx_word' id='word_1_103' title='bbox 694 785 800 815; x_wconf 87' lang='lat' dir='ltr'><strong>factum</strong></span> <span class='ocrx_word' id='word_1_104' title='bbox 816 783 1033 822; x_wconf 85' lang='lat' dir='ltr'><strong>cognoscimus,</strong></span> 
     </span>
    </p>
   </div>
   <div class='ocr_carea' id='block_1_17' title="bbox 212 826 1036 869">
    <p class='ocr_par' dir='ltr' id='par_1_17' title="bbox 212 826 1036 869">
     <span class='ocr_line' id='line_1_17' title="bbox 212 826 1036 869; baseline -0.005 -8"><span class='ocrx_word' id='word_1_105' title='bbox 212 835 244 861; x_wconf 92' lang='lat' dir='ltr'><strong>ut</strong></span> <span class='ocrx_word' id='word_1_106' title='bbox 259 840 312 861; x_wconf 90' lang='lat' dir='ltr'><strong>nos</strong></span> <span class='ocrx_word' id='word_1_107' title='bbox 327 830 364 861; x_wconf 93' lang='lat' dir='ltr'><strong>ab</strong></span> <span class='ocrx_word' id='word_1_108' title='bbox 380 839 483 861; x_wconf 84' lang='lat' dir='ltr'><strong>errore</strong></span> <span class='ocrx_word' id='word_1_109' title='bbox 512 834 540 860; x_wconf 86' lang='lat' dir='ltr'><strong>et</strong></span> <span class='ocrx_word' id='word_1_110' title='bbox 569 834 690 869; x_wconf 86' lang='lat' dir='ltr'><strong>peccato</strong></span> <span class='ocrx_word' id='word_1_111' title='bbox 720 828 874 859; x_wconf 83' lang='lat' dir='ltr'><strong>liberaret.</strong></span> <span class='ocrx_word' id='word_1_112' title='bbox 892 827 950 858; x_wconf 86' lang='lat' dir='ltr'><strong>Sed</strong></span> <span class='ocrx_word' id='word_1_113' title='bbox 966 826 1036 866; x_wconf 91' lang='lat' dir='ltr'><strong>quid</strong></span> 
     </span>
    </p>
   </div>
   <div class='ocr_carea' id='block_1_18' title="bbox 212 870 1035 914">
    <p class='ocr_par' dir='ltr' id='par_1_18' title="bbox 212 870 1035 914">
     <span class='ocr_line' id='line_1_18' title="bbox 212 870 1035 914; baseline -0.006 -8"><span class='ocrx_word' id='word_1_114' title='bbox 212 875 250 906; x_wconf 88' lang='lat' dir='ltr'><strong>de</strong></span> <span class='ocrx_word' id='word_1_115' title='bbox 265 875 312 906; x_wconf 90' lang='lat' dir='ltr'><strong>his</strong></span> <span class='ocrx_word' id='word_1_116' title='bbox 325 874 475 914; x_wconf 83' lang='lat' dir='ltr'><strong>sigillatim</strong></span> <span class='ocrx_word' id='word_1_117' title='bbox 491 873 579 904; x_wconf 88' lang='lat' dir='ltr'><strong>verba</strong></span> <span class='ocrx_word' id='word_1_118' title='bbox 594 874 690 904; x_wconf 90' lang='lat' dir='ltr'><strong>facere</strong></span> <span class='ocrx_word' id='word_1_119' title='bbox 713 882 787 912; x_wconf 90' lang='lat' dir='ltr'><strong>opus</strong></span> <span class='ocrx_word' id='word_1_120' title='bbox 807 870 873 903; x_wconf 80' lang='lat' dir='ltr'><strong>est?</strong></span> <span class='ocrx_word' id='word_1_121' title='bbox 888 871 1035 908; x_wconf 84' lang='lat' dir='ltr'><strong>Profecto,</strong></span> 
     </span>
    </p>
   </div>
   <div class='ocr_carea' id='block_1_19' title="bbox 211 915 1036 955">
    <p class='ocr_par' dir='ltr' id='par_1_19' title="bbox 211 915 1036 955">
     <span class='ocr_line' id='line_1_19' title="bbox 211 915 1036 955; baseline -0.005 -6"><span class='ocrx_word' id='word_1_122' title='bbox 211 919 302 950; x_wconf 90' lang='lat' dir='ltr'><strong>verbo</strong></span> <span class='ocrx_word' id='word_1_123' title='bbox 318 922 430 949; x_wconf 88' lang='lat' dir='ltr'><strong>tantum</strong></span> <span class='ocrx_word' id='word_1_124' title='bbox 446 918 612 954; x_wconf 87' lang='lat' dir='ltr'><strong>credentes,</strong></span> <span class='ocrx_word' id='word_1_125' title='bbox 632 917 700 948; x_wconf 87' lang='lat' dir='ltr'><strong>facti</strong></span> <span class='ocrx_word' id='word_1_126' title='bbox 730 925 883 955; x_wconf 79' lang='lat' dir='ltr'><strong>negamus,</strong></span> <span class='ocrx_word' id='word_1_127' title='bbox 901 919 933 946; x_wconf 92' lang='lat' dir='ltr'><strong>ut</strong></span> <span class='ocrx_word' id='word_1_128' title='bbox 949 915 1036 946; x_wconf 88' lang='lat' dir='ltr'><strong>etiam</strong></span> 
     </span>
    </p>
   </div>
   <div class='ocr_carea' id='block_1_20' title="bbox 1077 295 1899 336">
    <p class='ocr_par' dir='ltr' id='par_1_20' title="bbox 1077 295 1899 336">
     <span class='ocr_line' id='line_1_20' title="bbox 1077 295 1899 336; baseline 0.001 -11"><span class='ocrx_word' id='word_1_129' title='bbox 1077 296 1195 336; x_wconf 89' lang='lat' dir='ltr'><strong>proprie</strong></span> <span class='ocrx_word' id='word_1_130' title='bbox 1210 295 1287 326; x_wconf 87' lang='lat' dir='ltr'><strong>Deus</strong></span> <span class='ocrx_word' id='word_1_131' title='bbox 1304 296 1385 326; x_wconf 91' lang='lat' dir='ltr'><strong>solus</strong></span> <span class='ocrx_word' id='word_1_132' title='bbox 1414 305 1473 326; x_wconf 93' lang='lat' dir='ltr'><strong>non</strong></span> <span class='ocrx_word' id='word_1_133' title='bbox 1502 295 1579 335; x_wconf 91' lang='lat' dir='ltr'><strong>potis</strong></span> <span class='ocrx_word' id='word_1_134' title='bbox 1608 295 1674 335; x_wconf 87' lang='lat' dir='ltr'><strong>capi</strong></span> <span class='ocrx_word' id='word_1_135' title='bbox 1687 295 1766 326; x_wconf 90' lang='lat' dir='ltr'><strong>inter</strong></span> <span class='ocrx_word' id='word_1_136' title='bbox 1780 306 1815 327; x_wconf 88' lang='lat' dir='ltr'><strong>ea</strong></span> <span class='ocrx_word' id='word_1_137' title='bbox 1831 305 1899 336; x_wconf 63' lang='lat' dir='ltr'><strong>qum</strong></span> 
     </span>
    </p>
   </div>
   <div class='ocr_carea' id='block_1_21' title="bbox 1077 339 1901 380">
    <p class='ocr_par' dir='ltr' id='par_1_21' title="bbox 1077 339 1901 380">
     <span class='ocr_line' id='line_1_21' title="bbox 1077 339 1901 380; baseline 0.001 -10"><span class='ocrx_word' id='word_1_138' title='bbox 1077 350 1136 371; x_wconf 90' lang='lat' dir='ltr'><strong>non</strong></span> <span class='ocrx_word' id='word_1_139' title='bbox 1157 340 1324 380; x_wconf 85' lang='lat' dir='ltr'><strong>capiuntur,</strong></span> <span class='ocrx_word' id='word_1_140' title='bbox 1354 344 1383 370; x_wconf 88' lang='lat' dir='ltr'><strong>et</strong></span> <span class='ocrx_word' id='word_1_141' title='bbox 1411 340 1441 370; x_wconf 94' lang='lat' dir='ltr'><strong>in</strong></span> <span class='ocrx_word' id='word_1_142' title='bbox 1471 339 1826 380; x_wconf 91' lang='lat' dir='ltr'><strong>incomprehensibilibus</strong></span> <span class='ocrx_word' id='word_1_143' title='bbox 1856 341 1901 371; x_wconf 91' lang='lat' dir='ltr'><strong>in-</strong></span> 
     </span>
    </p>
   </div>
   <div class='ocr_carea' id='block_1_22' title="bbox 1077 384 1901 425">
    <p class='ocr_par' dir='ltr' id='par_1_22' title="bbox 1077 384 1901 425">
     <span class='ocr_line' id='line_1_22' title="bbox 1077 384 1901 425; baseline 0.001 -10"><span class='ocrx_word' id='word_1_144' title='bbox 1077 384 1355 424; x_wconf 88' lang='lat' dir='ltr'><strong>comprehensibilis</strong></span> <span class='ocrx_word' id='word_1_145' title='bbox 1373 384 1444 414; x_wconf 92' lang='lat' dir='ltr'><strong>solis</strong></span> <span class='ocrx_word' id='word_1_146' title='bbox 1456 385 1553 424; x_wconf 74' lang='lat' dir='ltr'><strong>dignis</strong></span> <span class='ocrx_word' id='word_1_147' title='bbox 1568 393 1724 424; x_wconf 88' lang='lat' dir='ltr'><strong>apparens,</strong></span> <span class='ocrx_word' id='word_1_148' title='bbox 1742 395 1795 425; x_wconf 91' lang='lat' dir='ltr'><strong>pro</strong></span> <span class='ocrx_word' id='word_1_149' title='bbox 1812 394 1901 416; x_wconf 88' lang='lat' dir='ltr'><strong>men-</strong></span> 
     </span>
    </p>
   </div>
   <div class='ocr_carea' id='block_1_23' title="bbox 1076 428 1901 468">
    <p class='ocr_par' dir='ltr' id='par_1_23' title="bbox 1076 428 1901 468">
     <span class='ocr_line' id='line_1_23' title="bbox 1076 428 1901 468; baseline 0.001 -9"><span class='ocrx_word' id='word_1_150' title='bbox 1076 438 1146 459; x_wconf 86' lang='lat' dir='ltr'><strong>sura</strong></span> <span class='ocrx_word' id='word_1_151' title='bbox 1159 429 1228 459; x_wconf 90' lang='lat' dir='ltr'><strong>ﬁdei</strong></span> <span class='ocrx_word' id='word_1_152' title='bbox 1243 429 1273 458; x_wconf 93' lang='lat' dir='ltr'><strong>in</strong></span> <span class='ocrx_word' id='word_1_153' title='bbox 1300 428 1410 468; x_wconf 85' lang='lat' dir='ltr'><strong>ipsum.</strong></span> <span class='ocrx_word' id='word_1_154' title='bbox 1435 428 1610 459; x_wconf 82' lang='lat' dir='ltr'><strong>Peccatores</strong></span> <span class='ocrx_word' id='word_1_155' title='bbox 1635 438 1703 459; x_wconf 89' lang='lat' dir='ltr'><strong>vero</strong></span> <span class='ocrx_word' id='word_1_156' title='bbox 1720 434 1806 460; x_wconf 88' lang='lat' dir='ltr'><strong>erunt</strong></span> <span class='ocrx_word' id='word_1_157' title='bbox 1821 434 1854 460; x_wconf 93' lang='lat' dir='ltr'><strong>ut</strong></span> <span class='ocrx_word' id='word_1_158' title='bbox 1870 429 1901 459; x_wconf 90' lang='lat' dir='ltr'><strong>in</strong></span> 
     </span>
    </p>
   </div>
   <div class='ocr_carea' id='block_1_24' title="bbox 1075 472 1948 513">
    <p class='ocr_par' dir='ltr' id='par_1_24' title="bbox 1075 472 1948 513">
     <span class='ocr_line' id='line_1_24' title="bbox 1075 472 1948 513; baseline 0.001 -10"><span class='ocrx_word' id='word_1_159' title='bbox 1075 473 1187 503; x_wconf 91' lang='lat' dir='ltr'><strong>lumine</strong></span> <span class='ocrx_word' id='word_1_160' title='bbox 1202 473 1298 512; x_wconf 88' lang='lat' dir='ltr'><strong>operti</strong></span> <span class='ocrx_word' id='word_1_161' title='bbox 1325 482 1359 503; x_wconf 89' lang='lat' dir='ltr'><strong>ac</strong></span> <span class='ocrx_word' id='word_1_162' title='bbox 1389 472 1561 503; x_wconf 83' lang='lat' dir='ltr'><strong>circumfusi</strong></span> <span class='ocrx_word' id='word_1_163' title='bbox 1590 473 1732 511; x_wconf 85' lang='lat' dir='ltr'><strong>tenebris,</strong></span> <span class='ocrx_word' id='word_1_164' title='bbox 1749 474 1780 504; x_wconf 93' lang='lat' dir='ltr'><strong>in</strong></span> <span class='ocrx_word' id='word_1_165' title='bbox 1795 473 1902 513; x_wconf 79' lang='lat' dir='ltr'><strong>gaudio</strong></span> <span class='ocrx_word' id='word_1_166' title='bbox 1946 483 1948 487; x_wconf 75' lang='lat'><strong><em>&#39;</em></strong></span> 
     </span>
    </p>
   </div>
   <div class='ocr_carea' id='block_1_25' title="bbox 1076 516 1902 556">
    <p class='ocr_par' dir='ltr' id='par_1_25' title="bbox 1076 516 1902 556">
     <span class='ocr_line' id='line_1_25' title="bbox 1076 516 1902 556; baseline 0 -8"><span class='ocrx_word' id='word_1_167' title='bbox 1076 517 1296 554; x_wconf 84' lang='lat' dir='ltr'><strong>erubescentes,</strong></span> <span class='ocrx_word' id='word_1_168' title='bbox 1315 521 1344 547; x_wconf 88' lang='lat' dir='ltr'><strong>et</strong></span> <span class='ocrx_word' id='word_1_169' title='bbox 1360 517 1390 547; x_wconf 90' lang='lat' dir='ltr'><strong>in</strong></span> <span class='ocrx_word' id='word_1_170' title='bbox 1407 516 1507 547; x_wconf 69' lang='lat' dir='ltr'><strong>laetitia</strong></span> <span class='ocrx_word' id='word_1_171' title='bbox 1521 517 1579 556; x_wconf 88' lang='lat' dir='ltr'><strong>ipsi</strong></span> <span class='ocrx_word' id='word_1_172' title='bbox 1592 517 1790 556; x_wconf 83' lang='lat' dir='ltr'><strong>tabescentes,</strong></span> <span class='ocrx_word' id='word_1_173' title='bbox 1807 521 1837 548; x_wconf 86' lang='lat' dir='ltr'><strong>et</strong></span> <span class='ocrx_word' id='word_1_174' title='bbox 1850 527 1902 548; x_wconf 89' lang='lat' dir='ltr'><strong>ar-</strong></span> 
     </span>
    </p>
   </div>
   <div class='ocr_carea' id='block_1_26' title="bbox 1077 561 1901 598">
    <p class='ocr_par' dir='ltr' id='par_1_26' title="bbox 1077 561 1901 598">
     <span class='ocr_line' id='line_1_26' title="bbox 1077 561 1901 598; baseline 0 -6"><span class='ocrx_word' id='word_1_175' title='bbox 1077 562 1183 592; x_wconf 87' lang='lat' dir='ltr'><strong>denter</strong></span> <span class='ocrx_word' id='word_1_176' title='bbox 1195 561 1391 598; x_wconf 89' lang='lat' dir='ltr'><strong>horribiliter,</strong></span> <span class='ocrx_word' id='word_1_177' title='bbox 1408 565 1436 591; x_wconf 89' lang='lat' dir='ltr'><strong>et</strong></span> <span class='ocrx_word' id='word_1_178' title='bbox 1445 561 1569 591; x_wconf 84' lang='lat' dir='ltr'><strong>diversis</strong></span> <span class='ocrx_word' id='word_1_179' title='bbox 1580 570 1699 592; x_wconf 89' lang='lat' dir='ltr'><strong>suarum</strong></span> <span class='ocrx_word' id='word_1_180' title='bbox 1711 562 1901 593; x_wconf 82' lang='lat' dir='ltr'><strong>aﬂ‘ectionum</strong></span> 
     </span>
    </p>
   </div>
   <div class='ocr_carea' id='block_1_27' title="bbox 1077 605 1903 645">
    <p class='ocr_par' dir='ltr' id='par_1_27' title="bbox 1077 605 1903 645">
     <span class='ocr_line' id='line_1_27' title="bbox 1077 605 1903 645; baseline 0 -9"><span class='ocrx_word' id='word_1_181' title='bbox 1077 606 1236 645; x_wconf 83' lang='lat' dir='ltr'><strong>generibus</strong></span> <span class='ocrx_word' id='word_1_182' title='bbox 1251 605 1374 636; x_wconf 88' lang='lat' dir='ltr'><strong>cruciati</strong></span> <span class='ocrx_word' id='word_1_183' title='bbox 1389 615 1394 636; x_wconf 91' lang='lat'>:</span> <span class='ocrx_word' id='word_1_184' title='bbox 1409 606 1483 636; x_wconf 89' lang='lat' dir='ltr'><strong>sicut</strong></span> <span class='ocrx_word' id='word_1_185' title='bbox 1500 605 1614 636; x_wconf 88' lang='lat' dir='ltr'><strong>scilicet</strong></span> <span class='ocrx_word' id='word_1_186' title='bbox 1630 611 1658 636; x_wconf 89' lang='lat' dir='ltr'><strong>et</strong></span> <span class='ocrx_word' id='word_1_187' title='bbox 1670 606 1742 645; x_wconf 89' lang='lat' dir='ltr'><strong>justi</strong></span> <span class='ocrx_word' id='word_1_188' title='bbox 1758 606 1903 637; x_wconf 89' lang='lat' dir='ltr'><strong>alumine</strong></span> 
     </span>
    </p>
   </div>
   <div class='ocr_carea' id='block_1_28' title="bbox 1078 649 1900 690">
    <p class='ocr_par' dir='ltr' id='par_1_28' title="bbox 1078 649 1900 690">
     <span class='ocr_line' id='line_1_28' title="bbox 1078 649 1900 690; baseline 0.001 -10"><span class='ocrx_word' id='word_1_189' title='bbox 1078 650 1252 687; x_wconf 86' lang='lat' dir='ltr'><strong>collustrati,</strong></span> <span class='ocrx_word' id='word_1_190' title='bbox 1262 649 1422 680; x_wconf 88' lang='lat' dir='ltr'><strong>etdiversis</strong></span> <span class='ocrx_word' id='word_1_191' title='bbox 1429 649 1586 680; x_wconf 86' lang='lat' dir='ltr'><strong>virtutibus</strong></span> <span class='ocrx_word' id='word_1_192' title='bbox 1596 650 1691 681; x_wconf 84' lang='lat' dir='ltr'><strong>ornati</strong></span> <span class='ocrx_word' id='word_1_193' title='bbox 1702 650 1900 690; x_wconf 84' lang='lat' dir='ltr'><strong>apparebunt.</strong></span> 
     </span>
    </p>
   </div>
   <div class='ocr_carea' id='block_1_29' title="bbox 1078 693 1901 734">
    <p class='ocr_par' dir='ltr' id='par_1_29' title="bbox 1078 693 1901 734">
     <span class='ocr_line' id='line_1_29' title="bbox 1078 693 1901 734; baseline 0.002 -10"><span class='ocrx_word' id='word_1_194' title='bbox 1078 695 1153 725; x_wconf 89' lang='lat' dir='ltr'><strong>Nam</strong></span> <span class='ocrx_word' id='word_1_195' title='bbox 1166 694 1256 732; x_wconf 90' lang='lat' dir='ltr'><strong>Deus,</strong></span> <span class='ocrx_word' id='word_1_196' title='bbox 1277 694 1327 734; x_wconf 94' lang='lat' dir='ltr'><strong>qui</strong></span> <span class='ocrx_word' id='word_1_197' title='bbox 1342 693 1506 724; x_wconf 90' lang='lat' dir='ltr'><strong>secundum</strong></span> <span class='ocrx_word' id='word_1_198' title='bbox 1522 698 1656 724; x_wconf 85' lang='lat' dir='ltr'><strong>naturam</strong></span> <span class='ocrx_word' id='word_1_199' title='bbox 1673 704 1755 725; x_wconf 89' lang='lat' dir='ltr'><strong>suam</strong></span> <span class='ocrx_word' id='word_1_200' title='bbox 1771 695 1901 726; x_wconf 86' lang='lat' dir='ltr'><strong>charitas</strong></span> 
     </span>
    </p>
   </div>
   <div class='ocr_carea' id='block_1_30' title="bbox 1079 738 1900 776">
    <p class='ocr_par' dir='ltr' id='par_1_30' title="bbox 1079 738 1900 776">
     <span class='ocr_line' id='line_1_30' title="bbox 1079 738 1900 776; baseline 0.001 -7"><span class='ocrx_word' id='word_1_201' title='bbox 1079 743 1136 776; x_wconf 91' lang='lat' dir='ltr'><strong>est,</strong></span> <span class='ocrx_word' id='word_1_202' title='bbox 1153 742 1182 769; x_wconf 87' lang='lat' dir='ltr'><strong>et</strong></span> <span class='ocrx_word' id='word_1_203' title='bbox 1197 742 1327 775; x_wconf 86' lang='lat' dir='ltr'><strong>vocatur,</strong></span> <span class='ocrx_word' id='word_1_204' title='bbox 1343 747 1398 768; x_wconf 89' lang='lat' dir='ltr'><strong>nec</strong></span> <span class='ocrx_word' id='word_1_205' title='bbox 1427 738 1582 769; x_wconf 85' lang='lat' dir='ltr'><strong>damnatos</strong></span> <span class='ocrx_word' id='word_1_206' title='bbox 1607 738 1679 775; x_wconf 90' lang='lat' dir='ltr'><strong>odit,</strong></span> <span class='ocrx_word' id='word_1_207' title='bbox 1696 739 1778 769; x_wconf 90' lang='lat' dir='ltr'><strong>omni</strong></span> <span class='ocrx_word' id='word_1_208' title='bbox 1793 739 1900 770; x_wconf 69' lang='lat' dir='ltr'><strong>affectu</strong></span> 
     </span>
    </p>
   </div>
   <div class='ocr_carea' id='block_1_31' title="bbox 1079 782 1899 822">
    <p class='ocr_par' dir='ltr' id='par_1_31' title="bbox 1079 782 1899 822">
     <span class='ocr_line' id='line_1_31' title="bbox 1079 782 1899 822; baseline 0.001 -9"><span class='ocrx_word' id='word_1_209' title='bbox 1079 783 1250 814; x_wconf 87' lang='lat' dir='ltr'><strong>naturaliter</strong></span> <span class='ocrx_word' id='word_1_210' title='bbox 1264 782 1355 820; x_wconf 90' lang='lat' dir='ltr'><strong>liber,</strong></span> <span class='ocrx_word' id='word_1_211' title='bbox 1373 791 1428 813; x_wconf 90' lang='lat' dir='ltr'><strong>nec</strong></span> <span class='ocrx_word' id='word_1_212' title='bbox 1448 792 1465 813; x_wconf 89' lang='lat' dir='ltr'><strong>a</strong></span> <span class='ocrx_word' id='word_1_213' title='bbox 1480 783 1626 813; x_wconf 84' lang='lat' dir='ltr'><strong>damnatis</strong></span> <span class='ocrx_word' id='word_1_214' title='bbox 1638 783 1707 822; x_wconf 85' lang='lat' dir='ltr'><strong>jure</strong></span> <span class='ocrx_word' id='word_1_215' title='bbox 1722 783 1790 814; x_wconf 89' lang='lat' dir='ltr'><strong>odio</strong></span> <span class='ocrx_word' id='word_1_216' title='bbox 1805 783 1899 814; x_wconf 90' lang='lat' dir='ltr'><strong>habe-</strong></span> 
     </span>
    </p>
   </div>
   <div class='ocr_carea' id='block_1_32' title="bbox 1080 827 1901 868">
    <p class='ocr_par' dir='ltr' id='par_1_32' title="bbox 1080 827 1901 868">
     <span class='ocr_line' id='line_1_32' title="bbox 1080 827 1901 868; baseline 0.002 -12"><span class='ocrx_word' id='word_1_217' title='bbox 1080 832 1126 858; x_wconf 90' lang='lat' dir='ltr'><strong>tur</strong></span> <span class='ocrx_word' id='word_1_218' title='bbox 1143 836 1150 858; x_wconf 89' lang='lat'>:</span> <span class='ocrx_word' id='word_1_219' title='bbox 1169 827 1222 858; x_wconf 91' lang='lat' dir='ltr'><strong>sed</strong></span> <span class='ocrx_word' id='word_1_220' title='bbox 1238 827 1413 868; x_wconf 88' lang='lat' dir='ltr'><strong>quibuscum</strong></span> <span class='ocrx_word' id='word_1_221' title='bbox 1430 830 1529 857; x_wconf 89' lang='lat' dir='ltr'><strong>nostra</strong></span> <span class='ocrx_word' id='word_1_222' title='bbox 1542 827 1691 858; x_wconf 84' lang='lat' dir='ltr'><strong>voluntate</strong></span> <span class='ocrx_word' id='word_1_223' title='bbox 1707 833 1737 858; x_wconf 89' lang='lat' dir='ltr'><strong>et</strong></span> <span class='ocrx_word' id='word_1_224' title='bbox 1752 828 1901 859; x_wconf 87' lang='lat' dir='ltr'><strong>sententia</strong></span> 
     </span>
    </p>
   </div>
   <div class='ocr_carea' id='block_1_33' title="bbox 1077 870 1913 910">
    <p class='ocr_par' dir='ltr' id='par_1_33' title="bbox 1077 870 1913 910">
     <span class='ocr_line' id='line_1_33' title="bbox 1077 870 1913 910; baseline 0.002 -9"><span class='ocrx_word' id='word_1_225' title='bbox 1077 871 1108 901; x_wconf 90' lang='lat' dir='ltr'><strong>in</strong></span> <span class='ocrx_word' id='word_1_226' title='bbox 1133 871 1190 901; x_wconf 92' lang='lat' dir='ltr'><strong>hoc</strong></span> <span class='ocrx_word' id='word_1_227' title='bbox 1212 871 1318 902; x_wconf 61' lang='lat' dir='ltr'><strong>seculo</strong></span> <span class='ocrx_word' id='word_1_228' title='bbox 1345 880 1502 910; x_wconf 90' lang='lat' dir='ltr'><strong>pravorum</strong></span> <span class='ocrx_word' id='word_1_229' title='bbox 1532 870 1697 902; x_wconf 89' lang='lat' dir='ltr'><strong>studiorum</strong></span> <span class='ocrx_word' id='word_1_230' title='bbox 1725 872 1913 907; x_wconf 10' lang='lat' dir='ltr'><strong>societatem,</strong></span> 
     </span>
    </p>
   </div>
   <div class='ocr_carea' id='block_1_34' title="bbox 1079 915 1901 955">
    <p class='ocr_par' dir='ltr' id='par_1_34' title="bbox 1079 915 1901 955">
     <span class='ocr_line' id='line_1_34' title="bbox 1079 915 1901 955; baseline 0.002 -10"><span class='ocrx_word' id='word_1_231' title='bbox 1079 915 1232 954; x_wconf 82' lang='lat' dir='ltr'><strong>elegimus,</strong></span> <span class='ocrx_word' id='word_1_232' title='bbox 1249 925 1315 945; x_wconf 89' lang='lat' dir='ltr'><strong>cum</strong></span> <span class='ocrx_word' id='word_1_233' title='bbox 1342 915 1387 945; x_wconf 91' lang='lat' dir='ltr'><strong>his</strong></span> <span class='ocrx_word' id='word_1_234' title='bbox 1417 919 1448 945; x_wconf 90' lang='lat' dir='ltr'><strong>ut</strong></span> <span class='ocrx_word' id='word_1_235' title='bbox 1476 915 1594 955; x_wconf 78' lang='lat' dir='ltr'><strong>merito,</strong></span> <span class='ocrx_word' id='word_1_236' title='bbox 1626 919 1655 946; x_wconf 90' lang='lat' dir='ltr'><strong>et</strong></span> <span class='ocrx_word' id='word_1_237' title='bbox 1684 917 1854 947; x_wconf 86' lang='lat' dir='ltr'><strong>necessario</strong></span> <span class='ocrx_word' id='word_1_238' title='bbox 1870 917 1901 947; x_wconf 92' lang='lat' dir='ltr'><strong>in</strong></span> 
     </span>
    </p>
   </div>
   <div class='ocr_carea' id='block_1_35' title="bbox 211 956 1902 1000">
    <p class='ocr_par' dir='ltr' id='par_1_35' title="bbox 211 956 1902 1000">
     <span class='ocr_line' id='line_1_35' title="bbox 211 956 1902 1000; baseline -0.002 -6"><span class='ocrx_word' id='word_1_239' title='bbox 211 963 317 994; x_wconf 90' lang='lat' dir='ltr'><strong>beatus</strong></span> <span class='ocrx_word' id='word_1_240' title='bbox 340 963 449 994; x_wconf 88' lang='lat' dir='ltr'><strong>Paulus</strong></span> <span class='ocrx_word' id='word_1_241' title='bbox 476 962 682 993; x_wconf 86' lang='lat' dir='ltr'><strong>inﬁdelitatem</strong></span> <span class='ocrx_word' id='word_1_242' title='bbox 715 961 941 1000; x_wconf 89' lang='lat' dir='ltr'><strong>reprehendens</strong></span> <span class='ocrx_word' id='word_1_243' title='bbox 969 960 1011 990; x_wconf 87' lang='lat' dir='ltr'><strong>ait</strong></span> <span class='ocrx_word' id='word_1_244' title='bbox 1028 956 1176 990; x_wconf 78' lang='lat' dir='ltr'><strong>:Bfuturo</strong></span> <span class='ocrx_word' id='word_1_245' title='bbox 1192 960 1312 997; x_wconf 62' lang='lat' dir='ltr'><strong>smculo,</strong></span> <span class='ocrx_word' id='word_1_246' title='bbox 1329 959 1461 1000; x_wconf 84' lang='lat' dir='ltr'><strong>quamvis</strong></span> <span class='ocrx_word' id='word_1_247' title='bbox 1476 959 1612 990; x_wconf 90' lang='lat' dir='ltr'><strong>nolentes</strong></span> <span class='ocrx_word' id='word_1_248' title='bbox 1637 960 1742 999; x_wconf 88' lang='lat' dir='ltr'><strong>simus,</strong></span> <span class='ocrx_word' id='word_1_249' title='bbox 1759 961 1902 992; x_wconf 88' lang='lat' dir='ltr'><strong>condem-</strong></span> 
     </span>
    </p>
   </div>
   <div class='ocr_carea' id='block_1_36' title="bbox 213 1006 1037 1046">
    <p class='ocr_par' dir='ltr' id='par_1_36' title="bbox 213 1006 1037 1046">
     <span class='ocr_line' id='line_1_36' title="bbox 213 1006 1037 1046; baseline -0.005 -8"><span class='ocrx_word' id='word_1_250' title='bbox 213 1007 403 1046; x_wconf 79' lang='lat' dir='ltr'><strong>Conﬁtentur</strong></span> <span class='ocrx_word' id='word_1_251' title='bbox 418 1016 450 1038; x_wconf 81' lang='lat' dir='ltr'><strong>se</strong></span> <span class='ocrx_word' id='word_1_252' title='bbox 472 1007 563 1037; x_wconf 67' lang='lat' dir='ltr'><strong>Deum</strong></span> <span class='ocrx_word' id='word_1_253' title='bbox 576 1015 675 1043; x_wconf 82' lang='lat' dir='ltr'><strong>nosse,</strong></span> <span class='ocrx_word' id='word_1_254' title='bbox 689 1006 780 1044; x_wconf 79' lang='lat' dir='ltr'><strong>factis</strong></span> <span class='ocrx_word' id='word_1_255' title='bbox 793 1009 895 1035; x_wconf 73' lang='lat' dir='ltr'><strong>autem</strong></span> <span class='ocrx_word' id='word_1_256' title='bbox 910 1006 1037 1043; x_wconf 70' lang='lat' dir='ltr'><strong>negant,</strong></span> 
     </span>
    </p>
   </div>
   <div class='ocr_carea' id='block_1_37' title="bbox 211 1048 1039 1089">
    <p class='ocr_par' dir='ltr' id='par_1_37' title="bbox 211 1048 1039 1089">
     <span class='ocr_line' id='line_1_37' title="bbox 211 1048 1039 1089; baseline -0.004 -8"><span class='ocrx_word' id='word_1_257' title='bbox 211 1051 393 1089; x_wconf 61' lang='lat' dir='ltr'><strong>abominati,</strong></span> <span class='ocrx_word' id='word_1_258' title='bbox 404 1054 433 1082; x_wconf 84' lang='lat' dir='ltr'><strong>et</strong></span> <span class='ocrx_word' id='word_1_259' title='bbox 443 1050 644 1089; x_wconf 69' lang='lat' dir='ltr'><strong>incredibiles,</strong></span> <span class='ocrx_word' id='word_1_260' title='bbox 654 1054 682 1080; x_wconf 74' lang='lat' dir='ltr'><strong>et</strong></span> <span class='ocrx_word' id='word_1_261' title='bbox 695 1049 734 1079; x_wconf 78' lang='lat' dir='ltr'><strong>ad</strong></span> <span class='ocrx_word' id='word_1_262' title='bbox 746 1058 832 1080; x_wconf 83' lang='lat' dir='ltr'><strong>omne</strong></span> <span class='ocrx_word' id='word_1_263' title='bbox 843 1057 915 1089; x_wconf 86' lang='lat' dir='ltr'><strong>opus</strong></span> <span class='ocrx_word' id='word_1_264' title='bbox 928 1048 1039 1079; x_wconf 84' lang='lat' dir='ltr'><strong>bonum</strong></span> 
     </span>
    </p>
   </div>
   <div class='ocr_carea' id='block_1_38' title="bbox 212 1091 1039 1135">
    <p class='ocr_par' dir='ltr' id='par_1_38' title="bbox 212 1091 1039 1135">
     <span class='ocr_line' id='line_1_38' title="bbox 212 1091 1039 1135; baseline -0.004 -10"><span class='ocrx_word' id='word_1_265' title='bbox 212 1094 375 1134; x_wconf 55' lang='lat' dir='ltr'><strong>reprobi”.</strong></span> <span class='ocrx_word' id='word_1_266' title='bbox 387 1097 432 1126; x_wconf 85' lang='lat' dir='ltr'><strong>An</strong></span> <span class='ocrx_word' id='word_1_267' title='bbox 442 1103 501 1125; x_wconf 92' lang='lat' dir='ltr'><strong>non</strong></span> <span class='ocrx_word' id='word_1_268' title='bbox 515 1094 625 1135; x_wconf 86' lang='lat' dir='ltr'><strong>ubique</strong></span> <span class='ocrx_word' id='word_1_269' title='bbox 634 1093 745 1126; x_wconf 85' lang='lat' dir='ltr'><strong>Christi</strong></span> <span class='ocrx_word' id='word_1_270' title='bbox 757 1102 867 1124; x_wconf 86' lang='lat' dir='ltr'><strong>nomen</strong></span> <span class='ocrx_word' id='word_1_271' title='bbox 878 1091 1039 1132; x_wconf 86' lang='lat' dir='ltr'><strong>personat?</strong></span> 
     </span>
    </p>
   </div>
   <div class='ocr_carea' id='block_1_39' title="bbox 210 1136 1037 1178">
    <p class='ocr_par' dir='ltr' id='par_1_39' title="bbox 210 1136 1037 1178">
     <span class='ocr_line' id='line_1_39' title="bbox 210 1136 1037 1178; baseline -0.005 -8"><span class='ocrx_word' id='word_1_272' title='bbox 210 1142 242 1172; x_wconf 88' lang='lat' dir='ltr'><strong>in</strong></span> <span class='ocrx_word' id='word_1_273' title='bbox 257 1138 393 1176; x_wconf 88' lang='lat' dir='ltr'><strong>urbibus,</strong></span> <span class='ocrx_word' id='word_1_274' title='bbox 411 1138 442 1168; x_wconf 91' lang='lat' dir='ltr'><strong>in</strong></span> <span class='ocrx_word' id='word_1_275' title='bbox 469 1138 555 1178; x_wconf 86' lang='lat' dir='ltr'><strong>vicis,</strong></span> <span class='ocrx_word' id='word_1_276' title='bbox 585 1138 615 1168; x_wconf 88' lang='lat' dir='ltr'><strong>in</strong></span> <span class='ocrx_word' id='word_1_277' title='bbox 645 1137 800 1175; x_wconf 73' lang='lat' dir='ltr'><strong>cmnobiis,</strong></span> <span class='ocrx_word' id='word_1_278' title='bbox 828 1137 858 1167; x_wconf 90' lang='lat' dir='ltr'><strong>in</strong></span> <span class='ocrx_word' id='word_1_279' title='bbox 875 1136 1037 1167; x_wconf 89' lang='lat' dir='ltr'><strong>montibus.</strong></span> 
     </span>
    </p>
   </div>
   <div class='ocr_carea' id='block_1_40' title="bbox 211 1181 1040 1222">
    <p class='ocr_par' dir='ltr' id='par_1_40' title="bbox 211 1181 1040 1222">
     <span class='ocr_line' id='line_1_40' title="bbox 211 1181 1040 1222; baseline -0.002 -9"><span class='ocrx_word' id='word_1_280' title='bbox 211 1182 328 1220; x_wconf 79' lang='lat' dir='ltr'><strong>Quaere,</strong></span> <span class='ocrx_word' id='word_1_281' title='bbox 341 1183 367 1213; x_wconf 92' lang='lat' dir='ltr'><strong>si</strong></span> <span class='ocrx_word' id='word_1_282' title='bbox 379 1183 486 1222; x_wconf 90' lang='lat' dir='ltr'><strong>placet,</strong></span> <span class='ocrx_word' id='word_1_283' title='bbox 502 1187 530 1213; x_wconf 88' lang='lat' dir='ltr'><strong>et</strong></span> <span class='ocrx_word' id='word_1_284' title='bbox 542 1187 677 1214; x_wconf 83' lang='lat' dir='ltr'><strong>scrutare</strong></span> <span class='ocrx_word' id='word_1_285' title='bbox 689 1181 859 1221; x_wconf 78' lang='lat' dir='ltr'><strong>diligenter,</strong></span> <span class='ocrx_word' id='word_1_286' title='bbox 872 1190 908 1211; x_wconf 89' lang='lat' dir='ltr'><strong>an</strong></span> <span class='ocrx_word' id='word_1_287' title='bbox 920 1185 1040 1211; x_wconf 87' lang='lat' dir='ltr'><strong>servent</strong></span> 
     </span>
    </p>
   </div>
   <div class='ocr_carea' id='block_1_41' title="bbox 211 1224 1037 1266">
    <p class='ocr_par' dir='ltr' id='par_1_41' title="bbox 211 1224 1037 1266">
     <span class='ocr_line' id='line_1_41' title="bbox 211 1224 1037 1266; baseline -0.004 -9"><span class='ocrx_word' id='word_1_288' title='bbox 211 1227 350 1257; x_wconf 90' lang='lat' dir='ltr'><strong>mandata</strong></span> <span class='ocrx_word' id='word_1_289' title='bbox 365 1227 440 1266; x_wconf 87' lang='lat' dir='ltr'><strong>ejus,</strong></span> <span class='ocrx_word' id='word_1_290' title='bbox 457 1231 486 1256; x_wconf 91' lang='lat' dir='ltr'><strong>et</strong></span> <span class='ocrx_word' id='word_1_291' title='bbox 502 1227 548 1257; x_wconf 83' lang='lat' dir='ltr'><strong>vix</strong></span> <span class='ocrx_word' id='word_1_292' title='bbox 576 1225 710 1256; x_wconf 87' lang='lat' dir='ltr'><strong>invenies</strong></span> <span class='ocrx_word' id='word_1_293' title='bbox 735 1235 825 1256; x_wconf 93' lang='lat' dir='ltr'><strong>unum</strong></span> <span class='ocrx_word' id='word_1_294' title='bbox 853 1234 869 1255; x_wconf 91' lang='lat' dir='ltr'><strong>e</strong></span> <span class='ocrx_word' id='word_1_295' title='bbox 895 1224 1037 1265; x_wconf 83' lang='lat' dir='ltr'><strong>millibus,</strong></span> 
     </span>
    </p>
   </div>
   <div class='ocr_carea' id='block_1_42' title="bbox 211 1269 1038 1310">
    <p class='ocr_par' dir='ltr' id='par_1_42' title="bbox 211 1269 1038 1310">
     <span class='ocr_line' id='line_1_42' title="bbox 211 1269 1038 1310; baseline -0.001 -9"><span class='ocrx_word' id='word_1_296' title='bbox 211 1271 440 1302; x_wconf 89' lang='lat' dir='ltr'><strong>utdilectusille</strong></span> <span class='ocrx_word' id='word_1_297' title='bbox 453 1270 617 1310; x_wconf 90' lang='lat' dir='ltr'><strong>discipulus</strong></span> <span class='ocrx_word' id='word_1_298' title='bbox 641 1270 770 1301; x_wconf 84' lang='lat' dir='ltr'><strong>Joannes</strong></span> <span class='ocrx_word' id='word_1_299' title='bbox 791 1269 849 1299; x_wconf 90' lang='lat' dir='ltr'><strong>ait:</strong></span> <span class='ocrx_word' id='word_1_300' title='bbox 869 1269 973 1301; x_wconf 83' lang='lat' dir='ltr'><strong>Omnis</strong></span> <span class='ocrx_word' id='word_1_301' title='bbox 985 1269 1038 1308; x_wconf 75' lang='lat' dir='ltr'><strong>qui</strong></span> 
     </span>
    </p>
   </div>
   <div class='ocr_carea' id='block_1_43' title="bbox 208 1313 1034 1355">
    <p class='ocr_par' dir='ltr' id='par_1_43' title="bbox 208 1313 1034 1355">
     <span class='ocr_line' id='line_1_43' title="bbox 208 1313 1034 1355; baseline -0.004 -9"><span class='ocrx_word' id='word_1_302' title='bbox 208 1319 326 1355; x_wconf 83' lang='lat' dir='ltr'><strong>peccat,</strong></span> <span class='ocrx_word' id='word_1_303' title='bbox 335 1324 396 1346; x_wconf 86' lang='lat' dir='ltr'><strong>non</strong></span> <span class='ocrx_word' id='word_1_304' title='bbox 404 1315 482 1346; x_wconf 70' lang='lat' dir='ltr'><strong>vidit</strong></span> <span class='ocrx_word' id='word_1_305' title='bbox 492 1315 601 1352; x_wconf 86' lang='lat' dir='ltr'><strong>Deum,</strong></span> <span class='ocrx_word' id='word_1_306' title='bbox 611 1314 911 1353; x_wconf 73' lang='lat' dir='ltr'><strong>nequenooiteum”.</strong></span> <span class='ocrx_word' id='word_1_307' title='bbox 928 1313 963 1343; x_wconf 86' lang='lat' dir='ltr'><strong>Et</strong></span> <span class='ocrx_word' id='word_1_308' title='bbox 978 1313 1034 1344; x_wconf 81' lang='lat' dir='ltr'><strong>ite-</strong></span> 
     </span>
    </p>
   </div>
   <div class='ocr_carea' id='block_1_44' title="bbox 211 1358 1032 1398">
    <p class='ocr_par' dir='ltr' id='par_1_44' title="bbox 211 1358 1032 1398">
     <span class='ocr_line' id='line_1_44' title="bbox 211 1358 1032 1398; baseline -0.002 -8"><span class='ocrx_word' id='word_1_309' title='bbox 211 1368 277 1390; x_wconf 90' lang='lat' dir='ltr'><strong>rum</strong></span> <span class='ocrx_word' id='word_1_310' title='bbox 293 1368 299 1390; x_wconf 89' lang='lat'>:</span> <span class='ocrx_word' id='word_1_311' title='bbox 317 1360 421 1390; x_wconf 80' lang='lat' dir='ltr'><strong>Omnis</strong></span> <span class='ocrx_word' id='word_1_312' title='bbox 431 1360 484 1398; x_wconf 78' lang='lat' dir='ltr'><strong>qui</strong></span> <span class='ocrx_word' id='word_1_313' title='bbox 494 1360 569 1398; x_wconf 74' lang='lat' dir='ltr'><strong>facit</strong></span> <span class='ocrx_word' id='word_1_314' title='bbox 579 1362 742 1398; x_wconf 85' lang='lat' dir='ltr'><strong>peccatum,</strong></span> <span class='ocrx_word' id='word_1_315' title='bbox 756 1367 793 1389; x_wconf 75' lang='lat' dir='ltr'><strong>ca:</strong></span> <span class='ocrx_word' id='word_1_316' title='bbox 801 1358 920 1389; x_wconf 77' lang='lat' dir='ltr'><strong>diabolo</strong></span> <span class='ocrx_word' id='word_1_317' title='bbox 936 1361 980 1388; x_wconf 86' lang='lat' dir='ltr'><strong>est</strong></span> <span class='ocrx_word' id='word_1_318' title='bbox 995 1358 1032 1389; x_wconf 75' lang='grc'><strong>18.</strong></span> 
     </span>
    </p>
   </div>
   <div class='ocr_carea' id='block_1_45' title="bbox 211 1402 1033 1443">
    <p class='ocr_par' dir='ltr' id='par_1_45' title="bbox 211 1402 1033 1443">
     <span class='ocr_line' id='line_1_45' title="bbox 211 1402 1033 1443; baseline -0.004 -8"><span class='ocrx_word' id='word_1_319' title='bbox 211 1402 271 1435; x_wconf 87' lang='lat' dir='ltr'><strong>Ubi</strong></span> <span class='ocrx_word' id='word_1_320' title='bbox 285 1403 387 1443; x_wconf 83' lang='lat' dir='ltr'><strong>igitur,</strong></span> <span class='ocrx_word' id='word_1_321' title='bbox 405 1403 484 1433; x_wconf 91' lang='lat' dir='ltr'><strong>bona</strong></span> <span class='ocrx_word' id='word_1_322' title='bbox 500 1412 565 1443; x_wconf 73' lang='lat' dir='ltr'><strong>quae</strong></span> <span class='ocrx_word' id='word_1_323' title='bbox 580 1407 649 1433; x_wconf 91' lang='lat' dir='ltr'><strong>sunt</strong></span> <span class='ocrx_word' id='word_1_324' title='bbox 662 1402 692 1433; x_wconf 85' lang='lat' dir='ltr'><strong>iu</strong></span> <span class='ocrx_word' id='word_1_325' title='bbox 709 1402 845 1433; x_wconf 88' lang='lat' dir='ltr'><strong>manibus</strong></span> <span class='ocrx_word' id='word_1_326' title='bbox 859 1402 967 1433; x_wconf 90' lang='lat' dir='ltr'><strong>nostris</strong></span> <span class='ocrx_word' id='word_1_327' title='bbox 984 1411 1033 1432; x_wconf 68' lang='lat' dir='ltr'><strong>rc-</strong></span> 
     </span>
    </p>
   </div>
   <div class='ocr_carea' id='block_1_46' title="bbox 214 1446 1035 1487">
    <p class='ocr_par' dir='ltr' id='par_1_46' title="bbox 214 1446 1035 1487">
     <span class='ocr_line' id='line_1_46' title="bbox 214 1446 1035 1487; baseline 0 -10"><span class='ocrx_word' id='word_1_328' title='bbox 214 1447 396 1487; x_wconf 84' lang='lat' dir='ltr'><strong>linquentes,</strong></span> <span class='ocrx_word' id='word_1_329' title='bbox 423 1447 564 1477; x_wconf 87' lang='lat' dir='ltr'><strong>inanibus</strong></span> <span class='ocrx_word' id='word_1_330' title='bbox 587 1452 698 1484; x_wconf 88' lang='lat' dir='ltr'><strong>autem,</strong></span> <span class='ocrx_word' id='word_1_331' title='bbox 729 1450 759 1477; x_wconf 88' lang='lat' dir='ltr'><strong>et</strong></span> <span class='ocrx_word' id='word_1_332' title='bbox 784 1447 870 1477; x_wconf 83' lang='lat' dir='ltr'><strong>ﬂuxis</strong></span> <span class='ocrx_word' id='word_1_333' title='bbox 899 1446 993 1477; x_wconf 89' lang='lat' dir='ltr'><strong>dediti</strong></span> <span class='ocrx_word' id='word_1_334' title='bbox 1007 1450 1035 1477; x_wconf 88' lang='lat' dir='ltr'><strong>et</strong></span> 
     </span>
    </p>
   </div>
   <div class='ocr_carea' id='block_1_47' title="bbox 211 1491 593 1532">
    <p class='ocr_par' dir='ltr' id='par_1_47' title="bbox 211 1491 593 1532">
     <span class='ocr_line' id='line_1_47' title="bbox 211 1491 593 1532; baseline 0.003 -11"><span class='ocrx_word' id='word_1_335' title='bbox 211 1491 307 1532; x_wconf 84' lang='lat' dir='ltr'><strong>afﬁxi,</strong></span> <span class='ocrx_word' id='word_1_336' title='bbox 321 1500 404 1531; x_wconf 87' lang='lat' dir='ltr'><strong>spem</strong></span> <span class='ocrx_word' id='word_1_337' title='bbox 420 1491 564 1522; x_wconf 88' lang='lat' dir='ltr'><strong>habemus</strong></span> <span class='ocrx_word' id='word_1_338' title='bbox 579 1494 593 1522; x_wconf 83' lang='lat'><strong>?</strong></span> 
     </span>
    </p>
   </div>
   <div class='ocr_carea' id='block_1_48' title="bbox 252 1534 1035 1576">
    <p class='ocr_par' dir='ltr' id='par_1_48' title="bbox 252 1534 1035 1576">
     <span class='ocr_line' id='line_1_48' title="bbox 252 1534 1035 1576; baseline -0.001 -10"><span class='ocrx_word' id='word_1_339' title='bbox 252 1534 288 1566; x_wconf 90' lang='lat' dir='ltr'><strong>Ut</strong></span> <span class='ocrx_word' id='word_1_340' title='bbox 304 1544 391 1576; x_wconf 88' lang='lat' dir='ltr'><strong>porro</strong></span> <span class='ocrx_word' id='word_1_341' title='bbox 413 1535 450 1566; x_wconf 89' lang='lat' dir='ltr'><strong>ad</strong></span> <span class='ocrx_word' id='word_1_342' title='bbox 476 1535 608 1575; x_wconf 85' lang='lat' dir='ltr'><strong>singulos</strong></span> <span class='ocrx_word' id='word_1_343' title='bbox 623 1534 744 1565; x_wconf 86' lang='lat' dir='ltr'><strong>vanitati</strong></span> <span class='ocrx_word' id='word_1_344' title='bbox 772 1534 958 1566; x_wconf 82' lang='lat' dir='ltr'><strong>adhaerentes</strong></span> <span class='ocrx_word' id='word_1_345' title='bbox 973 1543 1035 1565; x_wconf 91' lang='lat' dir='ltr'><strong>ser-</strong></span> 
     </span>
    </p>
   </div>
   <div class='ocr_carea' id='block_1_49' title="bbox 1079 1003 1901 1045">
    <p class='ocr_par' dir='ltr' id='par_1_49' title="bbox 1079 1003 1901 1045">
     <span class='ocr_line' id='line_1_49' title="bbox 1079 1003 1901 1045; baseline 0.002 -11"><span class='ocrx_word' id='word_1_346' title='bbox 1079 1003 1216 1034; x_wconf 89' lang='lat' dir='ltr'><strong>nabimur</strong></span> <span class='ocrx_word' id='word_1_347' title='bbox 1241 1003 1356 1034; x_wconf 89' lang='lat' dir='ltr'><strong>Etenim</strong></span> <span class='ocrx_word' id='word_1_348' title='bbox 1370 1008 1456 1044; x_wconf 88' lang='lat' dir='ltr'><strong>prout</strong></span> <span class='ocrx_word' id='word_1_349' title='bbox 1467 1004 1593 1044; x_wconf 89' lang='lat' dir='ltr'><strong>quisque</strong></span> <span class='ocrx_word' id='word_1_350' title='bbox 1603 1005 1737 1045; x_wconf 81' lang='lat' dir='ltr'><strong>aﬁ&#39;ectus,</strong></span> <span class='ocrx_word' id='word_1_351' title='bbox 1750 1014 1784 1036; x_wconf 91' lang='lat' dir='ltr'><strong>ac</strong></span> <span class='ocrx_word' id='word_1_352' title='bbox 1795 1005 1901 1045; x_wconf 85' lang='lat' dir='ltr'><strong>dispo-</strong></span> 
     </span>
    </p>
   </div>
   <div class='ocr_carea' id='block_1_50' title="bbox 1079 1048 1900 1086">
    <p class='ocr_par' dir='ltr' id='par_1_50' title="bbox 1079 1048 1900 1086">
     <span class='ocr_line' id='line_1_50' title="bbox 1079 1048 1900 1086; baseline 0.002 -8"><span class='ocrx_word' id='word_1_353' title='bbox 1079 1048 1152 1078; x_wconf 89' lang='lat' dir='ltr'><strong>situs</strong></span> <span class='ocrx_word' id='word_1_354' title='bbox 1164 1052 1219 1086; x_wconf 88' lang='lat' dir='ltr'><strong>est,</strong></span> <span class='ocrx_word' id='word_1_355' title='bbox 1233 1049 1313 1079; x_wconf 90' lang='lat' dir='ltr'><strong>Deus</strong></span> <span class='ocrx_word' id='word_1_356' title='bbox 1322 1048 1422 1078; x_wconf 92' lang='lat' dir='ltr'><strong>unitus</strong></span> <span class='ocrx_word' id='word_1_357' title='bbox 1434 1048 1585 1085; x_wconf 90' lang='lat' dir='ltr'><strong>omnibus,</strong></span> <span class='ocrx_word' id='word_1_358' title='bbox 1599 1050 1629 1079; x_wconf 90' lang='lat' dir='ltr'><strong>in</strong></span> <span class='ocrx_word' id='word_1_359' title='bbox 1649 1049 1707 1079; x_wconf 84' lang='lat' dir='ltr'><strong>ﬁne</strong></span> <span class='ocrx_word' id='word_1_360' title='bbox 1722 1049 1900 1080; x_wconf 77' lang='lat' dir='ltr'><strong>saeculorum</strong></span> 
     </span>
    </p>
   </div>
   <div class='ocr_carea' id='block_1_51' title="bbox 1079 1092 1901 1134">
    <p class='ocr_par' dir='ltr' id='par_1_51' title="bbox 1079 1092 1901 1134">
     <span class='ocr_line' id='line_1_51' title="bbox 1079 1092 1901 1134; baseline 0.002 -12"><span class='ocrx_word' id='word_1_361' title='bbox 1079 1092 1156 1122; x_wconf 89' lang='lat' dir='ltr'><strong>sicut</strong></span> <span class='ocrx_word' id='word_1_362' title='bbox 1170 1092 1249 1122; x_wconf 88' lang='lat' dir='ltr'><strong>novit</strong></span> <span class='ocrx_word' id='word_1_363' title='bbox 1263 1092 1339 1130; x_wconf 88' lang='lat' dir='ltr'><strong>ipse,</strong></span> <span class='ocrx_word' id='word_1_364' title='bbox 1357 1101 1478 1123; x_wconf 89' lang='lat' dir='ltr'><strong>sensum</strong></span> <span class='ocrx_word' id='word_1_365' title='bbox 1493 1092 1602 1132; x_wconf 90' lang='lat' dir='ltr'><strong>cuique</strong></span> <span class='ocrx_word' id='word_1_366' title='bbox 1618 1093 1740 1134; x_wconf 63' lang='lat' dir='ltr'><strong>praebet,</strong></span> <span class='ocrx_word' id='word_1_367' title='bbox 1752 1094 1901 1134; x_wconf 89' lang='lat' dir='ltr'><strong>quomodo</strong></span> 
     </span>
    </p>
   </div>
   <div class='ocr_carea' id='block_1_52' title="bbox 1080 1137 1898 1177">
    <p class='ocr_par' dir='ltr' id='par_1_52' title="bbox 1080 1137 1898 1177">
     <span class='ocr_line' id='line_1_52' title="bbox 1080 1137 1898 1177; baseline 0.001 -10"><span class='ocrx_word' id='word_1_368' title='bbox 1080 1137 1116 1167; x_wconf 89' lang='lat' dir='ltr'><strong>ab</strong></span> <span class='ocrx_word' id='word_1_369' title='bbox 1131 1137 1194 1177; x_wconf 91' lang='lat' dir='ltr'><strong>ipso</strong></span> <span class='ocrx_word' id='word_1_370' title='bbox 1209 1137 1353 1168; x_wconf 83' lang='lat' dir='ltr'><strong>formatus</strong></span> <span class='ocrx_word' id='word_1_371' title='bbox 1380 1137 1427 1167; x_wconf 89' lang='lat' dir='ltr'><strong>sit.</strong></span> <span class='ocrx_word' id='word_1_372' title='bbox 1458 1137 1561 1176; x_wconf 75' lang='lat' dir='ltr'><strong>Dignis</strong></span> <span class='ocrx_word' id='word_1_373' title='bbox 1589 1137 1678 1176; x_wconf 83' lang='lat' dir='ltr'><strong>igitur</strong></span> <span class='ocrx_word' id='word_1_374' title='bbox 1705 1147 1758 1177; x_wconf 88' lang='lat' dir='ltr'><strong>per</strong></span> <span class='ocrx_word' id='word_1_375' title='bbox 1774 1139 1898 1177; x_wconf 80' lang='lat' dir='ltr'><strong>gratiam</strong></span> 
     </span>
    </p>
   </div>
   <div class='ocr_carea' id='block_1_53' title="bbox 1081 1181 1902 1222">
    <p class='ocr_par' dir='ltr' id='par_1_53' title="bbox 1081 1181 1902 1222">
     <span class='ocr_line' id='line_1_53' title="bbox 1081 1181 1902 1222; baseline 0.004 -12"><span class='ocrx_word' id='word_1_376' title='bbox 1081 1181 1182 1211; x_wconf 90' lang='lat' dir='ltr'><strong>unitus</strong></span> <span class='ocrx_word' id='word_1_377' title='bbox 1197 1191 1286 1221; x_wconf 91' lang='lat' dir='ltr'><strong>supra</strong></span> <span class='ocrx_word' id='word_1_378' title='bbox 1315 1185 1461 1218; x_wconf 90' lang='lat' dir='ltr'><strong>naturam,</strong></span> <span class='ocrx_word' id='word_1_379' title='bbox 1487 1181 1597 1218; x_wconf 87' lang='lat' dir='ltr'><strong>divina,</strong></span> <span class='ocrx_word' id='word_1_380' title='bbox 1629 1186 1657 1212; x_wconf 88' lang='lat' dir='ltr'><strong>et</strong></span> <span class='ocrx_word' id='word_1_381' title='bbox 1681 1191 1799 1213; x_wconf 84' lang='lat' dir='ltr'><strong>omnem</strong></span> <span class='ocrx_word' id='word_1_382' title='bbox 1817 1183 1902 1222; x_wconf 83' lang='lat' dir='ltr'><strong>cogi-</strong></span> 
     </span>
    </p>
   </div>
   <div class='ocr_carea' id='block_1_54' title="bbox 1081 1226 1902 1266">
    <p class='ocr_par' dir='ltr' id='par_1_54' title="bbox 1081 1226 1902 1266">
     <span class='ocr_line' id='line_1_54' title="bbox 1081 1226 1902 1266; baseline 0.002 -10"><span class='ocrx_word' id='word_1_383' title='bbox 1081 1226 1219 1256; x_wconf 86' lang='lat' dir='ltr'><strong>tationem</strong></span> <span class='ocrx_word' id='word_1_384' title='bbox 1236 1235 1381 1265; x_wconf 90' lang='lat' dir='ltr'><strong>superans</strong></span> <span class='ocrx_word' id='word_1_385' title='bbox 1396 1226 1529 1266; x_wconf 87' lang='lat' dir='ltr'><strong>voluptas</strong></span> <span class='ocrx_word' id='word_1_386' title='bbox 1545 1235 1611 1257; x_wconf 89' lang='lat' dir='ltr'><strong>esse</strong></span> <span class='ocrx_word' id='word_1_387' title='bbox 1626 1227 1789 1259; x_wconf 89' lang='lat' dir='ltr'><strong>consuevit.</strong></span> <span class='ocrx_word' id='word_1_388' title='bbox 1815 1227 1902 1258; x_wconf 91' lang='lat' dir='ltr'><strong>Indi-</strong></span> 
     </span>
    </p>
   </div>
   <div class='ocr_carea' id='block_1_55' title="bbox 1079 1270 1899 1310">
    <p class='ocr_par' dir='ltr' id='par_1_55' title="bbox 1079 1270 1899 1310">
     <span class='ocr_line' id='line_1_55' title="bbox 1079 1270 1899 1310; baseline 0.004 -10"><span class='ocrx_word' id='word_1_389' title='bbox 1079 1270 1144 1309; x_wconf 84' lang='lat' dir='ltr'><strong>gnis</strong></span> <span class='ocrx_word' id='word_1_390' title='bbox 1152 1274 1248 1301; x_wconf 92' lang='lat' dir='ltr'><strong>autem</strong></span> <span class='ocrx_word' id='word_1_391' title='bbox 1262 1276 1369 1310; x_wconf 65' lang='lat' dir='ltr'><strong>praeter</strong></span> <span class='ocrx_word' id='word_1_392' title='bbox 1379 1271 1501 1310; x_wconf 82' lang='lat' dir='ltr'><strong>gratiam</strong></span> <span class='ocrx_word' id='word_1_393' title='bbox 1515 1270 1626 1310; x_wconf 89' lang='lat' dir='ltr'><strong>unitus,</strong></span> <span class='ocrx_word' id='word_1_394' title='bbox 1640 1274 1749 1310; x_wconf 67' lang='lat' dir='ltr'><strong>praeter</strong></span> <span class='ocrx_word' id='word_1_395' title='bbox 1763 1276 1899 1303; x_wconf 91' lang='lat' dir='ltr'><strong>naturam</strong></span> 
     </span>
    </p>
   </div>
   <div class='ocr_carea' id='block_1_56' title="bbox 1076 1314 1899 1356">
    <p class='ocr_par' dir='ltr' id='par_1_56' title="bbox 1076 1314 1899 1356">
     <span class='ocr_line' id='line_1_56' title="bbox 1076 1314 1899 1356; baseline 0.004 -12"><span class='ocrx_word' id='word_1_396' title='bbox 1076 1314 1239 1345; x_wconf 86' lang='lat' dir='ltr'><strong>secundum</strong></span> <span class='ocrx_word' id='word_1_397' title='bbox 1257 1315 1449 1354; x_wconf 89' lang='lat' dir='ltr'><strong>privationem</strong></span> <span class='ocrx_word' id='word_1_398' title='bbox 1466 1315 1553 1355; x_wconf 91' lang='lat' dir='ltr'><strong>hujus</strong></span> <span class='ocrx_word' id='word_1_399' title='bbox 1568 1315 1668 1356; x_wconf 67' lang='lat' dir='ltr'><strong>gratiae</strong></span> <span class='ocrx_word' id='word_1_400' title='bbox 1691 1316 1899 1356; x_wconf 90' lang='lat' dir='ltr'><strong>constitutum,</strong></span> 
     </span>
    </p>
   </div>
   <div class='ocr_carea' id='block_1_57' title="bbox 1076 1357 1901 1400">
    <p class='ocr_par' dir='ltr' id='par_1_57' title="bbox 1076 1357 1901 1400">
     <span class='ocr_line' id='line_1_57' title="bbox 1076 1357 1901 1400; baseline 0.004 -12"><span class='ocrx_word' id='word_1_401' title='bbox 1076 1357 1295 1389; x_wconf 65' lang='lat' dir='ltr'><strong>etineﬂabilem</strong></span> <span class='ocrx_word' id='word_1_402' title='bbox 1317 1358 1450 1389; x_wconf 90' lang='lat' dir='ltr'><strong>dolorem</strong></span> <span class='ocrx_word' id='word_1_403' title='bbox 1466 1359 1564 1389; x_wconf 88' lang='lat' dir='ltr'><strong>facere</strong></span> <span class='ocrx_word' id='word_1_404' title='bbox 1581 1359 1667 1396; x_wconf 88' lang='lat' dir='ltr'><strong>solet,</strong></span> <span class='ocrx_word' id='word_1_405' title='bbox 1684 1364 1716 1390; x_wconf 87' lang='lat' dir='ltr'><strong>ut</strong></span> <span class='ocrx_word' id='word_1_406' title='bbox 1731 1363 1760 1390; x_wconf 88' lang='lat' dir='ltr'><strong>et</strong></span> <span class='ocrx_word' id='word_1_407' title='bbox 1775 1369 1901 1400; x_wconf 80' lang='lat' dir='ltr'><strong>magnus</strong></span> 
     </span>
    </p>
   </div>
   <div class='ocr_carea' id='block_1_58' title="bbox 1076 1402 1899 1445">
    <p class='ocr_par' dir='ltr' id='par_1_58' title="bbox 1076 1402 1899 1445">
     <span class='ocr_line' id='line_1_58' title="bbox 1076 1402 1899 1445; baseline 0.004 -12"><span class='ocrx_word' id='word_1_408' title='bbox 1076 1402 1233 1441; x_wconf 81' lang='lat' dir='ltr'><strong>Gregorius</strong></span> <span class='ocrx_word' id='word_1_409' title='bbox 1242 1402 1407 1442; x_wconf 84' lang='lat' dir='ltr'><strong>Theologus</strong></span> <span class='ocrx_word' id='word_1_410' title='bbox 1416 1403 1470 1434; x_wconf 86' lang='lat' dir='ltr'><strong>ait:</strong></span> <span class='ocrx_word' id='word_1_411' title='bbox 1481 1402 1505 1434; x_wconf 90' lang='grc' dir='ltr'>Ο</span> <span class='ocrx_word' id='word_1_412' title='bbox 1516 1402 1658 1440; x_wconf 89' lang='lat' dir='ltr'><strong>Trinitas,</strong></span> <span class='ocrx_word' id='word_1_413' title='bbox 1668 1405 1899 1445; x_wconf 61' lang='lat' dir='ltr'><strong>quaaliquando</strong></span> 
     </span>
    </p>
   </div>
   <div class='ocr_carea' id='block_1_59' title="bbox 1076 1446 1902 1488">
    <p class='ocr_par' dir='ltr' id='par_1_59' title="bbox 1076 1446 1902 1488">
     <span class='ocr_line' id='line_1_59' title="bbox 1076 1446 1902 1488; baseline 0.005 -12"><span class='ocrx_word' id='word_1_414' title='bbox 1076 1446 1299 1487; x_wconf 91' lang='lat' dir='ltr'><strong>omnibus,aliis</strong></span> <span class='ocrx_word' id='word_1_415' title='bbox 1315 1447 1522 1485; x_wconf 87' lang='lat' dir='ltr'><strong>illustratione,</strong></span> <span class='ocrx_word' id='word_1_416' title='bbox 1537 1448 1603 1478; x_wconf 90' lang='lat' dir='ltr'><strong>aliis</strong></span> <span class='ocrx_word' id='word_1_417' title='bbox 1618 1448 1769 1480; x_wconf 89' lang='lat' dir='ltr'><strong>vocatione</strong></span> <span class='ocrx_word' id='word_1_418' title='bbox 1781 1450 1902 1488; x_wconf 81' lang='lat' dir='ltr'><strong>cognita</strong></span> 
     </span>
    </p>
   </div>
   <div class='ocr_carea' id='block_1_60' title="bbox 1076 1490 1902 1533">
    <p class='ocr_par' dir='ltr' id='par_1_60' title="bbox 1076 1490 1902 1533">
     <span class='ocr_line' id='line_1_60' title="bbox 1076 1490 1902 1533; baseline 0.005 -13"><span class='ocrx_word' id='word_1_419' title='bbox 1076 1490 1167 1520; x_wconf 82' lang='lat' dir='ltr'><strong>fuisti.</strong></span> <span class='ocrx_word' id='word_1_420' title='bbox 1195 1490 1244 1521; x_wconf 92' lang='lat' dir='ltr'><strong>Sic</strong></span> <span class='ocrx_word' id='word_1_421' title='bbox 1259 1491 1346 1530; x_wconf 77' lang='lat' dir='ltr'><strong>igitur</strong></span> <span class='ocrx_word' id='word_1_422' title='bbox 1359 1492 1557 1532; x_wconf 86' lang='lat' dir='ltr'><strong>corporaliter</strong></span> <span class='ocrx_word' id='word_1_423' title='bbox 1571 1492 1603 1522; x_wconf 93' lang='lat' dir='ltr'><strong>in</strong></span> <span class='ocrx_word' id='word_1_424' title='bbox 1619 1491 1780 1533; x_wconf 90' lang='lat' dir='ltr'><strong>Scripturis</strong></span> <span class='ocrx_word' id='word_1_425' title='bbox 1794 1493 1902 1524; x_wconf 92' lang='lat' dir='ltr'><strong>divini-</strong></span> 
     </span>
    </p>
   </div>
   <div class='ocr_carea' id='block_1_61' title="bbox 1077 1534 1902 1577">
    <p class='ocr_par' dir='ltr' id='par_1_61' title="bbox 1077 1534 1902 1577">
     <span class='ocr_line' id='line_1_61' title="bbox 1077 1534 1902 1577; baseline 0.005 -12"><span class='ocrx_word' id='word_1_426' title='bbox 1077 1539 1123 1565; x_wconf 87' lang='lat' dir='ltr'><strong>tus</strong></span> <span class='ocrx_word' id='word_1_427' title='bbox 1139 1534 1289 1575; x_wconf 83' lang='lat' dir='ltr'><strong>inspiratis</strong></span> <span class='ocrx_word' id='word_1_428' title='bbox 1304 1536 1366 1567; x_wconf 58' lang='lat' dir='ltr'><strong>haec</strong></span> <span class='ocrx_word' id='word_1_429' title='bbox 1392 1536 1488 1576; x_wconf 89' lang='lat' dir='ltr'><strong>posita</strong></span> <span class='ocrx_word' id='word_1_430' title='bbox 1515 1536 1632 1574; x_wconf 86' lang='lat' dir='ltr'><strong>inveni,</strong></span> <span class='ocrx_word' id='word_1_431' title='bbox 1663 1542 1693 1569; x_wconf 88' lang='lat' dir='ltr'><strong>et</strong></span> <span class='ocrx_word' id='word_1_432' title='bbox 1705 1538 1902 1577; x_wconf 89' lang='lat' dir='ltr'><strong>spiritualiter</strong></span> 
     </span>
    </p>
   </div>
   <div class='ocr_carea' id='block_1_62' title="bbox 211 1579 1900 1621">
    <p class='ocr_par' dir='ltr' id='par_1_62' title="bbox 211 1579 1900 1621">
     <span class='ocr_line' id='line_1_62' title="bbox 211 1579 1900 1621; baseline 0.002 -11"><span class='ocrx_word' id='word_1_433' title='bbox 211 1588 331 1610; x_wconf 86' lang='lat' dir='ltr'><strong>monem</strong></span> <span class='ocrx_word' id='word_1_434' title='bbox 346 1585 529 1619; x_wconf 75' lang='lat' dir='ltr'><strong>convertam,</strong></span> <span class='ocrx_word' id='word_1_435' title='bbox 547 1588 612 1620; x_wconf 82' lang='lat' dir='ltr'><strong>age,</strong></span> <span class='ocrx_word' id='word_1_436' title='bbox 630 1588 688 1619; x_wconf 91' lang='lat' dir='ltr'><strong>quo</strong></span> <span class='ocrx_word' id='word_1_437' title='bbox 705 1583 788 1619; x_wconf 89' lang='lat' dir='ltr'><strong>pacto</strong></span> <span class='ocrx_word' id='word_1_438' title='bbox 802 1579 887 1617; x_wconf 88' lang='lat' dir='ltr'><strong>dicis,</strong></span> <span class='ocrx_word' id='word_1_439' title='bbox 900 1579 964 1610; x_wconf 65' lang='lat' dir='ltr'><strong>haec</strong></span> <span class='ocrx_word' id='word_1_440' title='bbox 975 1588 1036 1609; x_wconf 91' lang='lat' dir='ltr'><strong>om-</strong></span> <span class='ocrx_word' id='word_1_441' title='bbox 1047 1593 1067 1617; x_wconf 69' lang='grc' dir='ltr'>(ι</span> <span class='ocrx_word' id='word_1_442' title='bbox 1080 1579 1201 1611; x_wconf 86' lang='lat' dir='ltr'><strong>edoctus</strong></span> <span class='ocrx_word' id='word_1_443' title='bbox 1216 1590 1280 1611; x_wconf 90' lang='lat' dir='ltr'><strong>sum</strong></span> <span class='ocrx_word' id='word_1_444' title='bbox 1295 1589 1312 1611; x_wconf 87' lang='lat' dir='ltr'><strong>a</strong></span> <span class='ocrx_word' id='word_1_445' title='bbox 1328 1580 1450 1621; x_wconf 90' lang='lat' dir='ltr'><strong>Spiritu,</strong></span> <span class='ocrx_word' id='word_1_446' title='bbox 1468 1585 1497 1612; x_wconf 87' lang='lat' dir='ltr'><strong>et</strong></span> <span class='ocrx_word' id='word_1_447' title='bbox 1512 1581 1549 1611; x_wconf 88' lang='lat' dir='ltr'><strong>ad</strong></span> <span class='ocrx_word' id='word_1_448' title='bbox 1576 1591 1627 1612; x_wconf 90' lang='lat' dir='ltr'><strong>vos</strong></span> <span class='ocrx_word' id='word_1_449' title='bbox 1644 1581 1731 1621; x_wconf 89' lang='lat' dir='ltr'><strong>plene</strong></span> <span class='ocrx_word' id='word_1_450' title='bbox 1746 1582 1900 1614; x_wconf 85' lang='lat' dir='ltr'><strong>instruen-</strong></span> 
     </span>
    </p>
   </div>
   <div class='ocr_carea' id='block_1_63' title="bbox 210 1622 1038 1663">
    <p class='ocr_par' dir='ltr' id='par_1_63' title="bbox 210 1622 1038 1663">
     <span class='ocr_line' id='line_1_63' title="bbox 210 1622 1038 1663; baseline -0.001 -9"><span class='ocrx_word' id='word_1_451' title='bbox 210 1623 260 1654; x_wconf 90' lang='lat' dir='ltr'><strong>nia</strong></span> <span class='ocrx_word' id='word_1_452' title='bbox 275 1624 356 1663; x_wconf 93' lang='lat' dir='ltr'><strong>novi,</strong></span> <span class='ocrx_word' id='word_1_453' title='bbox 375 1627 405 1654; x_wconf 88' lang='lat' dir='ltr'><strong>et</strong></span> <span class='ocrx_word' id='word_1_454' title='bbox 422 1632 469 1653; x_wconf 89' lang='lat' dir='ltr'><strong>me</strong></span> <span class='ocrx_word' id='word_1_455' title='bbox 495 1623 660 1660; x_wconf 90' lang='lat' dir='ltr'><strong>mortalem,</strong></span> <span class='ocrx_word' id='word_1_456' title='bbox 689 1627 718 1653; x_wconf 89' lang='lat' dir='ltr'><strong>et</strong></span> <span class='ocrx_word' id='word_1_457' title='bbox 742 1622 876 1653; x_wconf 90' lang='lat' dir='ltr'><strong>umbram</strong></span> <span class='ocrx_word' id='word_1_458' title='bbox 893 1631 958 1653; x_wconf 88' lang='lat' dir='ltr'><strong>esse</strong></span> <span class='ocrx_word' id='word_1_459' title='bbox 973 1632 1038 1663; x_wconf 65' lang='lat' dir='ltr'><strong>quas</strong></span> 
     </span>
    </p>
   </div>
   <div class='ocr_carea' id='block_1_64' title="bbox 210 1667 1037 1708">
    <p class='ocr_par' dir='ltr' id='par_1_64' title="bbox 210 1667 1037 1708">
     <span class='ocr_line' id='line_1_64' title="bbox 210 1667 1037 1708; baseline 0 -10"><span class='ocrx_word' id='word_1_460' title='bbox 210 1668 360 1705; x_wconf 86' lang='lat' dir='ltr'><strong>videntur,</strong></span> <span class='ocrx_word' id='word_1_461' title='bbox 377 1671 406 1699; x_wconf 89' lang='lat' dir='ltr'><strong>et</strong></span> <span class='ocrx_word' id='word_1_462' title='bbox 424 1671 548 1698; x_wconf 90' lang='lat' dir='ltr'><strong>mortem</strong></span> <span class='ocrx_word' id='word_1_463' title='bbox 565 1667 767 1708; x_wconf 85' lang='lat' dir='ltr'><strong>improvisam,</strong></span> <span class='ocrx_word' id='word_1_464' title='bbox 790 1671 819 1698; x_wconf 88' lang='lat' dir='ltr'><strong>et</strong></span> <span class='ocrx_word' id='word_1_465' title='bbox 833 1667 956 1706; x_wconf 87' lang='lat' dir='ltr'><strong>gloriam</strong></span> <span class='ocrx_word' id='word_1_466' title='bbox 969 1669 1037 1707; x_wconf 86' lang='lat' dir='ltr'><strong>jus-</strong></span> 
     </span>
    </p>
   </div>
   <div class='ocr_carea' id='block_1_65' title="bbox 211 1712 1038 1752">
    <p class='ocr_par' dir='ltr' id='par_1_65' title="bbox 211 1712 1038 1752">
     <span class='ocr_line' id='line_1_65' title="bbox 211 1712 1038 1752; baseline 0 -9"><span class='ocrx_word' id='word_1_467' title='bbox 211 1717 309 1743; x_wconf 83' lang='lat' dir='ltr'><strong>torum</strong></span> <span class='ocrx_word' id='word_1_468' title='bbox 319 1716 473 1752; x_wconf 77' lang='lat' dir='ltr'><strong>aeternam,</strong></span> <span class='ocrx_word' id='word_1_469' title='bbox 487 1712 726 1744; x_wconf 87' lang='lat' dir='ltr'><strong>etconfnsionem</strong></span> <span class='ocrx_word' id='word_1_470' title='bbox 739 1716 926 1752; x_wconf 88' lang='lat' dir='ltr'><strong>peccatorum</strong></span> <span class='ocrx_word' id='word_1_471' title='bbox 935 1721 1038 1743; x_wconf 89' lang='lat' dir='ltr'><strong>carere</strong></span> 
     </span>
    </p>
   </div>
   <div class='ocr_carea' id='block_1_66' title="bbox 209 1756 1036 1796">
    <p class='ocr_par' dir='ltr' id='par_1_66' title="bbox 209 1756 1036 1796">
     <span class='ocr_line' id='line_1_66' title="bbox 209 1756 1036 1796; baseline -0.001 -9"><span class='ocrx_word' id='word_1_472' title='bbox 209 1756 281 1793; x_wconf 87' lang='lat' dir='ltr'><strong>ﬁne,</strong></span> <span class='ocrx_word' id='word_1_473' title='bbox 298 1761 327 1787; x_wconf 88' lang='lat' dir='ltr'><strong>et</strong></span> <span class='ocrx_word' id='word_1_474' title='bbox 341 1756 461 1787; x_wconf 87' lang='lat' dir='ltr'><strong>interim</strong></span> <span class='ocrx_word' id='word_1_475' title='bbox 488 1757 524 1787; x_wconf 88' lang='lat' dir='ltr'><strong>ab</strong></span> <span class='ocrx_word' id='word_1_476' title='bbox 552 1756 742 1796; x_wconf 89' lang='lat' dir='ltr'><strong>improbitate</strong></span> <span class='ocrx_word' id='word_1_477' title='bbox 770 1765 829 1787; x_wconf 94' lang='lat' dir='ltr'><strong>non</strong></span> <span class='ocrx_word' id='word_1_478' title='bbox 844 1756 964 1787; x_wconf 77' lang='lat' dir='ltr'><strong>desistis</strong></span> <span class='ocrx_word' id='word_1_479' title='bbox 978 1757 990 1787; x_wconf 68' lang='grc' dir='ltr'><strong><em>Υ</em></strong></span> <span class='ocrx_word' id='word_1_480' title='bbox 1005 1757 1036 1788; x_wconf 86' lang='lat' dir='ltr'><strong>Si</strong></span> 
     </span>
    </p>
   </div>
   <div class='ocr_carea' id='block_1_67' title="bbox 211 1800 1034 1841">
    <p class='ocr_par' dir='ltr' id='par_1_67' title="bbox 211 1800 1034 1841">
     <span class='ocr_line' id='line_1_67' title="bbox 211 1800 1034 1841; baseline 0 -10"><span class='ocrx_word' id='word_1_481' title='bbox 211 1800 295 1831; x_wconf 87' lang='lat' dir='ltr'><strong>enim</strong></span> <span class='ocrx_word' id='word_1_482' title='bbox 313 1801 405 1839; x_wconf 86' lang='lat' dir='ltr'><strong>vides,</strong></span> <span class='ocrx_word' id='word_1_483' title='bbox 422 1801 570 1841; x_wconf 90' lang='lat' dir='ltr'><strong>quomodo</strong></span> <span class='ocrx_word' id='word_1_484' title='bbox 601 1805 739 1840; x_wconf 85' lang='lat' dir='ltr'><strong>tanquam</strong></span> <span class='ocrx_word' id='word_1_485' title='bbox 757 1810 853 1831; x_wconf 82' lang='lat' dir='ltr'><strong>caecus</strong></span> <span class='ocrx_word' id='word_1_486' title='bbox 870 1801 1034 1838; x_wconf 80' lang='lat' dir='ltr'><strong>offendens,</strong></span> 
     </span>
    </p>
   </div>
   <div class='ocr_carea' id='block_1_68' title="bbox 209 1845 1035 1885">
    <p class='ocr_par' dir='ltr' id='par_1_68' title="bbox 209 1845 1035 1885">
     <span class='ocr_line' id='line_1_68' title="bbox 209 1845 1035 1885; baseline 0 -10"><span class='ocrx_word' id='word_1_487' title='bbox 209 1847 303 1875; x_wconf 85' lang='lat' dir='ltr'><strong>totum</strong></span> <span class='ocrx_word' id='word_1_488' title='bbox 316 1854 434 1885; x_wconf 85' lang='lat' dir='ltr'><strong>corpus,</strong></span> <span class='ocrx_word' id='word_1_489' title='bbox 447 1849 598 1885; x_wconf 86' lang='lat' dir='ltr'><strong>totamque</strong></span> <span class='ocrx_word' id='word_1_490' title='bbox 609 1847 736 1875; x_wconf 88' lang='lat' dir='ltr'><strong>animam</strong></span> <span class='ocrx_word' id='word_1_491' title='bbox 749 1845 920 1884; x_wconf 81' lang='lat' dir='ltr'><strong>denigratus</strong></span> <span class='ocrx_word' id='word_1_492' title='bbox 931 1846 981 1875; x_wconf 76' lang='lat' dir='ltr'><strong>es?</strong></span> <span class='ocrx_word' id='word_1_493' title='bbox 1004 1845 1035 1875; x_wconf 80' lang='lat' dir='ltr'><strong>Si</strong></span> 
     </span>
    </p>
   </div>
   <div class='ocr_carea' id='block_1_69' title="bbox 209 1888 1033 1929">
    <p class='ocr_par' dir='ltr' id='par_1_69' title="bbox 209 1888 1033 1929">
     <span class='ocr_line' id='line_1_69' title="bbox 209 1888 1033 1929; baseline 0.001 -11"><span class='ocrx_word' id='word_1_494' title='bbox 209 1888 287 1919; x_wconf 87' lang='lat' dir='ltr'><strong>nosti</strong></span> <span class='ocrx_word' id='word_1_495' title='bbox 299 1889 432 1926; x_wconf 85' lang='lat' dir='ltr'><strong>meliora,</strong></span> <span class='ocrx_word' id='word_1_496' title='bbox 444 1889 592 1929; x_wconf 88' lang='lat' dir='ltr'><strong>quomodo</strong></span> <span class='ocrx_word' id='word_1_497' title='bbox 604 1889 688 1929; x_wconf 81' lang='lat' dir='ltr'><strong>quasi</strong></span> <span class='ocrx_word' id='word_1_498' title='bbox 697 1898 802 1928; x_wconf 83' lang='lat' dir='ltr'><strong>expers</strong></span> <span class='ocrx_word' id='word_1_499' title='bbox 811 1898 928 1924; x_wconf 87' lang='lat' dir='ltr'><strong>sensus,</strong></span> <span class='ocrx_word' id='word_1_500' title='bbox 946 1889 1033 1921; x_wconf 89' lang='lat' dir='ltr'><strong>dete-</strong></span> 
     </span>
    </p>
   </div>
   <div class='ocr_carea' id='block_1_70' title="bbox 210 1932 1032 1972">
    <p class='ocr_par' dir='ltr' id='par_1_70' title="bbox 210 1932 1032 1972">
     <span class='ocr_line' id='line_1_70' title="bbox 210 1932 1032 1972; baseline 0.002 -10"><span class='ocrx_word' id='word_1_501' title='bbox 210 1932 290 1962; x_wconf 90' lang='lat' dir='ltr'><strong>riora</strong></span> <span class='ocrx_word' id='word_1_502' title='bbox 304 1933 438 1972; x_wconf 92' lang='lat' dir='ltr'><strong>sequeris</strong></span> <span class='ocrx_word' id='word_1_503' title='bbox 453 1933 468 1962; x_wconf 72' lang='lat'><strong>‘2</strong></span> <span class='ocrx_word' id='word_1_504' title='bbox 498 1933 527 1964; x_wconf 92' lang='lat' dir='ltr'><strong>Si</strong></span> <span class='ocrx_word' id='word_1_505' title='bbox 540 1933 619 1964; x_wconf 89' lang='lat' dir='ltr'><strong>nosti</strong></span> <span class='ocrx_word' id='word_1_506' title='bbox 634 1932 734 1963; x_wconf 86' lang='lat' dir='ltr'><strong>omnia</strong></span> <span class='ocrx_word' id='word_1_507' title='bbox 759 1942 825 1964; x_wconf 88' lang='lat' dir='ltr'><strong>esse</strong></span> <span class='ocrx_word' id='word_1_508' title='bbox 841 1933 987 1970; x_wconf 88' lang='lat' dir='ltr'><strong>umbram,</strong></span> <span class='ocrx_word' id='word_1_509' title='bbox 1003 1937 1032 1964; x_wconf 89' lang='lat' dir='ltr'><strong>et</strong></span> 
     </span>
    </p>
   </div>
   <div class='ocr_carea' id='block_1_71' title="bbox 209 1976 1031 2016">
    <p class='ocr_par' dir='ltr' id='par_1_71' title="bbox 209 1976 1031 2016">
     <span class='ocr_line' id='line_1_71' title="bbox 209 1976 1031 2016; baseline 0.002 -10"><span class='ocrx_word' id='word_1_510' title='bbox 209 1976 311 2006; x_wconf 91' lang='lat' dir='ltr'><strong>omnia</strong></span> <span class='ocrx_word' id='word_1_511' title='bbox 340 1977 493 2016; x_wconf 64' lang='lat' dir='ltr'><strong>praeterire</strong></span> <span class='ocrx_word' id='word_1_512' title='bbox 524 1986 590 2016; x_wconf 82' lang='lat' dir='ltr'><strong>quae</strong></span> <span class='ocrx_word' id='word_1_513' title='bbox 612 1976 760 2012; x_wconf 86' lang='lat' dir='ltr'><strong>videntur,</strong></span> <span class='ocrx_word' id='word_1_514' title='bbox 791 1987 849 2007; x_wconf 94' lang='lat' dir='ltr'><strong>non</strong></span> <span class='ocrx_word' id='word_1_515' title='bbox 879 1977 1031 2008; x_wconf 89' lang='lat' dir='ltr'><strong>erubescis</strong></span> 
     </span>
    </p>
   </div>
   <div class='ocr_carea' id='block_1_72' title="bbox 209 2020 1030 2060">
    <p class='ocr_par' dir='ltr' id='par_1_72' title="bbox 209 2020 1030 2060">
     <span class='ocr_line' id='line_1_72' title="bbox 209 2020 1030 2060; baseline 0.002 -10"><span class='ocrx_word' id='word_1_516' title='bbox 209 2028 276 2051; x_wconf 90' lang='lat' dir='ltr'><strong>cum</strong></span> <span class='ocrx_word' id='word_1_517' title='bbox 291 2021 397 2051; x_wconf 91' lang='lat' dir='ltr'><strong>umbra</strong></span> <span class='ocrx_word' id='word_1_518' title='bbox 422 2020 586 2058; x_wconf 88' lang='lat' dir='ltr'><strong>colludere,</strong></span> <span class='ocrx_word' id='word_1_519' title='bbox 617 2025 646 2051; x_wconf 83' lang='lat' dir='ltr'><strong>et</strong></span> <span class='ocrx_word' id='word_1_520' title='bbox 674 2021 793 2052; x_wconf 87' lang='lat' dir='ltr'><strong>ﬂuentia</strong></span> <span class='ocrx_word' id='word_1_521' title='bbox 820 2030 873 2060; x_wconf 87' lang='lat' dir='ltr'><strong>pro</strong></span> <span class='ocrx_word' id='word_1_522' title='bbox 889 2022 1030 2052; x_wconf 85' lang='lat' dir='ltr'><strong>thesauro</strong></span> 
     </span>
    </p>
   </div>
   <div class='ocr_carea' id='block_1_73' title="bbox 210 2064 1030 2106">
    <p class='ocr_par' dir='ltr' id='par_1_73' title="bbox 210 2064 1030 2106">
     <span class='ocr_line' id='line_1_73' title="bbox 210 2064 1030 2106; baseline 0.001 -11"><span class='ocrx_word' id='word_1_523' title='bbox 210 2064 379 2104; x_wconf 80' lang='lat' dir='ltr'><strong>colligere?</strong></span> <span class='ocrx_word' id='word_1_524' title='bbox 406 2074 465 2096; x_wconf 92' lang='lat' dir='ltr'><strong>non</strong></span> <span class='ocrx_word' id='word_1_525' title='bbox 495 2065 622 2096; x_wconf 88' lang='lat' dir='ltr'><strong>advertis</strong></span> <span class='ocrx_word' id='word_1_526' title='bbox 652 2070 692 2102; x_wconf 89' lang='lat' dir='ltr'><strong>te,</strong></span> <span class='ocrx_word' id='word_1_527' title='bbox 719 2070 750 2096; x_wconf 89' lang='lat' dir='ltr'><strong>ut</strong></span> <span class='ocrx_word' id='word_1_528' title='bbox 768 2075 906 2106; x_wconf 88' lang='lat' dir='ltr'><strong>puerum,</strong></span> <span class='ocrx_word' id='word_1_529' title='bbox 925 2066 955 2096; x_wconf 92' lang='lat' dir='ltr'><strong>in</strong></span> <span class='ocrx_word' id='word_1_530' title='bbox 981 2075 1030 2096; x_wconf 91' lang='lat' dir='ltr'><strong>vas</strong></span> 
     </span>
    </p>
   </div>
   <div class='ocr_carea' id='block_1_74' title="bbox 210 2108 1029 2150">
    <p class='ocr_par' dir='ltr' id='par_1_74' title="bbox 210 2108 1029 2150">
     <span class='ocr_line' id='line_1_74' title="bbox 210 2108 1029 2150; baseline 0.002 -12"><span class='ocrx_word' id='word_1_531' title='bbox 210 2108 392 2139; x_wconf 82' lang='lat' dir='ltr'><strong>confractum</strong></span> <span class='ocrx_word' id='word_1_532' title='bbox 402 2109 543 2141; x_wconf 87' lang='lat' dir='ltr'><strong>haurire!</strong></span> <span class='ocrx_word' id='word_1_533' title='bbox 563 2114 592 2140; x_wconf 89' lang='lat' dir='ltr'><strong>et</strong></span> <span class='ocrx_word' id='word_1_534' title='bbox 604 2114 630 2140; x_wconf 86' lang='lat' dir='ltr'><strong>te</strong></span> <span class='ocrx_word' id='word_1_535' title='bbox 643 2114 727 2150; x_wconf 89' lang='lat' dir='ltr'><strong>putas</strong></span> <span class='ocrx_word' id='word_1_536' title='bbox 739 2110 792 2140; x_wconf 89' lang='lat' dir='ltr'><strong>tibi</strong></span> <span class='ocrx_word' id='word_1_537' title='bbox 806 2110 1029 2140; x_wconf 89' lang='lat' dir='ltr'><strong>amicissimum.</strong></span> 
     </span>
    </p>
   </div>
   <div class='ocr_carea' id='block_1_75' title="bbox 209 2151 1033 2194">
    <p class='ocr_par' dir='ltr' id='par_1_75' title="bbox 209 2151 1033 2194">
     <span class='ocr_line' id='line_1_75' title="bbox 209 2151 1033 2194; baseline 0.004 -12"><span class='ocrx_word' id='word_1_538' title='bbox 209 2151 428 2184; x_wconf 86' lang='lat' dir='ltr'><strong>Perabsurdum</strong></span> <span class='ocrx_word' id='word_1_539' title='bbox 444 2163 515 2184; x_wconf 89' lang='lat' dir='ltr'><strong>sane</strong></span> <span class='ocrx_word' id='word_1_540' title='bbox 530 2159 560 2184; x_wconf 88' lang='lat' dir='ltr'><strong>et</strong></span> <span class='ocrx_word' id='word_1_541' title='bbox 586 2163 675 2193; x_wconf 81' lang='lat' dir='ltr'><strong>grave</strong></span> <span class='ocrx_word' id='word_1_542' title='bbox 705 2158 760 2191; x_wconf 89' lang='lat' dir='ltr'><strong>est,</strong></span> <span class='ocrx_word' id='word_1_543' title='bbox 792 2159 907 2194; x_wconf 89' lang='lat' dir='ltr'><strong>putare,</strong></span> <span class='ocrx_word' id='word_1_544' title='bbox 925 2159 953 2185; x_wconf 87' lang='lat' dir='ltr'><strong>et</strong></span> <span class='ocrx_word' id='word_1_545' title='bbox 968 2155 1033 2185; x_wconf 83' lang='lat' dir='ltr'><strong>exi-</strong></span> 
     </span>
    </p>
   </div>
   <div class='ocr_carea' id='block_1_76' title="bbox 210 2195 454 2234">
    <p class='ocr_par' dir='ltr' id='par_1_76' title="bbox 210 2195 454 2234">
     <span class='ocr_line' id='line_1_76' title="bbox 210 2195 454 2234; baseline 0.008 -8"><span class='ocrx_word' id='word_1_546' title='bbox 210 2195 332 2228; x_wconf 84' lang='lat' dir='ltr'><strong>stimare</strong></span> <span class='ocrx_word' id='word_1_547' title='bbox 349 2207 357 2234; x_wconf 88' lang='lat'><strong>;</strong></span> <span class='ocrx_word' id='word_1_548' title='bbox 387 2207 454 2228; x_wconf 91' lang='lat' dir='ltr'><strong>nam</strong></span> 
     </span>
    </p>
   </div>
   <div class='ocr_carea' id='block_1_77' title="bbox 209 2239 1032 2282">
    <p class='ocr_par' dir='ltr' id='par_1_77' title="bbox 209 2239 1032 2282">
     <span class='ocr_line' id='line_1_77' title="bbox 209 2239 1032 2282; baseline 0.002 -11"><span class='ocrx_word' id='word_1_549' title='bbox 209 2240 323 2272; x_wconf 89' lang='lat' dir='ltr'><strong>credin’</strong></span> <span class='ocrx_word' id='word_1_550' title='bbox 340 2239 489 2273; x_wconf 88' lang='lat' dir='ltr'><strong>Christum</strong></span> <span class='ocrx_word' id='word_1_551' title='bbox 506 2251 571 2273; x_wconf 91' lang='lat' dir='ltr'><strong>esse</strong></span> <span class='ocrx_word' id='word_1_552' title='bbox 586 2241 705 2272; x_wconf 80' lang='lat' dir='ltr'><strong>Deum?</strong></span> <span class='ocrx_word' id='word_1_553' title='bbox 731 2241 762 2272; x_wconf 91' lang='lat' dir='ltr'><strong>Si</strong></span> <span class='ocrx_word' id='word_1_554' title='bbox 777 2243 886 2278; x_wconf 88' lang='lat' dir='ltr'><strong>credis,</strong></span> <span class='ocrx_word' id='word_1_555' title='bbox 905 2242 988 2282; x_wconf 89' lang='lat' dir='ltr'><strong>time,</strong></span> <span class='ocrx_word' id='word_1_556' title='bbox 1004 2247 1032 2273; x_wconf 88' lang='lat' dir='ltr'><strong>et</strong></span> 
     </span>
    </p>
   </div>
   <div class='ocr_carea' id='block_1_78' title="bbox 210 2284 1031 2325">
    <p class='ocr_par' dir='ltr' id='par_1_78' title="bbox 210 2284 1031 2325">
     <span class='ocr_line' id='line_1_78' title="bbox 210 2284 1031 2325; baseline 0.004 -11"><span class='ocrx_word' id='word_1_557' title='bbox 210 2284 348 2315; x_wconf 87' lang='lat' dir='ltr'><strong>mandata</strong></span> <span class='ocrx_word' id='word_1_558' title='bbox 371 2285 435 2325; x_wconf 83' lang='lat' dir='ltr'><strong>ejus</strong></span> <span class='ocrx_word' id='word_1_559' title='bbox 463 2294 558 2317; x_wconf 89' lang='lat' dir='ltr'><strong>serva.</strong></span> <span class='ocrx_word' id='word_1_560' title='bbox 589 2285 620 2317; x_wconf 92' lang='lat' dir='ltr'><strong>Si</strong></span> <span class='ocrx_word' id='word_1_561' title='bbox 649 2295 709 2316; x_wconf 94' lang='lat' dir='ltr'><strong>non</strong></span> <span class='ocrx_word' id='word_1_562' title='bbox 737 2286 846 2323; x_wconf 91' lang='lat' dir='ltr'><strong>credis,</strong></span> <span class='ocrx_word' id='word_1_563' title='bbox 877 2291 906 2317; x_wconf 87' lang='lat' dir='ltr'><strong>at</strong></span> <span class='ocrx_word' id='word_1_564' title='bbox 929 2286 1031 2317; x_wconf 86' lang='lat' dir='ltr'><strong>saltem</strong></span> 
     </span>
    </p>
   </div>
   <div class='ocr_carea' id='block_1_79' title="bbox 209 2328 1031 2370">
    <p class='ocr_par' dir='ltr' id='par_1_79' title="bbox 209 2328 1031 2370">
     <span class='ocr_line' id='line_1_79' title="bbox 209 2328 1031 2370; baseline 0.004 -11"><span class='ocrx_word' id='word_1_565' title='bbox 209 2328 361 2359; x_wconf 73' lang='lat' dir='ltr'><strong>daemones</strong></span> <span class='ocrx_word' id='word_1_566' title='bbox 375 2329 468 2369; x_wconf 88' lang='lat' dir='ltr'><strong>ipsos,</strong></span> <span class='ocrx_word' id='word_1_567' title='bbox 485 2339 559 2370; x_wconf 91' lang='lat' dir='ltr'><strong>quos</strong></span> <span class='ocrx_word' id='word_1_568' title='bbox 572 2330 694 2361; x_wconf 85' lang='lat' dir='ltr'><strong>forsitan</strong></span> <span class='ocrx_word' id='word_1_569' title='bbox 725 2330 782 2361; x_wconf 85' lang='lat' dir='ltr'><strong>ﬁde</strong></span> <span class='ocrx_word' id='word_1_570' title='bbox 797 2330 952 2369; x_wconf 80' lang='lat' dir='ltr'><strong>digniores</strong></span> <span class='ocrx_word' id='word_1_571' title='bbox 967 2331 1031 2362; x_wconf 82' lang='lat' dir='ltr'><strong>exi-</strong></span> 
     </span>
    </p>
   </div>
   <div class='ocr_carea' id='block_1_80' title="bbox 209 2373 1030 2414">
    <p class='ocr_par' dir='ltr' id='par_1_80' title="bbox 209 2373 1030 2414">
     <span class='ocr_line' id='line_1_80' title="bbox 209 2373 1030 2414; baseline 0.002 -11"><span class='ocrx_word' id='word_1_572' title='bbox 209 2373 324 2411; x_wconf 85' lang='lat' dir='ltr'><strong>stimas,</strong></span> <span class='ocrx_word' id='word_1_573' title='bbox 336 2373 494 2413; x_wconf 77' lang='lat' dir='ltr'><strong>interroga.</strong></span> <span class='ocrx_word' id='word_1_574' title='bbox 509 2374 596 2405; x_wconf 92' lang='lat' dir='ltr'><strong>Disce</strong></span> <span class='ocrx_word' id='word_1_575' title='bbox 607 2375 644 2405; x_wconf 91' lang='lat' dir='ltr'><strong>ab</strong></span> <span class='ocrx_word' id='word_1_576' title='bbox 666 2374 715 2412; x_wconf 91' lang='lat' dir='ltr'><strong>iis,</strong></span> <span class='ocrx_word' id='word_1_577' title='bbox 732 2384 748 2405; x_wconf 91' lang='lat' dir='ltr'><strong>a</strong></span> <span class='ocrx_word' id='word_1_578' title='bbox 766 2375 875 2414; x_wconf 90' lang='lat' dir='ltr'><strong>quibus</strong></span> <span class='ocrx_word' id='word_1_579' title='bbox 890 2375 920 2405; x_wconf 93' lang='lat' dir='ltr'><strong>in</strong></span> <span class='ocrx_word' id='word_1_580' title='bbox 935 2376 1030 2405; x_wconf 88' lang='lat' dir='ltr'><strong>servi-</strong></span> 
     </span>
    </p>
   </div>
   <div class='ocr_carea' id='block_1_81' title="bbox 210 2418 1031 2459">
    <p class='ocr_par' dir='ltr' id='par_1_81' title="bbox 210 2418 1031 2459">
     <span class='ocr_line' id='line_1_81' title="bbox 210 2418 1031 2459; baseline 0.001 -11"><span class='ocrx_word' id='word_1_581' title='bbox 210 2421 305 2448; x_wconf 85' lang='lat' dir='ltr'><strong>tutem</strong></span> <span class='ocrx_word' id='word_1_582' title='bbox 321 2418 459 2449; x_wconf 88' lang='lat' dir='ltr'><strong>redactus</strong></span> <span class='ocrx_word' id='word_1_583' title='bbox 489 2427 532 2456; x_wconf 90' lang='lat' dir='ltr'><strong>es,</strong></span> <span class='ocrx_word' id='word_1_584' title='bbox 563 2423 593 2449; x_wconf 86' lang='lat' dir='ltr'><strong>et</strong></span> <span class='ocrx_word' id='word_1_585' title='bbox 621 2427 694 2458; x_wconf 91' lang='lat' dir='ltr'><strong>quos</strong></span> <span class='ocrx_word' id='word_1_586' title='bbox 723 2418 872 2458; x_wconf 82' lang='lat' dir='ltr'><strong>sequeris,</strong></span> <span class='ocrx_word' id='word_1_587' title='bbox 890 2419 1031 2459; x_wconf 88' lang='lat' dir='ltr'><strong>quoniam</strong></span> 
     </span>
    </p>
   </div>
   <div class='ocr_carea' id='block_1_82' title="bbox 210 2462 1033 2501">
    <p class='ocr_par' dir='ltr' id='par_1_82' title="bbox 210 2462 1033 2501">
     <span class='ocr_line' id='line_1_82' title="bbox 210 2462 1033 2501; baseline 0.001 -9"><span class='ocrx_word' id='word_1_588' title='bbox 210 2469 270 2491; x_wconf 91' lang='lat' dir='ltr'><strong>non</strong></span> <span class='ocrx_word' id='word_1_589' title='bbox 294 2465 338 2492; x_wconf 85' lang='lat' dir='ltr'><strong>est</strong></span> <span class='ocrx_word' id='word_1_590' title='bbox 365 2462 442 2492; x_wconf 85' lang='lat' dir='ltr'><strong>alius</strong></span> <span class='ocrx_word' id='word_1_591' title='bbox 455 2462 533 2493; x_wconf 88' lang='lat' dir='ltr'><strong>Deus</strong></span> <span class='ocrx_word' id='word_1_592' title='bbox 549 2466 656 2501; x_wconf 75' lang='lat' dir='ltr'><strong>praeter</strong></span> <span class='ocrx_word' id='word_1_593' title='bbox 669 2462 764 2499; x_wconf 87' lang='lat' dir='ltr'><strong>illum,</strong></span> <span class='ocrx_word' id='word_1_594' title='bbox 783 2462 830 2493; x_wconf 92' lang='lat' dir='ltr'><strong>cui</strong></span> <span class='ocrx_word' id='word_1_595' title='bbox 847 2463 944 2494; x_wconf 88' lang='lat' dir='ltr'><strong>nullus</strong></span> <span class='ocrx_word' id='word_1_596' title='bbox 959 2463 1033 2493; x_wconf 90' lang='lat' dir='ltr'><strong>assi-</strong></span> 
     </span>
    </p>
   </div>
   <div class='ocr_carea' id='block_1_83' title="bbox 211 2505 1031 2546">
    <p class='ocr_par' dir='ltr' id='par_1_83' title="bbox 211 2505 1031 2546">
     <span class='ocr_line' id='line_1_83' title="bbox 211 2505 1031 2546; baseline 0.002 -11"><span class='ocrx_word' id='word_1_597' title='bbox 211 2505 341 2544; x_wconf 87' lang='lat' dir='ltr'><strong>milatur,</strong></span> <span class='ocrx_word' id='word_1_598' title='bbox 371 2515 427 2537; x_wconf 90' lang='lat' dir='ltr'><strong>nec</strong></span> <span class='ocrx_word' id='word_1_599' title='bbox 457 2506 623 2546; x_wconf 89' lang='lat' dir='ltr'><strong>comparari</strong></span> <span class='ocrx_word' id='word_1_600' title='bbox 650 2510 762 2546; x_wconf 86' lang='lat' dir='ltr'><strong>potest,</strong></span> <span class='ocrx_word' id='word_1_601' title='bbox 791 2507 922 2537; x_wconf 90' lang='lat' dir='ltr'><strong>omnium</strong></span> <span class='ocrx_word' id='word_1_602' title='bbox 953 2507 1031 2537; x_wconf 90' lang='lat' dir='ltr'><strong>enim</strong></span> 
     </span>
    </p>
   </div>
   <div class='ocr_carea' id='block_1_84' title="bbox 209 2549 1029 2590">
    <p class='ocr_par' dir='ltr' id='par_1_84' title="bbox 209 2549 1029 2590">
     <span class='ocr_line' id='line_1_84' title="bbox 209 2549 1029 2590; baseline 0.004 -11"><span class='ocrx_word' id='word_1_603' title='bbox 209 2549 355 2581; x_wconf 91' lang='lat' dir='ltr'><strong>Dominus</strong></span> <span class='ocrx_word' id='word_1_604' title='bbox 372 2551 433 2590; x_wconf 88' lang='lat' dir='ltr'><strong>ipse</strong></span> <span class='ocrx_word' id='word_1_605' title='bbox 451 2555 507 2589; x_wconf 90' lang='lat' dir='ltr'><strong>est,</strong></span> <span class='ocrx_word' id='word_1_606' title='bbox 537 2550 669 2582; x_wconf 92' lang='lat' dir='ltr'><strong>omnium</strong></span> <span class='ocrx_word' id='word_1_607' title='bbox 701 2560 762 2588; x_wconf 83' lang='lat' dir='ltr'><strong>rex,</strong></span> <span class='ocrx_word' id='word_1_608' title='bbox 793 2551 929 2582; x_wconf 91' lang='lat' dir='ltr'><strong>conditor</strong></span> <span class='ocrx_word' id='word_1_609' title='bbox 943 2551 1029 2589; x_wconf 85' lang='lat' dir='ltr'><strong>lucis,</strong></span> 
     </span>
    </p>
   </div>
   <div class='ocr_carea' id='block_1_85' title="bbox 209 2593 1030 2635">
    <p class='ocr_par' dir='ltr' id='par_1_85' title="bbox 209 2593 1030 2635">
     <span class='ocr_line' id='line_1_85' title="bbox 209 2593 1030 2635; baseline 0.004 -12"><span class='ocrx_word' id='word_1_610' title='bbox 209 2597 239 2624; x_wconf 90' lang='lat' dir='ltr'><strong>et</strong></span> <span class='ocrx_word' id='word_1_611' title='bbox 253 2593 320 2624; x_wconf 75' lang='lat' dir='ltr'><strong>vitae</strong></span> <span class='ocrx_word' id='word_1_612' title='bbox 334 2594 455 2625; x_wconf 88' lang='lat' dir='ltr'><strong>arbiter.</strong></span> <span class='ocrx_word' id='word_1_613' title='bbox 481 2595 547 2635; x_wconf 89' lang='lat' dir='ltr'><strong>Ipse</strong></span> <span class='ocrx_word' id='word_1_614' title='bbox 573 2595 675 2626; x_wconf 94' lang='lat' dir='ltr'><strong>lumen</strong></span> <span class='ocrx_word' id='word_1_615' title='bbox 703 2594 777 2625; x_wconf 90' lang='lat' dir='ltr'><strong>illud</strong></span> <span class='ocrx_word' id='word_1_616' title='bbox 803 2595 964 2633; x_wconf 74' lang='lat' dir='ltr'><strong>ineffabile,</strong></span> <span class='ocrx_word' id='word_1_617' title='bbox 981 2596 1030 2627; x_wconf 90' lang='lat' dir='ltr'><strong>in-</strong></span> 
     </span>
    </p>
   </div>
   <div class='ocr_carea' id='block_1_86' title="bbox 207 2638 1030 2679">
    <p class='ocr_par' dir='ltr' id='par_1_86' title="bbox 207 2638 1030 2679">
     <span class='ocr_line' id='line_1_86' title="bbox 207 2638 1030 2679; baseline 0.002 -10"><span class='ocrx_word' id='word_1_618' title='bbox 207 2638 393 2676; x_wconf 86' lang='lat' dir='ltr'><strong>accessibile,</strong></span> <span class='ocrx_word' id='word_1_619' title='bbox 423 2638 474 2678; x_wconf 93' lang='lat' dir='ltr'><strong>qui</strong></span> <span class='ocrx_word' id='word_1_620' title='bbox 514 2639 595 2670; x_wconf 85' lang='lat' dir='ltr'><strong>solus</strong></span> <span class='ocrx_word' id='word_1_621' title='bbox 637 2642 691 2670; x_wconf 88' lang='lat' dir='ltr'><strong>est.</strong></span> <span class='ocrx_word' id='word_1_622' title='bbox 736 2638 804 2679; x_wconf 87' lang='lat' dir='ltr'><strong>Ipse</strong></span> <span class='ocrx_word' id='word_1_623' title='bbox 843 2639 874 2670; x_wconf 91' lang='lat' dir='ltr'><strong>in</strong></span> <span class='ocrx_word' id='word_1_624' title='bbox 903 2640 1030 2672; x_wconf 89' lang='lat' dir='ltr'><strong>adventu</strong></span> 
     </span>
    </p>
   </div>
   <div class='ocr_carea' id='block_1_87' title="bbox 208 2682 1029 2724">
    <p class='ocr_par' dir='ltr' id='par_1_87' title="bbox 208 2682 1029 2724">
     <span class='ocr_line' id='line_1_87' title="bbox 208 2682 1029 2724; baseline 0.002 -11"><span class='ocrx_word' id='word_1_625' title='bbox 208 2691 262 2714; x_wconf 88' lang='lat' dir='ltr'><strong>suo</strong></span> <span class='ocrx_word' id='word_1_626' title='bbox 293 2682 449 2724; x_wconf 86' lang='lat' dir='ltr'><strong>dissipabit</strong></span> <span class='ocrx_word' id='word_1_627' title='bbox 475 2692 492 2714; x_wconf 89' lang='lat' dir='ltr'><strong>a</strong></span> <span class='ocrx_word' id='word_1_628' title='bbox 519 2683 595 2714; x_wconf 87' lang='lat' dir='ltr'><strong>facie</strong></span> <span class='ocrx_word' id='word_1_629' title='bbox 619 2693 673 2714; x_wconf 88' lang='lat' dir='ltr'><strong>sua</strong></span> <span class='ocrx_word' id='word_1_630' title='bbox 711 2682 849 2714; x_wconf 91' lang='lat' dir='ltr'><strong>inimicos</strong></span> <span class='ocrx_word' id='word_1_631' title='bbox 876 2693 958 2721; x_wconf 89' lang='lat' dir='ltr'><strong>suos,</strong></span> <span class='ocrx_word' id='word_1_632' title='bbox 1000 2689 1029 2715; x_wconf 89' lang='lat' dir='ltr'><strong>et</strong></span> 
     </span>
    </p>
   </div>
   <div class='ocr_carea' id='block_1_88' title="bbox 208 2726 1027 2768">
    <p class='ocr_par' dir='ltr' id='par_1_88' title="bbox 208 2726 1027 2768">
     <span class='ocr_line' id='line_1_88' title="bbox 208 2726 1027 2768; baseline 0.004 -11"><span class='ocrx_word' id='word_1_633' title='bbox 208 2726 260 2766; x_wconf 87' lang='lat' dir='ltr'><strong>qui</strong></span> <span class='ocrx_word' id='word_1_634' title='bbox 287 2735 346 2758; x_wconf 89' lang='lat' dir='ltr'><strong>non</strong></span> <span class='ocrx_word' id='word_1_635' title='bbox 375 2727 570 2759; x_wconf 89' lang='lat' dir='ltr'><strong>obediverunt</strong></span> <span class='ocrx_word' id='word_1_636' title='bbox 597 2726 745 2759; x_wconf 85' lang='lat' dir='ltr'><strong>mandatis</strong></span> <span class='ocrx_word' id='word_1_637' title='bbox 773 2729 851 2767; x_wconf 89' lang='lat' dir='ltr'><strong>ejus,</strong></span> <span class='ocrx_word' id='word_1_638' title='bbox 879 2729 1027 2768; x_wconf 91' lang='lat' dir='ltr'><strong>quomodo</strong></span> 
     </span>
    </p>
   </div>
   <div class='ocr_carea' id='block_1_89' title="bbox 249 2816 970 2857">
    <p class='ocr_par' dir='ltr' id='par_1_89' title="bbox 249 2816 970 2857">
     <span class='ocr_line' id='line_1_89' title="bbox 249 2816 970 2857; baseline 0.003 -9"><span class='ocrx_word' id='word_1_639' title='bbox 249 2816 280 2842; x_wconf 72' lang='grc' dir='ltr'><strong>ιθ</strong></span> <span class='ocrx_word' id='word_1_640' title='bbox 294 2816 352 2849; x_wconf 83' lang='lat' dir='ltr'><strong>Tit.</strong></span> <span class='ocrx_word' id='word_1_641' title='bbox 368 2825 389 2856; x_wconf 83' lang='grc' dir='ltr'><strong>ι,</strong></span> <span class='ocrx_word' id='word_1_642' title='bbox 409 2817 460 2850; x_wconf 80' lang='grc'><strong>16.</strong></span> <span class='ocrx_word' id='word_1_643' title='bbox 500 2818 529 2842; x_wconf 81' lang='grc'>¹⁷</span> <span class='ocrx_word' id='word_1_644' title='bbox 543 2817 557 2849; x_wconf 93' lang='grc' dir='ltr'><strong>Ι</strong></span> <span class='ocrx_word' id='word_1_645' title='bbox 570 2817 656 2850; x_wconf 88' lang='lat' dir='ltr'><strong>Joan.</strong></span> <span class='ocrx_word' id='word_1_646' title='bbox 672 2826 714 2857; x_wconf 83' lang='lat' dir='ltr'><strong>ut,</strong></span> <span class='ocrx_word' id='word_1_647' title='bbox 732 2818 762 2849; x_wconf 84' lang='lat'><strong>6.</strong></span> <span class='ocrx_word' id='word_1_648' title='bbox 805 2818 834 2843; x_wconf 79' lang='grc'><strong>¹8</strong></span> <span class='ocrx_word' id='word_1_649' title='bbox 848 2817 924 2851; x_wconf 87' lang='lat' dir='ltr'><strong>Ibid.</strong></span> <span class='ocrx_word' id='word_1_650' title='bbox 941 2819 970 2850; x_wconf 93' lang='lat'><strong>8.</strong></span> 
     </span>
    </p>
   </div>
   <div class='ocr_carea' id='block_1_90' title="bbox 1079 1623 1901 1668">
    <p class='ocr_par' dir='ltr' id='par_1_90' title="bbox 1079 1623 1901 1668">
     <span class='ocr_line' id='line_1_90' title="bbox 1079 1623 1901 1668; baseline 0.005 -14"><span class='ocrx_word' id='word_1_651' title='bbox 1079 1623 1132 1654; x_wconf 94' lang='lat' dir='ltr'><strong>dos</strong></span> <span class='ocrx_word' id='word_1_652' title='bbox 1146 1633 1182 1655; x_wconf 87' lang='lat' dir='ltr'><strong>ex</strong></span> <span class='ocrx_word' id='word_1_653' title='bbox 1198 1625 1289 1656; x_wconf 90' lang='lat' dir='ltr'><strong>multa</strong></span> <span class='ocrx_word' id='word_1_654' title='bbox 1311 1625 1465 1661; x_wconf 89' lang='lat' dir='ltr'><strong>charitate,</strong></span> <span class='ocrx_word' id='word_1_655' title='bbox 1492 1625 1565 1656; x_wconf 90' lang='lat' dir='ltr'><strong>nihil</strong></span> <span class='ocrx_word' id='word_1_656' title='bbox 1597 1625 1775 1658; x_wconf 90' lang='lat' dir='ltr'><strong>subtrahens</strong></span> <span class='ocrx_word' id='word_1_657' title='bbox 1790 1628 1901 1668; x_wconf 90' lang='lat' dir='ltr'><strong>scripsi</strong></span> 
     </span>
    </p>
   </div>
   <div class='ocr_carea' id='block_1_91' title="bbox 1080 1668 1899 1710">
    <p class='ocr_par' dir='ltr' id='par_1_91' title="bbox 1080 1668 1899 1710">
     <span class='ocr_line' id='line_1_91' title="bbox 1080 1668 1899 1710; baseline 0.005 -11"><span class='ocrx_word' id='word_1_658' title='bbox 1080 1668 1157 1700; x_wconf 90' lang='lat' dir='ltr'><strong>dicta</strong></span> <span class='ocrx_word' id='word_1_659' title='bbox 1173 1670 1257 1707; x_wconf 92' lang='lat' dir='ltr'><strong>mihi,</strong></span> <span class='ocrx_word' id='word_1_660' title='bbox 1268 1673 1297 1701; x_wconf 87' lang='lat' dir='ltr'><strong>et</strong></span> <span class='ocrx_word' id='word_1_661' title='bbox 1308 1670 1468 1710; x_wconf 88' lang='lat' dir='ltr'><strong>declarata,</strong></span> <span class='ocrx_word' id='word_1_662' title='bbox 1485 1674 1514 1700; x_wconf 88' lang='lat' dir='ltr'><strong>et</strong></span> <span class='ocrx_word' id='word_1_663' title='bbox 1524 1671 1610 1710; x_wconf 89' lang='lat' dir='ltr'><strong>jussa</strong></span> <span class='ocrx_word' id='word_1_664' title='bbox 1624 1680 1642 1701; x_wconf 75' lang='grc' dir='ltr'><strong><em>ει</em></strong></span> <span class='ocrx_word' id='word_1_665' title='bbox 1657 1671 1783 1702; x_wconf 90' lang='lat' dir='ltr'><strong>Domino</strong></span> <span class='ocrx_word' id='word_1_666' title='bbox 1795 1677 1899 1703; x_wconf 84' lang='lat' dir='ltr'><strong>nostro</strong></span> 
     </span>
    </p>
   </div>
   <div class='ocr_carea' id='block_1_92' title="bbox 1077 1712 1900 1756">
    <p class='ocr_par' dir='ltr' id='par_1_92' title="bbox 1077 1712 1900 1756">
     <span class='ocr_line' id='line_1_92' title="bbox 1077 1712 1900 1756; baseline 0.005 -13"><span class='ocrx_word' id='word_1_667' title='bbox 1077 1712 1148 1744; x_wconf 88' lang='lat' dir='ltr'><strong>Jesu</strong></span> <span class='ocrx_word' id='word_1_668' title='bbox 1163 1714 1291 1752; x_wconf 88' lang='lat' dir='ltr'><strong>Christo,</strong></span> <span class='ocrx_word' id='word_1_669' title='bbox 1319 1723 1372 1754; x_wconf 89' lang='lat' dir='ltr'><strong>per</strong></span> <span class='ocrx_word' id='word_1_670' title='bbox 1400 1715 1586 1746; x_wconf 87' lang='lat' dir='ltr'><strong>adorandum</strong></span> <span class='ocrx_word' id='word_1_671' title='bbox 1617 1719 1646 1746; x_wconf 90' lang='lat' dir='ltr'><strong>et</strong></span> <span class='ocrx_word' id='word_1_672' title='bbox 1674 1720 1807 1747; x_wconf 89' lang='lat' dir='ltr'><strong>sanctum</strong></span> <span class='ocrx_word' id='word_1_673' title='bbox 1832 1717 1900 1756; x_wconf 88' lang='lat' dir='ltr'><strong>ejus</strong></span> 
     </span>
    </p>
   </div>
   <div class='ocr_carea' id='block_1_93' title="bbox 1079 1758 1900 1798">
    <p class='ocr_par' dir='ltr' id='par_1_93' title="bbox 1079 1758 1900 1798">
     <span class='ocr_line' id='line_1_93' title="bbox 1079 1758 1900 1798; baseline 0.005 -10"><span class='ocrx_word' id='word_1_674' title='bbox 1079 1758 1232 1798; x_wconf 88' lang='lat' dir='ltr'><strong>Spiritum,</strong></span> <span class='ocrx_word' id='word_1_675' title='bbox 1249 1759 1286 1790; x_wconf 90' lang='lat' dir='ltr'><strong>de</strong></span> <span class='ocrx_word' id='word_1_676' title='bbox 1301 1758 1478 1789; x_wconf 91' lang='lat' dir='ltr'><strong>sublimibus</strong></span> <span class='ocrx_word' id='word_1_677' title='bbox 1507 1759 1606 1795; x_wconf 86' lang='lat' dir='ltr'><strong>donis,</strong></span> <span class='ocrx_word' id='word_1_678' title='bbox 1622 1766 1651 1790; x_wconf 90' lang='lat' dir='ltr'><strong>et</strong></span> <span class='ocrx_word' id='word_1_679' title='bbox 1666 1760 1900 1792; x_wconf 88' lang='lat' dir='ltr'><strong>charismalibus</strong></span> 
     </span>
    </p>
   </div>
   <div class='ocr_carea' id='block_1_94' title="bbox 1078 1802 1898 1845">
    <p class='ocr_par' dir='ltr' id='par_1_94' title="bbox 1078 1802 1898 1845">
     <span class='ocr_line' id='line_1_94' title="bbox 1078 1802 1898 1845; baseline 0.007 -14"><span class='ocrx_word' id='word_1_680' title='bbox 1078 1802 1164 1832; x_wconf 91' lang='lat' dir='ltr'><strong>simul</strong></span> <span class='ocrx_word' id='word_1_681' title='bbox 1199 1803 1336 1844; x_wconf 84' lang='lat' dir='ltr'><strong>principii</strong></span> <span class='ocrx_word' id='word_1_682' title='bbox 1364 1804 1493 1843; x_wconf 85' lang='lat' dir='ltr'><strong>expertis</strong></span> <span class='ocrx_word' id='word_1_683' title='bbox 1532 1804 1597 1841; x_wconf 88' lang='lat' dir='ltr'><strong>Dei,</strong></span> <span class='ocrx_word' id='word_1_684' title='bbox 1632 1807 1662 1836; x_wconf 86' lang='lat' dir='ltr'><strong>et</strong></span> <span class='ocrx_word' id='word_1_685' title='bbox 1691 1805 1782 1844; x_wconf 85' lang='lat' dir='ltr'><strong>patris</strong></span> <span class='ocrx_word' id='word_1_686' title='bbox 1819 1806 1898 1845; x_wconf 90' lang='lat' dir='ltr'><strong>ejus.</strong></span> 
     </span>
    </p>
   </div>
   <div class='ocr_carea' id='block_1_95' title="bbox 1077 1844 1898 1889">
    <p class='ocr_par' dir='ltr' id='par_1_95' title="bbox 1077 1844 1898 1889">
     <span class='ocr_line' id='line_1_95' title="bbox 1077 1844 1898 1889; baseline 0.006 -13"><span class='ocrx_word' id='word_1_687' title='bbox 1077 1844 1207 1881; x_wconf 87' lang='lat' dir='ltr'><strong>Quorum</strong></span> <span class='ocrx_word' id='word_1_688' title='bbox 1219 1853 1251 1877; x_wconf 90' lang='lat' dir='ltr'><strong>ut</strong></span> <span class='ocrx_word' id='word_1_689' title='bbox 1261 1847 1320 1877; x_wconf 85' lang='lat' dir='ltr'><strong>sint</strong></span> <span class='ocrx_word' id='word_1_690' title='bbox 1328 1847 1498 1887; x_wconf 84' lang='lat' dir='ltr'><strong>participes,</strong></span> <span class='ocrx_word' id='word_1_691' title='bbox 1507 1848 1628 1888; x_wconf 89' lang='lat' dir='ltr'><strong>quieum</strong></span> <span class='ocrx_word' id='word_1_692' title='bbox 1638 1848 1739 1880; x_wconf 90' lang='lat' dir='ltr'><strong>labore</strong></span> <span class='ocrx_word' id='word_1_693' title='bbox 1746 1844 1898 1889; x_wconf 77' lang='lat' dir='ltr'><strong>quaerunt,</strong></span> 
     </span>
    </p>
   </div>
   <div class='ocr_carea' id='block_1_96' title="bbox 1075 1889 1900 1933">
    <p class='ocr_par' dir='ltr' id='par_1_96' title="bbox 1075 1889 1900 1933">
     <span class='ocr_line' id='line_1_96' title="bbox 1075 1889 1900 1933; baseline 0.006 -13"><span class='ocrx_word' id='word_1_694' title='bbox 1075 1889 1111 1920; x_wconf 90' lang='lat' dir='ltr'><strong>iis</strong></span> <span class='ocrx_word' id='word_1_695' title='bbox 1126 1899 1243 1931; x_wconf 90' lang='lat' dir='ltr'><strong>semper</strong></span> <span class='ocrx_word' id='word_1_696' title='bbox 1269 1891 1417 1922; x_wconf 89' lang='lat' dir='ltr'><strong>concediit</strong></span> <span class='ocrx_word' id='word_1_697' title='bbox 1438 1901 1490 1932; x_wconf 90' lang='lat' dir='ltr'><strong>per</strong></span> <span class='ocrx_word' id='word_1_698' title='bbox 1504 1892 1606 1929; x_wconf 89' lang='lat' dir='ltr'><strong>ﬁdem,</strong></span> <span class='ocrx_word' id='word_1_699' title='bbox 1622 1893 1687 1933; x_wconf 91' lang='lat' dir='ltr'><strong>ipse</strong></span> <span class='ocrx_word' id='word_1_700' title='bbox 1702 1893 1790 1924; x_wconf 85' lang='lat' dir='ltr'><strong>etiam</strong></span> <span class='ocrx_word' id='word_1_701' title='bbox 1816 1904 1900 1926; x_wconf 90' lang='lat' dir='ltr'><strong>nunc</strong></span> 
     </span>
    </p>
   </div>
   <div class='ocr_carea' id='block_1_97' title="bbox 1074 1933 1897 1976">
    <p class='ocr_par' dir='ltr' id='par_1_97' title="bbox 1074 1933 1897 1976">
     <span class='ocr_line' id='line_1_97' title="bbox 1074 1933 1897 1976; baseline 0.007 -12"><span class='ocrx_word' id='word_1_702' title='bbox 1074 1933 1180 1974; x_wconf 91' lang='lat' dir='ltr'><strong>bonus,</strong></span> <span class='ocrx_word' id='word_1_703' title='bbox 1196 1940 1225 1965; x_wconf 91' lang='lat' dir='ltr'><strong>et</strong></span> <span class='ocrx_word' id='word_1_704' title='bbox 1239 1935 1410 1967; x_wconf 83' lang='lat' dir='ltr'><strong>benefactor</strong></span> <span class='ocrx_word' id='word_1_705' title='bbox 1438 1940 1539 1967; x_wconf 86' lang='lat' dir='ltr'><strong>noster</strong></span> <span class='ocrx_word' id='word_1_706' title='bbox 1562 1937 1652 1968; x_wconf 89' lang='lat' dir='ltr'><strong>Deus.</strong></span> <span class='ocrx_word' id='word_1_707' title='bbox 1668 1937 1758 1976; x_wconf 87' lang='lat' dir='ltr'><strong>Ecce,</strong></span> <span class='ocrx_word' id='word_1_708' title='bbox 1774 1948 1897 1970; x_wconf 89' lang='lat' dir='ltr'><strong>annun-</strong></span> 
     </span>
    </p>
   </div>
   <div class='ocr_carea' id='block_1_98' title="bbox 1073 1979 1896 2022">
    <p class='ocr_par' dir='ltr' id='par_1_98' title="bbox 1073 1979 1896 2022">
     <span class='ocr_line' id='line_1_98' title="bbox 1073 1979 1896 2022; baseline 0.007 -14"><span class='ocrx_word' id='word_1_709' title='bbox 1073 1979 1140 2022; x_wconf 86' lang='lat' dir='ltr'><strong>tiavi</strong></span> <span class='ocrx_word' id='word_1_710' title='bbox 1162 1979 1248 2011; x_wconf 89' lang='lat' dir='ltr'><strong>vobis</strong></span> <span class='ocrx_word' id='word_1_711' title='bbox 1276 1980 1389 2020; x_wconf 88' lang='lat' dir='ltr'><strong>omnia,</strong></span> <span class='ocrx_word' id='word_1_712' title='bbox 1421 1984 1451 2011; x_wconf 88' lang='lat' dir='ltr'><strong>et</strong></span> <span class='ocrx_word' id='word_1_713' title='bbox 1480 1981 1619 2012; x_wconf 89' lang='lat' dir='ltr'><strong>talentum</strong></span> <span class='ocrx_word' id='word_1_714' title='bbox 1648 1991 1707 2012; x_wconf 92' lang='lat' dir='ltr'><strong>non</strong></span> <span class='ocrx_word' id='word_1_715' title='bbox 1735 1982 1896 2022; x_wconf 87' lang='lat' dir='ltr'><strong>abscondi,</strong></span> 
     </span>
    </p>
   </div>
   <div class='ocr_carea' id='block_1_99' title="bbox 1071 2021 1899 2067">
    <p class='ocr_par' dir='ltr' id='par_1_99' title="bbox 1071 2021 1899 2067">
     <span class='ocr_line' id='line_1_99' title="bbox 1071 2021 1899 2067; baseline 0.007 -14"><span class='ocrx_word' id='word_1_716' title='bbox 1071 2021 1280 2064; x_wconf 90' lang='lat' dir='ltr'><strong>Unusquisque</strong></span> <span class='ocrx_word' id='word_1_717' title='bbox 1294 2024 1384 2063; x_wconf 83' lang='lat' dir='ltr'><strong>igitur</strong></span> <span class='ocrx_word' id='word_1_718' title='bbox 1398 2028 1528 2055; x_wconf 88' lang='lat' dir='ltr'><strong>vestrum</strong></span> <span class='ocrx_word' id='word_1_719' title='bbox 1555 2025 1592 2056; x_wconf 91' lang='lat' dir='ltr'><strong>de</strong></span> <span class='ocrx_word' id='word_1_720' title='bbox 1617 2029 1722 2056; x_wconf 71' lang='lat' dir='ltr'><strong>caetero</strong></span> <span class='ocrx_word' id='word_1_721' title='bbox 1738 2027 1818 2067; x_wconf 89' lang='lat' dir='ltr'><strong>quod</strong></span> <span class='ocrx_word' id='word_1_722' title='bbox 1834 2021 1899 2059; x_wconf 85' lang='lat' dir='ltr'><strong>vult</strong></span> 
     </span>
    </p>
   </div>
   <div class='ocr_carea' id='block_1_100' title="bbox 1071 2067 1898 2109">
    <p class='ocr_par' dir='ltr' id='par_1_100' title="bbox 1071 2067 1898 2109">
     <span class='ocr_line' id='line_1_100' title="bbox 1071 2067 1898 2109; baseline 0.007 -12"><span class='ocrx_word' id='word_1_723' title='bbox 1071 2067 1181 2107; x_wconf 77' lang='lat' dir='ltr'><strong>eliget:</strong></span> <span class='ocrx_word' id='word_1_724' title='bbox 1213 2078 1267 2107; x_wconf 77' lang='lat' dir='ltr'><strong>ego</strong></span> <span class='ocrx_word' id='word_1_725' title='bbox 1291 2069 1371 2099; x_wconf 90' lang='lat' dir='ltr'><strong>enim</strong></span> <span class='ocrx_word' id='word_1_726' title='bbox 1400 2069 1478 2109; x_wconf 91' lang='lat' dir='ltr'><strong>quod</strong></span> <span class='ocrx_word' id='word_1_727' title='bbox 1504 2069 1541 2100; x_wconf 91' lang='lat' dir='ltr'><strong>ad</strong></span> <span class='ocrx_word' id='word_1_728' title='bbox 1569 2079 1620 2101; x_wconf 91' lang='lat' dir='ltr'><strong>vos</strong></span> <span class='ocrx_word' id='word_1_729' title='bbox 1636 2070 1751 2109; x_wconf 85' lang='lat' dir='ltr'><strong>attinet,</strong></span> <span class='ocrx_word' id='word_1_730' title='bbox 1767 2072 1898 2104; x_wconf 90' lang='lat' dir='ltr'><strong>crimine</strong></span> 
     </span>
    </p>
   </div>
   <div class='ocr_carea' id='block_1_101' title="bbox 1073 2111 1899 2155">
    <p class='ocr_par' dir='ltr' id='par_1_101' title="bbox 1073 2111 1899 2155">
     <span class='ocr_line' id='line_1_101' title="bbox 1073 2111 1899 2155; baseline 0.008 -14"><span class='ocrx_word' id='word_1_731' title='bbox 1073 2120 1155 2151; x_wconf 87' lang='lat' dir='ltr'><strong>vaco,</strong></span> <span class='ocrx_word' id='word_1_732' title='bbox 1172 2112 1202 2142; x_wconf 92' lang='lat' dir='ltr'><strong>in</strong></span> <span class='ocrx_word' id='word_1_733' title='bbox 1219 2111 1334 2143; x_wconf 84' lang='lat' dir='ltr'><strong>Christo</strong></span> <span class='ocrx_word' id='word_1_734' title='bbox 1356 2114 1424 2144; x_wconf 82' lang='lat' dir='ltr'><strong>Jesu</strong></span> <span class='ocrx_word' id='word_1_735' title='bbox 1453 2114 1579 2145; x_wconf 90' lang='lat' dir='ltr'><strong>Domino</strong></span> <span class='ocrx_word' id='word_1_736' title='bbox 1610 2118 1721 2152; x_wconf 87' lang='lat' dir='ltr'><strong>nostro,</strong></span> <span class='ocrx_word' id='word_1_737' title='bbox 1740 2115 1788 2146; x_wconf 91' lang='lat' dir='ltr'><strong>cui</strong></span> <span class='ocrx_word' id='word_1_738' title='bbox 1803 2116 1899 2155; x_wconf 79' lang='lat' dir='ltr'><strong>gloria</strong></span> 
     </span>
    </p>
   </div>
   <div class='ocr_carea' id='block_1_102' title="bbox 1074 2156 1897 2199">
    <p class='ocr_par' dir='ltr' id='par_1_102' title="bbox 1074 2156 1897 2199">
     <span class='ocr_line' id='line_1_102' title="bbox 1074 2156 1897 2199; baseline 0.009 -14"><span class='ocrx_word' id='word_1_739' title='bbox 1074 2160 1103 2199; x_wconf 85' lang='lat' dir='ltr'><strong>et</strong></span> <span class='ocrx_word' id='word_1_740' title='bbox 1112 2156 1270 2195; x_wconf 90' lang='lat' dir='ltr'><strong>imperium</strong></span> <span class='ocrx_word' id='word_1_741' title='bbox 1279 2166 1346 2187; x_wconf 91' lang='lat' dir='ltr'><strong>cum</strong></span> <span class='ocrx_word' id='word_1_742' title='bbox 1358 2158 1444 2189; x_wconf 87' lang='lat' dir='ltr'><strong>Patre</strong></span> <span class='ocrx_word' id='word_1_743' title='bbox 1456 2158 1595 2198; x_wconf 87' lang='lat' dir='ltr'><strong>principii</strong></span> <span class='ocrx_word' id='word_1_744' title='bbox 1614 2164 1735 2199; x_wconf 86' lang='lat' dir='ltr'><strong>experte</strong></span> <span class='ocrx_word' id='word_1_745' title='bbox 1749 2163 1779 2191; x_wconf 82' lang='lat' dir='ltr'><strong>et</strong></span> <span class='ocrx_word' id='word_1_746' title='bbox 1793 2165 1897 2192; x_wconf 85' lang='lat' dir='ltr'><strong>sancto</strong></span> 
     </span>
    </p>
   </div>
   <div class='ocr_carea' id='block_1_103' title="bbox 484 2198 1485 2239">
    <p class='ocr_par' dir='ltr' id='par_1_103' title="bbox 484 2198 1485 2239">
     <span class='ocr_line' id='line_1_103' title="bbox 484 2198 1485 2239; baseline 0.006 -12"><span class='ocrx_word' id='word_1_747' title='bbox 484 2207 537 2238; x_wconf 91' lang='lat' dir='ltr'><strong>per</strong></span> <span class='ocrx_word' id='word_1_748' title='bbox 565 2198 628 2228; x_wconf 82' lang='lat' dir='ltr'><strong>haec</strong></span> <span class='ocrx_word' id='word_1_749' title='bbox 658 2207 723 2228; x_wconf 88' lang='lat' dir='ltr'><strong>esse</strong></span> <span class='ocrx_word' id='word_1_750' title='bbox 751 2198 893 2229; x_wconf 87' lang='lat' dir='ltr'><strong>aufertur.</strong></span> <span class='ocrx_word' id='word_1_751' title='bbox 923 2198 1184 2239; x_wconf 77' lang='lat' dir='ltr'><strong>Homo,DSpiritu</strong></span> <span class='ocrx_word' id='word_1_752' title='bbox 1200 2200 1230 2230; x_wconf 94' lang='lat' dir='ltr'><strong>in</strong></span> <span class='ocrx_word' id='word_1_753' title='bbox 1245 2201 1360 2232; x_wconf 74' lang='lat' dir='ltr'><strong>saecula.</strong></span> <span class='ocrx_word' id='word_1_754' title='bbox 1377 2201 1485 2233; x_wconf 88' lang='lat' dir='ltr'><strong>Amen.</strong></span> 
     </span>
    </p>
   </div>
   <div class='ocr_carea' id='block_1_104' title="bbox 1346 2248 1618 2282">
    <p class='ocr_par' dir='ltr' id='par_1_104' title="bbox 1346 2248 1618 2282">
     <span class='ocr_line' id='line_1_104' title="bbox 1346 2248 1618 2282; baseline 0 -2"><span class='ocrx_word' id='word_1_755' title='bbox 1346 2248 1488 2280; x_wconf 82' lang='lat' dir='ltr'><strong>ORATIO</strong></span> <span class='ocrx_word' id='word_1_756' title='bbox 1510 2249 1618 2282; x_wconf 81' lang='lat' dir='ltr'><strong>XXIX.</strong></span> 
     </span>
    </p>
   </div>
   <div class='ocr_carea' id='block_1_105' title="bbox 1381 2303 1592 2328">
    <p class='ocr_par' dir='ltr' id='par_1_105' title="bbox 1381 2303 1592 2328">
     <span class='ocr_line' id='line_1_105' title="bbox 1381 2303 1592 2328; baseline 0.014 -3"><span class='ocrx_word' id='word_1_757' title='bbox 1381 2303 1580 2327; x_wconf 73' lang='lat' dir='ltr'><strong>ARGUMENTUM</strong></span> <span class='ocrx_word' id='word_1_758' title='bbox 1585 2321 1592 2328; x_wconf 90' lang='lat'><em>.</em></span> 
     </span>
    </p>
   </div>
   <div class='ocr_carea' id='block_1_106' title="bbox 1074 2337 1895 2379">
    <p class='ocr_par' dir='ltr' id='par_1_106' title="bbox 1074 2337 1895 2379">
     <span class='ocr_line' id='line_1_106' title="bbox 1074 2337 1895 2379; baseline 0.01 -13"><span class='ocrx_word' id='word_1_759' title='bbox 1074 2337 1170 2368; x_wconf 82' lang='lat' dir='ltr'><strong>Omnes</strong></span> <span class='ocrx_word' id='word_1_760' title='bbox 1184 2340 1310 2379; x_wconf 76' lang='lat' dir='ltr'><strong>homines</strong></span> <span class='ocrx_word' id='word_1_761' title='bbox 1320 2349 1338 2369; x_wconf 80' lang='grc' dir='ltr'><strong><em>α</em></strong></span> <span class='ocrx_word' id='word_1_762' title='bbox 1353 2341 1463 2379; x_wconf 72' lang='lat' dir='ltr'><strong>Qhristo</strong></span> <span class='ocrx_word' id='word_1_763' title='bbox 1477 2351 1532 2371; x_wconf 85' lang='lat' dir='ltr'><strong>non</strong></span> <span class='ocrx_word' id='word_1_764' title='bbox 1542 2343 1722 2375; x_wconf 78' lang='lat' dir='ltr'><strong>itlumiuatos.</strong></span> <span class='ocrx_word' id='word_1_765' title='bbox 1734 2351 1817 2374; x_wconf 72' lang='lat' dir='ltr'><strong>cacas</strong></span> <span class='ocrx_word' id='word_1_766' title='bbox 1827 2353 1895 2379; x_wconf 77' lang='lat' dir='ltr'><strong>esse,</strong></span> 
     </span>
    </p>
   </div>
   <div class='ocr_carea' id='block_1_107' title="bbox 1108 2377 1944 2413">
    <p class='ocr_par' dir='ltr' id='par_1_107' title="bbox 1108 2377 1944 2413">
     <span class='ocr_line' id='line_1_107' title="bbox 1108 2377 1944 2413; baseline 0.01 -11"><span class='ocrx_word' id='word_1_767' title='bbox 1108 2382 1155 2402; x_wconf 79' lang='lat' dir='ltr'><strong>nec</strong></span> <span class='ocrx_word' id='word_1_768' title='bbox 1164 2383 1248 2413; x_wconf 67' lang='lat' dir='ltr'><strong>opera</strong></span> <span class='ocrx_word' id='word_1_769' title='bbox 1258 2377 1323 2413; x_wconf 60' lang='lat' dir='ltr'><strong>lacis</strong></span> <span class='ocrx_word' id='word_1_770' title='bbox 1336 2377 1438 2412; x_wconf 80' lang='lat' dir='ltr'><strong>e/ﬁcere</strong></span> <span class='ocrx_word' id='word_1_771' title='bbox 1448 2386 1536 2413; x_wconf 83' lang='lat' dir='ltr'><strong>posse,</strong></span> <span class='ocrx_word' id='word_1_772' title='bbox 1551 2387 1600 2407; x_wconf 83' lang='lat' dir='ltr'><strong>nec</strong></span> <span class='ocrx_word' id='word_1_773' title='bbox 1610 2380 1640 2406; x_wconf 84' lang='lat' dir='ltr'><strong>in</strong></span> <span class='ocrx_word' id='word_1_774' title='bbox 1649 2380 1696 2408; x_wconf 79' lang='lat' dir='ltr'><strong>via</strong></span> <span class='ocrx_word' id='word_1_775' title='bbox 1706 2382 1777 2408; x_wconf 78' lang='lat' dir='ltr'><strong>recte</strong></span> <span class='ocrx_word' id='word_1_776' title='bbox 1786 2377 1898 2411; x_wconf 77' lang='lat' dir='ltr'><strong>vivendi</strong></span> <span class='ocrx_word' id='word_1_777' title='bbox 1943 2391 1944 2394; x_wconf 44' lang='grc' dir='ltr'><strong>η</strong></span> 
     </span>
    </p>
   </div>
   <div class='ocr_carea' id='block_1_108' title="bbox 1105 2412 1896 2449">
    <p class='ocr_par' dir='ltr' id='par_1_108' title="bbox 1105 2412 1896 2449">
     <span class='ocr_line' id='line_1_108' title="bbox 1105 2412 1896 2449; baseline 0.011 -13"><span class='ocrx_word' id='word_1_778' title='bbox 1105 2412 1234 2449; x_wconf 83' lang='lat' dir='ltr'><strong>progredi</strong></span> <span class='ocrx_word' id='word_1_779' title='bbox 1254 2412 1343 2445; x_wconf 80' lang='lat' dir='ltr'><strong>Quare</strong></span> <span class='ocrx_word' id='word_1_780' title='bbox 1353 2412 1638 2449; x_wconf 74' lang='lat' dir='ltr'><strong>circumspiciendum,</strong></span> <span class='ocrx_word' id='word_1_781' title='bbox 1654 2418 1679 2443; x_wconf 83' lang='lat' dir='ltr'><strong>et</strong></span> <span class='ocrx_word' id='word_1_782' title='bbox 1693 2415 1896 2446; x_wconf 78' lang='lat' dir='ltr'><strong>advertendum</strong></span> 
     </span>
    </p>
   </div>
   <div class='ocr_carea' id='block_1_109' title="bbox 1108 2447 1897 2488">
    <p class='ocr_par' dir='ltr' id='par_1_109' title="bbox 1108 2447 1897 2488">
     <span class='ocr_line' id='line_1_109' title="bbox 1108 2447 1897 2488; baseline 0.01 -15"><span class='ocrx_word' id='word_1_783' title='bbox 1108 2447 1243 2488; x_wconf 57' lang='lat' dir='ltr'><strong>quipiam,</strong></span> <span class='ocrx_word' id='word_1_784' title='bbox 1257 2455 1298 2488; x_wconf 84' lang='lat' dir='ltr'><strong>an_</strong></span> <span class='ocrx_word' id='word_1_785' title='bbox 1303 2455 1367 2488; x_wconf 63' lang='lat' dir='ltr'><strong>vero</strong></span> <span class='ocrx_word' id='word_1_786' title='bbox 1378 2447 1479 2488; x_wconf 64' lang='lat' dir='ltr'><strong>itinere</strong></span> <span class='ocrx_word' id='word_1_787' title='bbox 1484 2450 1514 2488; x_wconf 76' lang='lat' dir='ltr'><strong>in</strong></span> <span class='ocrx_word' id='word_1_788' title='bbox 1523 2451 1619 2488; x_wconf 53' lang='lat' dir='ltr'><strong>etclam</strong></span> <span class='ocrx_word' id='word_1_789' title='bbox 1630 2450 1809 2488; x_wconf 69' lang='lat' dir='ltr'><strong>ambulemus.</strong></span> <span class='ocrx_word' id='word_1_790' title='bbox 1821 2454 1897 2488; x_wconf 85' lang='lat' dir='ltr'><strong>quod</strong></span> 
     </span>
    </p>
   </div>
   <div class='ocr_carea' id='block_1_110' title="bbox 1108 2482 1893 2521">
    <p class='ocr_par' dir='ltr' id='par_1_110' title="bbox 1108 2482 1893 2521">
     <span class='ocr_line' id='line_1_110' title="bbox 1108 2482 1893 2521; baseline 0.011 -13"><span class='ocrx_word' id='word_1_791' title='bbox 1108 2482 1138 2508; x_wconf 76' lang='lat' dir='ltr'><strong>in</strong></span> <span class='ocrx_word' id='word_1_792' title='bbox 1147 2482 1200 2521; x_wconf 63' lang='lat' dir='ltr'><strong>Dei</strong></span> <span class='ocrx_word' id='word_1_793' title='bbox 1212 2483 1353 2512; x_wconf 76' lang='lat' dir='ltr'><strong>mandatis</strong></span> <span class='ocrx_word' id='word_1_794' title='bbox 1366 2485 1451 2511; x_wconf 80' lang='lat' dir='ltr'><strong>situm</strong></span> <span class='ocrx_word' id='word_1_795' title='bbox 1465 2487 1511 2513; x_wconf 76' lang='lat' dir='ltr'><strong>est.</strong></span> <span class='ocrx_word' id='word_1_796' title='bbox 1525 2485 1578 2518; x_wconf 80' lang='lat' dir='ltr'><strong>Qui</strong></span> <span class='ocrx_word' id='word_1_797' title='bbox 1589 2486 1686 2521; x_wconf 80' lang='lat' dir='ltr'><strong>parvis</strong></span> <span class='ocrx_word' id='word_1_798' title='bbox 1697 2488 1816 2521; x_wconf 73' lang='lat' dir='ltr'><strong>peccatis</strong></span> <span class='ocrx_word' id='word_1_799' title='bbox 1824 2482 1893 2517; x_wconf 55' lang='lat' dir='ltr'><strong>&#39;suc-</strong></span> 
     </span>
    </p>
   </div>
   <div class='ocr_carea' id='block_1_111' title="bbox 1108 2517 1895 2558">
    <p class='ocr_par' dir='ltr' id='par_1_111' title="bbox 1108 2517 1895 2558">
     <span class='ocr_line' id='line_1_111' title="bbox 1108 2517 1895 2558; baseline 0.01 -14"><span class='ocrx_word' id='word_1_800' title='bbox 1108 2517 1251 2558; x_wconf 50' lang='lat' dir='ltr'><strong>servabunt,</strong></span> <span class='ocrx_word' id='word_1_801' title='bbox 1265 2526 1309 2558; x_wconf 66' lang='lat' dir='ltr'><strong>eos</strong></span> <span class='ocrx_word' id='word_1_802' title='bbox 1322 2527 1493 2558; x_wconf 56' lang='lat' dir='ltr'><strong>magnorum</strong></span> <span class='ocrx_word' id='word_1_803' title='bbox 1504 2517 1598 2558; x_wconf 61' lang='lat' dir='ltr'><strong>servos</strong></span> <span class='ocrx_word' id='word_1_804' title='bbox 1605 2521 1675 2558; x_wconf 69' lang='lat' dir='ltr'><strong>ﬁeri.</strong></span> <span class='ocrx_word' id='word_1_805' title='bbox 1692 2517 1795 2554; x_wconf 77' lang='lat' dir='ltr'><strong>Quibus</strong></span> <span class='ocrx_word' id='word_1_806' title='bbox 1804 2525 1895 2553; x_wconf 74' lang='lat' dir='ltr'><strong>actio-</strong></span> 
     </span>
    </p>
   </div>
   <div class='ocr_carea' id='block_1_112' title="bbox 1107 2553 1745 2589">
    <p class='ocr_par' dir='ltr' id='par_1_112' title="bbox 1107 2553 1745 2589">
     <span class='ocr_line' id='line_1_112' title="bbox 1107 2553 1745 2589; baseline 0.008 -9"><span class='ocrx_word' id='word_1_807' title='bbox 1107 2553 1189 2582; x_wconf 80' lang='lat' dir='ltr'><strong>nibus</strong></span> <span class='ocrx_word' id='word_1_808' title='bbox 1201 2554 1236 2581; x_wconf 86' lang='lat' dir='ltr'><strong>ab</strong></span> <span class='ocrx_word' id='word_1_809' title='bbox 1250 2553 1391 2589; x_wconf 69' lang='lat' dir='ltr'><strong>aﬁ&#39;ectibus</strong></span> <span class='ocrx_word' id='word_1_810' title='bbox 1406 2555 1548 2584; x_wconf 79' lang='lat' dir='ltr'><strong>itiaudatis</strong></span> <span class='ocrx_word' id='word_1_811' title='bbox 1562 2553 1745 2585; x_wconf 59' lang='lat' dir='ltr'><strong>vindicentur.</strong></span> 
     </span>
    </p>
   </div>
   <div class='ocr_carea' id='block_1_113' title="bbox 1111 2594 1892 2640">
    <p class='ocr_par' dir='ltr' id='par_1_113' title="bbox 1111 2594 1892 2640">
     <span class='ocr_line' id='line_1_113' title="bbox 1111 2594 1892 2640; baseline 0.009 -15"><span class='ocrx_word' id='word_1_812' title='bbox 1111 2594 1365 2640; x_wconf 74' lang='lat' dir='ltr'><strong>Quemadmodum</strong></span> <span class='ocrx_word' id='word_1_813' title='bbox 1382 2606 1478 2628; x_wconf 80' lang='lat' dir='ltr'><strong>caecus</strong></span> <span class='ocrx_word' id='word_1_814' title='bbox 1501 2598 1685 2640; x_wconf 83' lang='lat' dir='ltr'><strong>ingrediens,</strong></span> <span class='ocrx_word' id='word_1_815' title='bbox 1712 2601 1791 2632; x_wconf 90' lang='lat' dir='ltr'><strong>velut</strong></span> <span class='ocrx_word' id='word_1_816' title='bbox 1807 2602 1892 2640; x_wconf 86' lang='lat' dir='ltr'><strong>nolit,</strong></span> 
     </span>
    </p>
   </div>
   <div class='ocr_carea' id='block_1_114' title="bbox 1071 2639 1894 2679">
    <p class='ocr_par' dir='ltr' id='par_1_114' title="bbox 1071 2639 1894 2679">
     <span class='ocr_line' id='line_1_114' title="bbox 1071 2639 1894 2679; baseline 0.011 -11"><span class='ocrx_word' id='word_1_817' title='bbox 1071 2639 1196 2677; x_wconf 86' lang='lat' dir='ltr'><strong>pedibus</strong></span> <span class='ocrx_word' id='word_1_818' title='bbox 1209 2640 1332 2671; x_wconf 70' lang='lat' dir='ltr'><strong>oﬂ‘endit</strong></span> <span class='ocrx_word' id='word_1_819' title='bbox 1347 2651 1355 2679; x_wconf 86' lang='lat'><strong>;</strong></span> <span class='ocrx_word' id='word_1_820' title='bbox 1381 2641 1425 2672; x_wconf 89' lang='lat' dir='ltr'><strong>sic</strong></span> <span class='ocrx_word' id='word_1_821' title='bbox 1439 2642 1528 2673; x_wconf 86' lang='lat' dir='ltr'><strong>homo</strong></span> <span class='ocrx_word' id='word_1_822' title='bbox 1544 2643 1638 2675; x_wconf 92' lang='lat' dir='ltr'><strong>oculis</strong></span> <span class='ocrx_word' id='word_1_823' title='bbox 1653 2644 1759 2675; x_wconf 73' lang='lat' dir='ltr'><strong>animae</strong></span> <span class='ocrx_word' id='word_1_824' title='bbox 1774 2645 1828 2676; x_wconf 92' lang='lat' dir='ltr'><strong>sub</strong></span> <span class='ocrx_word' id='word_1_825' title='bbox 1843 2639 1894 2677; x_wconf 50' lang='lat' dir='ltr'><strong>iné</strong></span> 
     </span>
    </p>
   </div>
   <div class='ocr_carea' id='block_1_115' title="bbox 1071 2683 1891 2729">
    <p class='ocr_par' dir='ltr' id='par_1_115' title="bbox 1071 2683 1891 2729">
     <span class='ocr_line' id='line_1_115' title="bbox 1071 2683 1891 2729; baseline 0.011 -17"><span class='ocrx_word' id='word_1_826' title='bbox 1071 2683 1262 2729; x_wconf 80' lang='lat' dir='ltr'><strong>telligentiam</strong></span> <span class='ocrx_word' id='word_1_827' title='bbox 1276 2685 1463 2724; x_wconf 87' lang='lat' dir='ltr'><strong>cadentibus,</strong></span> <span class='ocrx_word' id='word_1_828' title='bbox 1488 2697 1547 2718; x_wconf 90' lang='lat' dir='ltr'><strong>non</strong></span> <span class='ocrx_word' id='word_1_829' title='bbox 1575 2692 1643 2718; x_wconf 85' lang='lat' dir='ltr'><strong>ante</strong></span> <span class='ocrx_word' id='word_1_830' title='bbox 1667 2689 1779 2729; x_wconf 89' lang='lat' dir='ltr'><strong>apertis</strong></span> <span class='ocrx_word' id='word_1_831' title='bbox 1794 2690 1831 2720; x_wconf 93' lang='lat' dir='ltr'><strong>ab</strong></span> <span class='ocrx_word' id='word_1_832' title='bbox 1843 2700 1891 2728; x_wconf 88' lang='lat' dir='ltr'><strong>eo,</strong></span> 
     </span>
    </p>
   </div>
   <div class='ocr_carea' id='block_1_116' title="bbox 1069 2727 1894 2776">
    <p class='ocr_par' dir='ltr' id='par_1_116' title="bbox 1069 2727 1894 2776">
     <span class='ocr_line' id='line_1_116' title="bbox 1069 2727 1894 2776; baseline 0.011 -18"><span class='ocrx_word' id='word_1_833' title='bbox 1069 2727 1120 2767; x_wconf 94' lang='lat' dir='ltr'><strong>qui</strong></span> <span class='ocrx_word' id='word_1_834' title='bbox 1134 2732 1166 2759; x_wconf 91' lang='lat' dir='ltr'><strong>ut</strong></span> <span class='ocrx_word' id='word_1_835' title='bbox 1180 2737 1325 2761; x_wconf 71' lang='lat' dir='ltr'><strong>caecorum</strong></span> <span class='ocrx_word' id='word_1_836' title='bbox 1341 2730 1442 2762; x_wconf 87' lang='lat' dir='ltr'><strong>oculos</strong></span> <span class='ocrx_word' id='word_1_837' title='bbox 1453 2731 1592 2772; x_wconf 87' lang='lat' dir='ltr'><strong>aperiret,</strong></span> <span class='ocrx_word' id='word_1_838' title='bbox 1605 2727 1769 2765; x_wconf 76' lang='lat' dir='ltr'><strong>humanum</strong></span> <span class='ocrx_word' id='word_1_839' title='bbox 1783 2727 1894 2776; x_wconf 80' lang='lat' dir='ltr'><strong>corpus</strong></span> 
     </span>
    </p>
   </div>
  </div>
