1978 3078
52 136 118 168 465

767 139 908 170 ΟΗΑΤΙΟ
930 138 1040 170 XXIX.

1687 140 1746 172 466

53 204 234 243 assumpsit,
252 213 313 234 non
329 208 424 244 potest
451 214 509 235 non
538 205 613 236 viam
632 206 720 245 hujus
734 205 801 237 vitae
816 214 883 235 car-
895 209 915 233 A
927 204 1034 234 tiamus
1049 205 1199 242 omnibus,
1232 210 1264 236 et
1287 205 1323 236 ad
1353 210 1506 244 angustam
1531 210 1621 246 atque
1636 209 1750 237 arctam

54 248 161 288 pendo
177 249 353 289 delinquere
371 259 376 280 :
409 249 505 280 adhuc
522 250 602 280 enim
622 259 718 281 caecus
734 254 789 284 est.
805 255 834 280 et
849 249 884 279 ad

52 292 88 323 id
105 292 188 332 quod
206 293 323 333 proprie
341 293 448 324 malum
467 297 521 331 est,
538 303 554 324 a
582 293 660 325 bono
677 295 885 325 internoscen-

54 337 134 367 dum
151 346 281 376 superno
298 337 458 377 divinoque
485 338 609 378 lumine,
625 348 699 378 opus
716 338 813 369 habet.
841 338 885 369 Ab

55 381 147 411 omni
163 381 252 420 igitur
280 386 422 422 peccante
453 383 515 413 haec
543 387 668 423 quatuor
683 383 885 423 requiruntur.

54 425 95 456 Ut
110 429 274 465 cognoscat
284 427 362 456 unde
376 426 637 466 priveturlumine,
651 427 772 458 edoctus
784 431 889 467 myste-

53 470 154 508 rium,
171 480 208 501 ne
224 470 262 502 sit
278 471 426 511 stupidus.
444 471 595 502 Confessio
604 476 803 512 peccatorum,
815 472 889 502 utsit

53 524 162 546 verus.
181 516 260 554 Fuga
276 515 468 546 oceasionum
486 520 514 546 et
540 525 710 556 causarum,
727 516 834 556 quibus
849 516 886 546 ad

55 558 247 599 peccandum
263 559 439 599 impellitur,
457 569 494 590 ne
509 559 547 590 sit
563 560 669 590 stultus
685 566 715 590 et
729 560 884 600 insipiens.

56 605 230 640 Postremo,
248 607 279 634 ut
295 604 443 634 medicum
460 607 540 643 petat
568 613 584 634 a
610 604 673 634 solo
689 603 805 635 Christo
821 613 886 634 me-

56 647 144 688 dico,
160 647 211 688 qui
227 648 370 679 contritos
385 652 480 685 sanat,
498 652 527 678 et
555 647 643 678 modo
661 648 789 688 quodam
805 648 887 678 inex-

56 691 192 732 plicabili
208 692 404 723 contritiones
420 693 530 732 alligat,
548 692 678 732 dicitque
692 702 699 722 :
727 693 819 724 Fides
834 697 886 724 tua

58 740 87 766 te
95 735 218 767 salvum
227 737 310 775 fecit,
328 737 402 768 vade
416 738 447 768 in
459 746 535 777 pace
547 737 591 766 19:
611 737 721 777 alioqui
735 738 813 767 enim
831 737 887 767 vita

54 780 88 810 in
105 790 191 820 pace,
210 781 343 821 citraque
358 781 458 821 lapsus
489 781 556 820 degi
584 791 642 812 non
659 785 766 822 potest.
782 781 823 812 Ex
839 781 885 812 his

56 826 190 866 primum
206 826 279 857 illud
293 827 402 858 bonum
417 832 482 865 est;
499 827 662 858 secundum
680 827 804 865 melius;
823 831 884 858 ler-

926 249 1000 279 viam
1018 250 1218 288 procedimus,
1238 254 1266 280 et
1282 259 1298 280 a
1313 250 1435 287 mundo,
1450 250 1669 290 mundanisque
1685 259 1748 282 cor-

927 293 1068 333 poraliter
1082 294 1301 334 quodammodo
1316 299 1516 334 amputamnr,
1534 299 1562 325 et
1577 294 1614 325 ab
1629 294 1688 326 alia
1704 304 1750 326 re-

928 337 1026 377 gione,
1045 338 1121 376 loco,
1135 342 1165 368 et
1179 338 1252 370 urbe
1268 338 1304 368 ad
1320 338 1406 368 aliam
1424 338 1648 375 habitationem,
1662 349 1748 369 man-

929 382 1105 422 sionemque
1120 382 1274 418 abeuntes,
1293 383 1328 413 ad
1345 383 1485 420 stadium,
1517 383 1546 413 in
1562 393 1619 424 quo
1636 383 1751 414 virtutis

927 426 1006 466 viget
1021 426 1202 462 exercitatio,
1221 427 1405 467 devenimus,
1425 427 1656 467 perinstitulum
1672 427 1749 466 vitae,

929 475 958 501 et
973 475 1082 502 sancta:
1096 471 1217 502 vivendi
1233 481 1366 502 normam
1380 481 1433 512 pro
1457 481 1509 502 suo
1526 472 1652 512 quisque
1668 472 1750 502 arbi-

928 515 986 546 trio
1002 515 1186 553 incedentes,
1202 519 1252 546 aut
1277 516 1365 546 etiam
1391 516 1604 551 accelerantes,
1622 525 1750 547 curren-

929 563 1031 600 tesque
1060 564 1089 590 et
1116 560 1247 599 vestigiis
1276 559 1393 591 Domini
1422 565 1513 590 nostri
1542 562 1612 591 Jesu
1641 561 1751 592 Christi

929 605 1111 640 insistentes,
1129 608 1160 634 ut
1176 613 1213 634 nc
1225 604 1352 644 amplius
1361 603 1451 635 rebus
1465 604 1607 642 perituris
1622 604 1751 636 delecte-

929 658 1005 685 mur,
1024 653 1053 679 et
1068 649 1200 679 voluntas
1218 649 1316 679 carnis
1346 649 1486 679 voluntati
1502 649 1625 689 spiritus
1640 649 1749 679 subda-

929 697 986 724 tur.
1004 693 1118 723 Idcirco
1133 702 1150 723 e
1165 693 1276 723 mundo
1292 693 1478 730 secedentes,
1497 694 1595 724 statim
1613 693 1750 724 mandata

927 737 1044 767 Domini
1062 737 1256 777 capessimus,
1274 741 1303 767 et
1319 738 1383 777 ejus
1393 738 1485 777 jussis
1497 737 1752 777 obtemperantes,

926 782 1002 812 viam
1018 782 1047 812 in
1064 782 1171 812 ccelum
1185 781 1328 812 ferentem
1341 782 1539 821 auspicantur.

966 826 1019 857 Hic
1036 835 1123 866 porro
1140 826 1212 856 mihi
1230 825 1413 866 pensiculate
1424 826 1569 856 dictorum
1578 825 1636 856 vim
1653 826 1749 856 consi-

57 871 136 902 tium
152 872 340 911 praestantius
355 883 363 908 ;
380 876 517 912 quartum
533 872 653 912 proprie
669 871 790 908 bonum,
803 876 885 903 extra
895 868 914 892 Β
926 871 1009 901 dera.
1023 870 1151 901 Informa
1163 870 1262 901 animo
1274 870 1347 900 viam
1357 870 1432 900 bene
1445 871 1555 907 tritam,
1566 870 1750 910 quamlonga

57 915 141 955 quod
157 925 217 946 nou
231 916 318 946 datur
331 916 432 957 salus;
461 921 492 947 ut
508 917 573 947 sine
590 916 684 947 tribus
700 916 882 947 anteceden-
924 920 979 953 est,
993 915 1118 954 pedibus
1129 915 1244 946 Scilicet
1256 924 1357 946 eorum
1372 915 1421 955 qui
1435 915 1749 955 prmcesserunt.Hinc

57 959 142 991 tibus
171 964 307 1000 quartum
350 961 405 991 hoc
448 961 582 992 Christus
624 962 739 1000 operari
769 961 882 1001 nequit.
923 959 1750 1000 indemontes,silvas,rupesexcelsas,scopulosatque

57 1004 156 1036 Valde
170 1005 317 1045 siquidem
333 1015 406 1046 opus
437 1005 535 1042 habet,
566 1010 597 1036 ut
627 1015 679 1036 nos
705 1006 785 1045 ipsos
802 1006 884 1045 prius
925 1005 1015 1035 valles
1026 1006 1164 1043 concipe.
1179 1003 1250 1035 Cum
1266 1004 1311 1034 his
1324 1004 1519 1034 nihilominus
1530 1013 1662 1044 campos,
1681 1005 1748 1035 hor-

57 1058 267 1089 agnoscamus,
300 1059 357 1090 quo
385 1050 492 1086 sanati,
524 1050 630 1080 demus
658 1050 782 1089 gloriam
810 1051 879 1080 Deo.

58 1093 124 1129 Quo
143 1093 221 1123 enim
239 1098 323 1133 pacto
338 1094 484 1134 quispiam
501 1094 609 1134 adepta
627 1095 751 1125 sanitate
769 1094 883 1125 medico

56 1138 167 1177 gratias
182 1142 259 1177 agat,
275 1138 300 1168 si
317 1139 412 1169 morbi
425 1138 673 1178 magnitudinem,
697 1139 880 1179 gravitatem,

57 1187 88 1213 et
103 1192 250 1213 summam
267 1183 331 1222 ejus
346 1183 517 1224 depellendi
531 1183 734 1214 diﬁicultatem
745 1189 813 1214 ante
822 1193 881 1215 non

57 1227 244 1268 perspexerit
260 1228 272 1257 Υ
300 1228 439 1265 maxime,
471 1229 494 1258 si
521 1228 546 1258 is
560 1228 596 1258 ab
612 1228 670 1258 alio
691 1228 770 1258 nullo
787 1229 882 1259 medi-

57 1281 163 1302 corum
180 1272 277 1302 curari
303 1276 404 1313 queat.
438 1275 568 1304 Meretur
596 1273 674 1302 enim
705 1273 882 1312 supplicium

58 1316 256 1357 dirissimum,
285 1317 336 1357 qui
366 1321 485 1348 curatus
513 1317 628 1347 medico
658 1326 710 1357 pro
739 1317 882 1356 dignitate

58 1361 170 1401 gratias
185 1370 243 1391 non
259 1363 327 1400 agit.
346 1365 387 1393 Ac
404 1366 560 1402 propterea
588 1371 656 1392 eum
673 1371 688 1392 a
703 1371 761 1401 quo
777 1371 881 1392 sanan-

57 1405 114 1436 dus
131 1409 187 1441 est,
217 1415 305 1436 nosse
335 1406 435 1437 debet.
465 1405 540 1437 Hinc
568 1406 696 1444 visitare,
731 1409 761 1436 et
777 1415 882 1437 sanare

60 1449 248 1480 inﬁrmitates
279 1454 393 1480 nostras
422 1460 501 1489 smpe
529 1455 676 1487 moratur,
694 1451 882 1490 quantumvis

927 1054 980 1084 tos,
999 1048 1062 1079 loca
1075 1048 1208 1088 jucunda
1222 1052 1250 1078 et
1265 1047 1418 1084 umbrosa,
1444 1048 1588 1088 longeque
1604 1048 1747 1079 amoenis-

925 1093 1010 1128 sima,
1028 1098 1056 1123 et
1073 1092 1240 1131 omnigenis
1259 1091 1406 1122 fructibus
1421 1091 1614 1122 abundantia.
1631 1092 1749 1123 Deinde

925 1147 983 1168 non
991 1137 1173 1167 mediocrem
1181 1136 1341 1167 bestiarum
1352 1136 1748 1172 multitudinem,latronum-

924 1191 993 1222 que,
1003 1181 1213 1212 etsicariorum
1226 1180 1331 1219 globos
1344 1190 1395 1220 per
1404 1180 1467 1210 loca
1478 1181 1528 1210 illa
1540 1180 1745 1217 absconditos,

924 1226 976 1257 His
994 1227 1031 1256 ita
1048 1235 1080 1257 se
1094 1225 1283 1262 habentibus,
1316 1235 1350 1256 ex
1379 1225 1463 1256 hisce
1481 1225 1554 1255 locis
1583 1225 1682 1257 nullus
1698 1230 1749 1256 aut

924 1270 1150 1308 inescabitnos,
1167 1279 1348 1308 sensumque
1374 1274 1506 1300 nostrum
1536 1269 1744 1308 comm0vebit,

924 1320 972 1346 aut
988 1325 1097 1346 nocere
1113 1314 1199 1345 nobis
1213 1315 1331 1354 poterit,
1348 1314 1542 1354 sequentibus
1553 1318 1681 1351 sanctos,
1695 1315 1746 1354 qui

924 1361 992 1400 prmi
999 1359 1280 1399 verunt,eademque
1287 1358 1633 1395 semitaamhulantibus,
1641 1359 1746 1398 quailli

923 1404 1155 1434 ambulaverunt.
1170 1403 1381 1434 Incedentibus
1393 1404 1501 1442 quippe
1513 1402 1598 1432 nobis
1609 1411 1662 1443 per
1671 1404 1745 1433 viam

924 1448 1130 1478 mandatorum
1149 1447 1201 1478 Dei
1215 1456 1249 1477 ac
1262 1446 1380 1478 Domini
1397 1447 1490 1476 nostri
1501 1446 1633 1484 citraque
1644 1456 1732 1487 respe

58 1494 246 1534 imploretur.
263 1493 359 1525 Parcit
370 1496 448 1525 enim
461 1487 557 1532 nobis,
570 1505 606 1525 ne
617 1487 724 1534 ingrati
735 1495 771 1525 ad
781 1504 882 1534 poenas
891 1487 912 1513 (ἶ
924 1497 1002 1523 ctum
1013 1492 1048 1522 ad
1065 1501 1099 1522 ea
1110 1501 1175 1532 qum
1183 1495 1262 1522 retro
1274 1495 1344 1521 sunt
1364 1492 1464 1520 omnia
1476 1500 1541 1530 quae
1552 1490 1658 1521 audisti
1676 1499 1746 1530 per—

59 1540 188 1578 majores
199 1539 400 1570 devolvamur.
412 1539 612 1575 Quamobrem
626 1543 770 1579 quotquot
782 1540 879 1569 homi-

59 1584 107 1614 nis
121 1582 263 1613 vocabulo
293 1592 461 1623 censemur,
493 1583 698 1623 dispiciamus,
728 1587 757 1613 et
781 1587 882 1614 atten-

59 1627 164 1658 damus
180 1627 266 1658 nobis
283 1636 405 1658 necesse
421 1632 477 1666 est,
504 1628 608 1659 ﬁdeles
633 1628 719 1667 juxta
733 1631 821 1667 atque
837 1627 883 1657 in-

60 1671 174 1702 ﬁdeles.
193 1672 274 1711 parvi
290 1675 380 1711 atque
406 1672 504 1711 magni
521 1681 528 1702 :
559 1676 592 1702 ut
606 1671 744 1702 inﬁdeles
761 1671 881 1711 quidem

59 1716 96 1746 ad
112 1715 307 1755 cognitionem
341 1720 369 1746 et
398 1716 486 1746 ﬁdem
517 1716 569 1746 Dei
601 1716 763 1746 conditoris
788 1715 882 1747 nostri

64 1760 239 1790 veniamus:
270 1759 385 1798 ﬁdeles,
417 1765 448 1790 ut
475 1761 535 1791 vita
565 1760 612 1800 pie
641 1764 718 1796 acta,
737 1759 880 1790 eidemin

61 1804 140 1834 omni
155 1813 244 1844 opere
259 1803 337 1834 bono
368 1804 519 1843 placentes
547 1813 744 1844 appareamus
761 1813 768 1841 ;
786 1803 880 1843 parvi,

60 1854 91 1878 ut
106 1848 218 1887 magnis
234 1852 356 1887 propter
366 1849 524 1879 Dominum
536 1848 747 1888 subjiciamur;
771 1848 879 1887 magni,

61 1897 92 1923 ut
107 1901 175 1931 erga
188 1902 290 1932 parvos
300 1897 437 1933 tanquam
458 1898 597 1933 parentes
617 1902 685 1931 erga
696 1892 880 1923 liberosafﬁ-

61 1938 182 1973 ciamur,
214 1941 334 1977 propter
363 1937 532 1968 mandatum
566 1936 696 1971 Domini.
728 1936 877 1967 dicentis:

61 1982 205 2020 Quandiu
225 1982 342 2020 fecistis
362 1983 418 2012 uni
446 1982 575 2012 istorum
590 1990 627 2012 ex
641 1981 778 2011 minimis
792 1981 878 2017 meis,

60 2027 134 2057 mihi
143 2026 258 2064 fecistis
265 2025 306 2057 20.
318 2025 381 2056 Νοη
394 2026 485 2066 enim,
498 2025 577 2065 quod
584 2025 703 2065 quidam
711 2024 878 2064 opinantur,

61 2071 98 2102 de
126 2070 304 2110 pauperibus
334 2071 548 2106 tantummodo,
579 2075 609 2100 et
635 2069 713 2100 victu
738 2078 880 2108 corporeo

923 1536 1101 1573 meantihus,
1120 1545 1208 1567 nemo
1224 1544 1321 1576 neque
1336 1535 1486 1566 latronum
1502 1535 1636 1572 illorum,
1647 1543 1746 1574 neque

923 1581 1086 1613 belluarum
1105 1585 1207 1621 aperte
1223 1590 1257 1610 ac
1275 1585 1410 1620 proterve
1426 1579 1555 1616 insultat,
1572 1583 1619 1610 aut
1634 1589 1745 1619 appro-

924 1626 1068 1666 pinquare
1083 1625 1182 1656 audet.
1200 1625 1413 1655 Verumtamen
1424 1624 1496 1654 alias
1506 1624 1661 1660 remotius,
1673 1624 1746 1654 alias

923 1670 1068 1706 vicinius;
1087 1669 1138 1700 alii
1157 1669 1251 1699 minas
1265 1668 1615 1708 intendunt,caedemque
1626 1668 1744 1708 spiran-

923 1714 1001 1745 tibus
1012 1714 1106 1745 oculis
1114 1723 1172 1744 non
1184 1713 1310 1747 obeunt;
1323 1712 1373 1743 alii
1384 1712 1560 1752 quibusdam
1571 1712 1746 1743 delinimen-

923 1759 959 1788 tis
975 1763 1004 1789 et
1026 1757 1177 1789 blanditiis
1205 1757 1368 1797 amicisque
1395 1757 1550 1796 colloquiis
1564 1756 1742 1787 vicissitudi-

924 1813 992 1835 nem
1007 1808 1036 1834 et
1050 1803 1301 1834 intermissionem
1312 1801 1396 1832 nobis
1403 1802 1541 1842 offerunt,
1559 1805 1586 1832 et
1596 1806 1745 1832 ostentant

923 1848 1058 1878 locorum
1085 1856 1138 1888 per
1151 1847 1290 1886 regiones
1305 1846 1534 1888 delectamenta,
1552 1851 1580 1877 et
1595 1847 1743 1877 fructuum

922 1894 1054 1932 speciem
1071 1882 1315 1932 pulcherrimam,
1328 1882 1544 1930 hortanturque
1554 1895 1584 1920 ut
1595 1890 1742 1930 paulatum

922 1936 1157 1976 requiescentes,
1174 1935 1305 1965 laborem
1322 1934 1375 1964 vite
1386 1935 1586 1972 consolemur,
1599 1935 1675 1965 etde
1685 1935 1744 1965 fru-

922 1980 1018 2011 ctibus
1032 1981 1121 2010 edere
1135 1979 1272 2015 suadent,
1292 1978 1357 2017 plus
1382 1978 1553 2018 voluptatis,
1581 1988 1668 2018 quam
1693 1987 1747 2018 pro

923 2034 1024 2056 eorum
1032 2023 1358 2064 aspectuaﬂ‘erenlibus.
1372 2022 1479 2053 Multos
1492 2023 1613 2062 insuper
1625 2023 1745 2062 laqueos

923 2068 1020 2105 nobis,
1033 2067 1264 2107 occasionesque
1272 2067 1307 2097 ad
1328 2066 1507 2106 capiendum
1521 2067 1628 2104 varias,
1639 2067 1745 2097 callide

62 2115 213 2154 egentibus
238 2115 294 2145 hoc
310 2115 395 2151 dixit,
413 2115 463 2145 sed
480 2115 517 2145 de
533 2114 673 2145 fratribus
687 2114 756 2144 item
772 2113 914 2152 nostrisp
925 2115 1089 2152 excogitant
1101 2121 1108 2149 ;
1121 2121 1176 2142 nec
1187 2111 1215 2142 id
1229 2120 1281 2150 per
1293 2110 1371 2141 diem
1385 2110 1492 2147 solum,
1506 2111 1556 2140 sed
1576 2120 1629 2150 per
1644 2115 1745 2141 noctes

63 2159 210 2195 omnibus,
228 2159 277 2200 qui
294 2169 352 2189 non
368 2159 445 2189 fame
463 2159 567 2199 pamis,
585 2163 614 2189 et
643 2159 692 2189 siti
717 2167 811 2198 aquae,
829 2158 881 2188 sed

62 2202 209 2243 segnitiei,
227 2207 256 2233 et
272 2203 481 2233 inobedientize
507 2202 712 2233 mandatorum
737 2202 790 2232 Dei
806 2211 880 2232 con-

63 2249 227 2279 tabescunt.
256 2246 368 2278 Omnes
397 2247 496 2287 itaque
526 2255 692 2284 curramus,
723 2247 879 2286 anicquam

63 2292 146 2323 nobis
162 2301 214 2332 per
229 2295 356 2322 mortem
386 2291 568 2331 pcenitentim
594 2292 686 2331 janua
713 2290 879 2321 claudatur.

63 2337 231 2376 Curramus,
265 2340 295 2366 ut
332 2340 400 2366 ante
439 2337 548 2366 exitum
580 2335 879 2375 comprehendamus.

63 2381 256 2420 Festineinus,
273 2385 303 2410 ut
318 2381 509 2420 accipiamus.
540 2380 706 2416 Pulsemus,
737 2382 767 2410 ut
783 2378 881 2419 prius-

65 2435 148 2466 quam
162 2425 199 2456 de
211 2425 266 2456 hac
279 2425 345 2456 luce
357 2425 530 2464 migremus,
544 2424 671 2465 paradisi
693 2427 805 2463 portam
822 2422 882 2453 Do-

64 2472 158 2502 minus
173 2469 260 2500 nobis
274 2472 399 2506 reseret,
417 2473 445 2499 et
461 2469 593 2509 seipsum
610 2468 790 2498 manifestet.
809 2467 882 2498 Stu-

64 2517 182 2546 deamus
197 2523 321 2553 regnum
338 2513 479 2544 contorum
496 2513 574 2543 intra
602 2523 656 2543 nos
673 2512 837 2552 acquirere,
855 2515 885 2542 et

64 2560 188 2600 idipsuni
205 2567 397 2598 cognoscere,
428 2567 461 2588 ac
487 2558 610 2594 sentire,
641 2561 670 2587 et
697 2566 736 2587 ne
750 2556 815 2586 sine
831 2556 882 2587 illo

66 2605 131 2635 hinc
146 2603 343 2633 discedamus.
360 2601 468 2632 Ircirco
485 2602 564 2632 enim
581 2601 726 2632 etChristi
744 2600 881 2631 mandato

66 2657 116 2688 pro
131 2647 264 2678 subsidio
294 2646 415 2686 utimur,
443 2649 546 2686 utpote
576 2649 696 2686 propter
709 2654 775 2682 nos,
801 2644 883 2675 inﬁr-

66 2693 252 2731 mitatemque
269 2695 401 2722 nostram
427 2689 611 2730 praescripto.
641 2689 756 2721 Idcirco
771 2698 883 2720 renun-

101 2777 127 2802 ‘9
140 2777 212 2808 Luc.
228 2784 280 2813 vn,
297 2775 347 2806 50.
390 2775 420 2800 90
432 2775 535 2806 Matth.
553 2783 622 2812 xxv,
639 2773 688 2806 40.

925 2158 1029 2188 etiam:
1043 2166 1098 2187 nec
1107 2156 1259 2195 vigilantes
1276 2155 1374 2193 modo,
1387 2164 1489 2185 verum
1502 2155 1590 2185 etiam
1598 2155 1746 2185 dormien—

923 2206 968 2232 tes
978 2201 1205 2240 aggrediuntur;
1217 2199 1366 2230 interdum
1379 2199 1498 2239 quidem
1510 2199 1745 2236 titillationibus,

923 2246 1192 2281 etexorationibus;
1208 2244 1357 2275 interdum
1372 2243 1505 2274 ciborum
1518 2243 1746 2274 interdictorum

922 2294 1007 2329 gustu
1024 2300 1031 2327 ;
1049 2289 1196 2320 interdum
1214 2298 1280 2319 cum
1291 2288 1415 2325 lacibus,
1429 2287 1614 2327 lampadibus
1624 2293 1653 2318 et
1665 2288 1745 2318 ensi-

924 2335 979 2364 bus
992 2338 1129 2374 tanquam
1140 2333 1280 2369 latrones,
1294 2337 1415 2364 etmare
1435 2333 1582 2364 latronum
1599 2342 1652 2363 nos
1665 2333 1746 2362 inva-

925 2378 1008 2416 dunt,
1026 2382 1232 2418 terroremque
1258 2377 1362 2407 mortis
1390 2376 1548 2406 incutiunt.
1576 2376 1748 2407 Percellunt

925 2432 978 2453 nos
987 2421 1265 2453 arbitrantesetiam
1277 2431 1294 2451 a
1304 2427 1386 2451 recto
1409 2420 1517 2451 itinere
1528 2429 1694 2451 aversuros.
1712 2420 1747 2451 Et

924 2466 1060 2497 nonnulli
1076 2466 1197 2505 quidem
1213 2465 1250 2496 de
1266 2465 1338 2504 ipsis
1355 2469 1476 2495 monent
1491 2465 1555 2495 ﬁeri
1570 2474 1630 2495 non
1647 2475 1744 2505 posse,

925 2516 956 2542 ut
967 2511 1100 2552 quandiu
1116 2511 1250 2548 vivimus,
1268 2511 1357 2551 hujus
1371 2510 1425 2541 via:
1451 2511 1639 2541 difﬁcultates
1653 2510 1746 2541 susti-

925 2565 1058 2588 neamus.
1076 2555 1148 2596 Alii,
1164 2556 1227 2586 haec
1243 2565 1309 2586 esse
1336 2555 1519 2594 infrugit'era,
1538 2559 1566 2586 et
1580 2565 1645 2595 quae
1660 2555 1746 2586 labo-

923 2599 1058 2630 rantibus
1073 2600 1184 2630 nullam
1218 2605 1327 2639 queant
1354 2599 1511 2629 utilitatem
1543 2608 1657 2638 parere.
1687 2599 1747 2631 Alii

924 2654 1075 2684 nunquam
1093 2653 1159 2675 esse
1175 2653 1231 2674 nec
1247 2644 1310 2674 fore
1326 2645 1415 2674 ﬁnem
1432 2644 1520 2683 hujus
1529 2644 1592 2680 viae,
1611 2653 1646 2674 eo
1662 2653 1746 2684 argu-

925 2694 1036 2726 mento,
1053 2688 1132 2729 quod
1148 2688 1324 2728 quibusdam
1340 2697 1388 2719 res
1417 2697 1519 2729 parum
1535 2687 1664 2719 feliciter
1680 2697 1746 2728 pro-
