1978 3078
227 191 286 223 467

877 188 1066 221 SYMEONIS
1078 187 1260 221 JUNIORIS

1858 195 1914 227 468

224 257 359 294 cesserit,
377 260 405 287 et
421 256 493 287 eoin
502 255 606 295 primis
617 255 695 296 quod
710 255 760 296 qui
771 255 896 286 multum
908 254 1053 295 temporis
1063 258 1084 283 Α
1095 254 1238 285 adversus
1247 263 1328 295 eum,
1341 264 1399 287 non
1412 265 1610 295 murmurare,
1623 267 1682 289 non
1703 259 1840 298 illudere,
1857 270 1915 291 non

223 302 252 332 in
284 302 339 332 hoc
363 300 479 331 vivendi
503 309 613 339 genere
639 300 854 337 contriverunt,
881 299 996 331 nullum
1013 308 1047 330 ex

222 346 417 377 diuturnitate
433 346 560 376 fructum
577 345 772 385 reportarint,
784 344 853 375 dum
871 344 1001 385 putarint
1016 354 1048 375 se

222 400 339 422 cursum
359 390 566 420 mandatorum
584 389 636 420 Dei
653 398 785 427 currere,
801 389 865 419 etid
876 399 934 419 non
943 399 1048 420 secun-

221 436 292 466 dum
310 435 480 474 scientiam,
499 444 531 464 ac
546 443 617 464 sano
643 433 757 473 judicio
775 433 974 474 praestiterint,
991 434 1043 464 sed

221 480 258 510 ad
275 489 425 519 numeros,
439 488 514 518 quos
528 478 586 508 sibi
602 477 749 515 finxerint,
768 482 796 508 et
809 478 845 508 ad
858 478 1041 518 opinionem,

221 534 308 564 quam
325 524 361 554 de
379 533 411 554 se
425 523 480 563 ipsi
497 523 586 553 stulte
602 522 761 553 habuerint
779 531 785 553 :
814 522 922 563 quibus
938 523 1042 554 merito

221 568 307 599 etiam
317 577 435 607 gressus
444 567 606 597 secundum
615 567 705 597 Deum
715 567 1040 607 prmciduntur,illusis,

220 617 250 643 et
265 613 299 643 ad
319 622 352 643 ea
369 622 434 652 qua:
450 617 530 642 retro
548 615 617 642 sunt
637 611 864 651 revertentibus,
883 621 973 651 seque
990 621 1043 651 per

220 657 427 696 negligentiam
438 657 577 696 maligno,
592 656 626 686 ad
644 665 726 686 suam
739 655 768 686 in
784 655 856 696 ipsis
865 656 1042 687 voluntatem

221 702 403 741 explendam
422 701 619 732 tradentibus.

261 745 318 777 Sed
334 755 452 785 curch
469 746 524 776 ista
537 746 613 786 apud
626 756 676 776 vos
692 746 796 777 fratres
807 754 888 776 meos
900 745 1040 784 spiritua-

220 791 264 821 les
278 791 391 821 dissero
407 791 422 820 ἲ)
446 790 518 826 Quia
545 790 693 821 nimvrnm
723 790 868 821 excedunt
881 789 1041 820 adversarii

218 835 314 866 nostri
327 835 446 869 diaboli,
459 835 716 876 malignorumque
729 836 793 875 ejus
803 834 961 875 spirituum
972 835 1042 865 insi-

218 879 275 911 dim
290 884 319 910 et
336 880 491 910 tendiculzc
534 879 764 910 Consideremus
779 888 832 909 nos
845 879 925 918 ipsos
940 879 970 909 in
983 879 1038 919 via,

1090 299 1230 346 irridere,
1243 301 1272 331 in
1280 301 1554 346 judicionunquam
1567 313 1622 335 nec
1635 314 1733 344 parva,
1746 315 1800 336 nec
1812 315 1915 346 magna

1089 343 1126 389 de
1141 354 1174 375 re
1191 345 1384 377 contendere.
1401 343 1663 379 Persuasissimum
1680 359 1750 389 ergo
1765 343 1911 388 habeaiis,

1088 388 1195 419 fratres
1212 390 1272 420 mei
1287 390 1400 429 dilecti,
1418 391 1492 422 nihil
1511 395 1569 422 tam
1585 392 1672 423 facile
1687 388 1813 424 salutem
1829 394 1913 425 vobis

1087 433 1327 470 cenciliaturum,
1340 444 1427 474 quam
1438 435 1538 466 divina
1549 435 1798 477 Salvatorisjussa
1812 438 1910 469 faces-

1085 486 1164 508 sere.
1182 477 1383 509 Nihilominus
1399 480 1500 510 multis
1515 480 1664 521 lacrymis,
1682 482 1773 512 multo
1791 482 1907 520 timore,

1085 521 1178 552 multa
1190 522 1340 562 patientia,
1352 524 1630 565 perseverantiaque
1641 524 1671 555 in
1678 526 1815 566 precibus
1822 527 1907 557 nobis

1085 575 1158 605 opus
1173 570 1229 603 est,
1242 570 1272 596 ut
1294 567 1398 598 saltem
1414 568 1502 599 unius
1517 569 1601 600 verbi
1615 569 1732 600 Domini
1748 571 1840 602 virtus
1855 580 1906 602 re-

1083 609 1200 654 veletur
1209 610 1306 651 nobis,
1317 615 1348 641 ut
1365 621 1522 643 noscamus
1539 613 1617 654 quod
1634 614 1664 644 iu
1680 614 1776 654 parvis
1789 624 1905 646 sermo-

1085 653 1174 685 nibus
1187 655 1250 695 ejus
1262 654 1466 687 absconditum
1480 661 1525 688 est
1536 653 1721 698 mysterium,
1733 663 1764 689 ut
1779 669 1831 699 pro
1847 669 1906 690 uno

1085 699 1168 738 apice
1184 699 1389 730 mandatorum
1406 701 1514 732 Christi
1529 702 1647 732 animas
1661 707 1778 734 nostras
1794 713 1907 743 ponere

1083 751 1121 772 ne
1134 743 1316 774 dubitemus.
1332 745 1438 775 Sermo
1453 745 1533 776 enim
1551 745 1606 776 Dei
1617 751 1759 783 armatus,
1777 752 1806 778 et
1823 747 1908 787 quasi

1083 787 1200 826 gladius
1208 797 1317 828 anceps
1330 788 1372 826 28,
1390 792 1419 819 et
1434 798 1450 819 a
1465 799 1523 830 quo
1539 790 1605 831 quis
1620 790 1714 822 victus
1729 795 1784 829 est,
1795 791 1860 831 ejus
1876 795 1907 822 et

1084 839 1185 862 servus
1201 836 1244 862 est
1257 832 1297 864 ’9.

1124 875 1264 906 Utautem
1271 878 1406 917 exemplo
1419 887 1537 919 quoque
1545 879 1688 910 credibile
1698 879 1815 920 faciam,
1824 880 1903 920 quod

219 924 256 954 de
273 934 329 964 qua
343 924 481 961 diximus,
500 924 548 963 qui
565 924 609 954 vel
636 933 730 964 nuper
747 932 811 954 eam
829 923 979 963 inivimus,
995 924 1039 954 vel
1082 920 1160 958 dico,
1174 920 1433 961 vosinterrogabo.
1445 923 1498 954 Cui
1518 932 1583 953 cum
1595 924 1710 964 decem,
1723 928 1772 954 aut
1787 924 1903 956 duode-

217 969 329 999 diulius
345 968 373 998 in
391 978 424 999 ea
436 969 633 1006 perreximus,
647 973 675 997 et
688 968 725 998 ab
742 967 880 998 omnibus
896 967 960 997 istis
975 977 1039 1007 quae
1082 964 1139 995 cim
1152 964 1221 995 viris
1239 970 1378 1006 suscepta
1390 970 1434 997 est
1453 967 1615 1004 dimicatio,
1630 968 1698 998 dum
1718 977 1821 999 manus
1837 977 1904 999 cum

218 1012 304 1044 dictae
316 1019 383 1043 sunt
396 1013 533 1043 bestiiset
545 1013 718 1049 latronibus,
733 1013 826 1043 multa
837 1012 955 1052 quidem
963 1013 1038 1052 passi
1081 1008 1118 1039 iis
1134 1009 1275 1046 conserit,
1288 1010 1312 1040 si
1326 1010 1535 1050 antesignanos
1551 1016 1578 1042 et
1606 1011 1784 1043 fortissimos
1800 1022 1904 1043 eorum

217 1067 319 1088 eorum
329 1057 713 1097 quaicoimnemoravimus,
723 1057 920 1097 gratiaautem
930 1057 1038 1087 Christi
1080 1053 1167 1083 Simul
1184 1054 1278 1093 prima
1294 1054 1491 1094 impressione
1506 1055 1535 1086 in
1547 1056 1645 1095 fugam
1657 1057 1846 1097 compulerit,
1859 1066 1905 1088 re-

215 1111 312 1142 neque
322 1102 781 1142 adulationibusdecepti,neque
789 1101 1031 1140 elegantiarerun

1103 1107 1176 1138 quos
1191 1098 1399 1136 vulneraverit,
1426 1108 1460 1130 ac
1485 1101 1691 1140 prostraverit,
1709 1110 1802 1132 unum
1819 1110 1902 1142 vero,

213 1146 418 1186 apparenlium
433 1147 467 1176 ad
480 1146 657 1186 voluptatem
673 1146 771 1176 furtim
785 1145 1038 1185 pertracti,neque
1080 1149 1128 1186 aut
1141 1142 1215 1172 duos
1227 1151 1262 1173 ex
1275 1143 1322 1173 his
1332 1143 1585 1183 despicabiliores,
1599 1145 1840 1185 infirmioresque
1850 1155 1904 1176 re-

214 1185 319 1220 timorc
335 1194 384 1220 aut
398 1190 484 1220 minis
503 1191 537 1220 ad
558 1189 767 1220 declinandum
781 1190 816 1219 de
828 1193 908 1219 recta
918 1189 974 1226 via,
989 1194 1039 1219 aut
1080 1185 1167 1216 lictos
1179 1191 1280 1226 postea
1290 1187 1405 1225 timide,
1418 1192 1523 1219 etcum
1536 1188 1691 1220 blanditiss
1703 1190 1806 1229 procul
1821 1189 1857 1220 ad
1870 1199 1904 1221 se

213 1243 230 1264 a
244 1244 399 1274 progresm
411 1235 612 1265 desistendum
621 1234 732 1270 inﬂexi,
742 1243 839 1273 neque
847 1242 916 1263 vero
927 1238 1037 1264 retror—
1081 1230 1233 1261 venienles
1245 1231 1361 1272 Vident,
1371 1241 1424 1263 nec
1431 1242 1592 1264 occurrens
1603 1242 1655 1264 eos
1666 1234 1902 1274 comprehende-

214 1279 421 1309 sumronversi
434 1288 547 1315 sumus,
563 1278 615 1309 sed
628 1278 735 1318 potius,
749 1278 905 1318 etquidem
917 1282 1037 1309 conten-
1078 1274 1127 1314 rit,
1146 1284 1250 1305 manus
1267 1285 1344 1315 pone
1359 1277 1528 1314 revinxerit,
1559 1281 1608 1308 aut
1624 1278 1779 1315 occiderit,
1799 1288 1901 1310 nonne

214 1328 271 1353 tius
288 1324 448 1354 currimus.
467 1325 543 1354 Num
567 1323 596 1353 in
627 1323 676 1353 tali
705 1326 782 1352 statu
811 1326 840 1352 et
867 1322 1035 1353 conditione
1078 1319 1194 1350 Smilel‘
1209 1320 1244 1350 ab
1256 1320 1292 1350 iis
1305 1321 1368 1361 ipse
1385 1321 1605 1352 trucidabitur?
1622 1321 1781 1354 Sienimex
1794 1333 1902 1363 super-

213 1372 326 1403 no.~tra,
343 1368 454 1407 quievit
468 1377 483 1396 a
510 1367 594 1397 nobis
622 1366 829 1406 oppugnandis
844 1365 966 1396 Satanas
984 1377 991 1403 ;
1008 1371 1036 1397 et
1077 1363 1125 1394 bia
1135 1365 1338 1404 etarrogantia
1347 1366 1488 1406 projectis
1497 1367 1901 1408 armisrecubuerit,illisque

214 1421 284 1441 num
303 1412 459 1451 aliquando
477 1411 595 1442 tandem
614 1411 770 1451 quieturus
786 1410 856 1441 est?
878 1412 1033 1451 Nunquam

213 1465 284 1486 sane
309 1456 455 1491 Quocirco
466 1458 543 1486 Deus
559 1465 678 1495 semper
691 1454 777 1485 nobis
789 1464 904 1485 summo
920 1455 1037 1487 deside-

1077 1409 1254 1448 contemptis
1269 1409 1393 1449 supinus
1417 1410 1603 1448 dormiverit,
1629 1421 1665 1441 an
1680 1421 1739 1441 non
1756 1412 1854 1443 sciens
1871 1416 1903 1442 et

1080 1452 1181 1483 volens
1197 1454 1226 1483 in
1242 1454 1415 1485 servitutem
1430 1455 1547 1486 miseris
1563 1456 1622 1486 iliis
1644 1465 1676 1487 se
1691 1456 1810 1486 tradidit
1824 1459 1838 1487 ’ἶ
1851 1457 1900 1487 An

211 1499 269 1537 rio,
288 1505 406 1540 totaque
424 1506 524 1530 mente
555 1501 686 1530 orandus
713 1504 767 1535 est,
786 1508 824 1529 ne
839 1509 892 1529 nos
907 1510 1035 1540 unquam
1080 1506 1138 1527 non
1149 1498 1196 1537 qui
1208 1499 1513 1538 superveneruntduo
1526 1509 1560 1530 ex
1575 1500 1899 1538 illis,autetiamunus,

211 1545 338 1575 inescari
352 1555 367 1574 a
381 1545 518 1582 maligno,
534 1549 583 1575 aut
595 1545 654 1575 falli
669 1544 804 1584 patiatur.
826 1544 894 1575 Haec
911 1554 1002 1585 pauca
1019 1556 1034 1577 e
1045 1542 1064 1566 C
1077 1540 1200 1581 ligatum
1214 1552 1280 1573 eum
1293 1543 1323 1573 in
1333 1553 1387 1574 SUO
1398 1544 1547 1584 mancipio
1560 1545 1693 1585 habebit,
1705 1549 1734 1575 et
1747 1554 1798 1585 pro
1809 1554 1900 1576 servo

211 1588 313 1619 multis
328 1589 551 1619 deccrtantibus
567 1588 793 1628 disputavimus.

251 1633 336 1664 Deiis
348 1643 445 1673 porro,
461 1633 510 1673 qui
523 1633 602 1662 nulla
616 1632 799 1668 discrimine,
810 1635 838 1662 et
849 1632 920 1662 nihil
933 1634 1032 1664 omnia

210 1678 376 1718 pendentes
391 1678 448 1708 hac
461 1678 529 1713 vita,
549 1681 577 1707 et
591 1676 647 1707 vita
664 1676 966 1717 ingrediuntur,,quid
978 1687 1030 1717 ego

212 1723 309 1755 dicam
328 1723 340 1752 ἲ
355 1721 595 1762 quandoquidem
613 1721 692 1752 velut
709 1721 836 1760 stupida)
851 1730 918 1752 aves
933 1723 1029 1754 omnis

209 1767 329 1808 generis
345 1765 454 1797 diaboli
485 1766 598 1806 laqueis
625 1764 810 1802 irretiuntur,
827 1769 921 1796 semet
936 1767 1028 1797 cuivis

207 1810 326 1842 at‘f‘ectui
341 1810 485 1841 dedentes
496 1820 529 1840 ac
538 1810 750 1848 mancipantes,
764 1813 793 1839 et
803 1818 900 1840 escam
910 1819 1029 1850 semper

209 1855 337 1895 maligno
356 1864 388 1885 se
407 1854 594 1893 ubjicientcs,
609 1853 820 1890 circumeunti,
849 1858 877 1884 et
894 1856 1028 1893 rugienti

207 1900 307 1930 instar
318 1899 425 1938 leonis,
437 1899 644 1938 quaerentique
651 1907 739 1938 quem
746 1897 907 1935 devoret”,
917 1902 944 1930 et
954 1900 1029 1930 mori

207 1947 383 1983 praeoptarit,
401 1952 487 1982 quam
507 1952 522 1972 e
538 1943 676 1973 dentibus
691 1947 720 1975 et
735 1942 869 1974 faucibus
884 1943 949 1982 ejus
965 1953 1028 1973 cru-

205 1988 366 2019 delissimis
380 1987 505 2018 extrahi.
520 1987 629 2018 Hortor
639 1988 749 2028 itaque,
763 1991 791 2017 et
812 1996 915 2018 omnes
930 1991 1027 2018 oratos

205 2032 270 2062 velo
287 2032 316 2062 in
333 2031 452 2062 Christo
466 2031 547 2068 Jesu,
565 2037 596 2062 ut
613 2031 808 2072 sibimetipsis
824 2031 986 2072 attendant,
1000 2036 1028 2062 et

204 2076 408 2116 unusquisque
422 2085 478 2106 non
492 2076 557 2115 plus
569 2085 655 2115 quam
668 2080 794 2116 oportet,
805 2076 857 2106 sed
865 2075 1026 2106 adsobrie-

206 2124 293 2151 tatem
310 2120 404 2160 sapiat
418 2120 459 2156 “3?,
488 2121 690 2160 directamque
717 2120 806 2160 viam,
824 2129 888 2160 quzr
904 2121 982 2151 Deus
997 2125 1026 2151 et

204 2165 340 2197 Christus
352 2168 406 2202 est,
421 2164 553 2195 ambulet
565 2165 623 2204 (cui
632 2169 660 2195 et
671 2165 852 2205 respondere
866 2164 1023 2204 oportebit,

1074 1586 1230 1617 abducet?
1258 1591 1308 1617 aut
1339 1588 1363 1617 si
1390 1588 1478 1619 etiam
1495 1589 1593 1628 gladio
1605 1589 1795 1629 jugulaverit,
1810 1589 1902 1620 faciet

1074 1631 1211 1661 omnibus
1228 1631 1401 1662 mortalibus
1417 1632 1577 1663 ludibrium
1593 1633 1605 1664 ?
1627 1635 1735 1664 Annon
1753 1638 1901 1673 praeterea

1073 1683 1176 1705 omnes
1189 1675 1233 1706 sui
1251 1676 1449 1716 negligentem
1465 1681 1493 1707 et
1508 1677 1706 1709 confidentem
1722 1677 1817 1715 illum,
1833 1677 1898 1709 imo

1071 1717 1242 1750 dementem
1259 1729 1294 1750 ac
1323 1721 1473 1760 stupidum
1503 1721 1610 1752 merito
1642 1731 1750 1752 caesum
1766 1721 1899 1753 dicent?

1070 1763 1199 1793 Omnino
1209 1764 1289 1794 enim
1305 1774 1363 1794 non
1376 1769 1433 1795 tam
1453 1765 1610 1796 laudabilis
1627 1766 1682 1797 erit
1698 1771 1822 1806 propter
1835 1776 1897 1806 pu-

1069 1816 1157 1846 gnam
1167 1812 1194 1838 et
1204 1807 1357 1839 victoriam
1374 1809 1454 1840 illam
1471 1814 1574 1840 contra
1591 1812 1737 1848 fortiores,
1754 1820 1840 1851 quam
1850 1811 1896 1841 vi-

1070 1851 1254 1890 tuperabilis,
1284 1852 1514 1891 abominandus,
1544 1859 1572 1884 et
1595 1854 1823 1894 vilipendendus
1838 1864 1897 1886 seu

1070 1904 1183 1939 servus,
1194 1905 1246 1926 seu
1255 1901 1400 1934 mortuus,
1413 1902 1444 1928 ut
1454 1898 1546 1929 libere
1558 1899 1667 1936 dicam,
1691 1899 1769 1939 quod
1781 1898 1817 1929 ab
1832 1909 1898 1930 uno

1070 1938 1120 1970 illo
1139 1941 1234 1971 victus
1251 1941 1300 1972 sit.
1318 1941 1367 1972 Sic
1382 1941 1482 1982 igitur,
1508 1942 1613 1973 fratres
1637 1938 1895 1984 mei’charissimi,

1069 1984 1142 2015 nihil
1152 1984 1237 2015 nobis
1249 1985 1393 2025 proderit,
1406 1986 1431 2015 si
1445 1986 1607 2026 majoribus
1618 1987 1896 2027 perturbationibus

1071 2028 1219 2065 edomitis,
1236 2028 1265 2059 in
1284 2029 1432 2060 minorum
1460 2034 1608 2070 potestate
1633 2031 1737 2062 simus.
1755 2032 1897 2071 Exempli

1069 2072 1163 2111 gratia
1179 2073 1295 2113 (eadem
1312 2073 1392 2103 enim
1409 2083 1510 2105 rursus
1536 2074 1643 2112 dicam,
1670 2080 1699 2106 et
1713 2075 1813 2106 dicere
1829 2085 1894 2106 non

1069 2117 1212 2154 desinam)
1228 2118 1251 2148 si
1268 2117 1365 2148 carnis
1376 2118 1601 2158 inquinamenta
1611 2120 1782 2157 vitemus,si
1797 2119 1833 2150 ab
1845 2120 1895 2150 in—

1065 2160 1154 2201 vidia,
1171 2165 1200 2192 el
1215 2161 1303 2193 furtis
1319 2163 1417 2201 magni
1435 2164 1576 2194 momenti
1601 2164 1814 2201 abstineamus,
1831 2165 1856 2195 si
1875 2175 1894 2196 a

202 2209 321 2248 utjusto
335 2208 443 2244 Judici,
457 2209 544 2249 etqui
555 2208 757 2239 circumscribi
770 2208 881 2248 nequit)
894 2217 951 2238 non
967 2209 1021 2239 de-
1034 2218 1055 2242 ι)
1066 2205 1185 2236 nefariis
1199 2215 1357 2245 puerorum
1370 2208 1532 2244 amoribus,
1548 2212 1576 2238 et
1591 2217 1692 2239 aversa
1712 2208 1847 2246 libidine,
1864 2209 1893 2240 si

202 2252 348 2283 clinantes
357 2253 392 2283 ad
403 2253 548 2290 dextram,
564 2263 618 2283 nec
629 2253 666 2283 ad
680 2253 830 2284 sinistram
839 2253 882 2282 πε
898 2253 949 2283 sed
959 2253 1024 2293 ejus

200 2296 323 2336 vestigia
348 2301 491 2337 perpetuo
521 2301 704 2337 prementes,
736 2297 766 2327 in
796 2297 942 2328 mandatis
958 2297 1023 2336 ejus

201 2341 340 2371 omnibus
365 2341 479 2381 absque
495 2341 554 2372 ulla
570 2341 731 2372 emissione
761 2341 973 2378 custodiendis,
991 2347 1023 2372 ut

201 2385 357 2416 salvemini
373 2386 449 2415 sicut
465 2395 571 2425 caprea
587 2395 602 2416 e
619 2385 754 2423 maculis,
782 2392 810 2415 et
830 2395 931 2425 passer
947 2395 962 2416 e
978 2385 1021 2416 la-

199 2429 316 2470 queoﬂ.
327 2430 457 2461 Primum
466 2430 575 2470 quippe
584 2430 754 2460 mandatum
763 2434 817 2467 est,
830 2429 953 2469 diligere
961 2430 1022 2460 Do-

200 2474 312 2505 minum
323 2474 428 2510 Deum,
441 2479 469 2505 et
481 2475 617 2506 mandata
625 2474 860 2515 ejusservareifﬁ,
874 2474 1023 2514 sicutipse

197 2518 260 2549 ait:
294 2519 354 2556 Οιιὶ
378 2519 481 2559 diligit
503 2528 559 2555 me,
592 2519 737 2551 mandata
751 2528 819 2550 mea
834 2520 964 2550 custodit
977 2519 1018 2546 96.

196 2561 378 2598 Secundum,
394 2563 518 2603 diligere
530 2563 607 2594 inter
616 2573 659 2599 se,
677 2564 754 2594 sicut
769 2564 832 2604 ipse
848 2563 1021 2594 Deusmun-

194 2606 265 2637 dum
281 2607 395 2637 dilexit.
411 2606 488 2638 Vera
502 2611 601 2638 autem
617 2608 737 2638 dilectio
754 2608 800 2638 his
815 2608 898 2648 quasi
914 2609 1017 2639 chara-

194 2651 325 2682 cterihus
340 2652 528 2690 cognoscitur
537 2651 579 2688 27,
597 2652 737 2683 adversus
752 2652 871 2683 fratrem
888 2662 946 2683 non
969 2653 1017 2683 in-

193 2695 268 2733 ﬂari,
285 2705 341 2726 nec
357 2696 469 2735 efferri,
486 2706 541 2727 nec
556 2696 688 2727 mmulari
704 2697 799 2734 illum,
816 2696 867 2727 sed
884 2695 1017 2727 aemulari

191 2738 301 2770 bonum
317 2749 323 2771 :
354 2750 411 2771 non
424 2750 512 2783 agere
530 2750 697 2782 perperam,
717 2751 775 2772 non
793 2750 860 2772 esse
874 2741 1017 2772 audacem

231 2817 254 2839 ²¹
272 2817 376 2849 IPetr.
393 2828 422 2856 v,
446 2820 475 2851 8.
518 2820 545 2841 99
559 2821 645 2851 Rom.
662 2829 713 2858 xu,
743 2822 773 2851 3.
816 2820 848 2846 25
861 2821 948 2853 Deut.
964 2829 1035 2853 xvu.

191 2864 250 2888 xxv.
271 2859 319 2889 t5.
362 2859 390 2883 27
405 2859 416 2890 l
431 2859 497 2891 Cor.
515 2868 578 2898 xm,
596 2861 610 2891 1
628 2869 712 2901 seqq.
756 2860 785 2886 98
798 2860 890 2893 Hebr.
908 2869 949 2900 Iv,
967 2861 1014 2892 12.

1065 2259 1081 2280 a
1098 2250 1232 2290 mollitie,
1248 2255 1278 2282 et
1300 2252 1380 2282 omni
1408 2252 1464 2282 alia
1492 2253 1657 2292 petulantia
1672 2257 1889 2292 temperemus,

1064 2294 1135 2324 vitio
1153 2298 1250 2324 tamen
1265 2295 1388 2333 ventris,
1414 2300 1464 2326 aut
1488 2296 1579 2326 multo
1606 2297 1683 2333 vino,
1702 2302 1752 2328 aut
1767 2306 1890 2338 somno,

1064 2341 1112 2368 aut
1121 2337 1248 2375 inertiae,
1260 2339 1452 2378 autpigritize,
1464 2337 1891 2377 contradictioni,inobediené

1065 2382 1124 2420 tiae,
1133 2384 1359 2413 murmurationi
1372 2389 1509 2425 tanquam
1516 2385 1604 2422 servi,
1617 2386 1890 2424 etflagrionessub-

1062 2426 1211 2466 jiciamur,
1230 2437 1330 2468 quem,
1354 2428 1490 2465 obsecro,
1517 2438 1551 2459 ex
1567 2429 1629 2460 sola
1643 2439 1766 2470 operum
1785 2429 1888 2469 pessi;

1065 2480 1181 2501 morum
1192 2471 1370 2503 abstinentia
1381 2473 1507 2503 fructum
1521 2478 1758 2514 consequemur?
1770 2475 1887 2508 Siclam

1066 2516 1150 2555 panis
1167 2515 1330 2555 fragmenta
1346 2517 1534 2557 surripimus.
1563 2522 1592 2548 et
1621 2519 1816 2557 comedimus,
1832 2526 1889 2552 aut

1062 2559 1214 2600 quippiam
1232 2561 1311 2592 aliud
1336 2561 1456 2592 aliunde
1482 2562 1675 2601 sublegimus,
1703 2563 1792 2604 idque
1807 2565 1887 2596 citra

1062 2605 1238 2644 permissum
1251 2606 1380 2645 praefecti
1394 2608 1499 2643 nostri,
1512 2607 1562 2646 qui
1575 2616 1627 2637 nos
1641 2609 1752 2647 peccati
1768 2608 1884 2639 immu-

1061 2658 1113 2678 nes
1120 2650 1291 2688 pronuntiet
1303 2650 1315 2680 ?
1328 2650 1358 2681 Si
1369 2660 1386 2680 a
1396 2651 1497 2690 synaxi
1508 2651 1621 2692 absque
1633 2661 1737 2691 magna
1745 2654 1885 2693 corporis

1059 2692 1274 2730 imbecillitate,
1284 2699 1333 2725 aut
1344 2696 1467 2726 necessi:
1475 2699 1521 2726 ate
1532 2696 1743 2737 aliquasponte
1753 2692 1888 2729 abfueri-

1061 2738 1148 2770 mus?
1163 2737 1194 2768 Si
1210 2738 1322 2770 fructus
1339 2740 1552 2778 custodientes,
1565 2741 1601 2772 ab
1621 2741 1693 2781 ipsis
1707 2742 1804 2782 gulam
1820 2753 1885 2774 non

1059 2820 1126 2866 ρι’
1142 2820 1190 2866 ft
1208 2821 1350 2866 Ρτοντξιι,
1380 2823 1426 2854 15.
1470 2823 1597 2856 εδΒειιι
1617 2833 1657 2866 v1,
1674 2825 1704 2856 5.
1747 2825 1776 2851 ’ϐ
1789 2825 1880 2860 Joan.

1059 2861 1088 2885 29
1102 2860 1126 2892 [Ι
1142 2862 1222 2892 Petr.
1237 2869 1269 2898 ιι,
1285 2863 1334 2893 19.
