1978 3078
55 171 127 204 469

789 173 930 207 ORATIO
950 173 1046 206 XXX.

1702 169 1760 203 470

54 238 332 270 continuerimus?
345 240 461 270 Etenim
478 240 547 281 quid
564 241 643 271 aliud
658 241 802 273 Adamum
813 250 829 271 e
846 249 893 280 pa-
905 245 926 268 Α
937 239 1121 272 descendere
1138 241 1168 270 in
1186 245 1308 277 terram,
1326 240 1357 270 in
1378 247 1472 279 eaque
1497 238 1663 269 consistere
1678 236 1760 268 nullo

55 283 174 313 radiso
184 284 283 323 ejecit,
296 285 441 324 mortique
450 284 585 314 dedidit?
596 285 671 321 Quid
683 295 717 315 ex
730 285 895 324 graviorum

57 326 194 357 illorum
202 326 341 357 vitatione
349 327 497 357 commodi
507 328 729 359 nanciscemur‘?
744 328 805 358 Nec
816 328 895 358 enim

57 370 223 410 quispiam
241 375 300 401 toto
317 380 440 410 corpore
450 371 539 409 lacer,
558 372 664 402 deinde
681 372 814 412 pluribus
831 381 895 402 me-

57 414 264 451 dicamentis,
277 419 383 454 praeter
400 424 486 446 unam
513 416 660 446 modicam
681 419 794 456 p'agam
809 425 896 446 cura-

57 461 125 495 tus,
141 459 204 489 dici
219 468 308 489 sanus
320 463 428 499 potest,
442 460 468 490 si
478 460 607 490 vulneris
623 469 728 500 parvas
741 460 893 500 reliquias,

58 506 96 533 ut
114 503 264 534 foramem
275 513 344 534 acus
352 505 448 535 adhuc
462 504 668 535 circumferat:
681 505 734 535 sed
747 505 796 545 qui
808 504 896 535 etiam

59 547 228 578 vulnerum
239 547 402 586 cicatrices,
415 549 440 578 si
453 552 558 588 potest,
581 549 742 584 sustulerit.
754 549 804 579 ille
815 558 898 579 cura-

59 595 114 621 tus
132 591 344 631 praedicabitur
359 592 397 622 ob
413 592 563 623 omnibus.
587 592 628 623 Ne
644 593 734 632 igitur
755 593 810 623 ista
826 602 895 633 par-

59 635 264 666 viducamus:
282 636 335 666 sed
350 641 470 676 propter
483 646 518 667 ea
533 637 606 669 alios
622 638 751 676 punitos,
765 642 794 668 et
808 637 897 668 vehe-

62 683 193 710 menter
202 679 356 710 damnatos
370 680 538 720 audientes,
553 681 630 720 quod
648 691 702 711 nos
717 681 787 712 inde
803 691 896 712 nocu-

64 727 208 754 mentum
224 728 332 760 manet,
351 724 418 755 totis
433 725 545 755 viribus
561 725 726 763 fugiamus.
745 725 780 757 Et
796 735 895 762 nemo,

64 768 275 808 dilectissimi,
291 768 321 799 in
336 769 435 809 aliquo
454 770 572 805 horum,
602 775 651 800 aut
679 770 736 800 alio
759 770 897 810 quopiam

65 811 262 853 turbulento,
285 822 319 843 ac
343 813 447 843 vitioso
471 814 578 844 affectu
596 814 632 844 de
647 818 754 845 caetero
778 823 897 854 perma-

67 860 156 894 neat;
183 856 236 887 scd
261 857 331 887 hinc
346 857 409 897 jam
427 858 590 898 proﬂigato,
608 859 790 899 poenitentiae
811 859 896 889 faciat

66 899 205 939 initium,
224 904 253 931 et
265 910 297 932 se
320 901 427 932 victum
449 902 540 933 fuisse
565 903 701 934 conﬁteri
722 913 759 934 ne
788 907 894 941 cesset,

68 944 171 975 donec
186 945 358 984 pudefactus
372 947 685 985 suggestorinimicus,
699 947 734 978 ab
750 957 785 978 eo
801 957 895 987 oppu-

68 989 193 1028 gnando
209 989 392 1021 discesserit.
409 991 453 1021 Ne
477 991 647 1021 dominetur
664 991 756 1022 nostri
772 991 893 1029 invidia,

69 1042 111 1063 ne
128 1033 185 1070 ira,
203 1043 240 1064 ne
255 1034 337 1064 furor
351 1038 383 1064 et
398 1034 520 1072 clamor,
533 1044 567 1065 ex
583 1035 690 1075 quibus
705 1035 895 1075 turpiloquia,

71 1081 103 1107 et
118 1077 308 1108 contumeliae
322 1078 459 1116 generari
481 1084 712 1110 consueverunt.
739 1080 782 1110 Ne
799 1079 896 1109 inanis

70 1121 181 1160 gloria.
199 1121 348 1161 superbia,
366 1122 410 1152 sui
424 1122 579 1153 admiratio
600 1122 687 1153 nobis
702 1123 893 1163 imperantes,

73 1166 103 1195 in
121 1165 300 1205 profundum
314 1166 423 1196 inferni
438 1176 491 1197 nos
509 1167 625 1197 trahant
639 1176 646 1198 :
659 1177 759 1198 verum
776 1167 821 1198 his
834 1177 896 1198 om-

72 1209 165 1240 nibus
191 1211 292 1250 procul
320 1211 532 1248 exterminatis,
556 1212 678 1243 virtutes
702 1220 804 1242 eorum
830 1212 895 1243 loco

72 1262 295 1294 comparemus.

117 1298 178 1330 Sed
200 1304 334 1330 occurrat
356 1299 430 1331 forte
451 1299 608 1340 quisqiam,
626 1309 693 1331 cum
713 1304 771 1330 tam
799 1301 898 1331 multa!

75 1343 148 1382 sint,
158 1346 188 1375 et
199 1344 430 1376 innumerabiles
441 1345 654 1385 propemodum
669 1354 734 1385 quae
742 1345 896 1376 recensita;

76 1392 148 1419 sunt
163 1388 309 1419 motiones
333 1389 363 1419 in
387 1389 620 1429 reprehensione
636 1389 748 1429 positae,
766 1389 832 1428 quis
847 1398 896 1419 eas

77 1442 184 1463 omnes
207 1433 343 1470 scrutari,
370 1438 399 1464 et
420 1433 456 1464 ab
482 1433 633 1464 universis
652 1442 756 1464 cavere
770 1433 827 1463 sibi
842 1443 896 1473 po-

76 1481 146 1514 test,
159 1481 238 1507 utne
253 1477 289 1508 ab
305 1487 364 1508 una
378 1477 498 1518 quidem
525 1481 710 1517 occupetur?
731 1477 817 1513 Quis?
843 1487 896 1516 ego

938 285 1025 316 modo
1041 284 1072 315 in
1081 288 1233 324 posterum
1243 284 1359 314 voletis.
1370 283 1426 313 Per
1435 288 1545 314 terram
1559 291 1648 322 porro
1657 289 1760 312 carna-

937 328 1007 367 lem,
1017 338 1071 369 per
1080 338 1180 359 aerem
1189 328 1353 368 spiritalem
1369 337 1500 364 sensum,
1514 327 1698 366 cogitataque
1708 325 1756 356 iu-

937 373 1050 412 telligo.
1065 372 1137 404 Nam
1150 373 1175 403 si
1192 381 1276 403 mens
1287 372 1389 412 pravis
1404 371 1644 411 cogitationibus,
1658 374 1688 400 et
1698 379 1760 400 mo-

939 417 1017 448 tibus
1025 417 1174 457 expedita,
1192 425 1280 456 quam
1298 416 1433 447 Christus
1449 415 1528 446 Deus
1540 415 1627 446 nobis
1641 413 1761 445 donavit

937 461 1104 492 libertatem
1116 461 1282 501 aspiciendi
1293 460 1461 491 facultatem
1474 459 1644 500 praebuerit,
1655 458 1690 488 ad
1701 458 1760 498 pri-

938 505 1045 535 stinam
1072 505 1185 545 peccati
1213 504 1403 541 servitutem,
1433 504 1627 543 carnalasque
1654 511 1760 533 sensus

938 549 1123 580 descendere
1133 549 1261 589 amplius
1270 558 1330 579 non
1343 548 1556 579 sustinebimus
1569 557 1575 579 ζ
1591 547 1642 578 sed
1655 556 1760 578 secun-

937 593 1007 623 dum
1025 593 1142 624 Domini
1157 594 1279 624 verbum
1290 594 1333 631 50,
1346 593 1466 632 vigilare
1475 597 1598 623 etorare
1607 601 1665 622 non
1677 591 1759 622 desi-

938 646 1053 675 nemus,
1074 638 1169 669 donec
1187 647 1222 669 ac
1236 638 1449 669 beatitudinem
1467 638 1546 668 illam
1566 637 1670 673 evecti,
1687 645 1758 676 pro-

940 682 1039 712 missis
1054 682 1141 713 bonis
1158 683 1313 722 potiamur,
1331 682 1425 722 gratia
1437 688 1467 712 et
1477 681 1689 720 benignitatem
1703 679 1761 710 Do-

939 726 1012 756 mini
1029 727 1121 757 nostri
1140 727 1210 758 Jesu
1228 727 1349 763 Christi,
1365 727 1412 757 cui
1433 727 1529 766 gloria
1548 735 1614 756 cum
1632 728 1715 765 patre
1733 728 1762 754 et

940 774 1041 801 sancto
1055 770 1166 811 Spiritu
1189 781 1268 802 nunc
1284 775 1313 801 et
1331 780 1451 811 semper
1474 770 1609 801 aetatibus
1632 769 1759 800 saeculo-

940 819 1005 841 rum
1022 811 1225 851 sempiternis.
1235 812 1344 851 Amen.

1226 850 1362 882 ORATiO
1390 849 1462 880 XXX
1469 875 1476 881 .

1245 891 1459 921 Aacunsmcn.

936 929 1003 960 Non
1019 938 1082 960 esse
1099 931 1272 968 dicendum,
1289 931 1376 961 hodie
1395 931 1437 960 ad
1457 930 1619 969 fastigium
1636 929 1759 959 virtutis

974 973 1145 1007 pcrveneri,
1156 974 1184 1001 et
1199 979 1266 1001 eum
1280 971 1430 1001 velerit/us
1441 971 1556 1001 sanctis
1568 969 1680 999 certari
1696 977 1757 998 non

977 1011 1203 1047 posse;etiamsi
1214 1009 1295 1041 velis.
1311 1011 1489 1050 Quicunque
1499 1009 1612 1040 divinis
1624 1008 1757 1050 Scriptu-

976 1050 1020 1079 νίς
1030 1051 1185 1081 contraria
1197 1051 1292 1085 docet,
1303 1059 1370 1080 eum
1379 1047 1598 1080 sibi-credentes
1609 1057 1687 1078 nova
1697 1047 1758 1078 hw-

976 1090 1037 1119 rest
1050 1089 1192 1121 imbuere.
1211 1091 1373 1130 Lacrymas
1393 1090 1478 1120 nobis
1498 1098 1516 1120 η
1538 1091 1651 1119 natura
1667 1087 1758 1118 datas

976 1138 1048 1160 €836.

978 1168 1152 1208 Complures
1168 1169 1311 1209 quotidie,
1328 1169 1429 1200 Patres
1447 1173 1476 1199 et
1493 1168 1599 1198 fratres
1616 1167 1686 1203 mei,
1704 1176 1758 1197 nos

938 1212 1026 1243 etiam
1038 1213 1170 1245 dicentes
1186 1213 1334 1250 audimus,
1348 1213 1371 1243 si
1385 1212 1561 1243 vixissemus
1574 1211 1759 1251 temporibus

937 1257 1152 1296 apostolorum,
1163 1257 1347 1288 etCliristum
1360 1257 1483 1298 perinde
1492 1262 1523 1287 ut
1533 1256 1576 1286 illi
1588 1256 1653 1286 istis
1664 1255 1759 1285 oculis

939 1310 1064 1332 cernere
1074 1301 1155 1340 digni
1164 1301 1332 1339 fuissemus,
1348 1311 1400 1332 nos
1411 1302 1640 1341 quoquesancti,
1651 1308 1758 1339 quem-

938 1345 1101 1376 admodum
1125 1346 1168 1376 illi
1193 1346 1399 1376 evasissemus.
1423 1347 1492 1377 ch
1514 1345 1584 1375 dum
1608 1343 1755 1380 dictitant,

938 1389 1074 1428 ignorant
1085 1390 1222 1420 eumdem
1232 1399 1297 1420 esse
1306 1390 1439 1430 quitum,
1451 1390 1561 1429 quique
1577 1397 1655 1418 nunc
1667 1397 1756 1418 mun-

938 1434 975 1464 do
989 1433 1129 1473 loquitur.
1149 1435 1222 1465 Nam
1239 1433 1264 1464 si
1280 1444 1359 1465 nunc
1372 1444 1430 1464 non
1447 1433 1527 1464 idem
1541 1438 1595 1470 est,
1609 1432 1659 1472 qui
1670 1432 1755 1468 olim,

936 1487 1021 1517 aeque
1035 1487 1125 1517 super
1135 1479 1236 1509 omnia
1250 1478 1329 1509 Deus
1345 1483 1374 1509 et
1389 1479 1418 1508 in
1436 1477 1604 1516 efﬁciendo,
1621 1483 1650 1507 et
1666 1476 1696 1506 in
1712 1477 1758 1507 ef-

77 1521 193 1553 Christo
208 1521 365 1561 adjuvante
389 1530 438 1552 vos
464 1521 589 1553 docebo.
621 1521 676 1558 Qui
705 1526 825 1561 peccata
847 1522 1037 1562 suaCfectis,
1063 1523 1211 1562 quomodo
1239 1523 1357 1554 videtur
1380 1523 1411 1553 in
1440 1522 1515 1554 Filio
1544 1530 1663 1561 semper
1677 1521 1759 1560 loqui

77 1574 197 1605 semper
221 1571 288 1596 ante
304 1566 405 1597 oculos
421 1566 521 1603 habet,
546 1566 737 1605 futurumque
750 1566 897 1605 judicium

78 1609 196 1640 assiduo
212 1610 362 1650 prospicit,
381 1620 415 1641 ac
431 1610 607 1650 poenitentia
622 1610 726 1644 fervet,
744 1614 772 1640 et
784 1619 897 1640 amaras

79 1653 175 1684 fundit
184 1654 338 1694 lacrymas,
348 1655 395 1685 hic
407 1655 640 1694 supergreditur,
654 1653 798 1693 longeque
810 1653 898 1685 vincit

80 1697 179 1728 omnia
192 1697 292 1735 simul,
306 1708 323 1728 a
336 1698 509 1738 poenitentia
521 1698 550 1728 in
567 1697 693 1728 sublime
707 1701 800 1737 actus,
814 1702 845 1728 ut
860 1707 897 1728 ne

81 1751 139 1772 una
151 1742 281 1781 quidem,
295 1747 323 1772 et
337 1743 400 1773 sola
415 1752 448 1773 ex
465 1743 552 1773 dictis
567 1742 745 1773 motionibus
767 1742 804 1773 ad
829 1751 896 1773 eum

81 1785 249 1826 pervenire,
263 1787 387 1826 ejusque
414 1791 552 1826 tanquam
574 1795 627 1826 per
643 1795 746 1817 aereas
762 1787 899 1825 regiones

80 1830 266 1860 incedentem
283 1830 411 1860 animam
427 1830 571 1870 attingere
594 1830 695 1870 possit.
715 1830 899 1861 Pmnitentite

81 1883 218 1915 namque,
232 1878 261 1905 et
277 1884 312 1904 ex
327 1875 386 1905 imo
402 1875 491 1906 corde
507 1875 694 1906 emissarum-
706 1875 898 1914 lacrymarum

82 1919 185 1954 fervor,
203 1919 315 1959 peccati
331 1919 435 1950 sordes
459 1919 607 1959 quomodo
632 1919 710 1958 ignis
738 1920 847 1949 conﬁat
872 1925 901 1951 et

82 1962 411 2003 absumit,animamque
427 1963 656 1994 contaminatam
668 1967 807 2003 expurgat
823 1963 897 1993 Tan-

83 2007 203 2037 tumne?
215 2007 274 2037 imo
284 2011 312 2037 et
325 2007 424 2037 lumen
436 2008 549 2046 largum
564 2007 593 2037 in
611 2007 704 2043 illam,
717 2016 770 2047 per
785 2007 896 2038 adven-

84 2055 141 2081 tum
156 2051 284 2089 Spiritus
293 2051 388 2082 sancti
398 2052 555 2090 magniﬁce
565 2052 706 2091 infundit,
719 2055 749 2081 ut
760 2051 829 2082 inde
842 2051 900 2082 mi—

83 2095 253 2132 sericordia,
270 2099 299 2125 et
311 2095 398 2126 bonis
412 2095 557 2126 fructibus
572 2095 715 2126 abundet.
734 2095 817 2131 Quod
841 2095 899 2126 nisi

940 1567 1036 1604 Pater,
1050 1571 1078 1597 et
1088 1567 1180 1598 Filius
1193 1567 1225 1597 in
1241 1569 1327 1598 Patre
1343 1577 1396 1607 per
1411 1566 1553 1606 Spiritum
1571 1566 1634 1596 haec
1644 1565 1756 1596 dicere:

939 1611 1033 1641 Pater
1046 1619 1129 1642 meus
1141 1620 1235 1651 usque
1245 1612 1332 1642 modo
1343 1616 1496 1651 operatur,
1505 1614 1532 1642 et
1541 1618 1595 1649 ego
1605 1609 1759 1649 operor3‘?

938 1654 996 1685 Sed
1013 1654 1133 1694 objiciet
1149 1655 1274 1686 forsitan
1290 1655 1410 1694 aliquis,
1428 1664 1487 1685 non
1506 1654 1586 1684 idem
1602 1658 1658 1689 est,
1675 1653 1758 1682 illum

938 1698 1036 1738 ipsum
1050 1704 1119 1729 tunc
1131 1699 1284 1739 corporeis
1301 1699 1396 1729 oculis
1410 1699 1518 1729 vidisse
1534 1701 1760 1738 corporeum,et

938 1742 1028 1772 hodie
1045 1743 1108 1782 ejus
1123 1744 1213 1773 verba
1223 1743 1363 1774 duntaxat
1373 1743 1488 1778 audire,
1498 1751 1620 1782 qua‘que
1631 1742 1668 1772 ad
1678 1750 1757 1777 eum,

939 1791 968 1817 et
983 1795 1107 1826 regnum
1119 1787 1262 1818 caelorum
1277 1789 1438 1827 pertinent,
1454 1785 1696 1817 ed0ccri.Fateor
1705 1795 1759 1825 ego

940 1840 1069 1870 quoque,
1082 1840 1140 1861 non
1157 1840 1278 1871 prorsus
1289 1831 1368 1862 idem
1385 1841 1451 1862 esse
1467 1840 1545 1861 nunc
1561 1834 1590 1860 et
1605 1835 1692 1860 tunc:
1707 1830 1759 1860 sed

940 1874 1018 1914 quod
1030 1875 1117 1905 modo
1130 1880 1158 1906 et
1169 1885 1249 1906 nunc
1260 1879 1316 1915 est,
1329 1876 1357 1906 id
1370 1876 1418 1906 aio
1435 1875 1522 1913 longe
1534 1875 1630 1913 majus
1642 1883 1718 1910 esse,
1732 1878 1761 1904 et

940 1917 976 1947 ad
993 1918 1156 1956 pleniorem
1172 1919 1274 1959 ﬁdem,
1296 1919 1582 1959 persuasionemque
1599 1918 1758 1948 certiorem

940 1961 1055 1992 facilius
1069 1963 1161 1994 multo
1188 1973 1242 1994 nos
1263 1963 1424 2000 adducere,
1448 1972 1535 2002 quam
1560 1962 1585 1992 si
1607 1966 1679 1993 tunc
1692 1971 1759 1992 eum

939 2006 969 2036 in
981 2015 1105 2046 corpore
1115 2007 1244 2037 humano
1255 2007 1357 2038 videre
1366 2012 1395 2037 et
1405 2007 1509 2037 audire
1521 2006 1607 2036 nobis
1619 2006 1758 2045 conligis-

942 2054 997 2081 set.
1007 2050 1090 2081 Tunc
1102 2051 1181 2081 enim
1192 2051 1313 2082 nefariis
1327 2051 1437 2082 Iudaeis
1449 2051 1538 2081 homo
1550 2050 1661 2080 nullius
1673 2050 1760 2090 pretii

941 2094 1102 2134 apparebat
1116 2105 1122 2124 :
1139 2100 1167 2125 at
1180 2104 1260 2126 nunc
1275 2104 1361 2125 verus
1383 2097 1462 2126 Deus
1477 2104 1494 2124 a
1510 2094 1596 2124 nobis
1614 2093 1759 2133 praedica-

83 2139 178 2170 anima
190 2144 289 2170 nostra
299 2149 316 2170 a
327 2140 500 2180 poenitentia
511 2144 539 2170 et
551 2140 704 2179 Iacrymis,
717 2145 746 2170 et
756 2149 821 2180 quae
830 2140 900 2170 hinc
910 2135 932 2160 Ῑ)
943 2141 999 2169 tur.
1013 2138 1096 2169 Tunc
1108 2148 1173 2168 cum
1186 2138 1351 2178 publicanis
1362 2143 1390 2169 et
1406 2138 1610 2178 peccatoribus
1625 2137 1762 2167 versaba-

84 2184 112 2215 in
128 2193 161 2214 ea
175 2183 307 2214 nascitur
318 2184 494 2219 humilitate,
512 2185 592 2215 velut
617 2184 671 2214 alis
695 2184 849 2224 acquisilis
863 2184 900 2214 ad

85 2228 196 2259 excelsa
209 2229 334 2260 amem;
349 2229 480 2266 tollatur,
499 2239 516 2259 a
531 2229 612 2260 nulla
634 2229 751 2268 harum,
774 2237 899 2268 quarum

86 2272 271 2303 meminimus
295 2272 464 2312 passionum
488 2273 609 2303 liberari
636 2274 822 2313 poterimus:
847 2273 900 2303 sed

86 2325 160 2347 nunc
173 2316 294 2356 quidem
307 2317 343 2347 ab
359 2317 424 2352 hac,
443 2326 522 2347 nunc
537 2317 573 2348 ad
584 2316 641 2347 alia
658 2326 779 2356 semper
793 2317 899 2347 vulne-

85 2360 221 2397 rabimur,
239 2364 268 2390 ct
279 2370 338 2391 non
353 2370 438 2392 secus
450 2371 538 2401 quam
556 2361 592 2391 ab
608 2361 773 2391 immitibus
792 2361 901 2392 belluis

87 2405 302 2445 devorabimur,
318 2415 352 2436 ac
368 2410 433 2445 post
445 2406 558 2436 obitum
575 2406 718 2436 caelorum
744 2415 836 2445 regno
851 2405 899 2435 id-

88 2450 161 2480 circo
169 2449 292 2490 exclusi,
304 2449 445 2489 ptenusin
453 2459 573 2480 omnem
583 2450 780 2481 aeternitatem
793 2458 902 2489 expen-

89 2495 197 2525 demus.
210 2493 306 2529 Quare
316 2503 368 2524 vos
380 2503 484 2524 omnes
506 2494 642 2530 obsecro,
662 2494 830 2534 spirituales
843 2494 902 2524 mei

89 2539 200 2578 fratres,
215 2542 244 2568 et
258 2537 418 2568 obsecrare
434 2538 607 2568 charitatem
619 2542 747 2569 vestram
764 2547 823 2568 non
834 2547 902 2568 ces-

91 2582 166 2618 sabo,
177 2586 208 2612 ut
218 2582 423 2622 unusquisque
438 2582 562 2612 salutem
576 2591 659 2613 suam
673 2591 710 2612 ne
720 2585 901 2619 contemnat;

92 2627 141 2658 sed
155 2626 332 2657 omnimodis
345 2636 362 2657 a
377 2631 457 2657 terra
469 2636 501 2656 se
518 2627 634 2666 paulum
646 2626 753 2657 efferre
765 2629 901 2657 conetur.

91 2671 148 2702 Hoc
161 2671 347 2708 miraculum,
361 2671 440 2712 quod
452 2670 534 2701 vobis
547 2675 699 2712 stuporem
715 2670 851 2708 incussit,
867 2670 903 2701 ab

93 2716 185 2752 humo,
202 2715 334 2754 inquam,
349 2716 380 2746 in
396 2725 466 2746 aera
479 2715 632 2756 suspendi,
645 2715 671 2746 si
681 2715 790 2746 factum
803 2714 903 2752 fuerit,

128 2796 156 2821 30
169 2795 270 2827 Matth.
286 2803 367 2826 xxvx.
383 2795 431 2826 4t.
475 2795 501 2820 3‘
517 2794 603 2827 Joan.
621 2804 650 2832 v,
670 2795 716 2827 17.

942 2187 1001 2220 tur,
1014 2187 1043 2213 et
1053 2183 1151 2214 cibum
1168 2193 1221 2224 per
1229 2193 1340 2224 corpus
1351 2184 1487 2223 capiebat
1499 2193 1505 2214 :
1521 2192 1600 2213 nunc
1612 2183 1647 2213 ad
1658 2182 1763 2212 dexte-

940 2235 1003 2257 ram
1020 2226 1084 2261 Dei,
1097 2232 1126 2257 et
1139 2227 1234 2258 Patris
1245 2228 1292 2258 sui
1303 2228 1450 2263 considet,
1463 2237 1479 2258 a
1495 2237 1552 2267 quo
1566 2230 1763 2266 nunquam.et

941 2280 1085 2310 nusquam
1110 2276 1281 2312 separatus;
1312 2272 1456 2302 mundum
1488 2272 1567 2302 alere
1588 2272 1760 2300 universum

942 2317 1084 2354 creditur,
1101 2317 1166 2348 sine
1182 2327 1239 2358 quo
1255 2317 1330 2348 nihil
1347 2318 1411 2348 ﬁeri
1430 2317 1567 2347 dicimus.
1586 2317 1637 2352 Ac,
1654 2316 1678 2346 si
1694 2324 1761 2346 cre—

942 2361 1051 2397 dimus,
1068 2365 1139 2391 tunc
1153 2371 1170 2392 a
1186 2361 1335 2393 vilissimis
1352 2361 1602 2392 homuncionibus
1617 2359 1762 2400 despicie-

942 2404 1038 2442 batur,
1052 2405 1102 2435 illa
1119 2405 1235 2436 scilicet
1249 2405 1511 2446 opprobrantibus,
1529 2414 1628 2435 nonne
1649 2404 1697 2435 hic
1718 2408 1763 2434 est

943 2449 1052 2486 Mariae,
1067 2454 1095 2479 et
1108 2449 1219 2490 Joseph
1231 2450 1307 2481 fabri
1319 2449 1455 2481 ﬁliusﬁi?
1472 2459 1551 2480 nunc
1566 2458 1583 2479 a
1597 2448 1718 2488 regibus
1733 2453 1762 2478 et

943 2492 1139 2534 principibus,
1156 2498 1188 2524 ut
1204 2494 1263 2525 veri
1280 2494 1333 2525 Dei
1349 2494 1452 2532 Filius,
1469 2503 1504 2524 ac
1524 2502 1612 2524 verus
1631 2493 1762 2533 ipsemet

944 2537 1022 2567 Deus
1041 2537 1180 2568 adoratur
1201 2542 1232 2569 et
1254 2538 1448 2578 gloriﬁcatur,
1475 2542 1564 2578 atque
1585 2536 1762 2576 gloriﬁcabit

943 2580 1100 2611 adorantes
1110 2591 1142 2612 se
1153 2581 1182 2612 in
1195 2582 1299 2622 spiritu
1311 2586 1340 2613 et
1350 2583 1473 2614 veritate
1482 2581 1612 2621 (tametsi
1623 2590 1701 2621 swpe
1712 2590 1763 2611 eos

946 2630 1102 2665 peccantes
1110 2625 1203 2666 punit)
1215 2636 1282 2656 cum
1292 2626 1405 2658 ferreos
1414 2636 1466 2658 eos
1475 2636 1565 2667 super
1576 2635 1680 2656 omnes
1690 2634 1762 2663 gen-

945 2673 990 2700 tes
1004 2679 1069 2709 qum
1087 2670 1142 2700 sub
1163 2670 1236 2701 ctelo
1249 2676 1326 2708 sunt,
1340 2681 1393 2711 pro
1411 2671 1548 2702 testaceis
1559 2669 1664 2700 fecerit
1679 2669 1763 2699 scili-

945 2717 1002 2744 cet.
1013 2713 1097 2745 Tunc
1108 2718 1139 2745 ut
1153 2724 1229 2745 unus
1244 2715 1282 2746 de
1296 2715 1411 2746 caeteris
1427 2714 1612 2754 hominibus,
1629 2713 1765 2744 interitui

759 2794 785 2816 39
799 2793 902 2826 Matth.
919 2801 981 2831 xm,
997 2793 1057 2831 55;
1072 2794 1158 2826 Marc.
1176 2804 1216 2832 vr,
1232 2797 1262 2826 3.
