  <div class='ocr_page' id='page_1' title='image "/cluster/home/n/w/nwhite01/storage/ocr_20150623/120/njp.32101010943973/331.png"; bbox 0 0 1978 3078; ppageno 0'>
   <div class='ocr_carea' id='block_1_1' title="bbox 201 162 1042 211">
    <p class='ocr_par' dir='ltr' id='par_1_1' title="bbox 201 162 1042 211">
     <span class='ocr_line' id='line_1_1' title="bbox 201 162 1042 211; baseline -0.019 0"><span class='ocrx_word' id='word_1_1' title='bbox 201 179 258 211; x_wconf 77' lang='grc'><strong>471</strong></span> <span class='ocrx_word' id='word_1_2' title='bbox 854 162 1042 201; x_wconf 83' lang='lat' dir='ltr'><strong>SYMEONIS</strong></span> 
     </span>
    </p>
   </div>
   <div class='ocr_carea' id='block_1_2' title="bbox 1061 152 1885 194">
    <p class='ocr_par' dir='ltr' id='par_1_2' title="bbox 1061 152 1885 194">
     <span class='ocr_line' id='line_1_2' title="bbox 1061 152 1885 194; baseline -0.012 0"><span class='ocrx_word' id='word_1_3' title='bbox 1061 163 1237 194; x_wconf 82' lang='lat' dir='ltr'><strong>JUNIORIS</strong></span> <span class='ocrx_word' id='word_1_4' title='bbox 1825 152 1885 185; x_wconf 78' lang='grc'><strong>472</strong></span> 
     </span>
    </p>
   </div>
   <div class='ocr_carea' id='block_1_3' title="bbox 199 217 1886 279">
    <p class='ocr_par' dir='ltr' id='par_1_3' title="bbox 199 217 1886 279">
     <span class='ocr_line' id='line_1_3' title="bbox 199 217 1886 279; baseline -0.015 -3"><span class='ocrx_word' id='word_1_5' title='bbox 199 244 362 279; x_wconf 86' lang='lat' dir='ltr'><strong>obnoxius,</strong></span> <span class='ocrx_word' id='word_1_6' title='bbox 381 241 570 277; x_wconf 79' lang='lat' dir='ltr'><strong>censebatur,</strong></span> <span class='ocrx_word' id='word_1_7' title='bbox 581 246 779 278; x_wconf 81' lang='lat' dir='ltr'><strong>magnumque</strong></span> <span class='ocrx_word' id='word_1_8' title='bbox 788 239 851 267; x_wconf 92' lang='lat' dir='ltr'><strong>erat</strong></span> <span class='ocrx_word' id='word_1_9' title='bbox 861 235 892 265; x_wconf 91' lang='lat' dir='ltr'><strong>in</strong></span> <span class='ocrx_word' id='word_1_10' title='bbox 903 239 1029 273; x_wconf 87' lang='lat' dir='ltr'><strong>corpore</strong></span> <span class='ocrx_word' id='word_1_11' title='bbox 1040 233 1061 258; x_wconf 86' lang='lat' dir='ltr'><strong>A</strong></span> <span class='ocrx_word' id='word_1_12' title='bbox 1072 228 1149 267; x_wconf 85' lang='lat' dir='ltr'><strong>tatis,</strong></span> <span class='ocrx_word' id='word_1_13' title='bbox 1163 227 1258 279; x_wconf 73' lang='lat' dir='ltr'><strong>qualis</strong></span> <span class='ocrx_word' id='word_1_14' title='bbox 1275 230 1334 279; x_wconf 78' lang='lat' dir='ltr'><strong>tum</strong></span> <span class='ocrx_word' id='word_1_15' title='bbox 1351 225 1616 279; x_wconf 18' lang='lat' dir='ltr'><strong>procella,rqqa‘nta</strong></span> <span class='ocrx_word' id='word_1_16' title='bbox 1634 223 1679 279; x_wconf 71' lang='lat' dir='ltr'><strong>vis</strong></span> <span class='ocrx_word' id='word_1_17' title='bbox 1689 217 1886 279; x_wconf 33' lang='lat' dir='ltr'><strong>itempestatif</strong></span> 
     </span>
    </p>
   </div>
   <div class='ocr_carea' id='block_1_4' title="bbox 200 278 1032 322">
    <p class='ocr_par' dir='ltr' id='par_1_4' title="bbox 200 278 1032 322">
     <span class='ocr_line' id='line_1_4' title="bbox 200 278 1032 322; baseline -0.016 -2"><span class='ocrx_word' id='word_1_18' title='bbox 200 290 329 320; x_wconf 84' lang='lat' dir='ltr'><strong>humano</strong></span> <span class='ocrx_word' id='word_1_19' title='bbox 349 278 442 317; x_wconf 88' lang='lat' dir='ltr'><strong>Deum</strong></span> <span class='ocrx_word' id='word_1_20' title='bbox 455 286 519 316; x_wconf 82' lang='lat' dir='ltr'><strong>sine</strong></span> <span class='ocrx_word' id='word_1_21' title='bbox 534 284 675 315; x_wconf 83' lang='lat' dir='ltr'><strong>varietate</strong></span> <span class='ocrx_word' id='word_1_22' title='bbox 691 282 798 322; x_wconf 88' lang='lat' dir='ltr'><strong>aliqua,</strong></span> <span class='ocrx_word' id='word_1_23' title='bbox 816 284 845 311; x_wconf 77' lang='lat' dir='ltr'><strong>et</strong></span> <span class='ocrx_word' id='word_1_24' title='bbox 865 278 1032 310; x_wconf 76' lang='lat' dir='ltr'><strong>mulatione</strong></span> 
     </span>
    </p>
   </div>
   <div class='ocr_carea' id='block_1_5' title="bbox 200 323 1021 367">
    <p class='ocr_par' dir='ltr' id='par_1_5' title="bbox 200 323 1021 367">
     <span class='ocr_line' id='line_1_5' title="bbox 200 323 1021 367; baseline -0.016 -3"><span class='ocrx_word' id='word_1_25' title='bbox 200 334 245 364; x_wconf 91' lang='lat' dir='ltr'><strong>sui</strong></span> <span class='ocrx_word' id='word_1_26' title='bbox 259 336 410 364; x_wconf 76' lang='lat' dir='ltr'><strong>carentem</strong></span> <span class='ocrx_word' id='word_1_27' title='bbox 428 331 534 366; x_wconf 84' lang='lat' dir='ltr'><strong>forma,</strong></span> <span class='ocrx_word' id='word_1_28' title='bbox 548 338 605 359; x_wconf 89' lang='lat' dir='ltr'><strong>nec</strong></span> <span class='ocrx_word' id='word_1_29' title='bbox 614 327 668 358; x_wconf 90' lang='lat' dir='ltr'><strong>sub</strong></span> <span class='ocrx_word' id='word_1_30' title='bbox 680 329 830 367; x_wconf 83' lang='lat' dir='ltr'><strong>aspectum</strong></span> <span class='ocrx_word' id='word_1_31' title='bbox 842 323 1021 358; x_wconf 84' lang='lat' dir='ltr'><strong>venientem,</strong></span> 
     </span>
    </p>
   </div>
   <div class='ocr_carea' id='block_1_6' title="bbox 200 371 1020 416">
    <p class='ocr_par' dir='ltr' id='par_1_6' title="bbox 200 371 1020 416">
     <span class='ocr_line' id='line_1_6' title="bbox 200 371 1020 416; baseline -0.015 -8"><span class='ocrx_word' id='word_1_32' title='bbox 200 379 295 408; x_wconf 79' lang='lat' dir='ltr'><strong>forma</strong></span> <span class='ocrx_word' id='word_1_33' title='bbox 309 375 475 416; x_wconf 74' lang='lat' dir='ltr'><strong>praeditum,</strong></span> <span class='ocrx_word' id='word_1_34' title='bbox 498 380 527 405; x_wconf 88' lang='lat' dir='ltr'><strong>et</strong></span> <span class='ocrx_word' id='word_1_35' title='bbox 544 373 617 403; x_wconf 82' lang='lat' dir='ltr'>nihil</span> <span class='ocrx_word' id='word_1_36' title='bbox 630 371 687 402; x_wconf 87' lang='lat' dir='ltr'><strong>nisi</strong></span> <span class='ocrx_word' id='word_1_37' title='bbox 705 371 856 416; x_wconf 80' lang='lat' dir='ltr'><strong>hominem</strong></span> <span class='ocrx_word' id='word_1_38' title='bbox 872 376 1020 408; x_wconf 88' lang='lat' dir='ltr'><strong>apparen-</strong></span> 
     </span>
    </p>
   </div>
   <div class='ocr_carea' id='block_1_7' title="bbox 202 414 1022 460">
    <p class='ocr_par' dir='ltr' id='par_1_7' title="bbox 202 414 1022 460">
     <span class='ocr_line' id='line_1_7' title="bbox 202 414 1022 460; baseline -0.015 -8"><span class='ocrx_word' id='word_1_39' title='bbox 202 428 272 456; x_wconf 84' lang='lat' dir='ltr'><strong>tem,</strong></span> <span class='ocrx_word' id='word_1_40' title='bbox 290 414 366 451; x_wconf 83' lang='lat' dir='ltr'><strong>nihil</strong></span> <span class='ocrx_word' id='word_1_41' title='bbox 384 430 444 460; x_wconf 73' lang='lat' dir='ltr'><strong>prae</strong></span> <span class='ocrx_word' id='word_1_42' title='bbox 458 419 525 450; x_wconf 86' lang='lat' dir='ltr'><strong>aliis</strong></span> <span class='ocrx_word' id='word_1_43' title='bbox 540 416 715 448; x_wconf 85' lang='lat' dir='ltr'><strong>mortalibus</strong></span> <span class='ocrx_word' id='word_1_44' title='bbox 726 414 809 445; x_wconf 89' lang='lat' dir='ltr'><strong>inhis</strong></span> <span class='ocrx_word' id='word_1_45' title='bbox 821 414 1022 460; x_wconf 61' lang='lat' dir='ltr'><strong>qumaspectu</strong></span> 
     </span>
    </p>
   </div>
   <div class='ocr_carea' id='block_1_8' title="bbox 199 457 1020 497">
    <p class='ocr_par' dir='ltr' id='par_1_8' title="bbox 199 457 1020 497">
     <span class='ocr_line' id='line_1_8' title="bbox 199 457 1020 497; baseline -0.015 0"><span class='ocrx_word' id='word_1_46' title='bbox 199 457 533 497; x_wconf 84' lang='lat' dir='ltr'><strong>sentiunturhabentem</strong></span> <span class='ocrx_word' id='word_1_47' title='bbox 545 472 551 493; x_wconf 88' lang='grc'>;</span> <span class='ocrx_word' id='word_1_48' title='bbox 563 462 614 492; x_wconf 91' lang='lat' dir='ltr'><strong>sed</strong></span> <span class='ocrx_word' id='word_1_49' title='bbox 625 460 842 495; x_wconf 90' lang='lat' dir='ltr'><strong>comedentem,</strong></span> <span class='ocrx_word' id='word_1_50' title='bbox 856 457 1020 492; x_wconf 84' lang='lat' dir='ltr'><strong>bibentem,</strong></span> 
     </span>
    </p>
   </div>
   <div class='ocr_carea' id='block_1_9' title="bbox 200 499 1021 546">
    <p class='ocr_par' dir='ltr' id='par_1_9' title="bbox 200 499 1021 546">
     <span class='ocr_line' id='line_1_9' title="bbox 200 499 1021 546; baseline -0.013 -6"><span class='ocrx_word' id='word_1_51' title='bbox 200 510 411 546; x_wconf 71' lang='lat' dir='ltr'><strong>dormientem,</strong></span> <span class='ocrx_word' id='word_1_52' title='bbox 425 508 593 543; x_wconf 84' lang='lat' dir='ltr'><strong>sudantem,</strong></span> <span class='ocrx_word' id='word_1_53' title='bbox 607 506 728 544; x_wconf 82' lang='lat' dir='ltr'><strong>lassum,</strong></span> <span class='ocrx_word' id='word_1_54' title='bbox 739 508 768 534; x_wconf 92' lang='lat' dir='ltr'><strong>et</strong></span> <span class='ocrx_word' id='word_1_55' title='bbox 782 501 919 533; x_wconf 87' lang='lat' dir='ltr'><strong>humanis</strong></span> <span class='ocrx_word' id='word_1_56' title='bbox 934 499 1021 546; x_wconf 87' lang='lat' dir='ltr'><strong>deni-</strong></span> 
     </span>
    </p>
   </div>
   <div class='ocr_carea' id='block_1_10' title="bbox 200 545 1020 594">
    <p class='ocr_par' dir='ltr' id='par_1_10' title="bbox 200 545 1020 594">
     <span class='ocr_line' id='line_1_10' title="bbox 200 545 1020 594; baseline -0.016 -8"><span class='ocrx_word' id='word_1_57' title='bbox 200 564 259 594; x_wconf 88' lang='lat' dir='ltr'><strong>que</strong></span> <span class='ocrx_word' id='word_1_58' title='bbox 274 553 432 590; x_wconf 86' lang='lat' dir='ltr'><strong>universis,</strong></span> <span class='ocrx_word' id='word_1_59' title='bbox 446 553 564 592; x_wconf 86' lang='lat' dir='ltr'><strong>dempto</strong></span> <span class='ocrx_word' id='word_1_60' title='bbox 583 554 716 594; x_wconf 57' lang='lat' dir='ltr'><strong>peccato,</strong></span> <span class='ocrx_word' id='word_1_61' title='bbox 728 549 908 587; x_wconf 78' lang='lat' dir='ltr'><strong>fungentem,</strong></span> <span class='ocrx_word' id='word_1_62' title='bbox 920 545 1020 594; x_wconf 73' lang='lat' dir='ltr'><strong>talem,</strong></span> 
     </span>
    </p>
   </div>
   <div class='ocr_carea' id='block_1_11' title="bbox 200 588 1022 638">
    <p class='ocr_par' dir='ltr' id='par_1_11' title="bbox 200 588 1022 638">
     <span class='ocr_line' id='line_1_11' title="bbox 200 588 1022 638; baseline -0.013 -9"><span class='ocrx_word' id='word_1_63' title='bbox 200 588 334 638; x_wconf 47' lang='lat' dir='ltr'><strong>i-nquam,</strong></span> <span class='ocrx_word' id='word_1_64' title='bbox 346 588 508 636; x_wconf 81' lang='lat' dir='ltr'><strong>agnoscere</strong></span> <span class='ocrx_word' id='word_1_65' title='bbox 518 588 552 626; x_wconf 60' lang='grc' dir='ltr'><strong>ἐι</strong></span> <span class='ocrx_word' id='word_1_66' title='bbox 568 588 692 625; x_wconf 81' lang='lat' dir='ltr'><strong>credere</strong></span> <span class='ocrx_word' id='word_1_67' title='bbox 703 593 795 624; x_wconf 89' lang='lat' dir='ltr'><strong>Deum</strong></span> <span class='ocrx_word' id='word_1_68' title='bbox 810 600 886 638; x_wconf 85' lang='lat' dir='ltr'><strong>esse,</strong></span> <span class='ocrx_word' id='word_1_69' title='bbox 904 588 956 638; x_wconf 67' lang='lat' dir='ltr'><strong>qui</strong></span> <span class='ocrx_word' id='word_1_70' title='bbox 966 597 1022 638; x_wconf 76' lang='lat' dir='ltr'><strong>coe-</strong></span> 
     </span>
    </p>
   </div>
   <div class='ocr_carea' id='block_1_12' title="bbox 203 633 1022 680">
    <p class='ocr_par' dir='ltr' id='par_1_12' title="bbox 203 633 1022 680">
     <span class='ocr_line' id='line_1_12' title="bbox 203 633 1022 680; baseline -0.012 -8"><span class='ocrx_word' id='word_1_71' title='bbox 203 633 261 673; x_wconf 81' lang='lat' dir='ltr'><strong>lum</strong></span> <span class='ocrx_word' id='word_1_72' title='bbox 279 647 308 672; x_wconf 87' lang='lat' dir='ltr'><strong>et</strong></span> <span class='ocrx_word' id='word_1_73' title='bbox 320 633 440 676; x_wconf 74' lang='lat' dir='ltr'><strong>terram,</strong></span> <span class='ocrx_word' id='word_1_74' title='bbox 455 644 484 671; x_wconf 78' lang='lat' dir='ltr'><strong>et</strong></span> <span class='ocrx_word' id='word_1_75' title='bbox 497 649 561 680; x_wconf 64' lang='lat' dir='ltr'><strong>quae</strong></span> <span class='ocrx_word' id='word_1_76' title='bbox 574 641 602 669; x_wconf 90' lang='lat' dir='ltr'><strong>in</strong></span> <span class='ocrx_word' id='word_1_77' title='bbox 612 639 655 669; x_wconf 89' lang='lat' dir='ltr'><strong>eis</strong></span> <span class='ocrx_word' id='word_1_78' title='bbox 667 641 745 675; x_wconf 88' lang='lat' dir='ltr'><strong>sunt,</strong></span> <span class='ocrx_word' id='word_1_79' title='bbox 760 635 860 680; x_wconf 82' lang='lat' dir='ltr'><strong>omnia</strong></span> <span class='ocrx_word' id='word_1_80' title='bbox 871 633 1022 680; x_wconf 67' lang='lat' dir='ltr'><strong>condidis-</strong></span> 
     </span>
    </p>
   </div>
   <div class='ocr_carea' id='block_1_13' title="bbox 201 678 1021 722">
    <p class='ocr_par' dir='ltr' id='par_1_13' title="bbox 201 678 1021 722">
     <span class='ocr_line' id='line_1_13' title="bbox 201 678 1021 722; baseline -0.012 -6"><span class='ocrx_word' id='word_1_81' title='bbox 201 690 255 716; x_wconf 82' lang='lat' dir='ltr'><strong>set.</strong></span> <span class='ocrx_word' id='word_1_82' title='bbox 270 685 366 721; x_wconf 81' lang='lat' dir='ltr'><strong>Quare</strong></span> <span class='ocrx_word' id='word_1_83' title='bbox 382 689 410 715; x_wconf 90' lang='lat' dir='ltr'><strong>et</strong></span> <span class='ocrx_word' id='word_1_84' title='bbox 425 678 543 715; x_wconf 78' lang='lat' dir='ltr'><strong>Petrum</strong></span> <span class='ocrx_word' id='word_1_85' title='bbox 566 686 687 722; x_wconf 87' lang='lat' dir='ltr'><strong>propter</strong></span> <span class='ocrx_word' id='word_1_86' title='bbox 701 690 803 711; x_wconf 88' lang='lat' dir='ltr'><strong>vocem</strong></span> <span class='ocrx_word' id='word_1_87' title='bbox 818 679 898 709; x_wconf 88' lang='lat' dir='ltr'><strong>illam</strong></span> <span class='ocrx_word' id='word_1_88' title='bbox 912 687 918 708; x_wconf 89' lang='lat'>:</span> <span class='ocrx_word' id='word_1_89' title='bbox 940 678 981 707; x_wconf 88' lang='lat' dir='ltr'><strong>Tu</strong></span> <span class='ocrx_word' id='word_1_90' title='bbox 992 685 1021 707; x_wconf 82' lang='lat' dir='ltr'><strong>es</strong></span> 
     </span>
    </p>
   </div>
   <div class='ocr_carea' id='block_1_14' title="bbox 202 722 1025 763">
    <p class='ocr_par' dir='ltr' id='par_1_14' title="bbox 202 722 1025 763">
     <span class='ocr_line' id='line_1_14' title="bbox 202 722 1025 763; baseline -0.012 -3"><span class='ocrx_word' id='word_1_91' title='bbox 202 729 347 760; x_wconf 70' lang='lat' dir='ltr'><strong>Christus</strong></span> <span class='ocrx_word' id='word_1_92' title='bbox 359 730 456 760; x_wconf 74' lang='lat' dir='ltr'><strong>Filius</strong></span> <span class='ocrx_word' id='word_1_93' title='bbox 465 728 521 758; x_wconf 81' lang='lat' dir='ltr'><strong>Dei</strong></span> <span class='ocrx_word' id='word_1_94' title='bbox 530 728 603 763; x_wconf 78' lang='lat' dir='ltr'><strong>vivi,</strong></span> <span class='ocrx_word' id='word_1_95' title='bbox 614 727 732 757; x_wconf 87' lang='lat' dir='ltr'><strong>beatum</strong></span> <span class='ocrx_word' id='word_1_96' title='bbox 743 723 886 755; x_wconf 89' lang='lat' dir='ltr'><strong>Dominus</strong></span> <span class='ocrx_word' id='word_1_97' title='bbox 897 722 1025 752; x_wconf 78' lang='lat' dir='ltr'><strong>allirma—</strong></span> 
     </span>
    </p>
   </div>
   <div class='ocr_carea' id='block_1_15' title="bbox 202 767 1025 812">
    <p class='ocr_par' dir='ltr' id='par_1_15' title="bbox 202 767 1025 812">
     <span class='ocr_line' id='line_1_15' title="bbox 202 767 1025 812; baseline -0.011 -8"><span class='ocrx_word' id='word_1_98' title='bbox 202 774 253 810; x_wconf 90' lang='lat' dir='ltr'><strong>vit,</strong></span> <span class='ocrx_word' id='word_1_99' title='bbox 265 774 417 809; x_wconf 73' lang='lat' dir='ltr'><strong>Beattlses,</strong></span> <span class='ocrx_word' id='word_1_100' title='bbox 427 773 533 812; x_wconf 83' lang='lat' dir='ltr'><strong>inquit,</strong></span> <span class='ocrx_word' id='word_1_101' title='bbox 546 771 654 802; x_wconf 80' lang='lat' dir='ltr'><strong>Simon</strong></span> <span class='ocrx_word' id='word_1_102' title='bbox 667 770 730 800; x_wconf 84' lang='lat' dir='ltr'><strong>Bur</strong></span> <span class='ocrx_word' id='word_1_103' title='bbox 740 767 909 807; x_wconf 75' lang='lat' dir='ltr'><strong>Jona,quiu</strong></span> <span class='ocrx_word' id='word_1_104' title='bbox 918 769 1025 812; x_wconf 78' lang='lat' dir='ltr'><strong>cqroet</strong></span> 
     </span>
    </p>
   </div>
   <div class='ocr_carea' id='block_1_16' title="bbox 202 810 1023 856">
    <p class='ocr_par' dir='ltr' id='par_1_16' title="bbox 202 810 1023 856">
     <span class='ocr_line' id='line_1_16' title="bbox 202 810 1023 856; baseline -0.012 -7"><span class='ocrx_word' id='word_1_105' title='bbox 202 818 396 856; x_wconf 73' lang='lat' dir='ltr'><strong>snnguisnon</strong></span> <span class='ocrx_word' id='word_1_106' title='bbox 405 810 552 847; x_wconf 74' lang='lat' dir='ltr'><strong>ret‘élavit</strong></span> <span class='ocrx_word' id='word_1_107' title='bbox 561 815 625 854; x_wconf 79' lang='lat' dir='ltr'><strong>(ibi,</strong></span> <span class='ocrx_word' id='word_1_108' title='bbox 635 819 667 845; x_wconf 90' lang='lat' dir='ltr'><strong>ut</strong></span> <span class='ocrx_word' id='word_1_109' title='bbox 676 815 750 853; x_wconf 75' lang='lat' dir='ltr'><strong>hmo,</strong></span> <span class='ocrx_word' id='word_1_110' title='bbox 762 813 894 852; x_wconf 86' lang='lat' dir='ltr'><strong>inquam,</strong></span> <span class='ocrx_word' id='word_1_111' title='bbox 907 810 1023 856; x_wconf 75' lang='lat' dir='ltr'><strong>videres</strong></span> 
     </span>
    </p>
   </div>
   <div class='ocr_carea' id='block_1_17' title="bbox 205 854 1054 901">
    <p class='ocr_par' dir='ltr' id='par_1_17' title="bbox 205 854 1054 901">
     <span class='ocr_line' id='line_1_17' title="bbox 205 854 1054 901; baseline -0.012 -8"><span class='ocrx_word' id='word_1_112' title='bbox 205 867 232 893; x_wconf 88' lang='lat' dir='ltr'><strong>et</strong></span> <span class='ocrx_word' id='word_1_113' title='bbox 244 854 373 901; x_wconf 81' lang='lat' dir='ltr'><strong>diceres,</strong></span> <span class='ocrx_word' id='word_1_114' title='bbox 382 862 431 892; x_wconf 76' lang='lat' dir='ltr'><strong>scd</strong></span> <span class='ocrx_word' id='word_1_115' title='bbox 443 862 536 892; x_wconf 79' lang='lat' dir='ltr'><strong>Pater</strong></span> <span class='ocrx_word' id='word_1_116' title='bbox 544 869 638 894; x_wconf 77' lang='lat' dir='ltr'><strong>meus,</strong></span> <span class='ocrx_word' id='word_1_117' title='bbox 650 860 747 898; x_wconf 81' lang='lat' dir='ltr'><strong>quiin</strong></span> <span class='ocrx_word' id='word_1_118' title='bbox 758 857 839 888; x_wconf 77' lang='lat' dir='ltr'><strong>coctis</strong></span> <span class='ocrx_word' id='word_1_119' title='bbox 852 856 945 901; x_wconf 43' lang='lat' dir='ltr'><strong>est“</strong></span> <span class='ocrx_word' id='word_1_120' title='bbox 962 854 1022 901; x_wconf 76' lang='lat' dir='ltr'><strong>Ita-</strong></span> <span class='ocrx_word' id='word_1_121' title='bbox 1035 857 1054 880; x_wconf 82' lang='grc' dir='ltr'><strong>Β</strong></span> 
     </span>
    </p>
   </div>
   <div class='ocr_carea' id='block_1_18' title="bbox 203 898 1023 946">
    <p class='ocr_par' dir='ltr' id='par_1_18' title="bbox 203 898 1023 946">
     <span class='ocr_line' id='line_1_18' title="bbox 203 898 1023 946; baseline -0.011 -9"><span class='ocrx_word' id='word_1_122' title='bbox 203 916 261 946; x_wconf 89' lang='lat' dir='ltr'><strong>que</strong></span> <span class='ocrx_word' id='word_1_123' title='bbox 275 907 324 946; x_wconf 90' lang='lat' dir='ltr'><strong>qui</strong></span> <span class='ocrx_word' id='word_1_124' title='bbox 350 898 429 935; x_wconf 80' lang='lat' dir='ltr'><strong>nunc</strong></span> <span class='ocrx_word' id='word_1_125' title='bbox 446 914 513 934; x_wconf 89' lang='lat' dir='ltr'><strong>eum</strong></span> <span class='ocrx_word' id='word_1_126' title='bbox 531 903 661 943; x_wconf 88' lang='lat' dir='ltr'><strong>quotidie</strong></span> <span class='ocrx_word' id='word_1_127' title='bbox 687 903 717 932; x_wconf 92' lang='lat' dir='ltr'><strong>in</strong></span> <span class='ocrx_word' id='word_1_128' title='bbox 742 905 843 931; x_wconf 75' lang='lat' dir='ltr'><strong>sant-to</strong></span> <span class='ocrx_word' id='word_1_129' title='bbox 866 898 1023 937; x_wconf 74' lang='lat' dir='ltr'><strong>Evangelio</strong></span> 
     </span>
    </p>
   </div>
   <div class='ocr_carea' id='block_1_19' title="bbox 204 945 1023 983">
    <p class='ocr_par' dir='ltr' id='par_1_19' title="bbox 204 945 1023 983">
     <span class='ocr_line' id='line_1_19' title="bbox 204 945 1023 983; baseline -0.011 -2"><span class='ocrx_word' id='word_1_130' title='bbox 204 945 393 983; x_wconf 78' lang='lat' dir='ltr'><strong>clamantem,</strong></span> <span class='ocrx_word' id='word_1_131' title='bbox 412 954 439 979; x_wconf 90' lang='lat' dir='ltr'><strong>et</strong></span> <span class='ocrx_word' id='word_1_132' title='bbox 453 949 600 979; x_wconf 72' lang='lat' dir='ltr'><strong>benedicti</strong></span> <span class='ocrx_word' id='word_1_133' title='bbox 618 947 712 978; x_wconf 84' lang='lat' dir='ltr'><strong>Patris</strong></span> <span class='ocrx_word' id='word_1_134' title='bbox 723 946 767 977; x_wconf 94' lang='lat' dir='ltr'><strong>sui</strong></span> <span class='ocrx_word' id='word_1_135' title='bbox 782 945 958 976; x_wconf 71' lang='lat' dir='ltr'><strong>voluntatem</strong></span> <span class='ocrx_word' id='word_1_136' title='bbox 969 953 1023 974; x_wconf 87' lang='lat' dir='ltr'><strong>an-</strong></span> 
     </span>
    </p>
   </div>
   <div class='ocr_carea' id='block_1_20' title="bbox 204 987 1024 1028">
    <p class='ocr_par' dir='ltr' id='par_1_20' title="bbox 204 987 1024 1028">
     <span class='ocr_line' id='line_1_20' title="bbox 204 987 1024 1028; baseline -0.01 -4"><span class='ocrx_word' id='word_1_137' title='bbox 204 994 389 1025; x_wconf 81' lang='lat' dir='ltr'><strong>nuntiantetn</strong></span> <span class='ocrx_word' id='word_1_138' title='bbox 406 993 498 1028; x_wconf 84' lang='lat' dir='ltr'><strong>audit,</strong></span> <span class='ocrx_word' id='word_1_139' title='bbox 514 1002 568 1023; x_wconf 87' lang='lat' dir='ltr'><strong>nec</strong></span> <span class='ocrx_word' id='word_1_140' title='bbox 578 1002 646 1022; x_wconf 88' lang='lat' dir='ltr'><strong>cum</strong></span> <span class='ocrx_word' id='word_1_141' title='bbox 660 992 778 1026; x_wconf 71' lang='lat' dir='ltr'><strong>timore,</strong></span> <span class='ocrx_word' id='word_1_142' title='bbox 793 999 826 1020; x_wconf 87' lang='lat' dir='ltr'><strong>ac</strong></span> <span class='ocrx_word' id='word_1_143' title='bbox 840 993 969 1019; x_wconf 85' lang='lat' dir='ltr'><strong>tremore</strong></span> <span class='ocrx_word' id='word_1_144' title='bbox 981 987 1024 1017; x_wconf 87' lang='lat' dir='ltr'><strong>illi</strong></span> 
     </span>
    </p>
   </div>
   <div class='ocr_carea' id='block_1_21' title="bbox 203 1031 1024 1077">
    <p class='ocr_par' dir='ltr' id='par_1_21' title="bbox 203 1031 1024 1077">
     <span class='ocr_line' id='line_1_21' title="bbox 203 1031 1024 1077; baseline -0.011 -8"><span class='ocrx_word' id='word_1_145' title='bbox 203 1039 315 1075; x_wconf 85' lang='lat' dir='ltr'><strong>obedit,</strong></span> <span class='ocrx_word' id='word_1_146' title='bbox 332 1043 360 1068; x_wconf 87' lang='lat' dir='ltr'><strong>et</strong></span> <span class='ocrx_word' id='word_1_147' title='bbox 377 1039 440 1077; x_wconf 83' lang='lat' dir='ltr'><strong>ejus</strong></span> <span class='ocrx_word' id='word_1_148' title='bbox 453 1038 536 1077; x_wconf 81' lang='lat' dir='ltr'><strong>jussa</strong></span> <span class='ocrx_word' id='word_1_149' title='bbox 558 1036 687 1072; x_wconf 81' lang='lat' dir='ltr'><strong>facessit,</strong></span> <span class='ocrx_word' id='word_1_150' title='bbox 713 1044 751 1064; x_wconf 91' lang='lat' dir='ltr'><strong>ne</strong></span> <span class='ocrx_word' id='word_1_151' title='bbox 767 1038 836 1064; x_wconf 89' lang='lat' dir='ltr'><strong>tunc</strong></span> <span class='ocrx_word' id='word_1_152' title='bbox 851 1032 983 1072; x_wconf 89' lang='lat' dir='ltr'><strong>quidem,</strong></span> <span class='ocrx_word' id='word_1_153' title='bbox 999 1031 1024 1061; x_wconf 76' lang='lat' dir='ltr'><strong>si</strong></span> 
     </span>
    </p>
   </div>
   <div class='ocr_carea' id='block_1_22' title="bbox 203 1077 1023 1123">
    <p class='ocr_par' dir='ltr' id='par_1_22' title="bbox 203 1077 1023 1123">
     <span class='ocr_line' id='line_1_22' title="bbox 203 1077 1023 1123; baseline -0.007 -12"><span class='ocrx_word' id='word_1_154' title='bbox 203 1092 334 1123; x_wconf 70' lang='lat' dir='ltr'><strong>praesens</strong></span> <span class='ocrx_word' id='word_1_155' title='bbox 365 1086 540 1121; x_wconf 68' lang='lat' dir='ltr'><strong>praesentem</strong></span> <span class='ocrx_word' id='word_1_156' title='bbox 568 1079 780 1120; x_wconf 84' lang='lat' dir='ltr'><strong>spectavisset,</strong></span> <span class='ocrx_word' id='word_1_157' title='bbox 806 1077 1023 1123; x_wconf 85' lang='lat' dir='ltr'><strong>docentemq_ue</strong></span> 
     </span>
    </p>
   </div>
   <div class='ocr_carea' id='block_1_23' title="bbox 203 1120 1022 1165">
    <p class='ocr_par' dir='ltr' id='par_1_23' title="bbox 203 1120 1022 1165">
     <span class='ocr_line' id='line_1_23' title="bbox 203 1120 1022 1165; baseline -0.01 -8"><span class='ocrx_word' id='word_1_158' title='bbox 203 1120 407 1165; x_wconf 70' lang='lat' dir='ltr'><strong>auscultassct,</strong></span> <span class='ocrx_word' id='word_1_159' title='bbox 426 1127 512 1165; x_wconf 81' lang='lat' dir='ltr'><strong>plane</strong></span> <span class='ocrx_word' id='word_1_160' title='bbox 526 1125 554 1155; x_wconf 91' lang='lat' dir='ltr'><strong>in</strong></span> <span class='ocrx_word' id='word_1_161' title='bbox 570 1134 636 1155; x_wconf 91' lang='lat' dir='ltr'><strong>eum</strong></span> <span class='ocrx_word' id='word_1_162' title='bbox 654 1123 778 1154; x_wconf 64' lang='lat' dir='ltr'><strong>credere</strong></span> <span class='ocrx_word' id='word_1_163' title='bbox 798 1121 951 1161; x_wconf 87' lang='lat' dir='ltr'><strong>potuisset.</strong></span> <span class='ocrx_word' id='word_1_164' title='bbox 969 1120 1022 1150; x_wconf 93' lang='lat' dir='ltr'><strong>Ti-</strong></span> 
     </span>
    </p>
   </div>
   <div class='ocr_carea' id='block_1_24' title="bbox 205 1166 1022 1209">
    <p class='ocr_par' dir='ltr' id='par_1_24' title="bbox 205 1166 1022 1209">
     <span class='ocr_line' id='line_1_24' title="bbox 205 1166 1022 1209; baseline -0.009 -9"><span class='ocrx_word' id='word_1_165' title='bbox 205 1170 345 1201; x_wconf 87' lang='lat' dir='ltr'><strong>tnendum</strong></span> <span class='ocrx_word' id='word_1_166' title='bbox 368 1170 477 1209; x_wconf 79' lang='lat' dir='ltr'><strong>potius,</strong></span> <span class='ocrx_word' id='word_1_167' title='bbox 500 1179 536 1200; x_wconf 92' lang='lat' dir='ltr'><strong>ne</strong></span> <span class='ocrx_word' id='word_1_168' title='bbox 556 1169 727 1207; x_wconf 90' lang='lat' dir='ltr'><strong>neutiquam</strong></span> <span class='ocrx_word' id='word_1_169' title='bbox 744 1166 881 1205; x_wconf 81' lang='lat' dir='ltr'><strong>credens,</strong></span> <span class='ocrx_word' id='word_1_170' title='bbox 896 1173 1022 1204; x_wconf 89' lang='lat' dir='ltr'><strong>eumque</strong></span> 
     </span>
    </p>
   </div>
   <div class='ocr_carea' id='block_1_25' title="bbox 207 1209 1022 1253">
    <p class='ocr_par' dir='ltr' id='par_1_25' title="bbox 207 1209 1022 1253">
     <span class='ocr_line' id='line_1_25' title="bbox 207 1209 1022 1253; baseline -0.007 -9"><span class='ocrx_word' id='word_1_171' title='bbox 207 1225 263 1244; x_wconf 81' lang='lat' dir='ltr'><strong>non</strong></span> <span class='ocrx_word' id='word_1_172' title='bbox 280 1223 331 1253; x_wconf 88' lang='lat' dir='ltr'><strong>pro</strong></span> <span class='ocrx_word' id='word_1_173' title='bbox 348 1223 416 1243; x_wconf 80' lang='lat' dir='ltr'><strong>vero</strong></span> <span class='ocrx_word' id='word_1_174' title='bbox 430 1213 503 1250; x_wconf 84' lang='lat' dir='ltr'><strong>Deo,</strong></span> <span class='ocrx_word' id='word_1_175' title='bbox 529 1213 580 1243; x_wconf 81' lang='lat' dir='ltr'><strong>sed</strong></span> <span class='ocrx_word' id='word_1_176' title='bbox 608 1221 660 1252; x_wconf 92' lang='lat' dir='ltr'><strong>pro</strong></span> <span class='ocrx_word' id='word_1_177' title='bbox 676 1211 730 1242; x_wconf 87' lang='lat' dir='ltr'><strong>Dei</strong></span> <span class='ocrx_word' id='word_1_178' title='bbox 746 1209 914 1240; x_wconf 87' lang='lat' dir='ltr'><strong>adversario</strong></span> <span class='ocrx_word' id='word_1_179' title='bbox 931 1217 1022 1248; x_wconf 91' lang='lat' dir='ltr'><strong>repu-</strong></span> 
     </span>
    </p>
   </div>
   <div class='ocr_carea' id='block_1_26' title="bbox 205 1258 525 1298">
    <p class='ocr_par' dir='ltr' id='par_1_26' title="bbox 205 1258 525 1298">
     <span class='ocr_line' id='line_1_26' title="bbox 205 1258 525 1298; baseline -0.006 -9"><span class='ocrx_word' id='word_1_180' title='bbox 205 1263 269 1289; x_wconf 87' lang='lat' dir='ltr'><strong>tans</strong></span> <span class='ocrx_word' id='word_1_181' title='bbox 280 1258 525 1298; x_wconf 87' lang='lat' dir='ltr'><strong>blasphemasset.</strong></span> 
     </span>
    </p>
   </div>
   <div class='ocr_carea' id='block_1_27' title="bbox 247 1296 1023 1342">
    <p class='ocr_par' dir='ltr' id='par_1_27' title="bbox 247 1296 1023 1342">
     <span class='ocr_line' id='line_1_27' title="bbox 247 1296 1023 1342; baseline -0.008 -10"><span class='ocrx_word' id='word_1_182' title='bbox 247 1304 279 1332; x_wconf 81' lang='lat' dir='ltr'><strong>Et</strong></span> <span class='ocrx_word' id='word_1_183' title='bbox 295 1296 357 1332; x_wconf 68' lang='lat' dir='ltr'><strong>haec</strong></span> <span class='ocrx_word' id='word_1_184' title='bbox 373 1302 492 1342; x_wconf 86' lang='lat' dir='ltr'><strong>quidem</strong></span> <span class='ocrx_word' id='word_1_185' title='bbox 511 1301 561 1341; x_wconf 89' lang='lat' dir='ltr'><strong>qui</strong></span> <span class='ocrx_word' id='word_1_186' title='bbox 575 1304 644 1331; x_wconf 90' lang='lat' dir='ltr'><strong>sunt</strong></span> <span class='ocrx_word' id='word_1_187' title='bbox 661 1299 783 1330; x_wconf 91' lang='lat' dir='ltr'><strong>omnino</strong></span> <span class='ocrx_word' id='word_1_188' title='bbox 798 1296 1023 1342; x_wconf 79' lang='lat' dir='ltr'><strong>caeterishebe-</strong></span> 
     </span>
    </p>
   </div>
   <div class='ocr_carea' id='block_1_28' title="bbox 204 1340 1025 1386">
    <p class='ocr_par' dir='ltr' id='par_1_28' title="bbox 204 1340 1025 1386">
     <span class='ocr_line' id='line_1_28' title="bbox 204 1340 1025 1386; baseline -0.009 -9"><span class='ocrx_word' id='word_1_189' title='bbox 204 1347 296 1377; x_wconf 89' lang='lat' dir='ltr'><strong>tiores</strong></span> <span class='ocrx_word' id='word_1_190' title='bbox 312 1356 345 1376; x_wconf 90' lang='lat' dir='ltr'><strong>ac</strong></span> <span class='ocrx_word' id='word_1_191' title='bbox 358 1340 478 1386; x_wconf 80' lang='lat' dir='ltr'><strong>stupidi.</strong></span> <span class='ocrx_word' id='word_1_192' title='bbox 492 1340 568 1381; x_wconf 81' lang='lat' dir='ltr'><strong>Quid</strong></span> <span class='ocrx_word' id='word_1_193' title='bbox 578 1354 648 1375; x_wconf 80' lang='lat' dir='ltr'><strong>vero</strong></span> <span class='ocrx_word' id='word_1_194' title='bbox 661 1344 707 1374; x_wconf 93' lang='lat' dir='ltr'><strong>his</strong></span> <span class='ocrx_word' id='word_1_195' title='bbox 723 1341 885 1382; x_wconf 80' lang='lat' dir='ltr'><strong>graviores?</strong></span> <span class='ocrx_word' id='word_1_196' title='bbox 896 1340 925 1372; x_wconf 89' lang='lat' dir='ltr'><strong>Si</strong></span> <span class='ocrx_word' id='word_1_197' title='bbox 938 1340 1025 1371; x_wconf 87' lang='lat' dir='ltr'><strong>exsti-</strong></span> 
     </span>
    </p>
   </div>
   <div class='ocr_carea' id='block_1_29' title="bbox 205 1386 1023 1430">
    <p class='ocr_par' dir='ltr' id='par_1_29' title="bbox 205 1386 1023 1430">
     <span class='ocr_line' id='line_1_29' title="bbox 205 1386 1023 1430; baseline -0.009 -9"><span class='ocrx_word' id='word_1_198' title='bbox 205 1392 352 1423; x_wconf 73' lang='lat' dir='ltr'><strong>tissemus,</strong></span> <span class='ocrx_word' id='word_1_199' title='bbox 368 1390 515 1430; x_wconf 87' lang='lat' dir='ltr'><strong>inquiunt,</strong></span> <span class='ocrx_word' id='word_1_200' title='bbox 529 1394 612 1420; x_wconf 68' lang='lat' dir='ltr'><strong>aetate</strong></span> <span class='ocrx_word' id='word_1_201' title='bbox 629 1392 798 1419; x_wconf 85' lang='lat' dir='ltr'><strong>sanctorum</strong></span> <span class='ocrx_word' id='word_1_202' title='bbox 809 1386 941 1421; x_wconf 89' lang='lat' dir='ltr'><strong>Patrum,</strong></span> <span class='ocrx_word' id='word_1_203' title='bbox 956 1393 1023 1415; x_wconf 88' lang='lat' dir='ltr'><strong>cer-</strong></span> 
     </span>
    </p>
   </div>
   <div class='ocr_carea' id='block_1_30' title="bbox 206 1429 1022 1466">
    <p class='ocr_par' dir='ltr' id='par_1_30' title="bbox 206 1429 1022 1466">
     <span class='ocr_line' id='line_1_30' title="bbox 206 1429 1022 1466; baseline -0.009 -1"><span class='ocrx_word' id='word_1_204' title='bbox 206 1440 351 1466; x_wconf 86' lang='lat' dir='ltr'><strong>tassemus</strong></span> <span class='ocrx_word' id='word_1_205' title='bbox 367 1439 394 1464; x_wconf 81' lang='lat' dir='ltr'><strong>et</strong></span> <span class='ocrx_word' id='word_1_206' title='bbox 410 1429 474 1464; x_wconf 86' lang='lat' dir='ltr'><strong>nos.</strong></span> <span class='ocrx_word' id='word_1_207' title='bbox 493 1434 573 1464; x_wconf 87' lang='lat' dir='ltr'><strong>Bona</strong></span> <span class='ocrx_word' id='word_1_208' title='bbox 588 1434 667 1463; x_wconf 88' lang='lat' dir='ltr'><strong>enitn</strong></span> <span class='ocrx_word' id='word_1_209' title='bbox 680 1441 781 1462; x_wconf 90' lang='lat' dir='ltr'><strong>eorum</strong></span> <span class='ocrx_word' id='word_1_210' title='bbox 798 1431 864 1462; x_wconf 67' lang='lat' dir='ltr'><strong>vitm</strong></span> <span class='ocrx_word' id='word_1_211' title='bbox 879 1429 1022 1466; x_wconf 91' lang='lat' dir='ltr'><strong>instituta,</strong></span> 
     </span>
    </p>
   </div>
   <div class='ocr_carea' id='block_1_31' title="bbox 205 1473 1025 1517">
    <p class='ocr_par' dir='ltr' id='par_1_31' title="bbox 205 1473 1025 1517">
     <span class='ocr_line' id='line_1_31' title="bbox 205 1473 1025 1517; baseline -0.009 -8"><span class='ocrx_word' id='word_1_212' title='bbox 205 1479 488 1517; x_wconf 84' lang='lat' dir='ltr'><strong>contentionemque</strong></span> <span class='ocrx_word' id='word_1_213' title='bbox 503 1478 663 1516; x_wconf 84' lang='lat' dir='ltr'><strong>intuentes,</strong></span> <span class='ocrx_word' id='word_1_214' title='bbox 680 1475 815 1506; x_wconf 87' lang='lat' dir='ltr'><strong>imitandi</strong></span> <span class='ocrx_word' id='word_1_215' title='bbox 831 1473 928 1505; x_wconf 89' lang='lat' dir='ltr'><strong>studio</strong></span> <span class='ocrx_word' id='word_1_216' title='bbox 945 1482 1025 1503; x_wconf 87' lang='lat' dir='ltr'><strong>exar-</strong></span> 
     </span>
    </p>
   </div>
   <div class='ocr_carea' id='block_1_32' title="bbox 205 1517 1025 1557">
    <p class='ocr_par' dir='ltr' id='par_1_32' title="bbox 205 1517 1025 1557">
     <span class='ocr_line' id='line_1_32' title="bbox 205 1517 1025 1557; baseline -0.007 -5"><span class='ocrx_word' id='word_1_217' title='bbox 205 1523 358 1553; x_wconf 88' lang='lat' dir='ltr'><strong>sissemus.</strong></span> <span class='ocrx_word' id='word_1_218' title='bbox 369 1523 402 1552; x_wconf 90' lang='lat' dir='ltr'><strong>At</strong></span> <span class='ocrx_word' id='word_1_219' title='bbox 418 1531 572 1552; x_wconf 85' lang='lat' dir='ltr'><strong>nunccum</strong></span> <span class='ocrx_word' id='word_1_220' title='bbox 585 1520 753 1557; x_wconf 86' lang='lat' dir='ltr'><strong>desidiosis,</strong></span> <span class='ocrx_word' id='word_1_221' title='bbox 768 1522 797 1550; x_wconf 86' lang='lat' dir='ltr'><strong>et</strong></span> <span class='ocrx_word' id='word_1_222' title='bbox 809 1517 1025 1557; x_wconf 78' lang='lat' dir='ltr'><strong>negligentibus</strong></span> 
     </span>
    </p>
   </div>
   <div class='ocr_carea' id='block_1_33' title="bbox 205 1561 1023 1603">
    <p class='ocr_par' dir='ltr' id='par_1_33' title="bbox 205 1561 1023 1603">
     <span class='ocr_line' id='line_1_33' title="bbox 205 1561 1023 1603; baseline -0.007 -6"><span class='ocrx_word' id='word_1_223' title='bbox 205 1570 370 1603; x_wconf 82' lang='lat' dir='ltr'><strong>versantes,</strong></span> <span class='ocrx_word' id='word_1_224' title='bbox 388 1575 444 1596; x_wconf 87' lang='lat' dir='ltr'><strong>una</strong></span> <span class='ocrx_word' id='word_1_225' title='bbox 459 1575 526 1595; x_wconf 82' lang='lat' dir='ltr'><strong>Cum</strong></span> <span class='ocrx_word' id='word_1_226' title='bbox 543 1566 579 1595; x_wconf 90' lang='lat' dir='ltr'><strong>iis</strong></span> <span class='ocrx_word' id='word_1_227' title='bbox 592 1565 726 1602; x_wconf 77' lang='lat' dir='ltr'><strong>ferimur,</strong></span> <span class='ocrx_word' id='word_1_228' title='bbox 745 1569 774 1594; x_wconf 92' lang='lat' dir='ltr'><strong>et</strong></span> <span class='ocrx_word' id='word_1_229' title='bbox 788 1564 923 1593; x_wconf 90' lang='lat' dir='ltr'><strong>nolentes</strong></span> <span class='ocrx_word' id='word_1_230' title='bbox 937 1561 1023 1592; x_wconf 88' lang='lat' dir='ltr'><strong>simul</strong></span> 
     </span>
    </p>
   </div>
   <div class='ocr_carea' id='block_1_34' title="bbox 207 1591 1054 1651">
    <p class='ocr_par' dir='ltr' id='par_1_34' title="bbox 207 1591 1054 1651">
     <span class='ocr_line' id='line_1_34' title="bbox 207 1591 1054 1651; baseline -0.007 -10"><span class='ocrx_word' id='word_1_231' title='bbox 207 1591 348 1651; x_wconf 66' lang='lat' dir='ltr'><strong>perimus.</strong></span> <span class='ocrx_word' id='word_1_232' title='bbox 363 1591 419 1640; x_wconf 53' lang='lat' dir='ltr'><strong>’Sed</strong></span> <span class='ocrx_word' id='word_1_233' title='bbox 432 1609 461 1640; x_wconf 95' lang='lat' dir='ltr'><strong>hi</strong></span> <span class='ocrx_word' id='word_1_234' title='bbox 473 1619 602 1649; x_wconf 90' lang='lat' dir='ltr'><strong>quoque,</strong></span> <span class='ocrx_word' id='word_1_235' title='bbox 613 1613 642 1639; x_wconf 90' lang='lat' dir='ltr'><strong>ut</strong></span> <span class='ocrx_word' id='word_1_236' title='bbox 654 1591 1022 1645; x_wconf 27' lang='lat' dir='ltr'><strong>ere-llibile-estiiénorant,</strong></span> <span class='ocrx_word' id='word_1_237' title='bbox 1035 1591 1054 1616; x_wconf 69' lang='grc' dir='ltr'><strong>Ο</strong></span> 
     </span>
    </p>
   </div>
   <div class='ocr_carea' id='block_1_35' title="bbox 205 1650 1027 1694">
    <p class='ocr_par' dir='ltr' id='par_1_35' title="bbox 205 1650 1027 1694">
     <span class='ocr_line' id='line_1_35' title="bbox 205 1650 1027 1694; baseline -0.006 -9"><span class='ocrx_word' id='word_1_238' title='bbox 205 1650 258 1685; x_wconf 86' lang='lat' dir='ltr'><strong>nos</strong></span> <span class='ocrx_word' id='word_1_239' title='bbox 267 1655 360 1694; x_wconf 81' lang='lat' dir='ltr'><strong>magis</strong></span> <span class='ocrx_word' id='word_1_240' title='bbox 370 1663 457 1694; x_wconf 91' lang='lat' dir='ltr'><strong>quam</strong></span> <span class='ocrx_word' id='word_1_241' title='bbox 470 1654 536 1684; x_wconf 89' lang='lat' dir='ltr'><strong>illos</strong></span> <span class='ocrx_word' id='word_1_242' title='bbox 548 1654 577 1683; x_wconf 87' lang='lat' dir='ltr'><strong>in</strong></span> <span class='ocrx_word' id='word_1_243' title='bbox 589 1658 676 1693; x_wconf 89' lang='lat' dir='ltr'><strong>portu</strong></span> <span class='ocrx_word' id='word_1_244' title='bbox 687 1652 835 1690; x_wconf 83' lang='lat' dir='ltr'><strong>navigare.</strong></span> <span class='ocrx_word' id='word_1_245' title='bbox 851 1650 964 1681; x_wconf 81' lang='lat' dir='ltr'><strong>Saeculo</strong></span> <span class='ocrx_word' id='word_1_246' title='bbox 977 1659 1027 1690; x_wconf 88' lang='lat' dir='ltr'><strong>pa-</strong></span> 
     </span>
    </p>
   </div>
   <div class='ocr_carea' id='block_1_36' title="bbox 205 1695 1024 1737">
    <p class='ocr_par' dir='ltr' id='par_1_36' title="bbox 205 1695 1024 1737">
     <span class='ocr_line' id='line_1_36' title="bbox 205 1695 1024 1737; baseline -0.005 -8"><span class='ocrx_word' id='word_1_247' title='bbox 205 1703 280 1729; x_wconf 89' lang='lat' dir='ltr'><strong>trum</strong></span> <span class='ocrx_word' id='word_1_248' title='bbox 298 1702 464 1728; x_wconf 90' lang='lat' dir='ltr'><strong>nostrorum</strong></span> <span class='ocrx_word' id='word_1_249' title='bbox 477 1697 620 1737; x_wconf 83' lang='lat' dir='ltr'><strong>(arrigant</strong></span> <span class='ocrx_word' id='word_1_250' title='bbox 643 1697 693 1727; x_wconf 89' lang='lat' dir='ltr'><strong>isti</strong></span> <span class='ocrx_word' id='word_1_251' title='bbox 717 1698 812 1733; x_wconf 83' lang='lat' dir='ltr'><strong>aures)</strong></span> <span class='ocrx_word' id='word_1_252' title='bbox 828 1695 928 1725; x_wconf 75' lang='lat' dir='ltr'><strong>multae</strong></span> <span class='ocrx_word' id='word_1_253' title='bbox 942 1695 1024 1733; x_wconf 81' lang='lat' dir='ltr'><strong>vige-</strong></span> 
     </span>
    </p>
   </div>
   <div class='ocr_carea' id='block_1_37' title="bbox 204 1738 1026 1781">
    <p class='ocr_par' dir='ltr' id='par_1_37' title="bbox 204 1738 1026 1781">
     <span class='ocr_line' id='line_1_37' title="bbox 204 1738 1026 1781; baseline -0.004 -8"><span class='ocrx_word' id='word_1_254' title='bbox 204 1743 273 1773; x_wconf 89' lang='lat' dir='ltr'><strong>bant</strong></span> <span class='ocrx_word' id='word_1_255' title='bbox 286 1743 426 1779; x_wconf 71' lang='lat' dir='ltr'><strong>haereses,</strong></span> <span class='ocrx_word' id='word_1_256' title='bbox 445 1742 531 1772; x_wconf 92' lang='lat' dir='ltr'><strong>multi</strong></span> <span class='ocrx_word' id='word_1_257' title='bbox 547 1745 630 1772; x_wconf 88' lang='lat' dir='ltr'><strong>erant</strong></span> <span class='ocrx_word' id='word_1_258' title='bbox 645 1739 865 1781; x_wconf 86' lang='lat' dir='ltr'><strong>pseudochristi</strong></span> <span class='ocrx_word' id='word_1_259' title='bbox 878 1739 919 1775; x_wconf 75' lang='grc'><strong>34,</strong></span> <span class='ocrx_word' id='word_1_260' title='bbox 943 1738 1026 1770; x_wconf 93' lang='lat' dir='ltr'><strong>mulli</strong></span> 
     </span>
    </p>
   </div>
   <div class='ocr_carea' id='block_1_38' title="bbox 203 1783 1024 1825">
    <p class='ocr_par' dir='ltr' id='par_1_38' title="bbox 203 1783 1024 1825">
     <span class='ocr_line' id='line_1_38' title="bbox 203 1783 1024 1825; baseline -0.007 -7"><span class='ocrx_word' id='word_1_261' title='bbox 203 1787 352 1818; x_wconf 87' lang='lat' dir='ltr'><strong>Christum</strong></span> <span class='ocrx_word' id='word_1_262' title='bbox 365 1790 564 1825; x_wconf 87' lang='lat' dir='ltr'><strong>cauponantes</strong></span> <span class='ocrx_word' id='word_1_263' title='bbox 578 1787 619 1822; x_wconf 76' lang='lat'><strong>55,</strong></span> <span class='ocrx_word' id='word_1_264' title='bbox 639 1785 724 1816; x_wconf 84' lang='lat' dir='ltr'><strong>inulti</strong></span> <span class='ocrx_word' id='word_1_265' title='bbox 746 1790 830 1815; x_wconf 89' lang='lat' dir='ltr'><strong>erant</strong></span> <span class='ocrx_word' id='word_1_266' title='bbox 846 1783 1024 1823; x_wconf 90' lang='lat' dir='ltr'><strong>pseudoma-</strong></span> 
     </span>
    </p>
   </div>
   <div class='ocr_carea' id='block_1_39' title="bbox 203 1827 1025 1871">
    <p class='ocr_par' dir='ltr' id='par_1_39' title="bbox 203 1827 1025 1871">
     <span class='ocr_line' id='line_1_39' title="bbox 203 1827 1025 1871; baseline -0.005 -10"><span class='ocrx_word' id='word_1_267' title='bbox 203 1831 298 1871; x_wconf 77' lang='lat' dir='ltr'><strong>gistri,</strong></span> <span class='ocrx_word' id='word_1_268' title='bbox 324 1831 374 1870; x_wconf 91' lang='lat' dir='ltr'><strong>qui</strong></span> <span class='ocrx_word' id='word_1_269' title='bbox 397 1838 572 1869; x_wconf 82' lang='lat' dir='ltr'><strong>vagaramur</strong></span> <span class='ocrx_word' id='word_1_270' title='bbox 596 1830 704 1866; x_wconf 89' lang='lat' dir='ltr'><strong>libere,</strong></span> <span class='ocrx_word' id='word_1_271' title='bbox 722 1833 751 1860; x_wconf 86' lang='lat' dir='ltr'><strong>et</strong></span> <span class='ocrx_word' id='word_1_272' title='bbox 773 1828 894 1865; x_wconf 82' lang='lat' dir='ltr'><strong>maligni</strong></span> <span class='ocrx_word' id='word_1_273' title='bbox 914 1827 1025 1857; x_wconf 86' lang='lat' dir='ltr'><strong>zizania</strong></span> 
     </span>
    </p>
   </div>
   <div class='ocr_carea' id='block_1_40' title="bbox 203 1871 1026 1915">
    <p class='ocr_par' dir='ltr' id='par_1_40' title="bbox 203 1871 1026 1915">
     <span class='ocr_line' id='line_1_40' title="bbox 203 1871 1026 1915; baseline -0.006 -9"><span class='ocrx_word' id='word_1_274' title='bbox 203 1877 378 1915; x_wconf 85' lang='lat' dir='ltr'><strong>spargerent</strong></span> <span class='ocrx_word' id='word_1_275' title='bbox 386 1875 429 1911; x_wconf 74' lang='grc'><strong>56,</strong></span> <span class='ocrx_word' id='word_1_276' title='bbox 446 1884 499 1905; x_wconf 91' lang='lat' dir='ltr'><strong>nec</strong></span> <span class='ocrx_word' id='word_1_277' title='bbox 511 1884 619 1914; x_wconf 90' lang='lat' dir='ltr'><strong>paucos</strong></span> <span class='ocrx_word' id='word_1_278' title='bbox 635 1873 824 1905; x_wconf 87' lang='lat' dir='ltr'><strong>sermonibus</strong></span> <span class='ocrx_word' id='word_1_279' title='bbox 835 1872 896 1902; x_wconf 90' lang='lat' dir='ltr'><strong>suis</strong></span> <span class='ocrx_word' id='word_1_280' title='bbox 908 1871 936 1901; x_wconf 92' lang='lat' dir='ltr'><strong>in</strong></span> <span class='ocrx_word' id='word_1_281' title='bbox 949 1871 1026 1902; x_wconf 80' lang='lat' dir='ltr'><strong>frau-</strong></span> 
     </span>
    </p>
   </div>
   <div class='ocr_carea' id='block_1_41' title="bbox 202 1915 1026 1956">
    <p class='ocr_par' dir='ltr' id='par_1_41' title="bbox 202 1915 1026 1956">
     <span class='ocr_line' id='line_1_41' title="bbox 202 1915 1026 1956; baseline -0.005 -8"><span class='ocrx_word' id='word_1_282' title='bbox 202 1919 269 1949; x_wconf 87' lang='lat' dir='ltr'><strong>dem</strong></span> <span class='ocrx_word' id='word_1_283' title='bbox 278 1919 394 1949; x_wconf 80' lang='lat' dir='ltr'><strong>illectos</strong></span> <span class='ocrx_word' id='word_1_284' title='bbox 405 1919 732 1954; x_wconf 64' lang='lat' dir='ltr'><strong>secumabstraberent,</strong></span> <span class='ocrx_word' id='word_1_285' title='bbox 741 1925 903 1956; x_wconf 74' lang='lat' dir='ltr'><strong>eorumque</strong></span> <span class='ocrx_word' id='word_1_286' title='bbox 912 1915 1026 1945; x_wconf 77' lang='lat' dir='ltr'><strong>animas</strong></span> 
     </span>
    </p>
   </div>
   <div class='ocr_carea' id='block_1_42' title="bbox 202 1960 1022 2003">
    <p class='ocr_par' dir='ltr' id='par_1_42' title="bbox 202 1960 1022 2003">
     <span class='ocr_line' id='line_1_42' title="bbox 202 1960 1022 2003; baseline -0.005 -10"><span class='ocrx_word' id='word_1_287' title='bbox 202 1964 237 1994; x_wconf 86' lang='lat' dir='ltr'><strong>ad</strong></span> <span class='ocrx_word' id='word_1_288' title='bbox 252 1964 372 1994; x_wconf 81' lang='lat' dir='ltr'><strong>exitium</strong></span> <span class='ocrx_word' id='word_1_289' title='bbox 390 1964 551 2000; x_wconf 80' lang='lat' dir='ltr'><strong>mitterent;</strong></span> <span class='ocrx_word' id='word_1_290' title='bbox 570 1964 598 1994; x_wconf 88' lang='lat' dir='ltr'><strong>id</strong></span> <span class='ocrx_word' id='word_1_291' title='bbox 616 1962 692 2003; x_wconf 91' lang='lat' dir='ltr'><strong>quod</strong></span> <span class='ocrx_word' id='word_1_292' title='bbox 711 1971 745 1992; x_wconf 85' lang='lat' dir='ltr'><strong>ex</strong></span> <span class='ocrx_word' id='word_1_293' title='bbox 757 1962 872 1992; x_wconf 90' lang='lat' dir='ltr'><strong>Patrum</strong></span> <span class='ocrx_word' id='word_1_294' title='bbox 890 1960 1022 1998; x_wconf 60' lang='lat' dir='ltr'><strong>Antonii,</strong></span> 
     </span>
    </p>
   </div>
   <div class='ocr_carea' id='block_1_43' title="bbox 1073 262 1887 310">
    <p class='ocr_par' dir='ltr' id='par_1_43' title="bbox 1073 262 1887 310">
     <span class='ocr_line' id='line_1_43' title="bbox 1073 262 1887 310; baseline -0.012 -7"><span class='ocrx_word' id='word_1_295' title='bbox 1073 262 1235 303; x_wconf 67' lang='lat' dir='ltr'><strong>monachos</strong></span> <span class='ocrx_word' id='word_1_296' title='bbox 1246 271 1276 301; x_wconf 87' lang='lat' dir='ltr'><strong>in</strong></span> <span class='ocrx_word' id='word_1_297' title='bbox 1287 262 1360 302; x_wconf 50' lang='lat' dir='ltr'><strong>salo-</strong></span> <span class='ocrx_word' id='word_1_298' title='bbox 1370 262 1544 310; x_wconf 74' lang='lat' dir='ltr'><strong>jactaverit?</strong></span> <span class='ocrx_word' id='word_1_299' title='bbox 1559 268 1618 300; x_wconf 90' lang='lat' dir='ltr'><strong>Sed</strong></span> <span class='ocrx_word' id='word_1_300' title='bbox 1633 267 1703 308; x_wconf 89' lang='lat' dir='ltr'><strong>quid</strong></span> <span class='ocrx_word' id='word_1_301' title='bbox 1719 275 1771 305; x_wconf 82' lang='lat' dir='ltr'><strong>ego</strong></span> <span class='ocrx_word' id='word_1_302' title='bbox 1785 262 1887 310; x_wconf 84' lang='lat' dir='ltr'><strong>omnia</strong></span> 
     </span>
    </p>
   </div>
   <div class='ocr_carea' id='block_1_44' title="bbox 1067 309 1885 356">
    <p class='ocr_par' dir='ltr' id='par_1_44' title="bbox 1067 309 1885 356">
     <span class='ocr_line' id='line_1_44' title="bbox 1067 309 1885 356; baseline -0.011 -9"><span class='ocrx_word' id='word_1_303' title='bbox 1067 316 1146 347; x_wconf 86' lang='lat' dir='ltr'><strong>niter</strong></span> <span class='ocrx_word' id='word_1_304' title='bbox 1154 315 1307 356; x_wconf 85' lang='lat' dir='ltr'><strong>persequi?</strong></span> <span class='ocrx_word' id='word_1_305' title='bbox 1318 309 1391 346; x_wconf 82' lang='lat' dir='ltr'><strong>Cum</strong></span> <span class='ocrx_word' id='word_1_306' title='bbox 1405 313 1486 345; x_wconf 87' lang='lat' dir='ltr'><strong>enim</strong></span> <span class='ocrx_word' id='word_1_307' title='bbox 1500 313 1652 352; x_wconf 85' lang='lat' dir='ltr'><strong>recordor,</strong></span> <span class='ocrx_word' id='word_1_308' title='bbox 1665 321 1730 356; x_wconf 60' lang='lat' dir='ltr'><strong>quae</strong></span> <span class='ocrx_word' id='word_1_309' title='bbox 1744 313 1812 341; x_wconf 86' lang='lat' dir='ltr'><strong>ante</strong></span> <span class='ocrx_word' id='word_1_310' title='bbox 1819 309 1885 356; x_wconf 75' lang='lat' dir='ltr'><strong>hzec</strong></span> 
     </span>
    </p>
   </div>
   <div class='ocr_carea' id='block_1_45' title="bbox 1064 353 1883 400">
    <p class='ocr_par' dir='ltr' id='par_1_45' title="bbox 1064 353 1883 400">
     <span class='ocr_line' id='line_1_45' title="bbox 1064 353 1883 400; baseline -0.011 -9"><span class='ocrx_word' id='word_1_311' title='bbox 1064 360 1118 391; x_wconf 88' lang='lat' dir='ltr'><strong>sub</strong></span> <span class='ocrx_word' id='word_1_312' title='bbox 1132 353 1236 400; x_wconf 73' lang='lat' dir='ltr'><strong>magno</strong></span> <span class='ocrx_word' id='word_1_313' title='bbox 1246 353 1366 396; x_wconf 69' lang='lat' dir='ltr'><strong>Basilio,</strong></span> <span class='ocrx_word' id='word_1_314' title='bbox 1380 359 1456 389; x_wconf 86' lang='lat' dir='ltr'><strong>sicut</strong></span> <span class='ocrx_word' id='word_1_315' title='bbox 1467 366 1590 397; x_wconf 80' lang='lat' dir='ltr'><strong>magnus</strong></span> <span class='ocrx_word' id='word_1_316' title='bbox 1601 360 1701 388; x_wconf 87' lang='lat' dir='ltr'><strong>narrat</strong></span> <span class='ocrx_word' id='word_1_317' title='bbox 1710 353 1883 400; x_wconf 79' lang='lat' dir='ltr'><strong>Gregorius,</strong></span> 
     </span>
    </p>
   </div>
   <div class='ocr_carea' id='block_1_46' title="bbox 1064 397 1886 445">
    <p class='ocr_par' dir='ltr' id='par_1_46' title="bbox 1064 397 1886 445">
     <span class='ocr_line' id='line_1_46' title="bbox 1064 397 1886 445; baseline -0.01 -10"><span class='ocrx_word' id='word_1_318' title='bbox 1064 408 1092 435; x_wconf 90' lang='lat' dir='ltr'><strong>et</strong></span> <span class='ocrx_word' id='word_1_319' title='bbox 1120 397 1193 445; x_wconf 66' lang='lat' dir='ltr'><strong>quae</strong></span> <span class='ocrx_word' id='word_1_320' title='bbox 1208 403 1262 434; x_wconf 89' lang='lat' dir='ltr'><strong>sub</strong></span> <span class='ocrx_word' id='word_1_321' title='bbox 1291 412 1413 434; x_wconf 89' lang='lat' dir='ltr'><strong>aureum</strong></span> <span class='ocrx_word' id='word_1_322' title='bbox 1442 401 1584 433; x_wconf 88' lang='lat' dir='ltr'><strong>orationis</strong></span> <span class='ocrx_word' id='word_1_323' title='bbox 1609 402 1721 431; x_wconf 88' lang='lat' dir='ltr'><strong>ﬂumen</strong></span> <span class='ocrx_word' id='word_1_324' title='bbox 1741 397 1886 445; x_wconf 79' lang='lat' dir='ltr'><strong>fundente</strong></span> 
     </span>
    </p>
   </div>
   <div class='ocr_carea' id='block_1_47' title="bbox 1062 441 1883 488">
    <p class='ocr_par' dir='ltr' id='par_1_47' title="bbox 1062 441 1883 488">
     <span class='ocr_line' id='line_1_47' title="bbox 1062 441 1883 488; baseline -0.01 -9"><span class='ocrx_word' id='word_1_325' title='bbox 1062 441 1175 479; x_wconf 77' lang='lat' dir='ltr'><strong>Joanne</strong></span> <span class='ocrx_word' id='word_1_326' title='bbox 1190 449 1411 488; x_wconf 76' lang='lat' dir='ltr'><strong>Chrysostomo,</strong></span> <span class='ocrx_word' id='word_1_327' title='bbox 1429 451 1457 477; x_wconf 86' lang='lat' dir='ltr'><strong>et</strong></span> <span class='ocrx_word' id='word_1_328' title='bbox 1472 445 1607 477; x_wconf 88' lang='lat' dir='ltr'><strong>Patribus</strong></span> <span class='ocrx_word' id='word_1_329' title='bbox 1622 443 1790 476; x_wconf 85' lang='lat' dir='ltr'><strong>consecutis</strong></span> <span class='ocrx_word' id='word_1_330' title='bbox 1804 441 1883 473; x_wconf 88' lang='lat' dir='ltr'><strong>acci-</strong></span> 
     </span>
    </p>
   </div>
   <div class='ocr_carea' id='block_1_48' title="bbox 1063 489 1884 532">
    <p class='ocr_par' dir='ltr' id='par_1_48' title="bbox 1063 489 1884 532">
     <span class='ocr_line' id='line_1_48' title="bbox 1063 489 1884 532; baseline -0.009 -9"><span class='ocrx_word' id='word_1_331' title='bbox 1063 493 1183 529; x_wconf 85' lang='lat' dir='ltr'><strong>derunt,</strong></span> <span class='ocrx_word' id='word_1_332' title='bbox 1201 497 1229 522; x_wconf 91' lang='lat' dir='ltr'><strong>et</strong></span> <span class='ocrx_word' id='word_1_333' title='bbox 1243 493 1308 532; x_wconf 89' lang='lat' dir='ltr'><strong>ipse</strong></span> <span class='ocrx_word' id='word_1_334' title='bbox 1332 501 1380 522; x_wconf 91' lang='lat' dir='ltr'><strong>me</strong></span> <span class='ocrx_word' id='word_1_335' title='bbox 1404 491 1545 521; x_wconf 91' lang='lat' dir='ltr'><strong>miserum</strong></span> <span class='ocrx_word' id='word_1_336' title='bbox 1566 490 1680 530; x_wconf 87' lang='lat' dir='ltr'><strong>judico,</strong></span> <span class='ocrx_word' id='word_1_337' title='bbox 1699 494 1728 520; x_wconf 91' lang='lat' dir='ltr'><strong>et</strong></span> <span class='ocrx_word' id='word_1_338' title='bbox 1742 489 1805 519; x_wconf 66' lang='lat' dir='ltr'><strong>haec</strong></span> <span class='ocrx_word' id='word_1_339' title='bbox 1823 495 1884 516; x_wconf 91' lang='lat' dir='ltr'><strong>non</strong></span> 
     </span>
    </p>
   </div>
   <div class='ocr_carea' id='block_1_49' title="bbox 1063 534 1885 577">
    <p class='ocr_par' dir='ltr' id='par_1_49' title="bbox 1063 534 1885 577">
     <span class='ocr_line' id='line_1_49' title="bbox 1063 534 1885 577; baseline -0.01 -9"><span class='ocrx_word' id='word_1_340' title='bbox 1063 537 1246 577; x_wconf 83' lang='lat' dir='ltr'><strong>expedentes</strong></span> <span class='ocrx_word' id='word_1_341' title='bbox 1258 536 1394 567; x_wconf 91' lang='lat' dir='ltr'><strong>miseror.</strong></span> <span class='ocrx_word' id='word_1_342' title='bbox 1406 535 1489 566; x_wconf 89' lang='lat' dir='ltr'><strong>Haud</strong></span> <span class='ocrx_word' id='word_1_343' title='bbox 1501 536 1580 565; x_wconf 85' lang='lat' dir='ltr'><strong>enim</strong></span> <span class='ocrx_word' id='word_1_344' title='bbox 1590 535 1660 565; x_wconf 88' lang='lat' dir='ltr'><strong>satis</strong></span> <span class='ocrx_word' id='word_1_345' title='bbox 1671 534 1780 569; x_wconf 87' lang='lat' dir='ltr'><strong>sciunt,</strong></span> <span class='ocrx_word' id='word_1_346' title='bbox 1793 540 1885 562; x_wconf 90' lang='lat' dir='ltr'><strong>omne</strong></span> 
     </span>
    </p>
   </div>
   <div class='ocr_carea' id='block_1_50' title="bbox 1063 577 1883 621">
    <p class='ocr_par' dir='ltr' id='par_1_50' title="bbox 1063 577 1883 621">
     <span class='ocr_line' id='line_1_50' title="bbox 1063 577 1883 621; baseline -0.007 -9"><span class='ocrx_word' id='word_1_347' title='bbox 1063 585 1181 621; x_wconf 87' lang='lat' dir='ltr'><strong>tempus</strong></span> <span class='ocrx_word' id='word_1_348' title='bbox 1197 581 1377 621; x_wconf 69' lang='lat' dir='ltr'><strong>praeteritum</strong></span> <span class='ocrx_word' id='word_1_349' title='bbox 1398 581 1487 611; x_wconf 89' lang='lat' dir='ltr'><strong>luisse</strong></span> <span class='ocrx_word' id='word_1_350' title='bbox 1509 579 1654 620; x_wconf 83' lang='lat' dir='ltr'><strong>mcestius,</strong></span> <span class='ocrx_word' id='word_1_351' title='bbox 1671 582 1701 610; x_wconf 89' lang='lat' dir='ltr'><strong>et</strong></span> <span class='ocrx_word' id='word_1_352' title='bbox 1720 577 1816 618; x_wconf 84' lang='lat' dir='ltr'><strong>palam</strong></span> <span class='ocrx_word' id='word_1_353' title='bbox 1832 584 1883 606; x_wconf 86' lang='lat' dir='ltr'><strong>re—</strong></span> 
     </span>
    </p>
   </div>
   <div class='ocr_carea' id='block_1_51' title="bbox 1064 625 1445 667">
    <p class='ocr_par' dir='ltr' id='par_1_51' title="bbox 1064 625 1445 667">
     <span class='ocr_line' id='line_1_51' title="bbox 1064 625 1445 667; baseline -0.003 -11"><span class='ocrx_word' id='word_1_354' title='bbox 1064 626 1177 667; x_wconf 89' lang='lat' dir='ltr'><strong>pletum</strong></span> <span class='ocrx_word' id='word_1_355' title='bbox 1186 625 1307 665; x_wconf 81' lang='lat' dir='ltr'><strong>maligni</strong></span> <span class='ocrx_word' id='word_1_356' title='bbox 1315 625 1445 655; x_wconf 88' lang='lat' dir='ltr'><strong>zizaniis.</strong></span> 
     </span>
    </p>
   </div>
   <div class='ocr_carea' id='block_1_52' title="bbox 1103 664 1886 709">
    <p class='ocr_par' dir='ltr' id='par_1_52' title="bbox 1103 664 1886 709">
     <span class='ocr_line' id='line_1_52' title="bbox 1103 664 1886 709; baseline -0.006 -10"><span class='ocrx_word' id='word_1_357' title='bbox 1103 664 1317 700; x_wconf 89' lang='lat' dir='ltr'><strong>Verumtamen</strong></span> <span class='ocrx_word' id='word_1_358' title='bbox 1333 668 1465 709; x_wconf 88' lang='lat' dir='ltr'><strong>quamvis</strong></span> <span class='ocrx_word' id='word_1_359' title='bbox 1481 667 1575 698; x_wconf 89' lang='lat' dir='ltr'><strong>tristia</strong></span> <span class='ocrx_word' id='word_1_360' title='bbox 1591 671 1621 699; x_wconf 91' lang='lat' dir='ltr'><strong>et</strong></span> <span class='ocrx_word' id='word_1_361' title='bbox 1637 667 1760 698; x_wconf 86' lang='lat' dir='ltr'><strong>adversa</strong></span> <span class='ocrx_word' id='word_1_362' title='bbox 1774 664 1886 709; x_wconf 77' lang='lat' dir='ltr'><strong>fuerint</strong></span> 
     </span>
    </p>
   </div>
   <div class='ocr_carea' id='block_1_53' title="bbox 1067 708 1887 754">
    <p class='ocr_par' dir='ltr' id='par_1_53' title="bbox 1067 708 1887 754">
     <span class='ocr_line' id='line_1_53' title="bbox 1067 708 1887 754; baseline -0.006 -10"><span class='ocrx_word' id='word_1_363' title='bbox 1067 714 1226 754; x_wconf 72' lang='lat' dir='ltr'><strong>praeterita,</strong></span> <span class='ocrx_word' id='word_1_364' title='bbox 1244 708 1439 744; x_wconf 81' lang='lat' dir='ltr'><strong>nihilominus</strong></span> <span class='ocrx_word' id='word_1_365' title='bbox 1459 713 1547 743; x_wconf 88' lang='lat' dir='ltr'><strong>etiam</strong></span> <span class='ocrx_word' id='word_1_366' title='bbox 1569 712 1625 742; x_wconf 88' lang='lat' dir='ltr'><strong>hoc</strong></span> <span class='ocrx_word' id='word_1_367' title='bbox 1651 708 1887 751; x_wconf 84' lang='lat' dir='ltr'><strong>tempore_multi</strong></span> 
     </span>
    </p>
   </div>
   <div class='ocr_carea' id='block_1_54' title="bbox 1066 754 1885 798">
    <p class='ocr_par' dir='ltr' id='par_1_54' title="bbox 1066 754 1885 798">
     <span class='ocr_line' id='line_1_54' title="bbox 1066 754 1885 798; baseline -0.006 -9"><span class='ocrx_word' id='word_1_368' title='bbox 1066 763 1134 789; x_wconf 89' lang='lat' dir='ltr'><strong>sunt</strong></span> <span class='ocrx_word' id='word_1_369' title='bbox 1144 758 1287 796; x_wconf 73' lang='lat' dir='ltr'><strong>haeretici,</strong></span> <span class='ocrx_word' id='word_1_370' title='bbox 1303 757 1386 788; x_wconf 91' lang='lat' dir='ltr'><strong>multi</strong></span> <span class='ocrx_word' id='word_1_371' title='bbox 1401 757 1474 798; x_wconf 87' lang='lat' dir='ltr'><strong>lupi,</strong></span> <span class='ocrx_word' id='word_1_372' title='bbox 1485 756 1615 797; x_wconf 90' lang='lat' dir='ltr'><strong>aspides,</strong></span> <span class='ocrx_word' id='word_1_373' title='bbox 1627 760 1656 786; x_wconf 91' lang='lat' dir='ltr'><strong>et</strong></span> <span class='ocrx_word' id='word_1_374' title='bbox 1666 758 1822 795; x_wconf 89' lang='lat' dir='ltr'><strong>serpentes</strong></span> <span class='ocrx_word' id='word_1_375' title='bbox 1833 754 1885 784; x_wconf 89' lang='lat' dir='ltr'><strong>in-</strong></span> 
     </span>
    </p>
   </div>
   <div class='ocr_carea' id='block_1_55' title="bbox 1066 801 1887 840">
    <p class='ocr_par' dir='ltr' id='par_1_55' title="bbox 1066 801 1887 840">
     <span class='ocr_line' id='line_1_55' title="bbox 1066 801 1887 840; baseline -0.006 -7"><span class='ocrx_word' id='word_1_376' title='bbox 1066 806 1110 833; x_wconf 88' lang='lat' dir='ltr'><strong>ter</strong></span> <span class='ocrx_word' id='word_1_377' title='bbox 1121 803 1212 833; x_wconf 86' lang='lat' dir='ltr'><strong>latera</strong></span> <span class='ocrx_word' id='word_1_378' title='bbox 1226 806 1346 840; x_wconf 80' lang='lat' dir='ltr'><strong>nostra;</strong></span> <span class='ocrx_word' id='word_1_379' title='bbox 1364 802 1415 832; x_wconf 84' lang='lat' dir='ltr'><strong>sed</strong></span> <span class='ocrx_word' id='word_1_380' title='bbox 1432 801 1505 831; x_wconf 89' lang='lat' dir='ltr'><strong>nihil</strong></span> <span class='ocrx_word' id='word_1_381' title='bbox 1516 805 1618 831; x_wconf 89' lang='lat' dir='ltr'><strong>contra</strong></span> <span class='ocrx_word' id='word_1_382' title='bbox 1634 809 1688 830; x_wconf 91' lang='lat' dir='ltr'><strong>nos</strong></span> <span class='ocrx_word' id='word_1_383' title='bbox 1704 802 1837 840; x_wconf 88' lang='lat' dir='ltr'><strong>possunt,</strong></span> <span class='ocrx_word' id='word_1_384' title='bbox 1851 807 1887 830; x_wconf 86' lang='lat' dir='ltr'><strong>ac</strong></span> 
     </span>
    </p>
   </div>
   <div class='ocr_carea' id='block_1_56' title="bbox 1065 843 1888 886">
    <p class='ocr_par' dir='ltr' id='par_1_56' title="bbox 1065 843 1888 886">
     <span class='ocr_line' id='line_1_56' title="bbox 1065 843 1888 886; baseline -0.005 -10"><span class='ocrx_word' id='word_1_385' title='bbox 1065 847 1145 878; x_wconf 88' lang='lat' dir='ltr'><strong>velut</strong></span> <span class='ocrx_word' id='word_1_386' title='bbox 1159 846 1316 886; x_wconf 89' lang='lat' dir='ltr'><strong>quamdam</strong></span> <span class='ocrx_word' id='word_1_387' title='bbox 1334 845 1526 885; x_wconf 83' lang='lat' dir='ltr'><strong>malignitatis</strong></span> <span class='ocrx_word' id='word_1_388' title='bbox 1542 854 1603 875; x_wconf 78' lang='lat' dir='ltr'><strong>suae</strong></span> <span class='ocrx_word' id='word_1_389' title='bbox 1613 848 1729 875; x_wconf 89' lang='lat' dir='ltr'><strong>noctem</strong></span> <span class='ocrx_word' id='word_1_390' title='bbox 1744 843 1888 883; x_wconf 84' lang='lat' dir='ltr'><strong>agunt.Et</strong></span> 
     </span>
    </p>
   </div>
   <div class='ocr_carea' id='block_1_57' title="bbox 1066 887 1887 931">
    <p class='ocr_par' dir='ltr' id='par_1_57' title="bbox 1066 887 1887 931">
     <span class='ocr_line' id='line_1_57' title="bbox 1066 887 1887 931; baseline -0.006 -10"><span class='ocrx_word' id='word_1_391' title='bbox 1066 891 1187 931; x_wconf 91' lang='lat' dir='ltr'><strong>quidem</strong></span> <span class='ocrx_word' id='word_1_392' title='bbox 1195 891 1231 921; x_wconf 90' lang='lat' dir='ltr'><strong>ad</strong></span> <span class='ocrx_word' id='word_1_393' title='bbox 1243 890 1506 930; x_wconf 88' lang='lat' dir='ltr'><strong>seventitantes,et</strong></span> <span class='ocrx_word' id='word_1_394' title='bbox 1518 888 1650 919; x_wconf 88' lang='lat' dir='ltr'><strong>tenebris</strong></span> <span class='ocrx_word' id='word_1_395' title='bbox 1662 888 1722 918; x_wconf 90' lang='lat' dir='ltr'><strong>suis</strong></span> <span class='ocrx_word' id='word_1_396' title='bbox 1737 887 1887 918; x_wconf 89' lang='lat' dir='ltr'><strong>involutos</strong></span> 
     </span>
    </p>
   </div>
   <div class='ocr_carea' id='block_1_58' title="bbox 1065 932 1887 974">
    <p class='ocr_par' dir='ltr' id='par_1_58' title="bbox 1065 932 1887 974">
     <span class='ocr_line' id='line_1_58' title="bbox 1065 932 1887 974; baseline -0.005 -9"><span class='ocrx_word' id='word_1_397' title='bbox 1065 936 1185 974; x_wconf 81' lang='lat' dir='ltr'><strong>rapiunt</strong></span> <span class='ocrx_word' id='word_1_398' title='bbox 1199 944 1233 965; x_wconf 90' lang='lat' dir='ltr'><strong>ac</strong></span> <span class='ocrx_word' id='word_1_399' title='bbox 1251 935 1405 966; x_wconf 83' lang='lat' dir='ltr'><strong>devorant.</strong></span> <span class='ocrx_word' id='word_1_400' title='bbox 1430 934 1463 965; x_wconf 91' lang='lat' dir='ltr'><strong>In</strong></span> <span class='ocrx_word' id='word_1_401' title='bbox 1478 933 1590 964; x_wconf 91' lang='lat' dir='ltr'><strong>lumine</strong></span> <span class='ocrx_word' id='word_1_402' title='bbox 1605 938 1702 964; x_wconf 90' lang='lat' dir='ltr'><strong>autem</strong></span> <span class='ocrx_word' id='word_1_403' title='bbox 1719 932 1887 962; x_wconf 88' lang='lat' dir='ltr'><strong>divinarum</strong></span> 
     </span>
    </p>
   </div>
   <div class='ocr_carea' id='block_1_59' title="bbox 1064 976 1887 1019">
    <p class='ocr_par' dir='ltr' id='par_1_59' title="bbox 1064 976 1887 1019">
     <span class='ocr_line' id='line_1_59' title="bbox 1064 976 1887 1019; baseline -0.005 -10"><span class='ocrx_word' id='word_1_404' title='bbox 1064 979 1266 1019; x_wconf 82' lang='lat' dir='ltr'><strong>Sripturarum</strong></span> <span class='ocrx_word' id='word_1_405' title='bbox 1281 978 1512 1015; x_wconf 86' lang='lat' dir='ltr'><strong>ambulantibus,</strong></span> <span class='ocrx_word' id='word_1_406' title='bbox 1532 982 1561 1008; x_wconf 87' lang='lat' dir='ltr'><strong>et</strong></span> <span class='ocrx_word' id='word_1_407' title='bbox 1573 978 1604 1008; x_wconf 90' lang='lat' dir='ltr'><strong>in</strong></span> <span class='ocrx_word' id='word_1_408' title='bbox 1619 977 1665 1007; x_wconf 87' lang='lat' dir='ltr'><strong>via</strong></span> <span class='ocrx_word' id='word_1_409' title='bbox 1679 976 1887 1007; x_wconf 86' lang='lat' dir='ltr'><strong>mandatorum</strong></span> 
     </span>
    </p>
   </div>
   <div class='ocr_carea' id='block_1_60' title="bbox 1065 1020 1885 1062">
    <p class='ocr_par' dir='ltr' id='par_1_60' title="bbox 1065 1020 1885 1062">
     <span class='ocr_line' id='line_1_60' title="bbox 1065 1020 1885 1062; baseline -0.004 -9"><span class='ocrx_word' id='word_1_410' title='bbox 1065 1022 1118 1054; x_wconf 89' lang='lat' dir='ltr'><strong>Dei</strong></span> <span class='ocrx_word' id='word_1_411' title='bbox 1135 1023 1355 1059; x_wconf 87' lang='lat' dir='ltr'><strong>incedentibus,</strong></span> <span class='ocrx_word' id='word_1_412' title='bbox 1381 1032 1419 1053; x_wconf 88' lang='lat' dir='ltr'><strong>ne</strong></span> <span class='ocrx_word' id='word_1_413' title='bbox 1438 1031 1596 1053; x_wconf 88' lang='lat' dir='ltr'><strong>occurrere</strong></span> <span class='ocrx_word' id='word_1_414' title='bbox 1612 1021 1731 1062; x_wconf 85' lang='lat' dir='ltr'><strong>quidem</strong></span> <span class='ocrx_word' id='word_1_415' title='bbox 1747 1020 1857 1051; x_wconf 86' lang='lat' dir='ltr'><strong>audent</strong></span> <span class='ocrx_word' id='word_1_416' title='bbox 1878 1030 1885 1050; x_wconf 90' lang='lat'><strong>:</strong></span> 
     </span>
    </p>
   </div>
   <div class='ocr_carea' id='block_1_61' title="bbox 1065 1067 1888 1107">
    <p class='ocr_par' dir='ltr' id='par_1_61' title="bbox 1065 1067 1888 1107">
     <span class='ocr_line' id='line_1_61' title="bbox 1065 1067 1888 1107; baseline -0.004 -10"><span class='ocrx_word' id='word_1_417' title='bbox 1065 1067 1116 1098; x_wconf 86' lang='lat' dir='ltr'><strong>sed</strong></span> <span class='ocrx_word' id='word_1_418' title='bbox 1135 1076 1201 1098; x_wconf 88' lang='lat' dir='ltr'><strong>cum</strong></span> <span class='ocrx_word' id='word_1_419' title='bbox 1215 1076 1267 1107; x_wconf 92' lang='lat' dir='ltr'><strong>per</strong></span> <span class='ocrx_word' id='word_1_420' title='bbox 1282 1070 1470 1097; x_wconf 89' lang='lat' dir='ltr'><strong>transeuntes</strong></span> <span class='ocrx_word' id='word_1_421' title='bbox 1484 1071 1621 1103; x_wconf 88' lang='lat' dir='ltr'><strong>cernunt,</strong></span> <span class='ocrx_word' id='word_1_422' title='bbox 1634 1074 1736 1096; x_wconf 89' lang='lat' dir='ltr'><strong>eorum</strong></span> <span class='ocrx_word' id='word_1_423' title='bbox 1758 1072 1888 1104; x_wconf 88' lang='lat' dir='ltr'><strong>conspe-</strong></span> 
     </span>
    </p>
   </div>
   <div class='ocr_carea' id='block_1_62' title="bbox 1063 1108 1889 1151">
    <p class='ocr_par' dir='ltr' id='par_1_62' title="bbox 1063 1108 1889 1151">
     <span class='ocr_line' id='line_1_62' title="bbox 1063 1108 1889 1151; baseline -0.005 -9"><span class='ocrx_word' id='word_1_424' title='bbox 1063 1114 1143 1142; x_wconf 89' lang='lat' dir='ltr'><strong>ctum</strong></span> <span class='ocrx_word' id='word_1_425' title='bbox 1162 1111 1284 1151; x_wconf 87' lang='lat' dir='ltr'><strong>perinde</strong></span> <span class='ocrx_word' id='word_1_426' title='bbox 1296 1120 1330 1142; x_wconf 85' lang='lat' dir='ltr'><strong>ac</strong></span> <span class='ocrx_word' id='word_1_427' title='bbox 1342 1112 1490 1141; x_wconf 85' lang='lat' dir='ltr'><strong>ﬂammam</strong></span> <span class='ocrx_word' id='word_1_428' title='bbox 1499 1110 1624 1150; x_wconf 78' lang='lat' dir='ltr'><strong>fugiunt.</strong></span> <span class='ocrx_word' id='word_1_429' title='bbox 1636 1109 1785 1145; x_wconf 88' lang='lat' dir='ltr'><strong>Quosnam</strong></span> <span class='ocrx_word' id='word_1_430' title='bbox 1797 1108 1889 1147; x_wconf 81' lang='lat' dir='ltr'><strong>igitur</strong></span> 
     </span>
    </p>
   </div>
   <div class='ocr_carea' id='block_1_63' title="bbox 1064 1152 1888 1196">
    <p class='ocr_par' dir='ltr' id='par_1_63' title="bbox 1064 1152 1888 1196">
     <span class='ocr_line' id='line_1_63' title="bbox 1064 1152 1888 1196; baseline -0.004 -10"><span class='ocrx_word' id='word_1_431' title='bbox 1064 1156 1219 1186; x_wconf 72' lang='lat' dir='ltr'><strong>haereticos</strong></span> <span class='ocrx_word' id='word_1_432' title='bbox 1230 1164 1277 1185; x_wconf 91' lang='lat' dir='ltr'><strong>me</strong></span> <span class='ocrx_word' id='word_1_433' title='bbox 1289 1156 1457 1194; x_wconf 82' lang='lat' dir='ltr'><strong>signiﬁcare</strong></span> <span class='ocrx_word' id='word_1_434' title='bbox 1468 1154 1659 1196; x_wconf 87' lang='lat' dir='ltr'><strong>suspicamini</strong></span> <span class='ocrx_word' id='word_1_435' title='bbox 1670 1154 1682 1185; x_wconf 83' lang='lat'><strong>?</strong></span> <span class='ocrx_word' id='word_1_436' title='bbox 1693 1163 1764 1184; x_wconf 91' lang='lat' dir='ltr'><strong>num</strong></span> <span class='ocrx_word' id='word_1_437' title='bbox 1774 1162 1824 1183; x_wconf 88' lang='lat' dir='ltr'><strong>eos</strong></span> <span class='ocrx_word' id='word_1_438' title='bbox 1836 1152 1888 1192; x_wconf 90' lang='lat' dir='ltr'><strong>qui</strong></span> 
     </span>
    </p>
   </div>
   <div class='ocr_carea' id='block_1_64' title="bbox 1065 1199 1887 1240">
    <p class='ocr_par' dir='ltr' id='par_1_64' title="bbox 1065 1199 1887 1240">
     <span class='ocr_line' id='line_1_64' title="bbox 1065 1199 1887 1240; baseline -0.005 -9"><span class='ocrx_word' id='word_1_439' title='bbox 1065 1200 1119 1231; x_wconf 79' lang='lat' dir='ltr'><strong>Dei</strong></span> <span class='ocrx_word' id='word_1_440' title='bbox 1133 1200 1240 1230; x_wconf 88' lang='lat' dir='ltr'><strong>Filium</strong></span> <span class='ocrx_word' id='word_1_441' title='bbox 1260 1203 1390 1238; x_wconf 75' lang='lat' dir='ltr'><strong>negant?</strong></span> <span class='ocrx_word' id='word_1_442' title='bbox 1412 1209 1483 1229; x_wconf 89' lang='lat' dir='ltr'><strong>num</strong></span> <span class='ocrx_word' id='word_1_443' title='bbox 1509 1199 1559 1240; x_wconf 88' lang='lat' dir='ltr'><strong>qui</strong></span> <span class='ocrx_word' id='word_1_444' title='bbox 1585 1199 1727 1239; x_wconf 89' lang='lat' dir='ltr'><strong>Spiritum</strong></span> <span class='ocrx_word' id='word_1_445' title='bbox 1751 1201 1887 1228; x_wconf 90' lang='lat' dir='ltr'><strong>sanctum</strong></span> 
     </span>
    </p>
   </div>
   <div class='ocr_carea' id='block_1_65' title="bbox 1064 1241 1887 1284">
    <p class='ocr_par' dir='ltr' id='par_1_65' title="bbox 1064 1241 1887 1284">
     <span class='ocr_line' id='line_1_65' title="bbox 1064 1241 1887 1284; baseline -0.004 -10"><span class='ocrx_word' id='word_1_446' title='bbox 1064 1243 1281 1284; x_wconf 87' lang='lat' dir='ltr'><strong>blasphemant,</strong></span> <span class='ocrx_word' id='word_1_447' title='bbox 1299 1253 1333 1274; x_wconf 91' lang='lat' dir='ltr'><strong>ac</strong></span> <span class='ocrx_word' id='word_1_448' title='bbox 1347 1244 1500 1274; x_wconf 88' lang='lat' dir='ltr'><strong>divinitate</strong></span> <span class='ocrx_word' id='word_1_449' title='bbox 1511 1242 1665 1283; x_wconf 81' lang='lat' dir='ltr'><strong>spoliant?</strong></span> <span class='ocrx_word' id='word_1_450' title='bbox 1680 1251 1750 1273; x_wconf 87' lang='lat' dir='ltr'><strong>nurn</strong></span> <span class='ocrx_word' id='word_1_451' title='bbox 1763 1241 1813 1282; x_wconf 92' lang='lat' dir='ltr'><strong>qui</strong></span> <span class='ocrx_word' id='word_1_452' title='bbox 1828 1242 1887 1272; x_wconf 88' lang='lat' dir='ltr'><strong>Pa-</strong></span> 
     </span>
    </p>
   </div>
   <div class='ocr_carea' id='block_1_66' title="bbox 1065 1286 1887 1327">
    <p class='ocr_par' dir='ltr' id='par_1_66' title="bbox 1065 1286 1887 1327">
     <span class='ocr_line' id='line_1_66' title="bbox 1065 1286 1887 1327; baseline -0.004 -9"><span class='ocrx_word' id='word_1_453' title='bbox 1065 1292 1140 1318; x_wconf 89' lang='lat' dir='ltr'><strong>trem</strong></span> <span class='ocrx_word' id='word_1_454' title='bbox 1150 1288 1224 1318; x_wconf 88' lang='lat' dir='ltr'><strong>Filio</strong></span> <span class='ocrx_word' id='word_1_455' title='bbox 1237 1288 1379 1327; x_wconf 87' lang='lat' dir='ltr'><strong>majorem</strong></span> <span class='ocrx_word' id='word_1_456' title='bbox 1397 1293 1532 1319; x_wconf 87' lang='lat' dir='ltr'><strong>asserunt</strong></span> <span class='ocrx_word' id='word_1_457' title='bbox 1542 1288 1553 1318; x_wconf 71' lang='lat'><strong>1’</strong></span> <span class='ocrx_word' id='word_1_458' title='bbox 1564 1297 1634 1318; x_wconf 90' lang='lat' dir='ltr'><strong>num</strong></span> <span class='ocrx_word' id='word_1_459' title='bbox 1647 1287 1697 1327; x_wconf 89' lang='lat' dir='ltr'><strong>qui</strong></span> <span class='ocrx_word' id='word_1_460' title='bbox 1712 1286 1887 1317; x_wconf 89' lang='lat' dir='ltr'><strong>Trinitatem</strong></span> 
     </span>
    </p>
   </div>
   <div class='ocr_carea' id='block_1_67' title="bbox 1065 1331 1888 1369">
    <p class='ocr_par' dir='ltr' id='par_1_67' title="bbox 1065 1331 1888 1369">
     <span class='ocr_line' id='line_1_67' title="bbox 1065 1331 1888 1369; baseline -0.002 -7"><span class='ocrx_word' id='word_1_461' title='bbox 1065 1333 1095 1362; x_wconf 91' lang='lat' dir='ltr'><strong>in</strong></span> <span class='ocrx_word' id='word_1_462' title='bbox 1112 1332 1255 1362; x_wconf 87' lang='lat' dir='ltr'><strong>unitatem</strong></span> <span class='ocrx_word' id='word_1_463' title='bbox 1270 1332 1467 1369; x_wconf 83' lang='lat' dir='ltr'><strong>confundunt,</strong></span> <span class='ocrx_word' id='word_1_464' title='bbox 1489 1336 1538 1362; x_wconf 87' lang='lat' dir='ltr'><strong>aut</strong></span> <span class='ocrx_word' id='word_1_465' title='bbox 1563 1340 1653 1362; x_wconf 92' lang='lat' dir='ltr'><strong>unum</strong></span> <span class='ocrx_word' id='word_1_466' title='bbox 1671 1331 1763 1362; x_wconf 80' lang='lat' dir='ltr'><strong>Deum</strong></span> <span class='ocrx_word' id='word_1_467' title='bbox 1779 1331 1808 1361; x_wconf 88' lang='lat' dir='ltr'><strong>in</strong></span> <span class='ocrx_word' id='word_1_468' title='bbox 1826 1335 1888 1360; x_wconf 90' lang='lat' dir='ltr'><strong>tres</strong></span> 
     </span>
    </p>
   </div>
   <div class='ocr_carea' id='block_1_68' title="bbox 1065 1374 1887 1416">
    <p class='ocr_par' dir='ltr' id='par_1_68' title="bbox 1065 1374 1887 1416">
     <span class='ocr_line' id='line_1_68' title="bbox 1065 1374 1887 1416; baseline -0.002 -10"><span class='ocrx_word' id='word_1_469' title='bbox 1065 1376 1138 1406; x_wconf 89' lang='lat' dir='ltr'><strong>deos</strong></span> <span class='ocrx_word' id='word_1_470' title='bbox 1154 1376 1302 1407; x_wconf 87' lang='lat' dir='ltr'><strong>dividunt?</strong></span> <span class='ocrx_word' id='word_1_471' title='bbox 1314 1385 1382 1407; x_wconf 88' lang='lat' dir='ltr'><strong>num</strong></span> <span class='ocrx_word' id='word_1_472' title='bbox 1395 1376 1446 1416; x_wconf 90' lang='lat' dir='ltr'><strong>qui</strong></span> <span class='ocrx_word' id='word_1_473' title='bbox 1461 1376 1608 1407; x_wconf 84' lang='lat' dir='ltr'><strong>Christum</strong></span> <span class='ocrx_word' id='word_1_474' title='bbox 1626 1376 1680 1406; x_wconf 91' lang='lat' dir='ltr'><strong>Dei</strong></span> <span class='ocrx_word' id='word_1_475' title='bbox 1695 1375 1815 1415; x_wconf 89' lang='lat' dir='ltr'><strong>quidem</strong></span> <span class='ocrx_word' id='word_1_476' title='bbox 1832 1374 1887 1404; x_wconf 88' lang='lat' dir='ltr'><strong>Fi-</strong></span> 
     </span>
    </p>
   </div>
   <div class='ocr_carea' id='block_1_69' title="bbox 1066 1420 1888 1459">
    <p class='ocr_par' dir='ltr' id='par_1_69' title="bbox 1066 1420 1888 1459">
     <span class='ocr_line' id='line_1_69' title="bbox 1066 1420 1888 1459; baseline -0.002 -9"><span class='ocrx_word' id='word_1_477' title='bbox 1066 1421 1137 1451; x_wconf 92' lang='lat' dir='ltr'><strong>lium</strong></span> <span class='ocrx_word' id='word_1_478' title='bbox 1153 1421 1317 1459; x_wconf 89' lang='lat' dir='ltr'><strong>nominaut,</strong></span> <span class='ocrx_word' id='word_1_479' title='bbox 1333 1421 1471 1451; x_wconf 85' lang='lat' dir='ltr'><strong>eumdem</strong></span> <span class='ocrx_word' id='word_1_480' title='bbox 1491 1430 1559 1450; x_wconf 92' lang='lat' dir='ltr'><strong>vero</strong></span> <span class='ocrx_word' id='word_1_481' title='bbox 1584 1429 1621 1451; x_wconf 80' lang='lat' dir='ltr'><strong>ex</strong></span> <span class='ocrx_word' id='word_1_482' title='bbox 1639 1420 1763 1450; x_wconf 86' lang='lat' dir='ltr'><strong>muliere</strong></span> <span class='ocrx_word' id='word_1_483' title='bbox 1778 1428 1888 1458; x_wconf 91' lang='lat' dir='ltr'><strong>corpus</strong></span> 
     </span>
    </p>
   </div>
   <div class='ocr_carea' id='block_1_70' title="bbox 1065 1463 1888 1505">
    <p class='ocr_par' dir='ltr' id='par_1_70' title="bbox 1065 1463 1888 1505">
     <span class='ocr_line' id='line_1_70' title="bbox 1065 1463 1888 1505; baseline -0.004 -10"><span class='ocrx_word' id='word_1_484' title='bbox 1065 1464 1211 1505; x_wconf 84' lang='lat' dir='ltr'><strong>sumpisse</strong></span> <span class='ocrx_word' id='word_1_485' title='bbox 1235 1475 1294 1495; x_wconf 91' lang='lat' dir='ltr'><strong>non</strong></span> <span class='ocrx_word' id='word_1_486' title='bbox 1321 1465 1468 1495; x_wconf 86' lang='lat' dir='ltr'><strong>credunt?</strong></span> <span class='ocrx_word' id='word_1_487' title='bbox 1486 1474 1556 1495; x_wconf 91' lang='lat' dir='ltr'><strong>num</strong></span> <span class='ocrx_word' id='word_1_488' title='bbox 1572 1465 1622 1504; x_wconf 88' lang='lat' dir='ltr'><strong>qui</strong></span> <span class='ocrx_word' id='word_1_489' title='bbox 1637 1472 1744 1503; x_wconf 90' lang='lat' dir='ltr'><strong>corpus</strong></span> <span class='ocrx_word' id='word_1_490' title='bbox 1764 1463 1888 1503; x_wconf 90' lang='lat' dir='ltr'><strong>quidem</strong></span> 
     </span>
    </p>
   </div>
   <div class='ocr_carea' id='block_1_71' title="bbox 1065 1507 1889 1549">
    <p class='ocr_par' dir='ltr' id='par_1_71' title="bbox 1065 1507 1889 1549">
     <span class='ocr_line' id='line_1_71' title="bbox 1065 1507 1889 1549; baseline -0.002 -10"><span class='ocrx_word' id='word_1_491' title='bbox 1065 1509 1271 1549; x_wconf 89' lang='lat' dir='ltr'><strong>assumpsisse,</strong></span> <span class='ocrx_word' id='word_1_492' title='bbox 1289 1510 1341 1540; x_wconf 86' lang='lat' dir='ltr'><strong>sed</strong></span> <span class='ocrx_word' id='word_1_493' title='bbox 1363 1509 1427 1539; x_wconf 88' lang='lat' dir='ltr'><strong>sine</strong></span> <span class='ocrx_word' id='word_1_494' title='bbox 1448 1509 1547 1540; x_wconf 86' lang='lat' dir='ltr'><strong>anima</strong></span> <span class='ocrx_word' id='word_1_495' title='bbox 1566 1507 1733 1548; x_wconf 78' lang='lat' dir='ltr'><strong>angantur?</strong></span> <span class='ocrx_word' id='word_1_496' title='bbox 1749 1517 1820 1537; x_wconf 92' lang='lat' dir='ltr'><strong>num</strong></span> <span class='ocrx_word' id='word_1_497' title='bbox 1835 1508 1889 1548; x_wconf 90' lang='lat' dir='ltr'><strong>qui</strong></span> 
     </span>
    </p>
   </div>
   <div class='ocr_carea' id='block_1_72' title="bbox 1066 1553 1888 1592">
    <p class='ocr_par' dir='ltr' id='par_1_72' title="bbox 1066 1553 1888 1592">
     <span class='ocr_line' id='line_1_72' title="bbox 1066 1553 1888 1592; baseline -0.002 -9"><span class='ocrx_word' id='word_1_498' title='bbox 1066 1553 1137 1583; x_wconf 91' lang='lat' dir='ltr'><strong>illud</strong></span> <span class='ocrx_word' id='word_1_499' title='bbox 1150 1553 1325 1589; x_wconf 84' lang='lat' dir='ltr'><strong>animatum,</strong></span> <span class='ocrx_word' id='word_1_500' title='bbox 1340 1557 1371 1583; x_wconf 92' lang='lat' dir='ltr'><strong>ut</strong></span> <span class='ocrx_word' id='word_1_501' title='bbox 1382 1555 1527 1592; x_wconf 83' lang='lat' dir='ltr'><strong>integrum</strong></span> <span class='ocrx_word' id='word_1_502' title='bbox 1541 1554 1702 1589; x_wconf 89' lang='lat' dir='ltr'><strong>hominem,</strong></span> <span class='ocrx_word' id='word_1_503' title='bbox 1716 1561 1774 1582; x_wconf 88' lang='lat' dir='ltr'><strong>non</strong></span> <span class='ocrx_word' id='word_1_504' title='bbox 1788 1555 1888 1582; x_wconf 88' lang='lat' dir='ltr'><strong>autem</strong></span> 
     </span>
    </p>
   </div>
   <div class='ocr_carea' id='block_1_73' title="bbox 1068 1595 1888 1637">
    <p class='ocr_par' dir='ltr' id='par_1_73' title="bbox 1068 1595 1888 1637">
     <span class='ocr_line' id='line_1_73' title="bbox 1068 1595 1888 1637; baseline -0.002 -10"><span class='ocrx_word' id='word_1_505' title='bbox 1068 1606 1156 1627; x_wconf 91' lang='lat' dir='ltr'><strong>unum</strong></span> <span class='ocrx_word' id='word_1_506' title='bbox 1183 1598 1345 1627; x_wconf 90' lang='lat' dir='ltr'><strong>secundum</strong></span> <span class='ocrx_word' id='word_1_507' title='bbox 1371 1597 1539 1637; x_wconf 77' lang='lat' dir='ltr'><strong>hypostasiu</strong></span> <span class='ocrx_word' id='word_1_508' title='bbox 1556 1597 1610 1628; x_wconf 85' lang='lat' dir='ltr'><strong>Dei</strong></span> <span class='ocrx_word' id='word_1_509' title='bbox 1625 1601 1654 1628; x_wconf 91' lang='lat' dir='ltr'><strong>et</strong></span> <span class='ocrx_word' id='word_1_510' title='bbox 1667 1596 1767 1628; x_wconf 68' lang='lat' dir='ltr'><strong>Maria:</strong></span> <span class='ocrx_word' id='word_1_511' title='bbox 1779 1595 1888 1626; x_wconf 87' lang='lat' dir='ltr'><strong>Filium</strong></span> 
     </span>
    </p>
   </div>
   <div class='ocr_carea' id='block_1_74' title="bbox 1066 1640 1888 1681">
    <p class='ocr_par' dir='ltr' id='par_1_74' title="bbox 1066 1640 1888 1681">
     <span class='ocr_line' id='line_1_74' title="bbox 1066 1640 1888 1681; baseline 0.001 -11"><span class='ocrx_word' id='word_1_512' title='bbox 1066 1641 1257 1681; x_wconf 89' lang='lat' dir='ltr'><strong>appellatum,</strong></span> <span class='ocrx_word' id='word_1_513' title='bbox 1272 1641 1365 1672; x_wconf 89' lang='lat' dir='ltr'><strong>Deum</strong></span> <span class='ocrx_word' id='word_1_514' title='bbox 1377 1650 1442 1672; x_wconf 89' lang='lat' dir='ltr'><strong>esse</strong></span> <span class='ocrx_word' id='word_1_515' title='bbox 1453 1641 1648 1678; x_wconf 83' lang='lat' dir='ltr'><strong>contendunt,</strong></span> <span class='ocrx_word' id='word_1_516' title='bbox 1661 1640 1715 1671; x_wconf 87' lang='lat' dir='ltr'><strong>sed</strong></span> <span class='ocrx_word' id='word_1_517' title='bbox 1725 1640 1756 1670; x_wconf 88' lang='lat' dir='ltr'><strong>in</strong></span> <span class='ocrx_word' id='word_1_518' title='bbox 1766 1641 1841 1670; x_wconf 93' lang='lat' dir='ltr'><strong>duos</strong></span> <span class='ocrx_word' id='word_1_519' title='bbox 1854 1640 1888 1671; x_wconf 85' lang='lat' dir='ltr'><strong>ﬁ-</strong></span> 
     </span>
    </p>
   </div>
   <div class='ocr_carea' id='block_1_75' title="bbox 1068 1684 1888 1724">
    <p class='ocr_par' dir='ltr' id='par_1_75' title="bbox 1068 1684 1888 1724">
     <span class='ocr_line' id='line_1_75' title="bbox 1068 1684 1888 1724; baseline 0 -10"><span class='ocrx_word' id='word_1_520' title='bbox 1068 1685 1123 1715; x_wconf 91' lang='lat' dir='ltr'><strong>lios</strong></span> <span class='ocrx_word' id='word_1_521' title='bbox 1144 1695 1236 1716; x_wconf 91' lang='lat' dir='ltr'><strong>unum</strong></span> <span class='ocrx_word' id='word_1_522' title='bbox 1260 1685 1410 1716; x_wconf 86' lang='lat' dir='ltr'><strong>Christum</strong></span> <span class='ocrx_word' id='word_1_523' title='bbox 1432 1685 1608 1716; x_wconf 70' lang='lat' dir='ltr'><strong>secernunt?</strong></span> <span class='ocrx_word' id='word_1_524' title='bbox 1620 1694 1689 1715; x_wconf 92' lang='lat' dir='ltr'><strong>num</strong></span> <span class='ocrx_word' id='word_1_525' title='bbox 1702 1684 1821 1714; x_wconf 91' lang='lat' dir='ltr'><strong>demum</strong></span> <span class='ocrx_word' id='word_1_526' title='bbox 1835 1684 1888 1724; x_wconf 85' lang='lat' dir='ltr'><strong>qui</strong></span> 
     </span>
    </p>
   </div>
   <div class='ocr_carea' id='block_1_76' title="bbox 1068 1728 1888 1770">
    <p class='ocr_par' dir='ltr' id='par_1_76' title="bbox 1068 1728 1888 1770">
     <span class='ocr_line' id='line_1_76' title="bbox 1068 1728 1888 1770; baseline -0.001 -11"><span class='ocrx_word' id='word_1_527' title='bbox 1068 1729 1183 1760; x_wconf 85' lang='lat' dir='ltr'><strong>Patrem</strong></span> <span class='ocrx_word' id='word_1_528' title='bbox 1199 1729 1346 1769; x_wconf 85' lang='lat' dir='ltr'><strong>principio</strong></span> <span class='ocrx_word' id='word_1_529' title='bbox 1363 1734 1524 1768; x_wconf 85' lang='lat' dir='ltr'><strong>carentem,</strong></span> <span class='ocrx_word' id='word_1_530' title='bbox 1537 1729 1683 1770; x_wconf 84' lang='lat' dir='ltr'><strong>principio</strong></span> <span class='ocrx_word' id='word_1_531' title='bbox 1695 1728 1888 1759; x_wconf 89' lang='lat' dir='ltr'><strong>circumscri-</strong></span> 
     </span>
    </p>
   </div>
   <div class='ocr_carea' id='block_1_77' title="bbox 1067 1773 1889 1814">
    <p class='ocr_par' dir='ltr' id='par_1_77' title="bbox 1067 1773 1889 1814">
     <span class='ocr_line' id='line_1_77' title="bbox 1067 1773 1889 1814; baseline -0.002 -10"><span class='ocrx_word' id='word_1_532' title='bbox 1067 1773 1152 1812; x_wconf 88' lang='lat' dir='ltr'><strong>bunt,</strong></span> <span class='ocrx_word' id='word_1_533' title='bbox 1167 1777 1195 1804; x_wconf 89' lang='lat' dir='ltr'><strong>et</strong></span> <span class='ocrx_word' id='word_1_534' title='bbox 1205 1774 1306 1804; x_wconf 89' lang='lat' dir='ltr'><strong>dicere</strong></span> <span class='ocrx_word' id='word_1_535' title='bbox 1322 1783 1381 1804; x_wconf 92' lang='lat' dir='ltr'><strong>non</strong></span> <span class='ocrx_word' id='word_1_536' title='bbox 1395 1778 1548 1814; x_wconf 87' lang='lat' dir='ltr'><strong>verentur,</strong></span> <span class='ocrx_word' id='word_1_537' title='bbox 1564 1774 1627 1811; x_wconf 82' lang='lat' dir='ltr'><strong>fuit,</strong></span> <span class='ocrx_word' id='word_1_538' title='bbox 1649 1783 1715 1804; x_wconf 91' lang='lat' dir='ltr'><strong>cum</strong></span> <span class='ocrx_word' id='word_1_539' title='bbox 1732 1782 1791 1803; x_wconf 91' lang='lat' dir='ltr'><strong>non</strong></span> <span class='ocrx_word' id='word_1_540' title='bbox 1808 1776 1889 1803; x_wconf 90' lang='lat' dir='ltr'><strong>esset</strong></span> 
     </span>
    </p>
   </div>
   <div class='ocr_carea' id='block_1_78' title="bbox 1067 1817 1887 1858">
    <p class='ocr_par' dir='ltr' id='par_1_78' title="bbox 1067 1817 1887 1858">
     <span class='ocr_line' id='line_1_78' title="bbox 1067 1817 1887 1858; baseline 0 -11"><span class='ocrx_word' id='word_1_541' title='bbox 1067 1819 1164 1855; x_wconf 87' lang='lat' dir='ltr'><strong>Pater,</strong></span> <span class='ocrx_word' id='word_1_542' title='bbox 1178 1818 1206 1848; x_wconf 87' lang='lat' dir='ltr'><strong>td</strong></span> <span class='ocrx_word' id='word_1_543' title='bbox 1220 1823 1276 1855; x_wconf 89' lang='lat' dir='ltr'><strong>est,</strong></span> <span class='ocrx_word' id='word_1_544' title='bbox 1288 1818 1446 1858; x_wconf 87' lang='lat' dir='ltr'><strong>aliquando</strong></span> <span class='ocrx_word' id='word_1_545' title='bbox 1459 1827 1517 1849; x_wconf 91' lang='lat' dir='ltr'><strong>non</strong></span> <span class='ocrx_word' id='word_1_546' title='bbox 1529 1818 1582 1849; x_wconf 86' lang='lat' dir='ltr'><strong>fuit</strong></span> <span class='ocrx_word' id='word_1_547' title='bbox 1596 1818 1695 1848; x_wconf 85' lang='lat' dir='ltr'><strong>l’ater?</strong></span> <span class='ocrx_word' id='word_1_548' title='bbox 1709 1817 1887 1857; x_wconf 85' lang='lat' dir='ltr'><strong>autquiPa-</strong></span> 
     </span>
    </p>
   </div>
   <div class='ocr_carea' id='block_1_79' title="bbox 1066 1861 1888 1902">
    <p class='ocr_par' dir='ltr' id='par_1_79' title="bbox 1066 1861 1888 1902">
     <span class='ocr_line' id='line_1_79' title="bbox 1066 1861 1888 1902; baseline 0 -11"><span class='ocrx_word' id='word_1_549' title='bbox 1066 1865 1140 1892; x_wconf 89' lang='lat' dir='ltr'><strong>trem</strong></span> <span class='ocrx_word' id='word_1_550' title='bbox 1153 1862 1272 1902; x_wconf 88' lang='lat' dir='ltr'><strong>quidem</strong></span> <span class='ocrx_word' id='word_1_551' title='bbox 1283 1863 1466 1901; x_wconf 87' lang='lat' dir='ltr'><strong>paternitatis</strong></span> <span class='ocrx_word' id='word_1_552' title='bbox 1475 1871 1576 1894; x_wconf 89' lang='lat' dir='ltr'><strong>carere</strong></span> <span class='ocrx_word' id='word_1_553' title='bbox 1585 1862 1682 1898; x_wconf 84' lang='lat' dir='ltr'><strong>initio,</strong></span> <span class='ocrx_word' id='word_1_554' title='bbox 1698 1861 1804 1892; x_wconf 90' lang='lat' dir='ltr'><strong>Filium</strong></span> <span class='ocrx_word' id='word_1_555' title='bbox 1817 1869 1888 1891; x_wconf 89' lang='lat' dir='ltr'><strong>vero</strong></span> 
     </span>
    </p>
   </div>
   <div class='ocr_carea' id='block_1_80' title="bbox 1066 1905 1889 1947">
    <p class='ocr_par' dir='ltr' id='par_1_80' title="bbox 1066 1905 1889 1947">
     <span class='ocr_line' id='line_1_80' title="bbox 1066 1905 1889 1947; baseline -0.001 -11"><span class='ocrx_word' id='word_1_556' title='bbox 1066 1910 1098 1936; x_wconf 88' lang='lat' dir='ltr'><strong>ut</strong></span> <span class='ocrx_word' id='word_1_557' title='bbox 1108 1915 1143 1936; x_wconf 82' lang='lat' dir='ltr'><strong>ex</strong></span> <span class='ocrx_word' id='word_1_558' title='bbox 1154 1915 1188 1936; x_wconf 92' lang='lat' dir='ltr'><strong>eo</strong></span> <span class='ocrx_word' id='word_1_559' title='bbox 1199 1906 1330 1945; x_wconf 84' lang='lat' dir='ltr'><strong>genitum</strong></span> <span class='ocrx_word' id='word_1_560' title='bbox 1344 1911 1408 1947; x_wconf 87' lang='lat' dir='ltr'><strong>post</strong></span> <span class='ocrx_word' id='word_1_561' title='bbox 1418 1911 1534 1946; x_wconf 87' lang='lat' dir='ltr'><strong>tempus</strong></span> <span class='ocrx_word' id='word_1_562' title='bbox 1546 1906 1664 1947; x_wconf 90' lang='lat' dir='ltr'><strong>aliquod</strong></span> <span class='ocrx_word' id='word_1_563' title='bbox 1678 1905 1793 1936; x_wconf 89' lang='lat' dir='ltr'><strong>initium</strong></span> <span class='ocrx_word' id='word_1_564' title='bbox 1803 1914 1889 1936; x_wconf 89' lang='lat' dir='ltr'><strong>acce-</strong></span> 
     </span>
    </p>
   </div>
   <div class='ocr_carea' id='block_1_81' title="bbox 1067 1949 1889 1991">
    <p class='ocr_par' dir='ltr' id='par_1_81' title="bbox 1067 1949 1889 1991">
     <span class='ocr_line' id='line_1_81' title="bbox 1067 1949 1889 1991; baseline -0.001 -11"><span class='ocrx_word' id='word_1_565' title='bbox 1067 1950 1156 1990; x_wconf 87' lang='lat' dir='ltr'><strong>pisse,</strong></span> <span class='ocrx_word' id='word_1_566' title='bbox 1166 1953 1303 1991; x_wconf 87' lang='lat' dir='ltr'><strong>tanquam</strong></span> <span class='ocrx_word' id='word_1_567' title='bbox 1316 1954 1484 1981; x_wconf 89' lang='lat' dir='ltr'><strong>creaturum</strong></span> <span class='ocrx_word' id='word_1_568' title='bbox 1496 1960 1633 1991; x_wconf 82' lang='lat' dir='ltr'><strong>perverse</strong></span> <span class='ocrx_word' id='word_1_569' title='bbox 1652 1954 1681 1980; x_wconf 88' lang='lat' dir='ltr'><strong>et</strong></span> <span class='ocrx_word' id='word_1_570' title='bbox 1696 1949 1839 1984; x_wconf 84' lang='lat' dir='ltr'><strong>sentiunt,</strong></span> <span class='ocrx_word' id='word_1_571' title='bbox 1858 1954 1889 1980; x_wconf 85' lang='lat' dir='ltr'><strong>et</strong></span> 
     </span>
    </p>
   </div>
   <div class='ocr_carea' id='block_1_82' title="bbox 203 1996 1885 2048">
    <p class='ocr_par' dir='ltr' id='par_1_82' title="bbox 203 1996 1885 2048">
     <span class='ocr_line' id='line_1_82' title="bbox 203 1996 1885 2048; baseline -0.004 -10"><span class='ocrx_word' id='word_1_572' title='bbox 203 2008 393 2048; x_wconf 78' lang='lat' dir='ltr'><strong>Euthymiiet</strong></span> <span class='ocrx_word' id='word_1_573' title='bbox 409 2008 514 2039; x_wconf 80' lang='lat' dir='ltr'><strong>Sabbae</strong></span> <span class='ocrx_word' id='word_1_574' title='bbox 525 1996 591 2037; x_wconf 88' lang='lat' dir='ltr'><strong>vitis</strong></span> <span class='ocrx_word' id='word_1_575' title='bbox 607 1996 707 2038; x_wconf 78' lang='lat' dir='ltr'><strong>verum</strong></span> <span class='ocrx_word' id='word_1_576' title='bbox 725 2015 790 2037; x_wconf 87' lang='lat' dir='ltr'><strong>esse</strong></span> <span class='ocrx_word' id='word_1_577' title='bbox 802 1996 1024 2045; x_wconf 47' lang='lat' dir='ltr'><strong>reperiasﬂl‘ra-</strong></span> <span class='ocrx_word' id='word_1_578' title='bbox 1066 1996 1282 2048; x_wconf 47' lang='grc' dir='ltr'><strong>ἀθεειξξίζΕΐαξ</strong></span> <span class='ocrx_word' id='word_1_579' title='bbox 1307 1997 1398 2033; x_wconf 65' lang='grc' dir='ltr'><strong>θυίων</strong></span> <span class='ocrx_word' id='word_1_580' title='bbox 1425 1997 1574 2048; x_wconf 54' lang='grc' dir='ltr'><strong>Ῑηψιίιξιξῑ,</strong></span> <span class='ocrx_word' id='word_1_581' title='bbox 1602 1996 1761 2048; x_wconf 54' lang='lat' dir='ltr'><strong>aliquando</strong></span> <span class='ocrx_word' id='word_1_582' title='bbox 1785 1997 1885 2048; x_wconf 58' lang='lat' dir='ltr'><strong>Ealer,</strong></span> 
     </span>
    </p>
   </div>
   <div class='ocr_carea' id='block_1_83' title="bbox 201 2040 1021 2093">
    <p class='ocr_par' dir='ltr' id='par_1_83' title="bbox 201 2040 1021 2093">
     <span class='ocr_line' id='line_1_83' title="bbox 201 2040 1021 2093; baseline -0.005 -11"><span class='ocrx_word' id='word_1_583' title='bbox 201 2040 294 2083; x_wconf 73' lang='lat' dir='ltr'><strong>diturn</strong></span> <span class='ocrx_word' id='word_1_584' title='bbox 311 2057 355 2082; x_wconf 92' lang='lat' dir='ltr'><strong>est</strong></span> <span class='ocrx_word' id='word_1_585' title='bbox 370 2053 518 2093; x_wconf 89' lang='lat' dir='ltr'><strong>siquidem</strong></span> <span class='ocrx_word' id='word_1_586' title='bbox 543 2052 662 2089; x_wconf 91' lang='lat' dir='ltr'><strong>litteris,</strong></span> <span class='ocrx_word' id='word_1_587' title='bbox 684 2040 845 2082; x_wconf 74' lang='lat' dir='ltr'><strong>Antonium</strong></span> <span class='ocrx_word' id='word_1_588' title='bbox 865 2054 932 2080; x_wconf 70' lang='lat' dir='ltr'><strong>tunc</strong></span> <span class='ocrx_word' id='word_1_589' title='bbox 946 2053 1021 2079; x_wconf 83' lang='lat' dir='ltr'><strong>veste</strong></span> 
     </span>
    </p>
   </div>
   <div class='ocr_carea' id='block_1_84' title="bbox 1070 2040 1886 2093">
    <p class='ocr_par' dir='ltr' id='par_1_84' title="bbox 1070 2040 1886 2081">
     <span class='ocr_line' id='line_1_84' title="bbox 1070 2040 1886 2081; baseline 0 -11"><span class='ocrx_word' id='word_1_590' title='bbox 1070 2050 1133 2071; x_wconf 85' lang='lat' dir='ltr'><strong>cum</strong></span> <span class='ocrx_word' id='word_1_591' title='bbox 1149 2040 1241 2071; x_wconf 86' lang='lat' dir='ltr'><strong>Filius</strong></span> <span class='ocrx_word' id='word_1_592' title='bbox 1256 2041 1282 2071; x_wconf 94' lang='lat' dir='ltr'><strong>ei</strong></span> <span class='ocrx_word' id='word_1_593' title='bbox 1299 2050 1359 2071; x_wconf 91' lang='lat' dir='ltr'><strong>non</strong></span> <span class='ocrx_word' id='word_1_594' title='bbox 1381 2046 1508 2072; x_wconf 87' lang='lat' dir='ltr'><strong>coesset.</strong></span> <span class='ocrx_word' id='word_1_595' title='bbox 1525 2042 1561 2072; x_wconf 81' lang='lat' dir='ltr'><strong>Et</strong></span> <span class='ocrx_word' id='word_1_596' title='bbox 1576 2041 1627 2081; x_wconf 91' lang='lat' dir='ltr'><strong>qui</strong></span> <span class='ocrx_word' id='word_1_597' title='bbox 1648 2041 1766 2071; x_wconf 91' lang='lat' dir='ltr'><strong>tandem</strong></span> <span class='ocrx_word' id='word_1_598' title='bbox 1783 2041 1886 2077; x_wconf 84' lang='lat' dir='ltr'><strong>Pater,</strong></span> 
     </span>
    </p>
   </div>
   <div class='ocr_carea' id='block_1_85' title="bbox 200 2085 1021 2136">
    <p class='ocr_par' dir='ltr' id='par_1_85' title="bbox 200 2085 1021 2136">
     <span class='ocr_line' id='line_1_85' title="bbox 200 2085 1021 2136; baseline -0.005 -9"><span class='ocrx_word' id='word_1_599' title='bbox 200 2085 519 2136; x_wconf 71' lang='lat' dir='ltr'><strong>splenditlinreprzeter</strong></span> <span class='ocrx_word' id='word_1_600' title='bbox 528 2085 773 2127; x_wconf 84' lang='lat' dir='ltr'><strong>consuetudinem</strong></span> <span class='ocrx_word' id='word_1_601' title='bbox 787 2094 974 2130; x_wconf 68' lang='lat' dir='ltr'><strong>itzdu‘,tzm,in</strong></span> <span class='ocrx_word' id='word_1_602' title='bbox 984 2093 1021 2124; x_wconf 93' lang='lat' dir='ltr'><strong>lo-</strong></span> 
     </span>
    </p>
   </div>
   <div class='ocr_carea' id='block_1_86' title="bbox 1070 2085 1886 2136">
    <p class='ocr_par' dir='ltr' id='par_1_86' title="bbox 1070 2085 1886 2136">
     <span class='ocr_line' id='line_1_86' title="bbox 1070 2085 1886 2136; baseline -0.001 -21"><span class='ocrx_word' id='word_1_603' title='bbox 1070 2085 1119 2135; x_wconf 78' lang='lat' dir='ltr'><strong>qui</strong></span> <span class='ocrx_word' id='word_1_604' title='bbox 1134 2085 1198 2136; x_wconf 80' lang='lat' dir='ltr'><strong>sine</strong></span> <span class='ocrx_word' id='word_1_605' title='bbox 1213 2085 1287 2134; x_wconf 83' lang='lat' dir='ltr'><strong>Filio</strong></span> <span class='ocrx_word' id='word_1_606' title='bbox 1299 2090 1362 2136; x_wconf 75' lang='lat' dir='ltr'><strong>est,</strong></span> <span class='ocrx_word' id='word_1_607' title='bbox 1382 2085 1604 2125; x_wconf 80' lang='lat' dir='ltr'><strong>appellabitur?</strong></span> <span class='ocrx_word' id='word_1_608' title='bbox 1620 2086 1665 2116; x_wconf 84' lang='lat' dir='ltr'><strong>An</strong></span> <span class='ocrx_word' id='word_1_609' title='bbox 1681 2085 1805 2115; x_wconf 86' lang='lat' dir='ltr'><strong>fortasse</strong></span> <span class='ocrx_word' id='word_1_610' title='bbox 1822 2093 1886 2122; x_wconf 90' lang='lat' dir='ltr'><strong>eos,</strong></span> 
     </span>
    </p>
   </div>
   <div class='ocr_carea' id='block_1_87' title="bbox 201 2129 1887 2179">
    <p class='ocr_par' dir='ltr' id='par_1_87' title="bbox 201 2129 1887 2179">
     <span class='ocr_line' id='line_1_87' title="bbox 201 2129 1887 2179; baseline -0.002 -8"><span class='ocrx_word' id='word_1_611' title='bbox 201 2129 268 2172; x_wconf 76' lang='lat' dir='ltr'><strong>cum</strong></span> <span class='ocrx_word' id='word_1_612' title='bbox 287 2141 398 2171; x_wconf 89' lang='lat' dir='ltr'><strong>editum</strong></span> <span class='ocrx_word' id='word_1_613' title='bbox 411 2129 598 2177; x_wconf 70' lang='lat' dir='ltr'><strong>ascendisse,</strong></span> <span class='ocrx_word' id='word_1_614' title='bbox 616 2143 710 2171; x_wconf 87' lang='lat' dir='ltr'><strong>semet</strong></span> <span class='ocrx_word' id='word_1_615' title='bbox 726 2139 909 2176; x_wconf 81' lang='lat' dir='ltr'><strong>exhibuisse,</strong></span> <span class='ocrx_word' id='word_1_616' title='bbox 927 2129 1025 2169; x_wconf 87' lang='lat' dir='ltr'><strong>osten-</strong></span> <span class='ocrx_word' id='word_1_617' title='bbox 1068 2129 1117 2179; x_wconf 57' lang='lat' dir='ltr'><strong>Qui</strong></span> <span class='ocrx_word' id='word_1_618' title='bbox 1130 2129 1220 2160; x_wconf 68' lang='lat' dir='ltr'><strong>alium</strong></span> <span class='ocrx_word' id='word_1_619' title='bbox 1237 2130 1357 2179; x_wconf 53' lang='lat' dir='ltr'><strong>quidem</strong></span> <span class='ocrx_word' id='word_1_620' title='bbox 1373 2139 1502 2170; x_wconf 63' lang='lat' dir='ltr'><strong>Passum;</strong></span> <span class='ocrx_word' id='word_1_621' title='bbox 1519 2131 1607 2179; x_wconf 55' lang='lat' dir='ltr'><strong>alium</strong></span> <span class='ocrx_word' id='word_1_622' title='bbox 1622 2139 1639 2179; x_wconf 57' lang='grc' dir='ltr'><strong>(ἦ</strong></span> <span class='ocrx_word' id='word_1_623' title='bbox 1653 2129 1779 2179; x_wconf 56' lang='grc' dir='ltr'><strong>τηοΓίυίξ</strong></span> <span class='ocrx_word' id='word_1_624' title='bbox 1793 2130 1887 2179; x_wconf 58' lang='grc' dir='ltr'><strong>ειεξιὶ-</strong></span> 
     </span>
    </p>
   </div>
   <div class='ocr_carea' id='block_1_88' title="bbox 203 2173 1021 2224">
    <p class='ocr_par' dir='ltr' id='par_1_88' title="bbox 203 2173 1021 2224">
     <span class='ocr_line' id='line_1_88' title="bbox 203 2173 1021 2224; baseline -0.005 -9"><span class='ocrx_word' id='word_1_625' title='bbox 203 2189 349 2224; x_wconf 88' lang='lat' dir='ltr'><strong>tasseque,</strong></span> <span class='ocrx_word' id='word_1_626' title='bbox 364 2189 396 2215; x_wconf 87' lang='lat' dir='ltr'><strong>ut</strong></span> <span class='ocrx_word' id='word_1_627' title='bbox 412 2185 583 2215; x_wconf 80' lang='lat' dir='ltr'><strong>manifestus</strong></span> <span class='ocrx_word' id='word_1_628' title='bbox 592 2173 627 2215; x_wconf 45' lang='lat' dir='ltr'><strong>&#39;et</strong></span> <span class='ocrx_word' id='word_1_629' title='bbox 642 2184 832 2223; x_wconf 90' lang='lat' dir='ltr'><strong>conspicuus,</strong></span> <span class='ocrx_word' id='word_1_630' title='bbox 850 2173 972 2213; x_wconf 81' lang='lat' dir='ltr'><strong>omnino</strong></span> <span class='ocrx_word' id='word_1_631' title='bbox 987 2181 1021 2212; x_wconf 89' lang='lat' dir='ltr'><strong>ab</strong></span> 
     </span>
    </p>
   </div>
   <div class='ocr_carea' id='block_1_89' title="bbox 1070 2173 1886 2224">
    <p class='ocr_par' dir='ltr' id='par_1_89' title="bbox 1070 2173 1886 2214">
     <span class='ocr_line' id='line_1_89' title="bbox 1070 2173 1886 2214; baseline 0 -10"><span class='ocrx_word' id='word_1_632' title='bbox 1070 2175 1136 2205; x_wconf 90' lang='lat' dir='ltr'><strong>tisse</strong></span> <span class='ocrx_word' id='word_1_633' title='bbox 1153 2173 1454 2214; x_wconf 67' lang='lat' dir='ltr'><strong>asseverantlApage,</strong></span> <span class='ocrx_word' id='word_1_634' title='bbox 1467 2175 1617 2205; x_wconf 89' lang='lat' dir='ltr'><strong>neminem</strong></span> <span class='ocrx_word' id='word_1_635' title='bbox 1632 2175 1755 2205; x_wconf 92' lang='lat' dir='ltr'><strong>istorum</strong></span> <span class='ocrx_word' id='word_1_636' title='bbox 1771 2173 1886 2212; x_wconf 83' lang='lat' dir='ltr'><strong>impio—</strong></span> 
     </span>
    </p>
   </div>
   <div class='ocr_carea' id='block_1_90' title="bbox 201 2219 1886 2269">
    <p class='ocr_par' dir='ltr' id='par_1_90' title="bbox 201 2219 1886 2269">
     <span class='ocr_line' id='line_1_90' title="bbox 201 2219 1886 2269; baseline -0.005 -10"><span class='ocrx_word' id='word_1_637' title='bbox 201 2219 350 2260; x_wconf 76' lang='lat' dir='ltr'><strong>haereticis</strong></span> <span class='ocrx_word' id='word_1_638' title='bbox 366 2229 644 2269; x_wconf 84' lang='lat' dir='ltr'><strong>apprehenderetur</strong></span> <span class='ocrx_word' id='word_1_639' title='bbox 658 2233 687 2258; x_wconf 87' lang='lat' dir='ltr'><strong>et</strong></span> <span class='ocrx_word' id='word_1_640' title='bbox 707 2219 772 2258; x_wconf 80' lang='lat' dir='ltr'><strong>neci</strong></span> <span class='ocrx_word' id='word_1_641' title='bbox 791 2219 1024 2258; x_wconf 41' lang='lat' dir='ltr'><strong>daretur.»Certe</strong></span> <span class='ocrx_word' id='word_1_642' title='bbox 1064 2223 1190 2269; x_wconf 49' lang='lat' dir='ltr'><strong>l‘ﬁffl._f3l</strong></span> <span class='ocrx_word' id='word_1_643' title='bbox 1207 2219 1371 2255; x_wconf 70' lang='lat' dir='ltr'><strong>alheorum,</strong></span> <span class='ocrx_word' id='word_1_644' title='bbox 1399 2229 1453 2249; x_wconf 78' lang='lat' dir='ltr'><strong>nec</strong></span> <span class='ocrx_word' id='word_1_645' title='bbox 1472 2219 1596 2269; x_wconf 69' lang='lat' dir='ltr'><strong>aliorum</strong></span> <span class='ocrx_word' id='word_1_646' title='bbox 1623 2219 1767 2269; x_wconf 66' lang='lat' dir='ltr'><strong>haeresum</strong></span> <span class='ocrx_word' id='word_1_647' title='bbox 1795 2219 1886 2269; x_wconf 68' lang='lat' dir='ltr'><strong>ullam</strong></span> 
     </span>
    </p>
   </div>
   <div class='ocr_carea' id='block_1_91' title="bbox 202 2271 1022 2312">
    <p class='ocr_par' dir='ltr' id='par_1_91' title="bbox 202 2271 1022 2312">
     <span class='ocr_line' id='line_1_91' title="bbox 202 2271 1022 2312; baseline -0.005 -8"><span class='ocrx_word' id='word_1_648' title='bbox 202 2273 258 2303; x_wconf 89' lang='lat' dir='ltr'><strong>nisi</strong></span> <span class='ocrx_word' id='word_1_649' title='bbox 267 2278 327 2304; x_wconf 91' lang='lat' dir='ltr'><strong>tum</strong></span> <span class='ocrx_word' id='word_1_650' title='bbox 343 2274 509 2312; x_wconf 89' lang='lat' dir='ltr'><strong>persecutio</strong></span> <span class='ocrx_word' id='word_1_651' title='bbox 521 2273 690 2312; x_wconf 83' lang='lat' dir='ltr'><strong>ferbuisset,</strong></span> <span class='ocrx_word' id='word_1_652' title='bbox 700 2272 812 2303; x_wconf 91' lang='lat' dir='ltr'><strong>hocille</strong></span> <span class='ocrx_word' id='word_1_653' title='bbox 824 2281 882 2302; x_wconf 93' lang='lat' dir='ltr'><strong>non</strong></span> <span class='ocrx_word' id='word_1_654' title='bbox 893 2271 1022 2301; x_wconf 85' lang='lat' dir='ltr'><strong>fecisset.</strong></span> 
     </span>
    </p>
   </div>
   <div class='ocr_carea' id='block_1_92' title="bbox 202 2314 1021 2357">
    <p class='ocr_par' dir='ltr' id='par_1_92' title="bbox 202 2314 1021 2357">
     <span class='ocr_line' id='line_1_92' title="bbox 202 2314 1021 2357; baseline -0.004 -10"><span class='ocrx_word' id='word_1_655' title='bbox 202 2317 400 2357; x_wconf 89' lang='lat' dir='ltr'><strong>Temporibus</strong></span> <span class='ocrx_word' id='word_1_656' title='bbox 415 2322 512 2348; x_wconf 91' lang='lat' dir='ltr'><strong>autem</strong></span> <span class='ocrx_word' id='word_1_657' title='bbox 527 2317 618 2347; x_wconf 90' lang='lat' dir='ltr'><strong>sancti</strong></span> <span class='ocrx_word' id='word_1_658' title='bbox 634 2316 727 2347; x_wconf 87' lang='lat' dir='ltr'><strong>Patris</strong></span> <span class='ocrx_word' id='word_1_659' title='bbox 742 2316 836 2346; x_wconf 88' lang='lat' dir='ltr'><strong>nostri</strong></span> <span class='ocrx_word' id='word_1_660' title='bbox 861 2314 1021 2354; x_wconf 82' lang='lat' dir='ltr'><strong>Euthymii,</strong></span> 
     </span>
    </p>
   </div>
   <div class='ocr_carea' id='block_1_93' title="bbox 201 2360 1022 2401">
    <p class='ocr_par' dir='ltr' id='par_1_93' title="bbox 201 2360 1022 2401">
     <span class='ocr_line' id='line_1_93' title="bbox 201 2360 1022 2401; baseline -0.002 -10"><span class='ocrx_word' id='word_1_661' title='bbox 201 2360 344 2392; x_wconf 77' lang='lat' dir='ltr'><strong>Ecalesiis</strong></span> <span class='ocrx_word' id='word_1_662' title='bbox 357 2372 370 2391; x_wconf 68' lang='grc' dir='ltr'><strong>ει</strong></span> <span class='ocrx_word' id='word_1_663' title='bbox 387 2361 448 2392; x_wconf 93' lang='lat' dir='ltr'><strong>Deo</strong></span> <span class='ocrx_word' id='word_1_664' title='bbox 462 2362 705 2401; x_wconf 89' lang='lat' dir='ltr'><strong>tranquillitatem</strong></span> <span class='ocrx_word' id='word_1_665' title='bbox 719 2361 856 2391; x_wconf 89' lang='lat' dir='ltr'><strong>donatam</strong></span> <span class='ocrx_word' id='word_1_666' title='bbox 865 2368 1022 2399; x_wconf 83' lang='lat' dir='ltr'><strong>esse,non-</strong></span> 
     </span>
    </p>
   </div>
   <div class='ocr_carea' id='block_1_94' title="bbox 201 2403 1020 2444">
    <p class='ocr_par' dir='ltr' id='par_1_94' title="bbox 201 2403 1020 2444">
     <span class='ocr_line' id='line_1_94' title="bbox 201 2403 1020 2444; baseline -0.002 -9"><span class='ocrx_word' id='word_1_667' title='bbox 201 2415 238 2436; x_wconf 90' lang='lat' dir='ltr'><strong>ne</strong></span> <span class='ocrx_word' id='word_1_668' title='bbox 254 2405 360 2436; x_wconf 92' lang='lat' dir='ltr'><strong>litteris</strong></span> <span class='ocrx_word' id='word_1_669' title='bbox 371 2406 490 2436; x_wconf 85' lang='lat' dir='ltr'><strong>exstat?</strong></span> <span class='ocrx_word' id='word_1_670' title='bbox 506 2415 573 2436; x_wconf 91' lang='lat' dir='ltr'><strong>cum</strong></span> <span class='ocrx_word' id='word_1_671' title='bbox 595 2405 735 2436; x_wconf 91' lang='lat' dir='ltr'><strong>nimirum</strong></span> <span class='ocrx_word' id='word_1_672' title='bbox 753 2408 821 2435; x_wconf 91' lang='lat' dir='ltr'><strong>tunc</strong></span> <span class='ocrx_word' id='word_1_673' title='bbox 837 2403 1020 2444; x_wconf 83' lang='lat' dir='ltr'><strong>persecutio-</strong></span> 
     </span>
    </p>
   </div>
   <div class='ocr_carea' id='block_1_95' title="bbox 200 2449 1022 2490">
    <p class='ocr_par' dir='ltr' id='par_1_95' title="bbox 200 2449 1022 2490">
     <span class='ocr_line' id='line_1_95' title="bbox 200 2449 1022 2490; baseline -0.002 -11"><span class='ocrx_word' id='word_1_674' title='bbox 200 2458 253 2479; x_wconf 90' lang='lat' dir='ltr'><strong>nes</strong></span> <span class='ocrx_word' id='word_1_675' title='bbox 268 2453 298 2480; x_wconf 87' lang='lat' dir='ltr'><strong>et</strong></span> <span class='ocrx_word' id='word_1_676' title='bbox 313 2450 441 2480; x_wconf 61' lang='lat' dir='ltr'><strong>haereses</strong></span> <span class='ocrx_word' id='word_1_677' title='bbox 453 2450 706 2490; x_wconf 89' lang='lat' dir='ltr'><strong>conquievissent.</strong></span> <span class='ocrx_word' id='word_1_678' title='bbox 718 2449 843 2481; x_wconf 87' lang='lat' dir='ltr'><strong>Sanctus</strong></span> <span class='ocrx_word' id='word_1_679' title='bbox 859 2457 927 2478; x_wconf 76' lang='lat' dir='ltr'><strong>vero</strong></span> <span class='ocrx_word' id='word_1_680' title='bbox 941 2452 1022 2487; x_wconf 84' lang='lat' dir='ltr'><strong>pater</strong></span> 
     </span>
    </p>
   </div>
   <div class='ocr_carea' id='block_1_96' title="bbox 199 2492 1021 2534">
    <p class='ocr_par' dir='ltr' id='par_1_96' title="bbox 199 2492 1021 2534">
     <span class='ocr_line' id='line_1_96' title="bbox 199 2492 1021 2534; baseline -0.001 -11"><span class='ocrx_word' id='word_1_681' title='bbox 199 2498 301 2524; x_wconf 88' lang='lat' dir='ltr'><strong>noster</strong></span> <span class='ocrx_word' id='word_1_682' title='bbox 316 2494 430 2524; x_wconf 82' lang='lat' dir='ltr'><strong>Sabbas</strong></span> <span class='ocrx_word' id='word_1_683' title='bbox 446 2504 512 2524; x_wconf 93' lang='lat' dir='ltr'><strong>cum</strong></span> <span class='ocrx_word' id='word_1_684' title='bbox 540 2499 619 2525; x_wconf 89' lang='lat' dir='ltr'><strong>esset</strong></span> <span class='ocrx_word' id='word_1_685' title='bbox 644 2494 830 2534; x_wconf 87' lang='lat' dir='ltr'><strong>praepositus,</strong></span> <span class='ocrx_word' id='word_1_686' title='bbox 849 2502 884 2523; x_wconf 88' lang='lat' dir='ltr'><strong>an</strong></span> <span class='ocrx_word' id='word_1_687' title='bbox 901 2492 1021 2522; x_wconf 90' lang='lat' dir='ltr'><strong>nescitis</strong></span> 
     </span>
    </p>
   </div>
   <div class='ocr_carea' id='block_1_97' title="bbox 199 2536 1021 2577">
    <p class='ocr_par' dir='ltr' id='par_1_97' title="bbox 199 2536 1021 2577">
     <span class='ocr_line' id='line_1_97' title="bbox 199 2536 1021 2577; baseline -0.002 -10"><span class='ocrx_word' id='word_1_688' title='bbox 199 2542 382 2577; x_wconf 89' lang='lat' dir='ltr'><strong>quantopere</strong></span> <span class='ocrx_word' id='word_1_689' title='bbox 407 2547 460 2577; x_wconf 90' lang='lat' dir='ltr'><strong>pro</strong></span> <span class='ocrx_word' id='word_1_690' title='bbox 488 2538 630 2569; x_wconf 86' lang='lat' dir='ltr'><strong>Ecclesiis</strong></span> <span class='ocrx_word' id='word_1_691' title='bbox 656 2542 756 2569; x_wconf 89' lang='lat' dir='ltr'><strong>contra</strong></span> <span class='ocrx_word' id='word_1_692' title='bbox 782 2538 862 2568; x_wconf 89' lang='lat' dir='ltr'><strong>illius</strong></span> <span class='ocrx_word' id='word_1_693' title='bbox 880 2536 1021 2576; x_wconf 90' lang='lat' dir='ltr'><strong>temporis</strong></span> 
     </span>
    </p>
   </div>
   <div class='ocr_carea' id='block_1_98' title="bbox 200 2581 1019 2622">
    <p class='ocr_par' dir='ltr' id='par_1_98' title="bbox 200 2581 1019 2622">
     <span class='ocr_line' id='line_1_98' title="bbox 200 2581 1019 2622; baseline -0.001 -11"><span class='ocrx_word' id='word_1_694' title='bbox 200 2581 329 2612; x_wconf 69' lang='lat' dir='ltr'><strong>haereses</strong></span> <span class='ocrx_word' id='word_1_695' title='bbox 345 2582 529 2622; x_wconf 81' lang='lat' dir='ltr'><strong>pugnaverit,</strong></span> <span class='ocrx_word' id='word_1_696' title='bbox 548 2586 576 2613; x_wconf 92' lang='lat' dir='ltr'><strong>et</strong></span> <span class='ocrx_word' id='word_1_697' title='bbox 588 2582 666 2622; x_wconf 88' lang='lat' dir='ltr'><strong>quod</strong></span> <span class='ocrx_word' id='word_1_698' title='bbox 684 2582 820 2612; x_wconf 77' lang='lat' dir='ltr'><strong>monachi</strong></span> <span class='ocrx_word' id='word_1_699' title='bbox 833 2585 892 2611; x_wconf 91' lang='lat' dir='ltr'><strong>tum</strong></span> <span class='ocrx_word' id='word_1_700' title='bbox 909 2581 945 2610; x_wconf 84' lang='lat' dir='ltr'><strong>a-b</strong></span> <span class='ocrx_word' id='word_1_701' title='bbox 958 2581 1019 2610; x_wconf 63' lang='lat' dir='ltr'><strong>hae—</strong></span> 
     </span>
    </p>
   </div>
   <div class='ocr_carea' id='block_1_99' title="bbox 199 2625 1019 2667">
    <p class='ocr_par' dir='ltr' id='par_1_99' title="bbox 199 2625 1019 2667">
     <span class='ocr_line' id='line_1_99' title="bbox 199 2625 1019 2667; baseline -0.001 -12"><span class='ocrx_word' id='word_1_702' title='bbox 199 2625 300 2655; x_wconf 89' lang='lat' dir='ltr'><strong>reticis</strong></span> <span class='ocrx_word' id='word_1_703' title='bbox 330 2626 444 2657; x_wconf 91' lang='lat' dir='ltr'><strong>seducti</strong></span> <span class='ocrx_word' id='word_1_704' title='bbox 470 2626 554 2656; x_wconf 85' lang='lat' dir='ltr'><strong>sint?</strong></span> <span class='ocrx_word' id='word_1_705' title='bbox 581 2626 657 2662; x_wconf 89' lang='lat' dir='ltr'><strong>Quid</strong></span> <span class='ocrx_word' id='word_1_706' title='bbox 689 2636 754 2667; x_wconf 65' lang='lat' dir='ltr'><strong>quae</strong></span> <span class='ocrx_word' id='word_1_707' title='bbox 786 2625 840 2656; x_wconf 91' lang='lat' dir='ltr'><strong>sub</strong></span> <span class='ocrx_word' id='word_1_708' title='bbox 869 2625 1019 2664; x_wconf 86' lang='lat' dir='ltr'><strong>Stephano</strong></span> 
     </span>
    </p>
   </div>
   <div class='ocr_carea' id='block_1_100' title="bbox 198 2670 1018 2711">
    <p class='ocr_par' dir='ltr' id='par_1_100' title="bbox 198 2670 1018 2711">
     <span class='ocr_line' id='line_1_100' title="bbox 198 2670 1018 2711; baseline -0.001 -11"><span class='ocrx_word' id='word_1_709' title='bbox 198 2670 320 2700; x_wconf 89' lang='lat' dir='ltr'><strong>.luniore</strong></span> <span class='ocrx_word' id='word_1_710' title='bbox 336 2671 544 2710; x_wconf 83' lang='lat' dir='ltr'><strong>contigerunt?</strong></span> <span class='ocrx_word' id='word_1_711' title='bbox 557 2680 654 2701; x_wconf 90' lang='lat' dir='ltr'><strong>annon</strong></span> <span class='ocrx_word' id='word_1_712' title='bbox 670 2671 874 2711; x_wconf 86' lang='lat' dir='ltr'><strong>gravissimam</strong></span> <span class='ocrx_word' id='word_1_713' title='bbox 890 2674 918 2700; x_wconf 89' lang='lat' dir='ltr'><strong>et</strong></span> <span class='ocrx_word' id='word_1_714' title='bbox 933 2678 1018 2700; x_wconf 90' lang='lat' dir='ltr'><strong>acer-</strong></span> 
     </span>
    </p>
   </div>
   <div class='ocr_carea' id='block_1_101' title="bbox 198 2713 1020 2755">
    <p class='ocr_par' dir='ltr' id='par_1_101' title="bbox 198 2713 1020 2755">
     <span class='ocr_line' id='line_1_101' title="bbox 198 2713 1020 2755; baseline 0 -12"><span class='ocrx_word' id='word_1_715' title='bbox 198 2713 350 2746; x_wconf 89' lang='lat' dir='ltr'><strong>bissimam</strong></span> <span class='ocrx_word' id='word_1_716' title='bbox 368 2715 607 2755; x_wconf 86' lang='lat' dir='ltr'><strong>persecutionem</strong></span> <span class='ocrx_word' id='word_1_717' title='bbox 620 2715 811 2747; x_wconf 81' lang='lat' dir='ltr'><strong>habuerunt?</strong></span> <span class='ocrx_word' id='word_1_718' title='bbox 825 2715 931 2746; x_wconf 83' lang='lat' dir='ltr'><strong>Annon</strong></span> <span class='ocrx_word' id='word_1_719' title='bbox 943 2713 1020 2753; x_wconf 80' lang='lat' dir='ltr'><strong>cogi-</strong></span> 
     </span>
    </p>
   </div>
   <div class='ocr_carea' id='block_1_102' title="bbox 1067 2262 1886 2302">
    <p class='ocr_par' dir='ltr' id='par_1_102' title="bbox 1067 2262 1886 2302">
     <span class='ocr_line' id='line_1_102' title="bbox 1067 2262 1886 2302; baseline 0.001 -10"><span class='ocrx_word' id='word_1_720' title='bbox 1067 2262 1121 2292; x_wconf 91' lang='lat' dir='ltr'><strong>tibi</strong></span> <span class='ocrx_word' id='word_1_721' title='bbox 1136 2262 1215 2297; x_wconf 84' lang='lat' dir='ltr'><strong>dico,</strong></span> <span class='ocrx_word' id='word_1_722' title='bbox 1229 2271 1304 2302; x_wconf 75' lang='lat' dir='ltr'><strong>quae,</strong></span> <span class='ocrx_word' id='word_1_723' title='bbox 1321 2272 1387 2293; x_wconf 91' lang='lat' dir='ltr'><strong>cum</strong></span> <span class='ocrx_word' id='word_1_724' title='bbox 1402 2267 1433 2293; x_wconf 88' lang='lat' dir='ltr'><strong>ut</strong></span> <span class='ocrx_word' id='word_1_725' title='bbox 1446 2263 1577 2294; x_wconf 61' lang='lat' dir='ltr'><strong>tenebrae</strong></span> <span class='ocrx_word' id='word_1_726' title='bbox 1586 2264 1789 2300; x_wconf 87' lang='lat' dir='ltr'><strong>emersissent,</strong></span> <span class='ocrx_word' id='word_1_727' title='bbox 1801 2272 1817 2293; x_wconf 89' lang='lat' dir='ltr'><strong>a</strong></span> <span class='ocrx_word' id='word_1_728' title='bbox 1828 2262 1886 2294; x_wconf 88' lang='lat' dir='ltr'><strong>Pa-</strong></span> 
     </span>
    </p>
   </div>
   <div class='ocr_carea' id='block_1_103' title="bbox 1066 2306 1888 2347">
    <p class='ocr_par' dir='ltr' id='par_1_103' title="bbox 1066 2306 1888 2347">
     <span class='ocr_line' id='line_1_103' title="bbox 1066 2306 1888 2347; baseline 0.004 -11"><span class='ocrx_word' id='word_1_729' title='bbox 1066 2306 1160 2337; x_wconf 92' lang='lat' dir='ltr'><strong>tribus</strong></span> <span class='ocrx_word' id='word_1_730' title='bbox 1170 2307 1220 2347; x_wconf 92' lang='lat' dir='ltr'><strong>qui</strong></span> <span class='ocrx_word' id='word_1_731' title='bbox 1232 2311 1291 2337; x_wconf 87' lang='lat' dir='ltr'><strong>tum</strong></span> <span class='ocrx_word' id='word_1_732' title='bbox 1305 2307 1489 2345; x_wconf 88' lang='lat' dir='ltr'><strong>claruerunt,</strong></span> <span class='ocrx_word' id='word_1_733' title='bbox 1500 2308 1579 2338; x_wconf 91' lang='lat' dir='ltr'><strong>velut</strong></span> <span class='ocrx_word' id='word_1_734' title='bbox 1593 2308 1732 2338; x_wconf 91' lang='lat' dir='ltr'><strong>alumine</strong></span> <span class='ocrx_word' id='word_1_735' title='bbox 1744 2308 1888 2339; x_wconf 58' lang='lat' dir='ltr'><strong>discussa;</strong></span> 
     </span>
    </p>
   </div>
   <div class='ocr_carea' id='block_1_104' title="bbox 1063 2351 1887 2392">
    <p class='ocr_par' dir='ltr' id='par_1_104' title="bbox 1063 2351 1887 2392">
     <span class='ocr_line' id='line_1_104' title="bbox 1063 2351 1887 2392; baseline 0.001 -11"><span class='ocrx_word' id='word_1_736' title='bbox 1063 2360 1096 2381; x_wconf 91' lang='lat' dir='ltr'><strong>ac</strong></span> <span class='ocrx_word' id='word_1_737' title='bbox 1115 2351 1262 2391; x_wconf 60' lang='lat' dir='ltr'><strong>dissipata</strong></span> <span class='ocrx_word' id='word_1_738' title='bbox 1287 2356 1365 2381; x_wconf 89' lang='lat' dir='ltr'><strong>sunt.</strong></span> <span class='ocrx_word' id='word_1_739' title='bbox 1391 2351 1490 2392; x_wconf 90' lang='lat' dir='ltr'><strong>Usque</strong></span> <span class='ocrx_word' id='word_1_740' title='bbox 1504 2354 1579 2382; x_wconf 81' lang='lat' dir='ltr'><strong>adeo</strong></span> <span class='ocrx_word' id='word_1_741' title='bbox 1592 2353 1670 2383; x_wconf 90' lang='lat' dir='ltr'><strong>enim</strong></span> <span class='ocrx_word' id='word_1_742' title='bbox 1687 2353 1779 2392; x_wconf 80' lang='lat' dir='ltr'><strong>gratia</strong></span> <span class='ocrx_word' id='word_1_743' title='bbox 1789 2353 1887 2383; x_wconf 88' lang='lat' dir='ltr'><strong>sancti</strong></span> 
     </span>
    </p>
   </div>
   <div class='ocr_carea' id='block_1_105' title="bbox 1066 2395 1885 2437">
    <p class='ocr_par' dir='ltr' id='par_1_105' title="bbox 1066 2395 1885 2437">
     <span class='ocr_line' id='line_1_105' title="bbox 1066 2395 1885 2437; baseline 0.002 -12"><span class='ocrx_word' id='word_1_744' title='bbox 1066 2395 1193 2435; x_wconf 90' lang='lat' dir='ltr'><strong>Spiritus</strong></span> <span class='ocrx_word' id='word_1_745' title='bbox 1208 2404 1261 2435; x_wconf 92' lang='lat' dir='ltr'><strong>per</strong></span> <span class='ocrx_word' id='word_1_746' title='bbox 1280 2405 1330 2425; x_wconf 91' lang='lat' dir='ltr'><strong>eos</strong></span> <span class='ocrx_word' id='word_1_747' title='bbox 1352 2396 1549 2437; x_wconf 84' lang='lat' dir='ltr'><strong>respleuduit,</strong></span> <span class='ocrx_word' id='word_1_748' title='bbox 1566 2397 1771 2437; x_wconf 86' lang='lat' dir='ltr'><strong>dictarumque</strong></span> <span class='ocrx_word' id='word_1_749' title='bbox 1786 2397 1885 2427; x_wconf 70' lang='lat' dir='ltr'><strong>haere-</strong></span> 
     </span>
    </p>
   </div>
   <div class='ocr_carea' id='block_1_106' title="bbox 1065 2440 1886 2481">
    <p class='ocr_par' dir='ltr' id='par_1_106' title="bbox 1065 2440 1886 2481">
     <span class='ocr_line' id='line_1_106' title="bbox 1065 2440 1886 2481; baseline 0.002 -12"><span class='ocrx_word' id='word_1_750' title='bbox 1065 2448 1136 2469; x_wconf 80' lang='lat' dir='ltr'><strong>Seon</strong></span> <span class='ocrx_word' id='word_1_751' title='bbox 1147 2440 1284 2469; x_wconf 83' lang='lat' dir='ltr'><strong>tenebras</strong></span> <span class='ocrx_word' id='word_1_752' title='bbox 1296 2441 1425 2480; x_wconf 81' lang='lat' dir='ltr'><strong>propulit</strong></span> <span class='ocrx_word' id='word_1_753' title='bbox 1436 2446 1466 2471; x_wconf 91' lang='lat' dir='ltr'><strong>ut</strong></span> <span class='ocrx_word' id='word_1_754' title='bbox 1479 2450 1572 2481; x_wconf 91' lang='lat' dir='ltr'><strong>usque</strong></span> <span class='ocrx_word' id='word_1_755' title='bbox 1582 2441 1672 2472; x_wconf 88' lang='lat' dir='ltr'><strong>hodie</strong></span> <span class='ocrx_word' id='word_1_756' title='bbox 1681 2441 1742 2472; x_wconf 90' lang='lat' dir='ltr'><strong>Deo</strong></span> <span class='ocrx_word' id='word_1_757' title='bbox 1753 2441 1886 2471; x_wconf 85' lang='lat' dir='ltr'><strong>dictante</strong></span> 
     </span>
    </p>
   </div>
   <div class='ocr_carea' id='block_1_107' title="bbox 1063 2484 1886 2525">
    <p class='ocr_par' dir='ltr' id='par_1_107' title="bbox 1063 2484 1886 2525">
     <span class='ocr_line' id='line_1_107' title="bbox 1063 2484 1886 2525; baseline 0.004 -12"><span class='ocrx_word' id='word_1_758' title='bbox 1063 2484 1229 2523; x_wconf 87' lang='lat' dir='ltr'><strong>composita</strong></span> <span class='ocrx_word' id='word_1_759' title='bbox 1253 2492 1355 2514; x_wconf 86' lang='lat' dir='ltr'><strong>eorum</strong></span> <span class='ocrx_word' id='word_1_760' title='bbox 1380 2485 1541 2523; x_wconf 87' lang='lat' dir='ltr'><strong>volumina,</strong></span> <span class='ocrx_word' id='word_1_761' title='bbox 1555 2485 1628 2516; x_wconf 88' lang='lat' dir='ltr'><strong>solis</strong></span> <span class='ocrx_word' id='word_1_762' title='bbox 1655 2485 1720 2516; x_wconf 90' lang='lat' dir='ltr'><strong>luce</strong></span> <span class='ocrx_word' id='word_1_763' title='bbox 1746 2485 1886 2525; x_wconf 80' lang='lat' dir='ltr'><strong>fulgidius</strong></span> 
     </span>
    </p>
   </div>
   <div class='ocr_carea' id='block_1_108' title="bbox 1062 2528 1797 2566">
    <p class='ocr_par' dir='ltr' id='par_1_108' title="bbox 1062 2528 1797 2566">
     <span class='ocr_line' id='line_1_108' title="bbox 1062 2528 1797 2566; baseline 0.003 -9"><span class='ocrx_word' id='word_1_764' title='bbox 1062 2532 1226 2566; x_wconf 82' lang='lat' dir='ltr'><strong>retuceant,</strong></span> <span class='ocrx_word' id='word_1_765' title='bbox 1245 2532 1273 2558; x_wconf 84' lang='lat' dir='ltr'><strong>et</strong></span> <span class='ocrx_word' id='word_1_766' title='bbox 1290 2528 1326 2558; x_wconf 88' lang='lat' dir='ltr'><strong>iis</strong></span> <span class='ocrx_word' id='word_1_767' title='bbox 1338 2530 1544 2560; x_wconf 71' lang='lat' dir='ltr'><strong>contradicere</strong></span> <span class='ocrx_word' id='word_1_768' title='bbox 1560 2538 1648 2560; x_wconf 89' lang='lat' dir='ltr'><strong>nemo</strong></span> <span class='ocrx_word' id='word_1_769' title='bbox 1664 2533 1797 2560; x_wconf 88' lang='lat' dir='ltr'><strong>attentet.</strong></span> 
     </span>
    </p>
   </div>
   <div class='ocr_carea' id='block_1_109' title="bbox 1101 2572 1886 2613">
    <p class='ocr_par' dir='ltr' id='par_1_109' title="bbox 1101 2572 1886 2613">
     <span class='ocr_line' id='line_1_109' title="bbox 1101 2572 1886 2613; baseline 0.003 -11"><span class='ocrx_word' id='word_1_770' title='bbox 1101 2573 1160 2603; x_wconf 90' lang='lat' dir='ltr'><strong>Sed</strong></span> <span class='ocrx_word' id='word_1_771' title='bbox 1175 2572 1211 2602; x_wconf 91' lang='lat' dir='ltr'><strong>de</strong></span> <span class='ocrx_word' id='word_1_772' title='bbox 1224 2572 1260 2602; x_wconf 91' lang='lat' dir='ltr'><strong>iis</strong></span> <span class='ocrx_word' id='word_1_773' title='bbox 1273 2573 1387 2613; x_wconf 85' lang='lat' dir='ltr'><strong>loquor,</strong></span> <span class='ocrx_word' id='word_1_774' title='bbox 1403 2582 1513 2613; x_wconf 89' lang='lat' dir='ltr'><strong>eosque</strong></span> <span class='ocrx_word' id='word_1_775' title='bbox 1525 2574 1645 2604; x_wconf 90' lang='lat' dir='ltr'><strong>nomino</strong></span> <span class='ocrx_word' id='word_1_776' title='bbox 1657 2574 1886 2613; x_wconf 79' lang='lat' dir='ltr'><strong>haereticos,qui</strong></span> 
     </span>
    </p>
   </div>
   <div class='ocr_carea' id='block_1_110' title="bbox 1061 2617 1885 2659">
    <p class='ocr_par' dir='ltr' id='par_1_110' title="bbox 1061 2617 1885 2659">
     <span class='ocr_line' id='line_1_110' title="bbox 1061 2617 1885 2659; baseline 0.002 -12"><span class='ocrx_word' id='word_1_777' title='bbox 1061 2617 1180 2654; x_wconf 86' lang='lat' dir='ltr'><strong>docent,</strong></span> <span class='ocrx_word' id='word_1_778' title='bbox 1196 2626 1254 2647; x_wconf 91' lang='lat' dir='ltr'><strong>non</strong></span> <span class='ocrx_word' id='word_1_779' title='bbox 1267 2626 1331 2647; x_wconf 84' lang='lat' dir='ltr'><strong>esse</strong></span> <span class='ocrx_word' id='word_1_780' title='bbox 1347 2627 1525 2658; x_wconf 87' lang='lat' dir='ltr'><strong>quemquam</strong></span> <span class='ocrx_word' id='word_1_781' title='bbox 1541 2623 1642 2649; x_wconf 89' lang='lat' dir='ltr'><strong>nostro</strong></span> <span class='ocrx_word' id='word_1_782' title='bbox 1654 2620 1710 2648; x_wconf 90' lang='lat' dir='ltr'><strong>hoc</strong></span> <span class='ocrx_word' id='word_1_783' title='bbox 1723 2628 1795 2659; x_wconf 72' lang='lat' dir='ltr'><strong>aevo,</strong></span> <span class='ocrx_word' id='word_1_784' title='bbox 1807 2623 1837 2649; x_wconf 91' lang='lat' dir='ltr'><strong>et</strong></span> <span class='ocrx_word' id='word_1_785' title='bbox 1852 2619 1885 2649; x_wconf 85' lang='lat' dir='ltr'><strong>in</strong></span> 
     </span>
    </p>
   </div>
   <div class='ocr_carea' id='block_1_111' title="bbox 1062 2661 1882 2704">
    <p class='ocr_par' dir='ltr' id='par_1_111' title="bbox 1062 2661 1882 2704">
     <span class='ocr_line' id='line_1_111' title="bbox 1062 2661 1882 2704; baseline 0.002 -12"><span class='ocrx_word' id='word_1_786' title='bbox 1062 2661 1160 2692; x_wconf 88' lang='lat' dir='ltr'><strong>medio</strong></span> <span class='ocrx_word' id='word_1_787' title='bbox 1172 2666 1317 2698; x_wconf 88' lang='lat' dir='ltr'><strong>nostrum,</strong></span> <span class='ocrx_word' id='word_1_788' title='bbox 1342 2664 1391 2702; x_wconf 90' lang='lat' dir='ltr'><strong>qui</strong></span> <span class='ocrx_word' id='word_1_789' title='bbox 1417 2664 1584 2704; x_wconf 79' lang='lat' dir='ltr'><strong>evangelica</strong></span> <span class='ocrx_word' id='word_1_790' title='bbox 1599 2663 1736 2694; x_wconf 88' lang='lat' dir='ltr'><strong>mandata</strong></span> <span class='ocrx_word' id='word_1_791' title='bbox 1750 2672 1882 2702; x_wconf 85' lang='lat' dir='ltr'><strong>scrvare,</strong></span> 
     </span>
    </p>
   </div>
   <div class='ocr_carea' id='block_1_112' title="bbox 1061 2705 1885 2747">
    <p class='ocr_par' dir='ltr' id='par_1_112' title="bbox 1061 2705 1885 2747">
     <span class='ocr_line' id='line_1_112' title="bbox 1061 2705 1885 2747; baseline 0.005 -12"><span class='ocrx_word' id='word_1_792' title='bbox 1061 2712 1090 2736; x_wconf 87' lang='lat' dir='ltr'><strong>et</strong></span> <span class='ocrx_word' id='word_1_793' title='bbox 1102 2705 1137 2736; x_wconf 90' lang='lat' dir='ltr'><strong>ad</strong></span> <span class='ocrx_word' id='word_1_794' title='bbox 1154 2707 1305 2747; x_wconf 81' lang='lat' dir='ltr'><strong>exemplar</strong></span> <span class='ocrx_word' id='word_1_795' title='bbox 1319 2713 1486 2739; x_wconf 87' lang='lat' dir='ltr'><strong>sanctorum</strong></span> <span class='ocrx_word' id='word_1_796' title='bbox 1513 2709 1631 2740; x_wconf 84' lang='lat' dir='ltr'><strong>Patrum</strong></span> <span class='ocrx_word' id='word_1_797' title='bbox 1647 2716 1680 2738; x_wconf 88' lang='lat' dir='ltr'><strong>se</strong></span> <span class='ocrx_word' id='word_1_798' title='bbox 1696 2708 1885 2739; x_wconf 83' lang='lat' dir='ltr'><strong>conformare</strong></span> 
     </span>
    </p>
   </div>
   <div class='ocr_carea' id='block_1_113' title="bbox 238 2790 1483 2840">
    <p class='ocr_par' dir='ltr' id='par_1_113' title="bbox 238 2790 1483 2840">
     <span class='ocr_line' id='line_1_113' title="bbox 238 2790 1483 2840; baseline 0 -12"><span class='ocrx_word' id='word_1_799' title='bbox 238 2798 265 2819; x_wconf 78' lang='lat'><strong>33</strong></span> <span class='ocrx_word' id='word_1_800' title='bbox 280 2800 380 2831; x_wconf 88' lang='lat' dir='ltr'><strong>Matth.</strong></span> <span class='ocrx_word' id='word_1_801' title='bbox 398 2807 456 2836; x_wconf 80' lang='lat' dir='ltr'><strong>xvt,</strong></span> <span class='ocrx_word' id='word_1_802' title='bbox 474 2799 524 2831; x_wconf 81' lang='grc'><strong>17.</strong></span> <span class='ocrx_word' id='word_1_803' title='bbox 566 2799 592 2821; x_wconf 76' lang='lat'><strong>34</strong></span> <span class='ocrx_word' id='word_1_804' title='bbox 607 2800 695 2831; x_wconf 89' lang='lat' dir='ltr'><strong>Marc.</strong></span> <span class='ocrx_word' id='word_1_805' title='bbox 712 2808 776 2840; x_wconf 83' lang='lat' dir='ltr'><strong>xm,</strong></span> <span class='ocrx_word' id='word_1_806' title='bbox 792 2799 841 2830; x_wconf 75' lang='lat'><strong>22.</strong></span> <span class='ocrx_word' id='word_1_807' title='bbox 887 2797 953 2829; x_wconf 79' lang='lat'><strong>3511</strong></span> <span class='ocrx_word' id='word_1_808' title='bbox 968 2798 1037 2830; x_wconf 90' lang='lat' dir='ltr'><strong>Cor.</strong></span> <span class='ocrx_word' id='word_1_809' title='bbox 1053 2805 1086 2837; x_wconf 86' lang='lat' dir='ltr'><strong>tl,</strong></span> <span class='ocrx_word' id='word_1_810' title='bbox 1105 2792 1155 2827; x_wconf 78' lang='grc'><strong>17·</strong></span> <span class='ocrx_word' id='word_1_811' title='bbox 1197 2790 1224 2813; x_wconf 70' lang='grc'><strong>³6</strong></span> <span class='ocrx_word' id='word_1_812' title='bbox 1237 2790 1338 2823; x_wconf 69' lang='lat' dir='ltr'><strong>Matth.</strong></span> <span class='ocrx_word' id='word_1_813' title='bbox 1354 2800 1416 2830; x_wconf 77' lang='lat' dir='ltr'><strong>xm,</strong></span> <span class='ocrx_word' id='word_1_814' title='bbox 1434 2792 1483 2824; x_wconf 77' lang='grc'><strong>25-</strong></span> 
     </span>
    </p>
   </div>
  </div>
