1978 3078
198 154 257 190 475
847 161 922 193 SYM
926 159 1040 194 EONIS~

1055 160 1229 194 JUNIORIS
1814 158 1876 190 4'16

237 224 382 261 Quocirca
404 225 512 266 quibus
537 235 711 256 concessum
739 230 793 264 est,
819 230 850 257 ut
873 225 1113 267 lacrymasAUbi
1129 227 1308 265 sanctitudo,
1325 236 1413 268 quam
1428 237 1508 259 nunc
1524 228 1636 258 habere
1659 230 1808 268 putamur,
1823 229 1877 257 aut

198 268 269 300 istas
296 270 511 310 experirentur,
538 274 717 310 cognoscent
738 280 803 311 qum
817 271 890 308 dixi,
907 276 935 302 et
949 281 1018 302 vera

198 322 265 344 esse
285 314 487 345 testimonium
516 315 590 346 mibi
615 314 737 353 dabunt,
762 315 838 346 sicut
864 315 951 346 etiam
967 316 1017 347 illa

196 357 337 398 Theologi
351 369 404 390 vox
427 359 498 389 mihi
525 359 708 399 astipulatur.
732 359 842 391 Oﬂ‘erat
856 360 1013 401 quispiam,

195 401 245 432 hic
269 403 390 443 quidem
413 403 481 443 hoc,
509 403 560 434 ille
583 403 678 441 aliud;
701 408 730 434 ut
753 404 856 435 multis
871 404 901 434 in
917 405 1014 436 medio

195 447 389 484 enumeratis,
406 447 442 478 ad
458 451 623 478 extremum
636 447 728 486 addit,
739 457 843 479 omnes
858 449 1012 489 lacrymas,

194 500 299 522 omnes
313 492 528 532 purgationem,
541 501 645 523 omnes
658 502 827 530 ascensum,
842 497 868 523 et
886 494 923 524 ad
934 498 1014 525 ante-

194 535 274 566 riora
287 536 460 568 extendiw.
485 536 560 566 Num
576 536 666 575 igitur
679 536 709 567 in
726 537 782 567 hoc
805 537 940 568 distinxit
964 542 1014 569 aut

193 580 339 620 separavit
349 580 505 620 quosdam,
518 584 547 611 et
557 580 624 611 illos
634 581 753 620 quidem
765 581 836 612 dixit
847 581 904 612 hoc
913 591 1010 621 posse,

193 623 248 654 hos
263 633 322 654 non
334 624 441 665 posse?
454 624 542 665 Num,
556 628 589 655 ut
603 634 652 655 vos
668 625 845 665 insipienter
868 626 1010 660 asseritis.

193 677 255 708 vos,
270 669 401 709 inquam,
425 668 628 699 incircumcisi
651 669 790 700 cordibus
805 674 835 700 et
848 670 969 701 auribus
984 671 1009 696 41

195 711 261 752 (pro
273 722 308 743 eo
322 721 356 743 ac
373 712 532 744 mereniini
555 722 608 743 vos
626 717 758 752 tangam)
781 714 921 754 quoniam
943 715 1011 755 qui—

191 756 260 786 dam
271 757 368 787 sortiti
376 762 446 788 sunt
457 760 593 788 naturam
610 757 772 795 duriorem,
790 759 841 798 qui
866 763 1014 798 nequeant

193 800 351 841 aliquando
380 801 550 841 compungi,
573 805 602 833 et
626 802 768 843 lacrymas
790 803 937 840 emittere,
957 804 1013 834 hoc

1057 270 1115 311 ipsi
1127 275 1262 312 putamus
1277 272 1388 303 etiam?
1406 272 1461 304 Ubi
1486 272 1665 309 adulatores,
1684 275 1712 302 et
1724 270 1874 308 illusores,

1057 316 1107 356 qui
1130 325 1208 346 nunc
1223 320 1340 347 sanctos
1367 326 1421 347 nos
1435 316 1620 357 appellitant,
1637 322 1666 347 et
1679 315 1803 355 vestigia
1816 324 1874 345 no-

1057 363 1117 390 stra
1126 360 1242 391 calcare
1257 361 1439 391 formidant?
1455 360 1510 392 Ubi
1526 360 1635 391 excelsi
1646 359 1756 396 throni,
1772 363 1803 390 et
1822 358 1875 398 qui

1055 402 1086 434 in
1104 404 1139 435 iis
1154 405 1302 445 sedentes,
1314 405 1428 436 caeteris
1443 405 1620 437 illustriores
1634 406 1801 444 apparent?
1816 402 1874 434 Ubi

1056 452 1177 489 propter
1185 449 1338 490 quippiam
1350 449 1576 489 possidendum,
1588 453 1638 479 aut
1647 449 1789 488 majorem
1802 455 1876 488 prae-

1055 492 1200 524 fecturam
1219 494 1430 534 acquirendam
1446 493 1643 530 concursatio,
1657 497 1686 524 et
1699 490 1876 531 diligentia?

1056 536 1112 567 Ubi
1127 537 1332 575 contradictio,
1350 542 1379 568 et
1403 538 1598 577 contumacia,
1624 541 1653 567 et
1677 535 1875 576 posteriorem

1053 579 1148 610 videri
1163 581 1262 612 nolle?
1278 581 1333 613 Ubi
1346 585 1536 620 cognatorum
1553 582 1583 610 in
1600 590 1655 611 nos
1669 578 1810 611 affectus?
1818 578 1877 610 Ubi

1053 624 1104 664 qui
1117 634 1172 655 nos
1183 625 1280 657 visere
1292 625 1429 656 solebant
1439 625 1668 662 mundanorum,
1680 633 1714 655 ac
1729 623 1874 655 nobilium

1053 669 1184 699 vivorum
1199 670 1339 710 superbia
1350 670 1365 699 ἶ)
1381 679 1433 709 per
1448 679 1522 710 quos
1537 678 1590 708 ego
1606 669 1698 699 miser
1723 667 1871 704 existimo,

1053 717 1083 744 et
1093 713 1164 744 mihi
1182 714 1355 754 persuadeo,
1375 723 1422 745 me
1446 723 1535 754 supra
1557 717 1679 744 caeteros
1707 712 1872 743 claritatem

1053 757 1190 797 adipisci.
1204 757 1259 789 Ubi
1276 758 1445 798 cognitione
1454 768 1566 795 rerum,
1582 762 1610 788 et
1625 757 1770 797 sapientia
1783 756 1873 796 hujus

1056 801 1158 832 mundi
1167 802 1226 833 incl
1229 807 1343 842 ytorum
1350 803 1488 834 scientia?
1499 801 1553 833 Ubi
1564 801 1718 841 magniﬁca
1725 801 1762 831 de
1773 800 1873 840 seipso

193 844 282 875 etiam
298 854 421 884 magnus
440 845 600 884 Gregorius
624 847 781 886 adjungit‘?
804 846 896 878 Absit.
916 857 1012 888 neque
1024 852 1042 875 Β
1054 845 1165 886 opinio,
1178 850 1207 876 et
1223 850 1326 886 putare
1341 856 1395 877 nos
1419 856 1483 877 esse
1499 846 1610 887 aliquid
1635 855 1702 877 cum
1726 845 1801 876 nihil
1829 845 1873 875 si-

192 893 296 919 natura
312 890 440 920 humana
448 890 491 920 sic
504 895 673 929 comparata
682 895 736 927 est,
757 895 788 921 ut
800 891 823 921 si
840 901 897 922 non
915 892 1010 932 potius

190 932 329 972 ingenita:
341 934 400 964 sint
411 934 455 964 illi
469 935 564 965 luctus
578 939 606 965 et
618 935 764 975 lacrymae;
780 945 877 975 neque
892 940 1010 968 sanctus

191 977 252 1015 hic,
269 983 319 1008 aut
331 978 406 1008 alius
414 983 582 1009 sanctorum
597 979 652 1010 hoc
664 979 746 1014 dixit,
766 983 816 1010 aut
837 979 966 1019 scripsit.
983 981 1009 1012 A

191 1026 296 1053 natura
318 1027 416 1053 autem
445 1022 531 1053 nobis
555 1023 654 1054 inesse
677 1024 791 1064 ﬂetum,
809 1024 867 1063 ipsi
883 1024 1010 1056 infantes

189 1066 261 1096 dum
282 1071 442 1098 nascuntur
470 1071 496 1097 te
524 1067 672 1098 doceant:
690 1068 741 1108 qui
756 1068 842 1098 simul
868 1073 957 1109 atque
973 1078 1007 1100 ex

189 1115 275 1142 utero
291 1111 478 1151 prodierunt,
493 1112 621 1153 plerant,
632 1121 727 1152 eoque
742 1113 852 1143 indicio
868 1113 1008 1144 obstetri-

188 1155 284 1193 cibus,
311 1159 340 1186 et
366 1155 508 1186 matribus
534 1156 632 1187 vivere
657 1166 689 1187 se
714 1157 884 1189 ostendunt.
909 1157 1009 1189 Infans

189 1200 298 1240 quippe
311 1200 368 1230 nisi
383 1201 487 1240 vagiat,
519 1210 558 1231 ne
582 1201 680 1233 vivere
705 1202 825 1242 quidem
841 1202 961 1233 dicitur.
979 1202 1009 1233 Si

188 1244 321 1283 vagierit,
335 1245 414 1275 illico
427 1249 559 1276 naturam
572 1245 608 1276 ab
625 1246 688 1286 ipso
704 1250 768 1276 ortu
780 1255 832 1277 suo
844 1246 966 1287 luctum,
981 1251 1010 1277 et

189 1288 336 1329 lacrymas
352 1289 463 1320 habere
475 1290 598 1321 comites
609 1290 803 1321 demonstrat.
821 1291 918 1328 Atque
931 1291 1007 1321 istud

189 1333 276 1364 etiam
289 1337 407 1364 sanctus
421 1337 505 1374 pater
518 1338 619 1364 noster
634 1333 752 1365 Simeon
773 1333 885 1366 Studita
897 1335 1009 1365 conﬁr-

189 1377 300 1413 mabat,
314 1387 380 1408 cum
397 1377 607 1418 hujuscemodi
633 1378 769 1418 lacrymis
785 1379 937 1409 hominem
953 1379 1008 1409 de-

189 1421 261 1453 bere
276 1422 353 1452 hanc
368 1422 455 1452 vitam
469 1422 637 1460 traducere,
656 1427 684 1453 et
696 1432 775 1459 cum,
790 1426 845 1453 etc.
866 1424 958 1456 [Deest
975 1425 1009 1454 in

187 1470 314 1506 utroque
324 1467 494 1506 exemplari
509 1476 570 1497 una
584 1468 698 1508 pagina
711 1467 764 1498 hoc
777 1467 838 1498 loco
851 1468 868 1507 )
883 1466 1007 1498 Obtorto

187 1510 263 1541 collo
285 1510 381 1547 tracti,
404 1510 459 1541 etsi
482 1511 605 1541 minime
631 1511 734 1542 audire
763 1512 850 1542 vultis
875 1512 1008 1552 quotidie

187 1555 268 1586 clare
279 1555 466 1586 intonantem
481 1555 565 1586 vobis
577 1556 706 1587 divinam
720 1556 900 1596 Scripturam
914 1567 920 1588 :
935 1556 1007 1587 0m—

186 1601 321 1630 m'sem'm
329 1599 477 1631 stabimus
483 1603 555 1631 ante
561 1601 696 1632 tribunal
704 1601 822 1632 Christi
825 1608 871 1638 ,ιιι
880 1602 1008 1641 recipiat

186 1645 393 1684 unusquisque
415 1653 473 1685 pro
484 1649 517 1676 ut
529 1646 561 1675 in
571 1654 696 1686 corpore
707 1654 761 1676 suo
771 1647 872 1685 gessit,
884 1647 945 1676 sive
956 1646 1007 1677 bo-

185 1697 260 1719 num
269 1689 333 1719 sive
343 1688 457 1719 malum
467 1689 595 1725 42.Quod
607 1699 673 1719 cum
683 1690 822 1721 omnibus
835 1690 917 1720 novis
924 1690 1007 1721 brevi

187 1732 386 1770 evenerit,ubi
398 1737 455 1763 tum
471 1743 595 1773 corpora
608 1738 708 1764 nostra
718 1734 868 1774 operiens,
882 1737 910 1764 et
921 1744 1007 1765 exor—

186 1786 261 1808 nans
273 1777 401 1816 pretiosa
412 1778 485 1808 vesti
498 1778 578 1808 erit?
593 1777 643 1808 ubi
655 1778 820 1808 humeralia
831 1779 1007 1818 conspicua?

186 1821 237 1852 ubi
253 1821 407 1860 fulgentia,
418 1828 445 1852 et
457 1822 604 1862 pellucida
614 1822 725 1862 pallia?
740 1821 789 1852 ubi
803 1823 923 1852 humum
942 1832 1007 1862 pre-

186 1865 297 1896 mentia
312 1865 361 1896 illa
379 1866 513 1906 pulchra,
529 1866 682 1906 solidaque
704 1866 862 1896 sandalia?
877 1866 927 1896 ubi
944 1867 1006 1897 lora

147 1928 149 1930 ›
186 1910 372 1949 cingulorum
384 1910 571 1941 muliebrium
582 1911 710 1941 similia?
721 1910 771 1941 ubi
783 1911 909 1941 virorum
922 1911 1006 1951 prin-

185 1956 284 1995 cipum
300 1954 464 1985 occursus?
475 1955 525 1985 ubi
537 1960 605 1985 ante
615 1955 687 1985 alios
700 1955 860 1985 honorifice
871 1955 1006 1987 salutari?

1018 1492 1037 1516 C

128 2015 137 2021 -
184 1999 235 2030 ubi
248 1999 454 2031 contentiones
466 2001 502 2031 de
516 1999 611 2040 prima
623 2000 783 2030 cathedra?
796 1999 845 2030 ubi
857 2004 1006 2040 sumptuo-

183 2053 224 2074 sae
237 2045 371 2075 mensas?
387 2043 437 2074 ubi
450 2044 494 2084 (ut
512 2048 540 2075 et
556 2045 612 2075 hoc
638 2044 746 2083 dicam)
770 2044 929 2084 prazvenire
945 2045 1006 2075 fra-

184 2091 271 2124 trem,
286 2091 313 2117 et
329 2096 362 2117 ex
379 2088 522 2127 appositis
546 2088 630 2128 plura
655 2089 838 2128 melioraque
863 2089 1007 2119 sumere?

182 2131 260 2171 quod
273 2141 326 2171 ego
340 2132 467 2171 primus,
480 2137 508 2163 et
523 2133 573 2173 qui
596 2133 654 2163 mei
669 2132 784 2163 similes
801 2137 879 2170 sunt,
898 2133 963 2163 vani
979 2139 1008 2165 et

1054 890 1135 920 mus?
1148 889 1203 921 Ubi
1221 895 1280 921 tum
1297 891 1412 922 lubrica
1428 891 1537 930 lingua,
1551 895 1579 920 et
1593 890 1671 921 velut
1687 899 1704 920 e
1715 890 1795 920 fonte
1809 898 1874 929 pro-

1053 943 1176 965 manans
1187 935 1282 967 oratio
1293 935 1308 965 ἶ)
1330 935 1380 966 ubi
1396 939 1476 973 tunc,
1490 935 1549 965 imo
1566 944 1645 965 nunc
1660 936 1781 974 sapiens
1792 935 1808 964 9
1821 933 1876 964 ubi

1051 980 1167 1011 scriba?
1176 981 1420 1021 ubiconquisitor
1432 981 1522 1019 hujus
1534 980 1634 1012 seculi
1643 981 1684 1019 45,
1696 985 1728 1011 ut
1741 984 1872 1011 reverta-

1052 1028 1100 1055 tur
1110 1028 1138 1055 et
1150 1026 1366 1056 constituamus
1382 1026 1482 1064 simul,
1507 1026 1603 1066 deque
1623 1025 1749 1056 terribili
1764 1024 1823 1064 die,
1842 1028 1873 1055 et

1051 1069 1124 1100 hora
1135 1069 1186 1099 illa
1197 1070 1413 1110 consultemus,
1424 1074 1453 1100 et
1464 1079 1594 1106 omnem,
1607 1069 1684 1109 quod
1700 1068 1871 1105 dicitur,ru-

1050 1113 1169 1144 dentem
1183 1113 1213 1144 in
1223 1114 1310 1144 nobis
1322 1114 1406 1154 ipsis,
1417 1119 1446 1145 et
1460 1114 1489 1144 in
1501 1114 1662 1154 Scripturis
1682 1113 1789 1144 divinis
1802 1121 1869 1142 mo-

1050 1165 1170 1188 veamus
1181 1162 1209 1187 et
1224 1163 1362 1188 accurate
1381 1160 1499 1189 scrutati
1511 1158 1671 1188 doceamur
1680 1157 1761 1193 inde,
1774 1157 1870 1187 disca-

1051 1211 1175 1241 musque
1191 1202 1261 1242 quid
1278 1202 1364 1232 nobis
1379 1206 1447 1233 tunc
1463 1202 1589 1243 podesse
1610 1201 1714 1242 possit,
1740 1205 1768 1231 et
1796 1201 1870 1231 illud

1051 1246 1242 1285 cupidissime
1259 1246 1403 1286 eligamus
1413 1247 1428 1276 ‘.’
1442 1245 1501 1287 Sic,
1518 1246 1624 1277 fratres
1635 1246 1694 1276 mei
1709 1245 1819 1282 dilecti,
1839 1249 1873 1276 ut

1050 1291 1150 1320 omnis
1165 1291 1299 1330 Sriptura
1314 1294 1416 1330 aperte
1435 1291 1553 1327 clamat,
1578 1299 1681 1330 magna
1696 1289 1869 1326 necessitas,

1051 1343 1176 1374 magnus
1191 1335 1278 1365 timor
1292 1339 1320 1365 et
1337 1339 1448 1365 tremor
1468 1337 1498 1366 in
1519 1335 1569 1365 illa
1588 1335 1661 1365 hora
1683 1334 1820 1374 proinde,
1837 1339 1871 1365 ut

1050 1386 1103 1416 ego
1119 1378 1249 1415 desides,
1267 1378 1425 1409 dissolutos
1433 1388 1467 1410 ac
1481 1380 1579 1419 pigros
1590 1378 1746 1419 occupabit
1761 1378 1870 1409 Beatus

1049 1426 1159 1460 autem,
1176 1422 1292 1460 fratres,
1307 1423 1357 1463 qui
1373 1433 1451 1454 nunc
1463 1423 1543 1454 omni
1559 1428 1702 1454 creaturae
1716 1423 1869 1462 subjectus

1050 1465 1140 1506 luget,
1157 1470 1186 1497 et
1201 1467 1297 1506 plorat
1312 1471 1398 1498 nocte
1414 1473 1443 1498 et
1457 1468 1505 1498 die
1521 1476 1620 1498 coram
1644 1467 1782 1504 Domino,
1798 1467 1870 1506 quia

1049 1519 1066 1539 a
1081 1510 1191 1540 dextris
1202 1511 1277 1551 ejus,
1295 1512 1370 1542 stola
1386 1512 1510 1543 amictus
1525 1515 1679 1542 statuetur.
1699 1514 1805 1543 Beatus
1817 1512 1869 1551 qui

1048 1555 1112 1586 hmo
1126 1555 1218 1592 audit,
1237 1560 1266 1587 et
1281 1566 1339 1586 non
1356 1557 1451 1587 solum
1466 1566 1599 1596 gemens,
1624 1566 1680 1587 nec
1708 1557 1745 1587 de
1773 1556 1822 1586 die
1837 1555 1870 1586 in

1049 1599 1127 1630 diem
1144 1600 1299 1638 differens,
1317 1605 1433 1641 tempus
1446 1602 1511 1632 vita:
1527 1609 1586 1631 suae
1609 1601 1674 1631 sine
1700 1600 1796 1631 fructu
1811 1600 1869 1630 de-

1048 1644 1142 1674 currit
1158 1653 1165 1675 :
1183 1645 1235 1675 sed
1251 1645 1301 1685 qui
1317 1645 1404 1676 simul
1420 1655 1454 1676 ac
1471 1645 1592 1676 Domini
1616 1654 1719 1676 vocem
1734 1644 1842 1683 accipit
1858 1654 1866 1674 :

1049 1687 1262 1719 Paenitentiam
1274 1690 1356 1729 agite
1365 1690 1407 1727 44,
1420 1690 1518 1720 statim
1531 1699 1650 1719 manum
1667 1688 1751 1729 operi
1761 1688 1869 1718 admo-

1049 1731 1190 1763 vet.Talis
1202 1733 1518 1771 enimutobediens,ac
1533 1733 1629 1764 bonus
1640 1742 1741 1763 servus
1754 1731 1870 1763 miseri-

1049 1776 1180 1807 cordiam
1212 1781 1421 1817 consequetur,
1453 1787 1508 1808 nec
1532 1787 1598 1808 cum
1626 1776 1870 1808 inobedientibus

1047 1820 1247 1852 damnabitur.
1271 1821 1306 1852 Et
1331 1822 1362 1852 in
1382 1823 1436 1853 bac
1460 1822 1580 1862 quidem
1605 1822 1663 1852 vita
1677 1821 1714 1852 ab
1730 1820 1870 1851 omnibus

1047 1865 1159 1895 vitiosis
1167 1865 1296 1896 motibus
1307 1866 1400 1896 animi
1415 1866 1601 1904 liberabitur,
1610 1866 1801 1905 omniumque
1811 1865 1871 1896 vir-

1049 1913 1144 1939 tutum
1169 1909 1310 1949 probatus
1334 1911 1429 1940 cultor
1453 1910 1559 1941 evadet
1576 1919 1582 1940 :
1599 1911 1629 1940 in
1645 1911 1742 1940 futura
1769 1914 1870 1940 autem

1048 1952 1105 1982 vita
1121 1953 1206 1983 bonis
1218 1953 1271 1983 Dei
1282 1953 1361 1984 uulla
1376 1954 1475 1993 lingua
1487 1954 1689 1994 exprimendis
1701 1953 1868 1984 oblectabi-

1048 2001 1105 2037 tur,
1117 2006 1183 2027 curn
1196 1997 1354 2036 _omnibus,
1378 1999 1428 2038 qui
1444 2007 1459 2029 a
1476 1999 1584 2029 saeculo
1604 1999 1646 2028 illi
1671 1999 1846 2038 placuerunt
1860 2009 1869 2036 ;

1048 2041 1156 2082 quibus
1171 2050 1274 2072 omnes
1289 2051 1343 2072 uos
1358 2043 1470 2073 utinam
1483 2043 1640 2082 potiamur,
1657 2042 1750 2082 gratia
1766 2047 1794 2072 et
1809 2043 1867 2072 be-

1049 2086 1190 2125 nignitate
1201 2085 1320 2116 Domini
1334 2087 1426 2117 nostri
1437 2088 1506 2118 Jesu
1520 2087 1639 2123 Christi,
1655 2096 1721 2117 cum
1736 2097 1793 2126 quo
1810 2088 1869 2117 Pa-

1049 2130 1086 2159 tri
1102 2129 1249 2169 simulque
1264 2134 1365 2160 sancto
1378 2131 1497 2170 Spiritui
1510 2131 1614 2171 gloria,
1625 2130 1796 2170 imperium,
1807 2130 1867 2160 ho-

182 2177 384 2216 ineptifacere
396 2178 604 2208 consuevimus
633 2177 689 2208 Ubi
716 2182 786 2207 tunc
802 2178 894 2208 factus
909 2182 937 2208 et
953 2187 1006 2208 su-
1019 2183 1115 2215 Dnol',
1129 2179 1157 2204 et
1172 2175 1303 2204 adoralio
1319 2184 1398 2205 nunc
1411 2179 1439 2205 et
1454 2184 1584 2215 semper,
1601 2180 1629 2205 et
1643 2175 1673 2205 in
1687 2174 1793 2205 saecula
1807 2183 1867 2204 saa-

182 2220 287 2260 perbia
300 2224 411 2257 nostra,
428 2221 579 2261 imperare
601 2226 629 2252 et
655 2221 822 2260 imperari?
842 2221 896 2252 Ubi
924 2222 1008 2254 cellas

182 2265 258 2302 latae,
277 2269 306 2295 et
321 2266 472 2304 eleganter
491 2265 520 2296 in
545 2275 658 2296 morem
676 2265 797 2295 thalami
813 2270 932 2297 ornatae.
951 2266 1007 2298 Ubi

182 2309 430 2347 ministrorum,el
443 2310 551 2350 quibus
565 2310 770 2341 ministrantur
781 2311 1007 2351 prmroga'ivain

181 2354 232 2391 iis,
247 2354 276 2384 in
289 2354 397 2394 quibus
413 2364 468 2384 nos
482 2355 555 2385 alios
570 2355 677 2395 praeire
689 2355 799 2386 debere
812 2356 1009 2386 arbitramur?

180 2398 236 2430 Ubi
247 2398 437 2436 immodicus,
451 2404 479 2429 et
492 2399 652 2430 indecorus
667 2399 769 2431 risus?
784 2400 835 2430 ubi
857 2400 961 2439 longae,
980 2405 1008 2430 et

179 2442 416 2483 apparatissimas
432 2453 534 2477 coenae.
550 2445 684 2484 prandia,
699 2449 728 2475 et
740 2445 818 2476 inter
831 2445 886 2475 ista
902 2445 1005 2475 confa-

180 2487 348 2519 bulationes
360 2488 593 2529 intempestivas“?
603 2489 659 2520 Ubi
672 2494 740 2520 tunc
752 2499 857 2530 magna
871 2489 1006 2520 nomina?

218 2568 257 2640 402
264 2567 392 2608 Philipp.
406 2576 449 2605 ιιι,
468 2569 517 2600 43.
559 2570 586 2594 ιιι
604 2571 670 2602 Act.
686 2578 738 2610 vn,
756 2571 804 2601 ea.

179 2616 220 2639 III.
239 2616 268 2639 2.

218 2695 446 2734 Cmterum,quo
458 2693 555 2724 verbis
566 2694 632 2725 istis
642 2693 761 2725 Simeon
771 2694 947 2734 respexerit,
958 2703 1005 2724 me

178 2733 271 2773 fugit;
302 2733 415 2775 verbis,
439 2733 572 2773 inquam,
600 2734 683 2765 istis:
709 2735 782 2763 Ἀλλ’
805 2733 840 2767 ὦς
871 2737 941 2775 παρὰ
957 2736 1003 2767 τὴς

178 2775 248 2814 fidae
273 2777 379 2814 Γραφῆς
406 2774 520 2810 ἆκῆχοι,
551 2776 594 2803 καὶ
624 2776 650 2803 ἐν
679 2776 750 2813 αὒτῷ
777 2779 815 2813 τῷ
843 2776 1004 2813 βιπτῖσμιτι

179 2813 301 2844 λικιῶταί
328 2824 397 2845 τινες
426 2815 613 2853 βαπτιζόμενοι
655 2820 688 2854 τῇ
718 2815 852 2845 ἐπελέυσει
888 2827 1003 2844 nat-ravu—

848 2570 879 2595 42
902 2569 988 2601 Rom.
1008 2577 1068 2605 xrv,
1085 2567 1144 2606 10;
1170 2569 1195 2600 II
1210 2569 1277 2600 Cor.
1292 2577 1322 2607 ν,
1342 2569 1385 2599 10.
1431 2567 1457 2589 ⁸³
1472 2569 1482 2599 Ι
1498 2568 1565 2599 Cor.
1582 2576 1604 2605 ι,
1620 2567 1672 2598 20.

1049 2219 1192 2249 culorum.
1211 2219 1318 2250 Amen.

1320 2263 1463 2296 ORATIO
1490 2264 1591 2296 XXXI.

1346 2317 1561 2340 ARGUMENTUM.

1050 2352 1258 2384 Christianum
1270 2362 1355 2394 caque
1364 2358 1395 2385 et
1405 2362 1547 2393 generoso
1565 2353 1681 2389 animo,
1703 2352 1875 2383 incursan—

1089 2399 1165 2429 tium
1179 2407 1212 2429 se
1227 2400 1428 2430 tentutz‘onum
1440 2400 1567 2438 impetus
1578 2398 1705 2437 sufferre
1715 2401 1870 2436 oportere.

1087 2443 1142 2478 Qui
1152 2452 1220 2474 vere
1236 2447 1303 2474 sunt
1318 2444 1394 2474 servi
1413 2443 1476 2483 Dei,
1493 2443 1602 2483 quique
1617 2442 1713 2481 ipsum
1739 2441 1870 2481 diligunt

1048 2493 1077 2518 et
1102 2488 1184 2528 quasi
1211 2488 1355 2519 bonorum
1381 2488 1558 2518 tutissimum
1583 2487 1756 2517 thesaurum
1780 2486 1810 2516 in
1833 2495 1869 2517 se

1714 2566 1745 2591 44
1759 2567 1865 2598 Matth.

1046 2694 1135 2732 γέντες
1164 2697 1210 2722 τοῦ
1237 2695 1384 2730 τωεύματος
1410 2693 1562 2732 ἐδάκρυσαν,
1590 2691 1644 2723 Ubi
1663 2691 1741 2722 enim
1768 2690 1798 2721 in
1815 2701 1866 2722 sa-

1047 2731 1104 2765 ciis
1120 2733 1237 2779 Litteris
1255 2733 1402 2779 proditum
1421 2731 1549 2779 legimus
1564 2733 1600 2762 de
1615 2731 1868 2779 istisj.zt3<_tm-.zt,-,

1047 2783 1100 2805 seu
1119 2774 1227 2832 coaavisl
1239 2771 1326 2804 simul
1356 2772 1519 2814 baptizatis,
1537 2772 1666 2832 ipsoque
1683 2771 1870 2812 baptismatis

1048 2818 1156 2832 nnnnln
1174 2814 1203 2832 ἰη
1231 2823 1360 2832 nnrnn-nc
1377 2817 1542 2832 nmumnnnll
1567 2821 1600 2832 nc

1048 2818 1156 2854 puncto
1174 2814 1203 2844 in
1221 2813 1361 2854 lacrymas
1377 2812 1621 2854 erumpentibus?
