1978 3078
66 197 136 228 47⁵7

798 197 937 229 ORATIO
959 196 1064 229 XXXI.

1705 191 1764 226 478

64 263 153 303 ipsis
163 262 286 302 habent,
300 266 433 303 tempore
449 263 626 294 tentationes
637 263 774 304 injurias,
789 267 818 294 et
834 267 933 294 con-A
944 261 1025 294 litate
1036 271 1102 294 mea
1112 262 1230 294 erubuit
1242 272 1298 300 me,
1314 266 1344 294 et
1355 262 1478 302 gloriam
1495 260 1596 291 mundi
1609 260 1760 300 deserere,

63 312 136 338 tem
144 311 212 347 ptus
227 317 292 338 cum
309 307 426 346 gaudio,
441 312 469 338 et
484 308 572 338 animi
586 307 773 347 jucunditate
788 307 903 338 inenar-

62 351 166 382 rabili
193 352 355 392 patiuntur,
373 355 402 382 et
426 361 478 383 eos
499 361 515 382 a
534 352 642 393 quibus
662 353 703 382 ita
729 356 899 388 tractantur,

63 395 197 427 sincero
209 404 277 427 cum
290 396 408 435 affectu,
421 399 453 426 ut
468 395 545 427 bene
560 396 598 427 de
609 405 642 428 se
654 401 805 427 merentes
813 395 904 427 maxi-

64 449 202 480 mopere
227 439 362 479 diligunt.
379 439 435 476 Qui
458 444 558 471 autem
578 445 714 480 tempore
732 440 903 471 tentationis

64 484 330 524 consputationes,
347 484 458 524 alapas,
476 485 641 525 petulanter
656 485 754 516 illatas
777 484 901 525 injurias

65 532 183 568 pacate
196 537 255 559 non
271 528 407 565 sustinet,
435 532 485 559 aut
510 529 608 559 animo
632 529 807 569 concitatus,
831 538 901 559 ver-

65 571 147 603 bum
160 573 302 604 indecens
312 573 422 613 profert
433 582 440 610 ;
451 577 500 604 aut
510 573 641 613 denique
657 583 710 614 per
724 573 900 604 exteriorem

65 617 211 648 habitum
226 626 258 648 se
270 617 314 648 ira
327 617 489 648 ferventem
501 618 609 658 prodit,
627 622 788 657 contraque
803 617 900 648 verbis

65 661 301 692 contumeliosis
323 662 535 701 insurgit;aut
555 662 636 693 aliud
661 661 707 692 sui
732 661 897 693 ulciscendi

67 714 165 736 causa
179 705 259 744 facit,
272 706 419 746 quomodo
435 706 461 737 is
476 706 536 736 ulla
560 715 596 737 ex
620 710 702 747 parte
719 715 836 737 servum
852 715 895 742 se,

67 753 100 781 et
117 749 299 781 imitatorem
316 750 434 781 Domini
449 751 506 788 sui,
520 760 553 781 ac
562 760 620 781 non
631 750 783 781 inimicum
802 750 899 791 potius

67 793 178 825 dicere
189 794 326 826 audebit?
337 794 393 830 Qui
405 795 482 825 enim
494 794 664 825 verberanti
673 795 797 835 resistit,
810 803 896 825 eum-

68 848 132 879 que
148 838 278 869 vicissim
289 838 436 879 verberat,
450 839 542 870 Deum
556 839 724 877 inhonorat,
736 839 894 870 dicentem:

70 883 134 920 Qui
143 885 274 922 perculit
286 886 314 914 te
324 886 355 914 in
366 892 429 914 una
448 883 588 924 maxilla,
609 884 712 924 praebe
722 883 768 914 illi
778 887 807 914 et
819 883 896 914 alte-

944 317 1052 348 meque
1066 307 1209 338 imitando
1225 306 1376 347 experime
1396 306 1474 338 haud
1498 304 1647 336 sustinuit.
1664 304 1759 341 Nunc,

943 352 1061 392 quando
1078 352 1141 392 ipse
1156 351 1277 392 quidem
1303 352 1379 383 fluxa
1405 351 1496 391 gloria
1515 354 1622 380 exutus
1633 353 1689 385 est,
1707 357 1761 387 ego

942 406 1011 427 vero
1040 397 1070 427 in
1095 396 1256 426 immortali
1284 395 1379 428 Patris
1397 395 1456 425 mei
1473 394 1566 434 gloria
1582 393 1767 433 gloriﬁcatusr

943 449 1019 478 sum,
1032 441 1076 472 vel
1089 440 1292 471 tantummodo
1304 440 1404 471 videre
1416 448 1482 470 eum
1493 438 1645 469 erubesco.
1661 438 1762 478 itaque

942 485 1020 516 foras
1036 485 1170 526 ejiciatur
1186 495 1192 515 :
1211 484 1346 516 Tollatur
1370 485 1493 525 impius,
1521 491 1560 514 ne
1573 482 1677 513 rideat
1692 483 1759 522 glo-

941 531 1022 561 riam
1034 539 1131 561 meam
1142 529 1183 560 4⁷.

982 574 1050 605 Haec
1064 574 1196 611 audient,
1223 572 1274 614 qui
1290 573 1390 604 omnia
1404 571 1523 613 quidem
1539 570 1676 602 mandata
1699 569 1758 600 Do-

941 619 1014 649 mini
1028 618 1186 649 observare
1197 627 1229 648 se
1241 621 1479 657 putant,propter
1490 615 1634 656 pudorem
1646 618 1758 653 autem,

941 668 969 694 et
993 662 1183 703 opprobrium
1209 662 1286 702 apud
1314 661 1462 698 homines,
1488 660 1583 690 illatas
1598 660 1634 690 ab
1650 658 1756 690 iisdem

940 707 1076 747 injurias,
1103 706 1292 746 ignominias,
1324 705 1479 736 maledicta
1509 714 1568 735 non
1595 704 1757 744 patiuntur,

940 761 1036 792 neque
1052 752 1161 791 alapas,
1182 760 1278 791 neque
1293 749 1428 787 verbera,
1455 753 1484 780 et
1509 749 1610 789 plagas
1633 748 1759 778 inflictas

939 796 1074 826 tolerant.
1087 795 1268 832 Horrescite,
1285 799 1315 826 et
1328 795 1444 825 tremite
1461 795 1594 829 mortale,
1621 797 1650 823 et
1676 792 1756 832 inju-

938 840 1008 877 rias,
1021 850 1092 880 quas
1104 849 1156 880 pro
1171 840 1267 870 salute
1280 839 1462 879 vestralDeus
1475 837 1696 878 pertulit,etiam
1707 845 1757 867 vos

939 894 1006 916 cum
1021 884 1127 924 gaudio
1143 884 1274 915 sufferte.
1288 883 1365 914 Deos
1376 891 1392 914 a
1408 892 1492 913 servo
1513 881 1715 922 impurissimo
1727 881 1757 911 in

69 927 192 958 ram“.
213 927 268 963 Qui
287 936 375 967 porro
395 928 438 958 sic
455 937 487 958 se
503 928 676 964 defendunt,
702 931 732 958 et
755 927 848 963 aiunt,
865 927 896 958 in
908 924 1042 960 Bfaciem
1059 929 1192 965 caeditur,
1209 928 1262 959 tibi
1277 928 1312 959 ad
1329 927 1510 968 exemplum;
1523 931 1551 957 el
1566 931 1594 957 tu
1610 925 1645 956 ab
1663 925 1758 956 homi-

73 972 142 1003 rixa
159 976 188 1003 et
204 972 353 1013 pugna,ad
370 973 441 1003 iram
456 976 484 1003 et
500 973 778 1004 encandescentiam
792 976 824 1003 ut
839 973 895 1003 bo—

70 1019 174 1047 mines
195 1025 417 1048 commovumur
432 1027 439 1047 :
465 1017 622 1058 aliquando
638 1017 727 1048 etiam
743 1016 850 1055 verbis,
867 1021 897 1048 et

70 1069 168 1100 opere
183 1061 247 1101 ipso
258 1061 295 1092 de
311 1061 449 1092 fratribus
461 1071 514 1092 nos
529 1061 723 1097 vindicamus,
742 1065 819 1102 post,
829 1061 893 1092 ani-

71 1114 158 1135 mum
168 1105 205 1136 ab
217 1105 289 1145 ipsis
299 1115 358 1136 non
373 1105 504 1136 alienum
519 1106 661 1146 gerimus,
676 1106 727 1137 sed
739 1106 839 1136 omnia
852 1105 894 1136 di-

71 1149 233 1186 mittimus,
245 1149 431 1189 potissimum
446 1150 471 1181 si
487 1151 602 1181 veniam
617 1150 695 1181 inter
710 1159 763 1180 nos
779 1149 896 1180 dederi-

71 1202 153 1231 mus,
168 1193 304 1224 videntur
320 1194 393 1224 mihi
417 1195 522 1225 tabqu
547 1203 630 1234 purze
651 1194 778 1234 similes,
793 1194 823 1224 in
839 1203 897 1234 qua

73 1238 216 1269 inimicus
241 1242 270 1268 et
293 1238 385 1269 hostis
401 1243 514 1279 captata
530 1239 763 1279 opportunitate,
778 1248 831 1279 per
846 1247 897 1269 eos

74 1281 159 1322 ipsos
171 1291 259 1323 prava
275 1292 328 1313 sua
344 1283 450 1322 placita
466 1283 614 1321 inscribit,
634 1287 662 1314 et
677 1283 801 1320 inducit,
823 1282 898 1322 ipsi-

74 1336 135 1367 que
150 1336 269 1357 rursum
286 1327 500 1368 delentes,quae
515 1327 637 1358 incitatu
653 1327 772 1367 maligni
789 1327 898 1358 inscri-

80 1375 214 1412 pserant,
231 1371 335 1402 nolunt
350 1381 402 1412 pro
420 1372 456 1403 iis
471 1372 578 1404 Christi
601 1372 706 1412 placita
721 1371 897 1410 inscribere,

75 1420 109 1446 ut
122 1425 189 1446 cum
198 1415 516 1454 veneritadversarius,
525 1416 639 1447 tabulas
648 1416 781 1447 cordium
794 1426 897 1447 eorum

75 1460 261 1500 conscriptas
271 1459 413 1496 inveniat,
430 1460 582 1501 victusque
597 1470 662 1491 cum
679 1460 827 1492 dedecore
840 1461 898 1491 dis-

75 1504 183 1536 cedat:
200 1504 252 1535 sed
272 1504 475 1545 unusquisque
500 1514 602 1536 eorum
630 1514 691 1546 pl'ZB
718 1505 846 1545 pigritia,
864 1514 897 1535 ac

938 973 1018 1004 mine
1033 973 1181 1004 similibus
1202 977 1299 1003 tecum
1326 972 1532 1003 affectionibus
1557 971 1683 1002 obnoxio
1700 971 1756 1001 hoc

938 1017 997 1058 pati
1012 1017 1174 1048 detrectas‘.’
1189 1016 1241 1047 Dei
1256 1017 1435 1047 imitatorem
1451 1025 1516 1046 esse
1529 1015 1635 1054 pudet?
1647 1017 1682 1046 Et
1698 1024 1756 1054 quo

938 1066 1022 1102 pacto
1036 1071 1101 1092 cum
1118 1061 1184 1100 ipso
1199 1061 1349 1100 regnabis,
1364 1065 1392 1091 et
1406 1070 1472 1091 cum
1488 1069 1523 1090 ee
1539 1059 1567 1090 in
1585 1068 1675 1098 regno
1691 1067 1754 1089 cce-

936 1107 1031 1138 lorum
1041 1106 1350 1145 congloriﬁcaberissi
1359 1116 1424 1137 cum
1437 1115 1472 1138 eo
1484 1105 1558 1136 nihil
1567 1103 1753 1135 toleraveris‘?

936 1151 1008 1183 Nam
1020 1151 1045 1183 si
1056 1157 1085 1182 et
1095 1151 1156 1188 ille,
1170 1151 1246 1191 quod
1258 1151 1292 1181 ad
1310 1155 1336 1181 le
1354 1150 1470 1190 attinet,
1488 1153 1609 1190 propter
1624 1153 1651 1179 te
1667 1149 1755 1179 homo

938 1196 1018 1227 nasci
1029 1195 1208 1237 erubuisset,
1221 1200 1248 1226 et
1262 1197 1288 1226 in
1302 1193 1551 1235 praevaricationis
1560 1193 1641 1233 lapsu
1650 1193 1756 1233 jacen-

937 1244 997 1271 tem
1013 1245 1040 1272 te
1055 1241 1208 1280 hucusque
1223 1239 1417 1279 destituisset,
1438 1248 1549 1277 nonne,
1571 1238 1673 1278 miser,
1690 1246 1758 1267 cum

939 1285 1121 1321 inﬁdelibus,
1138 1289 1167 1315 et
1196 1284 1295 1325 impiis
1311 1284 1341 1314 in
1358 1283 1468 1314 inferni
1490 1282 1659 1314 recessibus
1687 1290 1757 1322 per-

942 1328 1122 1360 mansisses?
1138 1328 1256 1360 Credin”
1273 1333 1302 1358 tu
1318 1327 1467 1360 Christum
1484 1336 1550 1358 esse
1565 1325 1674 1358 Deum?
1690 1334 1757 1357 cre-

940 1374 988 1411 do,
1006 1374 1116 1413 inquis.
1128 1374 1160 1404 Si
1175 1382 1245 1412 ergo
1258 1382 1323 1403 esse
1338 1374 1429 1404 Deum
1445 1372 1553 1409 credis,
1571 1371 1621 1411 qui
1636 1370 1757 1410 caelum,

939 1422 968 1449 et
997 1422 1104 1448 terram
1134 1417 1278 1455 condidit,
1304 1417 1352 1458 qui
1381 1417 1454 1447 citra
1469 1416 1701 1447 exiuanitionem
1720 1415 1756 1446 de

939 1462 1005 1493 sinu
1018 1462 1109 1493 Patris
1125 1462 1291 1492 exinanitus
1305 1465 1349 1492 est
1360 1462 1400 1498 ιε,
1415 1461 1465 1502 qui
1480 1470 1515 1491 ex
1529 1460 1675 1490 immensa
1686 1459 1736 1490 alti

939 1507 1042 1537 tudine
1053 1506 1230 1542 divini'atis,
1243 1510 1270 1536 et
1283 1505 1499 1546 inexplicabilis
1509 1504 1609 1544 gloriae
1619 1513 1679 1534 suae
1690 1503 1757 1534 des-

74 1549 183 1580 disidia
197 1550 285 1580 hasce
301 1559 407 1580 vacuas
423 1549 609 1589 relinquens,
628 1559 694 1579 cum
712 1549 924 1587 mandaveritc
938 1551 1048 1587 cenlit,
1075 1555 1103 1581 et
1131 1555 1252 1591 propter
1266 1554 1293 1581 te
1309 1551 1396 1580 homo
1421 1550 1567 1590 abjectus,
1595 1558 1629 1579 ac
1646 1556 1758 1588 pauper

73 1593 228 1634 Dominus,
242 1592 314 1624 utin
326 1594 424 1634 aliqua
441 1594 543 1624 harum
563 1603 623 1624 suae
634 1593 715 1633 leges
727 1593 895 1625 inscriban-

75 1642 134 1674 tur,
153 1638 195 1668 illi
208 1642 438 1678 mox,etpropte
451 1638 565 1668 inimici
582 1638 662 1677 leges
674 1638 852 1678 inscribunt,
867 1643 897 1668 et

75 1691 175 1713 amara
194 1686 281 1722 atque
308 1682 462 1714 mortifera
491 1682 691 1719 admittentes,
718 1682 842 1716 viviﬁca,
868 1686 897 1713 et

76 1727 166 1757 melle
182 1726 314 1763 duciora,
332 1736 347 1756 a
364 1736 395 1757 se
411 1727 571 1767 repellunt.
590 1726 644 1762 Qui
660 1727 748 1766 igitur
759 1727 831 1757 nihil
847 1727 896 1757 de-

77 1770 161 1811 liquit
174 1770 260 1802 Jesus
274 1770 417 1802 Dominus
441 1781 475 1802 ac
496 1770 576 1802 Deus
598 1775 709 1808 noster,
737 1780 895 1811 percussus

77 1822 131 1853 est,
144 1819 175 1846 ut
188 1816 252 1855 ejus
268 1815 403 1855 exemplo
419 1819 592 1855 peccatores
606 1825 665 1846 non
682 1815 777 1846 solum
792 1815 896 1845 remis-

76 1859 189 1890 sionem
204 1864 390 1899 peccatorum
407 1859 564 1899 accipiant,
579 1860 630 1889 sed
649 1859 737 1891 etiam
753 1859 894 1890 divinita-

76 1903 112 1933 tis
126 1904 188 1942 ejus
204 1912 257 1942 per
272 1902 469 1933 obedientiam
481 1904 641 1943 participes
655 1904 734 1934 fiant.
749 1903 832 1939 Quod
845 1904 894 1943 qui

76 1946 106 1977 in
123 1947 288 1977 humilitate
299 1947 397 1977 cordis
414 1956 472 1977 non
487 1947 653 1983 admiserit,
667 1947 750 1986 quasi
766 1946 892 1977 erubes-

77 2000 147 2022 cens
171 1991 286 2021 Domini
303 1991 511 2031 perpessiones
523 1990 644 2026 imitari,
663 1990 797 2021 Christus
810 1991 892 2021 illum

77 2045 172 2067 coram
182 2036 306 2076 angelis,
317 2039 346 2066 et
358 2038 444 2066 Patre
457 2045 510 2066 suo
533 2036 662 2066 caelestis
679 2035 835 2066 erubescet
850 2036 890 2065 46.

115 2079 195 2116 Quod
212 2080 289 2117 dico,
306 2079 475 2119 hujusmodi
491 2084 544 2110 est.
555 2080 627 2111 Cum
643 2084 720 2110 esset
736 2081 824 2111 Deus.
839 2090 894 2110 no-

78 2123 126 2155 stri
142 2132 228 2154 causa
244 2124 394 2154 hominem
420 2123 554 2164 indutus,
577 2124 671 2164 alapis
692 2133 796 2161 cmsus,
821 2134 894 2154 con-

937 1595 1030 1626 factus
1039 1599 1091 1631 est,
1106 1598 1135 1625 tu
1153 1595 1257 1632 lutum,
1272 1594 1361 1634 cinis,
1380 1603 1414 1625 ac
1427 1593 1532 1634 pulvis,
1550 1602 1608 1624 non
1625 1597 1709 1633 potes
1724 1592 1756 1622 in

935 1640 1066 1671 animum
1083 1639 1236 1676 inducere,
1252 1644 1307 1670 uta
1318 1639 1437 1669 sublimi
1450 1639 1555 1668 throno
1567 1641 1616 1668 tuo
1628 1637 1756 1667 descen-

937 1684 1020 1722 dens,
1035 1683 1116 1714 fratri
1131 1688 1179 1713 tuo
1196 1689 1225 1714 te
1248 1683 1398 1718 humilies,
1424 1683 1472 1722 qui
1490 1682 1565 1712 infra
1590 1685 1617 1711 te
1632 1680 1753 1720 quidem

935 1727 1051 1758 videtur
1066 1731 1156 1764 stare,
1171 1727 1302 1758 fortassis
1318 1731 1418 1758 autem
1434 1725 1591 1756 virtutibus
1607 1730 1633 1755 le
1649 1733 1756 1764 super-

937 1772 1067 1803 eminet?
1081 1771 1157 1808 Quin
1176 1776 1285 1802 vestem
1302 1776 1351 1802 tuo
1363 1770 1477 1811 judicio
1498 1769 1684 1810 splendidam
1701 1768 1756 1799 ab-

933 1817 1012 1857 jicrs,
1025 1817 1104 1846 illius
1120 1825 1153 1846 ex
1171 1816 1238 1856 pilis
1252 1816 1427 1852 confectam,
1441 1819 1469 1846 et
1480 1814 1675 1845 humilitatem
1692 1813 1756 1853 ejus

936 1860 1097 1891 reveritus?
1108 1860 1185 1896 Quin
1201 1860 1329 1901 despicis
1345 1860 1455 1898 omnia.
1465 1869 1529 1900 quin
1540 1867 1643 1889 revera
1656 1858 1752 1896 ludus,

937 1910 966 1935 et
989 1905 1166 1943 velamenta,
1190 1914 1223 1935 ac
1249 1914 1375 1944 persona
1400 1904 1534 1944 quaedam
1562 1901 1754 1942 turpitudinis

935 1950 1043 1989 potius,
1061 1959 1149 1990 quam
1165 1949 1258 1988 gloria
1273 1948 1412 1979 claritatis
1424 1947 1516 1979 sunt?
1532 1947 1608 1984 Quin
1625 1955 1677 1986 per
1687 1955 1752 1976 om-

935 1994 983 2023 nia
998 1993 1169 2023 fabricutori
1194 1998 1243 2024 tuo
1269 2003 1302 2023 ac
1325 1995 1385 2024 Deo
1411 1993 1538 2023 similem
1555 1996 1583 2022 te
1599 1996 1750 2031 praestans.

936 2046 1003 2068 cum
1020 2037 1070 2067 illo
1087 2037 1225 2067 fratribus
1248 2037 1305 2067 tuis
1320 2041 1348 2067 te
1364 2036 1525 2067 humilias?
1541 2036 1570 2066 Si
1590 2035 1632 2065 illi
1649 2034 1755 2064 similis

937 2081 1014 2112 effici
1031 2091 1088 2111 non
1105 2081 1158 2120 vis,
1177 2081 1318 2121 majorem
1345 2081 1445 2111 nescio
1467 2080 1626 2120 quomodo,
1645 2083 1673 2109 et
1688 2080 1752 2117 glo-

937 2126 1092 2157 riosiorem
1109 2125 1159 2156 illo
1172 2130 1198 2155 te
1212 2126 1293 2166 facis,
1310 2126 1458 2165 aliumque
1475 2129 1501 2154 te
1518 2124 1603 2154 nobis
1623 2124 1750 2159 Annam,

79 2172 189 2208 sputus,
210 2169 238 2198 in
256 2178 376 2199 crucem
403 2173 484 2199 actus
501 2173 564 2198 est:
580 2168 702 2204 docens,
730 2178 764 2199 ac
789 2169 983 2204 dicensDaut
999 2169 1150 2210 Caipham,
1169 2174 1218 2200 aut
1231 2170 1355 2201 Pilatum
1373 2174 1527 2209 tyrannum
1544 2168 1679 2204 exhibes,
1692 2166 1752 2206 opi-

79 2212 290 2253 quodammodo
306 2213 412 2253 cuique
428 2218 561 2243 nostrum
578 2222 630 2253 per
651 2222 686 2243 ea
705 2223 771 2252 quae
787 2222 891 2253 passus

80 2262 121 2288 est
134 2257 205 2297 (qui,
227 2266 285 2297 qua
300 2257 388 2294 Deus,
412 2257 471 2297 pati
487 2267 544 2287 non
563 2258 739 2297 poteratlfsi
756 2258 797 2288 vis
812 2258 891 2289 Deus

80 2310 172 2342 esse,o
184 2302 284 2338 homo,
293 2302 441 2342 vitamque
453 2306 592 2332 aeternam
607 2307 758 2333 assecutus
775 2312 889 2332 mecum

80 2346 182 2383 vivere,
194 2346 271 2386 quod
285 2351 366 2386 pater
377 2346 494 2386 generis
511 2346 563 2384 tui,
577 2356 642 2377 cum
657 2346 732 2377 male
748 2347 890 2387 concupi-

80 2391 173 2426 visset,
188 2399 246 2420 non
263 2397 308 2421 est
323 2395 489 2430 assecutus,
501 2391 544 2421 sic
560 2390 725 2427 humiliare,
743 2391 891 2431 quomodo

79 2444 130 2474 ego
146 2438 193 2465 tua
203 2443 291 2465 causa
307 2444 354 2465 me
367 2434 531 2473 humiliavi,
547 2434 774 2475 arrogantiaque
797 2439 827 2465 et
840 2444 892 2466 su-

81 2479 188 2519 perbia,
205 2479 235 2509 in
251 2479 358 2520 quibus
374 2483 417 2510 est
433 2479 555 2519 spiritus
579 2479 756 2519 diabolicus,
772 2479 891 2520 deposi-

81 2527 117 2560 ta,
133 2523 241 2564 alapas,
256 2524 511 2564 consputationes,
527 2524 667 2563 Colaphos
680 2524 809 2564 suscipe.
823 2524 892 2555 Per-

81 2568 123 2599 fer
136 2569 188 2598 ista
203 2568 238 2598 ad
255 2572 380 2599 mortem
395 2578 499 2608 usque,
513 2572 541 2598 et
557 2568 615 2598 noli
633 2568 822 2599 erubescere.
839 2569 891 2600 Sin

82 2616 108 2643 tu
120 2617 237 2652 propter
252 2613 387 2643 mandata
400 2622 465 2644 mea
475 2612 534 2653 pati
549 2613 718 2649 erubueris,
735 2617 888 2653 postquam

82 2667 130 2697 ego
144 2657 221 2687 Deus
237 2662 357 2697 propter
373 2662 401 2688 te
417 2667 518 2698 passus
529 2667 607 2695 sum,
617 2658 703 2688 etiam
717 2667 780 2696 ego.
797 2667 890 2698 quan-

81 2702 114 2732 do
135 2711 199 2733 cum
230 2703 385 2742 majestate
414 2702 572 2738 advenero,
600 2701 705 2742 pudori
734 2701 848 2733 habebo
865 2707 893 2734 te

82 2755 188 2777 mecum
202 2754 280 2784 esse,
294 2747 450 2787 dicamque
461 2746 577 2787 angelis
590 2745 734 2784 meis,bic
745 2745 775 2776 in
791 2746 890 2777 humi-

115 2829 143 2856 ιδ
155 2830 259 2862 Matth.
276 2840 303 2868 v,
317 2831 366 2862 39.
410 2831 442 2856 ιϐ
457 2831 526 2862 Luc.
543 2839 584 2871 Ix,
601 2831 650 2863 26.

931 2217 1017 2247 ﬁcem
1032 2214 1232 2245 universitatis
1245 2225 1301 2245 non
1311 2219 1341 2246 ut
1351 2223 1544 2250 assessorem,
1556 2213 1607 2242 sed
1620 2216 1650 2242 ut
1662 2221 1751 2242 unum

932 2259 1090 2301 quemdam
1106 2260 1311 2290 damnatorum
1329 2259 1379 2290 tibi
1396 2264 1491 2290 astare
1508 2258 1643 2297 cupiens.

973 2305 1040 2335 llmc
1051 2304 1086 2334 ad
1096 2304 1201 2334 divites
1214 2304 1413 2344 etprincipes,
1423 2309 1447 2334 et
1461 2303 1585 2333 aliorum
1600 2300 1751 2341 praesides,

932 2354 961 2380 et
976 2359 1043 2380 cum
1054 2349 1130 2378 lastu
1143 2349 1334 2389 supercilium
1350 2348 1487 2378 tollentes
1501 2347 1580 2377 dicta
1591 2346 1661 2376 sint.
1677 2344 1751 2381 Quid

929 2394 991 2434 jam
1008 2393 1144 2423 dicemus
1159 2393 1206 2429 iis,
1223 2393 1273 2433 qui
1290 2393 1400 2423 relictis
1412 2391 1560 2427 omnibus,
1575 2394 1696 2434 propter
1705 2399 1751 2434 re-

932 2433 1021 2477 gnum
1038 2437 1179 2467 ctelorum
1196 2446 1229 2468 ac
1245 2441 1404 2475 egestatem
1421 2446 1453 2466 se
1468 2434 1664 2473 redegerunt?
1675 2433 1749 2469 Quid

933 2482 1077 2522 dicemus,
1091 2481 1229 2521 inquam?
1243 2482 1319 2512 Ecce
1330 2481 1428 2517 frater,
1440 2480 1594 2512 mendicus
1608 2480 1709 2511 lactus,
1725 2482 1753 2508 et

932 2526 1089 2557 Dominum
1107 2526 1270 2562 Christum,
1282 2535 1315 2556 ac
1325 2528 1418 2557 Deum
1436 2525 1566 2556 imitatus
1578 2533 1621 2555 es.
1634 2523 1752 2554 Intuere

933 2570 1022 2609 igitur
1035 2571 1114 2600 hunc
1130 2570 1216 2601 modo
1228 2571 1279 2601 tibi
1292 2570 1440 2610 junctum,
1453 2574 1609 2609 tecumque
1627 2577 1749 2598 versan-

931 2618 1004 2651 tem,
1021 2615 1071 2655 qui
1085 2624 1175 2654 super
1190 2624 1292 2645 omnes
1307 2615 1396 2646 caelos
1415 2614 1551 2645 est.Ecce
1568 2613 1625 2643 duo
1642 2622 1692 2642 vos
1707 2612 1749 2641 si-

933 2659 992 2688 mul
1007 2658 1152 2690 iuceditis.
1172 2658 1309 2689 Occurrit
1323 2658 1469 2700 quispiam
1485 2657 1567 2688 vobis
1582 2657 1612 2686 in
1628 2656 1748 2692 itinere,

935 2703 1077 2744 deditque
1092 2703 1217 2734 Domino
1232 2703 1342 2744 alapas,
1358 2703 1441 2734 dedit
1454 2702 1593 2733 similiter
1605 2700 1669 2731 tibi.
1688 2700 1750 2730 Do—

934 2747 1033 2778 minus
1051 2757 1108 2779 non
1123 2748 1308 2788 contradicit,
1325 2754 1355 2779 et
1379 2752 1408 2778 tu
1429 2751 1531 2778 contra
1558 2744 1671 2775 irruis‘?
1687 2744 1748 2775 Imo

694 2830 726 2856 47
740 2829 797 2862 Isa.
815 2838 897 2869 xxvr,
914 2832 964 2863 10.
1006 2832 1038 2858 48
1053 2832 1180 2872 Philipp.
1198 2833 1278 2867 11,7.
