1978 3078
188 156 250 201 μῦ

834 154 1020 188 SYMEONIS
1038 155 1210 188 JUNIORIS

1815 157 1878 190 480

190 224 248 265 ais,
260 223 333 256 dixit
343 223 422 255 enim
435 223 517 254 danti
530 222 586 253 sibi
598 223 713 263 alapam
728 234 734 252 :
747 223 783 254 Si
796 224 877 254 male
890 223 1005 255 locutus
1015 235 1035 254 Α
1047 231 1160 260 cemus,
1176 222 1228 254 sed
1241 223 1307 254 sine
1324 223 1534 254 communione
1549 233 1732 256 maneamus.
1749 223 1800 255 His
1816 233 1873 264 ego

190 278 269 308 sum,
277 267 479 299 testimonium
485 267 612 307 per-bibe
623 267 659 298 de
669 267 746 299 malo
760 278 766 299 :
777 268 914 299 siautem
924 268 1007 306 bene,

192 313 266 354 quid
278 319 324 344 me
334 312 424 343 caedis
437 311 557 343 ‘9?Hac
573 311 623 343 ille
637 321 695 343 non
712 312 846 354 protulit,
863 317 896 345 ut
908 316 1010 344 contra

191 356 315 394 diceret,
332 356 410 397 quod
426 361 455 387 tu
471 356 635 395 existimas;
652 357 702 389 sed
719 357 857 397 quoniam
871 358 931 396 ipse
943 367 1009 388 am-

191 403 264 432 nino
271 405 425 441 peccatum
436 400 553 432 nullum
563 402 707 442 fecit,nec
716 402 856 433 inventus
867 406 912 433 es!
923 402 1010 433 dolus

190 446 223 477 in
234 455 286 477 ore
300 446 367 485 ejus
377 445 419 476 50.
434 446 584 482 Preterea,
600 455 649 483 ne,
664 445 714 486 qui
730 445 845 477 dixerat
862 457 868 476 :
883 447 935 477 Sic
946 455 1009 477 res—

189 491 302 531 pondes
328 489 578 530 pontiﬁci?juste
605 499 685 527 cum,
711 494 743 520 ut
769 490 819 530 qui
846 494 1008 530 peccasset,

193 534 376 575 percussisse
393 538 556 575 putaretur,
569 533 680 565 idcirco
696 543 728 565 se
742 534 893 566 innoxium
909 536 1010 567 volens

193 579 360 618 declarare,
377 578 421 609 sic
434 578 549 609 locutus
562 582 616 609 est.
633 577 741 610 Verum
755 588 820 616 nos,
840 580 939 611 multis
953 580 1009 611 ob-

194 623 290 655 stricti
312 623 498 663 criminibus,
514 623 685 662 longissime
710 623 745 654 ab
770 623 826 655 ista
841 624 1013 656 innocentia

193 668 348 700 distamus.
362 668 436 699 Nam
454 671 555 707 postea
572 668 724 705 Dominus,
742 677 809 699 cum
825 669 915 700 multa
930 669 1010 699 indi-

194 712 298 752 gniora
324 712 398 743 istoc
419 712 595 752 excepisset,
612 712 726 743 nullum
753 712 870 752 punitus
891 713 1012 744 verbum

196 756 290 788 edidit
304 756 393 797 :quin
410 756 510 792 etiam,
522 756 600 796 quod
617 759 741 793 constat,
759 765 810 797 pro
827 757 1013 788 cruciﬁxari-

197 801 253 833 bus
264 801 366 832 oravit.
380 800 432 832 Ille
440 800 544 831 irrisus
554 810 612 831 non
623 800 802 840 indignatur,
813 806 842 832 et
851 805 879 832 tu
891 802 1014 833 moleste

196 845 280 876 fers?
294 844 347 876 llle
362 849 459 885 sputa,
476 845 630 885 calophos,
656 845 768 885 ﬂagella
790 846 919 886 patitur;
937 850 964 877 et
984 851 1014 877 tu

1050 267 1141 298 miser
1152 271 1181 298 et
1191 267 1292 299 infelix
1308 267 1432 305 auditis,
1444 277 1576 299 seorsum
1594 277 1629 299 ea
1643 278 1759 299 mecum
1776 269 1875 300 revol-

1049 321 1121 342 vens
1137 317 1165 342 et
1179 312 1303 352 indigne
1318 312 1429 352 ferens,
1441 312 1549 343 acerbe
1561 312 1627 343 ﬂevi
1642 312 1672 343 in
1688 312 1790 344 dolore
1801 321 1872 343 cor-

1050 355 1096 386 dis
1106 356 1175 393 mei,
1187 356 1225 386 ita
1235 356 1312 396 apud
1325 356 1459 387 animum
1472 357 1785 396 memetinterrogans:
1794 356 1873 388 Num

1049 410 1152 431 revera
1166 401 1197 430 in
1213 401 1270 431 hoc
1289 401 1407 439 negotio
1431 401 1457 431 si
1483 401 1578 432 aﬂ‘ecti
1594 405 1672 439 sunt,
1690 406 1720 433 et
1741 402 1781 433 ita
1796 411 1871 433 sen-

1052 445 1128 476 tiunt
1142 451 1173 476 ut
1193 444 1282 475 verba
1307 449 1424 485 sonant,
1446 445 1584 486 seriaque
1607 445 1790 486 impossibile
1813 447 1874 477 hoc

1051 493 1223 530 reputantes
1245 489 1393 530 dixerunt,
1410 499 1474 530 quae
1489 489 1639 520 dixerunt?
1653 499 1690 520 an
1705 490 1801 530 potius
1813 499 1875 521 non

1051 543 1170 575 parvum
1187 543 1221 566 ac
1235 534 1319 565 facile
1335 534 1483 574 quoddam
1497 533 1626 564 officium
1652 535 1718 570 rati,
1737 539 1873 575 tempore

1051 578 1269 609 communionis
1281 578 1446 619 lacrymari,
1463 578 1525 608 solo
1537 578 1626 609 verbo
1642 578 1671 608 id
1690 578 1874 609 irriserunt?

1054 622 1141 659 Sane,
1159 622 1217 653 nisi
1234 623 1300 663 quis
1314 623 1433 653 assiduo
1447 622 1553 653 diebus
1574 626 1602 653 et
1618 622 1755 654 noctibus
1771 633 1874 654 coram

1054 666 1170 698 Christo
1181 668 1242 699 Deo
1257 667 1288 697 in
1300 667 1372 698 ﬂetu
1388 671 1549 707 occupatus
1559 667 1607 704 sit,
1620 676 1676 697 nec
1692 677 1757 697 cum
1773 667 1876 698 divina

1055 711 1230 751 participare
1251 711 1389 748 valuerit,
1405 711 1674 751 quomodocunque
1693 711 1806 751 iugere,
1824 716 1878 743 aut

1055 755 1210 795 lacrymari
1224 755 1353 795 ﬂetuque
1368 755 1533 786 secundum
1546 755 1639 786 Deum
1658 756 1771 787 stillare
1787 760 1876 796 pote-

1055 799 1162 836 rit.Qui
1173 799 1269 830 enim?
1280 800 1335 831 nisi
1344 800 1418 830 forte
1430 804 1544 831 secreta
1554 800 1680 840 quadam
1695 801 1875 839 oeconomia,

1055 849 1106 875 aut
1120 849 1239 881 eventu,
1252 854 1286 875 ex
1298 854 1387 876 causa
1402 845 1500 884 aliqua
1510 853 1576 875 raro
1588 845 1616 874 id
1629 845 1757 884 conligat
1771 845 1874 882 alicui,

198 899 235 920 ne
251 888 373 919 verbum
395 888 515 928 quidem
538 897 677 928 asperum
702 888 805 919 audire
835 891 938 929 potes?
962 889 1044 920 IlleB
1056 888 1133 928 quod
1150 888 1222 918 mihi
1236 889 1341 919 mirum
1359 889 1553 927 nonlviJetur,
1566 889 1773 929 quandomulti
1785 889 1874 920 etiam

199 943 331 969 crucem,
345 937 374 963 et
389 936 512 963 mortem
529 932 766 972 ignominiosam,
783 937 812 963 et
826 933 943 964 dolores
959 934 1013 964 cla-

198 986 301 1008 vorum
318 977 437 1017 excipit,
464 981 493 1008 et
516 981 545 1007 tu
570 977 736 1008 ministeria
757 977 918 1017 abjectiora
933 978 1016 1010 obire

197 1022 309 1060 refugis
319 1021 332 1052 Υ
343 1021 378 1052 Et
393 1021 514 1061 quinam
530 1021 594 1061 ejus
605 1021 705 1060 gloria:
716 1031 838 1053 consors
853 1023 1017 1063 eris,cujus

199 1066 302 1098 mortis
320 1075 443 1097 consors
459 1065 523 1096 fieri
538 1065 667 1096 abnuis?
683 1067 761 1096 Sane
785 1067 893 1098 frustra
908 1067 1017 1098 divitiis

198 1116 226 1143 te
242 1110 396 1146 abdicasti,
422 1119 540 1140 crucem
555 1114 588 1140 ut
602 1110 652 1140 ille
663 1110 752 1150 jussit
767 1110 796 1140 in
813 1111 933 1142 veritate
959 1112 1016 1142 tol—

198 1157 260 1187 lere
270 1156 373 1187 nolens
386 1165 392 1187 :
409 1154 508 1187 Vende
518 1163 585 1195 qua:
595 1155 695 1188 habes.
707 1159 732 1186 et
744 1155 783 1186 da
789 1157 1017 1195 pauperibus,et

198 1201 267 1233 tolle
278 1209 394 1232 erucem
405 1203 499 1235 tuam,
511 1203 539 1229 et
548 1207 671 1238 sequere
680 1208 728 1230 me
738 1200 774 1236 51,
792 1200 1017 1237 adolescenti,et

202 1245 287 1276 nobis
301 1254 368 1276 cum
382 1244 447 1284 ipso
463 1243 595 1275 Christus
609 1244 759 1284 praecepit.
777 1244 815 1275 At
831 1248 859 1274 tu
875 1245 1017 1276 facultati—

199 1289 253 1320 bus
275 1288 452 1326 distributis,
483 1296 600 1319 crucem
631 1292 729 1318 tamen
751 1288 877 1319 horrens
900 1289 1014 1326 tollere,

197 1338 229 1366 ut
245 1334 373 1365 diximus
391 1332 480 1373 (quod
496 1332 568 1362 nihil
585 1331 664 1362 aliud
692 1336 747 1368 est,
773 1341 859 1372 quam
882 1333 1015 1363 omnium

198 1379 393 1410 tentationum
414 1377 639 1416 impressionem
659 1376 745 1407 hilari
771 1377 869 1407 animo
885 1378 1014 1408 sustine-

197 1431 231 1454 re
246 1431 280 1453 ac
298 1421 421 1461 perpeti)
435 1420 464 1450 in
480 1420 524 1450 via
542 1421 628 1460 hujus
644 1421 708 1451 vitae
723 1421 855 1458 relictus,
873 1425 901 1452 et
915 1431 931 1452 a
947 1422 1014 1452 dul-

199 1467 276 1498 cimo
291 1466 416 1497 Domina
434 1470 481 1496 tuo
493 1465 625 1496 divulsus
645 1475 688 1497 es.
715 1465 785 1503 Sed,
802 1465 944 1502 obtestor,
962 1476 1015 1506 pa-

1057 932 1086 962 in
1109 932 1187 963 exitu
1210 932 1316 964 animae
1340 942 1356 963 e
1382 942 1506 973 corpore
1534 933 1743 973 lacrymarunt.
1760 933 1877 973 Opinor

1056 980 1154 1007 autem
1169 977 1218 1008 hic
1230 986 1289 1007 non
1306 977 1400 1014 multi,
1414 977 1465 1008 sed
1481 976 1566 1018 pauci
1581 977 1752 1015 admodum,
1767 982 1875 1018 etquo-

1056 1029 1122 1051 rum
1138 1030 1280 1052 numerus
1299 1020 1368 1051 iniri
1392 1021 1477 1052 facile
1492 1026 1592 1061 queat.
1614 1020 1696 1057 Quod
1712 1022 1736 1051 si
1754 1031 1876 1062 prorsus

1058 1065 1121 1095 tieri
1138 1075 1196 1096 non
1213 1074 1298 1105 posse
1313 1065 1493 1102 existimant,
1519 1069 1548 1095 ut
1573 1065 1638 1105 quis
1653 1075 1718 1096 cum
1738 1066 1876 1106 lacrymis

1058 1110 1088 1140 in
1108 1109 1172 1140 dies
1187 1110 1344 1150 participet
1359 1109 1456 1140 divina
1473 1110 1624 1149 mysteria,
1643 1111 1716 1150 proh
1732 1110 1876 1149 ignoran-

1059 1154 1140 1191 tiam,
1153 1154 1330 1190 socordiam,
1349 1158 1378 1185 et
1390 1154 1551 1185 caecitatem
1567 1154 1622 1184 ista
1637 1154 1832 1194 loquentium.
1843 1155 1879 1186 Si

1059 1199 1138 1229 enim
1154 1199 1268 1239 seipsos
1279 1199 1475 1238 judicassent,
1490 1208 1550 1229 non
1563 1208 1579 1230 e
1594 1199 1655 1229 suis
1673 1200 1801 1239 ipsorum
1815 1209 1879 1230 ser-

1059 1243 1197 1274 monibus
1219 1244 1437 1283 judicarentur.
1454 1243 1483 1275 Si
1505 1243 1686 1284 ptenitentia:
1709 1244 1877 1282 studerent,

1059 1297 1118 1318 non
1134 1288 1189 1318 hoc
1205 1298 1258 1328 pro
1269 1288 1445 1328 impossibili
1459 1289 1662 1319 eﬂ'utivissent.
1675 1287 1706 1319 Si
1715 1288 1878 1320 fructuosis
1905 1317 1908 1322 .

1057 1336 1195 1362 vacarent
1218 1332 1368 1371 operibus,
1397 1333 1462 1363 talis
1486 1332 1555 1363 boni
1581 1336 1668 1363 tantae
1688 1332 1878 1364 liberalitatis

1057 1376 1166 1408 Christi
1181 1381 1297 1416 gustum
1313 1377 1439 1417 aliquem
1461 1377 1615 1408 haberent.
1632 1377 1663 1408 Si
1685 1382 1763 1408 esset
1783 1379 1812 1408 in
1839 1379 1878 1409 iis

1059 1420 1147 1451 timor
1161 1421 1225 1459 Dei,
1244 1430 1301 1453 non
1323 1422 1418 1452 solum
1447 1426 1579 1462 tempore
1595 1422 1812 1453 communionis
1827 1423 1876 1454 di-

1057 1465 1193 1495 vinorum
1211 1466 1420 1505 mtsteriorum
1437 1467 1538 1506 lugere
1553 1465 1736 1506 quempiam,
1755 1476 1788 1497 ac
1803 1467 1878 1498 ﬂere

200 1515 260 1542 tres
280 1520 315 1541 ac
339 1509 455 1546 fratres,
477 1509 576 1540 omnia
591 1509 699 1541 Christi
716 1510 852 1541 mandata
865 1510 1015 1541 custodia-
1026 1518 1045 1542 C
1060 1514 1371 1549 posseattestarentur,
1385 1511 1437 1542 sed
1446 1515 1475 1542 et
1486 1511 1567 1541 omni
1579 1512 1650 1541 hora
1663 1511 1877 1550 popemodum.

199 1565 275 1592 mus,
291 1554 460 1586 adarientes
474 1563 528 1584 nos
545 1554 720 1585 tentatianes
737 1564 828 1594 usque
839 1554 874 1585 ad
893 1559 1016 1586 mortem

200 1600 283 1640 regni
295 1599 424 1630 caelestis
436 1608 536 1629 amore
552 1599 738 1635 suﬂ‘eramus,
751 1605 782 1630 ut
794 1604 822 1629 et
838 1600 937 1638 gloriae
948 1599 1018 1630 Jesu

199 1644 284 1682 socii,
300 1649 329 1674 et
351 1646 468 1674 aeternae
482 1643 546 1673 vitae
561 1647 727 1683 compotes,
744 1647 773 1673 et
788 1643 933 1674 bonorum
949 1643 1018 1684 qui-

199 1689 254 1720 hus
271 1689 350 1719 nulla
365 1697 416 1728 par
431 1692 476 1718 est
490 1688 596 1725 oratio,
611 1689 745 1718 hreretles
764 1689 935 1725 evademus,
948 1698 1016 1728 gra—

199 1733 250 1769 tia,
271 1737 300 1764 et
318 1731 499 1771 benignitate
520 1732 616 1770 magni
639 1733 690 1763 Dei
705 1742 738 1763 ac
754 1733 907 1763 salvatoris
925 1733 1017 1763 nostri

198 1777 269 1809 Jesu
280 1776 399 1810 Christi.
413 1785 479 1806 cum
498 1786 555 1816 quo
569 1776 644 1806 Patri
655 1777 756 1815 gloria,
774 1776 943 1817 imperium,
962 1777 1018 1807 ha-

200 1830 267 1858 nor,
284 1831 351 1851 cum
377 1825 479 1851 sancto
502 1820 623 1860 Spiritu,
649 1831 727 1852 nunc
751 1825 781 1852 et
801 1831 930 1861 semper,
948 1822 1019 1852 etin

201 1875 319 1896 omnem
339 1865 545 1896 aeternitatem.
564 1867 669 1896 Amen.

468 1916 605 1948 ORATIO
627 1916 741 1948 XXXII.

505 1972 712 1995 ARGUMENTUM.

200 2010 245 2042 De
257 2011 432 2051 pcenilenu'u
444 2013 472 2042 et
483 2011 717 2051 compunctione,
731 2014 756 2041 et
770 2011 876 2049 quibus
888 2010 1017 2040 actioni-

241 2050 295 2082 b’us
318 2059 354 2081 ea
373 2051 537 2090 patiamur.
564 2051 637 2081 Sine
664 2050 811 2088 lacrymis
832 2050 872 2080 ad
894 2059 1017 2090 purum,

241 2091 438 2130 tranquillum
458 2092 556 2122 animi
576 2094 686 2122 statum
714 2093 865 2121 neminem
885 2099 1018 2129 unquam

238 2134 467 2171 perventurum.

240 2183 385 2220 Quoniam
398 2183 499 2214 Patres
513 2193 548 2214 ac
562 2183 676 2218 fratres.
695 2185 789 2215 sancti
814 2183 908 2214 Patris
924 2182 1018 2213 nostri

201 2228 325 2260 Studitae
351 2228 450 2258 divina
471 2227 642 2258 sublimium
659 2228 722 2268 ejus
737 2228 884 2258 actionum
912 2237 1016 2257 munu-

202 2277 302 2304 menta
317 2272 402 2303 nobis
426 2273 503 2303 lecta
516 2278 595 2310 sunt,
623 2283 688 2312 qua;
703 2273 752 2303 ille
772 2272 885 2303 ctelesti
908 2271 1018 2312 Spiritu

200 2317 368 2354 instinctus,
382 2317 417 2348 ad
431 2317 590 2348 multorum
603 2317 758 2348 utilitatem
771 2316 939 2357 publicavit,
952 2325 1018 2346 cum

202 2361 270 2393 aliis
290 2361 424 2401 ejusdem
440 2371 528 2402 supra
546 2362 665 2392 modum
682 2363 798 2402 egregie
816 2361 911 2398 factis,
932 2361 1019 2391 etiam

203 2406 270 2444 hac,
283 2406 322 2436 ita
340 2416 491 2446 expresse,
509 2406 586 2437 sicut
600 2406 630 2437 in
642 2407 722 2437 omni
738 2407 796 2437 vita
811 2415 861 2436 sui
880 2409 1019 2436 constan—

202 2455 247 2481 ter
270 2451 452 2488 obscrvarat,
473 2451 601 2492 scripsit.
628 2451 656 2482 in
683 2452 746 2482 hinc
764 2451 853 2481 verba
870 2459 875 2481 ς
896 2450 1018 2487 Frater,

201 2495 312 2534 absque
328 2495 469 2534 («cry/nis
480 2505 538 2526 non
547 2496 773 2527 communicabit
791 2504 920 2533 unquam
936 2494 1018 2530 Quod

203 2539 253 2570 ubi
269 2539 429 2570 audierunt
444 2540 493 2579 qui
508 2540 632 2570 aderant
652 2539 786 2579 (aderant
808 2545 904 2570 autem
922 2537 1018 2573 multi,

203 2593 262 2614 non
279 2583 346 2614 laici
362 2583 461 2621 modo,
480 2593 580 2614 verum
597 2589 683 2615 eLam
705 2584 742 2615 oh
764 2583 902 2614 virtutem
920 2581 1020 2621 magni

205 2628 343 2667 nominis,
362 2633 390 2658 et
405 2628 489 2658 famae
511 2629 660 2667 monachi)
685 2629 781 2659 mirati
806 2632 874 2659 sunt
897 2627 1019 2662 dictum,

203 2677 232 2702 et
248 2676 381 2703 mutuum
393 2672 623 2712 aspicientes,ac
635 2673 821 2704 subridentes
837 2673 956 2713 pariter,
966 2680 1022 2701 una

203 2726 274 2748 voce
289 2717 437 2755 dixerunt,
451 2717 488 2748 de
503 2721 609 2749 cmtero
626 2727 678 2749 nos
694 2727 841 2758 nunquam
859 2715 1021 2748 communi-

245 2806 276 2836 ω
288 2806 374 2838 Joan.
392 2815 473 2844 xvul,
489 2806 539 2838 23.
582 2807 638 2838 501
655 2807 732 2838 Petr.
749 2816 780 2839 lt.
797 2806 846 2838 ‘22.

889 2806 913 2826 δι
931 2804 1029 2836 Matth.
1046 2810 1104 2838 xix,
1124 2800 1168 2831 1-2.

1059 1553 1204 1590 Quocirca
1215 1559 1243 1585 et
1255 1560 1380 1586 vestram
1394 1555 1567 1586 charitatem
1578 1555 1615 1586 de
1624 1556 1678 1586 hoc
1690 1556 1801 1587 certius
1812 1566 1879 1587 eru-

1059 1599 1123 1629 dire
1147 1599 1259 1635 volens,
1277 1604 1306 1630 et
1322 1600 1387 1630 illas
1402 1602 1452 1638 qui
1469 1600 1508 1630 ita
1524 1599 1615 1630 locuti
1639 1609 1706 1640 sun,
1736 1605 1877 1641 tanquam

1060 1648 1220 1683 przesentes
1242 1644 1434 1684 compellans,
1453 1644 1686 1684 percuntandum
1702 1647 1800 1675 statui.
1821 1645 1877 1677 Di-

1060 1688 1116 1718 cite
1133 1688 1217 1725 mihi,
1229 1688 1298 1718 boni
1309 1689 1374 1726 viri,
1385 1698 1437 1719 cur
1448 1689 1503 1719 hoc
1519 1689 1582 1719 ﬁeri
1595 1689 1724 1729 nequit?
1736 1690 1816 1730 quia,
1833 1690 1877 1720 in-

1061 1732 1174 1771 quiunt,
1193 1732 1244 1763 alii
1259 1732 1379 1772 quidem
1397 1733 1535 1773 propensi
1560 1743 1595 1764 ac
1616 1733 1716 1764 faciles
1737 1733 1773 1764 ad
1790 1743 1876 1764 com-

1061 1776 1250 1816 punctionem
1264 1782 1343 1813 sunt,
1357 1777 1406 1807 alii
1422 1777 1507 1817 duro,
1524 1777 1571 1807 slii
1587 1777 1701 1817 lapideo
1717 1777 1877 1818 corde,qui

1061 1820 1148 1851 etiam
1172 1821 1273 1861 puncti
1296 1831 1353 1851 non
1376 1826 1625 1862 compunguntur.
1656 1822 1711 1858 Qui
1728 1822 1817 1862 igitur
1836 1823 1878 1853 ita

1060 1869 1127 1895 sunt
1140 1866 1324 1904 comparati?
1345 1866 1394 1906 qui
1406 1867 1478 1896 ﬂere
1489 1867 1641 1906 etlugere,
1655 1871 1682 1896 et
1698 1876 1763 1896 cum
1781 1867 1872 1906 lacry-

1060 1909 1115 1939 mis
1130 1918 1250 1948 semper
1268 1911 1488 1941 communicare
1509 1911 1668 1950 poterunt?
1684 1910 1761 1946 Quin
1777 1915 1805 1941 et
1820 1911 1879 1950 ipsi

1059 1953 1247 1991 sacerdotes,
1277 1954 1326 1994 qui
1354 1953 1453 1985 divino
1483 1954 1701 1994 incruentaque
1730 1955 1877 1986 sacriﬁcia

1059 2002 1231 2038 operantur,
1245 1998 1391 2038 quomoda
1403 1999 1547 2039 lacrymas
1558 1999 1696 2029 fundent?
1707 1998 1806 2038 Ipsum
1819 1999 1876 2039 igi-

1060 2046 1106 2072 tur
1115 2042 1180 2078 hoc,
1194 2052 1259 2074 esse
1270 2043 1369 2078 duros,
1386 2048 1415 2073 ut
1430 2043 1554 2077 dixistis,
1565 2048 1595 2074 et
1609 2043 1645 2074 ad
1666 2044 1874 2083 compunctio-

1060 2095 1127 2117 nem
1141 2087 1260 2118 difﬁcile
1274 2087 1440 2128 permoveri
1455 2088 1534 2118 unde
1545 2087 1617 2128 ipsis
1627 2087 1733 2118 accidit
1745 2091 1759 2118 ἲ
1774 2087 1875 2126 dicite,

1031 2143 1050 2167 ι)
1061 2131 1085 2161 si
1101 2131 1204 2162 nostis.
1223 2131 1253 2162 Si
1264 2131 1415 2172 ignoratis,
1429 2132 1579 2171 paululum
1602 2131 1809 2163 celsitudinem
1825 2141 1876 2163 ve-

1060 2179 1152 2205 stram
1181 2175 1254 2206 citra
1279 2177 1457 2206 verecundia
1482 2176 1703 2216 submittentes,
1722 2180 1751 2206 et
1774 2185 1876 2208 aurem

1061 2218 1202 2250 benevole
1217 2219 1403 2258 inclinantes,
1418 2230 1454 2251 ne
1465 2230 1499 2251 ex
1513 2230 1558 2251 me
1569 2221 1671 2251 intimo
1683 2221 1798 2252 discere
1807 2230 1877 2260 gra-

1061 2264 1179 2294 vemini.
1207 2263 1354 2305 Scriptum
1371 2270 1415 2296 est
1429 2266 1508 2296 enim
1525 2276 1532 2297 :
1549 2265 1588 2297 Si
1599 2270 1702 2297 autem
1726 2269 1877 2306 pastrema

1061 2308 1223 2340 revelatum
1237 2313 1292 2349 est,
1308 2310 1428 2349 primus
1441 2310 1528 2342 sileat
1542 2310 1582 2339 52.

1101 2352 1185 2384 Unde
1212 2352 1311 2392 igitur,
1333 2354 1442 2394 inquis,
1476 2355 1523 2386 hic
1548 2354 1668 2395 quidem
1694 2354 1798 2391 durus,
1829 2355 1878 2386 hic

1060 2403 1156 2429 autem
1171 2398 1206 2429 ad
1223 2399 1481 2439 compunctionem
1502 2399 1621 2429 mo‘lis?
1637 2398 1723 2429 Audi.
1746 2397 1785 2428 Ex
1806 2408 1877 2438 pro-

1061 2443 1166 2483 positio
1179 2443 1363 2474 etvoluntate
1380 2453 1453 2474 unus
1469 2443 1633 2479 bona,altt-r
1645 2443 1732 2482 mala,
1743 2447 1771 2472 et
1784 2452 1818 2472 ex
1832 2452 1880 2473 co-

1060 2487 1249 2527 gitationibus
1263 2487 1309 2518 hic
1320 2487 1439 2526 quidem
1453 2487 1559 2527 pravis,
1569 2487 1645 2517 alius
1662 2496 1729 2517 vero
1741 2486 1878 2517 aliusma-

1062 2532 1110 2562 di:
1128 2537 1156 2562 et
1167 2542 1201 2563 ex
1214 2532 1388 2568 actionibus,
1402 2531 1448 2561 hic
1461 2531 1578 2571 quidem
1597 2531 1688 2561 divini
1705 2530 1814 2561 amoris
1827 2531 1876 2561 in-

1062 2576 1188 2613 dicihus,
1205 2576 1255 2606 ille
1266 2585 1333 2606 vero
1343 2575 1509 2606 contrariis.
1527 2577 1570 2607 Ac
1582 2575 1606 2606 si
1618 2576 1723 2616 placat,
1740 2575 1880 2606 conside-

1064 2631 1106 2658 ra,
1118 2625 1146 2651 et
1157 2620 1269 2650 videbis
1289 2629 1394 2650 omnes
1413 2619 1680 2660 indeaprimordio
1700 2619 1880 2650 saeculorum

1064 2675 1118 2706 per
1129 2666 1190 2696 sola
1199 2672 1226 2695 et
1240 2665 1293 2695 tria
1304 2665 1408 2704 partim
1422 2665 1528 2696 multos
1539 2674 1573 2695 ex
1585 2665 1642 2695 han
1657 2673 1671 2693 s
1689 2663 1790 2701 malos,
1809 2673 1879 2704 par-

1065 2711 1116 2742 tim
1129 2710 1236 2740 multos
1248 2720 1281 2740 ex
1292 2709 1374 2740 malis
1389 2709 1466 2740 bona
1480 2709 1636 2740 exstitisse.
1649 2709 1720 2740 Nam
1736 2714 1791 2739 uta
1801 2709 1879 2748 prin-

1211 2800 1242 2825 52
1257 2799 1268 2830 Ι
1283 2798 1349 2830 Cor.
1368 2807 1427 2835 le,
1442 2798 1491 2829 30.
