1978 3078
77 165 142 198 481

785 170 927 203 ORATIO
947 172 1074 203 XXXII.

1715 175 1774 208 489

77 231 167 272 cipio
185 242 237 263 eos
252 242 474 274 enumeremus,
494 233 622 265 Luciferi
632 244 716 266 casus
727 237 806 268 unde
818 238 906 268 exsti-
918 240 938 264 A
950 235 1130 276 imperatur:
1144 236 1196 268 sed
1213 241 1351 278 prompte
1366 242 1509 278 praestans
1525 238 1652 281 singula,
1671 245 1770 281 postre

81 277 122 307 tit
136 277 150 307 ’ἰ
168 286 269 307 nonne
282 278 351 317 quia
365 278 518 315 voluntati,
536 283 565 309 et
580 280 752 319 cogitationi
768 291 915 321 perversae

83 322 244 353 assensit?
259 322 343 353 Unde
367 322 437 354 Cain
466 322 616 354 fratricida
627 325 641 354 ‘3
664 335 764 357 nonne
778 335 812 357 ex
829 336 916 367 prava

84 366 259 403 voluntate,
277 377 345 396 cum
360 376 392 398 se
412 367 564 398 Conditori
586 369 772 408 praetulisset,
788 375 817 401 et
829 366 914 411 cogi-

86 411 257 441 tationibus
280 411 425 451 improbis
454 412 552 443 locum
581 413 770 454 reliquisset,
799 415 917 447 invidias

86 455 277 495 mancipium
303 456 406 493 evasit,
431 456 601 497 caedemque
621 459 819 498 perpetravit?
834 460 917 492 Unde

87 498 164 529 Saul
179 501 330 539 qurerebat
346 499 486 531 Davidem
503 503 769 542 comprehendere,
791 508 820 534 et
835 505 916 536 occi-

87 543 179 580 dere,
196 553 286 584 quem
303 545 383 583 prius
398 545 499 585 quanti
515 547 647 586 seipsum
668 547 803 588 faciebat,
822 549 916 589 pluri-

90 597 249 628 mumque,
262 594 293 619 ut
310 589 385 620 bene
401 594 578 627 merentem,
593 592 754 631 diligebat?
768 603 800 624 ex
815 598 917 625 natura

89 641 131 662 an
151 641 186 662 ex
203 638 340 673 corrupta
355 634 524 665 voluntate?
540 636 660 675 planum
677 641 734 675 «st,
752 647 786 668 ex
799 638 914 676 vitiosa,

91 683 123 709 et
141 679 300 719 depravata
315 681 474 712 voluntate.
487 681 596 712 Natura
608 683 686 713 enim
701 693 787 714 nemo
803 688 848 715 est
859 695 916 715 ma-

91 723 155 763 lus,
167 725 304 763 quoniam
322 725 401 755 Deus
417 735 475 756 non
489 727 645 764 malorum,
658 727 709 758 sed
722 729 805 760 valde
820 730 915 760 hono-

90 775 162 796 rum
175 777 297 807 operum
309 773 419 806 auctor,
435 773 463 799 et
474 770 597 801 effector
605 775 660 803 est.
678 771 739 802 [mo
753 774 850 812 potius
867 774 917 804 bo-

92 820 153 856 nus
170 817 216 842 est
232 812 369 853 quisque,
389 813 478 854 idque
505 825 561 845 non
585 816 679 846 ascitu
702 821 730 847 et
756 818 915 856 electione,

92 855 148 886 sed
169 859 284 892 natura,
307 862 335 887 et
351 859 482 890 veritate.
505 860 548 890 Ad
565 860 638 897 haec,
663 862 740 892 unde
755 862 829 892 latro
843 863 918 894 alter

94 907 167 930 cum
189 900 314 932 Domino
334 901 406 934 Jesu
432 903 591 935 cruciﬁxus
611 905 728 936 dicebat
746 916 753 938 :
770 906 807 938 Si
821 908 918 938 Filius

96 943 205 992 Peies,
222 945 306 976 salva
317 948 514 988 temetipsum,
525 953 550 979 et
560 958 626 986 nos;
639 950 714 980 alter
726 959 795 982 vero
811 960 916 992 repre-

94 988 239 1020 hendens
254 991 444 1022 occurrebat:
457 991 562 1032 Neque
574 997 605 1024 tu
615 996 702 1024 times
716 994 832 1026 Deum:
844 988 917 1027 nam

94 1041 154 1063 nos
165 1034 287 1073 quidem
299 1035 394 1074 digna
413 1037 504 1075 factis
516 1038 600 1076 juste
612 1039 783 1078 recipimus,
799 1040 848 1070 hic
859 1049 915 1070 au-

97 1079 159 1108 tem
170 1078 248 1109 nihil
263 1079 434 1119 maligessit
443 1080 585 1112 53.Velim
596 1082 668 1113 mihi
680 1083 770 1121 dicas,
780 1084 858 1114 unde
868 1085 916 1115 hic

97 1121 222 1169 quidem
234 1123 346 1169 is-thac,
359 1124 409 1155 ille
420 1134 488 1155 vero
497 1125 553 1156 alia
568 1126 695 1164 locutus,
714 1134 742 1158 et
758 1138 833 1159 unus
847 1129 915 1169 qui-

98 1164 170 1195 dem
190 1166 380 1206 justificatus,
405 1169 479 1199 alter
503 1170 718 1202 condemnatus
733 1172 801 1202 est?
818 1164 917 1203 nonne

99 1221 135 1242 ex
151 1212 310 1257 voluntate,
324 1219 351 1245 et
363 1215 591 1255 cogitationibus
602 1221 735 1257 uterque,
750 1227 826 1249 unus
836 1228 917 1249 nem-

98 1265 137 1296 pe
163 1256 259 1296 bonis,
282 1259 355 1289 alter
376 1264 478 1291 contra
493 1260 600 1292 malis?
614 1262 657 1293 Ex
675 1256 721 1292 his
741 1263 820 1293 enim
845 1263 919 1294 alter

99 1300 242 1340 inﬁdelis,
263 1303 337 1334 alter
352 1304 449 1335 fidelis
463 1305 602 1338 dicebat:
617 1309 763 1338 Memento
783 1311 840 1338 mei
853 1308 916 1339 Do-

101 1347 196 1383 mine,
216 1356 282 1378 cum
298 1350 417 1380 veneris
432 1350 464 1380 in
479 1359 606 1390 regnum
617 1354 700 1382 tuum
714 1353 754 1381 5t.

141 1390 178 1422 Ut
192 1391 265 1423 alios
284 1393 452 1433 complures
478 1395 596 1426 silentio
620 1401 803 1435 praeteream,
821 1407 857 1428 ex
874 1398 919 1429 bis

100 1435 170 1483 quid
188 1436 273 1483 velim
291 1439 450 1478 perceptis,
463 1443 491 1469 et
503 1439 660 1479 didicistis,
677 1451 919 1483 unumquemque

100 1480 260 1511 voluntatis
282 1491 342 1513 suae
365 1483 502 1514 libertate
526 1488 575 1514 aut
599 1485 635 1516 ad
660 1480 918 1526 compunctionem

101 1534 295 1579 propensum,
309 1527 518 1579 .ethhumilem,
536 1533 586 1559 aut
609 1530 676 1560 duri
695 1531 805 1568 cordis,
822 1537 852 1563 et
866 1541 948 1579 su-C

103 1569 228 1608 perbum
252 1571 327 1602 ﬁeri.
346 1571 382 1603 Et
408 1573 526 1611 merito,
551 1573 673 1605 Duobus
697 1575 776 1606 enim
791 1576 839 1607 hic
853 1576 918 1607 vitae

100 1615 350 1653 renuntiantibus,
368 1616 504 1655 ejusdem
527 1618 609 1656 artis,
634 1620 775 1658 cognatis,
800 1621 916 1658 coaevis,

103 1658 261 1698 aliquando
288 1660 376 1691 etiam
398 1661 549 1697 fratribus,
568 1663 719 1703 cordibus,
747 1665 868 1695 moratis
881 1666 917 1695 ad

102 1703 240 1734 eumdem
258 1705 388 1742 modum,
403 1706 688 1747 improbisinquam,
700 1708 918 1748 asperis,mise-

101 1747 288 1789 rerinesciis,
302 1749 482 1787 crudelibus,
499 1750 595 1781 carnis
610 1757 640 1782 et
656 1751 789 1791 pecuniae,
801 1753 917 1783 studio-

102 1791 153 1826 sis,
185 1797 212 1823 et
235 1793 265 1823 in
291 1794 372 1824 omni
400 1804 510 1834 genere
541 1796 742 1835 perversitatis
768 1797 919 1837 aequaliter

103 1837 280 1877 exercitatis,
295 1842 323 1868 et
338 1838 367 1869 in
381 1839 509 1870 Stadium
524 1840 589 1870 vitae
602 1844 722 1876 sanctae,
740 1850 774 1871 ac
791 1842 841 1871 Dei
853 1842 917 1872 cul-

104 1880 144 1911 tui
156 1886 335 1913 consecrataa
348 1884 438 1914 simul
450 1884 697 1923 ingredientibus,
711 1894 788 1915 unus
798 1885 916 1916 illorum

104 1926 234 1956 omnium
250 1929 389 1957 virtutum
415 1928 552 1958 semitam
568 1928 656 1958 simul
672 1929 764 1959 calcat
778 1929 916 1967 feliciter,

103 1968 220 2000 fervore
235 1971 416 2011 exsequendi
439 1973 539 2003 omnia
559 1972 627 2002 vitia
648 1977 803 2011 amputans
820 1983 826 2005 ε
844 1974 919 2005 alter

106 2014 199 2053 pejor,
216 2024 301 2054 quam
324 2020 391 2047 ante
410 2017 659 2048 renuntiationem
679 2021 752 2057 erat,
778 2018 916 2049 efﬁcitur.

106 2058 178 2093 Quid
195 2068 263 2098 ergo
281 2065 336 2097 est,
354 2063 431 2101 quod
447 2071 505 2092 non
521 2071 604 2102 aeque
619 2062 734 2093 virtutis
758 2063 919 2102 funguntur

106 2112 238 2142 munere,
255 2106 504 2145 quemadmodum
520 2116 635 2137 summa
657 2107 793 2138 vitiorum
810 2107 919 2147 pariter

105 2150 309 2190 contigerant?
333 2151 437 2183 Nonne
463 2154 600 2193 quoniam
630 2153 705 2184 alter
734 2153 857 2185 consilio
883 2163 918 2185 ac

106 2195 253 2226 voluntate
276 2196 361 2228 bonae
384 2199 490 2228 animae
513 2198 612 2229 omnia
637 2198 800 2229 secundum
824 2200 918 2230 Deum

107 2239 199 2270 tristia
215 2241 329 2278 tolerat,
348 2246 378 2273 et
394 2242 518 2283 insuper
532 2243 568 2273 ab
583 2242 648 2283 ipso
664 2243 812 2282 ingressu,
824 2248 852 2274 et
866 2253 917 2274 re-

107 2284 286 2316 nuntiatione
298 2287 462 2326 prudenter
477 2286 587 2317 divinis
602 2286 765 2327 Scripturis
780 2297 813 2318 se
824 2288 916 2327 dedit,

107 2332 134 2359 et
150 2338 202 2369 per
214 2339 257 2370 se,
274 2340 387 2372 suaque
403 2336 510 2372 sponte
530 2332 666 2371 probatas
681 2332 812 2363 actiones
836 2333 917 2371 eligit

105 2374 308 2413 religiosorum
325 2377 477 2407 hominum
494 2376 593 2417 vitam,
607 2380 635 2407 et
651 2386 746 2408 mures
759 2377 918 2408 adimitan-

106 2418 174 2449 dum
199 2419 256 2450 sibi
279 2430 438 2461 propones,
462 2426 491 2451 et
514 2431 580 2452 cum
604 2421 676 2461 ipsis
691 2421 720 2452 in
734 2421 869 2461 jejuniis,
887 2422 918 2453 in

107 2464 253 2503 precibus,
271 2465 301 2495 in
317 2465 587 2503 observationibus,
604 2465 634 2495 in
650 2465 779 2502 silentio,
796 2466 826 2496 in
840 2475 918 2497 com-

108 2509 275 2550 punctione,
293 2514 321 2540 et
334 2509 480 2550 lacrymis,
493 2510 522 2540 in
535 2509 714 2541 abstinentia
724 2510 917 2542 delicatarum

108 2552 271 2592 epularum,
296 2558 325 2585 et
350 2554 624 2594 intempestivorum
645 2554 871 2594 colloquiorum,
888 2556 918 2586 in

107 2596 243 2636 fugienda
257 2599 514 2637 excandescentia,
534 2598 590 2639 ira,
608 2603 637 2630 et
656 2599 796 2638 clamore,
813 2605 916 2639 certat,

107 2642 239 2682 injurias,
262 2643 478 2684 tribulationes,
496 2647 525 2674 et
542 2643 676 2682 angustia
697 2643 844 2684 patienter
865 2655 918 2676 su-

108 2687 228 2725 stinens,
243 2687 313 2719 vilia
327 2692 356 2719 et
370 2688 541 2728 ahjectiora,
553 2697 676 2729 Operam
692 2689 769 2719 ultro
784 2689 919 2731 subiens,

110 2741 165 2763 non
180 2733 398 2772 contradicens,
418 2737 468 2764 aut
493 2742 693 2775 murmurans,
717 2743 784 2766 cum
806 2734 834 2765 ei
849 2734 920 2775 quid

955 290 1035 311 mum
1050 290 1170 322 semper
1185 282 1281 312 locum
1294 292 1440 323 quaerens,
1453 287 1482 314 et
1493 287 1523 314 ut
1540 285 1709 316 summatim
1725 285 1773 316 di-

955 334 1031 365 cam,
1053 325 1190 356 universa
1216 327 1346 358 scienter
1374 327 1516 364 efﬁciens,
1545 337 1610 368 qua;
1634 339 1650 359 a
1666 330 1774 361 divinis

955 369 1116 409 Scripturis
1130 369 1282 410 docemur,
1298 371 1513 410 praeteritorum
1526 376 1715 412 peccatorum
1728 383 1774 404 ve-

958 413 1047 451 niam,
1062 418 1091 444 et
1106 414 1341 446 misericordiam
1357 415 1491 456 adeptus,
1510 426 1612 447 eorum
1629 417 1689 448 Deo
1702 418 1775 449 ﬁdu-

957 459 1033 489 ciam
1048 458 1200 489 inveniat?
1220 458 1274 495 Qui
1285 464 1390 498 ,autem
1416 460 1516 490 omnia
1539 460 1585 491 bis
1613 461 1771 499 contraria,

958 503 1179 534 malavidelicet
1194 503 1270 534 mala
1291 504 1384 535 animi
1406 504 1580 535 inductione
1604 506 1772 543 committit,

958 552 1056 578 manet
1070 547 1234 588 improbus,
1247 548 1276 578 id
1292 548 1371 588 quod
1388 549 1476 579 etiam
1488 553 1555 580 ante
1569 550 1774 581 renunciatio-

959 601 1026 621 nem
1043 596 1105 622 erat
1123 603 1129 622 :
1148 597 1178 622 ut
1198 601 1235 623 ne
1255 592 1362 630 dicam,
1380 593 1468 623 etiam
1484 593 1611 632 imprior
1626 595 1666 634 fit,
1685 604 1772 634 quam

959 641 1031 667 erat.
1058 637 1100 667 lta
1130 646 1188 667 non
1213 646 1247 668 ex
1274 641 1388 677 natura,
1406 642 1437 668 ut
1459 638 1577 678 quidam
1602 638 1774 678 opinantur,

958 680 1009 711 sed
1026 690 1061 711 ex
1076 681 1223 712 voluntate
1249 686 1354 721 sponte
1379 687 1514 722 surcepta
1538 682 1662 722 quilibet
1687 683 1775 714 homo

958 724 1018 754 sive
1035 725 1165 763 humilis,
1184 729 1212 756 et
1226 727 1262 756 ad
1275 726 1533 766 compunctionem
1547 726 1696 766 proclivis,
1714 728 1775 758 sive

958 769 1050 800 durus
1078 770 1179 807 corde,
1209 774 1239 800 et
1268 775 1422 809 exaacatus,
1450 776 1480 801 et
1508 780 1524 802 a
1546 772 1775 811 compunctione

958 813 1072 844 alienus
1084 814 1189 844 evadit.

929 877 948 902 Β
999 857 1141 894 Quoniam
1155 859 1234 889 enim
1247 858 1346 896 modo,
1358 869 1456 900 quaeso
1473 863 1512 897 te,
1527 860 1626 891 animo
1641 860 1775 891 dolorem

959 903 1118 942 concipiet,
1137 907 1165 933 et
1182 903 1293 934 rorabit
1309 904 1462 944 lacrymas,
1481 904 1531 944 qui
1546 907 1606 935 toto
1621 904 1715 935 ferme
1727 905 1775 936 die

959 948 1016 979 huc
1029 948 1099 979 illuc
1115 949 1264 989 divagans,
1288 959 1386 990 neque
1409 949 1599 990 precationis,
1622 959 1719 990 neque
1732 951 1774 981 si-

958 993 1052 1030 lentii,
1071 1003 1167 1033 neque
1182 994 1330 1030 lectionis,
1356 998 1384 1024 et
1399 993 1507 1034 quietis
1531 1003 1601 1024 cura
1623 995 1772 1034 tangitur:

958 1037 1009 1067 sed
1037 1047 1252 1078 nonnunquam
1278 1047 1343 1068 cum
1368 1038 1509 1078 proximis
1532 1038 1563 1068 in
1582 1039 1776 1070 conventibus

957 1081 1114 1120 fabulatur,
1128 1091 1186 1113 non
1198 1082 1292 1113 solum
1309 1083 1512 1123 seipsum,sed
1524 1087 1551 1113 et
1562 1092 1773 1124 congerrones,

958 1125 1082 1157 utilitate
1095 1126 1235 1167 privans;
1253 1136 1464 1168 nonnunquam
1481 1127 1648 1165 calumniis,
1665 1131 1693 1158 et
1704 1136 1775 1168 pro-

959 1170 1020 1202 bris
1042 1171 1196 1211 religiosos
1216 1171 1332 1207 fratres,
1348 1181 1570 1212 nonnumquam
1586 1172 1683 1211 ipsum
1699 1180 1776 1212 prm-

960 1215 1085 1256 positum
1101 1215 1288 1246 insectatur?
1302 1216 1387 1247 Unde
1402 1217 1661 1256 compunctionom
1672 1215 1777 1256 acqui-

958 1264 1015 1298 ret,
1035 1260 1083 1300 qui
1096 1269 1143 1291 res
1151 1270 1255 1292 omnes
1268 1260 1509 1298 nionasterii,nec
1519 1261 1779 1297 monaSIerii,dun-

960 1309 1047 1343 taxat,
1064 1305 1115 1336 sed
1137 1306 1371 1345 uniuscujusque
1392 1305 1513 1345 insuper
1536 1314 1632 1335 mores
1655 1305 1774 1336 curiose

959 1354 1117 1390 scrutatur,
1131 1349 1301 1388 et_indigat?
1312 1349 1346 1380 Et
1361 1349 1517 1389 aliquando
1534 1350 1654 1390 quidem
1671 1350 1777 1381 fratres

959 1394 1102 1434 quosdam
1114 1394 1277 1435 alloquens,
1289 1395 1343 1424 hoc
1356 1399 1384 1424 et
1401 1395 1457 1424 hoc
1469 1394 1545 1431 heri,
1566 1395 1670 1435 inquit,
1689 1395 1775 1425 audi-

960 1438 998 1469 vi.
1014 1438 1192 1479 Aliquando,
1213 1439 1288 1468 scin’
1313 1438 1383 1479 quid
1408 1438 1452 1468 illi
1474 1438 1584 1468 misero
1609 1438 1776 1470 acciderit?

961 1491 1149 1523 rursumque,
1167 1482 1312 1523 nunquid,
1329 1483 1408 1513 illius
1423 1482 1625 1513 calamitatem
1644 1482 1775 1513 audivis-

961 1528 1020 1560 tis?
1045 1527 1222 1568 Hujusmodi
1253 1528 1340 1558 homo
1369 1527 1487 1568 quando
1512 1527 1631 1558 tandem
1654 1537 1775 1558 suorum

961 1577 1147 1613 peccatorum
1160 1572 1376 1610 recordabitur,
1390 1572 1536 1609 utdoleat,
1548 1575 1580 1602 ut
1590 1572 1619 1602 in
1633 1572 1778 1612 lacrymas

960 1617 1021 1647 eat?
1031 1617 1085 1654 Qui
1101 1627 1189 1658 porro
1202 1617 1290 1648 etiam
1307 1626 1322 1648 e
1337 1616 1442 1657 Synaxi
1469 1625 1619 1657 egressus,
1642 1616 1712 1647 dum
1734 1616 1776 1647 ibi

960 1662 1117 1702 Scripturze
1131 1661 1238 1692 divina
1257 1661 1430 1699 recitamur,
1446 1661 1606 1701 longeque,
1622 1665 1671 1691 aut
1684 1670 1777 1701 prope

960 1707 1077 1739 sedens.
1105 1717 1171 1737 cum
1196 1706 1343 1747 aliquibus
1364 1715 1531 1737 sermonem
1555 1705 1670 1746 miscet,
1697 1715 1776 1737 nunc

959 1751 1021 1791 illo,
1049 1761 1127 1782 nunc
1151 1751 1216 1782 aliis
1232 1754 1354 1782 eventus
1373 1751 1518 1790 quosdam
1537 1750 1601 1780 sine
1622 1749 1719 1781 fructu
1745 1750 1775 1781 in

960 1795 1089 1826 medium
1103 1795 1306 1836 afferentibus,
1319 1795 1416 1835 itaque
1423 1793 1602 1831 dicentibus,
1615 1794 1696 1824 scitis
1706 1794 1776 1834 quid

959 1839 999 1869 illi
1026 1839 1106 1870 fratri
1127 1839 1304 1880 praepositus
1327 1839 1455 1869 fecerit?
1481 1839 1530 1869 hic
1549 1839 1588 1868 ita
1604 1838 1732 1877 excipit:
1749 1838 1776 1868 si

959 1884 1041 1915 vobis
1055 1894 1224 1920 narravero,
1241 1883 1387 1924 quemodo
1403 1883 1553 1914 infelicem
1569 1883 1652 1913 illum
1665 1882 1775 1914 habue-

959 1929 1008 1967 rit,
1025 1929 1094 1969 quid
1112 1928 1241 1960 dicetis?
1259 1929 1309 1959 Sic
1325 1928 1403 1965 talia,
1420 1931 1449 1958 et
1473 1927 1519 1958 his
1541 1927 1689 1958 deteriora
1704 1936 1774 1966 gar-

959 1973 1050 2010 riens,
1061 1977 1091 2004 et
1103 1978 1223 2013 propter
1232 1983 1322 2013 nugas
1333 1971 1501 2004 istiusmodi
1511 1971 1584 2002 alios
1596 1972 1774 2011 impediens,

959 2021 988 2048 et
1002 2017 1064 2057 ipse
1079 2017 1249 2058 impeditus,
1268 2017 1385 2057 quando
1398 2016 1428 2047 in
1444 2015 1656 2047 conscientiam
1673 2025 1777 2056 pecca-

959 2066 1054 2092 torum
1079 2071 1201 2093 suorum
1225 2061 1398 2098 descendet,
1422 2070 1457 2091 ac
1480 2060 1609 2100 seipsum
1630 2059 1778 2091 deflebit?

958 2105 1013 2142 Qui
1029 2106 1107 2136 enim
1125 2106 1265 2136 divinitus
1279 2104 1431 2146 inspiratis
1448 2104 1637 2135 sermonibus
1654 2113 1712 2134 non
1728 2107 1776 2135 at-

929 2151 1065 2200 Dtendit,
1082 2160 1137 2182 nec
1153 2150 1259 2182 ostium
1286 2149 1516 2181 circumstantia:
1535 2148 1620 2179 labiis
1643 2148 1704 2179 suis
1720 2158 1775 2199 po-

960 2196 1066 2233 suit55,
1078 2205 1135 2227 nec
1151 2196 1186 2227 ab
1201 2195 1352 2226 auditione
1377 2203 1448 2224 vana
1473 2202 1561 2224 aures
1576 2202 1644 2224 suas
1659 2193 1777 2234 avertit,

960 2250 1015 2271 nec
1029 2241 1108 2272 illius
1119 2241 1230 2272 ultimm
1243 2238 1458 2280 responsionis,
1471 2245 1501 2269 et
1515 2237 1658 2269 terribilis
1668 2238 1778 2269 Christi

960 2285 1127 2323 tribunalis,
1144 2285 1292 2325 quomodo
1308 2284 1391 2322 nudi,
1409 2287 1437 2314 et
1459 2283 1575 2314 obtorto
1595 2282 1675 2313 velut
1697 2282 1775 2314 collo

961 2332 1045 2362 tracti
1058 2339 1163 2361 omnes
1179 2330 1206 2360 ei
1217 2334 1313 2360 astare
1328 2328 1483 2366 debemus,
1499 2332 1527 2359 et
1537 2328 1574 2358 de
1583 2327 1671 2358 rebus
1683 2327 1778 2358 invita

959 2374 1115 2406 transactis
1130 2374 1278 2406 rationem
1291 2373 1430 2413 reddere,
1452 2374 1501 2413 qui
1517 2373 1622 2403 borum
1643 2372 1776 2412 inquam,

958 2429 1017 2450 non
1034 2419 1180 2456 meminit,
1204 2429 1262 2460 quo
1278 2422 1375 2458 pacto,
1392 2418 1498 2448 amabo
1520 2418 1545 2447 si
1567 2418 1634 2457 plus
1658 2421 1778 2448 centum

958 2473 1054 2495 annos
1070 2463 1218 2494 viveretin
1228 2463 1330 2494 habitu
1343 2462 1506 2493 monastico
1521 2462 1664 2502 lacrymas
1674 2461 1778 2501 acqui-

958 2513 1015 2550 rat,
1029 2513 1058 2540 et
1072 2510 1205 2549 seipsum
1222 2507 1334 2539 fervide
1349 2506 1471 2547 lugeat?
1486 2506 1639 2543 Quomodo
1652 2505 1702 2546 qui
1721 2505 1779 2546 pri-

960 2563 1024 2585 mos
1051 2553 1169 2585 affectat
1195 2552 1225 2583 in
1254 2552 1379 2583 statione
1406 2551 1558 2589 Ecclesiae,
1585 2551 1617 2581 in
1640 2550 1779 2582 accubitu

959 2607 1082 2639 mensae,
1096 2602 1125 2629 et
1137 2606 1227 2638 super
1238 2597 1284 2628 his
1295 2605 1415 2637 semper
1423 2595 1586 2634 contendit,
1594 2595 1777 2635 rixaturque,

959 2643 1119 2684 aliquando
1136 2648 1257 2683 propter
1271 2641 1400 2672 animam
1415 2650 1497 2672 suam
1511 2639 1779 2684 contristabitur,et

961 2682 1060 2720 coram
1091 2682 1152 2719 Deo
1178 2682 1293 2718 amaras
1316 2685 1445 2716 solvetur
1472 2685 1503 2716 in
1527 2683 1694 2724 lacrymas?
1723 2682 1780 2719 Qui

960 2736 1059 2765 autem
1076 2731 1282 2764 excusationes
1300 2733 1420 2762 excusat
1431 2729 1462 2760 in
1477 2728 1608 2769 peccatis
1621 2727 1664 2766 50,
1680 2727 1778 2759 imbe-

145 2817 170 2839 ⁵³
184 2818 257 2850 Luc.
272 2825 343 2856 xxii,
359 2818 410 2859 39,
425 2817 474 2850 40.
516 2818 549 2844 δι
563 2817 639 2850 Ibid.
655 2819 706 2851 42.
747 2819 780 2845 55
792 2817 870 2851 Psal.
885 2826 917 2850 cx

968 2819 999 2851 3.
1040 2817 1072 2843 ⁵6
1085 2816 1162 2849 Ibid.
1176 2816 1208 2847 4.
