1978 3078
208 133 269 166 483
850 132 1017 166 SYMEONI

1062 132 1238 166 JUNIORIS
1833 137 1896 170 484

207 202 348 234 cilitatem
364 201 510 243 objiciens
524 201 694 233 instatiOne
716 200 870 239 Ecclesiae,
892 210 959 232 cum
977 210 1027 232 ro-
1040 199 1162 238 Alibus,
1180 204 1337 243 antequam
1354 211 1387 234 se
1404 202 1597 243 subjecerint,
1624 207 1654 235 et
1678 203 1709 234 in
1733 212 1824 244 opere
1841 203 1897 236 Dei

211 248 316 279 bustus
331 247 379 285 sit,
393 248 541 288 plenoque
552 255 585 279 ac
592 247 719 288 juvenili
733 256 868 287 corpore,
880 250 909 277 et
919 256 950 277 se
961 255 1028 277 cum
1070 244 1243 282 laborarint,
1269 256 1303 277 ac
1328 247 1474 284 sudarint,
1500 248 1634 288 corporis
1657 248 1892 279 imbecillitatem

209 291 444 331 religiosioribus
473 291 627 323 monachis
641 301 675 322 ac
689 291 840 327 fratribus,
859 291 908 331 qui
923 290 1028 321 admo-
1070 290 1532 331 praetendentes,abeunt,stant,
1545 292 1723 332 innituntur,
1735 293 1892 323 utdictum

208 336 278 367 dum
294 336 344 367 diu
363 336 393 366 in
415 335 599 376 professione
621 336 686 367 vitae
708 335 878 366 monasticae
898 335 1026 366 desuda-
1070 338 1125 374 est,
1137 344 1204 365 cum
1219 334 1267 375 iis,
1282 335 1333 375 qui
1346 336 1454 366 multos
1469 337 1530 376 jam
1544 337 1660 368 labores
1675 338 1890 368 exhauserunt.

207 384 287 420 runt,
304 376 479 420 comparans
495 380 585 411 dicit:
600 380 675 411 Num
695 389 748 420 ego
768 380 928 420 quidquam
945 379 1026 416 huic,
1069 378 1139 409 Etsi
1153 379 1303 419 proximus
1314 379 1450 420 cuiquam
1464 381 1568 412 horum
1581 382 1708 413 dixerit:
1724 383 1889 421 Ingredere

206 429 257 456 aut
271 424 340 455 huic
355 425 502 461 concedo,
519 424 588 464 quia
602 425 653 455 ille
668 428 748 455 stans
759 423 918 454 innititur?
930 427 960 454 et
971 422 1031 454 abit
1070 422 1162 453 frater
1176 423 1206 454 in
1221 428 1395 454 consuetum
1413 425 1464 455 tibi
1481 426 1590 467 locum,
1613 431 1642 458 et
1663 433 1709 457 sta
1731 426 1792 457 illic
1807 426 1890 466 psal-

207 478 241 500 ac
249 469 380 509 seipsum
396 469 455 500 illis
469 469 587 506 stando,
609 473 638 500 et
655 469 809 499 innitendo
827 472 963 508 exequat,
980 467 1029 507 qui

206 513 331 544 fortasse
345 512 484 552 indignus
500 517 544 544 est
559 512 646 544 etiam
664 512 805 544 infericre
821 513 900 550 loco,
911 512 1028 552 quando

206 558 256 590 hic
270 568 354 589 suam
373 558 576 589 inﬁrmitatem
601 562 750 598 agnoscat,
767 562 799 588 ut
813 567 846 588 ex
863 557 962 588 animo
977 556 1024 587 in-

204 602 382 642 gemiscens,
407 602 498 633 corde
521 606 748 643 compungatur,
770 606 799 632 et
821 601 915 632 oculis
934 600 1027 632 ﬂeat?

205 646 288 678 Vana
309 647 420 688 quippe
434 647 529 687 gloria
543 657 612 678 eum
629 656 746 678 servum
766 646 877 677 acediae
892 646 1023 685 tradens,

206 701 266 723 non
294 692 421 732 amplius
436 692 486 722 illa
501 691 531 722 in
548 701 580 722 re
596 701 663 722 cum
689 691 831 732 patientia
861 690 1024 731 perdurare

206 735 287 767 sinit.
303 736 338 766 Et
353 735 422 766 vivit
436 735 546 767 deinde
561 736 687 776 quisque
707 735 775 767 talis
800 735 829 766 in
854 734 980 774 segnitie
996 738 1025 765 et

205 781 384 820 negligentia
406 780 442 811 ad
464 790 583 812 omnem
601 780 741 820 Synaxin,
757 779 968 812 accedentibus
987 779 1022 810 ad

1070 467 1135 497 lens
1150 477 1216 498 cum
1232 467 1382 506 fratribus,
1400 473 1484 509 potes
1495 470 1768 511 enim,respondet:
1781 470 1892 501 Exhoc

1069 510 1134 542 loco
1152 512 1292 542 attentius
1315 513 1438 544 audiens
1463 514 1571 546 melius
1593 510 1698 555 psallo,
1725 523 1813 555 quam
1840 514 1894 545 ubi

1068 560 1147 586 stare
1170 556 1323 588 consuevi.
1348 556 1432 593 Quod
1456 558 1482 588 si
1504 558 1595 589 frater
1614 559 1804 599 adjunxerit:
1825 557 1894 589 Non

1067 604 1150 639 potes
1166 600 1213 631 hic
1229 605 1322 640 stare,
1339 601 1441 640 frater,
1457 602 1530 633 citra
1545 603 1716 634 facultatem
1732 613 1749 633 a
1768 612 1890 643 praepo-

1066 643 1124 675 sito
1138 648 1239 676 nostro
1255 645 1453 684 impetratam,
1470 647 1569 677 statim
1585 647 1769 687 digrediens,
1792 647 1890 678 facul—

1068 692 1154 732 tatem
1170 693 1244 729 orat,
1263 698 1370 729 corpus
1385 689 1484 720 debile
1508 695 1538 721 et
1560 692 1712 722 inﬁrmum
1728 700 1889 732 excusans,

1066 731 1162 765 donec
1173 732 1231 763 voti
1239 742 1359 773 compos
1366 733 1426 771 ﬁat,
1435 737 1461 765 et
1476 744 1483 764 :
1496 734 1532 766 Ut
1540 736 1658 766 audiam
1670 737 1767 774 Pater,
1777 731 1887 776 inquit,

1065 778 1379 816 protocanonarcham,
1392 782 1421 809 et
1431 783 1505 809 stem
1521 779 1551 810 in
1569 780 1665 819 prima
1679 780 1817 818 statione,
1833 784 1889 811 aut

206 833 287 865 eum,
303 828 332 856 et
344 824 478 855 audienti
499 825 614 865 cupidis
631 824 803 865 frequenter
818 833 942 855 narrans
955 824 1020 854 ina-
1033 843 1053 868 Β
1064 822 1195 868 secunda
1210 831 1301 862 prope
1317 822 1411 860 illum,
1422 826 1560 854 veterano
1577 833 1680 864 parem
1699 833 1732 855 se
1757 824 1882 861 faciens,

205 878 270 907 nes,
285 873 313 899 et
325 869 418 900 aniles
431 869 554 900 fabulas.
578 870 674 910 Atque
701 871 739 899 ita
761 868 826 900 sine
841 877 944 908 sensu,
960 872 1019 905 aut,

204 916 237 944 ut
251 913 357 944 melius
373 913 468 944 dicam
482 913 548 944 sine
562 913 666 944 dolore
681 922 748 943 cum
763 912 977 952 spiritualibus,
994 916 1023 942 et

205 957 300 989 Deum
316 961 419 989 sancte
434 957 602 989 colentibus
617 957 686 988 viris
710 957 745 988 ad
772 957 886 987 divinas
899 965 1022 996 synaxes

203 1002 396 1039 conveniens,
420 1002 486 1033 sine
506 1002 602 1033 fructu
618 1002 686 1032 inde
701 1001 825 1038 recedit,
841 1001 954 1032 nullum
967 1010 1021 1040 pe-

204 1046 284 1077 nitus
297 1046 328 1077 in
349 1056 381 1078 se
396 1046 623 1078 incitamentum
639 1051 727 1087 atque
742 1046 884 1086 impetum
903 1045 939 1076 ad
956 1054 1022 1075 me-

202 1090 277 1122 liora
301 1091 470 1132 experiens,
487 1092 604 1132 qualem
620 1091 700 1122 Deus
713 1087 974 1125 contendentibus.
993 1094 1022 1120 et

201 1135 407 1166 laborantibus
423 1145 476 1176 per
490 1136 748 1176 compunctionem
760 1134 921 1165 immittere
932 1133 1018 1171 solet,

200 1183 230 1210 et
246 1180 302 1210 hoc
317 1180 425 1218 solum,
439 1184 470 1210 ut
486 1189 524 1212 ne
538 1190 555 1210 a
569 1180 731 1220 consuetis,
744 1183 772 1210 et
786 1177 966 1219 praescriptis
976 1187 1022 1217 sy-

200 1224 324 1255 naxibus
334 1224 410 1256 absit
421 1234 509 1255 mane
525 1228 606 1263 puta,
623 1229 652 1255 et
671 1224 797 1264 vesperi,
815 1227 844 1254 et
859 1223 941 1253 horis
953 1223 1020 1263 qui-

200 1268 255 1300 bus
271 1269 418 1309 psallitur,
435 1269 476 1300 ita
491 1269 677 1309 simpliciter,
694 1268 730 1299 ad
743 1267 861 1299 felicem
873 1267 904 1298 in
914 1266 1020 1297 virtute

200 1322 348 1353 pressum,
356 1317 386 1344 et
396 1313 432 1344 ad
448 1313 735 1344 consummationem
746 1315 1017 1344 consummatorum

198 1358 230 1388 in
245 1361 360 1389 atatem
377 1357 486 1389 Christi
506 1357 562 1388 sibi
587 1357 725 1388 sufﬁcere
749 1356 930 1387 existimans.
948 1354 1019 1385 Novi

199 1401 279 1432 enim
294 1402 437 1441 quosdam
453 1402 508 1432 hac
523 1401 637 1432 fallacia
646 1405 758 1442 captos,
771 1405 799 1431 et
810 1409 930 1441 operam
942 1399 1018 1430 dan-

200 1448 254 1486 tes,
271 1455 309 1476 ne
325 1447 353 1476 in
369 1450 521 1486 peccatum
547 1445 667 1486 aliquod
698 1446 829 1485 carnale,
858 1444 884 1474 si
912 1452 1019 1484 corpus

1064 866 1148 905 cujus
1158 866 1220 905 jam
1236 870 1366 906 spectata
1386 871 1455 897 sunt
1478 869 1650 900 certamina.
1665 869 1700 899 Et
1715 877 1782 900 cum
1799 878 1886 899 asse-

1063 916 1146 940 cutas
1161 910 1259 954 fuerit,
1281 910 1361 951 quod
1384 910 1487 950 voluit,
1513 921 1547 943 ex
1572 921 1607 944 eo
1631 921 1783 954 nunquam
1806 916 1888 943 stare

1063 958 1158 994 potest
1173 953 1202 984 in
1220 955 1324 985 choro.

1103 997 1244 1029 Paulatim
1262 1008 1350 1038 porro
1365 1000 1430 1030 talis
1446 1000 1476 1031 in
1488 1000 1613 1040 quodvis
1628 1001 1708 1032 aliud
1731 1002 1885 1040 negotium

1063 1051 1095 1072 se
1109 1042 1580 1083 studensimmiscere,externam
1598 1045 1737 1085 pietatem
1753 1046 1886 1083 simulat,

1063 1090 1092 1117 et
1103 1086 1270 1117 modestum
1280 1087 1421 1120 habitum.
1436 1089 1562 1120 aliorum
1576 1089 1690 1127 amicis,
1704 1089 1884 1120 illustribus-

1062 1139 1120 1171 que
1135 1131 1205 1162 viris
1219 1131 1250 1161 in
1266 1133 1477 1163 monasterium
1492 1133 1679 1165 venientibus
1690 1134 1823 1164 studiose
1835 1143 1885 1165 oc-

1063 1174 1167 1212 currit,
1182 1179 1211 1206 et
1221 1175 1256 1206 ad
1269 1185 1343 1215 quos
1353 1177 1475 1208 veniunt
1490 1179 1606 1216 fratres,
1625 1178 1744 1209 crebius
1759 1178 1833 1215 abit,
1850 1183 1885 1208 ut.

1063 1219 1092 1249 in
1109 1228 1211 1249 eorum
1228 1220 1361 1250 notitiam
1378 1221 1487 1260 veniat,
1509 1231 1626 1253 causam
1650 1226 1826 1263 praetexens,
1851 1231 1884 1253 se

1063 1272 1097 1293 ex
1113 1263 1231 1294 illorum
1249 1264 1380 1302 (fratrum
1406 1265 1530 1301 scilicet)
1546 1267 1714 1307 colloquiis,
1731 1270 1761 1297 et
1775 1266 1884 1297 divinae

1063 1307 1223 1352 Scriptura;
1246 1309 1504 1348 explanationibus
1526 1311 1682 1342 utilitatem
1710 1311 1880 1352 percipere.

1061 1351 1144 1388 Quod
1167 1352 1255 1392 igitur
1279 1362 1465 1394 consequens
1488 1359 1543 1392 est,
1569 1355 1805 1386 circumcursare
1829 1364 1884 1395 per

1061 1397 1284 1435 monasterium,
1293 1404 1322 1428 et
1334 1399 1432 1430 acella
1445 1399 1475 1429 in
1487 1399 1593 1430 cellam
1604 1401 1749 1431 ventitare
1764 1399 1881 1440 incipit,

1060 1440 1243 1481 singulisque
1258 1441 1348 1472 dicit:
1365 1443 1462 1474 Crede
1483 1444 1557 1474 mihi
1579 1443 1680 1482 frater,
1698 1444 1772 1475 adeo
1789 1448 1817 1475 te
1832 1443 1883 1474 di-

199 1484 325 1530 corpore
342 1484 555 1530 copulaverint,
573 1484 719 1522 labantur.
737 1488 774 1521 Ut
794 1484 891 1520 autem
908 1498 973 1528 quae
987 1487 1017 1519 in
1027 1505 1047 1530 ρ
1059 1484 1129 1524 ligO,
1138 1489 1170 1515 ut
1185 1495 1242 1530 quo
1254 1485 1339 1530 diete
1352 1496 1412 1517 non
1425 1487 1560 1529 viderim,
1575 1488 1625 1519 illo
1638 1497 1686 1520 me
1699 1488 1808 1519 vixisse
1819 1497 1882 1519 non

198 1534 313 1564 occulto
325 1533 360 1564 ab
377 1534 449 1574 ipsis
465 1534 549 1573 ﬁunt,
568 1538 618 1565 aut
632 1543 698 1574 qua:
716 1533 747 1564 in
762 1533 936 1565 abscondito
950 1542 1017 1564 cor-

197 1577 243 1608 dis
259 1579 425 1619 volvuntur,
437 1578 663 1619 cogitanturque
675 1577 798 1617 fugiant,
812 1586 932 1618 prorsus
942 1576 1017 1608 nihil

197 1622 281 1662 pensi
297 1622 418 1659 habere,
436 1626 466 1653 et
480 1622 631 1661 arbitrari,
647 1632 679 1654 se
695 1622 759 1653 sine
779 1622 836 1653 alio
853 1631 943 1662 opere
955 1622 1017 1653 sal-

195 1671 291 1697 vatum
307 1667 343 1697 iri
360 1672 505 1707 (precum,
520 1666 666 1707 intellige,
692 1666 815 1704 silentii,
837 1666 1014 1706 vigiliarum,

195 1711 397 1748 continentiae,
408 1712 589 1751 paupertatis
601 1710 733 1751 spiritus,
750 1710 936 1750 humilitatis)
949 1720 1016 1741 cum

195 1755 269 1791 solo,
287 1765 321 1786 ac
337 1755 465 1796 simplici
480 1756 515 1786 ad
532 1764 657 1795 synaxes
679 1763 814 1787 occursu.
832 1754 943 1786 Verum
958 1754 1015 1785 ali-

195 1802 242 1830 ter
255 1809 303 1830 res
318 1800 417 1830 habet.
435 1801 515 1831 Deus
530 1800 621 1840 enim,
638 1800 755 1840 fratres,
772 1809 832 1830 non
846 1799 882 1830 ad
896 1799 1014 1840 faciem,

193 1852 250 1874 nec
264 1843 300 1874 ad
317 1844 409 1874 solam
425 1843 603 1875 exteriorem
621 1853 736 1875 morum
751 1843 939 1881 modestiam,
963 1844 1015 1874 sed

193 1887 230 1918 ad
241 1897 292 1919 cor
303 1888 473 1927 contritum,
485 1893 513 1919 et
524 1888 711 1919 humiliatum
723 1892 752 1919 et
762 1888 906 1929 quietum,
917 1897 951 1919 ac
962 1887 1016 1919 Dei

193 1932 301 1964 timore
317 1933 437 1973 plenum
453 1933 575 1973 respicit
592 1943 599 1963 :
616 1933 716 1973 Super
730 1941 819 1973 quem
838 1933 1012 1973 respiciam,

192 1976 300 2016 inquit,
313 1978 375 2008 nisi
389 1986 480 2018 super
495 1978 608 2015 mitem,
625 1981 656 2009 et
671 1978 815 2018 quietam,
832 1981 859 2008 et
880 1981 1012 2009 tremen-

192 2024 252 2051 tem
267 2030 414 2052 sermones
429 2030 509 2053 meos
520 2022 551 2047 57
564 2022 578 2051 τ’

221 2064 307 2101 .Quid
324 2069 422 2096 autem
438 2065 475 2096 de
494 2066 531 2096 iis
546 2066 660 2107 loquar,
677 2065 739 2107 qui,
756 2066 833 2107 quod
858 2065 1013 2106 indignum

190 2114 248 2147 est,
265 2109 301 2140 ad
318 2110 492 2150 praepositos
515 2119 585 2141 suos
608 2110 731 2148 adeunt,
756 2114 843 2151 atque
865 2119 916 2141 eos
933 2110 1012 2150 peti-

191 2153 302 2184 tionem
318 2147 496 2194 ileponunt?
511 2153 545 2185 Et
557 2147 729 2195 quicunque
743 2147 947 2186 tantummodo
963 2147 1044 2185 ex-D

189 2197 292 2228 teriori
308 2197 456 2239 religioni,
473 2208 507 2229 ac
522 2198 623 2238 pietati
643 2199 716 2230 dant
735 2208 869 2239 operam,
884 2202 933 2229 aut
955 2208 1010 2239 po-

189 2241 258 2279 tius,
286 2243 337 2282 qui
359 2246 474 2273 tantum
499 2243 601 2280 lucris,
626 2243 738 2283 glorias,
763 2252 798 2274 ac
817 2243 1011 2284 praesentibus

189 2286 262 2317 solis
271 2287 398 2318 inhiant.
412 2289 518 2318 Annon
532 2296 645 2325 sumus,
657 2287 805 2328 inquiunt,
814 2287 932 2327 digniet
943 2296 1009 2325 nos,

187 2330 363 2362 honorande
380 2332 478 2372 Pater,
495 2335 527 2362 ut
543 2332 734 2370 monasterio,
752 2337 781 2363 et
795 2332 934 2363 fratribus
951 2331 1008 2363 mi-

187 2374 372 2406 nistremus?
388 2385 457 2406 num
474 2376 554 2406 solus
571 2376 619 2407 hic
635 2380 663 2407 et
688 2376 736 2407 hic
751 2376 788 2407 ad
810 2376 1008 2407 ministerium

187 2419 244 2450 hoc
254 2420 378 2451 idoneus
389 2424 445 2457 est,
459 2425 488 2451 et
499 2420 551 2451 ille
566 2421 672 2452 melius
687 2430 774 2462 quam
791 2430 845 2451 nos
856 2430 905 2452 res
920 2429 1008 2460 gere-

186 2472 231 2502 re,
244 2467 273 2495 et
287 2464 497 2496 administrare
508 2465 613 2497 novit?
629 2466 685 2496 Fac
700 2465 877 2506 periculum,
901 2466 927 2496 si
943 2466 1007 2506 pla-

186 2513 233 2540 cet
248 2508 381 2540 etiamin
398 2509 495 2547 nobis,
507 2514 536 2541 et
560 2509 706 2548 invenies,
724 2519 778 2551 per
803 2519 859 2541 nos
884 2510 1006 2549 rectius,

186 2562 274 2594 quam
289 2562 342 2594 per
353 2554 421 2584 illos
436 2554 555 2585 tractari
571 2555 688 2594 negotia
704 2554 887 2586 monasterii.

225 2597 285 2629 Alii
297 2607 380 2638 vero,
396 2608 463 2629 cum
475 2598 585 2630 nudius
600 2599 705 2630 tertius
720 2609 736 2630 e
753 2599 864 2630 mundo
877 2599 1008 2631 advene-

183 2642 255 2681 rint,
272 2652 364 2684 seque
374 2643 411 2674 ab
427 2643 491 2684 ipsa
506 2645 726 2675 renuntiatione
750 2643 904 2681 socordia},
922 2644 1008 2684 igna-

183 2688 239 2718 viae
253 2687 436 2726 dediderint,
453 2692 482 2719 et
498 2688 628 2729 peccatis
643 2692 776 2720 scateant
799 2688 1008 2721 innumerabi-

222 2772 254 2798 5'7
268 2771 326 2804 Isa.
340 2780 420 2812 mi,
437 2772 466 2805 2.

1059 1533 1170 1570 putem.
1183 1529 1266 1566 Quod
1278 1530 1303 1560 si
1313 1531 1378 1571 quis
1387 1541 1420 1562 ex
1431 1531 1502 1572 illis,
1514 1532 1621 1573 quibus
1643 1533 1804 1564 adveniens
1816 1532 1881 1565 haec

1059 1574 1142 1605 dicit.
1157 1574 1250 1606 Deum
1263 1575 1357 1612 timet,
1370 1576 1418 1607 his
1425 1577 1453 1608 ei
1466 1577 1563 1608 verbis
1571 1578 1732 1618 respondet
1745 1588 1752 1609 :
1767 1578 1881 1609 Memor

1059 1618 1097 1649 sit
1120 1620 1199 1650 Deus
1224 1619 1376 1651 charitatis
1391 1625 1458 1662 tuze,
1476 1621 1578 1653 frater.
1595 1622 1671 1658 Quid
1685 1623 1765 1653 enim
1781 1622 1811 1652 in
1829 1632 1877 1654 me

1057 1664 1140 1696 vides
1155 1664 1246 1695 boni?
1261 1667 1337 1696 Tum
1353 1665 1416 1707 ille,
1429 1666 1499 1706 quid
1515 1671 1612 1697 autem
1629 1667 1699 1697 boni
1711 1670 1740 1697 tu
1757 1676 1816 1697 non
1827 1667 1881 1697 ha-

1058 1707 1110 1739 bes
1119 1708 1136 1738 ?
1150 1709 1216 1749 quis
1228 1712 1286 1740 tam
1297 1715 1481 1748 mansuetus,
1497 1711 1573 1751 plus,
1585 1711 1716 1752 sapiens,
1728 1711 1875 1750 eruditus,

1057 1753 1212 1792 candidus,
1223 1758 1253 1784 et
1267 1755 1344 1794 quod
1363 1755 1457 1795 majus
1468 1755 1617 1796 omnibus,
1631 1761 1753 1796 paterna
1767 1765 1877 1794 gerens

1055 1797 1181 1835 viscera,
1208 1801 1237 1829 et
1261 1798 1408 1830 humanus
1428 1809 1497 1839 erga
1512 1800 1694 1831 universos?
1716 1800 1785 1831 Haec
1803 1800 1879 1831 dicit

1057 1851 1092 1873 eo
1108 1843 1177 1880 ﬁne,
1200 1846 1230 1873 ut
1246 1843 1283 1873 de
1304 1843 1369 1883 ejus
1391 1846 1490 1884 patina
1505 1845 1593 1876 simul
1610 1845 1756 1876 comedat.
1777 1844 1876 1885 Spiri-

1057 1886 1144 1917 tualis
1159 1891 1256 1918 autem
1272 1887 1373 1928 frater,
1389 1888 1552 1920 secundum
1567 1891 1663 1920 datam
1680 1889 1737 1919 sibi
1752 1889 1877 1928 gratiam

1056 1930 1093 1962 de
1108 1931 1202 1962 salute
1221 1931 1328 1963 animae
1349 1942 1415 1964 cum
1437 1934 1487 1964 illo
1511 1934 1580 1974 agit,
1598 1938 1627 1964 et
1641 1938 1781 1974 quantum
1795 1933 1826 1964 in
1844 1943 1878 1965 se

1055 1979 1110 2014 est,
1124 1976 1189 2016 ejus
1205 1976 1404 2007 laudationem
1423 1978 1575 2018 rejiciens,
1598 1978 1717 2009 fratrem
1739 1978 1874 2017 corrigit.

1054 2019 1135 2056 Quod
1153 2020 1260 2060 sijtalis
1270 2021 1408 2052 inventus
1421 2031 1478 2052 non
1491 2022 1590 2060 fuerit,
1603 2023 1656 2053 sed
1673 2029 1787 2063 contra,
1806 2032 1874 2053 car-

1054 2065 1316 2104 nalis,finstabilis,
1342 2066 1479 2098 laudibus
1500 2067 1630 2106 inflatur,
1647 2068 1825 2109 excipitque,
1845 2072 1876 2099 et

1054 2110 1136 2151 quid,
1154 2114 1279 2150 opater,
1302 2114 1331 2142 et
1356 2111 1445 2142 frater
1472 2112 1615 2143 charitate
1643 2112 1764 2152 majus?
1790 2117 1875 2144 certe

1054 2154 1140 2185 nihil.
1158 2155 1265 2185 Beatus
1282 2154 1334 2195 qui
1355 2155 1432 2186 hanc
1448 2156 1590 2197 possidet,
1615 2160 1645 2187 et
1663 2156 1721 2187 alia
1738 2156 1872 2194 demum,

1054 2207 1119 2239 quae
1129 2198 1313 2230 adulatorem
1331 2199 1459 2231 libenter
1473 2201 1588 2238 audire,
1604 2205 1631 2232 et
1643 2201 1679 2231 ad
1692 2201 1872 2232 laudandum

1052 2242 1169 2274 irritare
1186 2246 1276 2275 novit.
1295 2244 1411 2275 Posteat
1422 2245 1489 2276 talis
1501 2245 1577 2276 lictis
1587 2245 1723 2276 laudibus
1734 2245 1874 2277 velutde-

1051 2288 1178 2325 mulsus,
1196 2297 1230 2319 ac
1243 2288 1358 2319 levitate
1374 2289 1481 2320 mentis
1496 2290 1639 2327 tumidus,
1656 2290 1680 2321 si
1697 2290 1782 2330 copia
1797 2300 1873 2331 sup-

1052 2332 1173 2372 peditat,
1189 2342 1255 2363 mox
1280 2333 1359 2364 hunc
1379 2335 1580 2365 encomiasten
1601 2344 1687 2366 suum
1710 2344 1766 2366 nec
1790 2335 1874 2366 abire

1050 2376 1131 2414 sinit,
1149 2377 1201 2408 sed
1215 2382 1247 2408 ut
1260 2387 1362 2408 secum
1383 2379 1520 2419 epuletur
1535 2383 1629 2420 rogat,
1653 2383 1683 2410 et
1698 2389 1767 2410 esca
1788 2380 1872 2411 illum

1051 2421 1213 2461 excipiens,
1231 2421 1333 2453 laudes
1348 2430 1484 2454 ventosas
1496 2424 1616 2464 recipit,
1632 2432 1697 2464 qua:
1708 2424 1739 2454 in
1754 2433 1868 2462 aerem,

1049 2465 1122 2496 fumi
1146 2465 1249 2504 instar,
1267 2466 1460 2507 dissipantur,
1481 2467 1694 2499 detrimentum
1718 2477 1788 2499 vero
1805 2469 1871 2508 ejus

1049 2511 1155 2542 animae
1176 2521 1236 2542 non
1260 2511 1411 2543 mediocre
1435 2518 1603 2554 apportant.
1620 2513 1672 2545 Sin
1687 2513 1871 2554 minus,sal-

1050 2559 1109 2586 tem
1125 2559 1189 2596 post
1201 2555 1315 2595 longos,
1335 2560 1364 2587 et
1382 2556 1503 2588 inutiles
1517 2567 1673 2589 sermones
1688 2558 1727 2588 ait
1742 2558 1807 2589 illi:
1824 2559 1872 2590 Ne

1050 2599 1124 2630 mihi
1137 2600 1206 2630 vitio
1219 2600 1281 2638 des,
1299 2599 1402 2639 frater,
1422 2602 1501 2632 novit
1517 2601 1581 2642 ipsa
1595 2602 1734 2640 charitas,
1751 2602 1826 2633 nihil
1843 2606 1872 2633 te

1050 2644 1170 2683 dignum
1191 2644 1298 2682 habeo,
1315 2646 1393 2685 quod
1415 2646 1469 2677 tibi
1492 2656 1651 2688 apponam.
1668 2647 1725 2679 Sed
1740 2647 1809 2688 quia
1824 2656 1874 2679 me

1049 2688 1199 2728 abjectum
1215 2689 1259 2721 sic
1273 2698 1366 2729 amas,
1374 2689 1519 2723 debemus
1534 2691 1565 2723 in
1577 2695 1730 2732 posterum
1738 2700 1874 2723 commu-
