1978 3078
71 141 134 173 ι85

769 143 910 178 ORATIO
931 143 1056 174 XXXII.

1698 140 1758 176 486

73 206 167 252 niter,
185 213 215 238 et
230 209 326 240 amice
350 210 398 241 his
422 211 547 251 perfrui,
576 222 642 252 quae
656 213 734 244 Deus
749 213 779 243 in
794 211 894 243 cibnm
905 214 926 239 Δ
937 208 1094 249 sequitur?
1109 209 1257 240 Pouamus
1277 212 1377 240 tamen
1403 218 1470 240 eum
1494 209 1643 242 abstinere
1657 210 1695 242 ab
1711 211 1758 243 his

76 251 165 281 nobis
190 254 437 293 suppeditaverit,
461 260 489 286 et
511 266 570 287 una
586 251 693 289 laetari.
717 257 790 288 Exin
809 257 900 296 igitur

75 298 206 341 uterque
217 297 322 328 horum
335 299 522 331 conﬂictatur
534 301 734 332 sollicitudine
745 305 897 341 perpetua,

76 348 133 370 uec
145 339 285 372 desinunt
293 342 354 373 vias
365 353 511 385 quaerere,
521 346 600 376 unde
613 346 686 386 ipsis
695 339 900 386 quealsuppe-

76 387 222 431 tere,_quo
235 395 288 426 per
302 388 398 418 varios
412 398 446 420 ac
462 389 570 420 multos
593 390 676 422 cibos
696 400 761 431 quae
783 390 898 420 videtur

76 428 252 475 charitatem
264 431 483 464 constabiliant.
492 434 597 466 Sicubi
608 428 895 475 specie'dilectionis,

77 472 248 519 imorpotius
259 475 362 507 fraude
371 486 437 508 cum
448 478 585 509 omnibus
592 472 811 519 se'devinxerit,
819 488 898 510 nunc

77 518 198 564 quidem
215 519 280 559 ipse
294 521 397 558 alium,
414 532 495 553 nunc
510 532 546 554 ex
566 524 632 554 aliis
652 524 775 564 singulis
797 524 898 563 ipsum

78 562 215 593 invitant.
241 564 340 600 Quare
369 576 483 604 mensa,
511 572 540 598 et
563 562 749 599 hilaritasiin
774 562 896 599 delicias

77 607 179 652 pabuli
202 618 296 648 usque
317 610 354 640 ad
380 612 562 642 Saturitatem
586 613 683 652 ipsum
708 623 767 644 non
783 613 894 650 deﬁcit,

78 656 108 682 et
123 651 164 698 ita
179 662 285 692 porcus
301 654 343 692 ﬁt,
354 651 627 697 constringiturque
647 657 853 698 voluptatibus,
868 662 897 688 et

77 695 195 741 assiduo
211 702 344 729 ventrem
358 709 443 730 suum
459 701 547 738 colit;
562 695 668 732 vereor
681 695 762 733 odim
782 702 900 741 dicere,

77 739 166 770 etiam
184 750 218 771 ea
233 752 298 782 quae
313 743 368 773 sub
383 749 485 775 ventre
501 750 577 776 sunt.
602 745 747 782 Quocirca
762 747 894 778 studiose

77 784 216 830 omnibus
228 787 370 818 membris
383 789 532 828 saginatus
545 791 617 829 (l4),
626 791 758 830 quotidie
771 800 895 830 vespera

77 829 228 878 veniente,
247 835 312 878 post
322 833 452 864 officium
462 843 479 864 a
490 843 572 864 uena
583 835 612 864 in
624 829 728 866 cellam
740 829 893 866 suamrdis-
906 853 925 878 Β

77 873 199 918 cedens,
212 874 322 906 famulo
332 877 421 909 dicit:
435 877 478 908 En
493 878 625 918 furcifer,
641 879 690 909 siti
701 879 828 918 crucior,
842 880 894 911 sed

77 917 206 964 calidum
223 929 292 959 para
310 921 380 960 (l5),
404 926 432 953 et
460 922 497 954 da
521 923 592 954 mihi
619 924 732 962 bibere,
755 924 894 964 sitimque

76 962 274 1007 restinguere.
297 965 362 1002 Ille,
380 971 482 1007 utpote
503 968 749 999 consuetudinem
768 962 893 1007 habens,

76 1006 174 1053 statim
193 1007 364 1050 benevolus,
380 1006 460 1042 et’ad
472 1011 638 1043 faciendum
657 1013 896 1053 promptissimus

76 1050 213 1097 miniter
240 1054 398 1093 invenitur,
427 1056 536 1096 quippe
561 1057 613 1096 qui
637 1050 665 1087 et
690 1050 753 1097 ipse
777 1067 844 1088 cum
860 1067 895 1089 eo

78 1095 227 1141 epuletur.
241 1097 316 1129 Tum
328 1100 475 1132 meracius
482 1095 583 1131 vinum
597 1095 736 1132 hauritet
746 1103 893 1141 exsorbet,

77 1139 209 1187 tenebris
235 1152 302 1173 eum
326 1144 553 1176 occultantibus.
569 1145 605 1176 Et
630 1150 782 1187 postquam
803 1139 895 1178 semel

76 1182 163 1219 bibit,
190 1194 305 1217 rursum
332 1188 368 1218 ad
392 1188 490 1219 cibum
514 1182 714 1229 appetendum
739 1191 895 1227 excitatur,

76 1230 291 1275 epularumque
312 1232 424 1264 suavite
441 1233 524 1273 quasi
548 1234 622 1264 clam
645 1234 702 1265 sibi
731 1239 895 1275 surreptas,

75 1273 179 1320 satiari
191 1284 222 1320 se
239 1285 296 1306 non
312 1278 415 1317 sentit,
432 1282 626 1318 ventremque
651 1278 786 1320 obesum,
804 1273 833 1310 et
846 1279 895 1310 in-

76 1318 274 1362 tractabilem,
292 1325 320 1351 et
334 1321 476 1362 appetitui
492 1323 599 1353 anima:
614 1318 818 1354 refractarium
830 1324 896 1354 red-

74 1361 126 1391 dit.
155 1361 281 1403 Subjicit
296 1365 323 1395 ei
340 1361 409 1396 tunc
427 1367 582 1406 cogitatio:
596 1367 717 1398 Dimitte
739 1367 894 1405 famulum,

73 1409 200 1452 etslans
215 1414 373 1441 consuetas
389 1420 492 1451 preces
507 1411 609 1443 funde.
633 1411 804 1452 Respondet
827 1413 897 1444 huic

73 1450 130 1496 alia
156 1450 400 1492 cogitationezAt
419 1456 568 1496 quomodo
590 1450 764 1487 suburratus
785 1457 897 1488 stabis?

72 1494 170 1542 dormi
187 1497 383 1540 aliquantum,
398 1494 573 1531 etvnaturam
592 1500 627 1531 ad
648 1501 894 1542 concoquendum

71 1539 153 1579 quod
167 1533 334 1581 comedisti,
360 1533 476 1584 adjuva,
503 1548 532 1575 et
554 1548 622 1576 ante
647 1533 768 1585 synaxiu
790 1556 890 1586 surge,
906 1533 926 1558 Ο

72 1587 135 1614 tum
152 1585 265 1618 habens
279 1597 386 1628 corpus
409 1589 513 1629 levius,
531 1591 687 1621 commede
709 1585 890 1629 precaberis.

71 1629 163 1660 Audit
179 1631 400 1672 cogitationem,
410 1643 443 1664 ac
454 1633 632 1664 recumbens
640 1634 760 1672 dormit,
773 1644 891 1666 somno-

72 1683 128 1713 que
141 1675 254 1706 solutus
265 1687 323 1707 non
334 1678 446 1716 surgit:
461 1678 531 1713 Sed,
545 1678 689 1718 nondum,
699 1680 805 1719 lnquit,
819 1685 891 1711 tem-

71 1728 124 1757 pus
141 1724 197 1759 cst,
209 1720 354 1752 dormiam
364 1722 462 1753 adhuc
477 1732 567 1753 unum
585 1723 764 1754 somnulum.
777 1724 893 1755 Sictar-

70 1762 190 1794 dantem
209 1766 351 1796 matutina
367 1767 483 1807 synaxis
498 1771 664 1798 antevertit.
684 1766 755 1798 Inde
771 1778 895 1800 consur-

71 1816 142 1845 gens
151 1808 187 1838 ad
200 1808 327 1849 Synaxin
340 1811 465 1851 accedit,
477 1811 690 1842 conscientiam
704 1812 893 1851 negligentiae

71 1852 252 1897 desidizeque
272 1864 333 1886 suae
359 1858 569 1887 accusatricem
593 1856 736 1887 sentiens.
764 1856 798 1887 Ut
823 1867 892 1897 ergo

71 1895 152 1934 prius
161 1897 301 1936 diximus,
315 1904 397 1931 tenet
408 1901 486 1931 hunc
497 1909 623 1937 morem,
637 1904 669 1930 ut
677 1899 811 1931 crebrius
820 1895 893 1932 auii-

71 1949 184 1978 corum,
210 1946 239 1972 et
257 1944 414 1975 charorum
432 1946 551 1976 Patrum
568 1945 658 1975 cellas
673 1944 772 1982 obeat,
797 1946 893 1978 donec

72 1985 189 2029 tandem
205 1988 319 2029 sedeat,
335 1999 394 2020 una
408 1993 515 2026 comet,
530 1989 620 2026 bibat,
635 1989 853 2027 confabulelur,
864 1996 893 2022 et

71 2027 109 2059 ita
119 2029 149 2060 in
159 2031 266 2062 cellam
277 2027 441 2072 regressus,
457 2043 515 2064 non
527 2033 624 2064 solum
636 2034 672 2064 ad
689 2033 892 2073 precationem

71 2076 282 2114 vespertinam,
295 2078 349 2108 sed
361 2078 448 2109 etiam
461 2078 496 2109 ad
507 2078 634 2118 Synaxin
647 2078 820 2109 matutinam
832 2080 894 2110 ine-

71 2121 135 2163 ptus
150 2120 195 2158 fit,
215 2122 288 2152 nihil
307 2123 428 2153 omnino
447 2123 604 2163 spirituale
620 2126 670 2153 aut
684 2122 827 2161 cogitare,
843 2131 894 2158 aut

71 2162 168 2196 facere
184 2167 271 2206 potis.
289 2167 364 2203 Quin
381 2162 471 2199 etiam
485 2168 514 2198 in
531 2168 605 2198 cella
627 2176 692 2204 sua,
708 2170 732 2198 si
749 2167 824 2198 alius
839 2176 892 2198 ac-

70 2211 205 2247 cesserit,
215 2212 353 2243 similiter
366 2212 396 2242 in
413 2216 530 2243 noctem
548 2211 758 2242 fabulationem
774 2216 891 2252 protra-

71 2252 122 2292 hit,
137 2259 168 2286 et
183 2255 340 2296 aliquando
355 2256 445 2288 vitam
461 2256 585 2288 aliorum
601 2256 707 2296 carpit,
729 2265 763 2286 ac
779 2255 890 2296 dijudi-

71 2301 125 2335 cat,
141 2303 231 2339 atque
244 2300 274 2331 in
290 2301 339 2331 tali
355 2304 432 2331 statu
443 2305 559 2331 (etatem
570 2309 689 2331 omnem
707 2307 890 2342 perseverat,

71 2347 138 2374 ante
153 2347 272 2384 tempus
286 2344 443 2384 ebrietate,
459 2345 591 2384 crapula,
604 2345 735 2384 indignis
745 2345 890 2376 sollicitu-

70 2385 190 2418 dinibus
206 2397 273 2419 sese
287 2388 352 2422 iens
368 2389 531 2429 perditum.

109 2430 220 2463 Verum
237 2442 289 2463 cur
302 2443 356 2472 ego
373 2433 435 2464 haec
445 2433 545 2464 omnia
560 2432 714 2464 disserui?
730 2437 761 2464 ut
774 2442 825 2463 vos
833 2432 888 2464 do-

72 2483 180 2513 cerem,
199 2477 317 2517 fratres,
333 2477 384 2518 qui
401 2477 488 2508 talem
506 2478 594 2508 vitam
611 2477 704 2517 ducit,
728 2487 787 2508 non
804 2486 891 2517 posse

73 2528 202 2560 unquam
218 2531 252 2552 ex
270 2521 363 2552 oculis
384 2521 545 2561 lacrymam
569 2522 717 2553 emittere.
736 2521 792 2557 Qui
809 2522 887 2552 enim

73 2568 192 2602 emittat,
210 2565 259 2606 qui
275 2574 396 2606 semper
410 2566 505 2596 ventri
519 2576 571 2597 suo
587 2566 688 2603 servit,
706 2571 735 2597 et
749 2566 779 2597 in
795 2566 887 2603 diem,

72 2606 145 2639 sicut
159 2609 282 2647 ethnici,
301 2610 371 2650 quid
387 2619 502 2648 esurus,
518 2615 570 2642 aut
585 2611 731 2642 bibiturus
743 2611 791 2647 sit,
804 2610 889 2641 solli-

74 2650 148 2683 citus
163 2658 219 2692 est,
235 2658 264 2685 et
279 2655 356 2694 gulae
369 2655 510 2695 voluptati
533 2659 671 2693 tanquam
688 2654 816 2687 dominae
831 2655 888 2686 ob-

195 2733 250 2776 ξΕῃ
267 2737 320 2763 τῶν
341 2736 458 2776 ὀργάνων
479 2736 693 2776 γαστριζόμενος.

111 2771 174 2812 (15)
195 2773 277 2803 Ἀλλὰ
292 2771 386 2815 θερμδῦ
402 2771 553 2815 εὖτρετξίσαξ
570 2771 584 2792 ’⁷
604 2771 677 2807 Nam
706 2774 819 2807 calidus
834 2783 889 2815 po-

940 262 1006 293 quae
1022 253 1251 289 nominavimus,
1275 258 1304 283 et
1331 262 1428 293 neque
1445 253 1480 284 ad
1496 254 1571 285 alius
1594 255 1758 296 cujuspiam

940 297 1047 328 cellam
1062 297 1156 335 adire,
1165 306 1263 338 noque
1271 297 1361 328 alium
1373 297 1408 328 ad
1420 297 1524 329 cellam
1537 298 1692 330 admittere
1703 309 1758 331 nec

940 341 1135 373 dill‘arciendo
1151 341 1258 383 ventri,
1274 346 1322 373 aut
1339 342 1491 382 potationi,
1511 348 1562 374 aut
1576 343 1678 375 otiosis
1690 354 1756 376 ser-

940 386 1211 427 monibusvacare,
1228 386 1280 417 sed
1297 387 1396 418 clauso
1412 387 1485 418 ostio
1512 387 1542 418 in
1565 387 1640 418 cella
1662 388 1758 420 solum

939 431 1059 471 penitus
1075 440 1208 467 manere,
1225 430 1295 471 quid
1314 431 1370 461 hoc
1384 430 1411 461 ei
1421 431 1552 471 prodest,
1563 432 1758 472 sispirilualis

938 475 1016 505 actio
1031 484 1098 506 cum
1115 475 1312 514 intelligentia
1326 475 1413 512 desit,
1425 476 1526 507 sedeat
1540 480 1638 507 autem
1653 477 1757 517 legens

939 519 1090 559 quippiam
1106 519 1142 550 ad
1157 519 1394 560 depromendum
1409 519 1520 560 aliquid
1533 525 1758 562 temgoresyna-

938 573 1020 599 xeos,
1034 568 1085 594 aut
1101 563 1189 594 etiam
1206 563 1236 594 in
1251 563 1392 601 adventu,
1409 572 1461 594 seu
1478 565 1635 604 praesentia
1647 566 1756 597 amico-

936 616 1015 645 rum,
1039 612 1070 638 ut
1097 608 1195 638 sciens
1215 617 1249 638 ac
1265 608 1378 648 peritus
1392 608 1551 639 videatur?
1566 608 1622 640 Sed
1638 610 1755 649 demus,

937 661 1004 683 cum
1020 662 1078 683 non
1101 653 1158 683 hoc
1183 653 1241 683 fine
1265 657 1295 683 et
1315 662 1419 692 scopo,
1437 653 1490 684 sed
1503 653 1637 685 utilitatis
1649 655 1754 693 gratia,

937 701 967 727 et
981 702 1012 727 ut
1028 697 1148 728 verbum
1161 696 1214 728 Dei
1223 697 1323 728 audiat
1335 697 1450 728 divinas
1461 696 1629 738 Scripturas
1645 698 1754 739 legere:

936 741 1045 772 deinde
1061 751 1194 781 surgere,
1208 745 1237 772 et
1251 742 1286 772 ad
1297 741 1440 773 orandum
1453 746 1542 780 stare,
1559 742 1678 783 sintque
1691 744 1757 784 ejus

936 786 1028 816 oratio
1046 786 1151 826 psalmi
1167 786 1237 824 duo,
1251 791 1311 817 tres
1320 786 1436 824 decem,
1450 790 1582 826 centum,
1601 788 1756 820 adoratio-

937 839 990 860 nes
1006 830 1144 861 similiter
1159 840 1226 861 eum
1241 839 1381 870 peragere
1397 839 1487 871 quam
1503 832 1608 862 multas
1624 831 1676 863 vis.
1688 831 1757 864 Post

936 873 1056 904 modum
1068 874 1111 905 sic
1127 875 1252 914 expletis
1263 874 1413 915 omnibus,
1426 874 1545 906 mandat
1555 885 1662 916 corpus
1671 885 1755 908 som-

937 926 986 956 no,
1000 918 1074 949 nihil
1085 919 1224 959 amplius.
1239 918 1312 955 Quis
1323 918 1412 958 igitur
1427 919 1455 949 ei
1470 919 1595 957 frnctus,
1617 919 1754 960 obsecro,

936 961 1005 992 dum
1023 962 1113 1000 istud,
1125 967 1156 994 et
1166 963 1261 993 solum
1271 962 1341 1004 agit,
1357 972 1414 994 nec
1423 964 1534 994 fructus
1546 973 1680 1004 precum,
1691 966 1756 997 lec-

938 1006 1038 1044 tionis,
1056 1016 1109 1047 per
1125 1007 1456 1048 pcenitentiaelacrymas
1471 1007 1502 1038 in
1517 1008 1581 1048 ejus
1596 1009 1696 1040 anima
1707 1010 1753 1041 ef-

937 1051 1090 1082 ﬂorescit?
1104 1052 1154 1092 qui
1170 1052 1289 1092 quidem
1311 1051 1422 1082 fructus
1445 1056 1490 1083 est
1511 1052 1751 1093 pertubationum

937 1095 1075 1134 vacuitas,
1089 1096 1263 1127 humilitatis
1273 1100 1302 1127 et
1318 1097 1554 1128 mansuetudinis
1568 1097 1713 1137 accessio,
1729 1104 1759 1131 et

937 1140 1066 1180 cognitio
1082 1150 1148 1172 cum
1161 1141 1317 1181 sapientia.
1330 1140 1461 1178 Quilibet
1474 1141 1566 1180 enim,
1581 1142 1632 1183 qui
1651 1151 1687 1173 ex
1703 1153 1756 1175 co-

939 1185 1072 1224 gnitione
1086 1185 1314 1226 spiritualiopus
1327 1185 1532 1217 mandatorum
1544 1187 1597 1217 Dei
1607 1187 1690 1226 facit,
1701 1198 1756 1228 pro

939 1229 1076 1269 portione
1091 1230 1246 1261 laboriosae
1261 1231 1384 1262 actionis
1399 1240 1470 1268 suae,
1487 1240 1553 1272 quae
1576 1231 1655 1262 dicta
1675 1238 1756 1272 sunt,

938 1274 1074 1314 acquirit.
1092 1273 1122 1305 Si
1137 1279 1235 1305 autem
1251 1275 1386 1306 laborare
1397 1285 1428 1306 se
1440 1276 1630 1314 exxstimanti,
1643 1281 1672 1307 et
1683 1287 1757 1318 ope-

939 1318 1015 1349 ranti
1032 1328 1092 1350 non
1105 1319 1260 1350 efﬂoreant
1271 1328 1336 1359 qua:
1347 1319 1423 1350 dicta
1435 1324 1516 1358 sunt,
1529 1330 1587 1350 non
1599 1325 1757 1353 estsecun-

938 1363 1007 1394 dum
1026 1365 1118 1395 Deum
1136 1364 1202 1404 ejus
1217 1364 1305 1404 actio,
1318 1365 1370 1395 sed
1383 1365 1585 1395 tantummodo
1594 1365 1629 1396 ad
1637 1365 1756 1406 placen-

938 1408 1007 1438 dum
1021 1407 1203 1445 hominibus,
1215 1413 1243 1439 et
1254 1409 1359 1440 merito
1369 1409 1491 1440 meliora
1503 1419 1561 1440 non
1574 1411 1754 1451 assequitur.

937 1451 992 1488 Qui
1005 1452 1096 1491 igitur
1111 1452 1150 1483 de
1162 1453 1219 1491 his,
1233 1453 1270 1483 de
1281 1453 1388 1493 quibus
1404 1453 1493 1484 locuti
1513 1463 1627 1491 sumus,
1645 1464 1756 1495 perpe-

939 1502 988 1528 tuo
1004 1497 1091 1528 talem
1107 1497 1196 1529 vitam
1219 1497 1298 1535 vivit,
1316 1498 1421 1538 poterit
1437 1507 1475 1528 ne
1489 1498 1659 1539 aliquando,
1677 1500 1757 1531 sicut

938 1540 974 1572 ab
997 1541 1082 1572 initio
1106 1541 1335 1572 renuntiationis
1355 1551 1427 1580 suae,
1449 1542 1579 1583 seipsum
1604 1547 1695 1574 totum
1718 1544 1756 1576 ad

934 1586 1033 1617 omnia
1042 1586 1206 1617 secundum
1219 1586 1312 1617 Deum
1325 1586 1458 1617 modesta
1473 1587 1648 1618 sustinenda
1656 1597 1690 1619 ac
1702 1597 1756 1629 pa-

934 1630 1034 1661 tienda
1051 1640 1218 1670 exponens,
1233 1634 1266 1661 ut
1280 1640 1369 1671 supra
1384 1631 1524 1668 diximus,
1542 1632 1757 1673 lacrymas,aut

933 1676 1192 1714 compunctionem
1223 1675 1348 1715 adipisci
1376 1685 1383 1706 :
1407 1680 1457 1706 aut
1472 1685 1537 1716 qua
1551 1686 1568 1707 a
1583 1676 1693 1708 mundo
1712 1677 1756 1708 illi

936 1719 1088 1750 adhaerent
1102 1719 1181 1758 vitia,
1199 1725 1229 1751 et
1242 1719 1474 1760 improbitatem,
1489 1724 1517 1751 et
1529 1721 1668 1752 duritiam
1685 1731 1755 1752 cor-

936 1763 982 1794 dis
990 1764 1121 1803 abjicere
1131 1764 1387 1805 humilitatemque
1394 1765 1562 1805 possidere?
1568 1767 1752 1806 neutiquam.

935 1808 1196 1849 Seducitseipsum
1207 1810 1377 1850 quicunque
1388 1810 1430 1840 sic
1444 1814 1537 1850 putat,
1547 1815 1597 1841 aut
1609 1810 1664 1841 sibi
1679 1811 1756 1842 hanc

935 1853 1031 1891 legem
1043 1853 1098 1884 fert
1106 1853 1362 1889 Quamadmodum
1373 1853 1454 1885 onim
1465 1864 1524 1885 non
1537 1859 1634 1895 potest
1643 1855 1754 1886 ferrum

935 1906 994 1928 non
1009 1898 1135 1936 ignitum
1147 1907 1232 1938 :eque
1247 1902 1278 1929 ut
1292 1898 1416 1938 ignitum
1430 1899 1636 1939 resplendere,
1653 1903 1704 1931 aut
1718 1899 1755 1931 ad

935 1941 1089 1973 mollitiem
1105 1942 1191 1973 aliam
1207 1943 1332 1983 quadam
1349 1943 1486 1974 machina
1500 1943 1609 1983 redigi,
1624 1948 1653 1974 et
1667 1943 1755 1974 fabri-
1789 1974 1801 1981 ,

934 1987 1009 2024 curi,
1026 1991 1054 2017 et
1069 1987 1098 2017 in
1110 1987 1338 2018 instrumentum
1349 1988 1415 2019 usui
1425 1989 1682 2019 accommodatum
1696 1988 1752 2019 for-

935 2031 1010 2062 mari
1024 2042 1030 2061 :
1043 2031 1085 2062 sic
1093 2040 1190 2072 neque
1206 2032 1403 2071 negligentem
1414 2041 1448 2063 ac
1459 2032 1609 2075 desidem,
1627 2036 1656 2062 et
1664 2032 1753 2063 vitam

934 2075 974 2106 ita
992 2076 1109 2106 noxiam
1126 2076 1296 2116 degentem,
1318 2080 1349 2107 ut
1364 2077 1532 2113 docuimus,
1551 2076 1694 2117 possibile
1710 2081 1756 2108 est

936 2119 976 2159 ei,
992 2119 1042 2160 qui
1057 2129 1074 2150 a
1090 2119 1236 2160 principio
1252 2129 1286 2151 ex
1301 2120 1485 2161 subjectione
1496 2130 1566 2160 erga
1577 2120 1677 2152 Patres
1687 2121 1752 2161 spi-

935 2164 1060 2195 rituales
1075 2164 1225 2204 praeclaris
1243 2165 1335 2196 veluti
1359 2164 1464 2196 formis
1486 2165 1653 2206 impressus
1666 2169 1754 2205 atque

934 2209 1125 2248 consignatus
1140 2213 1196 2250 est,
1217 2215 1247 2240 et
1258 2209 1345 2240 vitam
1359 2210 1517 2241 virtutibus
1532 2214 1664 2241 ornatam
1680 2219 1754 2241 con-

933 2257 1052 2284 secutus
1068 2262 1168 2294 parem
1185 2263 1264 2291 esse,
1286 2253 1453 2295 iisdemque
1476 2254 1574 2293 donis,
1591 2258 1621 2285 et
1636 2254 1752 2285 charis-

933 2297 1020 2329 matis
1035 2297 1162 2338 Spiritus
1177 2298 1243 2329 frui.
1261 2300 1324 2331 Nec
1340 2299 1461 2339 injuria.
1476 2299 1531 2335 Qui
1543 2299 1622 2330 enim
1640 2303 1684 2330 est
1694 2299 1753 2331 hu~

932 2342 1012 2372 milis
1023 2343 1122 2381 torde,
1134 2342 1387 2384 cogitationesque
1394 2343 1568 2384 submissas,
1581 2348 1610 2374 et
1618 2343 1753 2374 animum

931 2386 1090 2417 contritum
1108 2387 1194 2426 gerit,
1224 2392 1252 2418 et
1275 2388 1384 2419 divinis
1407 2387 1570 2429 Scripturis
1591 2388 1753 2419 studiosius

932 2440 1036 2472 parere
1043 2431 1185 2469 decrevit,
1195 2437 1225 2463 et
1236 2433 1368 2473 quamvis
1379 2433 1602 2465 tribulationem
1614 2432 1752 2470 sustinet,

932 2485 1025 2514 genus
1034 2486 1123 2507 omne
1137 2477 1332 2508 tentationum
1345 2478 1468 2518 perfert,
1480 2477 1604 2519 insuper
1614 2477 1753 2509 omnibus

932 2520 1145 2560 abjectioribus
1152 2530 1184 2552 se
1195 2522 1522 2563 annumerat,actiones
1529 2522 1752 2560 videlicetsuas,

931 2569 960 2596 et
973 2569 1093 2605 peccata
1108 2569 1261 2606 reputans,
1284 2569 1313 2596 et
1336 2566 1471 2606 quotidie
1493 2566 1688 2607 semetipsum
1702 2576 1754 2598 re-

931 2609 1134 2650 prehendens,
1159 2613 1247 2650 atque
1277 2614 1310 2641 ut
1334 2615 1522 2651 peccatorem
1546 2611 1751 2649 considerans,

931 2654 1013 2685 brevi
1029 2657 1176 2695 tempore,
1191 2653 1244 2686 Dei
1252 2655 1372 2695 adjutus
1386 2655 1492 2697 gratia,
1505 2655 1632 2697 proficit,
1644 2664 1751 2696 quam-

930 2738 978 2776 tus
993 2733 1064 2776 olim
1093 2733 1124 2764 in
1152 2733 1270 2767 deliciis
1297 2735 1471 2774 habebatur,
1502 2735 1540 2767 de
1563 2745 1621 2776 quo
1636 2734 1753 2776 Lipsius

930 2773 983 2806 lib.
998 2782 1017 2804 ll
1032 2773 1125 2805 Elect.
1142 2782 1208 2815 cap.
1226 2776 1256 2808 4.
