1978 3078
208 155 268 187 487
855 162 1018 194 SYMEON]

1068 160 1242 195 JUNIORIS
1829 165 1890 198 488

208 221 252 271 vis
265 221 417 271 hominem
438 231 498 254 non
520 223 638 271 habeat,
655 233 672 255 a
688 235 745 265 quo
761 226 938 271 adrsalutem
954 237 1026 268 per-
1037 232 1059 256 Α
1070 228 1147 260 tatis.
1164 227 1279 260 Deinde
1294 228 1439 260 bonorum
1455 239 1472 260 a
1485 229 1548 261 Deo
1573 230 1669 271 ipsum
1699 230 1892 271 diligentibus

209 266 332 297 tinentia
347 267 489 315 doceatur
501 277 508 299 :
522 268 661 309 paulatim
683 270 865 302 exscindeus
877 271 913 302 ab
929 266 1028 303 anima
1068 277 1311 314 praeparatorum,
1336 283 1370 304 ac
1389 266 1593 314 repositorum-
1604 266 1787 306 desideriuin
1801 275 1888 315 inge-

207 319 270 360 sqa,
288 320 354 350 qua
366 311 392 341 ei
408 312 517 360 eitnhoc
527 313 639 344 mundo
656 315 827 356 pravitates,
843 319 872 346 et
889 316 1028 357 nequitiae
1067 311 1161 348 iterat.
1180 318 1249 349 Haec
1262 311 1400 349 universa
1414 311 1481 349 c—um
1496 319 1644 360 lacrymis,
1660 319 1704 350 vel
1720 320 1819 360 potius
1835 311 1891 360 per

206 354 606 399 adhaerescuntjllarumque
615 358 679 389 loco
692 354 1024 399 virtutesintrodiicens,

207 397 262 443 Qui
276 407 346 430 vero
362 399 551 432 immunditia
566 402 672 441 plenus
688 406 745 443 est,
773 407 802 434 et
821 414 854 435 se
870 397 1026 443 magniﬁce

205 442 418 484 circumspicit,
431 454 465 475 ac
476 445 531 476 sub
552 447 666 486 potenti
686 442 774 478 manu
788 448 842 480 Dei
862 442 1023 486 humiliari,

206 487 343 532 Patrique
358 489 506 529 spirituali
521 491 623 521 cerdis
645 492 689 522 sui
715 493 864 532 nequitias
879 494 1023 531 revelare,

205 535 234 577 et
245 531 273 562 ei
283 532 447 571 adbaerere,
460 534 618 576 facereque
641 540 670 566 et
695 536 755 576 pati
764 531 876 568 iomnia
899 547 964 577 quae
988 538 1024 568 ad

203 575 340 622 virtutem
352 577 481 609 etDeum
493 587 558 611 cum
572 575 754 611 discretione
774 575 950 622 perducunt,
967 579 1024 612 bo-

205 620 377 662 minemque
387 623 550 654 secundum
570 624 667 663 ipsum
687 620 855 665 perﬁciunt,
873 635 932 656 non
943 620 1021 666 'vult,

204 665 287 704 pejor
302 666 335 696 ﬁt
350 676 439 706 quam
464 667 494 697 in
521 668 630 698 mundo
657 675 731 707 erat,
750 670 854 709 spiritu
871 665 1022 702 mundano

203 717 333 748 reverso,
348 716 378 741 et
392 711 422 741 in
435 721 469 742 eo
485 711 648 751 habitante,
663 723 730 744 cum
746 714 813 745 aliis
833 719 947 754 septem
964 724 1021 746 ne-

203 762 291 793 quam
307 755 472 794 spiritibus.
489 757 526 787 Et
540 757 580 787 ita
599 757 650 788 ille
666 758 742 789 alius
759 759 878 789 fratrem
895 769 954 790 una
971 769 1022 790 se-

204 799 412 843 cumrstadium
427 800 594 839 ingressum
609 806 721 833 tantum
734 803 950 843 antegreditur,
972 808 1023 835 aut

204 842 307 880 vincit,
324 848 465 884 quantum
480 845 530 885 qui
545 845 634 884 liber,
651 855 685 877 ac
699 842 814 878 solutus
836 848 940 886 currit,
955 848 1021 878 vin—

1068 361 1212 402 lacrymas
1233 362 1351 393 divinus
1375 363 1614 403 compunctionis
1636 363 1715 403 ignis
1735 368 1887 403 operatur.

1066 404 1186 445 Absque
1202 405 1338 445 lacrymis
1352 410 1463 443 autem,
1474 411 1505 437 ut
1517 407 1646 438 diximus
1659 407 1731 447 (16),
1745 407 1818 437 nihil
1831 407 1889 438 bo-

1065 457 1131 478 rum
1147 453 1196 479 aut
1212 449 1242 479 in
1257 449 1341 480 nobis
1357 449 1443 488 ipsis,
1455 450 1545 481 autin
1553 451 1619 481 aliis
1634 460 1764 491 unquam
1776 451 1887 482 factum

1066 496 1121 528 est,
1140 501 1238 533 neque
1263 493 1324 523 ﬁet.
1347 492 1407 524 Nec
1432 494 1511 524 enim
1537 504 1571 525 ex
1595 495 1704 525 divinis
1726 494 1891 535 Scripturis

1066 536 1221 576 quisquam
1245 537 1391 577 probabit,
1413 538 1487 569 citra
1502 539 1661 578 lacrymas,
1679 539 1889 579 compunctio-

1066 589 1193 621 nemque
1201 585 1375 622 perpetuam
1382 582 1541 623 aliquando
1551 583 1720 624 quempiam
1730 587 1887 623 purgatum

1066 625 1169 663 fuisse,
1195 631 1243 656 aut
1263 626 1449 658 sanctitatem
1474 628 1636 665 invenisse,
1663 632 1712 658 aut
1740 627 1887 667 Spiritum

1064 673 1198 699 sanctum
1222 670 1386 710 accepisse,
1406 675 1455 702 aut
1475 671 1567 702 Deum
1590 672 1712 708 vidisse,
1734 675 1784 701 aut
1807 672 1838 702 in
1855 680 1888 702 se

1063 713 1246 744 habitantem
1262 715 1401 753 sensisse,
1421 720 1472 746 aut
1492 716 1613 746 omnino
1634 716 1792 756 aliquando
1806 716 1886 746 bunc

1063 757 1162 788 cordis
1186 758 1316 789 incolam
1347 759 1499 800 habuisse,
1536 760 1722 800 paenitentia,
1749 760 1885 800 inquam,

1063 803 1352 844 compunctioneque
1381 813 1441 834 non
1467 806 1667 845 praecedente,
1699 808 1727 835 et
1755 804 1842 844 quasi
1868 814 1886 835 a

1062 846 1143 877 fonte
1159 857 1278 888 semper
1296 848 1479 879 scatentibus
1493 849 1612 880 assiduo
1622 849 1762 889 lacrymis
1773 859 1781 886 ;
1792 849 1884 879 inun-

205 887 280 918 CUlis
293 892 322 919 et
337 889 531 929 compedibus
554 890 658 921 ferreis
680 891 857 931 impeditum
878 897 1018 932 superat:
1033 890 1201 934 Bdanlibus
1226 887 1401 933 nimirum,
1434 894 1662 934 eluentibusque
1689 887 1884 924 domicilium

204 936 233 962 at
248 931 303 964 iste
318 932 422 970 victus,
447 934 478 964 in
505 935 589 965 malis
614 935 775 975 prioribus,
792 941 842 967 aut
853 931 1022 968 derioribus

205 977 294 1008 etiam
309 983 473 1017 permanet,
483 979 588 1010 nolens
599 979 629 1010 in
641 980 838 1021 deposcendis
847 982 904 1012 sibi
916 987 1021 1023 sponte

204 1024 319 1055 virtutis
334 1025 557 1064 certaminibus,
575 1026 706 1058 facinora
715 1027 791 1059 bona
807 1029 914 1059 facere.

243 1068 369 1106 Idcirco,
387 1073 417 1100 ut
433 1079 523 1110 supra
538 1071 637 1111 docui,
654 1076 683 1102 et
706 1073 862 1113 Scriptura
882 1073 1023 1104 divinitus

203 1113 346 1153 inspirata
361 1114 469 1154 passim
489 1118 613 1146 testatur
628 1116 737 1147 fructus
748 1117 884 1154 actionis,
901 1122 930 1148 et
945 1118 1022 1149 fruc-

202 1161 285 1188 tuum
301 1158 499 1198 conciliatrix,
516 1159 576 1190 imo
591 1169 660 1191 vero
683 1161 815 1192 eﬂ'ectrix
840 1171 874 1192 ac
900 1171 1020 1202 parens,

201 1202 410 1246 etfabricatrix
425 1203 564 1234 virtutum
587 1205 722 1235 omnium
746 1206 938 1246 compunctio
962 1211 1018 1237 est.

199 1245 329 1277 Proinde
353 1246 404 1287 qui
427 1247 599 1278 affectiones
622 1248 754 1280 turbidas
774 1245 941 1289 amputare,
971 1255 1020 1280 aut

199 1290 322 1322 virtutes
337 1291 490 1331 possidere
505 1293 598 1333 cupit,
610 1293 687 1324 hanc
699 1303 758 1333 prae
769 1294 855 1326 bonis
867 1294 1017 1332 omnibus,

200 1339 230 1366 et
244 1344 311 1366 cum
328 1336 483 1367 virtutibus
499 1337 638 1368 omnibus
654 1338 813 1378 diligenter
833 1343 1020 1370 consectetur

1063 936 1180 974 animae,
1191 945 1317 977 eamque
1336 937 1372 967 ab
1394 937 1465 977 igne
1486 940 1638 969 inaccesso
1650 943 1836 978 occupatam,
1854 941 1884 968 et

1062 979 1217 1010 ardentem
1235 981 1431 1012 irrorantibus
1446 991 1480 1012 ac
1492 981 1747 1021 refrigerantibus.

1102 1023 1157 1059 Qui
1173 1024 1262 1063 igitur
1275 1029 1430 1056 autumant
1453 1026 1517 1057 dies
1541 1035 1575 1057 ac
1600 1030 1703 1057 noctes
1728 1026 1800 1056 ﬂere
1821 1035 1883 1056 non

1064 1076 1130 1098 esse
1141 1068 1294 1108 possibile,
1312 1069 1428 1110 seipsos
1445 1071 1526 1101 omni
1544 1071 1650 1101 virtute
1670 1070 1795 1100 nudatos
1811 1079 1883 1109 pro-

1064 1112 1148 1143 dunt.
1160 1113 1191 1144 Si
1207 1114 1286 1144 enim
1302 1119 1393 1145 sancti
1410 1114 1513 1145 Patres
1528 1115 1621 1145 nostri
1635 1116 1673 1145 ita
1694 1118 1882 1154 asserueunt,

1063 1156 1271 1198 dixeruntque,
1295 1158 1345 1198 qui
1372 1159 1432 1189 vult
1462 1159 1688 1200 pertubationes
1716 1163 1883 1197 amputare,

1061 1200 1133 1230 ﬂetu
1145 1210 1195 1231 eas
1211 1206 1353 1242 amputat,
1368 1207 1396 1233 et
1410 1203 1460 1242 qui
1477 1203 1538 1233 vult
1552 1211 1726 1243 comparare
1747 1203 1882 1240 virtutes,

1061 1244 1133 1275 ﬂetu
1147 1253 1197 1274 eas
1210 1251 1372 1285 comparat,
1386 1247 1575 1277 manifestum
1593 1251 1647 1284 est,
1665 1247 1717 1287 qui
1733 1255 1792 1276 non
1805 1255 1882 1285 quo-

1061 1286 1132 1319 tidie
1147 1288 1243 1319 fundit
1262 1289 1406 1330 lacrymas
1433 1300 1500 1321 eum
1523 1300 1621 1331 neque
1642 1286 1884 1330 perturbationes

1062 1337 1226 1372 amputare,
1244 1343 1340 1374 neque
1351 1335 1474 1365 virtutes
1484 1335 1576 1375 probe
1587 1335 1755 1375 acquirere,
1767 1334 1884 1365 etiamsi

198 1388 324 1410 necesse
340 1384 395 1418 est,
413 1381 478 1412 sine
493 1391 551 1421 qua
564 1382 694 1412 animam
710 1377 793 1414 suam
802 1384 878 1414 haud
891 1393 1018 1424 unquam

1068 1377 1098 1406 id
1114 1386 1234 1416 operam
1252 1387 1283 1408 se
1304 1380 1375 1409 dare
1391 1379 1564 1410 arbitretur.
1580 1379 1656 1415 Quid
1672 1388 1812 1419 namque,
1829 1388 1881 1409 oro

199 1433 303 1464 puram
316 1423 490 1463 intuebitur,
509 1430 598 1466 atque
612 1426 654 1456 ita
670 1427 758 1457 etiam
782 1427 916 1467 corporis
938 1423 1021 1468 puri-
1063 1424 1321 1472 1831115'anema
1340 1424 1412 1472 ῖπίίδ
1433 1424 1614 1462 conducunt:
1637 1423 1662 1453 εί
1689 1424 1793 1454 παίει
1811 1432 1882 1472 Eon

200 1471 289 1498 tatem
307 1468 478 1509 neutiquam
494 1469 717 1510 acquiret.Sine
728 1480 804 1512 aqua
814 1466 961 1512 siquidem
973 1481 1020 1503 ve-
1061 1466 1149 1504 ads“,
1174 1467 1407 1517 quinmateriam
1421 1471 1568 1517 tractare,
1591 1473 1681 1517 etes
1696 1477 1731 1498 ea
1744 1477 1794 1517 vas
1810 1467 1879 1517 ido-I

199 1512 371 1543 stimentum
391 1519 619 1553 conspurcatum
639 1511 763 1546 abluere
785 1511 973 1546 nonidatur:
990 1520 1020 1547 et
1033 1551 1047 1553 Δ
1061 1519 1150 1542 "eum
1166 1511 1314 1543 conﬁcere
1331 1512 1436 1542 "om?
1449 1512 1486 1543 Εῑ
1500 1512 1571 1552 (ιυὶἀ
1586 1512 1683 1542 “litori
1708 1511 1839 1552 Prode“:
1855 1511 1879 1542 εί

199 1556 265 1587 sine
280 1557 416 1597 lacrymis
427 1551 526 1589 anima
537 1559 629 1598 ablui,
646 1564 734 1600 atque
749 1569 766 1590 a
778 1560 901 1591 maculis
916 1560 1016 1601 inqui-
1029 1551 1048 1576 ο
1060 1555 1179 1605 Portum
1197 1560 1288 1607 totum
1304 1557 1468 1607 subegerit,
1483 1551 1657 1607 oferumque
1677 1567 1766 1607 omne
1786 1566 1881 1597 genus

199 1601 404 1641 namentisque
416 1603 535 1642 purgari
548 1603 638 1634 multo
659 1604 758 1635 minus
773 1608 881 1645 potest.
893 1604 936 1636 Ne
952 1600 1017 1635 i’na-
1058 1600 1089 1631 in
1104 1609 1139 1632 eo
1153 1601 1354 1639 seminaverit,
1378 1609 1466 1643 atque
1490 1603 1676 1643 plantaverit,
1694 1602 1720 1633 si
1742 1611 1832 1642 super
1847 1611 1883 1633 ea

198 1654 265 1682 nes,
280 1645 445 1686 animatque
457 1646 570 1685 noxias,
587 1648 660 1687 sive,
677 1653 709 1678 ut
723 1649 820 1679 verius
840 1648 947 1683 dicam.
962 1658 1017 1689 pe-

199 1689 278 1721 nitus
293 1690 392 1728 falsas,
409 1695 438 1722 et
452 1691 590 1723 exitiosas
605 1693 813 1724 excusationes
828 1702 1015 1726 excusemus:

197 1734 249 1765 sed
266 1735 341 1766 banc
361 1736 499 1766 virtutum
515 1739 646 1776 reginam
665 1741 723 1768 toto
740 1742 860 1778 pectore
876 1738 1015 1776 exquira—

197 1787 274 1809 mus.
287 1778 343 1815 Qui
359 1780 438 1810 enim
450 1780 480 1810 id
499 1785 559 1813 toto
571 1782 672 1812 animo
688 1782 766 1820 facit,
783 1782 866 1813 illam
882 1783 994 1814 invenit
1010 1792 1018 1814 :

196 1823 242 1853 vel
255 1824 351 1868 potius
362 1824 427 1864 ipsa
441 1825 599 1865 accedens,
614 1836 646 1857 se
662 1835 729 1857 cum
744 1826 847 1858 labore
861 1827 1017 1868 requiren-

197 1871 255 1898 tem
267 1867 396 1899 invenit:
412 1873 442 1900 et
456 1879 507 1900 seu
523 1879 593 1909 aere,
607 1880 659 1901 seu
674 1871 765 1907 ferro,
789 1879 842 1902 seu
861 1867 1018 1902 adamante

196 1921 248 1942 cor
260 1912 363 1943 durius
379 1913 526 1955 habuerit,
543 1915 632 1946 simul
643 1919 730 1955 atque
741 1915 907 1954 advenerit,
917 1915 1017 1956 quavis

196 1964 264 1986 cera
278 1956 351 1987 illud
368 1958 485 1989 mollius
495 1959 603 1991 reddit.
619 1961 669 1991 Est
681 1959 759 1990 enim
771 1959 888 1990 divinus
898 1960 1017 1999 quidam

194 2000 304 2039 ingnis,
318 2006 433 2032 montes
448 2007 477 2033 et
493 2008 590 2043 petras
602 2004 765 2042 resolvens,
780 2009 808 2034 et
823 2005 1016 2044 complanans

195 2046 307 2081 omnia,
320 2050 349 2076 et
360 2047 390 2076 in
399 2046 499 2078 hortos
515 2053 713 2086 commutans,
730 2048 904 2089 animasque
916 2048 1015 2089 ipsum

194 2090 392 2130 suscipientes
420 2092 492 2123 alias
517 2102 605 2133 quam
625 2098 709 2124 erant
732 2093 879 2124 efﬁciens.
897 2093 968 2124 Nam
984 2094 1016 2124 in

194 2133 293 2179 medio
309 2145 412 2166 earum
428 2138 461 2167 ﬁt
477 2137 555 2175 fons,
571 2138 651 2169 unde
666 2147 741 2179 aqua
751 2138 816 2168 vitae
831 2147 951 2178 semper
965 2147 1015 2168 sa-

193 2177 284 2228 liens,
297 2183 326 2210 et
341 2180 474 2230 emicans
489 2190 537 2212 eas
552 2182 633 2222 large
658 2177 772 2223 irriget,
786 2186 826 2230 _et
848 2177 985 2230 tanquam
1000 2191 1016 2213 a
1027 2205 1048 2230 ο

192 2231 262 2253 vase
275 2223 307 2253 in
322 2233 373 2255 eos
389 2225 439 2264 qui
457 2234 559 2265 prope,
587 2231 617 2257 et
638 2236 689 2258 eos
712 2227 762 2267 qui
786 2226 873 2265 longe
892 2226 1014 2264 defluat,

193 2267 371 2308 abundeque
386 2268 509 2308 impleat
522 2270 647 2308 animas,
665 2280 730 2311 qua;
744 2279 827 2302 sacra
848 2270 936 2302 verba
946 2280 1014 2301 cum

194 2311 253 2356 ﬁde
276 2313 453 2353 suscipiunt.
471 2313 551 2345 Eluit
572 2315 651 2346 enim
674 2315 769 2356 primo
794 2315 876 2346 labes
898 2324 1014 2356 eorum,

194 2355 245 2395 qui
260 2365 292 2386 se
309 2357 555 2397 inquinaverunt:
571 2355 754 2400 postea’vitio
769 2359 930 2399 implicitas
942 2355 1014 2390 affeé

193 2401 308 2432 ctiones
324 2411 381 2433 una
398 2403 480 2440 eluit,
497 2413 531 2434 ac
547 2404 693 2444 proﬂigat,
711 2414 761 2435 eas
783 2413 838 2435 ceu
860 2406 1014 2434 vulnerum

193 2449 310 2476 crustas
322 2446 509 2486 abstrahens,
528 2452 598 2488 puta
614 2448 787 2488 nequitiam,
806 2448 958 2486 invidiam,
970 2458 1013 2479 va-

193 2499 261 2520 nam
278 2490 413 2530 gloriam,
430 2496 458 2522 et
474 2497 580 2523 caetera
599 2493 698 2523 omnia
724 2502 790 2534 quae
810 2493 875 2524 illas
903 2502 1011 2524 conse-

192 2540 333 2575 quuntur.
348 2537 411 2568 Nec
425 2536 455 2566 id
471 2536 579 2574 solum,
595 2537 648 2569 sed
661 2537 749 2568 etiam
762 2542 793 2568 ut
807 2538 925 2568 ﬂamma
935 2547 1011 2578 qua:-

191 2580 259 2610 dam
276 2579 421 2618 ambiens,
439 2581 550 2612 sensim
563 2590 613 2613 eas
624 2582 733 2620 abolet,
752 2586 781 2614 et
794 2582 826 2613 in
841 2582 930 2613 horas
950 2582 1011 2614 vel-

191 2624 235 2655 uti
256 2624 358 2665 spinas
384 2625 493 2664 exurit,
518 2630 606 2666 atque
629 2628 778 2658 consumit
804 2638 811 2657 :
839 2635 905 2667 quae
924 2626 1012 2658 etiam

191 2668 320 2709 primum
331 2669 451 2711 quidem
463 2670 605 2711 perfectae
615 2672 703 2712 hujus
720 2671 866 2703 libertatis
881 2676 910 2703 et
929 2673 1012 2712 puri-

1059 1645 1134 1675 cmlo
1149 1645 1244 1676 imber
1259 1656 1318 1677 non
1334 1647 1536 1683 descenderit,
1552 1652 1602 1678 aut
1620 1647 1645 1677 si
1666 1656 1743 1687 aqua
1756 1647 1881 1686 irrigata

1059 1698 1118 1720 non
1134 1690 1244 1720 fuerint
1255 1691 1267 1721 ἲ
1279 1690 1359 1721 Nihil
1375 1701 1507 1732 prorsus.
1525 1691 1572 1722 Sic
1587 1700 1685 1731 neque
1700 1692 1750 1730 qui
1765 1690 1795 1720 in
1812 1690 1880 1721 aliis

1058 1733 1216 1765 virtutibus
1226 1734 1370 1774 elaborat,
1383 1745 1492 1776 easque
1503 1737 1705 1776 persequitur,
1718 1735 1782 1766 sine
1793 1735 1879 1766 beata

1059 1778 1121 1816 illa,
1140 1782 1169 1809 et
1183 1783 1286 1810 sancta
1311 1780 1442 1818 domina,
1457 1781 1656 1820 virtutumque
1678 1779 1812 1810 omnium
1827 1789 1879 1810 ar-

1060 1824 1189 1854 cbitecta
1203 1824 1296 1854 ullum
1314 1834 1412 1865 operae
1427 1825 1555 1865 pretium
1570 1825 1668 1856 faciet.
1685 1825 1723 1855 Ut
1738 1825 1816 1855 enim
1826 1825 1882 1854 im-

1059 1872 1179 1908 perator
1191 1869 1256 1900 sine
1272 1870 1403 1900 exercitu
1429 1879 1482 1900 suo
1504 1870 1645 1900 inﬁrmus
1661 1873 1718 1906 est,
1735 1873 1765 1899 et
1779 1868 1810 1899 in
1824 1878 1880 1900 cu-

1055 1913 1149 1951 jusvis
1179 1917 1356 1953 potestatem
1382 1914 1484 1945 venire
1507 1918 1613 1954 potest,
1639 1922 1694 1944 nec
1717 1913 1882 1952 imperator

1057 1962 1189 1997 apparet,
1208 1958 1261 1989 sed
1275 1962 1451 1989 creterorum
1468 1959 1623 1989 hominum
1635 1957 1742 1988 similis
1757 1962 1802 1987 est
1814 1966 1822 1988 :
1836 1957 1881 1988 sic

1057 2002 1187 2032 vicissim
1203 2002 1343 2042 frequens
1359 2003 1517 2040 exercitus,
1539 2007 1568 2033 et
1592 2005 1688 2033 castra
1713 2002 1879 2042 imperato-

1055 2055 1101 2086 re,
1126 2049 1176 2076 aut
1195 2055 1311 2077 summo
1326 2047 1402 2077 duce
1424 2056 1477 2078 suo
1501 2046 1650 2083 destituta,
1675 2045 1733 2076 levi
1760 2046 1880 2085 negotio

1057 2089 1250 2129 dissipantur,
1271 2090 1467 2131 delenturque
1488 2090 1524 2122 ab
1550 2089 1737 2121 adversariis.
1762 2089 1877 2120 Eodem

1058 2133 1147 2165 modo
1168 2134 1280 2165 luctum
1305 2134 1341 2164 ad
1357 2135 1488 2175 reliquas
1502 2136 1625 2165 virtutes
1641 2133 1753 2165 babere
1765 2143 1798 2164 se
1813 2134 1879 2164 exi-

1057 2178 1156 2210 stima.
1171 2177 1341 2209 Exercitum
1352 2179 1432 2209 enim
1443 2179 1475 2209 in
1486 2188 1576 2210 unum
1592 2178 1761 2218 collectum,
1774 2187 1881 2209 omnes

1057 2222 1229 2262 isagogicas,
1252 2231 1286 2253 ac
1309 2223 1400 2254 veluti
1423 2223 1638 2264 praecursorius
1659 2222 1783 2253 virtutes
1811 2231 1880 2253 esse

1056 2267 1152 2306 cogita
1171 2275 1178 2298 ε
1207 2267 1430 2307 imperatorem,
1447 2271 1477 2298 et
1499 2268 1606 2298 ducem
1629 2267 1735 2297 harum
1762 2265 1881 2297 beatum

1057 2311 1140 2342 illum
1156 2311 1277 2348 luctum,
1289 2315 1318 2342 et
1333 2311 1494 2352 ploratum,
1522 2321 1575 2352 per
1598 2320 1687 2352 quem
1704 2315 1772 2341 totae
1786 2311 1881 2351 copiae

1057 2355 1087 2386 in
1119 2356 1214 2387 aciem
1243 2356 1431 2396 digeruntur,
1449 2361 1478 2387 et
1493 2356 1681 2393 ordinantur,
1703 2355 1879 2396 incitantur,

1056 2400 1301 2441 corroborantur,
1324 2405 1353 2431 et
1368 2410 1450 2432 arma
1465 2410 1573 2441 capere
1589 2400 1652 2437 ubi,
1667 2399 1832 2439 quomodo,
1851 2406 1882 2431 et

1057 2445 1186 2485 quando,
1202 2449 1232 2476 et
1243 2454 1321 2485 qum,
1344 2449 1375 2476 et
1397 2446 1427 2475 in
1449 2455 1552 2485 quem,
1577 2450 1606 2476 et
1631 2444 1799 2484 cujusmodi
1824 2445 1879 2476 ad-

1054 2489 1230 2530 versarium,
1256 2494 1284 2520 et
1305 2499 1363 2530 qua
1383 2499 1540 2521 occaswne
1556 2493 1701 2530 oporteat,
1717 2494 1798 2520 certa
1812 2489 1881 2529 lege

1055 2535 1211 2566 docentur.
1237 2534 1293 2571 Qui
1317 2539 1464 2575 praeterea
1497 2534 1636 2566 mittendi
1664 2534 1878 2577 speculatores,

1054 2579 1157 2620 quales
1181 2579 1398 2610 constituendae
1424 2579 1568 2620 excubiae,
1598 2579 1681 2621 quid,
1705 2584 1736 2611 et
1759 2580 1878 2620 quando

1050 2625 1297 2664 respondendum
1319 2625 1449 2656 hostium
1466 2624 1581 2666 legatis.
1604 2625 1686 2656 Licet
1708 2625 1789 2656 enim
1813 2625 1878 2657 solo

1054 2670 1142 2702 affatu
1157 2680 1262 2703 omnes
1277 2681 1328 2704 eos
1341 2670 1373 2700 in
1383 2671 1483 2711 fugam
1493 2675 1620 2703 vertere.
1636 2671 1790 2702 Interdum
1800 2679 1838 2701 ne
1846 2671 1879 2702 in

232 2761 294 2801 (16)
314 2760 392 2792 Vide
415 2761 525 2794 Adnot.
550 2762 582 2793 in
604 2765 681 2793 orat.
708 2761 758 2794 30.
784 2761 867 2793 Hanc
891 2760 1040 2796 Simeonis
1065 2761 1308 2803 disputationem,
1336 2766 1386 2794 aut
1409 2765 1494 2795 caute
1517 2761 1594 2800 lege,
1619 2765 1669 2794 aut
1683 2760 1813 2801 benigne
1829 2761 1879 2792 in-

191 2804 368 2840 terpretare.
